3790 6212
53 364 151 421 701

659 365 1028 424 Αονιςιιευε
1067 367 1408 424 ΙὶιΕΒΕὸΕΞ
1443 365 1571 422 LIB.
1609 364 1649 419 II

1769 365 1901 422 .‘OM.
1939 365 2003 420 ll.
2025 395 2095 406 ——
2128 362 2402 420 HERES.
2436 356 2717 416 LXXVIII.

3201 346 3304 403 70‘2

57 486 202 536 κατὰ
225 482 328 554 τὴν
369 482 626 555 ’Δραϐίαν
659 485 975 556 Ἐπιφάνιος
1001 488 1279 560 ἐλάχιστος
1325 491 1634 544 ἐπισκόπων

1769 488 1890 544 uicis
1945 497 1999 542 et
2044 485 2475 550 catechumenis,
2519 478 2857 553 Epiphanius
2919 474 3303 546 episcoporqu

56 575 299 646 χαίρειν.

129 666 451 738 Θαυμάζειν
505 667 654 722 ἐστιν
690 671 749 724 ὲν
779 670 858 742 τῷ
912 674 1137 742 παρόντι
1192 674 1386 745 καιρῷ,
1419 676 1510 729 καὶ
1561 675 1635 746 μὴ

58 759 400 829 θαυμάζειν·
443 759 743 832 θαυμάζειν
801 765 934 834 μὲν,
984 766 1066 818 ὃτι
1119 765 1212 818 ἐπὶ
1273 769 1338 837 τῇ
1393 767 1637 838 ἡμετέρᾳ

59 855 223 924 γενεᾷ
246 853 428 907 πάντα
455 854 757 927 πληροῦται
781 874 793 886 ·
827 857 920 910 καὶ
953 857 1026 929 μὴ
1057 856 1354 929 θαυμάζειν
1377 874 1390 888 °
1430 859 1511 912 δεῖ
1529 859 1638 930 γὰρ

60 945 423 1018 πληροῦσθαι.
465 947 766 1019 Ὀσημέραι
807 949 915 1019 γὰρ
951 948 1092 1003 κατὰ
1136 949 1392 1020 πρόθεσιν
1426 949 1522 1002 νῦν
1549 950 1637 1019 γί-

61 1057 210 1092 νεται
230 1040 364 1110 ἡμῖν
391 1039 456 1092 ὲκ
480 1039 752 1111 λογισμῶν
775 1041 1129 1112 ἀνθρωπίνων
1154 1041 1246 1094 καὶ
1269 1041 1639 1114 διανοημάτων

64 1131 353 1200 σοφιστικὴ
397 1130 641 1197 ὑπόνοια,
673 1132 768 1186 καὶ
799 1133 892 1185 ἐπὶ
927 1131 987 1185 τὸ
1027 1135 1205 1203 χεῖρον
1237 1134 1637 1205 προκύπτουσα,

64 1221 553 1291 καταλιμπάνουσά
597 1240 657 1276 τε
704 1223 803 1294 τὴν
858 1225 1217 1297 ἀποστολικὴν
1259 1225 1636 1280 διδασκαλίαν

65 1311 244 1374 καθὼς
273 1314 304 1366 ὁ
330 1312 629 1380 άγιώτατος
669 1313 989 1379 Ἀπόστολος
1026 1319 1304 1386 προεῖπεν,
1339 1316 1422 1369 ὅτι
1467 1317 1638 1370 Ἀπο-

64 1401 402 1468 στήσονταί
449 1421 609 1470 τινες
637 1402 744 1476 τῆς
773 1408 1168 1474 ὑγιαινούσης
1210 1405 1602 1472 διδασκαλίας
1624 1446 1639 1472 ,

66 1493 472 1563 προσέχοντες
521 1495 751 1564 μύθοις,
807 1496 905 1549 καὶ
963 1496 1386 1562 διδασκαλίαις
1442 1496 1644 1565 δαιμο-

65 1585 231 1648 νίων,
282 1585 383 1638 καὶ
434 1584 504 1638 τὰ
556 1583 705 1653 ὲξῆς.
753 1583 822 1636 Εἴ
860 1601 914 1636 τι
952 1584 1060 1656 γὰρ
1090 1584 1170 1639 ἔνι
1199 1585 1514 1655 ἀνερευνᾷν,
1553 1585 1644 1636 καὶ

69 1675 304 1726 ἐπινοεῖν
325 1673 478 1738 ὁδοὺς
517 1673 780 1745 πονηρὰς,
815 1673 986 1728 ταῦτα
1027 1675 1227 1746 μᾶλλον
1252 1675 1644 1740 σπουδάζουσιν

66 1766 112 1818 οἱ
147 1765 451 1836 ἄνθρωποι,
489 1766 633 1838 ἥπερ
674 1765 1008 1836 πληροῦντες
1052 1766 1149 1838 τὴν
1183 1767 1400 1838 ἐντολὴν
1433 1766 1530 1838 τὴν
1557 1767 1646 1819 λέ-

1735 581 2016 643 minimus,
2049 581 2303 635 salutem.

1812 671 1907 728 Est
1958 673 2063 727 hoc
2126 680 2372 741 tempore
2418 667 2562 738 quod
2615 660 2994 718 admirandum
3049 657 3208 714 simul
3254 661 3309 709 et

1739 778 1850 817 non
1897 761 2280 817 admirandum
2319 759 2568 814 videatur
2602 751 3022 811 :admirandum
3067 747 3308 818 quidem,

1737 855 1883 924 quod
1919 863 2080 910 anate
2113 862 2303 910 nostra
2336 851 2666 920 impleantur
2693 844 2909 910 omnia;
2936 841 3155 895 minime
3184 853 3311 893 vero

1738 947 2068 1011 mirandum,
2118 945 2262 1016 quod
2310 944 2498 998 eadem
2551 941 2641 994 illa
2687 935 2900 1008 impleri
2951 946 3174 987 necesse
3217 931 3308 985 sit.

1740 1037 1954 1092 Etenim
1990 1037 2235 1107 quotidie
2270 1034 2431 1089 nobis
2467 1030 2768 1102 sophistica
2814 1027 2997 1095 aliqua
3037 1021 3312 1077 cavillatio

1739 1143 2026 1202 perperam
2055 1127 2306 1183 alTectata
2349 1125 2605 1180 humanis
2633 1139 2701 1178 ex
2729 1119 2964 1190 ingeniis
3006 1131 3071 1170 ac
3122 1114 3316 1168 menti-

1741 1221 1846 1275 bus
1877 1220 2135 1290 erumpit,
2183 1230 2348 1288 atque
2379 1219 2434 1272 in
2464 1216 2709 1270 deterius
2735 1222 3026 1282 progressa
3073 1207 3140 1260 ab
3182 1218 3315 1275 apo-

1742 1313 1942 1366 Stolica
1972 1311 2224 1366 doctrina
2253 1308 2532 1371 desciscit,
2559 1300 3015 1375 quemadmodum
3039 1296 3318 1366 apostolus

1739 1403 1943 1460 Paulus
1966 1404 2290 1476 praedixerat
2314 1401 2597 1471 :Deﬁcient
2613 1394 2823 1467 quidem
2845 1411 2877 1462 α
2895 1408 3030 1447 sana
3052 1388 3315 1448 doctrina,

1743 1497 2066 1552 attendentes
2105 1495 2301 1567 fabulis
2347 1504 2397 1549 et
2435 1491 2693 1546 doctrinis
2730 1486 3111 1542 dwmoniorum
3133 1481 3176 1543 ³,
3209 1487 3315 1535 etc.

1743 1588 1880 1643 Nam
1925 1590 1970 1643 si
1998 1603 2106 1658 qua
2139 1603 2260 1643 sese
2295 1599 2678 1658 perversarum
2715 1581 2929 1634 viarum
2973 1573 3320 1645 inquirenda-

1743 1695 1866 1733 rum
1924 1686 2087 1750 atque
2150 1675 2632 1748 excogitandarum
2688 1670 2907 1726 occasio
2960 1675 3014 1721 et
3082 1665 3317 1720 lacultas

1748 1769 2036 1832 obtulerit,
2066 1770 2120 1823 in
2159 1784 2225 1824 eo
2259 1768 2440 1840 potius
2484 1764 2766 1820 hominum
2798 1761 2982 1817 studia
3007 1763 3318 1817 versantur,

67 1873 285 1925 γουσαν,
321 1856 464 1910 καλὰ
495 1858 590 1912 καὶ
642 1857 1011 1929 εὐπρόσδεκτα
1041 1858 1224 1930 ζητεῖν
1249 1873 1262 1888 ⁸
1297 1859 1410 1921 καὶ,
1460 1860 1521 1912 '0
1541 1859 1644 1913 λό-

1769 1876 1906 1932 [ιιιιιιι
1933 1877 1997 1915 ex
2020 1859 2407 1930 praeceptoillo
2435 1854 2804 1926 exsequendo,
2822 1853 2968 1923 quod
2995 1852 3228 1905 honesta
3265 1852 3322 1900 et

69 1967 168 2020 τος
219 1949 402 2004 ἅλατι
452 1950 492 2018 ᾗ
545 1951 896 2022 ἠρτυμένος,
951 1953 1110 2017 ὅπως
1157 1948 1239 2016 δῷ
1289 1950 1467 2020 χάριν
1518 1949 1642 2016 τοῖς

71 2044 384 2097 ἀκούουσι.
415 2044 526 2097 Καὶ
569 2045 618 2097 εί
667 2045 837 2100 ταῦτα
881 2043 1310 2116 διανοηθείημεν,
1351 2044 1433 2096 ὅτι
1482 2044 1643 2097 πόθεν

73 2133 358 2206 συμϐαίνει
382 2135 504 2188 καθ’
533 2136 771 2204 ἑκάστην
805 2137 1016 2208 ἡμέραν
1047 2134 1487 2200 ἀνακαινίξεσθαι
1512 2137 1644 2205 ἡμῖν

74 2226 137 2279 τὰ
173 2225 381 2296 φαῦλα,
440 2226 676 2297 ἐσόμεθα
723 2228 816 2282 καὶ
861 2227 1016 2282 αὐτοὶ
1064 2227 1141 2291 ὡς
1183 2226 1514 2289 ἀπαίδευτοι,
1551 2227 1646 2280 καὶ

77 2315 148 2386 μὴ
175 2316 533 2386 προσέχοντες
561 2319 672 2380 τοῖς
694 2317 857 2382 θείοις
894 2317 989 2371 καὶ
1023 2319 1412 2388 προρῤητικοῖς
1443 2317 1642 2386 λόγοις.

77 2409 161 2458 Δεῖ
183 2405 292 2476 γὰρ
341 2406 516 2461 ταῦτα
555 2407 914 2479 πληροῦσθαι.
964 2409 1051 2462 Ἐν
1083 2407 1252 2462 ἅπασι
1297 2407 1407 2478 γὰρ
1456 2407 1645 2478 μέρεσι

77 2501 168 2570 τῆς
189 2501 428 2564 πίστεως
451 2501 530 2554 δεῖ
551 2501 816 2556 τελεῖσθαι
841 2499 902 2553 τὸ
931 2500 1215 2573 εἰρημένον
1238 2515 1252 2529 ·
1278 2496 1430 2568 Ἀρα
1454 2499 1648 2553 ἐλθὼν

81 2596 110 2646 ό
146 2592 275 2660 Υἱὸς
296 2592 404 2646 τοῦ
435 2593 748 2661 ἀνθρώπου
773 2592 1016 2662 εὑρήσει
1040 2591 1156 2660 τὴν
1183 2592 1393 2646 πίστιν
1419 2591 1518 2645 ἐπὶ
1537 2590 1647 2660 τῆς

81 2684 222 2754 γῆςὶ
278 2684 393 2739 Ποῦ
431 2685 539 2757 γὰρ
576 2685 808 2754 ἔφθασεν
846 2686 879 2756 ἡ
934 2683 1141 2737 διάνοια
1184 2681 1292 2736 τῶν
1345 2679 1646 2753 ἀνθρώπων

85 2778 366 2849 ἐγκειμένη
399 2778 491 2830 ἐπὶ
519 2778 580 2831 τὸ
626 2777 862 2849 πονηρὸν
905 2778 968 2830 ὲκ
1011 2776 1295 2846 νεότητος;
1337 2776 1471 2830 Ποῖα
1506 2775 1647 2845 μέρη

83 2872 170 2942 τῆς
198 2871 435 2935 πίστεως
458 2870 559 2923 οὐκ
601 2869 916 2933 ἀπώλεσεν;
962 2869 1050 2921 Ἐν
1099 2867 1270 2930 ποίοις
1305 2866 1362 2918 δὲ
1405 2865 1582 2935 λόγοις
1614 2867 1647 2938 ὴ

87 2961 402 3016 κακοϐουλία
424 2960 486 3014 τὸ
514 2961 782 3032 χρήσιμον
811 2960 911 3012 οὐκ
951 2957 1210 3030 ὲτάραξε;
1243 2959 1260 2988 ί
1296 2956 1406 3011 τῶν
1433 2955 1490 3010 δὲ
1517 2973 1650 3028 πρε-

86 3053 455 3114 πωδεστάτων,
487 3053 579 3106 καὶ
602 3055 658 3104 ὲν
697 3051 1030 3106 καταστάσει
1068 3050 1290 3120 λογικῆς
1321 3047 1555 3118 φύσεως,
1582 3041 1650 3117 ἧς

88 3146 141 3198 τὸ
166 3145 373 3217 πρέπον
398 3139 466 3216 ἦν
488 3144 558 3196 τὰ
589 3144 762 3214 σεμνὰ
799 3143 998 3215 μᾶλλον
1030 3139 1376 3204 διανοεῖσθαι,
1413 3139 1506 3193 καὶ
1530 3137 1652 3192 τού-

90 3255 189 3301 τοις
220 3237 572 3309 προστιθέναι
609 3234 912 3306 βιάζεσθαι,
945 3236 992 3287 εἰ
1030 3235 1124 3287 καὶ
1157 3232 1262 3285 ἔδει
1297 3231 1447 3302 παρὰ
1473 3231 1651 3302 φύσιν,

93 3333 175 3385 καὶ
203 3331 274 3402 μὴ
318 3331 521 3402 μᾶλλον
545 3330 616 3383 τὰ
657 3328 885 3400 ἀληθινὰ
916 3330 993 3391 εἱς
1018 3327 1085 3380 τὰ
1133 3326 1344 3397 ἄσεμνα
1385 3324 1657 3397 παρατρέ-

95 3440 202 3476 πειν
233 3422 589 3494 βιαζομένους
617 3421 710 3474 ἐπὶ
739 3421 798 3474 τὸ
831 3423 1029 3491 χεῖρον.

1744 1952 2138 2021 approbatione
2158 1950 2320 2019 digna
2347 1963 2593 2020 quaerere
2620 1947 2775 2016 jubet
2797 1944 2849 2008 ‘;
2877 1951 2968 1996 aut
2998 1942 3170 1996 altero
3195 1938 3320 1991 illo:

1745 2042 1929 2098 Sermo
1959 2053 2126 2098 vester
2158 2043 2270 2097 sale
2298 2039 2647 2104 sitconditus,
2670 2048 2727 2090 ut
2747 2037 2833 2090 det
2857 2035 3086 2105 gratiam
3111 2029 3326 2083 audien-

1748 2137 1886 2191 tibus
1908 2139 1952 2191 ⁸.
1989 2136 2146 2203 Quod
2193 2136 2239 2191 si
2279 2136 2394 2190 haec
2428 2132 2691 2188 attentius
2731 2129 2913 2182 animo
2937 2125 3283 2180 revolvamus
3307 2157 3326 2183 ,

1747 2230 1898 2286 unde
1925 2230 2041 2294 ﬂat,
2081 2239 2141 2284 ut
2169 2229 2408 2300 pessima
2443 2240 2672 2296 quaeque
2701 2222 2861 2277 nobis
2889 2219 2948 2272 in
2975 2217 3093 2272 dies
3124 2215 3327 2270 instau-

1745 2329 1962 2384 rentur,
2008 2327 2062 2375 et
2110 2335 2211 2375 nos
2261 2319 2366 2388 ipsi
2415 2320 2794 2386 imperitorum
2845 2309 3057 2366 similes
3093 2305 3327 2369 erimus,

1746 2412 1838 2483 qui
1889 2411 2092 2467 divinis
2145 2411 2328 2465 verbis
2404 2419 2458 2464 et
2506 2405 2782 2463 vaticiniis
2839 2403 3081 2456 animum
3145 2397 3329 2452 minus

1747 2504 2124 2560 adhibeamus.
2173 2502 2300 2558 Haec
2333 2503 2476 2557 enim
2509 2497 2720 2570 impleri
2769 2509 2994 2551 necesse
3023 2499 3129 2554 est,
3166 2498 3330 2558 atque

1748 2596 1801 2650 in
1831 2596 2088 2651 omnibus
2116 2594 2237 2648 ﬁdei
2268 2594 2518 2664 partibus
2546 2588 2729 2661 perlici
2763 2587 2909 2658 quod
2944 2584 3151 2638 dictum
3194 2587 3279 2634 est
3311 2595 3326 2632 :

1750 2686 1881 2744 Cum
1929 2689 2123 2742 venerit
2180 2684 2357 2740 Filius
2413 2681 2664 2745 hominis,
2698 2697 2767 2734 an
2807 2677 2963 2748 ﬁdem
3008 2671 3230 2728 inveniet
3276 2670 3332 2723 in

1751 2791 1893 2834 terra
1913 2781 1971 2834 °?
1996 2780 2116 2846 Quo
2141 2778 2287 2834 enim
2316 2776 2541 2830 tandem
2569 2772 2850 2828 hominum
2885 2784 3038 2823 mens
3076 2778 3244 2836 prona
3275 2763 3332 2817 in

1749 2865 1951 2920 malum
1980 2866 2049 2920 ab
2078 2873 2266 2920 tenera
2289 2872 2448 2917 aetate
2479 2860 2747 2932 processit
2769 2859 2828 2912 τί
2875 2857 3048 2922 Quam
3073 2869 3183 2908 non
3208 2852 3332 2906 ﬁdei

1751 2967 1960 3028 partem
1983 2957 2398 3028 pessumdedit?
2428 2955 2715 3022 Quodnam
2748 2966 2876 3007 vero
2906 2950 3103 3018 dogma
3137 2955 3245 3007 est,
3275 2945 3333 2998 in

1753 3065 1861 3120 quo
1894 3050 2162 3120 perditum
2193 3049 2412 3103 illorum
2449 3046 2772 3117 consilium,
2816 3040 3080 3114 quidquid
3119 3039 3334 3094 fructus

1753 3151 1872 3199 erat
1906 3152 1958 3198 et
1989 3143 2263 3206 utilitatis,
2299 3158 2408 3196 non
2437 3137 2818 3211 perturbarit?
2841 3151 2964 3190 cum
3005 3132 3138 3188 illud
3165 3131 3336 3186 semel

1755 3237 2108 3307 neglexisset,
2132 3234 2278 3305 quod
2310 3235 2556 3304 apprime
2589 3231 2837 3292 decebat,
2867 3237 2919 3282 et
2951 3227 3168 3280 ratione
3201 3237 3336 3291 prae-

1757 3329 1886 3384 dita:
1908 3335 2119 3382 natura:
2139 3326 2303 3381 statui
2330 3332 2760 3380 consentaneum
2792 3329 2906 3374 erat
2937 3339 2952 3375 :
2985 3319 3073 3372 cui
3113 3316 3336 3387 quidem

1753 3418 1884 3472 illud
1925 3419 2106 3486 potius
2148 3415 2525 3478 conveniebat,
2587 3421 2646 3466 ut
2707 3412 2935 3465 honesta
2983 3421 3213 3478 qumque
3259 3419 3328 3457 ac

93 3515 332 3583 religiosa
369 3513 637 3584 cogitaret
664 3511 869 3573 animo,
901 3518 955 3564 et
985 3508 1054 3563 ad
1083 3523 1144 3563 ea
1170 3523 1292 3564 sese
1320 3507 1402 3562 vel
1448 3506 1672 3560 invitam
1739 3516 1934 3578 praeter
1989 3518 2242 3562 naturam
2285 3521 2460 3568 suam,
2514 3503 2560 3558 si
2610 3503 2682 3557 ita
2735 3516 2957 3557 necesse
3030 3500 3188 3561 foret,
3245 3509 3339 3549 ac-

97 3583 476 3668 commodaret,
511 3617 674 3674 quam
732 3599 942 3672 1035
974 3607 1032 3654 ut
1073 3599 1140 3653 ad
1203 3597 1474 3653 deteriora
1537 3597 1801 3654 violenter
1845 3599 2056 3653 enitens
2110 3613 2232 3667 quae
2267 3610 2390 3650 vera
2440 3601 2568 3649 sunt
2609 3593 2675 3647 ad
2712 3591 2960 3663 profana,
3011 3605 3075 3644 ac
3109 3583 3340 3642 ridicula

97 3701 451 3768 detorqueret.

159 3793 226 3846 I".
256 3791 457 3846 Λοιπὸν
492 3789 624 3862 γὰρ,
664 3788 851 3860 ἐπειδὴ
887 3788 1064 3841 πάντα
1109 3786 1264 3858 ἡμῶν
1303 3785 1660 3857 πεπλήρωται

99 3886 156 3952 τῇ
187 3884 363 3953 γενεᾷ,
387 3881 455 3935 τά
478 3898 538 3933 τε
568 3880 883 3952 βλάσφημα,
906 3879 1000 3932 καὶ
1023 3877 1091 3930 τὰ
1118 3875 1272 3939 ἐκτὸς
1300 3875 1454 3944 ἁγίου
1488 3876 1660 3928 Πνεῦ-

106 3990 279 4042 ματος,
308 3971 396 4040 ἐφ’
423 3971 586 4041 ἕτερα
612 3971 775 4024 πάλιν
806 3967 965 4022 καινὰ
997 3967 1308 4038 τρέπονται.
1337 3967 1401 4019 Οἱ
1436 3966 1532 4035 μὲν
1554 3964 1662 4036 γὰρ

102 4064 182 4114 τὸν
228 4063 445 4132 Πατέρα
497 4059 896 4132 βλασφημοῦσι,
925 4059 1015 4112 τὸν
1059 4057 1168 4110 τῶν
1211 4057 1346 4110 ὅλων
1395 4056 1526 4109 Θεὸν
1572 4058 1664 4110 καὶ

105 4154 435 4226 δημιουργὸν,
471 4157 518 4208 οἱ
560 4154 700 4224 ἀμφὶ
725 4153 823 4222 τὴν
858 4151 1058 4222 γνῶσιν
1096 4149 1374 4220 λεγόμενοι
1397 4166 1410 4180 ’
1439 4150 1486 4201 οἱ
1525 4150 1570 4202 o"
1598 4144 1664 4201 αὖ

109 4247 250 4299 πάλιν
279 4248 604 4319 Μαρκίωνες
654 4248 746 4300 καὶ
810 4245 1144 4315 ’Λρχοντικοὶ
1199 4241 1534 4312 καλούμενοι,
1568 4240 1662 4294 καὶ

109 4343 298 4406 τούτοις
333 4345 384 4396 οἱ
415 4341 768 4410 συνεπόμενοι
799 4340 1109 4408 Μανιχαῖοι,
1151 4337 1200 4389 oi
1232 4337 1330 4407 τὴν
1371 4333 1662 4405 ὀνομασίαν

111 4436 408 4490 δικαιότατα
457 4435 736 4506 εἰληφότες
791 4435 856 4486 ὲκ
908 4432 1117 4494 δικαίας
1164 4430 1307 4493 τινὸς
1355 4428 1663 4499 οἰκονομίας

1835 3779 1922 3834 IlI.
1965 3778 2175 3834 Etenim
2213 3784 2572 3848 posteaquam
2624 3769 3084 3841 blasphemiarum
3142 3779 3342 3838 genera

1763 3873 1945 3928 omnia
1968 3888 2032 3926 ac
2061 3884 2398 3940 quaecunque
2427 3882 2456 3920 a
2494 3864 2701 3936 Spiritu
2746 3872 2938 3920 sancto
2977 3861 3152 3915 aliena
3191 3866 3342 3922 sunt,

1767 3966 1821 4020 in
1859 3965 1962 4019 hac
1997 3970 2155 4017 aetate
2179 3971 2368 4016 nostra
2398 3968 2524 4014 sunt
2546 3957 2832 4017 exhausta,
2871 3952 2936 4006 ad
2972 3952 3076 4004 alia
3105 3966 3163 4005 se
3195 3964 3344 4018 quee-

1767 4059 1890 4112 dam
1925 4071 2061 4111 nova
2089 4061 2433 4110 convertunt.
2457 4049 2687 4116 Quidam
2712 4048 2855 4102 enim
2895 4046 2947 4098 in
2987 4043 3201 4096 Patrem
3228 4041 3346 4096 uni-

1769 4165 2049 4205 versorum
2115 4147 2283 4202 Deum
2339 4159 2403 4199 ac
2445 4141 2784 4198 conditorem
2852 4135 3211 4193 contumekias
3259 4133 3344 4203 ja—

1764 4243 1950 4309 ciunt,
2000 4241 2189 4311 quales
2236 4247 2363 4293 sunt
2391 4237 2484 4306 qui
2520 4231 2766 4289 Gnostici
2797 4231 3075 4286 dicuntur.
3102 4227 3170 4280 At
3199 4224 3343 4280 Mar-

1764 4337 1950 4390 ciones
1979 4375 1993 4398 ,
2041 4341 2096 4388 et
2132 4331 2472 4393 Archontici,
2522 4341 2734 4382 necnon
2777 4333 2831 4380 et
2875 4324 3087 4378 illorum
3125 4321 3346 4378 asseclaa

1767 4424 2069 4486 Manichaai.
2102 4423 2195 4492 qui
2227 4437 2335 4476 non
2376 4421 2496 4476 sine
2521 4417 2703 4472 divina
2735 4415 2968 4486 quadam
3005 4412 3346 4483 providentia

112 4528 249 4593 Θεοῦ,
282 4529 340 4581 τὸ
375 4527 638 4598 μανιῶδες
662 4526 860 4596 ὄνομα·
887 4517 1037 4591 οὗτοι
1076 4523 1275 4586 πάντες
1312 4521 1449 4592 μετὰ
1485 4519 1657 4573 πλειό-

1770 4518 2037 4574 furiosum
2063 4516 2198 4572 illud
2223 4530 2419 4570 nomen
2453 4512 2630 4568 sortiti
2656 4511 2925 4565 videntur.
2957 4506 3125 4578 Igitur
3151 4519 3343 4560 omnes

113 4639 204 4673 νων
233 4623 514 4694 αἱρέσεων,
556 4619 796 4683 Καῖνῶν,
846 4620 1010 4690 φημὶ,
1056 4616 1352 4686 Σητιανῶν,
1402 4613 1669 4684 Μελχισε-

115 4711 376 4777 δεκιανῶν,
423 4711 829 4784 Κολορϐασίων,
867 4707 1274 4782 Κερδωνιανῶν,
1308 4707 1402 4760 καὶ
1431 4705 1538 4760 τῶν
1571 4705 1668 4759 ἆλ-

117 4804 227 4868 λων,
263 4805 598 4876 βλασφημεῖν
622 4804 642 4833 ⁸
671 4805 749 4865 είς
787 4802 877 4854 τὸν
913 4801 1020 4854 τῶν
1058 4801 1194 4854 ὅλων
1239 4798 1476 4869 Πατέρα,
1507 4799 1565 4850 ὲν
1591 4795 1670 4867 τῷ

121 4899 285 4951 τοῦτον
312 4897 590 4970 ἀρνεῖσθαι
619 4892 758 4950 εἶναι
788 4895 916 4947 Θεὸν
939 4893 1030 4946 τὸν
1056 4894 1112 4945 ἐν
1145 4891 1294 4962 νόμῳ
1327 4891 1419 4943 καὶ¹
1451 4891 1509 4942 έν
1540 4906 1673 4960 προ-

124 4992 297 5060 φήταις
341 4991 668 5062 λαλήσαντα,
702 4987 923 5050 δικαίως
970 5003 1028 5038 τε
1059 4981 1530 5056 προσκυνούμενον
1568 4980 1673 5034 ὑπὸ

126 5083 318 5136 πάντων
343 5083 676 5152 κτισμάτων,
704 5080 780 5142 ὡς
808 5077 1030 5146 κτίστην
1056 5076 1150 5128 καὶ
1171 5071 1498 5143 δημιουργὸν
1529 5065 1674 5125 οῦτοι

129 5175 250 5243 μετὰ
287 5175 379 5230 τοῦ
416 5174 755 5245 σε6άσματος
801 5172 1044 5242 ἀναιρεῖν
1084 5165 1379 5238 πειρῶνται
1432 5163 1527 5217 καὶ
1577 5163 1674 5235 τὴν

127 5263 448 5319 δεσποτείαν·
487 5265 576 5318 τὸν
609 5265 706 5335 μὲν
735 5263 904 5325 ὅντως
949 5261 1078 5314 ὄντα
1113 5256 1456 5330 ἀρνούμενοι,
1490 5256 1674 5327 ἓτερον

129 5353 275 5409 δὲτὸν
304 5358 376 5428 μὴ
409 5357 537 5410 ὄντα
567 5359 633 5426 τῇ
675 5353 908 5426 μυθώδει
941 5351 1118 5405 αὐτῶν
1149 5349 1372 5419 ὑπονοίᾳ
1403 5347 1672 5418 φανταζό-

135 5463 296 5516 μενοι·
333 5449 416 5502 ἵνα
440 5452 503 5502 ὲκ
526 5447 618 5502 τοῦ
649 5447 796 5509 ὄντος
826 5445 1056 5508 πέσωσι,
1084 5444 1178 5496 καὶ
1200 5441 1259 5494 ὃν
1284 5438 1569 5493 ὑπονοοῦσι
1601 5437 1676 5510 μὴ

135 5538 360 5610 εὕρωσιν.
393 5540 548 5595 Οὕτω
579 5539 686 5611 γὰρ
722 5541 756 5610 ἡ
799 5537 1059 5610 ληρῳδία,
1099 5535 1193 5590 καὶ
1229 5536 1264 5606 ἡ
1293 5532 1388 5587 τοῦ
1432 5530 1676 5586 διαϐόλου

199 5721 212 5794 ξ
244 5719 429 5778 Deesse
455 5723 745 5794 quidpiam
764 5722 996 5777 videtur.
1022 5789 1045 5794 _
1064 5722 1091 5794 _‘
1121 5717 1180 5774 F.
1215 5717 1610 5790 βλασφημοῦσι.

141 5786 162 5820 ⁸
192 5787 315 5851 Luc.
357 5786 508 5859 xvni,
534 5786 606 5850 8.’
662 5797 681 5827 "
709 5792 845 5850 Gen.
870 5808 989 5858 vtn,
1016 5789 1107 5846 21.

1728 5713 1796 5770 'I
1837 5716 1975 5774 Tim.
2019 5733 2093 5784 tv,
2130 5717 2180 5773 I.

1763 4611 1854 4666 isti
1887 4625 2008 4664 cum
2041 4609 2317 4679 plerisque
2364 4606 2486 4660 aliis
2517 4603 2838 4666 baeresibus,
2893 4599 3210 4660 Cainorum,
3245 4595 3347 4651 Se-

1746 4688 2039 4757 tianorum
2065 4743 2079 4766 ,
2138 4699 2748 4756 Melchisedecianorum
2776 4732 2792 4757 ,
2857 4690 3298 4746 Colorbasiorum
3329 4727 3344 4749 ,

1765 4793 2257 4857 Cerdonianorum,
2288 4806 2351 4850 ac
2379 4790 2590 4844 caneris
2616 4787 2667 4842 id
2689 4801 2881 4858 genus,
2915 4781 3164 4837 eumdem
3193 4779 3346 4833 illum

1766 4886 2148 4941 universorum
2200 4883 2420 4938 Patrem
2480 4879 2830 4934 contumeliis
2881 4874 3158 4934 alliciunt,
3215 4871 3346 4924 dum

1769 4979 1947 5049 ipsum
1981 4985 2181 5046 negant
2213 4975 2380 5030 Deum
2415 4974 2567 5028 illum
2602 4969 2914 5032 exstitisse,
2942 4966 3034 5036 qui
3056 4966 3108 5018 in
3133 4965 3247 5033 lege
3283 4975 3348 5015 ac

1771 5069 2054 5141 prophetis
2095 5070 2313 5123 locutus
2342 5076 2456 5130 est,
2498 5065 2701 5136 quique
2725 5061 2847 5131 jure
2885 5074 2916 5112 a
2954 5057 3153 5112 creatis
3183 5053 3348 5108 rebus

1772 5165 2050 5226 omnibus,
2084 5169 2342 5232 tanquam
2379 5169 2592 5215 creator
2618 5167 2673 5212 et
2715 5152 2894 5225 opifex
2937 5151 3194 5205 adoratur
3220 5164 3233 5200 :
3261 5160 3350 5199 cu-

1768 5256 1860 5326 jus
1884 5256 1960 5309 illi
1992 5255 2198 5310 cultum
2233 5268 2339 5308 una
2385 5267 2509 5307 cum
2549 5249 2830 5304 dominatu
2870 5259 2933 5298 ac
2962 5246 3230 5312 potestate
3258 5251 3350 5291 co-

1773 5355 1976 5404 nantur
2008 5355 2276 5410 evertere,
2301 5354 2362 5399 ut
2381 5351 2436 5399 et
2462 5344 2637 5408 illum,
2665 5339 2758 5410 qui
2787 5353 2974 5393 revera
3006 5342 3109 5396 est,
3136 5332 3351 5402 ejurent

1784 5440 1976 5508 Deum,
2001 5451 2054 5497 et
2085 5441 2338 5505 alterum,
2370 5437 2463 5508 qui
2500 5447 2770 5503 nusquam
2801 5437 2902 5495 est,
2937 5427 3072 5482 falsa
3102 5439 3166 5478 ac
3194 5421 3351 5476 fabu-

1785 5533 1903 5590 losa
1930 5534 2191 5606 opinione
2223 5548 2322 5590 sua
2350 5529 2692 5601 conﬁngant;
2729 5537 2891 5596 atque
2917 5528 2971 5577 et
2987 5531 3174 5574 verum
3198 5513 3350 5570 illum

2260 5717 2282 5749 ⁸
2323 5713 2554 5786 Philipp.
2614 5729 2684 5778 tv,
2743 5708 2796 5765 8.
2913 5707 2932 5739 ⁵
2969 5703 3084 5761 Col.
3153 5716 3223 5766 tv,
3293 5695 3349 5753 6.
