3790 6212
488 338 587 391 703

1881 339 1938 394 S.
1982 339 2317 401 EPIPIIANII

3605 342 3691 395 ’ἴθι

485 459 775 515 auuttant,
808 459 883 515 et,
929 468 1087 522 quem
1136 452 1273 509 falso
1314 453 1416 509 sibi
1452 463 1783 523 proponunt,
1836 470 2040 525 nequa-

2148 458 2327 528 σπορὰ
2354 454 2464 511 τῶν
2495 455 2667 523 λόγων
2696 453 2950 526 τοιαύτην
2992 455 3149 511 εἴωθε
3195 457 3439 526 ταραχὴν
3474 454 3694 524 suam?»

482 558 645 613 quam
677 553 1059 612 assequamur.
1092 542 1227 598 Nam
1256 546 1366 599 haec
1394 553 1476 600 est
1502 547 1726 615 nugacis
1756 548 1917 603 istius
1940 548 2041 603 do-

482 634 706 699 ctrinae,
754 650 874 703 quae
916 651 980 689 ex
1021 634 1222 689 diaboli
1272 643 1392 690 satu
1444 638 1831 705 proticisoitur,
1864 640 1946 693 vis
1990 647 2044 694 et

479 732 696 789 natura,
717 737 773 781 ut
790 728 1260 782 tumultuationem
1278 742 1341 781 ac
1362 729 1818 797 perturbationem
1840 730 2044 786 immit-

481 826 578 881 tat,
610 827 664 873 et
686 828 1092 889 procreatarum
1126 820 1403 874 hominum
1437 828 1647 875 mentes
1685 822 2051 879 contumelio-.

480 911 558 967 sis
604 911 657 964 in
707 910 872 966 Deum
911 912 1331 980 cogitationibus
1366 913 1585 976 excitet,
1641 921 1701 966 ut
1738 913 2046 982 depravatis

478 1002 806 1072 quibusdam
853 1004 1224 1073 opinionibus,
1274 1019 1394 1073 qua:
1441 1019 1567 1058 cum
1615 1004 1708 1059 Dei
1756 1006 2046 1075 negatione

476 1094 784 1164 conjuncta:
813 1103 960 1159 sunt,
992 1104 1184 1151 contra
1208 1095 1495 1151 Dominum
1522 1113 1679 1151 suum
1714 1098 1910 1153 hostile
1932 1098 2047 1153 bel-

477 1187 589 1241 lum
619 1187 942 1256 suscipiant.
974 1186 1078 1242 Sed
1107 1204 1321 1241 rursum
1358 1189 1503 1242 velut
1536 1190 1770 1259 quodam
1804 1191 1931 1244 hinc
1961 1192 2047 1245 di-

476 1277 653 1330 vortio
691 1276 853 1338 facto.
902 1278 1146 1339 nonnulli
1187 1279 1345 1332 aliam
1399 1280 1453 1333 in
1496 1288 1706 1349 partem
1760 1278 2047 1345 deﬂectere

477 1382 588 1420 nou
625 1364 965 1430 dubitarunt,
998 1376 1057 1421 ut
1095 1368 1311 1422 unicum
1349 1366 1764 1437 Redemptorem
1792 1383 1950 1423 suum
1982 1383 2046 1423 ac

478 1456 767 1511 Dominum
801 1458 1153 1527 abnegarent.
1183 1459 1517 1529 unigenitum
1571 1460 1799 1514 viventis
1824 1458 1915 1515 Dei
1951 1458 2043 1512 Fi-

476 1548 608 1604 lium
642 1546 828 1602 Jesum
858 1549 1155 1611 Christum,
1203 1552 1295 1619 qui
1331 1551 1397 1604 ab
1420 1550 1609 1605 eodem
1651 1549 1811 1603 Patre
1852 1565 2040 1605 revera

478 1646 706 1699 estsine
735 1644 847 1697 ullo
888 1644 1043 1701 initio
1075 1660 1137 1703 ac
1172 1653 1415 1714 tempore
1457 1648 1701 1713 genitus,
1739 1646 1939 1716 quique
1976 1647 2046 1701 ab

475 1750 563 1800 eo,
604 1742 658 1790 et
687 1750 811 1789 cum
842 1750 907 1791 eo
929 1752 1143 1805 semper
1172 1738 1404 1802 exstitit,
1431 1738 1523 1806 qui
1551 1739 1760 1792 ratione
1784 1737 2039 1807 quadam,

474 1844 597 1898 quae
628 1828 776 1883 omni
810 1828 1295 1897 comprehensione
1327 1830 1576 1898 superior
1624 1837 1731 1891 est,
1786 1829 1903 1884 sine
1939 1830 2046 1883 ulla

474 1921 852 1991 inquinatione
881 1921 1098 1992 genitus
1128 1930 1213 1975 est
1259 1920 1502 1989 ejusdem
1532 1936 1655 1974 cum
1704 1919 1865 1975 Patre
1916 1921 2047 1976 sub-

475 2015 707 2077 stantiae,
750 2029 850 2068 nec
895 2014 963 2067 ab
993 2028 1058 2069 eo
1104 2014 1215 2071 ullo
1268 2015 1429 2067 modo
1474 2012 1807 2082 discrepans.
1843 2010 2044 2067 Contra

472 2103 623 2159 hunc
676 2105 843 2174 igitur
896 2105 1229 2159 insanientes
1279 2104 1391 2167 alii,
1442 2104 1590 2157 velut
1644 2104 1817 2158 rabidi
1855 2118 2043 2166 canes,

474 2192 763 2247 Dominum
821 2211 981 2249 suum
1029 2197 1350 2249 allatrantes
1381 2214 1393 2248 :
1422 2194 1877 2264 quemadmodum
1915 2196 2043 2250 olim

474 2277 666 2339 Judzci.
704 2281 847 2351 quod
880 2284 1029 2336 illum
1060 2284 1391 2354 ignorarent,
1425 2285 1621 2345 merito
1652 2284 1789 2339 muti
1823 2300 1988 2341 canes
2016 2299 2046 2338 a

476 2372 739 2441 propheta
772 2384 1034 2439 vocantur
1058 2377 1096 2427 ι.
1135 2374 1266 2441 Quae
1291 2379 1343 2429 in
1371 2377 1492 2431 illos
1518 2376 1803 2445 appellatio
1825 2385 2047 2446 propter

2145 552 2239 604 καὶ
2269 550 2513 614 Θόλωσιν,
2546 548 2636 602 διὰ
2678 548 2951 619 λογισμῶν
2992 548 3326 617 βλασφήμων
3363 550 3695 618 ἐπεγείρουσα

2141 643 2239 711 τὴν
2264 641 2369 693 τῶν
2387 640 2755 709 κεκτισμένων
2771 638 2867 692 ἀνθ
2877 638 3071 710 ρώπων
3101 639 3339 692 διάνοιαν
3367 640 3498 711 περὶ
3517 638 3607 692 τοῦ
3625 640 3695 693 αὖ·

2144 731 2251 785 τῶν
2302 731 2573 783 Δεσπότου
2630 729 3014 799 στρατεύεσθαι
3045 732 3163 793 ταῖς
3186 732 3395 797 κακαῖς
3446 730 3697 793 ὑπονοίαις

2145 824 2240 877 καὶ
2272 822 2735 894 ὲπαρνησιθεῒαις.
2789 823 2949 876 Ἀλλὰ
2989 839 3051 890 γε
3082 822 3244 875 πάλιν
3289 823 3357 875 ὲκ
3394 821 3585 875 τούτου
3619 824 3693 902 ἐξ.

2143 916 2444 987 τραπέντες
2473 916 2634 980 τινὲς,
2665 914 2750 985 ἐφ’
2776 915 2938 985 ἕτερα
2964 914 3197 983 βαδίζειν
3217 913 3604 983 τετολμήκασι,
3625 914 3696 963 τον

2148 1008 2304 1079 μόνον
2335 994 2679 1078 ἀγόράσαντα
2716 1007 2913 1069 αὐτοὺς
2939 1006 3212 1075 Δεσπότην
3250 1004 3594 1075 ἀρνούμενοι,
3622 1004 3695 1054 τὶν

2152 1099 2411 1170 μονογενῆ
2444 1099 2614 1151 Παῖδα
2659 1096 2862 1166 Ἰησοῦν
2903 1096 3155 1167 Χριστὸν,
3185 1096 3276 1148 τὸν
3306 1095 3434 1146 Υίὺν
3465 1094 3557 1146 τοῦ
3584 1094 3697 1147 Θεοῦ

2144 1188 2236 1242 τοῦ
2262 1189 2481 1253 ζῶντος,
2510 1189 2600 1242 τὸν
2642 1189 2810 1251 ὅντως
2835 1188 2962 1241 ὄντα
2987 1190 3050 1241 ὲκ
3076 1188 3291 1257 Πατρὸς
3320 1185 3699 1256 γεγεννημένον

2146 1281 2396 1352 ἀνάρχως
2432 1281 2525 1334 καὶ
2563 1280 2826 1351 ἀχρόνως,
2861 1279 2951 1332 τὸν
2992 1279 3078 1331 ἀεὶ
3108 1279 3236 1331 ὄντα
3266 1280 3333 1331 ὲκ
3362 1275 3460 1329 τοῦ
3492 1277 3697 1346 nam,

2145 1371 2236 1422 καὶ
2270 1371 2367 1423 σὺν
2406 1368 2582 1440 Πατρὶ
2610 1368 2759 1430 ὄντα,
2802 1367 3193 1439 γεγεννημένον
3222 1366 3279 1419 δὲ
3316 1364 3697 1435 ἀκαταλήπτοις

2146 1460 2584 1531 καὶνάχράντως,
2635 1457 2920 1529 ὁμοούσιον
2960 1458 3037 1529 τῷ
3088 1458 3264 1529 Πατρί
3313 1457 3470 1520 ὅντα,
3504 1458 3594 1509 καὶ
3619 1459 3699 1509 οἰκ

2146 1554 2352 1607 ἀλλοῖον
2400 1552 2547 1623 παρὰ
2589 1552 2677 1605 τὸν
2724 1551 2962 1619 Πατέρα.
3008 1552 3069 1603 0i
3124 1551 3219 1621 μὲν
3253 1546 3414 1611 αὖθις
3468 1550 3698 1618 μανέντες

2144 1644 2297 1714 δίκην
2326 1644 2680 1714 λυσσητήρων
2709 1641 2884 1695 κυνῶν
2909 1641 3001 1693 ἐπὶ
3031 1640 3120 1693 τὸν
3154 1641 3283 1694 ἴδιον
3310 1639 3499 1693 αὐτῶν
3527 1642 3698 1691 Δεσπο-

2145 1751 2242 1804 την
2266 1732 2555 1801 ὑλακτοῦσι
2575 1749 2589 1763 °
2622 1730 2871 1802 καθάπερ
2898 1729 2956 1795 ἐξ
2980 1732 3228 1802 ὑπαρχῆς
3266 1731 3515 1784 Ἰουδαῖοι
3540 1730 3701 1782 τοῦτον

2080 1810 2121 1865 Β
2147 1816 2510 1895 ἀγνοήσαντες
2543 1822 2832 1893 κέκληνται
2879 1823 3043 1887 κύνες
3093 1824 3287 1887 ἐννεοὶ,
3321 1825 3554 1887 εἰκότως
3576 1826 3699 1893 παρὰ

2146 1915 2238 1969 τοῦ
2278 1915 2555 1985 προφήτου
2582 1914 2811 1985 ταυτησὶ
2838 1914 2937 1984 τῆς
2967 1915 3281 1985 ἐπωνυμίας
3317 1914 3701 1986 κατηξιωμέιοι

2144 2004 2401 2075 τοῠνομα,
2430 2003 2526 2077 τῆς
2569 2003 2747 2057 αὐτῶν
2772 2005 2898 2073 περὶ
2926 2004 3014 2056 τὸν
3056 2004 3257 2075 Κύριον
3298 2006 3399 2057 καὶ
3424 2006 3524 2074 τὴν
3562 2005 3697 2057 αὐτοῦ

2144 2097 2446 2168 παρουσίαν
2468 2096 2823 2166 ἀναισχύντου
2846 2096 3041 2167 ὁρμῆς,
3070 2095 3144 2160 ὡς
3166 2096 3311 2148 ἐστιν
3334 2096 3542 2165 ἀληθὲς
3572 2097 3697 2149 ἰδεῖν.

2141 2191 2277 2243 Φασὶ
2308 2190 2415 2261 γὰρ
2458 2190 2583 2252 τοὺς
2625 2189 2936 2252 λυσσῶντας
2963 2188 3129 2252 κύνας
3161 2190 3382 2252 ὲννεοὺς
3418 2188 3698 2247 καλεῖσθαι,

2141 2281 2229 2334 διά
2256 2281 2317 2333 τὸ
2353 2280 2553 2344 νωδοὺς
2570 2280 2953 2353 »ἀποτελεῖσθαι
2984 2282 3049 2334 ὲκ
3074 2282 3174 2351 τῆς
3198 2282 3697 2352 καταλιμπανούτης

2144 2372 2337 2436 αὐτοὺς
2358 2370 2618 2435 διανοίας.

474 2464 851 2533 ὶιηρυάεηιειη
912 2482 974 2521 ac
1033 2469 1381 2521 temerarium
1440 2468 1652 2539 1036
1716 2468 1929 2523 illorum
1984 2468 2038 2521 in
2074 2464 2390 2526 Dominum,
2451 2472 2506 2516 et
2555 2471 2863 2532 susceptam
2907 2464 2975 2517 ab
3024 2479 3088 2519 eo
3152 2473 3409 2518 naturam
3466 2466 3699 2537 impetum

473 2566 528 2613 et
554 2560 811 2613 iusultum
840 2561 963 2628 jure
991 2559 1289 2623 confertur,
1320 2568 1377 2613 ut
1396 2575 1461 2614 ex
1488 2575 1552 2613 eo
1580 2568 1837 2615 constare
1855 2568 2035 2631 potest
2064 2555 2209 2628 quod
2234 2555 2485 2609 rabiosos
2512 2568 2676 2607 canes
2697 2554 2764 2607 ob
2787 2555 2841 2607 id
2867 2565 3047 2609 mutos
3099 2571 3220 2609 esse
3278 2568 3540 2622 narrant,
3590 2574 3700 2628 quo-

474 2653 620 2710 ninm
662 2651 778 2721 ipsa
814 2652 935 2705 illos
971 2652 1150 2706 rabies
1179 2651 1466 2707 edentulos
1498 2650 1649 2705 facit.

546 2743 631 2799 lV.
677 2744 771 2798 Est
796 2746 939 2801 enim
965 2746 1077 2807 lucc
1105 2754 1298 2799 natura
1321 2760 1542 2808 canum,
1574 2752 1862 2815 postquam
1892 2744 2043 2799 rabie

471 2839 667 2891 tentati
699 2846 846 2901 sunt,
884 2838 1085 2906 ut,-qui
1118 2837 1401 2891 dominum
1429 2846 1608 2900 antea,
1645 2837 1875 2906 ejusque
1904 2837 2042 2890 libe-

471 2946 589 2995 ros,
633 2944 695 2983 ac
735 2929 1065 2983 dmuesticos
1112 2940 1444 2998 cmterosque
1494 2929 1639 2983 illius
1673 2930 2040 2998 propinquos,

470 3032 525 3075 et
568 3020 864 3076 familiares
905 3029 1298 3091 cognoverant,
1337 3021 1665 3090 simulatque
1708 3021 1900 3074 morbo
1949 3020 2041 3074 illo
2068 3053 2109 3111 Ο

470 3113 704 3181 correpti
730 3120 877 3174 sunt,
909 3112 1152 3165 omnium
1180 3110 1410 3165 istorum
1442 3111 1623 3166 vultus
1655 3111 1869 3165 illorum
1903 3126 2037 3164 ocu-

471 3204 539 3260 lis
572 3204 891 3259 commutati
927 3204 1232 3267 videantur,
1272 3211 1436 3271 atque
1484 3203 1538 3256 iu
1576 3211 1735 3258 notos
1771 3203 2035 3266 insiliant,

469 3312 610 3366 quos
639 3304 799 3351 antea
827 3296 1026 3365 partim
1069 3296 1242 3349 cauda
1291 3294 1642 3361 blandiendo,
1678 3296 1872 3365 partim
1917 3312 2038 3352 sese

472 3387 833 3457 subjiciendo,
890 3388 1035 3441 velut
1084 3386 1291 3441 honore
1342 3387 1831 3455 prosequebantur.
1897 3386 2039 3442 Ecce

470 3481 570 3534 tibi
611 3479 781 3533 Judaei
815 3478 911 3539 illi.
944 3480 1035 3547 qui
1068 3488 1122 3530 ct
1155 3478 1362 3530 Domini
1412 3478 1701 3530 adventum
1750 3486 2035 3546 exspecta-

471 3577 624 3640 bant,
676 3582 729 3628 ct
768 3574 833 3626 ad
868 3572 1246 3639 excipiendum
1296 3586 1558 3639 sponsum
1596 3585 1715 3624 sese
1752 3584 2039 3639 compara-

472 3668 622 3728 bant,
657 3666 747 3735 qui
783 3664 1072 3733 prOphetas
1101 3662 1282 3715 videre
1326 3660 1617 3729 cupiebant
1648 3697 1664 3724 ,
1702 3661 1792 3728 qui
1838 3660 2036 3715 divinis

472 3759 698 3813 vocibus
723 3757 1193 3824 obtemperaturos
1225 3768 1283 3807 se
1320 3768 1442 3807 esse
1473 3751 1892 3821 profitebantur,
1942 3752 2035 3821 qui

471 3866 594 3906 cum
626 3848 806 3917 Moyse
836 3849 1135 3916 pactionem
1163 3844 1434 3912 ejusmodi
1467 3843 1708 3898 fecerant
1736 3864 1748 3898 :
1786 3844 1911 3898 Esto
1938 3862 2037 3897 no-

477 3940 554 3993 bis
600 3940 655 3991 in
700 3938 779 3989 his
806 3952 921 4005 qum
952 3944 1070 3987 sunt
1101 3934 1240 4001 apud
1276 3932 1576 3991 Dominum,
1617 3934 1740 3987 item
1771 3951 1784 3986 :
1813 3931 2034 3998 Omnia,

469 4046 785 4101 quacunque
831 4027 1025 4080 dixerit
1074 4028 1166 4079 tibi
1200 4025 1478 4087 Dominus,
1507 4023 1779 4078 audiemus
1833 4032 1884 4077 et
1914 4074 1917 4075 ν
1950 4025 2036 4093 fa-

468 4126 665 4177 ciemus
696 4124 755 4176 ':
788 4120 884 4186 illi,
935 4120 1177 4189 inquam,
1210 4132 1334 4171 cum
1370 4125 1689 4186 praesentem
1746 4115 2035 4170 Dominum

470 4216 849 4277 intuerentur,
899 4210 1147 4264 veritatis
1192 4223 1482 4277 expressas
1530 4206 1739 4274 species
1777 4220 1841 4259 ac
1879 4215 2036 4260 notas

467 4307 802 4377 ignorantes.
852 4317 989 4372 quas
1031 4301 1325 4371 prophetm,
1387 4300 1480 4369 qui
1528 4300 1677 4353 illum
1730 4310 2037 4353 antecesse-

2216 2746 2289 2795 A’.
2318 2740 2474 2794 Οὕτω
2506 2740 2614 2811 γὰρ
2648 2741 2754 2795 τῶν
2785 2741 3016 2813 κυνῶνή
3050 2742 3211 2810 φύσις
3234 2743 3377 2795 ἐπὰν
3412 2746 3495 2807 είς
3525 2744 3701 2797 λύσσαι.

2144 2833 2463 2905 ἐκτραπείη,
2498 2835 2547 2886 οἱ
2584 2835 2711 2893 ποτὲ
2755 2834 3020 2905 δεσπότην
3053 2833 3441 2903 γινώσκοντες,
3476 2838 3568 2889 καὶ
3594 2840 3700 2897 τοὺς

2144 2926 2307 2980 αὐτοῦ
2342 2929 2498 2991 υἱεῖς,
2532 2931 2765 2993 οἰκείους
2796 2948 2852 2983 τε
2883 2932 2977 2984 καὶ
3023 2932 3148 2993 τοὺς
3170 2930 3360 2994 ἄλλους
3398 2932 3603 2994 πάντας
3623 2932 3700 2983 τοῦ

2142 3019 2517 3073 οἰκοδεσπότου
2562 3022 2834 3092 γνησίους,
2873 3024 2999 3075 ὅταν
3037 3022 3175 3096 λάϐῃ
3214 3024 3416 3084 αὐτοὺς
3461 3026 3495 3093 ἡ
3533 3025 3697 3093 μανία,

2140 3110 2475 3165 ἀλλοιοῦνται
2498 3114 2565 3166 τὰ
2592 3116 2855 3186 πρόσωπα
2878 3114 3105 3168 ἐνώπιον
3128 3116 3225 3185 τῆς
3248 3115 3433 3169 αὐτῶν
3454 3118 3697 3187 ὁράσεως,

2142 3204 2236 3254 καὶ
2267 3205 2354 3255 ἐπ’
2397 3206 2592 3268 αὐτοὺς
2640 3206 2943 3276 ἐγείρονται
2973 3207 3098 3269 τοὺς
3140 3208 3419 3276 γνησίους,
3451 3208 3546 3270 οὓς
3588 3226 3699 3259 ποτε

2146 3294 2414 3361 τιμῶντες
2438 3300 2503 3367 τῇ
2545 3297 2643 3367 μὲν
2686 3298 2868 3369 κέρκῳ
2898 3299 3127 3361 ἐσαινον,
3159 3302 3267 3361 τοῖς
3290 3300 3345 3351 δὲ
3375 3301 3596 3369 τρόποις
3621 3302 3703 3351 ia:-

2139 3386 2446 3440 ετάσσοντο.
2473 3389 2678 3441 Αὐτίκα
2702 3390 2748 3441 οἱ
2766 3388 3166 3459 προσδοκῶντες
3194 3388 3433 3459 Χριστοῦ
3452 3391 3548 3459 τήν
3576 3407 3698 3458 παρ-

2136 3478 2339 3541 ουσίαν,
2386 3480 2434 3531 οἱ
2474 3478 2878 3549 ἐτοιμαζόμενοι
2921 3480 3173 3544 δέξασθαι
3221 3481 3311 3533 τὸν
3346 3481 3604 3551 νυμφίον,
3659 3482 3700 3531 οἱ

2137 3570 2419 3638 προφήτας
2447 3569 2725 3639 εὐχόμενοι
2759 3569 3012 3631 κατιδεῖν,
3042 3570 3090 3621 οἱ
3124 3569 3406 3635 πείθεσθαι
3444 3570 3603 3633 Θεέοις
3627 3571 3697 3621 λόο

2137 3674 2252 3725 γοις
2286 3660 2667 3731 ὑποσχόμενοι,
2692 3663 2741 3714 οἱ
2771 3661 2847 3733 τῷ
2886 3663 3106 3714 Μωῡσεῖ
3131 3665 3187 3713 ὲν
3216 3662 3457 3733 συνθήκῃ
3492 3663 3697 3732 συνελη.

2136 3751 2354 3815 λυθότες
2376 3753 2418 3814 ⁸,
2455 3754 2541 3806 ὅτι
2598 3754 2790 3808 Γενοῦ
2828 3754 2910 3807 σὺ
2964 3753 3035 3807 τὰ
3086 3755 3234 3820 πρὸς
3290 3756 3547 3822 Κύριον·
3595 3756 3694 3817 καὶ,

2136 3839 2339 3895 Πάντα
2373 3842 2490 3896 ὅσα
2521 3842 2628 3897 ἐὰν
2655 3846 2809 3897 εἴποι
2838 3860 2938 3898 σοι
2975 3847 3008 3897 ὁ
3042 3846 3277 3911 Κύριος,
3331 3846 3699 3914 ἀκουσόμεθα

2137 3935 2234 3990 καὶ
2260 3934 2599 4003 ποιήσωμεν
2617 3951 2630 3964 ’
2653 3938 2741 3989 ὅτε
2761 3933 2898 3989 εἶδον
2922 3935 3013 3989 τὸν
3037 3936 3213 3988 αὐτῶν
3234 3938 3518 4007 Δεσπότην
3539 3955 3699 4007 παρα-

2136 4024 2447 4095 γενόμενον,
2480 4026 2845 4095 ἀγνοήσαντες
2872 4026 2970 4095 τὴν
3000 4026 3212 4096 μορφὴν
3237 4026 3329 4078 καὶ
3358 4028 3491 4089 τοὺς
3513 4028 3694 4088 τύπους

2136 4117 2233 4187 τῆς
2265 4116 2540 4187 ἀληθείας,
2585 4116 2677 4180 οὓς
2706 4119 2755 4170 οἱ
2801 4116 3073 4187 προφῆται
3122 4117 3227 4186 πρὸ
3254 4116 3422 4189 αὐτοῦ
3465 4121 3523 4171 ὲν
3552 4118 3695 4189 σαρκὶ

2137 4209 2422 4278 γενόμενον
2468 4210 2488 4239 ⁸
2535 4208 2837 4271 διετύπουν,
2888 4208 3267 4278 διεχάραττον,
3318 4210 3690 4278 κατήγγελλον,

2138 4301 2465 4371 ἐσήμαινονσ
2514 4301 2727 4371 πρῶτον
2769 4302 2867 4371 μὲν
2910 4297 3002 4354 οὖν
3042 4300 3188 4370 αὐτῷ
3221 4300 3439 4369 ἔλεγον·
3479 4304 3573 4366 Τίς
3602 4295 3689 4355 οὖ-

468 4405 618 4461 ruut,
652 4391 1034 4459 describendo,
1084 4390 1430 4453 delineando,
1482 4389 1782 4443 nuntiando
1830 4390 2034 4459 signiti-

2142 4409 2240 4459 τος
2269 4393 2335 4459 ὃς
2368 4392 2549 4447 λαλεῖ
2565 4393 2961 4461 βλασφημίας
2976 4408 2995 4455 ;
3026 4392 3209 4446 ἄλλοτε
3236 4393 3290 4445 δὲ
3317 4394 3588 4462 δαιμόνιον
3612 4394 3691 4444 aio

466 4487 749 4554 candoque
793 4484 1236 4555 praescripseraut
1271 4500 1285 4535 :
1324 4482 1559 4551 primum
1608 4481 1721 4535 hzec
1773 4481 1825 4534 in
1886 4482 2035 4534 illum

464 4578 714 4648 jecerunt
741 4596 753 4629 :
783 4576 913 4641 Quis
929 4585 1005 4639 est
1046 4577 1127 4627 hic
1152 4612 1167 4636 ,
1210 4574 1300 4643 qui
1345 4574 1575 4643 loquitur
1614 4571 2035 4639 blasphemias’?

467 4672 619 4725 Alias
675 4685 802 4723 vero
854 4668 1174 4722 daamonium
1229 4665 1427 4720 habere
1494 4665 1643 4717 illum
1694 4663 2033 4733 impudenter

469 4779 532 4816 ac
562 4760 843 4831 praefracta
870 4760 1104 4828 quadam
1148 4758 1375 4811 audacia
1430 4756 1732 4826 jactarunt.
1791 4754 1897 4810 Sed
1932 4770 2033 4810 nec

467 4854 616 4922 ipsos
680 4849 1078 4905 Samaritanum
1142 4847 1391 4913 eumdem
1456 4846 1727 4917 appellare
1763 4846 1953 4917 puduit
1984 4848 2028 4902 ⁵.

466 4943 775 5009 Postremo,
804 4949 863 4995 ut
880 4939 1015 5003 dixi,
1047 4938 1126 4993 sic
1153 4947 1409 5006 tanquam
1428 4935 1599 4991 rabidi
1632 4951 1795 4991 canes
1829 4936 1884 4990 in
1908 4952 2032 4992 eum

465 5036 810 5099 insilierunt,
852 5047 917 5088 ac
947 5046 1142 5086 manus
1176 5028 1495 5095 aﬂixerunt’,
1546 5027 1601 5082 id
1636 5028 1783 5099 quod
1834 5028 2031 5085 furiosi

535 5177 552 5207 ¹
588 5173 694 5231 Isa.
764 5190 873 5239 Lvt,
900 5173 987 5229 10.

538 5343 651 5412 (97)
714 5336 1177 5411 Ἀνακρεμάονας.
1226 5338 1688 5412 Μθνὶιοᾼηυίἁειη
1745 5338 2043 5412 mendosus

466 5408 735 5469 visus'est
762 5408 914 5467 locus
939 5408 1041 5466 iste
1066 5431 1078 5467 :
1119 5413 1204 5474 Ὠς
1239 5408 1718 5481 μεμηνότεςηκύνες
1745 5408 2043 5481 ἐπανέστητ

470 5500 603 5537 σαν·
634 5486 725 5537 καὶ¹
771 5486 870 5546 τὰς
907 5484 1000 5552 μὲν
1039 5479 1249 5553 χεῖρας
1277 5479 1749 5553 π’ροσέπηξανζὼς
1785 5479 1871 5531 ἀεὶ
1907 5479 2045 5553 μετά

469 5558 568 5623 τῆς
602 5555 797 5623 μανίας
820 5558 847 5605 ό
884 5548 1666 5623 κύωνξάνακρεμάσαςαὺτοῦ
1696 5548 1794 5623 τᾲς
1834 5552 2041 5623 χεῖρα-ς,

473 5619 764 5693 ἐπέρχεται
788 5625 879 5675 καὶ
910 5625 977 5675 τὰ
1004 5624 1268 5693 πρόσωπα
1294 5619 1407 5693 τῶν
1424 5622 1568 5693 ίδίων
1592 5619 1753 5693 αὐτού
1773 5620 2045 5693 δεσποτῶν

478 5690 844 5760 καταγλύφειν
884 5695 983 5745 οὐκ
1028 5690 1361 5762 αἰσχύνεται.
1396 5692 1615 5762 Verum
1645 5690 1804 5762 nullo
1828 5691 2044 5762 negotio

475 5759 753 5819 emendari
772 5771 1000 5833 poterat,
1022 5759 1132 5817 hoc
1147 5759 1324 5826 modo,
1342 5760 1728 5832 ἀνακρεμάσας
1747 5759 1927 5825 αὑτὸν,
1948 5760 2044 5823 τὰς

1085 5175 1105 5205 ³
1140 5171 1297 5227 Deut.
1325 5189 1375 5235 v,
1396 5171 1485 5224 9.7.
1561 5170 1582 5202 ³
1611 5170 1740 5224 Luc.
1764 5187 1813 5234 ν,
1846 5169 1935 5225 2f.
1999 5170 2023 5202 ‘
2050 5171 2207 5231 Joan.
2240 5194 2361 5243 vm.
2393 5179 2481 5235 48.

2139 4484 2230 4536 τὸν
2276 4483 2442 4554 ἔχειν,
2477 4485 2576 4536 οὐκ
2624 4484 3021 4554 αἰσχυνόμενοι,
3069 4484 3467 4555 τετολμήκασιν
3514 4486 3687 4536 εἰπεῖν.

2142 4578 2263 4629 Ἔτι
2303 4577 2359 4629 δὲ
2401 4578 2496 4630 καὶ
2528 4576 2871 4647 Σαμαρείτην
2914 4576 3075 4629 αὑτὸν
3116 4576 3410 4629 ἀποκαλεῖν
3441 4576 3538 4627 οὐκ
3570 4579 3689 4645 ἡρα-

2139 4668 2325 4740 θρίων.
2376 4670 2554 4741 Πέρας
2604 4668 2717 4731 οὖν,
2764 4670 3014 4740 καθάπερ
3045 4687 3136 4739 μοι
3181 4669 3594 4739 προδεδήλωται,
3625 4668 3687 4728 ὡς

2138 4760 2440 4831 μεμηνότες
2488 4760 2647 4823 κύνες
2690 4760 3094 4829 ἐπανέστησαν·
3131 4759 3226 4812 καὶ
3258 4758 3353 4821 τὰς
3386 4759 3483 4827 μὲν
3518 4761 3687 4827 χεῖρας

2133 4852 2504 4923 προσέπηξαν,
2528 4853 2602 4917 ὡς
2622 4854 2707 4905 ἀεὶ
2736 4853 2872 4924 μετά
2891 4853 2990 4921 τῆς
3019 4852 3213 4922 μανίας
3234 4854 3261 4905 ό
3287 4851 3452 4913 κύων,
3475 4852 3686 4919 ἀνακρε-

2135 4944 2313 5015 μάσας
2338 4944 2449 5015 (97)
2477 4944 2640 4998 αὐτοῦ
2662 4946 2759 5008 τὰς
2786 4948 2993 5017 χεῖρας,
3027 4945 3315 5015 ἐπέρχεται
3334 4947 3426 4997 καὶ
3452 4944 3515 4996 τὰ
3541 4943 3686 5013 7:966-

2131 5054 2257 5090 ωπα
2309 5038 2417 5091 τῶν
2463 5038 2607 5092 ἰδίων
2665 5038 2827 5091 αὑτοῦ
2880 5037 3153 5091 δεσποτῶν
3198 5037 3557 5104 καταγλύφειν
3596 5034 3683 5085 οὐκ

2561 5181 2581 5211 ⁵
2617 5197 2704 5249 τερ.
2742 5178 3164 5249 εἰσεληλυθότες.
3239 5178 3260 5207 ⁸
3299 5175 3357 5229 F.
3390 5176 3677 5245 γενομένου.

2139 5344 2330 5413 χεῖρας
2369 5341 2682 5413 ἐπέρχεται.
2715 5338 2883 5394 1υάτυί
2921 5340 2973 5392 in
3014 5338 3289 5413 Christum
3327 5347 3565 5413 tanquam
3600 5351 3677 5385 ra-

2140 5407 2253 5465 bidi
2288 5429 2443 5466 canes
2476 5407 2822 5473 'iiisilierunt;
2856 5419 2905 5463 el
2934 5425 3118 5462 manus
3160 5407 3369 5476 quidem
3404 5408 3669 5475 abiurant.

2140 5486 2279 5537 sicut
2327 5498 2525 5551 semper
2564 5482 2797 5551 furiosus
2845 5480 2991 5533 canis
3028 5478 3363 5551 suspendens:
3393 5494 3464 5537 se,
3511 5490 3673 5551 manus

2142 5553 2364 5615 invadit,
2410 5544 2471 5606 de
2505 5544 2677 5606 uultus
2709 5551 3039 5604 dominorum
3084 5544 3297 5601 suarum
3345 5548 3537 5599 laniare
3562 5544 3674 5615 nihil

2138 5614 2360 5679 veretur.
2389 5626 2756 5751 ἓῶηιειιιυε,
2792 5621 3025 5677 Monum.
3065 5618 3205 5674 Eccl.
3239 5618 3449 5685 Gracia,
3476 5614 3673 5675 tom.ll,

2144 5705 2280 5751 not..
2311 5711 2365 5751 ι).
2442 5696 2452 5709 ’
2498 5735 2512 5750 .

2144 5705 2280 5763 ηοι.,
2310 5711 2365 5766 p.
2389 5705 2512 5751 6W.
