3838 6310
73 246 190 306 705

723 261 1095 321 ADVERSUS
1133 265 1476 326 ΗᾹΞΒΕΞΕδ
1513 269 1639 326 LIB.
1684 270 1770 329 Ill.
1812 269 1974 328 TOM.
2015 273 2078 328 ll.
2116 306 2184 316 —
2227 274 2500 331 IIAZRES.
2545 277 2824 334 LXXVIII.

3251 287 3353 344 706

67 373 443 443 αἰσχύνεται.
497 379 832 452 Παρέδωκαν
880 387 1079 441 ἐκεῖνοι
1129 389 1219 444 τὸν
1257 391 1440 446 αὐτῶν
1478 393 1633 466 Κύριε

1749 408 1951 462 ,οιιιιεε
2002 393 2253 450 factitare
2309 397 2526 461 solent,
2583 399 2668 466 qui
2727 399 3069 454 dominorum
3126 417 3352 458 suorum

65 463 154 526 είς
201 465 278 518 τὸ
323 473 729 544 σταυρωθῆναι,
778 479 1067 552 προφήτας
1105 498 1166 534 τε
1209 483 1336 547 τοὺς
1372 487 1679 551 οίκειακοὺς

65 553 168 607 τοῦ
208 558 394 613 αὐτοῦ
423 563 715 630 Δεσπότου,
751 567 844 622 τὸν
875 569 974 640 μὲν
1016 571 1267 644 έπρισαν,
1293 574 1385 628 τὸν
1416 576 1472 629 δὲ
1513 576 1679 643 λίθοις

65 649 456 719 κατέλευσαν,
507 654 664 710 ἄλλον
702 658 758 711 δὲ
793 661 938 732 φόνῳ
985 664 1257 736 μαχαίρας
1301 666 1673 738 διεχρήσαντο.

63 741 236 794 Μετά
261 745 578 810 τούτουςδὲ
610 749 870 816 ὡσαύτως
902 752 998 807 νῦν
1025 757 1073 807 οἱ
1100 757 1208 810 νέοι
1255 758 1492 812 Ἰουδαῖοι
1543 760 1670 813 άλλ-

61 833 410 928 επαλλήλως
437 841 503 911 τῇ
533 841 667 914 αὐτῇ
694 846 1022 918 κεχρημένοι
1063 849 1275 921 ἀγωγῇ,
1311 851 1360 902 οί
1391 851 1488 920 μὲν
1521 869 1675 928 (pust:-

63 925 154 979 κοὶ
203 927 468 984 Ἰουδαῖοι
510 934 654 987 κατὰ
683 936 862 1007 σάρκα
898 939 996 1009 μὲν
1029 941 1354 1011 ἠρνήσαντο,
1384 943 1433 996 οἱ
1462 943 1518 996 δὲ
1553 925 1668 1012 νῦν,

59 1021 414 1092 ἀρνούμενοι
445 1025 546 1096 τὴν
572 1029 667 1081 τοῦ
699 1029 829 1084 Υίοῦ
862 1032 956 1086 τοῦ
982 1033 1116 1088 Θεοῦ
1151 1034 1360 1090 τελείαν
1396 1037 1532 1110 πρὸς
1559 1041 1672 1092 Πα-

61 1115 200 1182 τέρα
235 1115 624 1190 γνησιότητα,
676 1122 882 1194 κτίσμα
931 1125 1114 1189 αὑτὸν,
1165 1127 1258 1180 καὶ
1302 1128 1540 1200 ποίημα,
1575 1131 1670 1184 καὶ

57 1205 358 1278 ἀλλότριον
387 1211 606 1284 Πατρὸς
647 1215 961 1270 παντάπασι
989 1219 1292 1291 μεμηνότες
1324 1221 1414 1290 καὶ
1445 1221 1666 1293 βεϐρον-

59 1295 304 1367 τημένοι
339 1298 705 1368 ἀδιαλείπτως
737 1303 1179 1377 διισχυρίζονται.

129 1553 212 1607 E'.
261 1556 366 1610 Ἐκ
393 1557 602 1612 τούτων
626 1561 683 1614 δὲ
719 1563 879 1617 πάλιν
910 1563 1058 1620 ἄλλοι
1095 1568 1324 1637 ἀφέντες
1347 1571 1447 1636 τὰς
1475 1592 1659 1646 προει-

59 1646 320 1715 ρημένας
351 1647 710 1721 βλασφήμους
733 1655 1102 1722 διδασκαλίας,
1131 1659 1312 1725 καθὼς
1341 1665 1532 1728 εἰπεῖν,
1563 1667 1658 1720 αὑ-

55 1737 150 1808 τὴν
181 1739 295 1807 τὴν
331 1743 484 1795 κατὰ
513 1743 672 1812 φύσιν
697 1745 1019 1818 θεασάμενοι
1051 1754 1370 1825 ἐπουράνιον
1400 1755 1653 1829 θεωρίαν,
1689 1751 1731 1806 Β

57 1831 148 1882 καὶ
181 1833 258 1884 τὰ
302 1833 428 1886 ἄνω
471 1836 926 1908 ὲμὸατεύσαντες,
959 1845 1053 1898 καὶ
1097 1847 1655 1923 πολυπραγμονήσαν-

55 1938 162 1986 τες,
195 1923 282 1988 ὠς
310 1925 527 1980 ἄνωθεν
557 1931 800 2000 ἥκοντες,
827 1935 1083 2007 αὐθαδείᾳ
1115 1935 1533 2009 ἀπαγγέλλουσι,
1562 1945 1656 1999 καὶ

57 2015 307 2084 ἰσχυρῶς
343 2017 798 2091 διισχυρίζονται,
844 2025 1196 2091 ἐκϐάλλοντες
1232 2032 1296 2084 ὲκ
1335 2033 1433 2102 τῆς
1462 2032 1652 2105 θεότη-

56 2124 144 2169 τος
170 2108 238 2161 τὸ
267 2109 439 2176 ἅγιον
473 2113 715 2186 Πνεῦμα.
751 2119 860 2171 Καὶ
892 2119 983 2172 τὸν
1030 2121 1129 2192 μὲν
1175 2123 1393 2194 Πατέρα
1425 2127 1525 2180 οὑκ
1553 2128 1651 2199 ἧρ-

55 2215 270 2268 Ἰ.,τντειτ,,
309 2199 444 2254 οὔτε
485 2203 584 2274 τὴν
611 2205 704 2258 τοῦ
749 2205 1050 2282 Υίοῦπρὸς
1098 2211 1260 2266 αὑτὸν
1297 2218 1647 2290 γνησιότητα,

55 2289 134 2358 ἐφ’
169 2292 384 2364 ἑτέραν
424 2295 480 2347 δὲ
533 2296 693 2350 πάλιν
725 2298 840 2352 ὁδὸν
885 2300 1211 2371 βαδίζουσιν,
1247 2306 1334 2360 ἵνα
1384 2309 1648 2365 πάντοθεν

59 2380 326 2452 πληρωθῇ
359 2384 444 2448 τὸ,
489 2385 794 2450 Ἐξέλιπεν
819 2391 856 2458 ἠ
891 2393 1093 2460 πίστις
1124 2395 1192 2448 ἐκ
1223 2395 1646 2467 στόματος-ἀὺ-

57 2471 190 2526 τῶν.
225 2476 296 2527 Τί
331 2477 446 2548 γὰρ
481 2477 594 2530 ἀλλ’
624 2481 654 2551 ἢ
699 2485 779 2546 είς
809 2483 871 2537 τὸ
898 2485 1121 2555 Πνεῦμα
1159 2488 1221 2540 τὸ
1249 2489 1400 2558 ἅγιον
1439 2491 1644 2559 λοιπὸν,

57 2563 112 2614 τὸ
132 2565 236 2616 οὐκ
271 2565 568 2639 ἀλλότριον
594 2571 801 2643 Πατρὸς
845 2575 938 2626 καὶ
965 2574 1119 2642 Υίοῦ,
1149 2577 1209 2630 τὸ
1253 2579 1317 2631 ἐκ
1344 2579 1441 2648 τῆς
1475 2582 1646 2653 αὐτῆς

57 2655 316 2726 θεότητος
345 2658 432 2726 ὃν,
463 2661 558 2713 καὶ
592 2663 666 2734 μὴ
694 2664 1040 2737 ἐνδεχόμενον
1068 2665 1207 2722 εἶναι
1236 2670 1514 2743 ἀλλότριον
1545 2673 1646 2744 τῆς

59 2749 314 2820 θεότητος
343 2793 360 2814 ,
420 2753 734 2823 βούλονται,
811 2758 886 2823 ὡς
941 2762 1094 2815 αὐτοὶ
1173 2763 1420 2828 ἐξουσίαν
1500 2767 1646 2838 ἕχον-

56 2855 160 2902 τες,
199 2841 459 2897 κελεύειν
510 2845 707 2916 μᾶλλον
758 2847 877 2919 Θεῷ
925 2851 1070 2922 ἥπερ
1123 2854 1474 2922 κελεύεσθαι;
1530 2858 1644 2911 Οὐκ

60 2935 446 3008 αἰτχυνόμενοι
475 2939 582 3010 γὰρ
616 2941 890 3014 ἀλλότριον
916 2945 977 2997 τὸ
1025 2947 1250 3019 Πνεῦμα
1281 2948 1520 3018 λέγουσι,
1549 2952 1643 3005 καὶ

59 3021 260 3088 δοῦλον,
293 3027 398 3078 καὶ
425 3028 652 3098 κτίσμα,
681 3032 773 3084 καὶ
803 3033 1137 3104 πρόσφατον,
1174 3039 1268 3092 καὶ
1298 3040 1520 3111 ποιητὸν
1548 3043 1641 3096 καὶ

63 3115 108 3163 εἰ
131 3131 179 3166 τι
219 3117 422 3188 ἕτερον
451 3121 676 3192 αἰσχρὸν
709 3124 846 3195 πρὸς
875 3127 1134 3181 ὑπόνοιαν
1166 3131 1291 3203 περὶ
1317 3132 1482 3187 αὐτοῦ
1510 3129 1638 3187 ἑαυ-

63 3211 160 3270 τοῖς
197 3211 413 3279 μᾶλλον
455 3213 728 3269 ἐπινοοῦσι
763 3221 1254 3292 προσπορίσασθαι.
1301 3225 1452 3279 Ἐπεὶ
1483 3221 1575 3281 οὖν
1609 3231 1638 3283 ὁ

65 3301 256 3369 κόσμος
302 3303 427 3356 νυνὶ
462 3305 631 3369 οὕτως
673 3308 872 3378 μᾶλλον
906 3311 1134 3382 πληγεὶς
1169 3315 1381 3386 πληγὴν
1421 3318 1636 3372 ἀνίατον

63 3391 336 3458 ἀπιστίας,
381 3395 467 3448 ἵνα
502 3397 666 3468 μηδέν
693 3417 746 3453 τι
787 3403 1157 3476 παραλείψῃή
1197 3407 1395 3479 ἀνομία
1442 3413 1471 3481 ὴ
1511 3413 1636 3476 τοὺς

63 3482 382 3554 ἀνθρώπους
433 3487 772 3544 ἀπολλύουσα
817 3497 882 3564 τῇ
927 3498 1204 3569 κακονοίᾳ,
1241 3503 1334 3554 καὶ
1388 3503 1631 3576 ἀπιστίᾳ,

64 3575 148 3625 καὶ
189 3578 474 3650 ἀγνωσία·
515 3575 602 3633 οἷα
647 3583 773 3648 τοὺς
809 3585 1220 3659 ἀποδράσαντας
1246 3594 1348 3663 τῆς
1378 3596 1505 3667 περὶ
1535 3575 1634 3669 την

67 3667 215 3736 ἁγίαν
259 3671 475 3743 Τριαδα
511 3673 857 3749 βλασφημίας
898 3682 978 3744 είς
1028 3681 1188 3755 ἔτερα
1220 3685 1442 3760 πάλινὴ
1487 3667 1632 3762 ἀργὴ

63 3765 146 3812 καὶ
177 3763 512 3830 κακόϐουλος
544 3767 720 3821 ἔννοια
751 3771 1116 3842 περιέσπασεν
1138 3792 1149 3804 ·
1182 3777 1267 3832 ἵνα
1305 3779 1498 3850 μηδεὶς
1538 3781 1632 3835 λά-

63 3849 134 3903 θοι
163 3855 518 3926 ἁμαρτάνων.
563 3859 735 3912 Κενὸν
757 3862 863 3932 γάρ
893 3880 947 3915 τι
982 3865 1162 3918 ἀκούω
1193 3885 1259 3920 πε
1269 3869 1321 3938 ρὶ
1474 3873 1631 3941 ἁγίας

63 3943 268 4015 Μαρίας
303 3947 410 4017 τῆς
453 3949 813 4022 ἀειπαρθένου
843 3955 963 4008 τινὰ
995 3956 1341 4026 διανοεῖσθαι,
1373 3965 1466 4016 καὶ
1507 3965 1630 4018 τολ-

65 4039 158 4108 μᾷν
187 4039 514 4113 βλάσφημόν
535 4061 656 4098 τινα
680 4046 936 4102 ὑπόνοιαν
967 4050 1052 4103 ἐπ’
1087 4051 1254 4123 αὐτὴν
1281 4055 1627 4128 ὲνσκήπτειν,

64 4133 130 4191 είς
159 4133 218 4184 τὸ
266 4135 340 4186 ὲκ
373 4135 709 4208 πανταχόθεν
753 4135 894 4192 εἶναι
922 4143 1014 4194 τὸν
1045 4143 1234 4214 χρόνον
1275 4147 1432 4218 ἡμῶν
1473 4149 1628 4222 δίκην

63 4224 218 4278 κακοῦ
249 4226 456 4294 ὄφεως,
490 4226 654 4300 θηρὸς
687 4229 891 4284 ίοϐόλου
913 4233 971 4286 ἐν
998 4234 1171 4305 σκότῳ
1201 4238 1624 4308 ὲμφωλεύοντος,

67 4315 283 4379 καὶτοῖς
322 4315 562 4386 δήγμασι
601 4318 809 4383 πάντας
842 4323 1212 4394 πειράζοντος,
1241 4327 1330 4381 τὸν
1372 4330 1468 4400 μὲν
1498 4332 1626 4403 περὶ

63 4402 116 4454 τὸ
137 4407 452 4476 πρόσωπον,
485 4409 643 4463 ἄλλον
685 4412 813 4483 περὶ
841 4414 939 4485 τὴν
984 4417 1238 4488 πτέρναν,
1281 4419 1464 4492 ἓτερον
1497 4402 1626 4494 περὶ

65 4497 148 4568 τὴν
173 4505 335 4573 χεῖρα
353 4519 368 4532 ο
401 4503 487 4556 ἵνα
517 4504 717 4576 μηδένα
743 4505 892 4560 λάθοι
915 4509 974 4562 τὸ
1001 4509 1178 4584 δῆγμα
1201 4514 1299 4584 τῆς
1329 4516 1585 4581 ἀπιστίας
1605 4534 1618 4546 ’

67 4587 185 4644 ὀλλά
213 4595 240 4645 ό
273 4595 452 4648 δοκῶν
484 4598 542 4648 ὲν
561 4597 735 4670 τούτῳ
765 4599 1063 4672 ἀποδρᾶναι
1098 4605 1297 4677 ἑτέρως
1323 4609 1411 4660 τὸν
1445 4610 1519 4662 ίὸν
1547 4611 1622 4683 μὴ

69 4679 214 4754 λάθῃ·
249 4689 280 4740 ὁ
315 4687 370 4739 δὲ
398 4690 454 4740 ἐν
489 4689 633 4761 ἄλλῳ
659 4692 785 4762 ὑγιῆ
810 4691 948 4763 ιχων
972 4696 1069 4766 τὴν
1101 4699 1280 4752 πίστιν
1308 4701 1480 4767 ἄλλως
1505 4679 1622 4769 ﬁt»;

65 4775 383 4846 βλάπτεσθαι
414 4783 602 4836 ἑαυτὸν
631 4785 1028 4858 προξενήσειεν.

1656 4483 1700 4536 D

1781 502 1977 542 manus
2012 501 2075 542 ac
2119 489 2302 545 vultus
2343 491 2688 546 incurrentes
2739 491 2944 548 laniare
2982 494 3118 548 nihil
3160 511 3352 550 veren-

1781 585 1891 642 tur,
1921 578 2004 646 sic
2033 579 2111 632 illi
2142 579 2430 636 Dominum
2467 581 2533 636 ad
2578 582 2762 638 crucis
2812 584 3140 654 supplicium
3182 587 3349 642 tradi-

1777 671 1998 742 derunt,
2029 675 2320 745 prophetas
2347 677 2591 746 ejusdem
2621 675 2953 732 domesticos
2975 679 3169 747 partim
3194 694 3347 734 serra

1775 777 2204 833 consecuerunt,
2245 770 2440 840 partim
2472 770 2742 840 lapidibus
2775 769 3111 834 obruerunt,
3147 772 3345 840 partim

1773 859 1952 930 gladio
1985 861 2381 916 interfecerunt
2409 863 2424 892 ί
2445 897 2460 912 .
2479 861 2789 917 Secundum
2826 862 2948 918 illos
2973 877 3100 916 vero
3122 864 3346 932 perinde

1773 959 1826 1004 et
1875 949 2036 1004 hodie
2072 951 2199 1006 novi
2237 951 2316 1005 illi
2351 950 2520 1006 Judaei
2569 952 2760 1007 iisdem
2799 951 3031 1006 invicem
3078 953 3344 1010 institutis

1773 1056 1838 1096 ac
1867 1041 2158 1112 disciplina
2195 1042 2432 1110 formati,
2465 1044 2546 1100 uti
2575 1045 2694 1100 veri
2733 1046 2812 1100 illi
2843 1045 3015 1102 Judaei
3051 1044 3341 1100 Dominum

1769 1148 1893 1188 cum
1941 1149 2107 1190 carne
2139 1145 2476 1205 praesentem
2527 1137 2886 1208 abnegarunt,
2939 1139 3014 1192 ita
3068 1139 3170 1208 ipsi
3219 1137 3343 1194 Filii

1767 1221 1862 1276 Dei
1897 1223 2192 1294 perfectam
2218 1241 2340 1280 cum
2375 1223 2534 1281 Patre
2563 1230 2975 1296 germanitatem
3007 1227 3337 1294 inliciantes,

1766 1325 2072 1369 creaturam
2105 1331 2228 1372 esse
2273 1317 2446 1384 illum,
2480 1325 2533 1374 et
2565 1319 2862 1388 opiﬁcium,
2891 1327 3004 1378 eta
3045 1319 3204 1374 Patre
3241 1335 3338 1388 pe-

1764 1407 1916 1462 nitus
1957 1395 2193 1463 alienum
2237 1407 2430 1464 furiosi
2473 1424 2538 1464 ac
2581 1409 2844 1465 vecordes
2904 1410 3196 1466 identidem
3254 1409 3340 1464 af-

1766 1496 2004 1554 firmant.

1837 1590 2046 1661 1037
2086 1589 2152 1645 ν.
2191 1591 2299 1645 Alii
2329 1607 2492 1662 porro
2525 1593 2919 1650 contumeliosa
2956 1592 3044 1647 illa
3075 1593 3130 1648 in
3167 1591 3336 1648 Deum

1762 1681 2016 1752 dogmata
2043 1683 2435 1754 relinquentes,
2471 1687 2628 1756 quasi
2659 1687 2894 1741 divinam
2925 1687 3097 1756 ipsam
3123 1687 3176 1740 in
3198 1686 3336 1740 cmlo

1757 1783 2029 1839 naturam,
2061 1781 2122 1828 ut
2150 1775 2460 1840 ita‘dicam,
2505 1777 2798 1856 aliquando
2831 1778 3177 1848 contemplati
3219 1775 3337 1832 fue-

1755 1864 1886 1931 rint,
1910 1875 1962 1919 et
1981 1867 2144 1921 altius
2170 1867 2222 1922 in
2251 1883 2450 1922 arcana
2490 1868 2580 1933 illa
2619 1884 2682 1924 ac
2709 1869 2950 1924 cmlestia
2979 1868 3332 1938 penetrarint,

1755 1970 1820 2010 ac
1862 1957 2147 2031 diligenter
2177 1958 2604 2030 introspexerint
2635 1959 2718 2031 (ut
2759 1975 2790 2015 e
2825 1959 2966 2014 cmlo
3013 1968 3168 2029 putes
3211 1975 3334 2014 esse

1753 2027 2056 2117 delapsas),
2079 2027 2398 2118 arroganter
2427 2049 2560 2103 illud
2597 2048 2916 2120 przedicant,
2957 2064 3019 2102 ac
3041 2049 3333 2103 vehemen-

1754 2146 1835 2192 ter
1873 2138 2178 2192 aiiirmant:
2217 2138 2477 2210 Spiritum
2518 2149 2766 2196 sanctum
2799 2156 2828 2194 a
2855 2141 3157 2197 divinitatis
3184 2155 3334 2196 com.

1752 2229 2010 2284 munione
2050 2232 2434 2300 separandum.
2484 2233 2586 2298 Qui
2617 2248 2740 2287 cum
2783 2249 2958 2302 neque
2986 2231 3198 2287 Patrem
3229 2235 3330 2287 ab-

1750 2327 1968 2390 negent,
2002 2335 2102 2375 nec
2129 2322 2196 2388 ab
2220 2338 2474 2392 germana
2509 2338 2634 2378 cum
2675 2325 2767 2378 illo
2809 2325 3194 2393 conjunctione
3235 2322 3330 2378 Fi-

1749 2411 1882 2467 lium
1921 2414 2254 2482 abjudicent,
2299 2415 2364 2468 ad
2414 2417 2559 2484 aliud
2599 2417 2698 2471 vite
2739 2417 3120 2472 diverticulum
3168 2414 3332 2471 delle--

1748 2512 1926 2570 ctunt,
1965 2514 2024 2560 ut
2071 2508 2296 2562 omnino
2345 2507 2550 2562 dictant
2609 2509 2740 2563 illud
2781 2509 3070 2578 impleatur
3111 2527 3124 2563 :
3159 2507 3331 2562 Periit

1747 2597 1878 2666 ﬁdes
1908 2614 1972 2650 ea:
2001 2615 2089 2652 ore
2123 2600 2415 2668 ipsorum”.
2458 2581 2770 2666 Quid‘enim
2792 2599 2938 2654 aliud
2969 2600 3192 2664 faciunt,
3219 2601 3328 2654 nisi

1745 2689 1970 2759 perinde
1999 2705 2064 2744 ac
2103 2690 2147 2748 si
2181 2691 2236 2744 in
2270 2691 2532 2762 Spiritum
2574 2699 2824 2747 sanctum
2855 2692 2947 2760 jus
2977 2705 3041 2746 ac
3085 2699 3328 2761 potesta-

1746 2791 1852 2836 tem
1886 2781 2146 2837 haberent
2183 2783 2296 2852 (qui
2329 2783 2547 2853 quidem
2577 2799 2606 2836 a
2639 2781 2798 2837 Patre
2841 2781 3085 2853 Filioque
3113 2799 3324 2852 nequa-

1743 2889 1908 2944 quam
1951 2875 2297 2940 alienus,'ex
2339 2875 2526 2944 eadem
2570 2883 2655 2931 est
2692 2875 2995 2940 divinitate,
3027 2891 3128 2930 nec
3161 2875 3229 2929 ab
3258 2889 3324 2930 ea

1744 2969 1988 3038 separari
2039 2973 2261 3042 potest),
2299 2970 2372 3022 ita
2422 2969 2532 3024 Deo
2575 2970 2959 3040 praescribere.
2993 2987 3152 3040 quam
3201 2971 3324 3040 ejus

1743 3062 2076 3131 praescriptis
2115 3061 2490 3131 obtemperare
2540 3063 2789 3116 malunt?
2842 3062 2958 3117 Non
3008 3065 3151 3118 enim
3197 3065 3320 3119 illos

1743 3153 1930 3223 pudet,
1966 3154 2202 3208 alienum
2241 3151 2504 3224 Spiritum
2547 3161 2820 3224 sanctum,
2867 3171 3108 3218 servum,
3161 3171 3320 3212 crea-

1738 3255 1938 3311 turam,
1979 3246 2355 3312 recentiorem,
2395 3261 2460 3302 ac
2491 3245 2696 3301 factum
2735 3247 2955 3312 dicere,
2989 3263 3052 3302 ac
3091 3249 3137 3304 si
3188 3250 3319 3318 quid

1737 3338 1882 3392 aliud
1909 3338 1976 3392 de
1999 3338 2092 3392 illo
2114 3338 2348 3408 contingi
2373 3345 2528 3409 turpe
2551 3346 2747 3409 potest,
2773 3341 2915 3394 eoin
2945 3341 3122 3412 ipsum
3147 3343 3320 3398 liben-

1737 3427 1848 3483 tius
1883 3431 2214 3500 excogitare.
2255 3429 2345 3484 Sic
2394 3430 2558 3500 igitur
2597 3433 2834 3488 mundus
2881 3433 2985 3488 iste
3027 3433 3319 3490 vehemen—

1733 3519 1858 3573 tiori
1907 3531 1962 3575 et
2006 3521 2296 3576 insanabili
2351 3523 2685 3578 infidelitatis
2745 3526 2969 3580 vulnere
3019 3526 3313 3584 confossus

1733 3619 1838 3676 est,
1883 3621 1942 3666 ut
1971 3615 2270 3683 iniquitas,
2317 3629 2440 3684 qua:
2489 3615 2790 3690 butiianum
2849 3632 3023 3688 genus
3067 3619 3316 3676 funditus

1733 3705 1943 3775 perdit,
1991 3707 2126 3760 nihil
2175 3707 2242 3760 ad
2293 3723 2562 3763 summam
2628 3711 2966 3790 nequitiam,
3031 3713 3351 3783 perﬁdiam‘

1729 3793 2202 3866 ignorantiamque
2241 3797 2640 3866 praetermittat.
2676 3797 2794 3864 Qua
2825 3801 3038 3856 ratione
3072 3803 3312 3859 miseros

1731 3887 1888 3956 istos,
1937 3892 2030 3960 qui
2071 3891 2306 3960 priorem
2349 3891 2494 3944 illam
2528 3892 2580 3945 in
2615 3903 3024 3950 sacrosanctam
3067 3893 3312 3950 Trinita-

1731 3988 1837 4036 tem
1871 3983 2254 4037 contumeliam
2287 3985 2609 4054 effugerant,
2655 3987 2830 4042 otiosa
2866 4002 2930 4042 ac
2972 3989 3312 4058 nequissima

1734 4089 1834 4130 sua
1867 4075 2126 4145 cogitatio
2157 4075 2222 4130 ad
2256 4077 2360 4131 alia
2389 4078 2634 4147 quaedam
2671 4088 3014 4133 transversos
3048 4080 3308 4148 abripuit,

1733 4179 1802 4218 ne
1831 4165 1957 4234 quis
1993 4173 2276 4235 peccatum
2309 4167 2844 4236 suumdissimulare
2867 4170 3059 4238 possit.
3091 4169 3308 4225 Etenim

1729 4257 1916 4312 nescio
1961 4273 2119 4328 quem
2152 4258 2316 4312 audio
2348 4257 2612 4313 adversus
2655 4261 3058 4315 sanctissimam
3111 4277 3307 4333 perpe-

1728 4355 1987 4418 tuamque
2031 4347 2306 4420 Virginem
2354 4341 2578 4418 Mariam
2626 4350 2872 4406 meditari
2923 4354 3192 4420 nonnihil,
3243 4368 3309 4410 ac

1730 4442 2124 4508 contumeliosa
2161 4441 2394 4512 quadam
2438 4443 2696 4513 opinione
2737 4444 2886 4500 illius
2921 4445 3181 4504 honorem
3222 4447 3308 4502 in-

1727 4548 1962 4588 cessere.
1997 4533 2078 4588 Ex
2104 4550 2212 4604 quo
2242 4534 2376 4588 illud
2422 4543 2665 4606 apparet,
2707 4545 2950 4592 nostram
2990 4537 3129 4594 hanc
3169 4545 3308 4594 tem-

1727 4633 1994 4694 pestatem
2034 4625 2246 4682 letifcro
2283 4627 2500 4682 cuidam
2525 4630 2768 4699 serpenti
2795 4645 2858 4684 ac
2893 4639 3158 4687 venenato
3182 4647 3306 4689 esse

1726 4715 2084 4780 simillimam,
2116 4718 2208 4789 qui
2237 4719 2293 4774 in
2332 4721 2571 4786 tenebris
2601 4720 2926 4778 delitescens
2955 4722 3168 4779 infestis
3194 4739 3305 4778 om-

1725 4825 1823 4866 nes
1847 4813 2121 4868 morsibus
2149 4819 2386 4884 appetat,
2425 4823 2586 4885 atque
2623 4817 2678 4869 In
2705 4815 2867 4886 hujus
2898 4816 3125 4882 vultum,
3155 4817 3303 4873 illius

63 4875 268 4941 calcem,
307 4891 528 4976 manum
576 4878 799 4935 alterius
835 4882 1100 4946 incurrat,
1145 4891 1204 4938 ut
1237 4903 1306 4942 ne
1341 4890 1465 4959 quis
1495 4891 1832 4956 infidelitatis
1859 4917 2102 4958 morsum
2135 4875 2353 4973 penitus
2405 4905 2577 4972 possit
2629 4905 2890 4972 evadere;
2951 4906 3046 4961 sed
3104 4907 3197 4976 qui
3245 4907 3302 4962 in

65 4982 154 5024 uno
183 4983 390 5041 genere
430 4967 579 5024 virus
622 4971 904 5039 ell'ugerit,
938 4975 992 5026 in
1023 4976 1194 5030 altero
1234 4993 1292 5034 se
1325 4982 1392 5036 ab
1425 4999 1491 5039 eo
1521 4988 1825 5046 subducere
1859 5008 1922 5048 ac
1974 4993 2216 5049 devitarc
2263 5002 2532 5064 nequeat:
2573 5010 2638 5049 ac
2673 4996 2768 5067 qui
2823 4997 2878 5050 in
2933 4996 3056 5052 aliis
3117 4997 3302 5051 incor-

65 5079 256 5138 ruptam
297 5067 455 5123 ﬁdem
491 5069 712 5134 retinet,
738 5069 847 5124 alio
881 5071 1040 5126 modo
1073 5065 1316 5132 fraudem
1349 5078 1454 5132 sibi
1479 5081 1884 5154 perniciemque
1921 5085 2252 5141 consciscat.

121 5165 200 5229 ς’,
249 5163 432 5220 Πόθεν
480 5163 618 5234 αὕτη
669 5165 702 5236 ἡ
751 5165 1036 5248 κακόνοια;
1091 5168 1260 5224 Πόθεν
1305 5173 1337 5243 ἡ
1393 5175 1626 5248 τοσαύτη

67 5253 242 5324 talpa;
273 5259 416 5312 Αὐτὸ
451 5249 518 5308 ἰδ
541 5255 710 5326 ὄνομα
750 5257 810 5310 οὐ
844 5247 1132 5330 μαρτυρεῖ,
1164 5262 1224 5314 οὐ
1259 5264 1433 5318 πείθει
1469 5283 1550 5330 σε,
1580 5261 1624 5320 ὦ

67 5343 302 5406 φιλόνεικε
327 5367 342 5415 ;
381 5351 476 5413 Τίς
521 5347 728 5420 ποτε,ῆ
759 5349 816 5401 ἐν
853 5351 984 5422 ποίᾳ
1015 5355 1178 5424 γενεᾷ
1204 5355 1502 5426 τετόλμηκε
1526 5375 1626 5410 κα-

69 5439 158 5488 λεῖν
179 5441 232 5494 τὸ
248 5444 420 5513 ὄνομα
447 5439 674 5515 Μαρίας
696 5441 794 5510 τῆς
821 5443 1004 5511 ἁγίας,
1029 5447 1122 5500 καὶ
1150 5448 1496 5520 ἐρωτώμενος
1521 5452 1623 5506 οὐκ

69 5527 200 5595 εὐθὺς
241 5536 516 5606 ἐπήνεγκε
563 5540 652 5596 τὸ,
693 5533 996 5605 Παρθένον;
1033 5539 1091 5603 ἐξ
1135 5540 1314 5594 αὐτῶν
1358 5543 1465 5614 γὰρ
1511 5543 1618 5598 τῶν

125 5691 138 5718 '
173 5694 326 5752 llrbr.
373 5715 449 5762 xi,
481 5697 568 5754 37.
649 5701 676 5732 τ
699 5695 816 5753 Jcr.
853 5697 1064 5760 vu,28.

1802 5175 1889 5231 Vl.
1935 5177 2214 5234 Undenam
2241 5195 2370 5234 vero
2391 5181 2504 5236 haac
2525 5181 2846 5251 improbitas
2869 5183 3126 5238 emersit?
3147 5181 3300 5240 Unde

1727 5275 1878 5322 tanta
1915 5261 2166 5340 prerupit
2210 5269 2470 5326 audacia?
2517 5271 2710 5327 Nonne
2750 5272 2834 5328 vel
2879 5273 3057 5342 ipsum
3099 5289 3299 5328 nomen

1725 5361 1942 5417 abunde
1965 5363 2325 5418 testificatur?
2353 5362 2468 5418 Non
2495 5365 2614 5429 tibi,
2641 5364 2803 5419 homo
2825 5366 3261 5434 pervicacissitnc
3277 5407 3293 5430 ,

1727 5453 1871 5508 istud
1905 5455 2082 5524 ipsum
2119 5457 2450 5526 persuadet?
2483 5457 2618 5524 Quis
2648 5459 2758 5512 ullo
2803 5457 3016 5530 1038
3053 5467 3296 5531 tempore

1725 5562 1964 5618 unquam
1997 5551 2228 5617 exstitit,
2278 5551 2372 5621 qui
2413 5560 2613 5607 sancta:
2647 5551 2828 5608 Maria:
2870 5569 3062 5609 nomen
3111 5555 3296 5626 appel-
