3838 6314
551 285 652 344 ’10⁸2

1945 289 2002 345 5.
2048 287 2126 343 ΕΡ

2230 287 2386 343 IAN"
3690 296 3775 351 τῆς]

550 406 664 464 lare
697 407 940 476 auderet,
975 418 1028 465 et
1055 425 1162 465 non
1194 419 1418 482 rogatus
1446 412 1677 468 subinde
1703 412 1943 483 Virginis
1973 427 2126 466 voca-

2230 411 2490 465 ὲπιθέτων
2538 409 2816 482 ὀνομάτων
2862 411 2954 466 καὶ
3002 411 3100 482 τῆς
3149 412 3347 484 ἀρετῆς
3404 413 3688 482 ὑποφαίνει
3735 417 3780 467 τὰ

552 499 738 554 bulum
769 500 1067 572 adjiceret?
1096 502 1231 557 Nam
1269 506 1324 559 in
1359 504 1632 573 adjunctis
1672 503 1980 560 istiusmodi
2030 519 2120 559 vo-

551 590 707 644 cibus
739 591 958 646 virtutis
994 593 1194 647 indicia
1223 593 1520 650 collucent.
1566 593 1778 665 Quippe
1807 595 1976 664 justis
2009 611 2124 649 om-

550 679 736 743 nibus,
778 697 877 750 pro
907 697 973 736 eo
999 698 1064 737 ac
1093 683 1338 753 singulos
1364 683 1612 748 decebat,
1646 699 1744 738 sua
1772 685 1968 754 cuique
1996 692 2123 739 sunt

549 771 830 841 dignitatis
882 776 1141 829 attributa
1197 775 1440 831 nomina.
1474 775 1549 829 Ita
1592 775 1902 832 Abrahamo
1964 777 2124 831 amici

550 860 643 915 Iiei
689 863 883 918 titulus
927 867 1373 920 accommodatus
1410 877 1489 921 est
1516 869 1554 933 ³,
1590 884 1765 938 neque
1803 871 1849 922 is
1883 885 2122 939 unquam

550 951 864 1006 intercidet.
897 953 1067 1010 Jacob
1092 971 1219 1010 vero
1247 951 1466 1009 Israelis
1489 958 1508 988 ³
1539 973 1840 1028 cognomen
1871 960 1990 1014 sine
2015 960 2122 1013 ulla

550 1044 853 1098 mutatione
887 1061 1231 1101 concessum.
1264 1048 1507 1116 Apostoli
1543 1064 1760 1119 quoque
1803 1048 2120 1122 Boanerges,

550 1129 654 1184 hoc
683 1141 785 1197 est,
821 1134 1043 1188 tonitrui
1065 1133 1168 1204 ﬁlii
1198 1135 1236 1200 ',
1264 1137 1528 1191 nominati
1563 1148 1711 1202 sunt,
1741 1155 1842 1194 nec
1871 1140 1979 1192 ulla
2002 1140 2120 1193 dies

549 1237 749 1277 nomen
812 1224 955 1278 istud
1004 1227 1335 1282 obliterabit.
1386 1227 1476 1283 Sic
1524 1241 1713 1285 sancta
1747 1230 1914 1285 Maria
1962 1231 2126 1304 Virgo

549 1327 932 1383 nuncupatur,
974 1333 1073 1370 nec
1123 1321 1416 1388 appellatio
1468 1321 1570 1376 ista
1625 1323 1920 1393 aliquando
1975 1339 2125 1378 com-

549 1405 871 1461 mutabitur.
901 1405 1025 1461 Haac
1055 1410 1198 1464 enim
1227 1422 1487 1480 perpetuo
1520 1413 1834 1484 incorrupta
1871 1431 2126 1484 permano

551 1497 642 1554 sit.
678 1499 788 1552 Cur
827 1499 992 1570 igitur
1030 1519 1122 1557 vos
1154 1514 1349 1557 natura
1401 1505 1518 1574 ipsa
1556 1521 1663 1559 non
1705 1507 1906 1562 docet?
1941 1506 1984 1561 Ο
2039 1509 2126 1562 in-

551 1590 793 1645 auditam
861 1593 1170 1647 insaniam!
1238 1613 1270 1649 o
1326 1607 1712 1666 praeposteram
1789 1599 2119 1655 novitateml

551 1682 718 1736 Multa
750 1693 878 1738 sunt
922 1694 1203 1754 praeterea,
1241 1704 1361 1758 qua:
1398 1690 1594 1758 priscis
1637 1693 1972 1761 temporibus
2009 1710 2124 1747 nia-

2223 503 2519 573 τεκμήρια.
2555 503 2869 573 Ἀξιώματα
2902 503 2999 573 μὲν
3035 503 3144 574 γὰρ
3176 504 3487 574 ὀνομασιῶν
3526 504 3780 575 εἰλήφασιν

2223 597 2272 648 οἱ
2313 594 2508 648 δίκαιοι
2542 595 2755 663 ἑκάστῳ
2788 595 3125 664 πρεπόντως,
3162 597 3256 649 καὶ
3295 597 3368 659 ὡς
3414 595 3649 666 ἥρμοζε.
3693 598 3781 649 Καὶ

2224 684 2301 756 τῷ
2342 686 2439 756 μὲν
2479 685 2730 756 Ἀϐραὰμ
2769 687 3070 758 προσετέθη
3101 687 3183 748 τὸ,
3212 689 3387 754 φίλος
3416 687 3593 752 Θεοῦ,
3624 687 3709 740 καὶ
3735 689 3782 741 οὐ

2223 778 2632 848 διαλυθήσεται·
2665 779 2742 850 τῷ
2767 779 2824 832 δὲ
2874 780 3088 846 Ἰακὼϐ,
3122 781 3182 833 τὸ
3217 780 3470 848 Ἰσραὴλ
3507 780 3782 842 καλεῖσθαι,

2225 871 2318 922 καὶ
2369 871 2466 922 οὐκ
2509 869 2965 941 ἀλλοιωθήσεται·
3025 873 3119 924 καὶ
3172 874 3285 934 τοῖς
3342 873 3687 935 ἀποστόλοις,
3736 873 3785 925 τὸ

2219 963 2567 1032 βοανεργὲς,
2603 965 2898 1028 τουτέστιν,
2942 965 3056 1018 υἱοὶ
3082 965 3368 1032 βροντῆς,
3403 967 3502 1017 καὶ
3545 966 3642 1018 οὐκ
3672 969 3779 1018 ἀπο-

2226 1056 2753 1127 καταλειφθήσεται·
2786 1057 2880 1110 καὶ
2907 1060 2970 1128 τῇ
3003 1058 3131 1129 ἁγία
3153 1059 3337 1128 Μαρία
3367 1058 3454 1120 τὸ,
3486 1057 3782 1124 Παρθένίις,

2226 1147 2321 1200 καὶ
2345 1149 2404 1200 οὺ
2435 1151 2798 1219 τραπήσεται.
2845 1149 3144 1219 Ἀχραντος
3163 1150 3270 1221 γὰρ
3301 1149 3575 1219 διέμεινεν
3601 1153 3632 1219 ἡ
3657 1151 3782 1216 ἁγία.

2227 1241 2372 1310 Αὐτὴ
2403 1243 2435 1311 ὴ
2482 1241 2640 1309 φύσις
2669 1242 2729 1294 οὑ
2772 1241 3010 1294 διδάσκει
3042 1243 3218 1311 ὑμᾶς;
3249 1244 3312 1294 Ὠ
3341 1243 3543 1312 καινῆς
3579 1243 3780 1310 μανίαςῖ

2227 1332 2272 1385 ὣ
2319 1333 2520 1386 καινῶν
2554 1335 2930 1404 πραγμάτωνὲ
2964 1333 3139 1387 Πολλὰ
3177 1334 3232 1386 δέ
3260 1336 3406 1387 ἐστιν
3460 1334 3641 1404 ἕτερα,
3673 1334 3703 1386 ἃ
3736 1336 3781 1384 ὲν

2226 1428 2337 1488 τοῖς
2385 1425 2632 1488 παλαιοῖς
2682 1427 2890 1498 χρόνοις
2935 1427 3032 1479 οὐκ
3073 1427 3342 1498 ἐτολμήθη
3389 1430 3510 1490 τοῖς
3552 1428 3779 1496 πατράσι.

2227 1517 2338 1569 Νῦν
2363 1517 2417 1568 δὲ
2450 1517 2603 1579 ἄλλος
2641 1519 2738 1587 μὲν
2772 1517 3082 1589 βλασφημεῖ
3119 1522 3197 1582 εἰς
3232 1521 3329 1591 τὴν
3367 1520 3634 1590 ένσαρκον
3667 1521 3780 1589 Χρι-

2230 1608 2353 1662 στοῦ
2387 1609 2715 1681 παρουσίαν.
2739 1611 2900 1682 ἔτερα
2925 1610 3099 1663 λαλῶν
3121 1615 3200 1673 εἰς
3225 1612 3390 1682 αὐτὴν
3426 1612 3528 1680 τὴν
3552 1609 3778 1678 θεὸτητα·

2229 1699 2385 1763 ἀλλος
2429 1699 2485 1752 δὲ
2534 1700 2723 1772 ἐλλιπῆ
2760 1705 2990 1754 ποιεῖται
3040 1703 3098 1753 ἐν
3127 1702 3301 1772 ἑαυτῷ
3343 1703 3445 1773 τὴν
3481 1701 3582 1768 τῆς
3629 1702 3780 1770 ain-5

544 1777 695 1845 jores
735 1779 907 1831 nostri
939 1794 1281 1849 nequaquam
1311 1783 1549 1850 aggressi
1597 1792 1742 1838 sunt.
1789 1783 1961 1839 liodie
2000 1802 2126 1840 vero

2230 1793 2492 1864 ὲνσάρκου
2539 1794 2841 1864 παρουσίας
2879 1795 3294 1864 πραγματείαν·
3328 1794 3522 1863 ἕτερος
3561 1793 3614 1846 δὲ
3651 1795 3699 1844 ὲν
3727 1797 3777 1860 τῇ

551 1870 692 1923 alius
725 1870 778 1923 in
801 1880 1140 1940 assumptam
1173 1887 1202 1924 a
1228 1871 1447 1926 Christo
1480 1884 1735 1928 naturam
1767 1879 2131 1932 contumelio-

551 1975 647 2016 sus
675 1973 780 2026 est,
816 1968 870 2014 et
890 1963 1150 2016 inusitata
1171 1963 1416 2032 quadam
1445 1964 1511 2019 de
1538 1965 1822 2022 divinitate
1849 1969 1966 2038 ipsa
1992 1987 2131 2040 prte-

550 2050 723 2116 dicat;
777 2052 918 2106 alius
974 2052 1152 2132 ipsum
1202 2046 1333 2106 illud
1389 2055 1785 2111 incarnationis
1855 2063 2128 2130 negotium

549 2159 806 2198 mancum
851 2151 1013 2215 atque
1063 2144 1440 2215 imperfectum
1486 2150 1806 2216 constituit;
1854 2153 1995 2206 alius
2044 2169 2131 2208 re-

551 2235 893 2291 surrectione
945 2247 1283 2291 mortuorum
1331 2237 1654 2305 olienditur;
1706 2243 1844 2298 alius
1892 2244 2128 2314 denique

551 2328 699 2381 aliud
722 2329 826 2383 sibi
851 2329 916 2382 ad
947 2331 1373 2401 oppugnandum
1405 2334 1614 2403 arripit.
1665 2333 1708 2390 Ο
1748 2337 2123 2392 turbulentum

551 2433 800 2474 nostrum
825 2425 1081 2475 smculum
1108 2463 1122 2486 ,
1164 2423 1218 2476 in
1248 2439 1355 2492 quo
1391 2424 1674 2479 hominum
1710 2428 1817 2481 vita
1850 2446 2122 2484 summum

551 2511 607 2564 in
641 2513 935 2566 discrimen
987 2512 1299 2577 adducitur,
1349 2529 1467 2583 qua:
1511 2517 1751 2587 undique
1795 2520 2052 2587 pessimis
2093 2536 2123 2573 a

551 2603 796 2659 dannone
841 2607 1151 2675 propagatis
1199 2607 1516 2677 opinionum
1560 2611 1838 2665 erroribus
1877 2626 1940 2666 ac
1999 2628 2124 2682 per-

553 2696 692 2750 ﬁdite
740 2699 1063 2751 commentis
1118 2697 1398 2751 obruitur!
1450 2697 1699 2764 Quanam
1758 2718 1886 2756 vero
1947 2703 2128 2760 fronte

2228 1883 2520 1934 ἀναστάσει
2562 1882 2818 1952 ἀσχάλλει
2857 1881 2966 1936 τῶν
3005 1884 3211 1955 νεκρῶν
3235 1901 3250 1915 ·
3285 1884 3475 1954 ἕτερος
3525 1883 3579 1936 δὲ

2229 1973 2339 2026 Καὶ
2373 1972 2727 2038 ἁπαξαπλῶς,
2757 1974 2803 2028 ῶ
2847 1975 2945 2046 τῆς
2975 1975 3131 2046 ἡμῶν
3166 1974 3546 2044 τεθολωμένης
3577 1976 3775 2042 γενεᾶςῐ

2226 2059 2294 2137 ἦς
2332 2067 2365 2137 ἡ
2402 2066 2513 2137 ζωὴ
2548 2067 2605 2119 ὲν
2646 2067 2874 2137 κινδύνῳ
2915 2067 3202 2131 διάκειται,
3244 2069 3306 2120 ἐκ
3335 2065 3669 2137 πανταχόθεν
3707 2082 3778 2116 πε-

2231 2156 2620 2228 ριαντλουμένη
2661 2159 2857 2232 κακαῖς
2889 2157 2992 2210 ὑπὸ
3023 2157 3266 2210 διαϐόλου
3315 2159 3644 2227 ἐπισποραίς
3682 2157 3778 2209 διιι⁴

2229 2247 2516 2318 νοημάτων
2557 2263 2617 2300 τε
2644 2251 2738 2303 καὶ
2778 2250 3053 2321 λογισμῶν
3096 2251 3482 2314 κακοπιστίας.
3527 2249 3645 2312 Πῶς
3681 2247 3777 2300 το).⁴

2231 2339 2370 2409 μῶσι
2416 2341 2511 2412 τὴν
2560 2342 2824 2413 ἄχραντον
2866 2344 3165 2415 Παρθένον,
3195 2344 3286 2396 καὶ
3336 2341 3438 2412 τὴν
3494 2343 3775 2410 οἰκητήριον

2230 2430 2655 2496 καταξιωθεῖσαν
2683 2433 2933 2501 γενέσθαι
2961 2434 3052 2488 τοῦ
3073 2435 3218 2500 Υίοῦ,
3239 2434 3335 2504 τὴν
3359 2436 3441 2498 εἰς
3468 2433 3630 2486 ταυτὸ
3649 2431 3779 2483 τοῦτο

2231 2521 2572 2592 ὲκλεχθείσαν
2605 2528 2668 2578 ἐκ
2699 2528 2806 2578 τῶν
2841 2527 3112 2598 μυριάδων
3164 2527 3398 2598 Ἰσραὴλ,
3441 2528 3588 2588 ὅπως
3616 2523 3776 2584 σκεπ

2233 2615 2325 2666 καὶ
2351 2617 2662 2688 οἰκητήριον
2683 2617 2984 2688 ἠξιωμένος
3027 2621 3106 2683 εἰς
3135 2623 3354 2690 σημεῖον
3397 2620 3562 2688 μόνον
3589 2615 3776 2686 ὑπάρξῃ

2232 2709 2468 2761 τοκετῶν
2490 2709 2546 2776 δ;

550 2789 926 2858 incorruptam
984 2789 1128 2842 illam
1194 2787 1466 2860 Virginem
1521 2792 1937 2862 aggrediuntur,
1986 2811 2107 2865 quae
2156 2795 2248 2851 Dei
2292 2797 2410 2854 Filii
2442 2799 2779 2854 domicilium
2835 2816 2958 2856 esse
3013 2801 3249 2864 meruit,
3319 2819 3442 2872 quae
3465 2819 3530 2856 ex
3599 2799 3776 2855 inﬁnito

551 2877 918 2934 lsraelitarum
945 2896 1170 2935 numero
1193 2881 1257 2936 ad
1284 2882 1336 2936 id
1361 2898 1528 2936 unum
1549 2891 1632 2938 est
1658 2884 1850 2951 electa,
1883 2896 1942 2940 ut
1966 2902 2060 2943 vas
2100 2887 2376 2958 quoddam
2429 2898 2482 2945 et
2525 2893 2786 2947 habitatio
2847 2893 2940 2947 uni
2997 2902 3142 2949 esset
3198 2893 3384 2948 divino
3447 2894 3621 2966 partui
3666 2908 3774 2947 con-

552 2983 766 3031 secrata
795 2979 818 3032 ?

629 3067 742 3125 'v’l-l-.
787 3069 901 3125 lloc
933 3073 1075 3128 enim
1118 3081 1270 3127 certo
1307 3089 1372 3128 ex
1407 3083 1630 3129 auctore
1679 3074 1932 3144 cognovi,
1988 3088 2126 3128 non-

2297 3073 2368 3128 Z'.
2411 3074 2658 3127 Ἤκουσα
2707 3067 2816 3146 γὰρ
2867 3075 3017 3145 παρά
3065 3092 3227 3138 τινος.
3267 3075 3342 3139 ῶς
3375 3093 3524 3140 τινες
3567 3072 3774 3144 τολμῶσι

553 3164 736 3218 nullos
771 3165 825 3218 id
869 3165 938 3220 de
979 3166 1069 3219 illa
1119 3165 1383 3222 aliirmare
1422 3183 1587 3222 ausos
1635 3183 1756 3221 esse
1791 3186 1803 3221 :
1843 3177 2129 3237 postquam

556 3257 892 3310 Salvatorem
927 3259 1166 3327 peperit,
1213 3274 1336 3312 cum
1383 3260 1500 3314 viro
1550 3259 2002 3313 consuetudinem
2036 3257 2133 3310 ha-

554 3349 766 3403 buisse.
804 3349 958 3415 Quod
990 3350 1241 3419 equidem
1275 3353 1456 3408 minus
1481 3351 1744 3406 admiror.
1775 3349 1910 3404 Nam
1937 3366 2126 3405 eorum

554 3443 795 3506 inscitia,
825 3443 916 3513 qui
943 3459 1117 3512 neque
1145 3459 1331 3498 sacras
1359 3443 1593 3500 Litteras
1625 3452 1883 3499 accurate
1909 3443 2128 3510 callent,

2236 3167 2362 3237 περὶ
2411 3163 2614 3238 ταύτης
2661 3166 2858 3236 λέγειν,
2893 3168 2975 3219 ὅτι
3027 3167 3163 3237 μετά
3194 3167 3252 3220 τὸ
3297 3167 3674 3237 γεγεννηκέναι
3701 3164 3774 3216 τὸν

2235 3257 2462 3328 Σωτῆρα
2511 3257 2752 3329 συνήφθη
2787 3258 2958 3329 ἀνδρί.
2992 3259 3100 3311 Καὶ⁸
3126 3259 3186 3310 οὐ
3221 3257 3510 3328 θαυμάζω.
3554 3257 3656 3310 Ἀεὶ
3687 3255 3776 3325 γὰρ

2234 3351 2268 3420 ἡ
2301 3347 2491 3416 ἄγνοια
2532 3347 2639 3399 τῶν
2674 3349 2747 3418 μὴ
2780 3348 2848 3401 τά
2885 3347 3088 3419 ἀκριϐῆ
3137 3349 3455 3415 ἐγνωκότων
3492 3348 3596 3401 τῶν
3644 3346 3774 3398 θείων

2232 3439 2485 3510 Γραφῶν,
2511 3438 2644 3509 μηδὲ
2670 3437 2930 3508 ἱστορίαις
2963 3438 3463 3509 προσεγγισάντων,
3491 3438 3582 3506 ἀφ’
3607 3436 3774 3504 ἑτέρων

554 3550 732 3604 neque
765 3535 818 3589 in
852 3545 1096 3590 veterum
1136 3537 1489 3591 historiarum
1536 3538 1767 3592 lectione
1817 3536 1931 3590 triti
1978 3546 2126 3602 sunt,

2235 3535 2312 3596 εἰς
2353 3532 2514 3600 ἔτερα
2563 3531 2768 3602 τρέπει,
2802 3531 2894 3583 καὶ
2937 3533 3200 3602 περισπᾷ,
3231 3531 3320 3584 τὸν
3365 3531 3611 3584 ἀσπιδίου
3637 3529 3655 3559 ⁵
3679 3527 3772 3589 νοὸς

556 3624 658 3680 bos
691 3626 839 3694 ipsos
866 3626 935 3681 ab
965 3628 1084 3681 aliis
1125 3627 1192 3681 ad
1234 3629 1338 3681 alia
1373 3628 1633 3684 transfert
1663 3639 1713 3683 et
1744 3628 1977 3698 abripit,
2006 3643 2131 3682 cum

557 3729 625 3768 ex
665 3715 880 3785 ingenio
919 3733 1018 3771 suo
1062 3732 1124 3771 ac
1165 3725 1343 3772 mente
1385 3719 1629 3773 veritatis
1665 3718 1890 3788 vestigia
1942 3733 2135 3773 conse-

557 3813 798 3857 ctantur.
841 3805 898 3859 In
931 3807 1121 3876 primis
1159 3808 1341 3877 itaque
1367 3824 1490 3862 cum
1518 3809 1673 3862 beata
1713 3808 1872 3878 Virgo
1899 3807 2134 3879 Joscpho

558 3894 756 3948 tradita
790 3903 894 3960 est,
927 3913 1036 3966 quo
1077 3899 1222 3951 illam
1261 3900 1424 3954 sortis
1463 3899 1763 3954 necessitas
1805 3900 2130 3964 adduxerat,

559 4003 900 4058 nequaquam
951 3992 999 4044 ei
1055 3990 1123 4044 ad
1172 3992 1572 4062 copulationem
1621 4003 1704 4048 est
1746 4007 2034 4056 concessa,
2087 3993 2133 4048 si

560 4081 704 4151 quod
731 4099 818 4138 res
852 4090 935 4137 est
978 4099 1293 4139 asseverare
1339 4085 1612 4149 volumus,
1656 4100 1780 4140 cum
1815 4086 2001 4155 utique
2051 4085 2134 4139 vi-

559 4174 704 4230 duus
732 4182 897 4231 esset.
935 4173 1040 4230 Sed
1075 4183 1294 4245 propter
1324 4177 1495 4248 legem
1527 4186 1708 4233 tamen
1739 4177 1824 4231 vir
1856 4178 2003 4232 illius
2040 4192 2135 4247 ap-

559 4267 811 4336 pellatur.
845 4266 1016 4322 Porro
1053 4284 1119 4324 ex
1151 4267 1380 4324 Judaica
1423 4269 1639 4341 1039
1676 4269 1970 4324 traditione
2001 4283 2126 4322 con-

2237 4266 2386 4336 αὑτῷ
2425 4265 2739 4336 παρεδίδοτο
2772 4265 2920 4335 αὑτῷ
2957 4267 2989 4336 ἡ
3039 4265 3331 4336 Παρθένος,
3372 4266 3489 4318 ἀλλ’
3520 4267 3650 4326 ὅπως
3673 4260 3762 4312 δια-

559 4366 856 4427 sequenter
887 4359 1032 4414 istud
1061 4361 1390 4426 ostenditur,
1425 4377 1558 4424 non,
1593 4368 1651 4414 ut
1679 4375 1803 4414 cum
1832 4360 1925 4414 illo
1965 4374 2126 4430 ecpu-

2239 4356 2536 4426 φυλαχθείη
2572 4358 2648 4419 εἰς
2692 4357 2987 4427 μαρτύριον
3028 4356 3131 4410 τῶν
3171 4357 3463 4426 ἐσομένων,
3501 4358 3576 4410 ὅτι
3615 4354 3667 4407 οὑ
3698 4350 3764 4401 v6-

558 4451 788 4514 laretur,
841 4451 1112 4523 Virginem
1161 4453 1210 4507 ei
1268 4453 1438 4508 fuisse
1486 4453 1767 4519 traditam,
1821 4452 1918 4508 sed
1969 4461 2025 4506 ut
2070 4452 2126 4506 ad

2243 4449 2332 4512 θος
2371 4451 2403 4520 ή
2442 4450 2540 4518 τῆς
2571 4450 2835 4520 ὲνσάρκου
2889 4449 3188 4520 παρουσίας
3223 4451 3506 4521 οίκονομία
3540 4447 3761 4516 ἐπεδήμη-

560 4540 868 4596 futurorum
913 4545 1283 4598 testimonium
1332 4555 1680 4610 servaretur,
1734 4545 2020 4614 palamque
2051 4543 2126 4598 [ie-

2243 4560 2354 4604 σεν,
2413 4542 2548 4596 ἀλλὰ
2601 4545 3069 4616 μεμαρτυρημένη
3117 4549 3172 4598 ὲν
3216 4544 3467 4616 ἀληθεία,
3513 4543 3652 4604 ἐκτὸς
3691 4539 3763 4609 μὲν

560 4642 665 4696 ret,
709 4643 1016 4705 susceptam
1047 4637 1286 4692 hominis
1315 4652 1344 4690 a
1377 4635 1486 4692 Deo
1515 4645 1766 4690 naturam
1815 4650 1923 4689 non
1977 4636 2126 4688 adul-

2243 4634 2552 4704 σπέρματος
2587 4634 2799 4705 ἀνδρὸς.
2831 4637 2888 4688 ἐν
2925 4635 3199 4705 Πνεύματι
3231 4637 3370 4707 ἀγίῳ
3402 4631 3761 4705 οίκονομηθεῐςα

560 4729 792 4780 lerinam
823 4743 886 4781 ac
928 4731 1172 4798 spuriam
1202 4729 1372 4784 fuisse
1393 4771 1406 4794 ,
1451 4729 1546 4785 sed
1576 4729 1902 4784 certissimis
1934 4727 2126 4782 sulira-

2241 4729 2298 4779 ὲν
2343 4726 2587 4797 ἀληθεία.
2650 4726 2770 4790 Πῶς
2811 4729 2917 4800 γὰρ
2971 4728 3203 4799 ἠδύνατο
3254 4732 3282 4782 ὁ
3334 4729 3579 4793 τοσοῦτος
3621 4724 3762 4793 γέρων

561 4820 813 4890 gantibus
840 4820 1167 4875 testimoniis
1215 4821 1332 4876 sine
1359 4822 1498 4875 virili
1525 4831 1668 4888 satu,
1701 4821 1939 4891 Spiritus
1961 4821 2126 4876 sancti

2243 4818 2508 4890 παρθένον
2549 4820 2690 4886 ἕξειν
2746 4824 2999 4888 γυναῖκα,
3034 4821 3108 4875 ῶν
3159 4823 3266 4876 ἀπὸ
3300 4823 3521 4895 πρώτης
3553 4813 3760 4889 γυναικὸς

560 4907 612 4960 vi
662 4915 716 4961 et
755 4907 1040 4962 eiiicientia
1078 4909 1457 4965 constitutam.
1507 4909 1794 4976 Quomodo
1828 4911 1971 4965 enim
2021 4919 2126 4964 tam

2242 4911 2406 4982 χῆρος
2433 4911 2669 4966 τοσαῦτα
2699 4912 2830 4984 έτη;
2862 4910 3028 4977 Οὗτος
3081 4915 3176 4986 μὲν
3209 4916 3316 4986 γὰρ
3364 4917 3393 4968 ό
3461 4913 3638 4982 Ἰωσὴφ
3675 4903 3759 4974 (98)

562 4997 732 5054 effeta:
807 5016 974 5054 senex
1054 5004 1226 5058 anatis
1304 5001 1569 5071 virginem
1642 5003 1842 5057 habere
1908 5019 2126 5058 uxorem

2240 5005 2466 5074 ἀδελφὸς
2491 5006 2698 5075 γίνεται
2729 5007 2822 5061 τοῦ
2859 5009 3084 5073 Κλωπᾶ,
3123 5004 3189 5080 ἦν
3229 5008 3285 5063 δὲ
3323 5009 3437 5073 υίὸς
3466 5007 3554 5062 τοῦ
3586 4995 3756 5057 Ἰακὼῦν

562 5092 757 5161 potuit,
814 5093 905 5162 qui
961 5100 1043 5148 tot
1090 5095 1251 5150 annis
1294 5105 1454 5149 antea
1508 5097 1676 5164 priori
1723 5095 1956 5166 conjuge
1987 5104 2126 5150 esset

2241 5095 2468 5166 ἐπίκλην
2508 5098 2563 5150 δὲ
2610 5099 2833 5171 Πάνοηρ
2888 5100 3242 5172 καλουμένου.
3302 5102 3609 5178 Ἀμφότεροι
3644 5084 3755 5144 οὗτοι

561 5185 832 5242 orbatus?
870 5187 1150 5257 Siquidem
1178 5188 1265 5242 hic
1299 5189 1417 5259 ipse
1436 5186 1708 5259 Iosephus
1745 5186 1999 5258 Cleoplia:
2030 5187 2126 5240 fra-

2239 5188 2347 5241 ἀπδ
2369 5188 2462 5242 τοῦ
2494 5191 2773 5261 Πάνθηρος
2805 5192 3032 5262 ἐπίκλην
3079 5190 3386 5261 γεννῶνται.

562 5289 666 5344 ter,
697 5278 884 5336 Jacobi
914 5280 1056 5336 [ilius
1072 5289 1432 5352 cognomento
1460 5280 1768 5348 Pantheris,
1794 5281 1924 5336 fuit:
1945 5280 2129 5344 ambo,
2169 5280 2414 5352 inquam,
2440 5282 2517 5336 illi
2549 5281 2818 5339 Panthere
2848 5294 3000 5355 patre
3034 5287 3146 5340 nati
3175 5294 3319 5340 sunt.

2237 3624 2558 3696 βουλόμενόν
2592 3643 2644 3677 τι
2677 3625 2806 3696 περὶ
2834 3625 2932 3694 τῆς
2955 3624 3213 3694 ἀληθείας
3240 3625 3562 3696 ἱχνηλατείν.
3588 3622 3771 3692 Πρῶτον

2235 3717 2344 3787 γὰρ
2369 3717 2456 3768 ὅτε
2487 3717 2518 3786 ἡ
2553 3715 2825 3786 Παρθένος
2866 3713 3182 3786 παρεδίδοτο
3225 3714 3302 3784 τῷ
3344 3715 3562 3786 Ἰωσὴφ.
3594 3713 3770 3782 κλήρων

2235 3811 2314 3871 είς
2354 3808 2514 3861 τοῦτο
2559 3809 2986 3876 ἀναγκασάντων
3029 3806 3198 3878 αὐτὴν
3227 3808 3402 3877 ἥκειν,
3443 3809 3509 3860 οὐ
3540 3801 3769 3875 παρεδόθη

2235 3897 2383 3969 αὐτῷ
2421 3901 2499 3962 είς
2535 3898 2847 3968 συνάφειαν,
2881 3901 2928 3950 εἱ
2967 3897 3047 3950 δεῖ
3082 3898 3150 3950 τὰ
3180 3897 3355 3968 ἀληθῆ
3391 3897 3588 3966 λέγειν,
3619 3893 3768 3961 ἐπειδὴ

2237 3991 2305 4062 χῆ
2316 4008 2404 4062 ρος
2428 3987 2514 4062 ἧν.
2551 3989 2711 4042 Ἀλλά
2737 3990 2825 4043 διὰ
2852 3989 2940 4042 τὸν
2968 3989 3129 4060 νόμον
3153 3991 3247 4060 μὲν
3269 3990 3407 4061 ἀνὴρ
3431 3990 3676 4058 κέκληται
3695 3985 3769 4052 τῆς

2236 4083 2403 4153 αὐτῆς
2424 4099 2437 4113 ·
2471 4082 2610 4136 κατὰ
2631 4083 2684 4135 δὲ
2719 4084 2816 4152 τὴν
2844 4081 3160 4135 ἀκολουθίαν
3186 4083 3250 4135 ὲκ
3277 4081 3376 4153 τῆς
3397 4082 3508 4134 τῶν
3546 4079 3766 4134 Ἰουδαίων

2236 4173 2582 4245 παραδόσεως
2613 4174 2905 4238 δείκνυται,
2945 4174 3019 4236 ὡς
3048 4175 3144 4244 οὐχ
3176 4175 3360 4227 ἕνεκεν
3390 4173 3487 4227 τοῦ
3522 4170 3766 4240 ζευχθῆναι

1777 5441 1796 5470 ³
1836 5439 2002 5496 Marc.
2035 5457 2094 5495 ιιι
2121 5479 2126 5506 ,

2230 5440 2262 5494 ἵ.
2339 5441 2361 5472 δ
2394 5441 2453 5496 F.
2496 5445 2576 5506 είς
2635 5445 2777 5497 θεῖον
2812 5445 2970 5506 μόνον
3009 5446 3102 5498 ὑπ,
3158 5446 3395 5499 τοκετόν.
3473 5447 3493 5477 ⁸
3536 5443 3641 5496 Cor.
3674 5427 3748 5487 ἀπ’

634 5438 794 5496 'Jac.
853 5458 914 5504 ιι,
954 5441 1044 5496 25.
1154 5443 1174 5473 '
1213 5441 1347 5498 Gen.
1389 5456 1558 5504 xxxii,
1588 5441 1677 5495 23.

564 5441 647 5564 ω’
677 5441 794 5496 Jac.
853 5458 914 5504 ιι,
954 5441 1044 5496 25.
1154 5443 1174 5473 '
1213 5441 1347 5498 Gen.
1389 5456 1558 5504 xxxii,
1588 5441 1677 5495 23.
1777 5441 1796 5470 ³
1836 5441 2002 5496 Marc.
2035 5457 2136 5506 ιιι,
2177 5441 2262 5494 17.
2339 5441 2361 5472 δ
2394 5441 2453 5496 F.
2496 5445 2576 5506 είς
2635 5445 2777 5497 θεῖον
2812 5445 2970 5514 μόνον
3009 5446 3102 5498 ὑπ,
3158 5446 3395 5499 τοκετόν.

617 5526 719 5564 .ου.

617 5526 693 5564 ιου
701 5549 719 5564 ο

2242 5669 2452 5739 piosam
2493 5667 2661 5724 habes
2690 5669 3115 5739 disputationem
3149 5671 3202 5723 in
3232 5671 3501 5738 Apparatus
3537 5663 3594 5720 ad
3615 5662 3745 5714 Am-

635 5662 962 5751 (98)pt'rro¢
986 5670 1101 5750 per
1127 5670 1294 5751 qugd
1327 5669 1567 5751 Ἰωσήφ.
1608 5669 1818 5751 Deliae
1846 5669 2126 5751 Epiphanii

2242 5669 2452 5751 piosam
2493 5667 2661 5751 habes
2690 5669 3115 5751 disputationem
3133 5671 3197 5751 in

2244 5737 2315 5794 les
2342 5739 2749 5809 ecclesiasticos,
2782 5737 2834 5795 ii.
2867 5737 2978 5805 LX,
3015 5757 3078 5794 ac
3114 5737 3392 5811 deinceps.

564 5741 850 5805 sententia,
876 5749 928 5792 et
960 5742 1177 5808 quinum
1213 5740 1421 5795 liutnini
1454 5743 1647 5796 l'ratt‘cs
1683 5741 1759 5795 illi
1789 5742 2011 5808 iuerint,
2043 5756 2132 5796 co-
