3790 6212
100 215 188 276 Ἱυθ
639 212 1008 272 ADVERSUS
1045 215 1384 274 HAERESES
1421 219 1548 276 LIB.
1591 221 1677 276 Ill.
1720 219 1883 277 TOM.
1923 219 1991 274 ll.
2030 251 2102 264 -—
2139 219 2416 277 HERES.
2458 221 2748 278 LXXVill.

3210 225 3318 282 7l0

159 329 306 397 Ἔσχε
335 324 388 378 δὲ
412 319 562 390 οὗτος
606 331 635 382 6
675 331 874 401 Ἰωσὴφ
906 331 1004 403 τὴν
1057 331 1155 403 μὲν
1190 332 1410 408 πρώτην
1465 335 1630 389 αὐτοῦ

1804 335 2072 392 Caeterum
2094 335 2364 407 Joscphus
2393 338 2624 408 primam
2644 353 2674 390 e
2699 337 2842 391 tribu
2863 335 3015 394 Judaa
3033 334 3319 408 conjugem

95 421 302 489 γυναῖκα
349 419 409 470 ὲκ
464 420 562 489 τῆς
613 419 788 491 φυλῆς
857 422 1043 488 Ἰούδα,
1097 424 1192 479 καὶ
1245 427 1458 479 κυῖσκει
1494 427 1642 498 αύτῷ

95 511 212 581 αὕτη
237 509 420 572 παῖδας
449 509 542 562 τὸν
569 511 800 582 ἀριθμὸν
835 513 914 580 ἒξ,
944 515 1214 588 τέσσαρας
1248 517 1347 587 μὲν
1377 519 1636 590 ἄρρενας,

93 603 288 672 θηλείας
331 600 384 653 δὲ
420 599 546 654 δύο·
603 601 854 677 καθάπερ
895 607 956 660 τὸ
1004 608 1335 677 Εύαγγέλιον
1387 611 1449 663 τὸ
1491 611 1642 681 ,κατὰ

92 697 292 766 Μάρκον
321 694 412 746 καὶ
449 694 590 746 κατὰ
647 696 900 768 Ἰωάννην
933 701 1290 772 ὲσαφήνισαν.
1325 704 1490 774 ξΕσχε
1540 705 1640 774 μὲν

90 786 170 842 οὖν
233 785 566 857 πρωτότοκον
636 787 728 840 τὸν
806 790 1060 847 Ἰάκωϐον
1098 769 1222 846 ’τὸν
1280 769 1640 867 ὲτῖκληθέντα

100 879 333 940 Ὡὸλίαν,
385 878 818 949 ἑρμηνευόμενον
856 883 1051 952 τεῖχος
1095 883 1228 954 (99),
1284 887 1378 939 καὶ
1435 885 1639 942 δίκαιον

90 970 440 1040 ἐπικληθέντα,
471 968 792 1041 Ναζωραῖον
820 971 878 1024 δὲ
905 970 1056 1037 ὄντα,
1102 975 1238 1047 ὅπερ
1279 977 1638 1047 ἑρμηνεύεται

79 1063 241 1132 ἅγιος.
275 1061 382 1114 Καὶ
419 1061 633 1132 πρῶτος
673 1053 830 1126 οὗτος
861 1064 1050 1136 εἰληφε
1083 1065 1178 1138 τὴν
1225 1067 1492 1138 καθέδραν
1538 1069 1660 1139 τῆς.

89 1153 382 1224 ἐπισκοπῆς,
423 1149 468 1223 ᾧ
514 1154 844 1208 πεπίστευκε
882 1156 1086 1227 Κύριος
1117 1158 1207 1210 τὸν
1241 1158 1429 1229 θρόνον
1472 1160 1636 1214 αὐτοῦ

89 1247 167 1298 ἐπὶ
191 1245 282 1314 τῆς
323 1245 426 1313 γῆς
461 1245 698 1316 πρώτῳ·
735 1246 794 1310 ὃς
826 1247 922 1301 καὶ
993 1249 1240 1302 ἐκαλεῖτο
1291 1253 1324 1304 ό
1375 1250 1639 1320 ἀδελφὸς

87 1337 178 1390 τοῦ
217 1339 464 1405 Κυρίουο
513 1337 760 1409 καθάπερ
819 1341 914 1392 καὶ
963 1341 991 1393 6
1052 1341 1370 1406 Ἀπόστολος
1427 1343 1638 1414 συνᾴδει

89 1428 294 1490 τούτοις,
327 1421 425 1480 ὧδέ
465 1445 567 1480 που
602 1427 807 1498 λέγων·
843 1432 1084 1498 Ἕτερον
1115 1430 1184 1484 δὲ
1229 1432 1345 1485 τῶν
1381 1434 1640 1487 ἀποστό-

83 1524 198 1574 λων
222 1521 326 1572 οὐκ
351 1517 534 1582 εἶδον,
565 1523 618 1573 εὶ
639 1519 730 1589 μὴ
781 1521 1058 1576 Ἰάκωϐον
1093 1522 1201 1576 τὸν
1232 1523 1500 1593 ἀδελφὸν
1531 1524 1637 1578 τοῦ

85 1613 300 1680 Κυρίου,
345 1613 440 1664 καὶ
467 1613 534 1666 τὰ
569 1611 719 1682 ἑξῆς.
769 1613 1017 1683 Ἀδελφὸς
1041 1614 1098 1666 δὲ
1124 1614 1216 1668 τοῦ
1251 1617 1454 1686 Κυρίου
1485 1611 1638 1678 οὗτος

88 1705 299 1760 καλεῖται
343 1703 432 1756 διὰ
460 1705 522 1756 τὸ
569 1705 892 1776 ὁμότροφον,
939 1706 1060 1777 οὐχὶ
1102 1706 1239 1760 κατὰ
1275 1706 1454 1776 φύσιν,
1499 1707 1636 1762 ἀλλὰ
1668 1742 1708 1795 Β

87 1795 207 1848 κατὰ
225 1795 396 1866 χάριν.
429 1794 617 1864 Μαρία
651 1795 746 1864 μὲν
777 1794 904 1865 γὰρ,
939 1795 1272 1866 ἁρμοσθεῖσα
1303 1797 1380 1868 τῷ
1413 1797 1629 1868 Ἰωσὴφ,

87 1889 236 1940 ἐδόκει
266 1887 398 1956 γυνὴ
433 1882 570 1940 εἶναι
606 1885 699 1939 τοῦ
730 1887 942 1958 ἀνδρὸς,
981 1888 1054 1960 μὴ
1079 1887 1276 1958 ἔχουσα
1311 1890 1446 1960 πρὸς
1472 1889 1632 1944 αὐτὸν

89 1979 326 2048 σωμάτων
375 1978 704 2047 συνάφειαν·
753 1979 818 2032 ὲκ
860 1979 1058 2049 ταύτης
1101 1981 1158 2034 δὲ
1192 1981 1291 2051 τῆς
1322 1981 1635 2046 ὑποθέσεως

85 2072 420 2142 ἡγειτνίασις
469 2071 784 2141 ἀγχιστείας
823 2071 932 2124 τῶν
977 2072 1110 2125 υίῶν
1153 2073 1347 2146 Ἰωσὴφ
1383 2074 1516 2146 πρὸς
1545 2074 1635 2127 τὸν

87 2165 288 2236 Σωτῆρα
319 2167 374 2217 ὲν
413 2163 658 2233 ἀδελφῶν
689 2163 839 2230 τάξει
870 2163 1153 2235 κέκληταισ
1222 2165 1416 2235 μᾶλλον
1451 2165 1506 2218 δὲ
1544 2165 1637 2219 καὶ

87 2256 330 2328 ἐλογίσθη.
392 2257 484 2319 Ὡς
533 2256 643 2327 γὰρ
684 2256 778 2308 καὶ
815 2256 975 2320 αὐτὸς
1025 2257 1054 2308 6
1101 2257 1319 2328 Ἰωσὴφ,
1377 2256 1450 2328 μὴ
1493 2257 1636 2328 σχὼν

89 2348 338 2401 κοινωνίαν
383 2346 521 2418 πρὸς
553 2346 654 2417 τὴν
694 2346 947 2418 γέννησιν
992 2346 1090 2418 τὴν
1139 2347 1278 2400 κατά
1317 2346 1493 2417 σάρκα
1537 2345 1630 2400 τοῦ

89 2441 327 2512 Σωτῆρος,
357 2443 416 2494 ἐν
443 2439 593 2505 τάξει
619 2440 823 2510 πατρὸς
851 2441 1122 2509 λογίζεται
1151 2442 1270 2494 κατ’
1290 2439 1597 2510 οἰκονομίαν
1615 2457 1628 2470 ·

91 2531 244 2595 καθὼς
283 2531 430 2599 λέγει
476 2531 692 2593 Λουκᾶς
743 2530 1130 2600 εύαγγελιστὴς
1167 2530 1296 2600 περὶ
1340 2529 1501 2582 αὐτοῦ
1539 2529 1634 2584 τοῦ

91 2624 326 2696 Σωτῆρος,
384 2623 470 2675 ὅτι
525 2624 631 2676 Ὧν
680 2623 837 2686 υίὸς,
885 2623 966 2688 ὡς
1010 2622 1324 2692 ἐνομίζετο,
1391 2623 1631 2693 Ἰωσήφ.

100 2717 172 2778 Ὡς
195 2715 280 2767 καὶ
309 2713 446 2784 αὐτὴ
487 2715 520 2785 ἡ
555 2713 786 2785 Μαριὰμ
817 2713 919 2784 ἔφη
957 2713 1092 2786 πρὸς
1120 2714 1278 2767 αὐτὴν
1303 2717 1360 2768 ὲν
1394 2713 1470 2784 τῷ
1496 2715 1638 2769 κατά

89 2807 272 2859 Λουκᾶν
311 2804 660 2876 Εὐαγγελίῳο
720 2805 876 2859 Ἰδοὺ
907 2805 1042 2876 ἐγὼ,
1085 2807 1182 2860 καὶ
1218 2813 1254 2860 0'
1283 2806 1478 2875 πατήρ
1516 2824 1633 2861 σου

88 2899 375 2967 ἐζητοῦμέν
405 2913 483 2952 σε
531 2897 910 2967 ὀδυνώμενοι.
967 2899 1063 2962 Τίς
1109 2895 1200 2951 οὖν
1237 2898 1302 2952 ἂν
1355 2900 1497 2952 εἴποι
1545 2899 1637 2952 τὸν

99 2989 269 3058 Ἰωσὴφ
313 2989 526 3060 πατέρα
577 2988 672 3042 τοῦ
723 2989 950 3060 Κυρίου,
997 2989 1056 3052 ὃς
1104 2989 1254 3042 οὐδὲν
1302 2990 1438 3059 πρὸς
1477 2991 1636 3044 αὑτὸν

91 3077 208 3150 εἶχεν
234 3080 419 3144 αἴτιον,
459 3081 692 3151 μάλιστα
718 3079 816 3150 τῆς
849 3081 1114 3152 ὲνσάρκου
1145 3083 1445 3153 παρουσίας
1479 3083 1634 3148 ἐκτὸς
1661 3110 1703 3166 C

93 3173 374 3244 σπέρματος
399 3173 592 3245 ἀνδρὸς
621 3173 1002 3246 ὑπαρχούσης;
1049 3173 1206 3227 Ἀλλὰ
1246 3175 1334 3228 διά
1363 3177 1462 3246 τῆς
1487 3179 1634 3229 οἰκο-

91 3267 254 3335 νομίας
278 3265 466 3319 τοῦτον
498 3265 687 3335 εἴληφε
714 3264 803 3318 τὸν
833 3265 1032 3336 κλῆρον
1073 3266 1140 3320 τὰ
1173 3268 1492 3339 πράγματα.

149 3447 218 3502 ll'.
265 3449 306 3500 Τ
311 3448 448 3501 ίκτει
507 3447 604 3518 μὲν
647 3445 835 3500 τοῦτον
884 3447 974 3500 τὸν
1017 3446 1270 3500 Ἰάκωϐον
1321 3447 1487 3516 ἐγγύς
1533 3466 1633 3503 που

91 3541 196 3612 περὶ
252 3542 340 3611 ἔτη
392 3539 636 3610 γεγονὼς
693 3540 1102 3612 τεσσαράκοντα
1155 3540 1324 3594 πλείω
1388 3541 1632 3596 ἐλάσσω·

94 3637 188 3704 μετ’
223 3636 374 3688 αὑτὸν
406 3636 465 3688 δὲ
497 3634 704 3703 γίνεται
737 3633 864 3695 παῖς
907 3631 1060 3702 Ἰωσῆ
1109 3631 1470 3703 καλούμενος
1517 3629 1636 3686 εἶτα

93 3728 190 3794 μετ’
219 3727 372 3779 αὐτὸν
417 3725 680 3795 Συμεών·
730 3722 919 3776 ἔπειτα
947 3722 1148 3785 Ἰούδας
1168 3740 1182 3753 ο
1219 3723 1314 3774 καὶ
1349 3722 1442 3775 δύο
1475 3722 1638 3792 θυγα-

91 3817 296 3888 τέρες,ή
337 3818 530 3887 Μαρία
565 3816 658 3868 καὶ
694 3817 727 3886 ἡ
777 3813 1011 3883 Σαλώμη
1041 3811 1370 3883 καλουμένη.
1408 3813 1518 3866 Καὶ
1548 3813 1635 3866 τέ-

91 3907 258 3980 θνηκεν
289 3909 454 3962 αὑτοῦ
491 3911 524 3979 ἡ
566 3909 702 3979 γυνή
723 3925 736 3936 ·
760 3907 853 3960 καὶ
887 3905 1024 3976 μετά
1058 3903 1150 3976 ἐτη
1174 3903 1344 3958 πολλὰ
1372 3905 1636 3975 λαμϐάνει

91 4002 169 4070 τὴν
195 4001 402 4072 Μαρίαν
433 4001 622 4071 χῆρος,
653 3997 908 4066 κατάγων
940 3995 1156 4067 ἡλικίαν
1189 3995 1315 4066 περί
1353 4013 1454 4048 που
1484 3996 1636 4064 ὀγδο-

93 4089 264 4159 ήκοντα
295 4090 430 4143 ἐτῶν
483 4091 578 4142 καὶ
623 4089 811 4159 πρόσω
854 4088 882 4139 6
929 4087 1090 4156 ἀνήρ.
1147 4084 1255 4138 Καὶ
1290 4084 1426 4155 μετά
1465 4083 1638 4137 ταῦτα

91 4183 324 4254 λαμϐάνει
376 4185 476 4256 τὴν
529 4183 768 4252 Μαρίαν,
814 4179 888 4243 ὼς
941 4181 1036 4231 καὶ
1085 4181 1142 4231 ὲν
1193 4177 1274 4248 τῷ
1321 4175 1636 4248 Εὐαγγελίῳ

93 4275 250 4346 λέγει·
300 4276 800 4344 Μνηστευθείσης
835 4275 978 4344 γὰρ,
1029 4271 1196 4340 φησὶ,
1248 4268 1358 4337 τῆς
1387 4269 1632 4338 Μαρίας.

95 4370 186 4421 Καὶ
213 4372 306 4422 οὐκ
338 4367 482 4432 εἷπε,
517 4367 882 4438 Γαμηθείσης.
918 4363 1029 4416 Kal.
1076 4361 1234 4414 πάλιν
1263 4361 1468 4416 ἄλλοτε·
1509 4363 1633 4416 Οὐκ

1742 427 1954 491 habuit,
1978 443 2009 482 e
2032 443 2138 496 qua
2173 443 2267 482 sex
2299 429 2498 482 liberos
2538 428 2800 498 suscepit,
2846 443 3025 484 mares
3060 437 3317 497 quatuor,

1742 519 1972 574 feminas
2015 519 2152 574 duas
2183 538 2194 573 :
2223 518 2274 572 id
2310 520 2456 588 quod
2487 518 2650 572 Marci
2679 534 2742 574 ac
2791 517 3019 576 Joannis
3061 519 3314 589 Evange—

1741 609 1812 664 lia
1851 610 2152 664 declarant.
2187 609 2404 664 Primus
2434 625 2500 666 ex
2541 611 2689 664 omni
2726 611 2894 679 stirpe
2931 620 3092 664 natus
3132 611 3210 664 Illi
3256 609 3322 662 li-

1739 701 1847 754 lius
1886 708 1968 755 est
2017 699 2291 764 Jacobus,
2341 707 2702 770 cognomento
2743 699 2930 754 Oblias
2966 699 3145 770 (quod
3199 715 3322 752 mu-

1740 808 1878 858 rum,
1909 793 1992 847 vel
2027 792 2303 846 castellum
2333 791 2676 862 interpretari
2707 791 2892 860 licet),
2919 793 3012 862 qui
3053 792 3306 862 etjustus

1740 885 2042 954 appellatus
2076 894 2182 950 est,
2215 891 2268 940 et
2294 883 2586 940 Nazaracus
2621 883 2751 948 fuit,
2799 884 2944 953 quod
2990 885 3317 938 vocabulum

1741 987 1984 1032 sanctum
2048 978 2339 1049 significat.
2373 977 2517 1033 Idem
2563 979 2654 1032 ille
2696 979 2905 1048 primus
2953 978 3320 1048 episcopalem

1739 1066 2056 1120 cathedram
2084 1069 2248 1137 cepit,
2281 1083 2404 1122 cum
2438 1069 2487 1123 ei
2516 1077 2640 1123 ante
2672 1077 2900 1124 caeteros
2931 1085 3123 1124 omnes
3157 1085 3318 1122 suum

1739 1155 1794 1209 in
1829 1156 1992 1212 terris
2020 1157 2278 1212 thronum
2309 1157 2574 1213 Dominus
2595 1159 2932 1214 tradidisset.
2961 1157 3066 1225 Qui
3096 1160 3319 1229 quidem

1739 1245 1952 1301 Domini
1983 1247 2152 1302 frater
2173 1256 2258 1303 est
2278 1248 2440 1318 vulgo
2463 1249 2798 1304 nominatus.
2823 1249 3033 1316 Quibus
3061 1252 3320 1306 omnibus

1738 1338 2066 1408 astipulatur
2099 1338 2394 1410 Apostolus
2429 1341 2514 1394 his
2557 1341 2738 1396 verbis
2767 1361 2780 1396 :
2815 1343 2992 1395 Alium
3037 1353 3212 1396 autem
3255 1357 3321 1397 ea:

1738 1431 1992 1500 apostolis
2036 1431 2142 1485 vidi
2188 1433 2469 1497 neminem,
2507 1433 2610 1487 nisi
2643 1431 2902 1486 Iacobum
2947 1434 3169 1503 fratrem
3205 1434 3318 1488 Do-

1739 1523 1933 1586 mini',
1971 1531 2076 1578 etc.
2111 1521 2312 1578 Verum
2347 1523 2562 1578 Doinini
2607 1525 2698 1580 ille
2742 1525 2910 1580 frater
2960 1527 3030 1580 ob
3072 1541 3320 1579 commu-

1738 1630 1859 1669 nem
1891 1615 2293 1678 educationem,
2337 1631 2446 1670 non
2477 1625 2690 1679 natura,
2725 1623 2817 1672 sed
2863 1620 3035 1688 gratia
3063 1629 3315 1674 vocatur.

1739 1706 1872 1760 Nam
1916 1705 2084 1760 Maria
2117 1723 2240 1762 cum
2274 1705 2513 1779 Josepho
2555 1709 2873 1778 conjuncta,
2907 1713 3005 1764 viri
3033 1727 3168 1764 uxor
3196 1727 3320 1767 esse

1742 1797 2048 1866 videbatur,
2083 1815 2207 1854 cum
2241 1801 2450 1854 nullum
2485 1801 2626 1856 inter
2656 1803 2804 1872 ipsos
2845 1817 3134 1872 corporum
3167 1819 3320 1856 coni-

1738 1892 1999 1945 mercium
2052 1893 2359 1946 interesset.
2411 1889 2488 1944 Ex
2534 1908 2642 1962 quo
2685 1894 2776 1946 illa
2817 1890 3037 1963 Iosephi
3081 1894 3318 1948 ﬁliorum

1737 1997 1860 2035 cum
1895 1981 2180 2037 Salvatore
2211 1983 2638 2054 propinquitatis
2667 1984 2897 2039 aliinitas
2919 1995 3002 2040 est
3025 1994 3172 2048 nata,
3198 1999 3320 2056 quat

1738 2071 2034 2127 fraternam
2091 2074 2508 2144 appellationem
2553 2073 2842 2140 obtineret,
2889 2077 2972 2130 vel
3023 2092 3087 2129 ea
3135 2077 3319 2146 potius

1735 2165 2145 2220 necessitudine
2190 2174 2531 2220 censeretur.
2568 2163 2637 2218 Ut
2665 2166 2810 2219 enim
2853 2165 3126 2236 Josepbus
3175 2168 3318 2236 ipse,

1739 2258 1867 2312 licet
1896 2257 2030 2310 nihil
2057 2256 2279 2312 haberet
2303 2273 2426 2310 cum
2451 2254 2749 2312 Salvatorls
2772 2255 3074 2312 secundum
3097 2272 3320 2313 carnem

1740 2351 1952 2422 origine
1975 2365 2288 2414 commune,
2321 2359 2474 2406 certa
2509 2359 2691 2406 tamen
2724 2352 3080 2422 providentiae
3105 2354 3318 2408 ratione

1737 2444 1858 2498 loco
1892 2443 2063 2514 patris
2089 2451 2174 2498 est
2199 2443 2438 2508 habitus,
2467 2443 2926 2513 quemadmodum
2955 2443 3132 2500 Lucas
3155 2461 3322 2499 evan-

1736 2537 1928 2607 gelista
1951 2536 2018 2590 de
2044 2535 2324 2591 Salvatore
2355 2535 2474 2605 ipso
2506 2543 2738 2590 testatur
2765 2554 2776 2589 :
2807 2535 2911 2600 Qui
2937 2547 3076 2600 erat,
3103 2535 3317 2606 inquit,

1735 2628 1916 2696 ﬁlius,
1952 2638 2008 2680 ut
2051 2626 2382 2690 credebatur,
2417 2625 2614 2696 Ioseph
2647 2627 2688 2682 ³.
2742 2626 2846 2682 Sed
2891 2635 2944 2682 et
2988 2627 3159 2682 Maria
3201 2628 3319 2697 ipsa

1738 2721 1890 2774 illum
1924 2721 2207 2789 alloquens
2251 2719 2306 2773 in
2351 2719 2643 2790 Evangelio
2691 2717 2852 2774 Luca:
2892 2719 3032 2774 idem
3079 2721 3315 2775 asserit:

1737 2805 1871 2862 Ecce
1915 2824 2006 2879 ego
2042 2817 2091 2862 et
2133 2817 2284 2878 pater
2328 2817 2448 2862 tuus
2509 2807 2741 2862 dolentes
2782 2808 3146 2878 quwrebamus
3195 2820 3241 2864 te
3271 2811 3315 2864 ⁸.

1737 2897 1873 2964 Quis
1903 2898 2068 2968 igitur
2093 2896 2391 2967 .losepbum
2419 2897 2631 2954 Domini
2658 2906 2861 2968 patrem
2891 2899 3084 2954 audeat
3106 2901 3318 2968 dicere,

1736 3003 1970 3056 quocum
2003 2985 2207 3042 nullam
2269 2989 2522 3058 principii
2571 2997 2665 3044 aut
2707 3005 2885 3046 causa:
2915 2992 3183 3046 rationein
3215 2993 3314 3047 ha-

1737 3077 1919 3140 bebat,
1964 3093 2088 3132 cum
2130 3078 2437 3133 incarnaiio
2467 3081 2582 3150 ipsa
2630 3081 2750 3135 sine
2791 3081 2934 3134 virili
2967 3082 3175 3137 semine
3204 3099 3320 3152 per-

1736 3167 1878 3222 fecta
1935 3167 2429 3237 administrataque
2485 3167 2685 3221 fuerit?
2741 3167 2845 3223 Sed
2866 3209 2887 3235 ,
2927 3167 3138 3240 1040
3172 3169 3319 3239 quod

1736 3259 2089 3331 providentiae
2141 3259 2283 3313 ratio
2333 3259 2678 3329 postulabat,
2729 3275 2794 3315 ea
2847 3262 3011 3315 rebus
3062 3267 3146 3316 est
3197 3275 3320 3316 sors

1735 3362 1900 3423 atque
1927 3351 2172 3407 conditio
2196 3353 2423 3406 tributa.

1806 3443 1945 3500 V’lll.
1986 3444 2174 3499 Redeo
2211 3443 2279 3498 ad
2317 3442 2582 3498 Jacobum
2629 3441 2802 3506 illum,
2845 3459 3004 3512 quem
3048 3441 3321 3514 Iosephus

1735 3552 1907 3591 annos
1953 3537 2076 3606 plus
2109 3537 2289 3591 minus
2321 3543 2483 3590 natus
2515 3551 2583 3588 XL
2611 3535 2816 3606 genuit.
2851 3537 2982 3588 Post
3013 3535 3156 3588 hunc
3179 3537 3320 3591 alius

1735 3628 1786 3683 ei
1833 3627 1978 3682 ﬁlius
2015 3627 2280 3691 nascitur,
2327 3626 2416 3678 cui
2457 3623 2587 3680 Jose
2635 3639 2832 3679 nomen
2879 3623 2999 3678 fuit.
3037 3622 3166 3678 Inde
3213 3623 3319 3695 Sy-

1736 3735 1894 3774 meon
1926 3735 1988 3773 ac
2016 3717 2218 3780 ludas;
2262 3717 2382 3772 ﬁliae
2413 3733 2540 3773 vero
2589 3717 2741 3784 duae,
2777 3717 2946 3770 Maria
2983 3711 3316 3773 et'Salome.

1738 3812 1877 3866 Tum
1909 3820 2122 3866 mortua
2155 3825 2344 3874 uxore,
2387 3811 2574 3866 multis
2605 3819 2728 3881 post
2762 3811 2922 3864 annis
2955 3809 3154 3864 viduus
3195 3811 3319 3864 Ma-

1737 3905 1873 3958 riam
1919 3903 2097 3965 dnxit,
2145 3919 2270 3957 cum
2319 3903 2711 3973 octogesimum
2756 3912 2918 3971 atque
2963 3915 3028 3956 eo
3083 3903 3318 3972 amplius

1739 4011 1942 4050 annum
1979 3996 2272 4064 attigisset.
2311 3994 2559 4060 Mariam,
2593 3995 2836 4065 inquam,
2869 3993 2921 4047 id
2955 3996 3135 4049 artatis
3169 4008 3322 4048 acce-

1738 4089 1837 4158 pit,
1866 4095 1925 4141 ut
1957 4088 2306 4158 Evangeliqu
2339 4096 2529 4140 narrat
2560 4107 2572 4141 :
2616 4085 2748 4140 Cum
2787 4095 2942 4150 esset,
2968 4088 3162 4156 inquit,
3210 4087 3308 4139 de-

1739 4188 1993 4248 sponsata
2025 4178 2268 4232 Maria“.
2305 4177 2424 4231 Non
2473 4179 2625 4244 dicit,
2669 4195 2790 4233 cum
2835 4178 3134 4247 nupsisset.
3181 4177 3314 4230 llem

1739 4272 1848 4325 alio
1886 4273 2006 4325 loco
2037 4289 2050 4325 :
2082 4273 2200 4324 Non
2249 4273 2486 4341 cognovit
2532 4271 2684 4324 illam
2709 4272 2752 4326 °.
2809 4267 2965 4324 Subit
3017 4283 3148 4322 vero
3192 4269 3316 4322 illos

1739 4379 1930 4419 omnes
1975 4363 2262 4427 admirari,
2299 4363 2392 4433 qui
2436 4377 2632 4432 pravas
2673 4361 2937 4431 quasdam
2990 4361 3314 4414 occasiones

95 4461 200 4532 ᾔδει
228 4463 432 4530 αὑτήν.
482 4461 770 4531 Θαυμάσαι
805 4459 863 4511 δὲ
918 4458 1063 4512 ἐστιν
1107 4457 1200 4510 ἐπὶ
1246 4459 1432 4518 πᾶσιν,
1459 4451 1541 4519 οἷς
1581 4458 1635 4509 αἱ

1750 4472 1809 4511 ac
1839 4457 2048 4528 species
2073 4464 2376 4526 captantes.
2407 4469 2595 4510 eorum
2617 4469 2739 4524 quae
2761 4453 2894 4508 nihil
2925 4453 3064 4508 scire
3090 4455 3310 4518 attinet,

95 4557 360 4625 προφάσεις
397 4553 675 4626 θηρῶνται
720 4554 776 4606 αἱ
827 4553 1060 4623 πονηραὶ
1089 4553 1130 4618 ¹,
1163 4554 1255 4606 καὶ
1291 4547 1365 4607 ὧν
1391 4555 1490 4607 οὐκ
1519 4551 1634 4604 ἔστι

96 4649 226 4718 χρεία
250 4650 472 4719 ἑρευνᾷν
511 4646 610 4710 τὰς
646 4644 843 4709 αἰτίας,
873 4646 966 4698 καὶ
993 4643 1175 4717 ζητεῖν
1211 4647 1279 4698 τὰ
1325 4647 1398 4718 μὴ
1444 4644 1634 4716 ζητού-

97 4757 229 4807 μενα,
255 4741 358 4794 ἀπὸ
391 4741 448 4793 δὲ
477 4737 584 4792 τῶν
633 4737 942 4805 ἀναγκαίων
978 4737 1271 4809 τρέπεσθαι
1318 4739 1408 4791 ἐπὶ
1444 4737 1633 4808 μωρὰς

96 4831 337 4900 ζητήσεις,
387 4831 474 4883 ἵνα
519 4829 735 4891 πάντως
785 4845 886 4880 που
923 4829 985 4880 ὲκ
1019 4827 1354 4899 πανταχόθεν
1388 4828 1631 4901 συναφθῇ

94 4921 201 4986 ἡμῖν
229 4919 444 4992 ὄλεθρος
471 4917 725 4979 ἀπιστίας
760 4917 852 4968 καὶ
882 4916 1226 4988 βλασφημίας
1255 4917 1342 4970 διὰ
1370 4918 1468 4982 τὰς
1498 4919 1634 4989 πρὸς

95 5013 195 5074 τοὺς
236 5014 420 5081 ἁγίους
459 5009 696 5079 ἀτιμίας.
747 5009 856 5061 Καὶ
901 5009 1112 5080 πρῶτον
1155 5009 1254 5080 μὲν
1298 5005 1390 5062 οὖν
1424 5009 1634 5080 ἐλέγχει

95 5104 260 5168 αὐτοὺς
315 5101 652 5173 πανταχόθεν
699 5103 731 5171 ὴ
779 5099 1086 5166 ἀκολουθία,
1133 5101 1213 5153 ὅτι
1270 5100 1485 5171 πρῶτον
1537 5101 1634 5171 μὲν

97 5194 243 5264 γέρων
297 5197 438 5268 ὑπὲρ
507 5193 834 5262 ὁγδοήκοντα
885 5191 978 5264 ἔτη
1045 5189 1283 5261 γεγονὼς
1330 5191 1428 5244 οὐκ
1475 5191 1634 5244 ἔλαϐε

1741 4564 1939 4604 causas
1980 4548 2338 4617 investigarit,
2387 4561 2450 4600 ac
2499 4561 2621 4616 quae
2655 4544 2876 4600 minime
2921 4547 3314 4614 perscrutanda

1745 4647 1874 4696 sunt
1919 4639 2239 4710 inquirunt,
2275 4648 2329 4694 et
2370 4653 2400 4690 a
2443 4635 2771 4692 necessariis
2813 4636 2978 4691 rebus
3017 4636 3082 4691 ad
3119 4637 3316 4690 stultas

1751 4733 2082 4804 quaestiones
2111 4747 2232 4787 sese
2261 4738 2609 4794 convertunt,
2644 4739 2702 4784 ut
2738 4745 2804 4783 ev
2847 4745 2910 4782 ea
2947 4745 3067 4800 quae
3109 4732 3316 4784 sanctis

1743 4823 2064 4892 imponitur,
2114 4821 2432 4892 ignominia,
2484 4819 2818 4873 inﬁdelitatis
2863 4835 2929 4873 ex
2969 4819 3116 4871 omni
3163 4827 3317 4888 parte

1741 4915 1900 4969 nobis
1932 4929 1994 4968 ac
2028 4912 2374 4982 blasphemia:
2405 4911 2698 4979 perniciem
2731 4919 2892 4978 atque
2927 4911 3156 4964 exitium
3214 4911 3316 4962 im~

1745 5014 1980 5077 portent.
2022 5004 2292 5070 Quocirca
2352 5004 2591 5074 primum
2642 5003 2764 5057 illos
2813 5003 2890 5056 rei
2938 5002 3104 5056 series
3156 5010 3315 5071 atque

1742 5099 1877 5153 ordo
1935 5100 2049 5168 ipse
2092 5098 2390 5162 convincit,
2450 5096 2594 5164 quod
2647 5095 2898 5166 inprimis
2945 5095 3104 5148 homo
3151 5110 3314 5148 senex

1742 5204 1908 5260 supra
1945 5204 2087 5243 Lux
2127 5203 2302 5244 annos
2331 5195 2496 5242 natus
2529 5187 2794 5257 virginem
2827 5185 2894 5240 ad
2933 5201 3092 5239 usum
3119 5201 3305 5256 corpo-

151 5353 168 5384 ¹
200 5353 317 5410 Cor.
345 5355 396 5408 οἱ
424 5351 669 5424 πονηροί.
746 5353 768 5383 ⁸
808 5349 927 5406 Gal.
957 5364 997 5414 ι,
1031 5348 1116 5404 19.
1195 5347 1216 5380 ³
1247 5345 1379 5402 Luc.
1411 5362 1492 5414 ιιι,
1520 5346 1612 5402 25.

1750 5347 1880 5402 Luc.
1913 5361 1974 5410 Il,
2005 5345 2098 5400 48.
2174 5345 2194 5377 ³
2227 5343 2419 5401 Matth.
2447 5360 2486 5410 ι,
2521 5343 2601 5400 18.
2675 5345 2695 5376 ⁸
2725 5344 2856 5399 ibid.
2891 5343 2981 5398 26.

155 5511 252 5580 (99)
279 5513 518 5566 Ὦϐλίιιν
537 5511 1015 5579 ἑρμηνευόμενον
1031 5505 1638 5580 tsizocg._1l-lelius_qnam

99 5575 402 5652 Hegi-sippns
440 5575 581 5652 apud
601 5575 938 5652 Ensebglib.
968 5593 1026 5652 ti,
1059 5593 1179 5646 cap.
1211 5577 1304 5638 25,
1345 5575 1501 5631 unde
1524 5577 1642 5652 haec

99 5645 352 5723 desumpta
386 5645 546 5718 sunt;
582 5655 675 5722 qui
723 5650 936 5704 Ὠϐλίαν
965 5645 1352 5718 interpretatur
1384 5645 1642 5720 περιοχὴν

1738 5504 1831 5559 τοῦ
1861 5504 2014 5578 λαοῦ,
2051 5507 2146 5558 καὶ
2176 5501 2553 5578 δικαιοσύνην.
2595 5500 2700 5558 Sed
2730 5511 2814 5559 est
2857 5501 3120 5559 Hebraice
3147 5479 3311 5578 τρβεπ

1741 5591 1862 5642 arx,
1898 5577 2014 5632 sive
2041 5577 2263 5629 munitio
2303 5573 2424 5630 Dei.
