3790 6212
522 272 619 328 711

505 388 596 454 ,ris
629 403 738 443 non
767 387 1060 460 acceperit,
1092 388 1188 445 sed
1232 387 1414 444 divina
1447 390 1630 462 potius
1661 392 2001 463 providentia
2030 392 2097 446 ad

518 479 667 534 illam
735 481 1147 536 custodiendam
1195 490 1280 537 est
1324 484 1628 553 appositus.
1683 483 1885 539 Deinde
1936 485 2096 540 ambo

512 579 670 628 erant
705 573 894 643 utique
917 572 1092 651 juSti;
1131 589 1307 644 neque
1335 575 1428 645 qui
1466 575 1569 628 hoc
1597 577 1764 629 semel
1805 575 2093 640 audiisset,

513 663 683 719 fetum
715 665 888 732 illum,
917 657 1080 735 quém
1115 666 1169 720 in
1198 674 1354 720 utero
1391 666 1508 736 ipsa
1541 667 1806 735 gestabat,
1829 682 1860 722 e
1886 665 2094 736 Spiritu

513 772 640 813 esse
668 766 882 824 saneto,
906 765 1030 827 post
1054 765 1257 812 tantam
1287 756 1380 812 Dei
1409 757 1940 813 administrationem
1965 773 2096 813 vase

513 846 611 901 illo
644 848 869 902 auderet
899 848 998 912 uti,
1038 846 1185 917 quod
1213 863 1336 902 eum
1375 863 1570 917 capere
1606 855 1899 911 meruerat,
1931 861 2092 917 quem

511 937 584 993 ob
622 939 978 1012 excellentem
1024 938 1249 1008 gloriam
1282 938 1481 993 coelum
1519 953 1584 993 ac
1632 949 1777 994 terra
1811 939 2094 994 continere

508 1046 619 1086 non
651 1041 901 1104 possunt.
933 1030 1068 1085 Nam
1093 1032 1139 1086 si
1166 1031 1268 1085 hoc
1303 1031 1420 1100 ipso
1463 1039 1709 1100 tempore
1751 1030 1991 1100 virgines
2035 1030 2088 1083 in

507 1122 628 1192 ejus
661 1124 882 1178 nomine
918 1138 1268 1193 perseverare
1308 1124 1364 1177 in
1405 1124 1495 1177 illo
1535 1130 1703 1186 statu,
1741 1137 1804 1177 ac
1830 1122 2091 1177 castimo-

507 1215 655 1270 niam
689 1227 742 1270 et
784 1214 1178 1292 continentiam
1212 1231 1432 1270 servare
1471 1215 1836 1278 contendunt,
1880 1223 2090 1284 quanto

505 1307 686 1382 major
712 1305 932 1384 Iosephi
962 1307 1152 1379 religio
1184 1317 1302 1363 erat
1339 1322 1403 1360 ac
1452 1306 1655 1371 Marizc,
1692 1323 1834 1377 quae,
1864 1317 1924 1361 ut
1950 1306 2090 1361 scri-

506 1409 656 1471 ptum
687 1407 790 1464 est,
821 1400 1005 1455 omnia
1031 1401 1086 1455 in
1118 1403 1282 1455 corde
1313 1415 1415 1454 suo
1451 1400 1770 1455 conterebat
1796 1400 1852 1454 ‘1?
1891 1398 2088 1469 Cujus-

505 1492 652 1547 modi
688 1507 816 1547 vero
846 1500 963 1547 erat
1000 1491 1168 1555 illud,
1205 1499 1330 1561 post
1372 1492 1480 1546 tale
1525 1502 1848 1562 tantumque
1887 1491 2087 1546 divina:

503 1583 860 1658 providentiae
912 1584 1266 1654 mysterium,
1323 1583 1662 1652 decrepitum
1720 1598 1906 1638 senem
1958 1597 2084 1636 cum

501 1677 711 1746 virgine
755 1675 1064 1744 castissima
1117 1684 1170 1730 et
1195 1675 1632 1730 .lionoratissima
1686 1688 2082 1736 consuescere,

502 1781 624 1820 cum
655 1781 740 1829 eo,
777 1765 1021 1836 inquam,
1061 1781 1207 1834 vase,
1241 1766 1386 1836 quod
1423 1781 1546 1820 eum
1565 1764 1656 1835 qui
1687 1765 1807 1834 capi
1836 1781 1948 1817 non
1987 1780 2085 1842 po-

502 1864 612 1913 test
643 1866 882 1928 ceperat,
939 1873 1002 1912 ac
1047 1867 1154 1910 tam
1203 1857 1534 1928 stupendum
1572 1855 1804 1930 prodigii
1840 1856 2082 1911 caelestis

499 1959 554 2006 et
587 1950 837 2004 humanae
875 1950 1068 2006 salutis
1105 1950 1428 2020 mysterium
1474 1949 1820 2018 complexum
1864 1947 2085 2012 fuerat?

573 2042 667 2097 IX.
711 2045 848 2110 Nam
876 2059 996 2114 qua:
1019 2043 1262 2115 rationes
1287 2042 1355 2116 ad
1385 2041 1519 2116 illud
1552 2041 1948 2113 ostendendum
1974 2055 2084 2110 non

500 2144 816 2207 suppetant,
863 2118 1076 2204 beatam
1111 2134 1394 2205 Virginem
1427 2134 1481 2186 in
1515 2133 1843 2189 castimonia
1887 2133 2086 2202 persti-

502 2227 680 2282 tisse?
721 2211 960 2280 Doceant
998 2241 1099 2280 nos
1137 2226 1234 2289 illi,
1278 2232 1401 2295 post
1435 2223 1770 2278 Salvatorem
1807 2223 1862 2277 in
1908 2223 2084 2277 lucem

500 2317 709 2373 editum
744 2318 884 2371 ullos
923 2317 1146 2369 Mariam
1192 2317 1470 2386 peperisse
1503 2316 1724 2370 liberos.
1759 2313 1954 2368 Dicant
1983 2313 2084 2367 ho-

501 2424 624 2465 rum
648 2407 890 2471 nomina,
916 2405 1121 2478 1041
1165 2422 1248 2472 ac,
1279 2406 1324 2461 si
1346 2406 1546 2475 placet,
1571 2405 1883 2476 contingant
1936 2404 2082 2458 frau-

505 2501 593 2556 dis
657 2514 721 2553 ac
763 2499 1023 2554 versutia:
1071 2498 1252 2553 omnis
1289 2497 1597 2569 architecti.
1641 2495 1747 2551 Sed
1799 2497 1930 2550 illud
1987 2497 2082 2552 de-

498 2599 806 2646 monstrare
859 2573 1163 2660 nunquam-
1190 2598 1468 2660 poterunt.
1521 2587 1640 2642 Non
1693 2590 1839 2643 enim
1910 2588 2076 2642 ullam

501 2681 668 2752 Virgo
693 2684 792 2738 viri
820 2683 1272 2738 consuetudinem
1308 2680 1520 2735 habuit.
1553 2682 1711 2735 Absit
1742 2689 1800 2734 ut
1823 2681 2079 2736 habuisse

497 2778 781 2848 putemus!
825 2776 878 2829 Si
927 2778 1069 2830 enim
1105 2775 1318 2844 aliquos
1350 2774 1553 2829 liberos
1604 2774 1926 2844 peperisset,
1959 2789 2079 2844 quae

495 2884 620 2924 cum
680 2869 964 2924 Salvatore
1016 2869 1136 2938 ipso
1191 2867 1513 2922 versabatur
1567 2867 1808 2929 assidue,
1867 2882 1976 2920 una
2024 2873 2079 2922 et

495 2961 671 3031 ipsius
708 2963 847 3016 lilios
879 2962 1082 3015 vixisse
1113 2960 1383 3014 dicerent.
1417 2958 1524 3013 Sed
1559 2959 1662 3014 hoc
1692 2960 1800 3028 illis
1835 2958 2077 3028 Evange-

500 3055 557 3108 lii
592 3056 796 3108 dictum
836 3054 1136 3123 imposuit:
1169 3053 1298 3108 Ecce
1343 3063 1511 3107 mater
1546 3063 1640 3104 tua
1691 3060 1740 3106 et
1775 3053 1968 3121 fratres
1999 3053 2076 3105 tui

495 3147 628 3215 foris
658 3155 822 3208 stant,
855 3154 1140 3215 qua-rentes
1170 3157 1217 3200 te
1243 3148 1286 3199 ’.
1312 3145 1422 3199 Nec
1454 3144 1585 3198 illud
1611 3145 2069 3210 animadvertunt,

495 3238 639 3308 quod
675 3246 832 3290 antea
867 3240 1130 3307 scriptum
1161 3247 1244 3293 est
1269 3257 1283 3294 :
1309 3237 1576 3304 Quoniam
1607 3235 1802 3304 fratres
1829 3236 1943 3305 ejus
1973 3253 2076 3290 non

492 3329 775 3384 credebant
816 3330 869 3382 in
898 3329 1050 3383 illum
1083 3331 1123 3384 ³.
1167 3329 1458 3385 Enimvero
1489 3345 1588 3384 nos
1616 3344 1909 3398 progressu
1939 3336 2076 3383 tem-

493 3423 644 3493 poris
687 3423 1070 3477 instructiores
1118 3421 1336 3484 redditi,
1373 3436 1498 3476 cum
1548 3420 1845 3488 aliquando
1887 3435 2074 3475 sacras

491 3512 727 3569 Litteras
769 3520 880 3567 tam
929 3513 1250 3582 simpliciter
1293 3513 1530 3584 scriptas
1561 3527 1683 3567 esse
1719 3512 2068 3575 miraremur,

492 3615 782 3679 postquam
821 3608 1038 3677 penitus
1085 3606 1267 3660 omnia
1313 3605 1670 3675 pervidimus.
1721 3604 1831 3660 Deo
1870 3606 2072 3674 gratias

491 3715 652 3771 agere
681 3700 972 3769 coopimus,
1007 3699 1101 3768 qui
1137 3697 1486 3767 paucissimis
1519 3697 1847 3767 quibusdam
1890 3698 2071 3754 verbis

491 3805 682 3844 eorum
703 3791 969 3856 omnium,
998 3806 1118 3860 qua:
1145 3791 1199 3845 in
1227 3791 1398 3845 sacris
1424 3789 1648 3844 Litteris
1676 3790 1882 3859 scripta
1913 3798 2066 3854 sunt,

492 3882 758 3936 munitam
791 3897 855 3937 ac
897 3883 1196 3938 stabilitam
1243 3883 1527 3937 veritatem
1581 3881 1840 3937 exhibere
1871 3883 2065 3937 voluit.

493 3973 632 4030 Cum
658 3976 802 4029 enim
837 3975 904 4030 de
929 3973 1135 4030 Jacoho
1168 3974 1388 4030 assidue
1423 3974 1554 4028 illud
1587 3973 1924 4038 audiremus,
1961 3973 2072 4028 fra-

493 4073 632 4120 trem
657 4067 837 4136 ipsum
871 4065 1089 4121 Domini
1119 4076 1370 4121 vocatum
1423 4067 1614 4132 fuisse,
1645 4067 1777 4137 quid
1801 4069 1946 4122 istud
1980 4077 2066 4124 to-

492 4159 597 4214 ties
643 4174 869 4216 necesse
910 4160 1049 4215 foret
1081 4169 1326 4230 repetere
1363 4161 1745 4215 admirabundi
1784 4161 2068 4232 qumreba-

491 4266 636 4308 mus.
668 4251 824 4307 Nunc
851 4261 1032 4308 autem
1067 4268 1166 4307 cur
1194 4253 1247 4308 id
1291 4253 1343 4307 in
1385 4255 1557 4309 sacris
1587 4253 1809 4309 Litteris
1843 4262 1969 4309 ante
1995 4257 2068 4309 sit

493 4345 826 4400 inculcatum
857 4346 1232 4415 intelligimus.
1261 4345 1524 4402 Videlicet
1555 4356 1614 4401 ut
1634 4363 1758 4402 cum
1791 4349 2062 4402 audimus:

491 4434 626 4491 Ecce
665 4448 832 4492 mater
861 4448 952 4492 tua
976 4450 1024 4493 et
1053 4439 1254 4506 fratrea
1285 4441 1362 4493 tm’
1408 4440 1539 4508 foris
1574 4449 1740 4506 stant,
1775 4450 2064 4510 quaerentes

492 4537 562 4593 te,
598 4531 667 4583 de
693 4527 899 4584 Jacobu
955 4545 1018 4584 ac
1048 4532 1260 4585 caeteris
1281 4529 1502 4601 Josephi
1535 4533 1683 4599 tiliis,
1717 4547 1829 4587 non
1856 4532 2058 4598 Mariae,

490 4622 584 4691 qui
614 4621 748 4674 nulli
777 4632 925 4682 sunt.
961 4622 1166 4677 dictum
1198 4624 1331 4678 illud
1371 4640 1494 4679 esse
1529 4624 1846 4680 doceamur.
1876 4623 2062 4694 Neque

487 4712 634 4768 enim
691 4712 917 4770 dubium
969 4722 1086 4782 est,
1137 4720 1270 4786 quin
1327 4715 1603 4779 Jacobus,
1650 4733 1761 4788 quo
1817 4728 2063 4787 tempore

490 4805 746 4862 Christus
798 4807 852 4860 in
904 4808 1009 4862 hoc
1048 4809 1254 4864 mundo
1296 4810 1652 4876 versabatur,
1705 4819 1851 4866 esset
1903 4819 2064 4866 aetate

488 4902 818 4970 provectior.
854 4900 1122 4956 Caeterum
1155 4901 1353 4958 fratres
1388 4904 1535 4974 ipsos
1568 4902 1851 4975 Scriptura
1881 4913 2064 4966 vocat,

495 4991 805 5046 contrarias
855 4992 1089 5049 haereses
1137 4995 1297 5049 tacite
1343 4996 1700 5066 redarguens,
1735 5011 1799 5050 ac
1843 4995 2063 5049 nomina

489 5084 707 5138 illorum
753 5086 1093 5154 exprimens:
1144 5083 1442 5149 Jacohum,
1488 5085 1650 5153 Jose,
1700 5085 2062 5157 Symeoneni,

485 5173 704 5240 Judam,
759 5178 1016 5232 Salomen
1071 5184 1127 5231 et
1167 5176 1414 5233 Mariam.
1463 5178 1541 5232 Ex
1579 5196 1689 5248 quo
1723 5178 2060 5232 declaratum

490 5267 626 5324 illud
662 5268 851 5331 voluit,
891 5268 1050 5338 cujus
1089 5268 1256 5332 ﬁlius,
1291 5276 1344 5322 et
1382 5284 1447 5322 ex
1477 5283 1582 5338 qua
1613 5275 1787 5322 matre
1819 5264 2059 5321 Jacobus

485 5368 631 5415 esset
656 5361 894 5430 genitus,
921 5371 1032 5414 tum
1060 5373 1180 5414 uter
1207 5369 1335 5414 natu
1368 5360 1626 5431 grandior
1659 5359 1816 5413 foret.
1849 5357 2060 5412 Etenim

485 5451 644 5508 Jesus
675 5467 817 5506 anno
841 5453 1019 5508 aetatis
1047 5467 1160 5507 suae
1189 5467 1362 5506 muti
1411 5451 1465 5505 in
1505 5467 1725 5506 crucem
1775 5459 1932 5504 actus
1961 5459 2067 5511 est,

558 5567 574 5598 ¹
601 5564 741 5622 Luc.
768 5585 829 5631 ιι,
870 5570 956 5626 l9.

559 5687 634 5758 (ί)
671 5689 878 5762 Τοῦ-δὲ
917 5691 1175 5762 Ἡρώδου
1197 5689 1275 5762 ἦν
1296 5691 1422 5746 κατ’
1449 5691 1644 5745 ἐκεῖνο
1671 5689 1898 5756 καιροῦ.
1931 5688 2052 5742 Fal-

489 5757 725 5815 sumcst
758 5757 1019 5815 llerodem
1071 5757 1244 5828 illum,
1290 5777 1398 5833 quo
1432 5770 1690 5832 regnante
1725 5777 1919 5830 passus
1975 5767 2056 5815 est

1033 5571 1053 5600 ’
1087 5567 1218 5623 Luc.
1261 5586 1378 5634 vni,
1411 5567 1502 5622 20.
1578 5568 1600 5599 ³
1632 5566 1791 5622 Joan.
1825 5583 1922 5630 vti,
1956 5566 2006 5620 5.

1924 270 1982 326 S.
2016 269 2359 325 EPIPHANII

3619 275 3686 330 iii

2126 401 2174 457 Α
2203 393 2466 466 παρθένον
2499 391 2578 456 εἰς
2616 394 2829 465 χρῆσιν,
2863 390 2996 446 ἀλλὰ
3046 390 3244 463 μᾶλλον
3271 389 3566 463 ᾠκονομήθη
3586 397 3688 469 αὐτῷ

2197 488 2273 551 είς
2308 485 2369 538 τὸ
2397 484 2683 556 φυλάττειν
2703 501 2714 512 ·
2746 483 2997 554 δεύτερον
3022 483 3078 535 δὲ
3107 483 3324 545 πάντως
3349 499 3446 535 που
3483 485 3563 536 καί
3585 489 3688 542 αὐτοὶ

2197 579 2438 651 ὑπῆρχον
2465 579 2686 636 δίκαιοι.
2730 578 2840 632 Καὶ
2872 578 2974 630 οὑκ
3007 577 3206 646 ἐτόλμα
3232 578 3260 629 ὁ
3289 575 3529 638 ἀκούσας,
3552 579 3618 632 ὅτι
3649 584 3690 635 ἐκ

2195 671 2512 743 Πνεύματος
2548 670 2705 739 ἁγίου
2747 669 2863 723 ἐστὶ
2893 669 2956 722 τὸ
2986 671 3042 722 ὲν
3074 670 3235 738 αὑτῇ,
3263 668 3342 720 ἔτι
3383 668 3690 725 ὲπιδάλλεσθιιι

2198 765 2335 836 μετὰ
2386 763 2642 833 τοιαύτην
2687 760 2999 832 οἰκονομίαν
3046 759 3280 834 χρῆσθαι
3327 760 3406 829 τῷ
3455 762 3608 813 σκεύει
3640 764 3690 833 τῷ

2193 855 2582 924 καταξιωθέντι
2609 855 2878 926 χωρῆσαι,
2906 855 2965 907 ὃν
2992 853 3218 924 οὐρανὸς
3240 853 3333 905 καὶ
3355 852 3424 922 γῆ
3442 854 3532 906 οὑκ
3553 854 3690 926 ἐχώρει

2190 952 2258 1007 δι’
2290 951 2592 1023 ὑπερϐολὴν
2622 951 2720 1020 τῆς
2749 949 2912 1005 αὑτοῦ
2944 949 3122 1018 δόξης.
3155 948 3218 1000 Εἰ
3249 947 3356 1016 γὰρ
3404 947 3491 1000 καὶ
3530 947 3606 1000 νῦν
3640 953 3691 1011 εἰς

2191 1043 2360 1114 ὄνομα
2416 1041 2582 1096 αὑτοῦ
2631 1041 2890 1111 παρθένοι
2918 1038 3182 1094 διατελεῖν
3229 1035 3594 1105 ἀγωνίζονται,
3631 1044 3692 1091 καὶ

2192 1135 2462 1204 ἁγνεύειν,
2511 1133 2607 1187 καὶ
2639 1132 3065 1205 ὲγκρατεύεσθαι
3091 1148 3104 1161 ·
3160 1129 3275 1193 πῶς
3325 1130 3513 1199 μᾶλλον
3545 1132 3622 1183 οὐκ
3647 1129 3691 1202 ἦν

2192 1226 2507 1298 πιστότερος
2546 1224 2764 1295 Ἰωσὴφ,
2793 1224 2887 1277 καὶ
2915 1223 3052 1293 αὑτὴ
3095 1223 3127 1293 ἡ
3171 1222 3362 1292 Μαρία
3400 1222 3558 1274 πάντα
3594 1241 3690 1293 συμ-

2191 1319 2458 1372 ϐάλλουσα
2505 1319 2585 1379 εἰς
2624 1316 2854 1385 καρδίαν
2898 1315 3086 1385 αὐτῆς,
3127 1314 3202 1377 ὼς
3245 1314 3565 1383 γέγραπται;
3601 1316 3691 1367 aut

2192 1409 2330 1479 μετὰ
2355 1408 2621 1479 τοσαύτην
2664 1410 2756 1462 καὶ
2786 1407 3041 1480 τοιαύτην
3084 1408 3177 1461 καὶ
3204 1409 3522 1479 τηλικαύτην
3548 1413 3694 1464 οἰκονο-

2191 1502 2340 1572 μίαν,
2370 1502 2704 1572 συναφθῆναι
2738 1501 2900 1561 πάλιν
2936 1502 3166 1572 γέροντα
3207 1501 3466 1572 Παρθένῳ
3499 1504 3608 1573 ἁγνῇ
3629 1507 3692 1556 nl

2185 1593 2542 1664 τετιμημένῃ,
2597 1593 2690 1646 καὶ
2737 1592 2919 1646 σκεύει
2964 1593 3274 1663 χωρήσαντι
3320 1593 3412 1644 τὸν
3456 1594 3689 1664 άχώρῃτιν,

2187 1687 2280 1740 καὶ
2310 1685 2690 1756 ὑποδεξαμένῳ
2729 1684 2968 1737 τοιοῦτον
3018 1685 3315 1755 μυστήριον
3347 1684 3555 1754 σημείου
3578 1687 3690 1737 ἐποι-

2113 1799 2157 1855 B
2188 1777 2368 1850 ρανίου
2401 1780 2495 1832 καὶ
2523 1779 2665 1850 ζωῆς
2697 1779 3033 1851 ἀνθρώπων;

2257 2041 2333 2096 Θν.
2375 2042 2546 2096 Πόθεν
2578 2043 2686 2115 γὰρ
2729 2043 2790 2096 οὑ
2839 2042 3122 2114 δείξωμεν,
3158 2046 3239 2099 ὅτι
3281 2046 3420 2117 ἁγνὴ
3465 2045 3690 2100 διετέλεσε-ι

2185 2133 2219 2204 ἡ
2249 2131 2558 2204 Παρθένος;
2605 2133 2948 2200 Δειξάτωσαν
2979 2137 3108 2206 ἡμῖν
3146 2136 3331 2200 εὐθὺς,
3380 2137 3459 2189 ὃτι
3487 2139 3600 2207 μετὰ
3627 2141 3690 2207 τὴν

2183 2223 2278 2276 τοῦ
2308 2225 2556 2296 Σωτῆρος
2586 2225 2741 2296 ήμῶν
2768 2226 2964 2297 κύησιν
2997 2227 3148 2291 τινὰς
3174 2229 3463 2300 ἐγέννησεν
3485 2232 3514 2300 ἡ
3538 2231 3689 2300 Μαρία.

2184 2314 2392 2368 Είπωσι
2427 2316 2494 2369 τὰ
2537 2317 2775 2387 ὀνόματα
2824 2318 3148 2382 πλάττοντες
3179 2321 3228 2372 οἱ
3271 2321 3609 2392 πλαστουργοὶ
3631 2323 3691 2372 καὶ

2185 2406 2422 2478 ῥαψῳδοὶ
2473 2409 2570 2479 τῆς
2615 2409 2830 2479 ἀπάτης
2880 2409 2974 2462 καὶ
3021 2408 3464 2479 κακομηχανίας·
3515 2412 3590 2462 καὶ
3625 2411 3691 2460 nix

2182 2498 2362 2570 ἔχουσι
2403 2500 2590 2564 δεῖξαι.
2641 2501 2715 2554 Οὑ
2758 2500 2865 2572 γὰρ
2895 2494 3141 2573 συνήφθη
3171 2502 3192 2531 ⁸
3222 2502 3302 2553 ἔτι
3336 2501 3600 2571 Παρθένος·
3642 2502 3690 2568 μὴ

2181 2590 2387 2658 γένοιτο
2411 2591 2422 2642 !
2461 2591 2523 2642 Εί
2551 2589 2660 2660 γὰρ
2688 2589 2975 2662 ἐγέννησεν
3005 2590 3093 2643 ἀεί
3136 2605 3263 2642 ποτε
3297 2589 3395 2640 σὺν
3421 2582 3551 2653 αύτῷ
3575 2586 3693 2653 ὑπεὶρ·

2180 2700 2349 2753 χουσα
2387 2681 2465 2753 τῷ
2501 2683 2733 2753 Σωτῆρι,
2769 2682 2886 2753 ἅμα
2930 2682 3113 2751 ἔλεγον
3143 2682 3236 2735 καὶ
3272 2681 3344 2734 τὰ
3390 2681 3540 2732 τέκνα
3573 2679 3692 2743 αὐτῆς

2182 2778 2441 2831 συνεῖναι.
2474 2775 2656 2845 Πλανᾷ
2698 2775 2754 2828 δὲ
2803 2776 3002 2838 αὐτοὺς
3042 2774 3103 2828 τὸ
3148 2773 3474 2845 εἰρημένον·
3523 2770 3689 2834 Ἰδι-ίνή

2172 2867 2370 2937 μήτηρ
2407 2884 2544 2933 σου,
2584 2867 2684 2921 καὶ
2725 2869 2779 2920 οὶ
2835 2867 3088 2937 ἀδελφοί
3129 2884 3244 2922 σου
3296 2865 3415 2929 ἔξω
3461 2863 3691 2928 ἑστήκασι

2178 2958 2489 3026 ὥττοῦντές
2539 2976 2632 3014 σε.
2679 2960 2788 3012 Καὶ¹
2834 2960 2934 3013 οὑκ
2982 2960 3187 3014 οἴδασιν
3229 2959 3257 3012 ὂ
3303 2962 3412 3028 πρὸ
3454 2955 3614 3008 τούτου
3647 2950 3692 3022 ἦν

2177 3051 2584 3122 γεγραμμένον·
2619 3052 2739 3102 Ὅτι
2780 3053 2834 3104 οἱ
2873 3051 3121 3120 ἀδελφοὶ
3171 3049 3401 3104 aurai"
3433 3049 3691 3104 ἐπίστευεν

2101 3149 2142 3208 C
2175 3145 2262 3208 εἰς
2297 3144 2502 3196 αὐτόν.
2533 3143 2924 3213 Προϐαίνοντες
2978 3143 3087 3214 γάρ
3138 3145 3230 3195 καὶ
3261 3143 3423 3212 ἡμεῖς
3449 3141 3518 3211 τῷ
3542 3140 3688 3210 χρόνῳ.

2176 3237 2271 3290 καὶ
2311 3235 2682 3306 θαυμάζοντες
2724 3236 2816 3289 ἐπὶ
2861 3239 2974 3300 τοῖς
3025 3237 3082 3288 ὲν
3125 3239 3245 3299 ταῖς
3294 3236 3464 3299 θείαις
3506 3235 3691 3305 Fracte-ai;

2173 3328 2248 3392 ὡς
2283 3328 2513 3391 εὐτελῶς
2553 3328 2981 3400 γεγραμμένοις,
3016 3328 3125 3381 ἰδοὺ
3155 3327 3298 3381 κατὰ
3331 3330 3437 3381 πᾶν
3472 3329 3522 3380 ὲν
3551 3326 3687 3393 aiat",-

2176 3438 2256 3475 σει
2291 3423 2589 3492 γινόμενοι,
2617 3421 3043 3492 εὐχαριστοῦμεν
3069 3420 3186 3491 Θεῷ
3217 3420 3295 3490 τῷ
3341 3419 3688 3492 προασφαλιςαο

2175 3514 2321 3585 μένῳ
2369 3514 2457 3567 διὰ
2503 3513 2611 3567 τῶν
2654 3513 2952 3568 δοκούντων
3001 3514 3246 3585 βραχέων
3293 3513 3540 3584 ῥημάτων
3579 3509 3688 3578 ἐντῇ

2173 3605 2292 3675 θείᾳ.
2319 3606 2508 3678 Γραφῇ
2542 3607 2808 3678 παριστᾷν
2838 3606 3017 3677 πάσης
3053 3606 3275 3677 Γραφῆς
3320 3605 3421 3677 τὴν
3465 3603 3687 3674 ἀλήθειαν.

2184 3697 2296 3751 Ἀεὶ
2341 3698 2449 3768 γὰρ
2478 3697 2766 3761 ἀκούοντες
2791 3699 2918 3769 περὶ
2956 3697 3233 3762 Ἰακώϐου,
3264 3699 3352 3751 ὅτι
3398 3690 3539 3759 οὗτος
3576 3694 3686 3748 ἀδελ-

2171 3787 2270 3857 φὸς
2303 3788 2548 3842 ἐκαλεῖτο
2577 3789 2671 3842 τοῦ
2703 3791 2929 3860 Κυρίου,
2959 3788 3331 3859 θαυμάζοντες
3363 3789 3608 3858 ἐλέγομεν,
3632 3785 3687 3844 τίς

2168 3882 2200 3950 ὴ
2227 3880 2415 3952 χρείας
2453 3880 2567 3934 Νῦν
2597 3881 2653 3934 δὲ
2688 3881 2934 3951 ἔγνωμεν
2972 3881 3038 3934 δι’
3068 3883 3133 3950 ἣν
3161 3881 3365 3944 αἰτίαν,
3396 3881 3467 3941 ὡς
3486 3881 3685 3949 προεῖπεν

2168 3975 2201 4045 ή
2239 3973 2355 4026 θεία
2385 3974 2574 4045 Γραφὴ
2593 3991 2606 4005 °
2656 3973 2793 4027 ἀλλὰ
2817 3975 3031 4036 πάντως
3061 3975 3147 4026 ἵνα
3171 3973 3300 4026 ὅταν
3327 3971 3603 4041 ἀκούωμεν,
3629 3970 3684 4019 ὅτι

2182 4069 2325 4123 Ἰδοὺ
2351 4069 2390 4135 ἢ
2412 4068 2609 4138 μήτηρ
2633 4085 2773 4132 σου,
2800 4069 2895 4122 καί
2926 4072 2979 4123 οἱ
3012 4068 3264 4137 ἀδελφοί
3284 4082 3405 4122 σου
3429 4067 3533 4130 ἔξω
3554 4061 3686 4125 ἐστή-

2169 4178 2313 4216 amat
2360 4161 2673 4231 ζητοῦντές
2714 4180 2807 4227 σε,
2849 4162 3133 4233 μάθωμεν,
3181 4163 3262 4214 ὅτι
3297 4163 3426 4233 περὶ
3486 4156 3682 4212 Ἰακώϐου

2168 4255 2336 4324 λέγει,
2388 4257 2483 4310 καὶ
2525 4255 2635 4308 τῶν
2675 4255 2848 4309 ἄλλων
2907 4255 3037 4308 υἰῶν
3083 4255 3303 4325 Ἰωσὴφ,
3357 4255 3449 4308 καὶ
3497 4254 3548 4304 οὑ
3593 4250 3682 4319 περὶ

2167 4349 2296 4401 υἱῶν
2339 4347 2550 4418 Μαρίας
2585 4347 2694 4401 τῶν
2725 4347 2798 4419 μὴ
2837 4347 3153 4418 γινομένων.
3201 4347 3374 4417 Δῆλον
3402 4346 3502 4416 γάρ
3533 4340 3681 4415 ﬁmi}:

2172 4437 2371 4508 μείζων
2395 4433 2462 4508 ἦν
2489 4439 2518 4490 ὁ
2565 4437 2820 4502 Ἰάκωϐος
2861 4441 2927 4509 τῇ
2964 4437 3147 4508 ἡλικία
3180 4438 3324 4491 κατὰ
3353 4438 3449 4508 τὴν
3479 4437 3680 4504 ἔνσαρκον

2095 4517 2138 4572 Ῑ)
2165 4530 2260 4584 τοῦ
2309 4531 2514 4601 Κυρίου
2566 4531 2884 4601 παρουσίαν.
2945 4529 3228 4599 Ἀδελφούς
3269 4530 3326 4583 δὲ
3369 4529 3548 4591 αὑτοὺς
3575 4526 3681 4590 λέγει

2167 4621 2516 4692 διελέγχουσα
2551 4623 2583 4690 ἠ
2615 4621 2828 4693 Γραφὴ,
2867 4621 2961 4674 καὶ
2987 4621 3244 4692 ὀνομαστὶ
3278 4619 3508 4673 καλοῦσα
3545 4617 3683 4668 Ἰάκω-

2169 4714 2280 4775 ϐον,
2317 4713 2411 4766 καὶ
2462 4713 2638 4782 Ἰωσῆ.
2680 4714 2774 4767 καὶ
2803 4712 3084 4783 Συμεῶνα,
3116 4713 3210 4765 καὶ
3261 4712 3478 4774 Ἰούδαν,
3509 4709 3586 4763 καί
3608 4707 3682 4758 Σα-

2164 4806 2373 4878 λώμην,
2413 4807 2508 4860 καὶ
2545 4807 2782 4878 Μαρίαν.
2833 4807 2948 4859 Ἵνα
2988 4806 3197 4876 μάθωσι
3252 4806 3430 4859 τοίνυν
3454 4805 3578 4864 τίνος
3599 4799 3681 4858 vi”;

2165 4899 2443 4970 τυγχάνει,
2494 4898 2589 4952 καὶ
2636 4899 2700 4953 ὲκ
2745 4899 2904 4962 ποίας
2935 4899 3138 4971 μητρὸς
3185 4900 3214 4952 ὁ
3276 4897 3546 4960 Ἰάκωϐοςο
3587 4893 3678 4959 νοή-

2169 5009 2301 5044 σωσι
2341 4991 2399 5045 δὲ
2441 4991 2583 5044 κατὰ
2610 4991 2708 5062 τὴν
2738 4991 2952 5061 ἡλικίαν
2995 4992 3078 5055 τίς
3125 4993 3239 5044 ἐστι
3281 4991 3489 5061 μείζων.
3529 4988 3576 5040 '0
3602 4984 3678 5050 γὰρ

2179 5082 2386 5154 Ἰησοῦς
2435 5083 2761 5155 σταυροῦται
2810 5085 2866 5136 ὲν
2918 5083 3026 5136 ἔτει
3077 5083 3383 5156 τριακοστῷ
3430 5081 3574 5150 τρίτῳ
3605 5075 3676 5142 τῆς

2168 5172 2332 5226 αὑτοῦ
2361 5175 2625 5244 ὲνσάρκου
2655 5176 2952 5246 παρουσίας
2973 5193 2986 5205 -
3016 5175 3111 5228 τοῦ
3161 5175 3219 5228 δὲ
3255 5173 3482 5246 Ἡρώδου
3506 5168 3563 5241 ἦν
3588 5165 3675 5220 κατ’

2167 5264 2343 5316 ἐκεῖνο
2389 5265 2583 5338 καιροῦ
2663 5269 2762 5333 ti),
2831 5266 2949 5320 υἱοῦ
3003 5267 3059 5320 δὲ
3130 5267 3437 5337 Ἀρχελάου,
3484 5264 3581 5326 ἔτος
3621 5260 3676 5311 εἰ·

2168 5356 2376 5411 κοστόν.

2109 5448 2201 5518 qui
2233 5456 2351 5502 erat
2381 5446 2613 5504 Herodis
2641 5448 2892 5505 Archelai
2928 5451 3022 5504 ﬁlii
3051 5453 3362 5508 vicesimus.

2087 5565 2108 5594 ⁸
2148 5563 2280 5634 Reg.
2312 5563 2602 5633 συνῆφθαι.
2679 5565 2699 5595 ⁵
2726 5563 2884 5620 Deest
2911 5565 3030 5620 οὑκ.

2161 5687 2449 5760 Dominus,
2480 5685 2731 5760 Archelai
2781 5686 2948 5760 fuisse
2977 5688 3182 5760 lilium,
3204 5759 3211 5760 ί
3234 5689 3495 5760 multoque
3537 5691 3667 5760 magni

2165 5758 2306 5830 quod
2341 5765 2392 5813 ct
2420 5757 2584 5827 paulo
2614 5767 2755 5828 post,
2790 5766 2843 5813 ct
2871 5758 3026 5813 initio
3067 5759 3248 5829 operis
3284 5759 3456 5814 huius.
3487 5757 3532 5808 in
3553 5757 3666 5802 εἰπε
