3790 6212
63 323 160 378 715

127 325 160 378 3
631 327 1002 386 ADVERSUS
1041 329 1380 386 lizERESES
1417 331 1543 386 LIB.
1583 329 1602 385 1

1707 331 1868 388 ΤΟΜ.
1913 333 1980 388 ii.
2018 363 2090 374 -—
2126 334 2400 391 HERES.
2439 335 2714 393 LXXVIII.

3169 341 3276 394 ’λιι

127 444 178 495 ιν.
231 441 318 495 Ἐν
344 438 450 512 γάρ
493 440 570 513 τῷ
597 447 898 516 τριακοστῷ
938 445 1106 518 τρίτῳ
1136 445 1244 499 ἔτει
1267 445 1364 500 τοῦ
1396 447 1602 518 πρώτου

1790 448 1860 504 X.
1899 450 2058 504 Anno
2091 452 2288 522 quippe
2321 449 2548 507 Herodis
2591 455 2822 511 senioris
2867 455 3134 527 Antipatri
3177 456 3276 513 (iiii

71 533 320 604 Ἡρώδου,
367 533 480 586 υίοῦ
545 535 916 608 Ἀντιπάτρου,
960 541 1214 607 γεννᾶται
1249 541 1278 592 6
1325 540 1512 611 Σωτὴρ
1557 541 1614 592 ἐν

61 623 298 694 Βηθλεὲμ
321 625 416 694 τῆς
462 625 739 689 Ἰουδαίας.
769 629 904 700 ὅπερ
940 625 1008 701 ἦν
1032 632 1466 698 τεσσαρακοστὸν
1495 629 1614 683 δεύ-

57 733 204 788 τερον
253 717 560 784 Αὐγούστου
590 719 886 787 βασιλέως.
937 723 1046 775 Καὶ
1073 724 1304 793 ποιήσας
1349 723 1444 794 ἐτη
1497 722 1609 786 δύο,

58 807 377 876 λαμϐάνεται
425 809 529 860 ὑπο
567 809 660 862 τοῦ
714 808 907 881 Ἰωσὴφ
948 813 1028 875 εἰς
1071 814 1364 882 Αἴγυπτον,
1412 815 1499 868 διὰ
1541 815 1612 870 τὰ

57 901 152 952 ὑπὸ
189 899 298 952 τῶν
337 899 522 969 μάγων
569 899 646 968 τῷ
689 893 899 971 Ἡρώδῃ
929 905 1191 973 εἰρημένα
1227 905 1320 958 τοῦ
1373 908 1609 977 Ἡρώδου

57 991 332 1060 ζητοῦντος
374 989 464 1042 τὸν
496 991 677 1046 παῖδα.
717 992 942 1045 Κάτεισι
973 993 1030 1046 δὲ
1072 995 1154 1058 εἰς
1175 996 1470 1064 Αἴγυπτον,
1517 999 1611 1051 καὶ

55 1081 186 1132 τελεί
223 1081 397 1132 ἐκεῖσε
429 1080 562 1134 ἄλλα
612 1081 704 1134 δύο
734 1081 848 1153 ἐτη.
895 1081 998 1136 Καὶ
1025 1084 1249 1156 τελευτᾷ
1296 1085 1539 1160 ⁹Ηρώδης
1579 1090 1608 1142 6

57 1170 294 1240 βασιλεὺς
355 1170 463 1222 ἔτει
525 1171 834 1242 τριακοστῷ
891 1172 1122 1243 ἑϐδόμῳ.
1193 1176 1502 1246 Διαδέχεται
1553 1177 1609 1231 δὲ

53 1261 228 1314 τοῦτον
287 1262 577 1332 ,Ἀρχέλαος
611 1266 651 1315 ὁ
686 1263 802 1326 υἱὸς
844 1265 1008 1317 αὑτοῦ
1063 1268 1154 1319 ἐπὶ
1211 1266 1386 1320 ἐτεσιν
1431 1269 1604 1323 ἐννέα.

54 1357 152 1407 Καὶ
183 1353 354 1415 οὔτως
383 1357 415 1424 ὴ
455 1355 806 1426 πραγματεία
845 1357 1163 1425 τελειοῦται,
1195 1360 1291 1412 καὶ
1323 1360 1608 1429 παραδίδο-

53 1465 130 1500 ται
158 1447 372 1518 σταυρῷ
399 1449 846 1520 ὀκτωκαιδεκάτῳ
893 1450 990 1519 μὲν
1027 1449 1135 1504 ἔτει
1177 1451 1424 1524 Τιϐερίου
1473 1453 1609 1506 Καί-

55 1555 235 1608 σαρος,
313 1540 406 1592 τοῦ
461 1540 518 1592 δὲ
575 1541 856 1612 Ἀγρίππα
909 1543 1292 1616 ἐπικληθέντος
1331 1547 1603 1616 Μεγάλοε,

62 1631 286 1700 Ἡρώδου
317 1625 376 1680 δὲ
411 1623 719 1703 Νεωτέρου,
774 1634 888 1686 υἱοῦ
923 1636 979 1688 δὲ
1035 1637 1345 1708 Ἀρχελάου,
1389 1638 1507 1701 ἔτος
1538 1633 1606 1708 ἦν

53 1723 296 1776 εἰκοστόν.
341 1723 588 1794 Οὐδαμοῦ
633 1725 690 1778 δὲ
743 1725 1054 1798 ἠκούσαμεν
1094 1731 1187 1782 τὸν
1227 1731 1424 1802 Ἰωσὴφ
1455 1732 1606 1794 υἱοὺς

53 1814 389 1884 πεποιηκότα.
441 1815 577 1868 Ἀλλ’
631 1815 773 1882 οὒτε,
837 1820 972 1889 μετὰ
1021 1821 1080 1873 τὸ
1135 1819 1309 1874 ἐλθεῖν
1353 1821 1461 1875 ἀπὸ
1507 1821 1606 1892 τῆς
1637 1803 1682 1857 Β

51 1909 332 1977 Αἰγύπτου,
367 1911 396 1962 6
426 1909 582 1973 αὐτὸς
615 1911 842 1964 ἐϐίωσεν
885 1914 978 1967 ἐπὶ
1029 1915 1242 1978 πολλοῖς
1289 1915 1453 1969 ἔτεσι.
1506 1915 1604 1968 Τέ-

53 2017 228 2072 ταρτον
259 2000 370 2072 γὰρ
397 1996 466 2072 ἦν
503 2001 620 2064 ἔτος
648 2003 724 2073 τῷ
758 2005 970 2076 Σωτῆρι
991 2024 1004 2036 ·
1035 2006 1113 2076 τῷ
1142 2007 1198 2060 δὲ
1244 2007 1440 2076 Ἰωσὴφ
1467 2007 1606 2078 ὑπὲρ

54 2093 158 2156 ἔτος
198 2092 556 2162 ὀγδοηκοστὸν
603 2093 884 2166 τέταρτον,
939 2097 1026 2150 ὅτε
1074 2100 1137 2150 ὲκ
1182 2099 1280 2170 τῆς
1331 2099 1604 2168 Αἰγύπτου

54 2185 217 2256 χώρας
265 2185 618 2256 παρεγένετο.
675 2187 785 2241 Καὶ
827 2188 1092 2259 διέμεινεν
1137 2191 1274 2246 ἄλλα
1315 2192 1409 2262 ἔτη
1461 2191 1604 2245 ὀκτὼ

64 2277 240 2347 Ἰωσὴφ
269 2276 500 2347 περιὼν,
530 2278 626 2332 καὶ
672 2281 730 2333 ἐν
781 2280 858 2352 τῷ
893 2281 1099 2352 δεκάτῳ
1131 2285 1144 2314 ¹
1174 2283 1307 2346 ἔτει,
1345 2285 1604 2337 ἀνιόντων

56 2370 134 2425 ἐπὶ
173 2370 545 2443 Ἰερουσαλὴμ,
577 2369 838 2444 ἐζητήθη,
865 2373 952 2427 ὅτε
991 2376 1088 2445 οὐχ
1131 2377 1411 2447 εὑρίσκετο
1445 2377 1504 2429 ὲν
1535 2378 1601 2448 τῇ

55 2463 322 2534 ὁδοιπορίᾳ,
359 2463 434 2526 ὡς
463 2465 573 2534 ἔχει
607 2465 666 2517 τὸ
697 2466 838 2519 κατά
863 2469 1076 2521 Λουκᾶν
1103 2469 1448 2538 Εὐαγγέλιον.
1491 2471 1604 2525 Μέ-

59 2573 134 2608 σον
160 2557 212 2610 δὲ
239 2555 446 2610 τούτων
483 2556 590 2610 τῶν
629 2558 766 2614 ἐτῶν
807 2561 1030 2633 τελευτᾷ
1074 2563 1290 2632 Ἰωσὴφ,
1354 2564 1447 2616 καὶ
1505 2565 1604 2618 ἀν-

57 2647 240 2718 ετράφη
283 2647 467 2701 οὐκέτι
521 2649 624 2702 ὑπὸ
673 2652 764 2704 τὸν
804 2653 1022 2722 Ἰωσὴφ,
1067 2654 1181 2706 ἀλλ’
1223 2657 1303 2718 είς
1339 2655 1428 2708 τὸν
1457 2653 1603 2710 οἷκον

57 2739 134 2791 τοῦ
179 2741 392 2810 Ἰωσήφ.
428 2741 589 2796 Ὅθεν
623 2744 806 2797 οὐκέτι
841 2744 902 2798 τὸ
927 2747 1254 2816 Εὑαγγέλιον
1283 2749 1478 2818 φάσκει
1509 2749 1601 2802 λέ-

59 2822 470 2898 γον,ὄτι⁷Ηλθεν
503 2833 532 2885 6
564 2835 747 2906 πατὴρ
784 2837 971 2900 αὐτοῦ,
1004 2841 1097 2891 καὶ
1125 2841 1159 2910 ἡ
1201 2841 1380 2911 μήτηρ
1415 2839 1599 2903 αὐτοῦ,

59 2920 136 2972 καὶ
167 2921 212 2971 οι
258 2919 510 2991 ἀδελφοί*
559 2924 696 2991 ἀλλ’,
742 2925 896 2982 Ἰδοὺ
945 2927 984 2996 ’ἠ
1014 2929 1210 2999 μήτηρ
1239 2946 1377 2994 σου,
1421 2931 1520 2986 καὶ
1547 2934 1604 2986 οἱ

59 3013 280 3082 ἀδελφοί
305 3031 426 3070 σου
451 3017 568 3080 ἔξω
614 3019 967 3088 ἑστήκασιν.
1021 3024 1161 3078 Ἀλλ’
1187 3025 1311 3080 οὔτε
1354 3027 1443 3079 ὅτε
1488 3025 1604 3080 ἔλε-

59 3121 138 3172 γον
173 3106 314 3178 αὑτῷ
347 3109 410 3160 ὲν
451 3113 514 3182 τῇ
560 3111 830 3186 Ἰδουμαίᾳ
880 3117 926 3146 ³·
963 3117 1171 3184 Οὐδεὶς
1199 3117 1386 3173 ταῦτα
1416 3119 1604 3174 ποιῶν

62 3195 192 3251 θέλει
219 3199 286 3252 ἐν
329 3201 572 3270 κρυπτῷ
609 3199 781 3258 εἶναι.
827 3209 899 3261 El
942 3209 1129 3264 ταῦτα
1180 3210 1385 3278 ποιεῖς,
1419 3213 1600 3281 φανέ-

57 3301 228 3356 ρωσον
253 3293 518 3346 σεαυτὸν
539 3323 557 3352 ν
610 3296 710 3348 οὐκ
751 3291 922 3362 εἶπεν,
953 3299 1032 3352 ὅτι
1051 3293 1214 3354 Εἶπεν
1242 3301 1390 3372 αὐτῷ
1433 3305 1462 3356 ὁ
1496 3319 1601 3356 πα-

61 3381 145 3451 τὴρ
177 3383 356 3447 αὑτοῦ,
407 3385 504 3438 καὶ
545 3387 594 3438 oi
647 3387 864 3458 ἀδελφοὶ
910 3390 1100 3454 αὑτοῦ,
1143 3391 1256 3445 ἀλλ’
1305 3395 1352 3446 οἱ
1383 3393 1602 3464 ἀδελφοὶ

61 3473 216 3541 αὑτοῦ,
248 3475 322 3540 ὡς
349 3477 448 3530 τοῦ
489 3478 686 3548 Ἰωσὴφ
729 3482 928 3553 μηκέτι
971 3484 1304 3555 ὑπάρχοντος
1355 3487 1499 3539 κατὰ
1541 3487 1602 3540 τὸ

65 3569 212 3639 σῶμα.
241 3567 372 3627 Εἶτα
420 3573 478 3627 δὲ
521 3575 608 3627 ἐπ’
632 3577 766 3648 αὐτῇ
795 3581 860 3647 τῇ
887 3579 1182 3643 τελειώσει,
1228 3581 1316 3634 ὅτε
1343 3583 1372 3634 6
1413 3580 1602 3654 Σωτὴρ

63 3659 108 3710 ὲν
139 3661 206 3732 τῷ
235 3664 450 3736 σταυρῷ
491 3665 737 3738 ἕστηκεν,
784 3667 860 3732 ὼς
908 3669 1018 3741 ἔχει
1050 3672 1110 3724 τὸ
1158 3671 1298 3726 κατὰ
1353 3671 1602 3743 Ἰωάννην

65 3753 374 3822 Εὑαγγέλιον,
425 3760 736 3828 Στραέρείς,
789 3762 974 3833 φησὶν,
1010 3759 1128 3818 εἶδε
1169 3763 1278 3818 τὸν
1299 3765 1598 3834 μαθητὴν,

63 3847 120 3900 ἓν·
153 3847 336 3918 ἠγάπα
369 3854 402 3905 ὀ
436 3854 671 3920 Κύριος,
703 3853 799 3908 καὶ
828 3851 980 3909 εἶπεν
1015 3855 1164 3928 αὐτῷ
1203 3860 1331 3930 περὶ
1357 3859 1597 3931 Μαρίας

73 3939 202 3994 Ἰδοὺ
243 3944 280 4011 ἠ
306 3943 510 4013 μήτηρ
539 3959 688 4000 σου·
751 3947 846 4000 καὶ
873 3949 939 4019 τῇ
966 3949 1099 4026 αὐτῇ
1143 3950 1322 4020 λέγει*
1379 3951 1524 4006 Ἰδοὺ
1569 3955 1602 4007 ὁ

62 4031 169 4096 υἱός
192 4047 320 4088 σου.
355 4037 420 4089 Ei
449 4032 590 4108 ἦσαν
629 4038 686 4091 δὲ
708 4039 874 4093 τέκνα
896 4043 960 4111 τῇ
990 4041 1198 4113 Μαρίᾳ,
1228 4043 1320 4096 καὶ
1347 4047 1394 4097 εἰ
1427 4044 1603 4115 ὑπῆρ-

62 4138 138 4192 χεν
175 4126 300 4198 αὐτῇ
335 4127 500 4200 ἀνὴρ,
529 4129 636 4182 τίνι
665 4129 808 4202 λόγῳ
837 4133 1120 4204 παρεδίδου
1151 4134 1250 4205 τὴν
1283 4135 1498 4207 Μαρίαν
1523 4134 1602 4206 τῷ

74 4213 280 4291 Ἰωάννῃ,
332 4221 424 4275 καὶ
470 4221 561 4274 τὸν
603 4223 855 4295 Ἰωάννην
887 4227 951 4296 τῇ
995 4226 1214 4298 Μαρίᾳ;
1262 4229 1376 4281 Τίνι
1421 4229 1478 4282 δὲ
1524 4227 1602 4300 τῷ

63 4307 180 4379 λόγῳ
225 4311 413 4383 Πέτρῳ
489 4313 688 4384 μᾶλλον
733 4315 793 4369 οὐ
839 4317 1206 4388 παραδίδωσι;
1253 4319 1358 4374 τίνι
1407 4321 1464 4374 δὲ
1522 4319 1602 4392 τῷ

64 4397 179 4471 λόγῳ
235 4403 491 4476 Ἀνδρέᾳ,
551 4405 814 4479 Ματθαίῳ
878 4425 938 4461 τε
1005 4411 1100 4462 καὶ
1165 4411 1599 4483 Βαρθολομαίῳ;

1715 541 1876 594 tertio
1935 557 1998 596 ac
2047 543 2330 598 tricesimo
2382 543 2634 600 Christus
2683 545 3013 603 Bethlehemi
3076 545 3274 604 Judtem

1713 633 1977 696 nascitur,
2035 633 2260 705 Augusti
2308 651 2440 690 vero
2493 651 2625 690 XLII.
2679 635 2882 694 Deinde
2929 647 3054 710 post
3101 655 3274 698 annos

1713 725 1850 778 duos
1880 725 1935 779 in
1981 724 2274 798 Egyptum
2325 728 2394 782 ab
2430 727 2666 799 Josepho
2713 737 3114 800 transportatus
3156 743 3275 798 est.

1699 831 1836 870 .cum
1876 815 2118 873 Herodes
2141 819 2210 873 ob
2233 835 2316 884 ea,
2348 835 2468 890 quae
2495 825 2634 893 magi
2660 823 3126 889 renuntiaverant,
3147 843 3280 896 pueo

1711 923 1831 960 rum
1886 909 1952 960 ad
2003 925 2188 965 necem
2261 912 2576 980 requireret.
2643 911 2824 980 Quare
2877 915 2931 970 in
2982 915 3278 988 Egyptnm

1711 999 1988 1068 profectus
2017 1001 2240 1056 biennio
2282 1004 2396 1058 illic
2428 1014 2670 1060 moratus
2695 1015 2799 1062 est.
2840 1005 2968 1062 Post
3009 1009 3124 1063 inec
3173 1007 3270 1066 Ho-

1710 1087 1872 1142 rodes
1936 1089 2071 1143 obiit
2119 1105 2262 1146 anno
2319 1093 2472 1162 regni
2531 1095 2618 1148 sui
2671 1111 2878 1151 xxxvii.
2923 1097 3133 1170 1042
3173 1099 3276 1156 Cui

1711 1180 1975 1236 successit
2018 1181 2316 1238 Archelaus
2361 1183 2522 1247 ﬁlius,
2557 1187 2647 1256 qui
2696 1203 2747 1241 ix
2797 1190 2956 1244 annis
3008 1194 3275 1262 regnavit.

1709 1268 1786 1323 Ita
1819 1273 2163 1340 postmodum
2198 1274 2448 1330 Christus
2479 1293 2545 1330 eo
2585 1279 2750 1341 omni,
2787 1280 2944 1350 cujus
2977 1285 3146 1349 gratia
3187 1301 3281 1340 ve-

1708 1371 1885 1426 nerat,
1939 1365 2188 1420 absoluto
2227 1367 2465 1437 negotio,
2512 1369 2564 1422 in
2608 1385 2824 1426 crucem
2860 1373 3087 1439 tollitur,
3133 1389 3278 1431 anno

1709 1451 1910 1509 Tiberii
1941 1457 2173 1512 Caisaris
2203 1474 2359 1523 xvm,
2385 1460 2478 1530 qui
2505 1469 2624 1516 erat
2651 1463 2899 1534 Agrippa:
2931 1465 3132 1538 Magni,
3161 1469 3277 1526 sive

1709 1544 1937 1603 Herodis
1968 1549 2212 1605 Junioris
2243 1549 2492 1606 Archelai
2527 1553 2643 1618 ﬁlii,
2679 1570 2852 1612 annus
2884 1573 2975 1612 xx.
2996 1557 3274 1632 Nusquam

1706 1652 1835 1691 vero
1871 1637 2164 1709 Josephum
2201 1643 2512 1712 suscepisse
2558 1647 2761 1702 liberos
2801 1652 3128 1719 accepimus.
3171 1655 3279 1711 Sed

1709 1745 1882 1800 neque
1910 1744 2262 1802 posteaquam
2292 1751 2356 1789 ex
2392 1735 2628 1808 Egypto
2673 1741 2852 1805 rediit,
2895 1743 2986 1798 diu
3031 1749 3278 1816 supervi-

1711 1821 1808 1875 xit.
1840 1823 2043 1892 Agebat
2091 1835 2205 1880 tum
2234 1827 2486 1885 Christus
2533 1845 2736 1885 annum
2781 1835 2958 1891 tetatis
2997 1847 3276 1908 quartum.

1710 1913 1981 1983 Josephus
2026 1932 2226 1972 Lxxxw
2275 1931 2608 1987 excesserat,
2657 1940 2781 1979 cum
2814 1941 2879 1982 ex
2914 1928 3150 2002 Egypto
3189 1948 3278 1988 re-

1709 2019 1902 2058 versus
1929 2011 2033 2058 est.
2070 2005 2196 2062 Post
2239 2009 2352 2064 haec
2381 2011 2502 2067 aliis
2541 2029 2637 2068 vm
2667 2017 2818 2072 vixit.
2855 2017 2990 2073 Nam
3021 2021 3276 2082 Christus

1713 2108 1914 2148 annum
1949 2111 2115 2165 agens
2147 2115 2246 2163 χιι,
2277 2116 2400 2154 cum
2447 2101 2875 2177 Hierosolymam
2913 2111 3144 2180 profecti
3188 2131 3280 2170 es-

1711 2195 1866 2249 sent,
1911 2189 2172 2257 quaesitus
2218 2199 2321 2253 est,
2354 2193 2500 2261 quod
2541 2193 2596 2248 in
2641 2196 2836 2253 itinere
2867 2216 2972 2254 non
3006 2211 3154 2258 esset
3183 2221 3276 2261 re-

1713 2289 1917 2345 pertus,
1961 2287 2020 2333 ut
2049 2279 2208 2335 Luca:
2239 2291 2472 2338 tesmtnr
2497 2283 2848 2359 Evangelium
2873 2289 2909 2346 ³.
2943 2291 3112 2351 Porro
3140 2312 3278 2352 none

1711 2371 1838 2425 dum
1861 2373 2096 2428 evolutis
2126 2375 2286 2431 annis
2309 2376 2415 2433 illis
2442 2377 2714 2451 Josephus
2743 2384 2996 2452 moritur,
3025 2403 3089 2443 ac
3115 2387 3278 2448 Jesns

1709 2479 1818 2518 non
1853 2467 2086 2536 amplius
2121 2467 2223 2524 sub
2256 2467 2372 2533 illo,
2409 2471 2502 2525 sed
2549 2471 2603 2526 in
2649 2473 2768 2544 ejus
2809 2477 2968 2533 domo
3011 2479 3281 2539 duntaxat

1708 2557 1974 2615 educatus
2002 2570 2108 2616 est.
2145 2560 2282 2617 Hinc
2324 2571 2408 2619 est
2437 2567 2580 2635 quod
2611 2567 2665 2622 in
2695 2568 2986 2645 Evangelio
3023 2592 3133 2632 non
3160 2577 3282 2648 jam

1711 2651 1842 2706 illud
1876 2654 2080 2708 dicitur
2105 2673 2119 2710 :
2147 2653 2308 2711 Venit
2337 2665 2490 2728 pater
2526 2659 2722 2730 ipsius,
2753 2671 2806 2718 et
2848 2675 3042 2733 mater,
3072 2679 3126 2726 et
3169 2671 3280 2727 fra-

1706 2751 1820 2801 tres
1857 2745 1977 2815 ejus
1999 2789 2014 2813 ,
2049 2747 2142 2802 sed
2174 2762 2190 2801 :
2222 2747 2355 2804 Ecce
2385 2759 2550 2806 mater
2589 2763 2700 2818 tua,
2737 2765 2786 2810 et
2819 2757 3010 2826 fratres
3042 2763 3117 2816 tui
3146 2763 3277 2834 [oris

1709 2847 1854 2892 stant
1877 2840 1929 2906 ‘;
1959 2837 2053 2896 sed
2078 2855 2255 2912 neque
2275 2858 2399 2898 cum
2429 2845 2482 2900 in
2512 2843 2731 2902 Galilaea
2759 2849 2838 2905 sic
2863 2850 3010 2906 illum
3037 2855 3278 2927 alloque-

1707 2937 1939 2988 rentur:
1967 2931 2135 2990 Nemo
2179 2934 2290 2990 hac
2351 2953 2509 3008 agens
2543 2940 2596 2992 in
2645 2945 2847 2997 occulto
2889 2949 3084 3000 versari
3115 2953 3273 3019 cupit.

1709 3021 1769 3079 Si
1818 3024 1930 3080 Ita'c
1979 3025 2146 3096 facis,
2187 3025 2359 3096 prwbe
2397 3038 2447 3083 te
2495 3031 2904 3101 manifestum“:
2952 3052 3060 3092 non
3094 3039 3272 3098 dixit:

1705 3115 1871 3174 Pater
1906 3118 2081 3190 ipsius
2105 3129 2157 3176 et
2184 3120 2404 3186 fratres,
2446 3122 2541 3179 sed
2581 3122 2778 3181 fratres
2815 3127 3008 3197 ipsius,
3036 3146 3101 3186 eo
3128 3135 3277 3202 quod

1703 3205 1973 3280 Josephus
1999 3211 2056 3264 in
2085 3226 2315 3283 corpore
2361 3229 2484 3269 esse
2523 3213 2799 3274 desiisset.
2845 3216 2988 3286 Quin
3010 3221 3173 3278 etiam
3219 3225 3277 3284 in

1705 3303 1824 3372 ipso
1857 3303 1983 3357 vitae
2013 3303 2183 3368 exitu,
2235 3319 2358 3358 cum
2401 3303 2653 3363 Christus
2684 3307 2739 3362 in
2789 3323 2952 3366 cruce
2993 3314 3273 3384 penderet,

1705 3403 1763 3450 nt
1793 3396 1848 3450 in
1883 3395 2109 3452 Joannis
2146 3395 2438 3468 Evangelio
2463 3399 2723 3470 scriptum
2759 3409 2843 3457 est
2863 3401 2917 3456 ‘z
2947 3403 3275 3478 Conversus,

1704 3483 1901 3553 inquit,
1938 3485 2064 3538 vidit
2108 3486 2445 3555 discipulum,
2496 3505 2644 3558 quem
2683 3489 2937 3562 diligebat
2983 3493 3276 3571 Dominus,

1703 3575 1862 3645 eique
1893 3576 1961 3632 de
1993 3576 2164 3634 Maria
2197 3580 2373 3635 dixit:
2406 3581 2539 3638 Ecce
2568 3595 2735 3641 mater
2759 3597 2894 3653 tua;
2925 3598 3038 3645 tum
3070 3595 3228 3650 matri
3256 3611 3272 3653 :

1703 3665 1840 3721 Ecce
1874 3669 2020 3737 ﬁlius
2054 3681 2194 3727 tuus.
2241 3674 2404 3745 Atqui
2435 3677 2481 3730 si
2515 3676 2679 3735 Maria
2720 3682 2921 3741 liberos
2969 3686 3274 3755 habuisset,

1704 3771 1800 3815 aut
1832 3769 2108 3831 superstes
2145 3765 2228 3819 vir
2274 3767 2394 3836 ejus
2447 3767 2661 3836 fuisset,
2710 3789 2809 3830 cur
2849 3777 2998 3834 illam
3043 3779 3275 3846 Joanni,

1701 3843 1966 3904 Joannem
2016 3851 2092 3904 illi
2131 3855 2573 3915 commendaret?
2613 3859 2814 3918 Verum
2848 3881 2948 3922 cur
2976 3883 3084 3924 non
3113 3843 3274 3928 Petro

1701 3942 1906 4010 potius,
1954 3946 2039 4000 vel
2080 3945 2328 4015 Andreae,
2373 3952 2458 4006 vel
2515 3949 2770 4012 Matthao
2815 3957 3276 4020 Bartholomaeove

1703 4038 2086 4097 commendat?
2117 4037 2382 4097 Nimirum
2417 4043 2612 4100 Joanni
2645 4059 2864 4120 propter
2900 4053 3274 4124 virginitatem

1700 4127 1808 4182 hoc
1836 4131 2026 4185 tribuit
2053 4151 2064 4183 :
2093 4131 2246 4198 Ecce,
2285 4135 2479 4204 inquit,
2521 4152 2686 4194 mater
2722 4151 2834 4196 tua.
2867 4141 3190 4216 Quanquam
3223 4147 3272 4204 si

1703 4235 1904 4291 corpus
1955 4225 2306 4292 consideres,
2355 4228 2580 4287 Joannis
2626 4241 2802 4289 mater
2833 4251 2941 4292 non
2975 4251 3126 4304 erat,
3175 4241 3272 4298 sed

1702 4329 1822 4369 eam
1873 4311 2047 4386 ipsam
2092 4319 2420 4391 virginitatis
2454 4339 2579 4380 esse
2617 4328 2915 4399 principem
2963 4331 3272 4403 signiﬁcare

1701 4406 1904 4473 voluit,
1953 4409 2210 4478 quoniam
2271 4411 2339 4466 ab
2389 4413 2480 4468 illa
2529 4415 2635 4470 vita
2683 4422 2970 4488 processit.
3025 4421 3110 4477 Ad
3155 4422 3270 4480 haec

75 4491 208 4546 Ἀλλά
243 4493 420 4564 δῆλον,
437 4496 522 4549 δτι
561 4497 779 4570 Ἰωάννῃ
833 4498 918 4553 διὰ
944 4499 1041 4570 τὴν
1082 4501 1410 4573 παρθενίανο
1453 4497 1597 4558 Ἰδοὺ

1706 4494 1990 4564 Joannem,
2041 4495 2166 4556 licet
2203 4503 2418 4561 alienus
2442 4521 2507 4562 ac
2551 4509 2774 4566 minime
2808 4513 3150 4585 propinquus
3179 4531 3270 4573 (ιε-ι

65 4583 150 4655 γάρ
167 4587 200 4652 ἠ
215 4587 406 4658 μήτηρ
425 4605 564 4644 σου.
591 4591 782 4644 Καίτοι
799 4608 862 4661 γε
889 4592 988 4646 οὐκ
1008 4589 1075 4664 ἦν
1106 4595 1287 4666 μήτηρ
1314 4593 1476 4649 αὐτοῦ
1501 4595 1596 4648 τοῦ

75 4667 285 4734 Ἰωάννου
317 4681 458 4736 κατὰ
497 4683 673 4754 σάρκα
693 4701 706 4716 ⁸
750 4685 862 4739 ἀλλ’
893 4685 981 4740 ἵνα
1011 4686 1157 4759 δείξῃ
1188 4689 1354 4760 αὐτὴν
1386 4690 1598 4762 μητέρα

67 4765 268 4839 ἀρχηγὸν
293 4772 391 4843 τῆς
416 4773 710 4844 παρθενίας
727 4791 742 4806 ·
787 4777 969 4850 ἐπειδὴ
1000 4779 1060 4843 ἐξ
1084 4779 1252 4850 αὐτῆς
1278 4782 1309 4851 ἡ
1355 4779 1467 4852 ζωὴ
1493 4777 1560 4852 ἦν
1579 4797 1595 4814 ο

69 4859 227 4932 καὶτῷ
261 4863 499 4938 Ἰωάννῃ,
517 4866 692 4919 καίτοι
719 4884 782 4933 γε
807 4867 920 4921 ὄντι
938 4870 1080 4923 κατά
1111 4871 1286 4942 σάρκα
1311 4871 1594 4943 ἀλλοτρίῳ,

69 4947 235 5018 ἔλεγεν,
277 4955 362 5008 ἵνα
406 4956 591 5030 διδάξῃ
638 4961 800 5032 τιμᾷν
836 4961 934 5033 τὴν
976 4961 1110 5016 ἰδίαν
1156 4963 1318 5018 αὑτοῦ
1363 4965 1595 5036 μητερα,

69 5042 214 5116 ὅτιτῷ
253 5048 348 5118 μὲν
379 5049 492 5104 ὄντι
532 5053 671 5106 κατὰ
714 5053 891 5122 σάρκα
932 5055 992 5120 ἐξ
1025 5057 1192 5126 αὐτῆς
1221 5057 1434 5121 αὐτὸςὸ
1483 5057 1596 5110 Κύ-

71 5151 160 5202 ριος
209 5140 541 5212 γεγέννηται,
594 5143 679 5197 ἵνα
726 5147 799 5216 μή
840 5163 924 5210 τις
972 5147 1166 5219 νομίσῃ
1199 5148 1418 5219 δόκησιν
1460 5145 1596 5204 εἶναι

70 5227 145 5298 τὴν
183 5235 572 5305 πραγματείαν,
611 5238 706 5290 καὶ
733 5238 833 5291 οὐκ
875 5237 1148 5308 ἀλήθειαν.
1193 5239 1255 5293 Εί
1289 5241 1364 5314 μὴ
1395 5240 1502 5313 γάρ
1529 5239 1597 5313 ἦν

69 5321 199 5376 αὐτοῦ
228 5325 434 5392 ἀληθῶς
476 5329 656 5401 μήτηρ
704 5330 842 5385 κατὰ
897 5331 1075 5403 σάρκα
1111 5333 1361 5404 κυήσασα
1409 5336 1592 5400 αὑτὸν,

124 5483 138 5513 ⁸
167 5483 218 5538 Ρ.
240 5487 536 5563 δωδεκάτῳ.

637 5495 657 5524 ²
685 5491 742 5546 F.
779 5493 836 5544 ὲν
871 5495 937 5564 τῇ
973 5495 1250 5571 Γαλιλαίᾳ.

72 5549 122 5604 26
147 5572 250 5629 ειη.

1365 5497 1385 5529 ³
1416 5497 1546 5552 Luc.
1586 5513 1645 5564 ιι,
1672 5497 1758 5551 42.

1703 4597 1806 4654 set,
1833 4593 2016 4648 verbis
2040 4593 2148 4649 illis
2174 4595 2366 4652 all'atus
2393 4609 2499 4664 est,
2524 4601 2603 4654 uti
2629 4612 2854 4658 matrem
2888 4606 3269 4667 honorandam

1701 4697 1824 4738 esse
1866 4693 2215 4742 monstraret.
2261 4689 2536 4762 Siquidem
2571 4709 2638 4749 ex
2677 4695 2767 4750 illa
2801 4695 3086 4766 Dominus,
3121 4703 3270 4773 quod

1701 4773 1770 4828 ad
1805 4789 2004 4847 corpus
2035 4779 2247 4845 attinet,
2291 4798 2476 4839 revera
2523 4795 2683 4842 natus
2721 4797 2824 4853 est,
2865 4805 2934 4846 ne
2976 4794 3100 4864 quis
3152 4793 3268 4850 for-

1700 4872 1848 4922 tasse
1893 4875 2065 4923 totum
2099 4871 2495 4931 incarnationis
2539 4878 2817 4950 negotium
2857 4889 3008 4950 putet
3043 4893 3269 4942 externa

1702 4960 1912 5030 specie,
1962 4979 2070 5018 non
2122 4966 2350 5023 veritate
2399 4979 2674 5027 constare.
2730 4973 2940 5045 105.3
2977 4974 3112 5031 Nam
3161 4977 3268 5033 nisi

1701 5068 1828 5110 vere
1868 5067 2041 5112 mater
2075 5059 2195 5126 ejus
2228 5062 2547 5128 exstitisset,
2584 5079 2612 5118 a
2645 5079 2752 5134 qua
2783 5081 3006 5121 carnem
3051 5083 3270 5140 accepe-

1699 5157 1804 5213 rat,
1839 5163 2064 5219 quteque
2094 5151 2270 5221 ipsum
2300 5164 2604 5225 pepererat,
2627 5169 2736 5210 non
2770 5165 2975 5211 tantam
3005 5159 3052 5214 ei
3078 5174 3266 5214 curam

1700 5241 2020 5306 adhiberet,
2055 5251 2114 5297 ut
2151 5257 2464 5316 perpetuam
2508 5247 2782 5320 Virginem
2817 5251 3268 5321 commendaret;

1699 5347 1820 5404 quae
1848 5341 1903 5388 et
1934 5343 2108 5388 mater
2133 5336 2202 5390 ob
2229 5350 2540 5408 susceptum
2565 5353 2630 5394 ex
2672 5340 2790 5411 ipsa
2817 5357 3018 5412 corpus
3051 5342 3268 5414 fuisset,

1861 5497 1884 5528 ⁸
1907 5494 2040 5553 Luc.
2077 5511 2194 5561 vin,
2216 5497 2307 5557 20.
2453 5499 2612 5556 Joan.
2643 5517 2739 5567 vn,
2757 5502 2814 5557 4.
2913 5503 2934 5534 ⁶
2959 5503 3124 5561 Joan.
3151 5523 3263 5576 xix,

73 5691 172 5774 toan
209 5695 394 5774 prioris
433 5695 984 5774 (ρυίοξηεάίιηιςοιωη.
1015 5695 1063 5761 1,
1109 5697 1368 5774 c_o_l_._275)
1395 5743 1410 5766 ,
1453 5699 1760 5774 aﬂirmavit,
1813 5695 2080 5754 Herodem
2111 5699 2402 5774 Agrippam
2445 5703 2636 5762 fuisse.
2677 5703 2800 5762 Fuit
2831 5706 2976 5766 enim
3009 5707 3256 5774 Herodes

73 5757 255 5830 Antipas
279 5757 530 5820 llcrodis'
551 5766 726 5836 Magni
767 5768 931 5828 iilins.
975 5757 1140 5824 ut'ad
1169 5769 1322 5826 illum
1356 5757 1536 5830 locum
1575 5757 1919 5828 observatum
1945 5778 2051 5826 est.

307 5857 568 5920 Ρλτιιοι.
602 5860 718 5921 Gn.
767 5860 960 5921 λιιι.

2893 5872 3090 5930 98»
