3838 6316
511 316 617 374 715

1873 322 1930 377 S.
1973 321 2313 378 EPIPHANH

3650 321 3746 380 ’216

506 443 564 492 et
595 435 663 489 ob
695 434 840 489 illius
893 435 1157 492 honorem
1190 446 1352 507 atque
1384 439 1703 493 admirabile
1733 441 1980 509 corporis
2005 442 2088 496 sui

2196 441 2288 494 οὐκ
2336 437 2400 492 ἂν
2440 439 2568 511 περὶ
2623 439 2792 509 αὐτῆς
2841 439 2937 510 τὴν
2991 440 3304 511 ἐπιμέλειαν
3350 441 3591 494 ἐποιεῖτο
3630 439 3652 472 ³
3699 443 3754 498 τι

508 543 607 582 vas
638 526 841 582 nullam
887 528 1059 583 labem
1093 529 1422 586 admisisset.
1460 532 1563 586 Sed
1616 533 1788 602 pergit
1832 531 2075 604 Evange«

508 620 666 676 lium.
704 629 780 683 et,
813 618 896 673 Ea:
927 622 1046 686 illa,
1085 622 1278 692 inquit,
1314 624 1398 677 die
1427 625 1622 692 accepit
1653 640 1770 678 eam
1789 624 2075 693 discipulus

511 714 582 767 ad
615 729 746 767 sese.
783 712 943 783 Atqui
978 715 1022 770 si
1053 724 1107 769 et
1135 717 1308 770 virum
1340 716 1586 779 haberet,
1632 724 1685 770 et
1732 716 1976 780 domum,
2023 725 2078 771 et

508 804 734 866 liberos,
767 806 833 859 ad
874 820 972 861 sua
1002 807 1204 876 potius,
1240 824 1403 878 quam
1436 810 1504 863 ad
1533 808 1773 864 alienum
1809 823 1932 864 sese
1955 821 2082 862 con-

508 896 696 950 ferret.

581 1065 672 1121 Xl.
705 1067 904 1124 Vereor
935 1086 1002 1125 ne
1038 1073 1142 1127 hoc
1192 1073 1369 1144 ipsum
1413 1073 1562 1143 quod
1607 1075 1842 1130 dicimus
1901 1073 2082 1131 fraudi

514 1155 586 1210 sit
614 1157 910 1228 aliquibus,
946 1170 1004 1213 ut
1034 1162 1099 1216 ad
1137 1164 1559 1218 contubernales
1597 1179 1661 1218 ac
1691 1165 1917 1219 dilectas
1944 1181 2082 1236 quas

513 1258 714 1303 vocant
755 1249 986 1307 feminas
1049 1254 1359 1310 retinendas
1425 1255 1593 1324 (quod
1637 1270 1808 1325 genus
1849 1257 2084 1326 pessimo

516 1341 619 1394 sibi
655 1343 819 1396 animi
850 1359 1034 1397 errore
1053 1346 1344 1399 machinati
1381 1347 1531 1417 sunt)
1562 1391 1576 1413 ,
1626 1347 1810 1402 fucum
1841 1349 1968 1404 inde
1994 1349 2086 1402 ali-

517 1447 679 1501 quem
729 1443 782 1486 et
808 1435 1046 1489 colorem
1078 1436 1374 1492 arcessisse
1403 1436 1711 1492 videantur.
1741 1436 1940 1492 Verum
1973 1438 2086 1491 illic

516 1531 668 1578 certa
721 1525 956 1594 quadam
1017 1525 1373 1595 providentia
1421 1529 1633 1584 ratione
1709 1528 2087 1584 administrata

518 1623 648 1672 sunt
674 1618 890 1683 omnia;
926 1618 1072 1672 itaut
1103 1626 1278 1672 totum
1310 1619 1413 1674 hoc
1445 1621 1719 1691 negotium
1755 1622 1823 1676 ab
1853 1621 2085 1675 aliorum

519 1709 786 1773 omnium,
823 1725 942 1779 quae
968 1727 1030 1763 ex
1065 1710 1156 1765 Dei
1189 1711 1444 1766 mandato
1462 1713 1769 1782 praestanda
1788 1723 1937 1778 sunt,
1971 1713 2088 1769 olli-

2180 533 2515 606 παραδοῦναι
2546 533 2645 604 τὴν
2683 534 3082 606 Ἀειπάρθενον,
3115 536 3323 608 μητέρα
3352 538 3452 608 μὲν
3482 540 3754 605 γεγονυίεν

2177 626 2265 679 διὰ
2314 625 2410 696 τὴν
2448 627 2787 696 οίκονομίαν,
2832 627 3098 697 ἄχραντον
3146 629 3203 681 δὲ
3245 630 3333 684 διὰ
3363 630 3462 700 τὴν
3498 629 3638 701 πρὸς
3675 631 3754 682 τξι.

2180 717 2342 771 αὑτὸν
2378 718 2565 789 τιμὴν,
2597 720 2690 773 καὶ
2726 719 2787 771 τὸ
2836 719 3027 783 σκεῦος
3060 721 3120 774 τὸ
3149 721 3483 791 θαυμαστόν.
3514 722 3676 790 Λέγει
3705 722 3758 775 δὲ

2179 809 2240 863 τὸ
2256 809 2586 880 Εὑαγγέλιον
2607 827 2621 842 ’
2651 813 2762 865 Καὶ
2777 812 2896 865 ἀπὸ
2918 811 3026 879 τῆς
3045 812 3270 882 ἡμέρας
3298 814 3540 882 ἐκείνης
3555 815 3757 868 ἔλαϐε-ν

2180 903 2373 970 αὐτὴν
2384 902 2532 971 πρὸς
2544 903 2777 957 ἑαυτόν.
2794 905 2857 956 Εἰ
2871 903 2925 956 δὲ
2940 899 3081 974 εἶχεν
3101 905 3288 976 ἄνδρα,
3308 907 3354 958 εξ
3370 901 3523 976 εἶχεν
3540 901 3700 969 οἷκον,
3712 905 3754 958 εί

2183 982 2296 1064 εἶχε
2313 993 2494 1057 τέκνα,
2511 995 2590 1058 εἰς
2609 994 2678 1046 τὰ
2707 994 2813 1046 ἴδια
2826 994 3109 1065 ἀνεχώρει,
3133 995 3193 1047 οὑ
3208 995 3345 1068 πρὸς
3359 996 3452 1048 τὸν
3471 996 3756 1066 ἀλλότριον.

2254 1087 2356 1139 1Λ’.
2394 1085 2553 1138 Ἀλλὰ
2607 1085 2680 1157 μὴ
2720 1086 2880 1140 τοῦτο
2929 1089 3144 1158 στραφῇ
3175 1089 3251 1150 εἰς
3281 1087 3493 1159 βλάϐην
3524 1088 3602 1160 (1)
3631 1089 3750 1151 τισὶ,

2185 1175 2277 1226 καὶ
2302 1173 2526 1238 δόξωσιν
2574 1176 2631 1227 ὲν
2667 1175 2839 1246 τούτῳ
2893 1175 3189 1246 λαμϐάνειν
3228 1177 3531 1248 πρόφασιν,
3565 1195 3759 1230 συνεισ-

2186 1267 2384 1330 άκτους
2415 1268 2508 1320 καὶ
2528 1267 2816 1337 ἁγαπητὰς
2836 1267 3269 1339 ὲπικαλουμένας
3302 1271 3522 1333 ἑαυτοῖς
3547 1273 3761 1323 ἐπινοεῖν

2183 1357 2270 1412 διὰ
2299 1359 2680 1428 κακομήχανον
2709 1359 2987 1413 ὑπόνοιαν.
3005 1361 3214 1415 Ἐκείσε
3232 1361 3340 1434 γὰρ
3361 1361 3430 1414 τὰ
3471 1364 3760 1433 πράγματα

2188 1448 2448 1511 ἐτελεῖτο,
2505 1452 2624 1502 κατ’
2674 1451 2987 1522 οἰκονομίαν
3021 1452 3079 1505 δὲ
3117 1453 3463 1523 διῃρημένων
3494 1454 3606 1506 τῶν
3637 1471 3762 1524 πραο

2187 1540 2413 1610 γμάτων
2441 1541 2549 1594 ἀπὸ
2575 1541 2676 1611 τῆς
2699 1541 2863 1610 ἄλλης
2884 1543 3097 1614 ἀπάσης
3125 1543 3264 1597 κατὰ
3293 1543 3429 1597 Θεὸν
3453 1544 3760 1614 ὀφειλούσης

2187 1631 2553 1700 φυλάττεσθαι
2577 1633 2884 1704 ἀκριὸείας.
2911 1635 3020 1687 Καὶ
3049 1635 3156 1706 γὰρ
3172 1636 3259 1689 ὅτε
3288 1635 3454 1688 τοῦτο
3489 1638 3758 1707 γεγένητο,

2188 1724 2282 1776 καὶ
2347 1724 2679 1794 παρείληφεν
2718 1724 2885 1796 αὑτὴν
2941 1726 3076 1798 πρὸς
3119 1727 3328 1790 ἑαυτὸν,
3372 1728 3568 1781 οὐκέτι
3637 1746 3758 1799 παρ-

456 1832 470 1843 ο
521 1801 729 1857 ciorum
780 1803 894 1871 lege
922 1810 1068 1856 esset
1105 1817 1167 1854 ac
1214 1803 1539 1858 necessitate
1574 1803 1903 1872 sejunct‘unt.
1936 1803 2086 1860 Prae-

2196 1812 2374 1883 ἐμεινε
2395 1815 2522 1885 παρ’
2543 1813 2708 1886 αὑτῷ.
2728 1815 2886 1869 Ἀλλά
2907 1817 3000 1870 καὶ
3022 1817 3070 1868 εἰ
3085 1815 3297 1869 δοκοῦσί
3317 1834 3466 1880 τινες
3493 1818 3760 1886 ἐσφάλθαι.

523 1901 670 1948 terea
705 1902 1058 1964 posteaQuam
1103 1893 1235 1947 illud
1280 1895 1354 1948 ita
1401 1903 1612 1965 gestum
1653 1905 1760 1958 est,
1791 1906 1845 1950 et
1872 1897 1938 1951 ad
1970 1913 2090 1954 sese

521 1983 669 2036 illam
702 1983 933 2052 accepit,
966 1998 1071 2036 non
1101 1983 1336 2052 amplius
1383 1985 1524 2052 apud
1565 1985 1742 2053 ipsum
1768 1987 2087 2055 permansit.

521 2073 678 2141 Quod
731 2074 776 2128 si
831 2074 969 2128 falso
998 2074 1194 2143 jactari
1229 2075 1498 2144 quispiam
1533 2091 1562 2128 a
1597 2076 1754 2130 nobis
1790 2079 2088 2145 existimet,

523 2168 651 2222 licet
695 2179 978 2219 sacrarum
1036 2163 1368 2217 Litterarum
1416 2166 1645 2236 vestigia
1681 2168 2011 2228 consectari,
2036 2169 2090 2221 in

523 2257 728 2327 quibus
758 2255 965 2309 nullam
984 2254 1051 2308 de
1085 2253 1265 2309 Mariae
1293 2256 1444 2310 obitu
1475 2258 1804 2312 mentionem
1838 2261 2089 2329 reperiet,

524 2359 740 2403 mortua
767 2348 837 2400 sit
894 2361 1086 2410 necne,
1126 2347 1339 2416 sepulta
1389 2363 1458 2400 an
1499 2362 1609 2401 non
1664 2351 1876 2418 sepulta
1908 2348 2089 2404 fuerit.

524 2438 604 2490 Ac
641 2451 786 2506 cum
825 2433 1066 2489 Joannes
1105 2434 1322 2488 interim
1373 2437 1428 2491 in
1479 2436 1665 2490 Asiam
1696 2437 1975 2507 profectus
2001 2441 2090 2502 sit,

525 2542 796 2597 nusquam
827 2536 1004 2582 tamen
1035 2527 1092 2582 Β.
1130 2526 1419 2598 Virginem
1458 2527 1670 2584 itineris
1708 2515 1959 2586 comitem
2008 2548 2095 2588 sev

524 2633 650 2672 cum
676 2619 827 2672 illum
863 2619 1119 2674 habuisse
1147 2616 1453 2688 signiﬁcat;
1485 2619 1580 2674 sed
1606 2620 1672 2676 de
1698 2636 1764 2676 ea
1789 2638 1849 2677 re
1877 2624 2094 2693 penitus

529 2708 810 2781 Scriptura
840 2711 1180 2776 conticescit,
1214 2709 1266 2764 id
1293 2711 1437 2781 quod
1469 2723 1689 2784 prepter
1717 2706 2094 2775 admirationis

525 2801 920 2856 vehementiam
947 2800 1149 2855 factum
1183 2800 1443 2865 arbitror,
1469 2817 1536 2854 ne
1567 2802 1849 2858 hominum
1881 2806 2093 2862 animos

525 2893 785 2963 majorem
819 2893 1108 2964 quemdam
1176 2895 1232 2947 in
1284 2903 1560 2963 stuporem
1623 2896 1945 2965 conjiceret.
1981 2896 2095 2969 Ego

525 2982 669 3037 enim
692 2984 1051 3053 pronuntiare
1095 2983 1228 3038 illud
1251 3000 1464 3051 vereor,
1507 2995 1560 3040 et
1591 2988 1759 3041 tacita
1815 2987 1959 3058 apud
2006 3005 2094 3045 me

527 3077 856 3147 cogitatione
884 3089 1143 3146 reputans
1176 3079 1306 3132 mihi
1348 3080 1623 3134 silentium
1652 3081 1854 3136 indico.
1883 3083 2094 3155 Quippe

530 3169 676 3223 haud
707 3171 824 3225 scio
853 3185 919 3223 an
939 3171 1388 3228 de'sanctissima
1413 3174 1502 3226 illa
1538 3189 1601 3227 ac
1630 3175 1947 3232 beatissima
1973 3176 2097 3232 Vir-

526 3277 655 3330 gine
707 3261 942 3316 obscura
995 3262 1242 3333 quendam
1299 3263 1531 3318 inveniri
1583 3266 1806 3338 vestigia
1863 3270 2094 3337 possint,

528 3368 649 3424 qua:
712 3354 978 3408 incertam
1041 3355 1198 3410 nobis
1238 3356 1382 3410 illius
1432 3358 1623 3412 mortis
1669 3358 1824 3414 ﬁdem
1872 3362 2093 3419 faciant.

526 3446 662 3500 Nam
695 3462 758 3501 ex
791 3462 895 3501 una
917 3456 1072 3517 parte
1104 3449 1234 3502 illud
1271 3451 1535 3513 occurrit,
1573 3453 1717 3520 quod
1742 3453 1808 3508 de
1850 3455 1938 3507 illa
1973 3472 2099 3526 pro-

527 3535 746 3591 nuntiat
775 3554 787 3589 :
825 3539 895 3590 Et
942 3547 1088 3588 tuam
1120 3537 1283 3605 ipsius
1315 3539 1550 3591 animam
1592 3541 1833 3607 pervadet
1863 3544 2096 3615 gladius,

526 3637 586 3680 ut
628 3636 928 3698 retegantur
969 3644 1037 3681 ea:
1084 3629 1368 3683 multorum
1413 3632 1655 3686 cordibus
1685 3637 2028 3704 cogitationes
2055 3642 2093 3692 ’.

528 3720 764 3774 Aliunde
798 3735 926 3774 vero
960 3720 1013 3774 in
1045 3721 1371 3793 Apocalypsi
1403 3722 1633 3780 Joannis
1672 3727 1922 3796 legimus,
1974 3729 2099 3784 dra-

527 3825 718 3864 conem
749 3810 1012 3866 adversus
1043 3812 1322 3867 mulierem
1368 3829 1715 3884 properasse,
1747 3835 1866 3888 qua:
1895 3837 2096 3876 marem

529 3914 811 3972 pepererat
841 3919 853 3953 :
878 3911 931 3958 et
958 3903 1114 3958 datas
1138 3906 1185 3958 ci
1217 3921 1340 3960 esse
1365 3924 1568 3974 pennas
1591 3912 1805 3978 aquilae,
1838 3921 1890 3966 et
1920 3922 2101 3971 trans-

528 3997 692 4048 latam
722 4011 844 4051 esse
893 3997 949 4050 in
977 3997 1271 4063 desertum,
1298 4015 1366 4054 ne
1405 4015 1521 4054 eam
1550 4001 1715 4056 draco
1742 4007 2100 4075 comprehen-

527 4089 680 4142 deret
703 4091 745 4142 '.
778 4089 934 4154 Quod
973 4089 1192 4160 quidem
1221 4091 1274 4144 in
1313 4092 1403 4145 illa
1430 4107 1553 4148 esse
1585 4105 1766 4164 potest
1795 4097 2095 4168 impletum.

527 4180 851 4249 Quanquam
903 4182 1036 4236 illud
1099 4198 1207 4238 non
1269 4183 1478 4240 afﬁrmo
1515 4189 1760 4256 penitus;
1795 4205 1970 4262 neque
2009 4205 2101 4249 aut

528 4274 888 4328 immortalem
932 4289 1313 4344 perseverasse
1339 4276 1563 4345 definio,
1600 4287 1693 4333 aut
1719 4288 1902 4336 utrum
1951 4301 2100 4340 mor-

527 4375 620 4422 tua
647 4368 716 4422 sit
742 4367 1068 4422 confirmare
1090 4383 1335 4436 possum.
1369 4369 1580 4441 Quippe
1608 4371 1892 4444 Scriptura
1920 4393 2096 4444 sacra,

525 4461 726 4516 mentis
761 4461 1012 4514 humanae
1050 4460 1262 4534 1044
1293 4476 1513 4533 captum
1535 4475 1946 4539 praetergressa,
1981 4488 2095 4528 rem

524 4551 580 4608 in
615 4554 823 4608 incerto
871 4555 1110 4626 reliquit,
1145 4543 1500 4626 propter.vas
1549 4559 1679 4614 illud
1724 4563 1984 4618 eximium
2032 4581 2098 4621 ac

525 4653 815 4714 praestans,
840 4661 906 4700 ne
927 4648 1053 4716 quis
1083 4649 1266 4700 carnis
1292 4649 1568 4718 pr0priam
1606 4652 1770 4705 ullam
1793 4654 1842 4707 ei
1882 4654 2101 4710 foedita-

525 4742 633 4788 tem
656 4737 914 4790 ascribat.
945 4735 1072 4790 Sive
1098 4736 1265 4806 igitur
1287 4748 1500 4792 mortua
1530 4741 1622 4806 sit,
1654 4744 1951 4806 nescimus,
1985 4747 2100 4802 sive

525 4827 847 4898 consepulta
875 4830 967 4892 sit,
997 4843 1106 4882 non
1132 4836 1315 4884 tamen
1348 4831 1512 4885 ullam
1537 4840 1621 4887 est
1658 4834 2096 4903 conjunctionem

597 4981 613 5012 ¹
642 4979 770 5035 Luc.
809 4997 866 5044 ιι,
893 4981 983 5035 55.
1062 4983 1081 5012 ²
1111 4983 1277 5052 Apoc.
1321 5000 1416 5046 xu,
1446 4984 1511 5038 15
1533 5001 1652 5058 sqq.

595 5145 669 5220 (ί)
714 5145 900 5220 Ἀλλὰ
923 5146 1009 5214 μὴ
1051 5147 1225 5201 τοῦτο
1277 5146 1516 5217 στραφῇ
1557 5151 1644 5216 είς
1663 5151 1924 5220 βλάϐην.
1967 5155 2098 5208 Συν-

523 5215 828 5279 εισὰκτους,
875 5219 978 5271 hoc
1010 5225 1093 5272 est
1122 5215 1543 5274 contubernales
1572 5215 1893 5278 clericorum
1935 5224 2093 5280 femi-

524 5302 645 5346 nas,
686 5304 821 5354 quas
857 5297 1138 5341 extraneas
1177 5287 1355 5342 Latini
1393 5302 1609 5355 vocant,
1640 5294 1971 5349 damnarunt
2002 5314 2095 5352 ve-

520 5364 666 5432 teres
702 5357 802 5432 PP.
833 5374 894 5432 ac
925 5360 1123 5432 saepius
1152 5368 1362 5415 veteres
1395 5363 1619 5432 synodi;
1653 5373 1709 5417 ut
1734 5363 1942 5419 Νἱςιυιιει
1970 5382 2092 5421 can.

521 5430 592 5498 3;
628 5429 1078 5498 Cattltaginensis
1112 5444 1333 5490 m,can.
1381 5429 1479 5494 l7;
1520 5433 1856 5491 Arelatensis
1896 5451 2089 5498 tt,can.

519 5497 624 5561 Ως
661 5497 890 5552 Basilius
924 5498 1096 5566 Epist.
1131 5501 1200 5552 ad
1235 5499 1415 5570 (£reg.,
1458 5519 1577 5570 qua:
1608 5509 1867 5561 canonica
1908 5523 1938 5560 a
1969 5506 2092 5560 Bal-

521 5519 624 5561 az;
661 5519 890 5552 nasutus
924 5519 1096 5566 nptst.
1131 5519 1198 5552 aa
1235 5519 1338 5554 ure
1377 5541 1415 5560 .,
1458 5519 1577 5570 qua:
1608 5520 1867 5561 canonica
1908 5523 1938 5560 a
1969 5519 2089 5560 ual-

521 5584 744 5647 sauioue
773 5580 1044 5647 censetur.
1090 5519 1425 5647 [133210325
1461 5573 1797 5628 Antiochena
1827 5580 2089 5647 synodus

521 5638 577 5714 in
613 5635 852 5704 Eprstola
893 5635 1328 5714 centri—[fautum
1371 5635 1660 5708 Samosat.,
1697 5646 1838 5714 apud
1877 5635 2086 5702 Euseb.

523 5705 617 5762 lib.
647 5723 742 5785 VIDI,
783 5724 904 5785 cap.
937 5709 1181 5785 ‘24:_T_&;
1214 5705 1678 5785 δεησυνεισὰκτους
1705 5705 1870 5769 α’ὑτοῦ
1901 5722 2090 5785 γυναῖ-

521 5791 645 5839 uc,
679 5777 753 5840 ὼς
795 5778 1082 5850 Ἀντιοχεῖς
1101 5780 1446 5849 ὀνομάζουσι,
1476 5792 1580 5839 etc.
1615 5785 1842 5840 Easdem
1876 5777 1929 5842 et
1958 5789 2094 5843 inse-

1756 4987 1774 5018 ³
1806 5004 1895 5057 γρ.
1927 4991 2163 5061 ἐμποιεῖ.

2193 1904 2471 1976 ζητήσωσι
2494 1905 2562 1958 τὰ
2599 1906 2718 1976 ἴχνη
2751 1905 2858 1959 τῶν
2898 1906 3152 1978 Γραφῶν,
3180 1907 3274 1959 καὶ
3302 1907 3545 1979 εὑρωσιν
3570 1908 3634 1961 ἂν
3653 1908 3758 1961 οὔτε

2194 1998 2421 2052 θάνατον
2481 2001 2718 2071 Μαρίας,
2776 1999 2901 2053 οὒτε
2957 2002 3006 2052 εί
3075 2000 3358 2072 τέθνηκεν,
3405 2001 3542 2054 οὗτε
3593 2005 3640 2054 εἰ
3698 2002 3760 2072 μὴ

2190 2091 2484 2162 τέθνηκεν·
2520 2091 2643 2145 οὔτε
2690 2093 2738 2144 εἰ
2794 2091 3082 2153 τέθαπται,
3120 2091 3242 2146 οὑτε
3271 2095 3338 2159 ,εἰ
3374 2095 3454 2165 μὴ
3489 2094 3756 2148 τέθαπται.

2194 2183 2387 2236 Καίτοι
2415 2201 2479 2252 γε
2505 2184 2600 2238 τοῦ
2641 2183 2888 2238 Ἰωάννου
2923 2187 3051 2256 περὶ
3080 2185 3177 2257 τὴν
3218 2186 3399 2240 Ἀσίαν
3428 2187 3759 2259 ὲνστειλαμέ-

2194 2291 2284 2327 νου
2313 2275 2410 2346 τὴν
2435 2276 2660 2346 πορείαν
2687 2293 2700 2305 ·
2737 2277 2831 2329 καὶ
2861 2277 3100 2348 οὐδαμοῦ
3145 2278 3313 2347 λέγει,
3342 2280 3426 2332 ὅτι
3468 2279 3756 2349 ἐπηγάγετο

2199 2365 2318 2436 μεθ’
2346 2366 2538 2420 ἑαυτοῦ
2578 2368 2677 2439 τὴν
2723 2369 2881 2436 ἁγίαν
2916 2369 3189 2442 Παρθένον
3208 2386 3221 2397 ·
3254 2370 3369 2423 ἀλλ’
3397 2371 3590 2434 ἁπλῶς
3619 2370 3756 2423 ἐσιὼ-

2201 2474 2378 2528 πησεν
2409 2460 2442 2528 ἡ
2465 2458 2654 2530 Γραφὴ
2677 2458 2764 2512 διὰ
2793 2460 2853 2511 τὸ
2879 2458 3212 2531 ὑπερϐάλλον
3235 2459 3327 2513 τοῦ
3365 2459 3663 2532 θαύματος,
3687 2462 3756 2512 ἵνα

2201 2548 2274 2619 μὴ
2309 2551 2389 2612 εἰς
2418 2548 2679 2620 ἔκπληξιν
2707 2553 2889 2622 ἀγάγῃ
2917 2551 3014 2622 τὴν
3045 2552 3281 2606 διάνοιαν
3309 2553 3416 2605 τῶν
3445 2553 3752 2624 ἀνθρώπων.

2212 2640 2355 2709 Ἐγὼ
2378 2641 2486 2712 γὰρ
2530 2642 2591 2694 οὑ
2629 2642 2811 2714 τολμῶ
2854 2642 3054 2712 λέγειν,
3083 2643 3220 2698 ἀλλὰ
3245 2645 3624 2716 διανοούμενος
3657 2661 3760 2698 σιω-

2197 2731 2303 2803 πήν
2351 2733 2522 2787 ἀσκῶ.
2585 2733 2736 2806 Τάχα
2793 2736 2900 2808 γάρ
2946 2753 3048 2790 που
3098 2737 3192 2791 καὶ
3241 2738 3361 2809 ἴχνη
3415 2738 3648 2810 εὕρομεν
3670 2738 3755 2806 τῆς

2196 2823 2355 2892 ἁγίας
2390 2824 2603 2897 ἐκείνης
2629 2828 2723 2880 καὶ
2756 2829 3052 2898 μακαρίας,
3082 2828 3156 2892 ὡς
3180 2826 3304 2881 οὔτε
3334 2829 3518 2901 εὑρεῖν
3547 2830 3657 2882 ἐστι
3681 2829 3758 2882 τὸν

2198 2915 2426 2971 θάνατον
2457 2918 2644 2990 αὑτῆς.
2682 2920 2764 2990 lli;
2809 2921 2905 2984 μὲν
2945 2901 3053 2992 γὰξρ
3089 2923 3118 2974 ὁ
3147 2920 3372 2992 Συμεὼν
3419 2924 3617 2992 φάσκει
3646 2923 3754 2992 περὶ

2199 3009 2530 3080 αὐτῆςνΚαὶ
2581 3010 2696 3064 σοῦ
2746 3011 2936 3080 αὐτῆς
2989 3011 3103 3080 τὴν
3144 3011 3358 3082 ψυχὴν
3406 3013 3755 3069 διελεύσεται

2190 3106 2477 3174 ῥομφαία,
2519 3106 2678 3173 ὅπως
2704 3107 3218 3177 ἀποκαλυφθῶσιν
3246 3109 3314 3161 ἐκ
3361 3109 3608 3164 πολλῶν
3630 3125 3750 3175 καρ-

2123 3166 2166 3224 C
2370 3196 2749 3267 διαλογισμοί
2783 3215 2796 3227 ·
2830 3198 2905 3270 πὴ
2921 3166 3107 3270 δὲπῆς
3150 3201 3569 3271 Ἀποκαλὺψεως
3603 3201 3752 3255 Ἰωάν-

2198 3305 2288 3342 νου
2351 3286 2687 3359 φασκούσης,
2728 3291 2807 3343 ὃτι
2842 3291 2938 3344 καὶ
2983 3291 3240 3345 ἔσπευδεν
3269 3295 3297 3346 ὁ
3324 3293 3541 3364 δράκων
3567 3295 3652 3349 ἐπὶ
3669 3294 3751 3362 τὴν

2198 3383 2435 3448 γυναῖκα
2487 3381 2584 3450 τὴν
2641 3384 2980 3454 γεννήσασαν
3017 3383 3106 3436 τὸν
3145 3385 3370 3455 ᾰρρενα,
3399 3388 3495 3439 καὶ
3524 3386 3751 3454 ἐδόθησαν

2199 3472 2334 3542 αὐτῇ
2367 3473 2636 3542 πτέρυγες
2683 3474 2864 3536 ἀετοῦ,
2914 3476 3010 3530 καὶ
3055 3476 3265 3548 ἐλήφθη
3315 3480 3394 3541 εἰς
3423 3479 3522 3549 τὴν
3551 3479 3746 3549 ἔρημον,

2198 3563 2345 3627 ὅπως
2374 3563 2438 3617 ἂν
2467 3563 2541 3635 μὴ
2573 3563 2710 3638 λάϐῃ
2748 3565 2916 3638 αὐτὴν
2952 3569 2980 3620 ὁ
3011 3568 3246 3639 δράκων.
3275 3571 3424 3640 Τάχα
3469 3572 3527 3625 δὲ
3555 3571 3749 3626 δύναται

2201 3656 2286 3708 ἐπ’
2324 3656 2457 3727 αὑτῇ
2501 3658 2874 3729 πληροῦσθαι·
2902 3659 2961 3711 οὑ
2995 3662 3210 3725 πάντως
3235 3661 3291 3714 δὲ
3325 3662 3743 3734 ὁρίζομαιτοῦτο,

2200 3749 2294 3800 καὶ
2326 3750 2386 3801 οὐ
2415 3748 2575 3819 λέγω,
2611 3751 2691 3803 ὅτι
2721 3751 2986 3815 ἀθάνατος
3029 3751 3240 3823 ἔμεινεν
3261 3769 3275 3782 ⁸
3311 3755 3422 3808 ἀλλ’
3448 3756 3572 3808 οὕτε
3591 3754 3743 3808 διαϐε-

2200 3838 2458 3910 ϐαιοῦμαι
2500 3843 2549 3894 εἰ
2596 3841 2872 3911 τέθνηκεν.
2911 3843 3240 3915 ’Υπερέόαλε
3274 3849 3380 3917 γὰρ
3409 3848 3441 3916 ὴ
3476 3847 3653 3918 Γραφὴ
3672 3844 3744 3898 τὸν

2200 3929 2322 3983 νοῦν
2348 3930 2440 3983 τὸν
2477 3930 2836 4000 ἀνθρώπινον,
2872 3934 2965 3987 καὶ
2999 3936 3056 3987 ὲν
3087 3935 3344 4008 μετεώρῳ
3377 3938 3550 4005 εἴασε,
3580 3937 3657 3990 διὰ
3697 3933 3742 3985 τὺ

2202 4021 2394 4085 σκεῦος
2437 4022 2497 4075 τὸ
2547 4024 2725 4095 τίμιον
2783 4025 2877 4078 καὶ
2931 4023 3301 4096 ὲξοχώτατον’
3353 4030 3437 4082 ἵνα
3493 4033 3565 4103 μή
3603 4045 3675 4090 τις
3696 4028 3742 4078 ὲν

2202 4113 2425 4185 ὑπονοίᾳ
2453 4113 2673 4185 γένηται
2731 4117 2859 4188 περὶ
2891 4118 3060 4189 αὐτῆς
3092 4119 3367 4192 σαρκικῶν
3408 4121 3737 4192 πραγμάτων.

2201 4203 2318 4257 Κᾶν
2353 4220 2410 4256 τε
2434 4199 2525 4256 οὖν
2550 4204 2831 4273 τέθνηκεν,
2862 4206 2960 4259 οὐκ
2985 4207 3230 4279 ἔγνωμεν
3257 4226 3270 4239 ·
3304 4210 3393 4262 καὶ
3419 4213 3467 4262 εἰ
3490 4211 3737 4266 τέθαπται,

2201 4295 2261 4348 οὑ
2283 4296 2550 4365 συνῆπται
2574 4298 2754 4367 σαρκία
2777 4297 2852 4368 μὴ
2873 4299 3082 4367 γένοιτο
3102 4303 3118 4354 l
3140 4302 3237 4365 Τίς
3261 4301 3318 4355 δὲ
3349 4305 3736 4375 φρενοϐλάὸειαν

2202 4386 2378 4458 ἑαυτῷ
2410 4388 2729 4457 συναγαγὼν
2765 4390 2980 4461 θελήσει
3008 4393 3278 4464 ἐνσκῆψαι
3308 4395 3618 4468 βὶάσφημόν
3645 4407 3740 4444 τινα

2202 4478 2481 4544 ὑπόνοιαν,
2516 4480 2608 4533 καὶ
2653 4481 2862 4553 ἀπᾶραι
2886 4483 2907 4513 ⁸
2938 4483 3132 4556 στόμα,
3161 4485 3395 4556 χαλάσαι
3423 4504 3483 4539 τε
3511 4487 3734 4556 γλῶτταν,

2211 4569 2405 4625 διελεῖν
2433 4571 2487 4625 δὲ
2537 4571 2689 4644 χείλη
2729 4575 2792 4626 ἐκ
2818 4573 3054 4641 διανοίας
3085 4579 3297 4648 κακῆς;
3339 4579 3541 4648 μᾶλλον
3573 4579 3623 4632 δὲ
3643 4573 3739 4631 ἀντὶ

2202 4659 2386 4731 ὓμνων
2433 4664 2528 4716 καὶ
2565 4663 2722 4735 δόξης
2748 4664 2935 4736 ὕϐρεις
2977 4668 3128 4733 τινὰς
3159 4671 3415 4736 ἐπινοεῖν,
3445 4671 3540 4725 καὶ
3564 4673 3738 4740 ἐμπαρ-

2199 4755 2360 4805 οινεῖν
2425 4755 2505 4819 εἰς
2561 4756 2659 4825 τὴν
2699 4757 2858 4825 ἁγίαν
2903 4759 3193 4832 Παρθένον,
3249 4762 3344 4815 καὶ
3392 4762 3466 4834 μὴ
3502 4763 3649 4834 τιμᾷν
3687 4755 3734 4809 τὸ

2201 4846 2564 4915 τετιμημένον
2592 4846 2784 4911 σκεῦος
2811 4867 2825 4914 ;

2242 4994 2264 5025 ⁸
2287 4994 2348 5050 F.
2372 4997 2593 5070 ἐπᾶραι.

2209 5161 2396 5242 quitur
2417 5171 2600 5215 noster
2631 5163 2838 5242 inliaer.
2877 5181 3030 5228 thu,
3055 5183 3109 5242 [ι.
3140 5167 3206 5220 ἓξ
3243 5170 3353 5242 ’[ὰς
3381 5170 3648 5242 ἁγαπητὰς
3667 5167 3731 5219 λι-

2205 5233 2441 5309 γομένας
2467 5236 2874 5312 ’συνεισὰκτους
2920 5240 3198 5312 γυναῖκας.
3249 5233 3600 5312 Hieronymus
3639 5252 3728 5312 ρξε-

2204 5303 2325 5382 sint.
2363 5302 2637 5382 tradp‘cn‘;
2671 5302 2950 5382 maxime:
2976 5309 3044 5361 ad
3088 5302 3721 5382 Eustochium'epist._2i_=

2204 5369 2354 5447 (inde
2387 5375 2440 5425 in
2480 5373 2745 5447 Ecclesias
2778 5378 3131 5446 Agapitarum
3165 5384 3324 5447 pestis
3367 5369 3728 5436 intru'iitIUnde

2201 5442 2314 5493 sine
2345 5445 2540 5506 nuptiis
2575 5446 2722 5497 aliud
2769 5442 2954 5500 nomen
2988 5442 3252 5505 uxorum?
3291 5455 3392 5506 imo
3426 5455 3556 5508 unde
3583 5462 3722 5505 norum

2199 5513 2609 5584 concubinarum
2636 5521 2838 5584 genus?
2865 5518 3115 5573 Cavenda
3142 5536 3270 5574 vero
3302 5522 3520 5578 Mariam
3547 5517 3722 5575 Victorii

2200 5583 2780 5664 adnl-‘nmc.Hieronymi
2815 5589 2990 5664 locum
3019 5591 3349 5664 observatio.
3380 5596 3472 5664 qui
3507 5597 3726 5664 Agapett-S

2200 5653 2586 5731 a_Christianis
2615 5653 2904 5723 conviviis,
2938 5675 3075 5729 quas
3105 5663 3322 5728 ἀγάπας
3352 5653 3634 5727 ιιόιιιὶιιιῖηιζ
3651 5660 3722 5714 di“

2201 5732 2406 5780 nvatas
2437 5736 2656 5794 censet;
2693 5732 2834 5799 quod
2876 5740 2957 5785 est
2995 5731 3306 5792 ridiculum.
