3838 6310
74 339 195 399 71⁸1
635 341 1002 400 ADVERSUS
1038 340 1378 398 HIERESES
1414 339 1543 398 LIB.
1586 339 1672 395 111.

1793 341 1879 396 lM.
1925 340 2078 396 ll.-—
2115 339 2388 397 HERES.
2426 337 2710 397 LXXVIII.
3242 332 3346 384 τιὸ

72 457 352 526 corporis
374 465 598 527 experta
641 475 655 510 :
689 460 834 515 absit
858 466 916 512 ut
941 459 1072 514 illud
1096 445 1503 514 existimemus!
1549 456 1684 522 Quis
1724 463 1808 512 est
1833 469 2040 523 autem,
2076 460 2166 528 qui
2201 456 2438 512 furorem
2493 456 2594 512 sibi
2624 461 2679 510 et
2735 449 3007 506 insaniam
3042 445 3346 506 ascisceus,

77 556 308 601 tantam
339 547 511 604 beatae
546 547 755 620 Virgini
781 550 1166 604 contumeliam
1192 549 1318 605 velit
1356 549 1659 619 imponere,
1700 554 1754 601 et
1781 561 1846 602 os
1871 564 2031 604 suum
2064 547 2328 604 adversus
2357 547 2504 602 illam
2561 544 2827 607 attollere,
2856 543 3038 596 laxare
3081 539 3345 608 linguam,

76 638 149 692 ad
192 638 524 708 pestiferam
559 640 706 695 illam
769 641 1230 712 pronuntiandam
1303 641 1632 696 sententiam
1702 627 1865 695 labra
1902 641 2198 704 diducere,
2254 655 2353 711 pro
2405 637 2659 693 laudibus
2720 651 2784 691 ac
2827 633 3111 706 praeconiis
3149 630 3348 703 probra

76 733 576 800 contumeliasque
605 733 970 790 comminisci.
1013 740 1378 789 sacrosancta:
1414 733 1679 790 insultare
1720 731 1980 806 Virgini,
2041 750 2139 790 vas
2205 732 2338 788 illud
2379 731 2612 801 denique
2639 728 2790 785 omni
2853 727 3060 782 honore
3126 725 3348 796 dignum

76 821 245 875 nullo
279 821 489 877 honore
521 837 746 892 prorsus
783 822 1039 879 allicere?

150 912 265 965 ιϐ’.
309 913 374 966 Εἰ
397 912 454 966 δὲ
479 913 573 966 καὶ
595 912 703 966 ἀπὸ
731 913 897 984 ἄλλης
920 913 1065 976 τινὸς
1093 912 1326 986 θεωρίας
1362 915 1468 986 χρὴ
1505 913 1686 969 λαϐεῖν

1864 908 2152 983 Χ11.ριιο‹1
2184 917 2228 972 si
2260 925 2313 972 et
2331 916 2550 971 aliunde
2579 917 2817 970 rationes
2840 911 3143 968 transferre
3169 912 3350 973 liceat.

77 1005 148 1056 τὰ
213 1005 557 1075 πράγματα,
595 1005 1010 1078 ψηλαφήσωμεν
1040 1007 1135 1059 καὶ
1173 1005 1531 1076 φυσιολογιῶν
1563 1007 1688 1078 σχέά

80 1112 226 1159 σεις.
277 1095 424 1150 Φασὶ
474 1097 574 1168 τὴν
627 1093 846 1149 λέαιναν
887 1097 966 1166 (2)
1023 1096 1098 1168 μὴ
1130 1097 1337 1150 τίκτειν
1386 1096 1528 1169 πλὴν
1559 1099 1688 1168 μιᾶς

81 1184 341 1259 γαστρὸς
367 1189 557 1260 μόνης.
588 1181 771 1258 Ἔχειν
803 1188 860 1242 δὲ
883 1188 980 1260 τὴν
1003 1187 1182 1244 αἰτίαν
1203 1190 1432 1245 τοιάνδε’
1459 1190 1532 1244 Τὸ
1551 1191 1688 1256 ζῶον

86 1284 195 1352 μὲν
232 1282 362 1334 ἔστι
392 1281 744 1354 τραγότατον,
776 1272 1030 1354 χαρωπδν
1054 1283 1206 1353 δὲτῷ
1239 1284 1389 1346 εῖδει,
1429 1283 1687 1356 ἐμϐριθέ-

85 1391 302 1428 στατον
348 1377 419 1444 τῇ
474 1368 633 1446 ἀλκῇ,
690 1374 767 1436 ὡς
831 1376 1028 1439 εἰπεῖν,
1067 1374 1494 1444 βασιλικώτατον
1532 1375 1688 1445 γένος

80 1468 176 1519 ἐπὶ
207 1466 285 1520 τὰ
312 1466 459 1522 ἄλλα
475 1465 611 1531 ζῶα.
643 1468 828 1537 Ἐχειν
858 1467 916 1521 δὲ
947 1466 1044 1538 τὴν
1075 1467 1338 1539 σύλληψιν
1362 1469 1420 1536 ἐξ
1451 1466 1566 1533 ἑνὸς
1593 1486 1689 1522 συ-

82 1560 284 1627 ζύγου,
318 1559 500 1612 τελεῖν
522 1559 579 1613 δὲ
599 1559 658 1612 τὸ
686 1559 1157 1632 καταϐαλλόμενον
1193 1561 1422 1634 σπέρμα
1454 1560 1688 1627 εἰκοσιέξ

85 1652 278 1722 μῆνας
340 1656 404 1707 ὲν
445 1655 510 1724 τῇ
547 1653 700 1723 νηδύϊ
721 1669 734 1683 ·
773 1649 922 1706 ὥστε
939 1655 1031 1708 τὸν
1053 1645 1292 1725 σκύμνον
1324 1649 1470 1709 ἔνδον
1497 1655 1587 1709 ἐπὶ
1610 1672 1690 1708 τε·

84 1745 356 1816 λειότητα
420 1745 678 1817 φέρεσθαι
716 1737 804 1799 διὰ
846 1747 938 1800 τὸν
960 1749 1173 1819 χρόνον,
1206 1749 1286 1812 εἰς
1320 1745 1380 1801 τὸ
1432 1749 1528 1802 καὶ
1562 1749 1690 1810 τοὺς

85 1838 311 1903 πάντας
368 1839 591 1902 ὀδόντας
648 1838 792 1910 ἔχειν
845 1839 968 1911 ἤδη,
997 1841 1126 1912 πρὶν
1161 1841 1194 1912 ἦ
1231 1843 1294 1895 ὲκ
1318 1842 1417 1912 τῆς
1451 1841 1689 1914 γαστρὸς

88 1930 383 2003 προέλθοι,
413 1931 509 1984 καὶ
537 1931 662 1994 τοὺς
705 1931 904 2002 ὄνυχας
935 1935 994 1985 ὲν
1027 1933 1214 2004 ἡλικίᾳ
1259 1934 1524 2005 στασίμῳ,
1563 1935 1689 1997 τούς

85 2042 146 2078 τε
181 2023 604 2088 πασσαλίσκους
648 2023 1036 2095 καλουμένους,
1089 2027 1182 2078 καὶ
1225 2026 1564 2092 κυνόδοντας,
1591 2026 1689 2090 τάς

88 2136 147 2171 τε
181 2117 397 2188 μύλας,
429 2119 525 2171 καὶ
569 2115 638 2170 τὰ
686 2106 845 2180 ἄλλα,
884 2117 984 2170 ὅσα
1026 2116 1273 2188 περίεστι
1308 2119 1385 2188 τῷ
1413 2115 1555 2188 ζώῳ.
1600 2117 1688 2170 Ἐν

89 2209 166 2281 τῷ
199 2205 303 2264 οὖν
331 2206 476 2262 εἶναι
508 2209 672 2262 αὐτὸν
717 2210 776 2261 ἐν
807 2212 874 2281 τῇ
910 2209 1088 2280 κοιλίᾳ
1115 2210 1173 2262 ὲν
1195 2211 1316 2274 ταῖς
1346 2211 1685 2282 σκιρτήσεσι.

94 2301 353 2373 κινήσεσί
383 2318 442 2354 τε
498 2301 725 2364 καὶτοῖς
745 2299 924 2364 ἄλλοις
965 2301 1184 2372 τρόποις
1216 2302 1304 2356 διὰ
1345 2303 1452 2355 τῶν
1480 2302 1685 2374 ὀνύχων

95 2393 421 2465 κατασπᾷν,
452 2391 592 2458 ξέειν
632 2409 692 2446 τε
733 2392 832 2457 τὰς
862 2393 1226 2464 ὲγκυμονικὰς
1260 2395 1468 2466 μήτρας
1506 2412 1564 2447 τε
1592 2397 1684 2448 καὶ

95 2478 361 2554 ὑστέρας.
426 2481 514 2534 Ἐν
565 2481 645 2552 τῷ
671 2477 766 2536 οὖν
805 2483 898 2537 ἐπὶ
927 2481 1006 2553 τῷ
1046 2484 1061 2514 ¹
1093 2483 1297 2537 τίκτειν
1345 2485 1442 2555 τὴν
1477 2485 1684 2556 μητέρα

95 2578 255 2647 ἣκειν
309 2575 436 2629 κατ’
487 2575 704 2647 ἐκείνην
753 2574 851 2646 τὴν
893 2576 1132 2647 ἡμέραν,
1185 2573 1385 2638 παντὸς
1415 2575 1683 2646 ἀργαλέου

96 2669 446 2742 κυοφορικῆς
475 2665 689 2738 φύσεως
712 2666 998 2739 ἀλλοτρίαν
1022 2667 1123 2739 τὴν
1143 2667 1388 2739 γαστέρα
1414 2667 1681 2736 γίνεσθαι.

100 2762 255 2816 Μετὰ
277 2761 394 2833 γὰρ
432 2760 526 2814 τοῦ
557 2759 779 2814 τοκετοῦ
807 2760 901 2813 καὶ
924 2759 1022 2823 τὰς
1047 2759 1282 2830 ὑστέρας
1321 2759 1415 2813 καὶ
1450 2760 1548 2824 τὰς
1580 2762 1686 2832 μή-

99 2870 233 2927 τρας
287 2852 644 2926 ὲκκρίνεσθαι
704 2853 820 2923 ἃμα
881 2851 1044 2922 φασὶν
1083 2853 1132 2906 οἱ
1169 2851 1510 2921 φυσιολόγοι³
1544 2850 1685 2905 ὥστε

105 2946 306 3017 μηκέτι
375 2945 475 3016 τὴν
530 2942 748 3014 θήλειαν
796 2941 1105 3016 ὀρέγεσθαι,
1146 2944 1194 2995 εί
1232 2944 1303 3013 μή
1346 2959 1428 3005 τις
1458 2942 1564 3014 ἄρα
1595 2942 1686 3013 βία

103 3040 338 3108 γένοιτο.
367 3039 523 3110 Μήτε
561 3037 681 3109 μὲν,
717 3037 766 3088 εἰ
788 3037 884 3090 καὶ
907 3034 1058 3106 τύχοι
1094 3035 1356 3107 συναφείᾳ
1380 3036 1488 3089 τινὶ
1515 3037 1683 3105 ἀναγε-

106 3131 402 3201 κασθῆναι,
455 3130 534 3183 ἔτι
566 3126 827 3183 δύνασθαι
858 3128 1126 3190 κυΐσκειν,
1157 3129 1229 3198 μὴ
1253 3129 1424 3181 οὐσῶν
1449 3127 1556 3182 τῶν
1585 3144 1688 3199 μη-

104 3221 267 3292 τρῶν,
296 3221 398 3273 εἴτ’
427 3215 521 3273 οὖν
552 3217 814 3290 ὑστερῶν.
855 3219 998 3290 Ἀρα
1028 3217 1157 3286 γοῦν
1185 3219 1413 3271 δέδωκεν
1433 3220 1563 3290 ἡμῖν
1594 3219 1686 3272 καὶ

109 3313 241 3385 αὕτη
274 3314 312 3385 ἡ
354 3311 644 3366 ἀκολουθία
682 3310 1008 3383 πορίσασθαι
1035 3313 1111 3375 είς
1135 3311 1231 3382 τὴν
1257 3309 1687 3384 ἐπιζητουμένην

109 3405 498 3478 πραγματείαν
521 3404 730 3458 ἔννοιάν
773 3421 897 3458 τινα
937 3404 1172 3474 σχέσεως
1206 3405 1298 3458 ἐπὶ
1319 3406 1380 3458 τὺ
1411 3406 1686 3476 συμφέρον

115 3501 315 3569 μᾶλλον
369 3499 403 3570 ἦ
453 3499 545 3552 ἐπὶ
571 3498 633 3550 τὸ
663 3497 918 3568 βλάπτον.
967 3499 1030 3550 Εἰ
1059 3497 1166 3568 γὰρ
1202 3497 1434 3567 σκύμνον
1476 3497 1686 3562 λέοντος

121 3589 327 3644 Ἰούδαν
382 3590 674 3643 αἰνίττεται
721 3588 936 3653 Ἰακὼϐ,
987 3589 1159 3658 λέγων
1185 3589 1274 3642 τὸν
1310 3587 1562 3662 Χριστὸν,
1595 3587 1686 3643 καὶ

115 3684 233 3745 τοὺς
262 3684 285 3714 ¹
317 3683 378 3734 ὲν
414 3683 482 3752 τῇ
524 3678 1173 3748 ’Δποκαλύψει“1ωάννου’
1216 3678 1359 3734 Ἰδοὺ
1404 3679 1690 3747 ἐνίκησεν

116 3777 147 3828 ό
167 3778 347 3837 λέων,
376 3773 564 3844 φησιν,
609 3775 640 3827 d
670 3773 738 3827 ἐκ
773 3770 976 3842 φυλῆς
1023 3770 1228 3832 Ἰούδα,
1260 3771 1356 3825 καὶ
1391 3772 1458 3825 ἐκ
1504 3772 1690 3841 σπέρ-

111 3883 296 3934 ματος
311 3864 488 3919 Δαόἰδ
507 3882 521 3896 ·
546 3863 723 3919 λέοντι
749 3864 857 3936 ἄρα
885 3863 1321 3934 παρεικασμένου
1342 3863 1434 3917 τοῦ
1461 3865 1686 3936 Κυρίου,

114 3952 233 4025 οὐχὶ
283 3956 427 4009 κατὰ
476 3953 660 4025 φύσιν,
705 3953 841 4008 ἀλλὰ
867 3954 954 4008 διὰ
1007 3954 1067 4007 τὸ
1096 3954 1342 4024 αἴνιγμα,
1378 3956 1470 4009 καὶ
1516 3955 1603 4009 διὰ
1629 3951 1690 4009 τὸ

118 4046 397 4116 βασιλικὸν
447 4042 676 4100 εἶναιτὸ
715 4045 874 4110 ζῶον,
907 4045 1123 4099 πάντων
1163 4044 1320 4109 ζώων
1355 4045 1690 4116 ίταμώτατόν

117 4151 173 4189 τε
199 4137 297 4190 mi.
354 4137 724 4208 ἰσχυρότατον,
751 4136 848 4190 καὶ
876 4135 1042 4189 τᾶλλα
1080 4135 1257 4190 πάντα
1297 4137 1649 4208 χαριέστατον
1670 4151 1686 4169 ο

119 4228 221 4300 ἄρα
263 4245 331 4297 γε
392 4228 486 4282 καὶΙ
533 4229 633 4299 τὴν
686 4229 1026 4299 γεννήσασαν
1074 4228 1294 4282 λέαιναν
1355 4230 1557 4300 εἴποιμ’
1599 4229 1688 4285 ἄν.

120 4319 284 4373 Πόθεν
313 4320 420 4389 γὰρ
463 4319 599 4374 λέων
649 4323 902 4389 γεννᾶται
951 4320 1185 4384 πάντως,
1216 4322 1264 4374 εί
1313 4322 1387 4393 μὴ
1432 4321 1615 4375 λέαινα
1653 4324 1686 4393 ή

125 4412 302 4480 μήτηρ
349 4411 724 4482 κληθήσεται;
767 4411 970 4483 Λεαίνῃ
1019 4411 1077 4464 δὲ
1110 4410 1339 4481 δευτέρα
1382 4412 1443 4464 οὐ
1478 4411 1688 4480 γίνεται

122 4503 344 4575 κύησιςο
399 4503 507 4575 ἄρα
558 4503 740 4556 οὐκέτι
787 4501 983 4573 κύησιν
1012 4499 1152 4556 οἶδεν
1179 4506 1211 4574 ἡ
1240 4502 1463 4575 Μαρία,
1508 4503 1689 4557 οὐκέτι

123 4595 413 4662 συνάφειαν
440 4592 707 4664 σωμάτων
743 4595 777 4663 ἠ
805 4592 936 4661 ἁγία
963 4592 1262 4664 Παρθένος.

184 4767 285 4828 1Γ’.
327 4771 489 4825 Ἀλλὰ
541 4773 634 4825 καὶ
663 4770 854 4844 ἑτέρας
893 4771 1090 4842 ἴδωμεν
1121 4771 1374 4844 θεωρίας,
1399 4772 1464 4826 ἵν’
1492 4774 1524 4843 ἡ
1556 4772 1689 4826 ἀκό-

124 4863 302 4928 λουθος
331 4867 355 4901 ³
381 4864 461 4934 τῷ
500 4864 675 4934 Ἰησοῦ
734 4864 850 4936 ἅμα
893 4859 1040 4936 αύτῷ
1071 4865 1299 4919 πάντοτε
1326 4867 1686 4935 τυγχάνουσα.

1789 1009 1920 1078 quid
1951 1023 2128 1063 rerum
2163 1017 2356 1062 natura
2386 1009 2500 1079 ipsa
2537 1005 2695 1070 ferat,
2730 1007 3008 1104 pa/ululum
3043 1000 3358 1060 considere-

1790 1116 1935 1155 mus.
1967 1100 2210 1156 Leaauam
2244 1100 2425 1170 itaque
2448 1099 2629 1155 ferunt
2657 1097 2877 1154 nonnisi
2925 1097 3095 1154 semel
3123 1112 3315 1167 parere
3339 1141 3354 1163 ,

1789 1195 1950 1265 cujus
1993 1195 2068 1249 rei
2118 1195 2259 1249 banc
2297 1211 2418 1250 esse
2445 1194 2711 1250 rationem
2738 1191 2923 1260 :Quod
2974 1191 3177 1247 animal
3211 1188 3358 1247 istud

1788 1281 2205 1337 voracissimum
2257 1285 2346 1349 sit,
2396 1283 2580 1340 colore
2630 1283 2863 1348 fulvum,
2899 1282 3238 1338 validissimo
3266 1297 3359 1337 ro-

1790 1372 1944 1437 bore.
1991 1383 2175 1445 atque,
2238 1384 2298 1430 ut
2351 1392 2461 1431 uno
2484 1377 2653 1432 verbo
2701 1377 2899 1438 dicam,
2937 1375 3087 1446 regia
3120 1374 3357 1446 quadam

1789 1466 2054 1536 dignitate
2081 1470 2294 1524 caneris
2324 1470 2634 1533 antecellat,
2660 1484 2824 1539 porro
2869 1482 2935 1524 ex
2975 1483 3084 1522 uno
3125 1467 3360 1538 conjuge

1789 1560 2064 1632 concipiat
2119 1560 2394 1632 fetumque
2435 1578 2529 1618 sex
2555 1572 2609 1616 et
2651 1562 2843 1632 viginti
2876 1567 3020 1616 totos
3058 1574 3274 1615 menses
3304 1560 3358 1613 in

1791 1659 1946 1706 utero
1979 1662 2167 1720 gerat:
2202 1653 2337 1707 adeo
2367 1660 2426 1707 ut
2459 1652 2550 1706 ille
2581 1667 2694 1721 pra:
2719 1650 3116 1720 longinquitate
3149 1658 3362 1721 tempo-

1789 1744 1868 1798 ris
1901 1745 2119 1799 adultus
2148 1745 2406 1801 dentibus
2431 1745 2707 1809 omnibus,
2731 1754 2894 1814 atque
2925 1741 3201 1814 unguibus
3232 1758 3358 1797 cum

1785 1835 1938 1905 justa
1973 1838 2219 1906 corporis
2251 1845 2482 1901 statura,
2535 1839 2797 1908 praeditus
2850 1837 2944 1900 sit,
2977 1843 3270 1906 antequam
3302 1834 3359 1889 iu

1790 1928 1966 1984 lucem
1992 1927 2216 1998 prodeat
2241 1946 2256 1993 ;
2288 1937 2453 1999 atque
2484 1937 2538 1984 et
2565 1925 2946 1994 claviculares,
2975 1941 3116 1998 quos
3135 1933 3360 1994 vocant,

1790 2026 1845 2074 et
1871 2019 2100 2075 caninos
2132 2018 2323 2076 dentes
2345 2035 2411 2076 ac
2444 2019 2680 2076 molares
2701 2021 2919 2084 habeat,
2953 2027 3008 2077 et
3027 2021 3133 2075 alia
3153 2019 3359 2084 omnia,

1791 2128 1913 2182 quae
1947 2113 2166 2168 animali
2219 2113 2348 2169 huic
2403 2128 2433 2168 a
2489 2120 2686 2168 natura
2729 2127 2988 2168 concessa
3020 2121 3168 2168 sunt.
3219 2111 3361 2166 Dum

1792 2206 1959 2276 igitur
1999 2205 2191 2262 matris
2230 2214 2385 2262 utero
2435 2206 2767 2268 continetur,
2826 2205 3210 2284 subsultando,
3244 2220 3366 2260 mo-

1719 2277 1764 2336 Β
1799 2296 2085 2366 vendoque
2114 2311 2253 2360 sese,
2281 2304 2374 2349 aut
2396 2294 2504 2350 alio
2526 2295 2721 2365 quovis
2751 2294 2913 2350 modo
2935 2281 3127 2350 matris
3145 2301 3360 2349 uterum

1795 2385 2003 2440 laniare
2053 2385 2326 2456 unguibus
2406 2399 2470 2439 ac
2527 2385 2838 2455 discerpere
2884 2392 3133 2439 narrant.
3183 2382 3366 2452 Quare

1793 2492 1918 2530 cum
1951 2477 2020 2531 ad
2077 2485 2292 2547 partum
2333 2485 2509 2532 mater
2552 2477 2782 2540 venerit,
2814 2476 3002 2532 eadem
3045 2477 3139 2531 illa
3169 2475 3258 2532 die
3295 2476 3366 2531 ab

1793 2568 1943 2624 omni
1984 2569 2323 2639 parturiendi
2355 2568 2670 2624 conditione
2718 2583 2783 2622 ac
2825 2568 3078 2624 molestia
3117 2577 3364 2625 ventrem

1795 2659 1942 2713 illius
1999 2657 2240 2712 liberari.
2273 2656 2554 2727 Siquidem
2595 2657 2649 2711 in
2690 2657 2809 2727 ipso
2841 2665 3000 2728 partu
3029 2665 3244 2713 uterum
3287 2659 3358 2715 si-

1795 2751 1910 2805 mul
1939 2765 2002 2804 ac
2035 2749 2317 2805 matricem
2360 2749 2580 2805 cxcerni
2616 2749 2946 2804 naturalium
2987 2765 3173 2806 rerum
3205 2750 3365 2806 inda-

1791 2852 2010 2916 gatores
2035 2850 2293 2899 asserunt
2322 2862 2336 2898 :
2369 2843 2506 2898 adeo
2535 2851 2596 2898 ut
2624 2842 2774 2896 nulla
2807 2843 2864 2896 in
2890 2851 3172 2914 posterum
3204 2859 3368 2900 vene-

1794 2938 1874 2993 ris
1899 2939 2195 3008 cupiditate
2231 2945 2503 3007 tangatur,
2532 2937 2638 2993 nisi
2689 2937 2868 3008 aliqua
2899 2938 2981 2992 vis
3015 2938 3360 2995 adhibeatur.

1793 3029 1951 3097 Quod
1979 3031 2026 3086 si
2068 3047 2272 3087 marem
2307 3029 2543 3102 eXperiri
2583 3041 2828 3104 cogatur,
2871 3031 3249 3103 non'amplius
3276 3041 3366 3087 ta-

1793 3129 1918 3174 men
1973 3120 2140 3176 fetum
2189 3130 2406 3193 gestare
2471 3137 2673 3192 posse,
2717 3131 2906 3193 utpote
2963 3139 3085 3194 quae
3133 3124 3402 3182 matrice.

1795 3221 1998 3268 careat.
2028 3213 2143 3279 Qua
2179 3213 2399 3282 quidem
2449 3231 2518 3268 ex
2553 3216 2869 3271 narratione
2902 3216 2967 3270 ad
3022 3216 3097 3278 id.
3138 3217 3207 3273 de
3251 3233 3365 3288 quo

1795 3306 2029 3378 agimus,
2086 3306 2499 3361 similitudinem
2549 3307 2842 3377 quamdam
2879 3309 3007 3364 licet
3038 3310 3361 3377 transferre,

1793 3413 1915 3466 qum
1950 3397 2238 3452 utilitatem
2293 3399 2475 3466 potius
2507 3415 2669 3470 quam
2700 3399 2956 3456 damnun‘
2990 3402 3209 3474 aliquod
3231 3419 3366 3462 con-

1795 3491 1969 3545 tinere
2001 3491 2268 3546 videatur.
2305 3491 2518 3546 Etenim
2573 3493 2619 3549 si
2663 3495 2903 3548 catulum
2952 3495 3128 3553 leonis
3165 3496 3363 3554 Judam

1793 3579 1996 3636 Jacob"
2021 3582 2329 3649 nominans,
2351 3582 2626 3640 Christum
2649 3586 2882 3656 quadam
2898 3589 3165 3645 sermonis
3195 3589 3364 3660 ﬁgura

1792 3668 2158 3737 adumbravit,
2180 3688 2302 3728 cum
2333 3689 2506 3745 eoque
2534 3676 2666 3730 illud
2689 3695 2754 3732 ex
2779 3673 3007 3734 Joannis
3035 3679 3363 3752 Apocalypsi

1790 3764 2073 3833 congruit:
2102 3762 2234 3819 Ecce
2267 3764 2476 3837 1055
2505 3767 2625 3820 vicit
2651 3767 2730 3823 leo
2759 3767 2824 3824 de
2858 3769 2996 3823 tribu
3026 3768 3195 3838 Juda,
3225 3781 3274 3828 et
3299 3771 3365 3827 ds

1792 3858 1955 3922 stirpe
1988 3854 2154 3910 David
2173 3856 2194 3887 ⁸
2214 3875 2226 3911 :
2245 3871 2370 3910 cum
2391 3858 2529 3912 leoni
2565 3857 2823 3914 Dominus
2851 3861 3222 3929 assimuletur,
3246 3879 3358 3919 non

1792 3956 1988 4002 natura
2025 3949 2266 4020 quidem,
2295 3951 2390 4005 sed
2417 3951 2794 4008 similitudinis
2822 3954 3364 4028 adumbrationisque
3451 4013 3457 4021 _

1793 4040 1986 4111 gratia,
2022 4042 2165 4110 quod
2198 4042 2353 4119 regia.
2372 4044 2618 4113 qumdam
2659 4045 2865 4101 insitin
2899 4047 3055 4102 leone
3087 4045 3363 4118 dignitas,

1792 4134 1971 4204 sitque
1993 4133 2305 4188 animalium
2324 4136 2565 4188 omnium
2593 4136 3041 4201 audacissimum,
3075 4152 3140 4192 ac
3176 4137 3364 4195 fortis-

1793 4224 2014 4288 simum,
2052 4231 2106 4279 et
2147 4225 2201 4278 in
2239 4225 2451 4280 caeteris
2487 4227 2740 4282 omnibus
2773 4237 2992 4296 aspectu
3017 4228 3362 4298 iucundissi-

1793 4332 1963 4378 mum,
1995 4331 2102 4370 non
2140 4315 2377 4372 absurde
2397 4325 2625 4372 matrem
2655 4318 2801 4374 illius
2830 4320 3052 4376 leaenam
3079 4323 3366 4392 appellabi-

1791 4421 1935 4461 mus.
1973 4404 2072 4472 Qui
2097 4407 2240 4461 enim
2266 4407 2349 4461 leo
2386 4409 2633 4478 generari
2664 4417 2863 4480 potest,
2899 4411 3003 4467 nisi
3030 4420 3204 4469 mater
3229 4413 3352 4484 ejus

1793 4499 1960 4552 leaena
1991 4499 2340 4554 nominetur?
2368 4501 2629 4555 Caeterum
2671 4502 2750 4556 uti
2777 4505 2942 4559 leama
2977 4505 3219 4561 secundo
3252 4522 3364 4565 non

1792 4590 1931 4659 parit
1957 4609 1970 4644 :
1998 4590 2070 4643 ita
2096 4601 2442 4646 sacrosancta
2460 4594 2610 4663 virgo
2636 4591 2803 4646 Maria
2815 4595 3039 4651 alterius
3067 4604 3256 4667 partus
3270 4611 3366 4652 ex-

1790 4697 1916 4752 pers
1940 4683 2140 4751 fuit,ac
2169 4683 2377 4739 nullum
2405 4686 2652 4755 corporis
2679 4688 3064 4743 commercium
3097 4691 3363 4746 exercuit.

1861 4773 1998 4831 Xlll.
2055 4775 2197 4843 Quin
2265 4785 2319 4833 et
2379 4778 2529 4832 aliud
2580 4787 2844 4851 praeterea
2900 4782 3362 4852 contemplemur.

1792 4867 1917 4923 Fuit
1949 4868 2038 4922 illa
2073 4876 2331 4939 perpetua
2377 4870 2580 4928 Christi
2610 4887 2818 4937 comes,
2847 4889 2950 4930 nec
2991 4875 3061 4931 ab
3083 4876 3204 4945 ejus
3234 4892 3366 4932 con-

134 4956 390 5025 Ἐκλήθη
433 4956 666 5024 Ἰησοῦς
717 4959 804 5022 εἰς
840 4957 1086 5026 γάμους,
1113 4957 1206 5010 καὶ
1235 4958 1268 5026 ἡ
1310 4958 1491 5028 μήτηρ
1523 4957 1686 5011 αὐτοῦ

1793 4959 1962 5014 sortio
1983 4958 2216 5015 divulsa.
2252 4958 2478 5016 Vocatus
2499 4971 2577 5016 est
2595 4961 2750 5018 Jesus
2771 4963 2839 5018 ad
2859 4966 3072 5034 nuptias
3093 4967 3115 4998 ⁸
3141 4985 3154 5020 :
3179 4967 3364 5020 statim

127 5047 249 5112 ἐκεῖ,
280 5045 376 5102 καὶ
407 5047 457 5101 οί
491 5047 731 5114 ἀδελφοὶ,
776 5049 870 5101 καὶ
911 5046 1148 5118 οὐδαμοῦ
1189 5049 1409 5117 Ἰωσήφ.
1444 5046 1510 5100 Τί
1555 5047 1686 5117 ἐμοὶ

1794 5053 1906 5106 illic
1963 5061 2136 5108 mater
2166 5053 2284 5122 ejus
2317 5063 2372 5108 et
2403 5054 2596 5108 fratres
2629 5055 2957 5110 adfuerunt:
2998 5071 3098 5113 nec
3130 5072 3363 5128 usquam

126 5140 212 5192 καὶ
251 5141 374 5201 σοὶ,
417 5141 626 5210 γύνηι;
660 5139 832 5192 Οὔπω
881 5139 1012 5208 ἥκει
1062 5140 1101 5208 ἠ
1144 5138 1263 5207 ὥρα
1288 5157 1426 5208 μου.
1451 5139 1559 5192 Καὶ
1589 5140 1686 5192 ούκ

1793 5138 2013 5212 Joscphi
2053 5145 2275 5198 mentio.
2305 5143 2446 5209 Quid
2477 5145 2665 5198 mihiet
2691 5147 2807 5207 tibi,
2840 5146 3029 5201 mulier
3050 5148 3076 5202 ?
3109 5145 3364 5201 Nondum

128 5225 233 5284 εἷπε
252 5249 268 5260 ο
291 5231 357 5284 Τί
380 5232 503 5302 ἐμοὶ
530 5231 624 5284 καὶ
655 5231 803 5301 ὑμῖν,
828 5230 1132 5302 ἄνθρωποις
1174 5233 1536 5302 Παρειστήκει
1569 5231 1686 5284 Μα-

1795 5234 1930 5287 venit
1977 5232 2108 5286 hora
2150 5249 2288 5288 mea.
2319 5231 2437 5288 Non
2474 5233 2609 5287 dixit
2638 5253 2650 5288 :
2677 5233 2814 5299 Quid
2845 5235 2976 5288 mihi
2997 5244 3053 5290 et
3077 5237 3250 5296 vobis.
3269 5239 3362 5307 bo-

130 5323 208 5391 ρίιι
226 5327 262 5394 ἡ
287 5324 639 5396 Μαγδαληνὴ,
668 5325 760 5378 καὶ
786 5325 974 5396 Μαρία
1003 5326 1035 5395 ἡ
1068 5323 1160 5378 τοῦ
1189 5325 1416 5387 Κλωπᾶ,
1441 5325 1532 5377 καὶ
1570 5324 1686 5377 Μας

1798 5323 2026 5378 mines?
2071 5321 2203 5378 Item
2235 5321 2424 5379 aderat
2473 5323 2644 5378 Maria
2702 5323 3040 5396 Magdalene,
3095 5335 3150 5382 et
3195 5326 3364 5384 Maria

191 5480 208 5512 ¹
234 5479 298 5536 F.
334 5479 416 5538 τό.
496 5481 516 5513 ³
548 5481 607 5540 F.
641 5482 784 5537 κατὰ
808 5478 952 5546 τούς.
1028 5482 1048 5514 ⁸
1073 5481 1133 5535 F.
1164 5479 1230 5553 ἦν
1259 5481 1411 5537 ἁκόλ.
1489 5481 1511 5512 ⁸
1533 5479 1668 5536 Gen.

1798 5492 1849 5546 κ,
1874 5482 1928 5535 9.
2005 5481 2025 5513 '
2053 5479 2223 5551 Apoc.
2247 5498 2302 5546 ν,
2334 5481 2385 5536 5.
2465 5483 2485 5512 ⁸
2513 5480 2672 5538 Joan.
2708 5497 2769 5548 ιι,
2801 5483 2822 5536 l
2852 5499 2974 5554 sqq.

130 5638 267 5764 Ὠἕὲ)
299 5638 453 5692 Φασὶ
489 5639 605 5720 τὴν
632 5638 907 5693 λέαιναν.
951 5637 1219 5721 Fabulam
1253 5639 1390 5693 hanc
1439 5639 1682 5709 plerique

201 5713 388 5764 ellunt.
423 5710 744 5764 Aristoteles
773 5725 901 5764 ecce
938 5710 1033 5762 lib.
1067 5726 1113 5763 vn
1153 5709 1376 5764 Htstor..
1410 5725 1530 5764 can.
1572 5709 1633 5763 3|
1665 5728 1677 5762 :

1793 5637 2061 5700 τίκτοντα,
2106 5637 2351 5760 ληρώδης
2402 5640 2517 5692 ἐστί
2543 5656 2556 5670 ο
2608 5639 2860 5712 συνετέθη
2893 5639 2950 5694 δὲ
2983 5641 3046 5694 ὲκ
3078 5642 3174 5696 τοῦ
3225 5659 3367 5700 σπα-

1793 5709 1934 5764 νίους
1976 5705 2112 5762 εἶναι
2140 5710 2265 5764 τοὺς
2341 5709 2546 5764 έοντας.
2577 5711 2912 5764 ἀποροῦντος
2933 5711 3033 5764 τὴν
3060 5714 3238 5764 αἰτίαν
3267 5712 3364 5764 τοῦ

201 5709 744 5782 elluntaAristoteles
773 5725 901 5782 ecce
938 5710 1033 5782 lib.
1067 5726 1116 5782 vi
1140 5709 1379 5782 iustum.
1410 5725 1530 5782 cap.
1564 5709 1633 5782 Δ51
1665 5728 1677 5762 :

1793 5709 1934 5782 νίους
1961 5709 2112 5782 ἐἶναι
2140 5710 2265 5782 τοὺς
2284 5780 2291 5782 _
2311 5709 2546 5772 λέοντας,
2577 5709 2912 5782 ἀποροῦντος
2933 5711 3033 5782 τὴν
3060 5714 3238 5768 αἰτίαν
3267 5712 3364 5770 τοῦ

141 5775 194 5835 ’0
219 5780 276 5834 δὲ
300 5779 512 5854 λεχθεὶς
545 5780 712 5851 μῦθος
747 5781 874 5853 περὶ
901 5780 994 5833 τοῦ
1023 5779 1300 5833 ὲκὸἀλλειν
1328 5780 1425 5845 τὰς
1448 5775 1682 5852 ὑστέρας

1793 5779 1880 5833 τὸν
1915 5778 2082 5849 μῦθον
2138 5779 2437 5843 συνθέντος.
2474 5782 2578 5835 Sed
2627 5775 2698 5836 ρι’
2731 5775 3118 5851 Philostratus,
3152 5795 3205 5840 et
3247 5786 3363 5846 alii.
