  <div class='ocr_page' id='page_1' title='image "/cluster/home/n/w/nwhite01/storage/ocr_20150623/42/hvd.32044011752995/361.png"; bbox 0 0 3838 6332; ppageno 0'>
   <div class='ocr_carea' id='block_1_1' title="bbox 557 372 660 427">
    <p class='ocr_par' dir='ltr' id='par_1_1' title="bbox 557 372 660 427">
     <span class='ocr_line' id='line_1_1' title="bbox 557 372 660 427; baseline 0.049 -4"><span class='ocrx_word' id='word_1_1' title='bbox 557 372 660 427; x_wconf 70' lang='grc'><strong>725</strong></span> 
     </span>
    </p>
   </div>
   <div class='ocr_carea' id='block_1_2' title="bbox 1956 361 2125 427">
    <p class='ocr_par' dir='ltr' id='par_1_2' title="bbox 1956 372 2125 427">
     <span class='ocr_line' id='line_1_2' title="bbox 1956 372 2125 427; baseline 0 0"><span class='ocrx_word' id='word_1_2' title='bbox 1956 373 2015 427; x_wconf 90' lang='lat' dir='ltr'><strong>S.</strong></span> <span class='ocrx_word' id='word_1_3' title='bbox 2056 372 2125 427; x_wconf 78' lang='lat' dir='ltr'><strong>EF</strong></span> 
     </span>
    </p>
   </div>
   <div class='ocr_carea' id='block_1_3' title="bbox 2232 361 3761 427">
    <p class='ocr_par' dir='ltr' id='par_1_3' title="bbox 2232 361 3761 427">
     <span class='ocr_line' id='line_1_3' title="bbox 2232 361 3761 427; baseline -0.006 -1"><span class='ocrx_word' id='word_1_4' title='bbox 2232 372 2395 427; x_wconf 82' lang='lat' dir='ltr'><strong>lANll</strong></span> <span class='ocrx_word' id='word_1_5' title='bbox 3674 361 3761 417; x_wconf 69' lang='grc' dir='ltr'><strong>ἰιι</strong></span> 
     </span>
    </p>
   </div>
   <div class='ocr_carea' id='block_1_4' title="bbox 552 481 2125 560">
    <p class='ocr_par' dir='ltr' id='par_1_4' title="bbox 552 486 2114 560">
     <span class='ocr_line' id='line_1_4' title="bbox 552 486 2114 560; baseline 0 -16"><span class='ocrx_word' id='word_1_6' title='bbox 552 490 837 560; x_wconf 78' lang='lat' dir='ltr'><strong>eonjugcm</strong></span> <span class='ocrx_word' id='word_1_7' title='bbox 880 488 1153 547; x_wconf 74' lang='lat' dir='ltr'><strong>dimittere</strong></span> <span class='ocrx_word' id='word_1_8' title='bbox 1178 490 1480 545; x_wconf 88' lang='lat' dir='ltr'><strong>statuisset.</strong></span> <span class='ocrx_word' id='word_1_9' title='bbox 1521 488 1628 545; x_wconf 90' lang='lat' dir='ltr'><strong>Sed</strong></span> <span class='ocrx_word' id='word_1_10' title='bbox 1668 497 1725 543; x_wconf 90' lang='lat' dir='ltr'><strong>ut</strong></span> <span class='ocrx_word' id='word_1_11' title='bbox 1753 489 1822 544; x_wconf 87' lang='lat' dir='ltr'><strong>ad</strong></span> <span class='ocrx_word' id='word_1_12' title='bbox 1850 486 2114 544; x_wconf 81' lang='lat' dir='ltr'><strong>Jacobum</strong></span> 
     </span>
    </p>
   </div>
   <div class='ocr_carea' id='block_1_5' title="bbox 2232 481 3763 560">
    <p class='ocr_par' dir='ltr' id='par_1_5' title="bbox 2232 481 3763 559">
     <span class='ocr_line' id='line_1_5' title="bbox 2232 481 3763 559; baseline -0.007 -16"><span class='ocrx_word' id='word_1_13' title='bbox 2232 490 2371 543; x_wconf 74' lang='grc' dir='ltr'>ἔτεσι</span> <span class='ocrx_word' id='word_1_14' title='bbox 2438 488 2870 559; x_wconf 76' lang='grc' dir='ltr'>είκοσιτέσσαρσι</span> <span class='ocrx_word' id='word_1_15' title='bbox 2917 486 3085 539; x_wconf 87' lang='grc' dir='ltr'>πλείω</span> <span class='ocrx_word' id='word_1_16' title='bbox 3123 484 3354 549; x_wconf 77' lang='grc' dir='ltr'>ἐλάσσω,</span> <span class='ocrx_word' id='word_1_17' title='bbox 3392 482 3472 536; x_wconf 79' lang='grc' dir='ltr'>ὢν</span> <span class='ocrx_word' id='word_1_18' title='bbox 3505 481 3642 535; x_wconf 78' lang='grc' dir='ltr'>ἑτῶν</span> <span class='ocrx_word' id='word_1_19' title='bbox 3665 483 3763 548; x_wconf 57' lang='grc' dir='ltr'>ις’,</span> 
     </span>
    </p>
   </div>
   <div class='ocr_carea' id='block_1_6' title="bbox 551 579 2115 651">
    <p class='ocr_par' dir='ltr' id='par_1_6' title="bbox 551 579 2115 651">
     <span class='ocr_line' id='line_1_6' title="bbox 551 579 2115 651; baseline 0.001 -16"><span class='ocrx_word' id='word_1_20' title='bbox 551 582 771 636; x_wconf 85' lang='lat' dir='ltr'><strong>redeam</strong></span> <span class='ocrx_word' id='word_1_21' title='bbox 802 579 1015 636; x_wconf 84' lang='lat' dir='ltr'><strong>Domini</strong></span> <span class='ocrx_word' id='word_1_22' title='bbox 1052 582 1298 646; x_wconf 77' lang='lat' dir='ltr'><strong>fratrem,</strong></span> <span class='ocrx_word' id='word_1_23' title='bbox 1323 596 1387 636; x_wconf 91' lang='lat' dir='ltr'><strong>ac</strong></span> <span class='ocrx_word' id='word_1_24' title='bbox 1410 580 1629 651; x_wconf 86' lang='lat' dir='ltr'><strong>Josephi</strong></span> <span class='ocrx_word' id='word_1_25' title='bbox 1651 581 1840 649; x_wconf 91' lang='lat' dir='ltr'><strong>ﬁlium,</strong></span> <span class='ocrx_word' id='word_1_26' title='bbox 1875 581 1964 635; x_wconf 92' lang='lat' dir='ltr'><strong>hic</strong></span> <span class='ocrx_word' id='word_1_27' title='bbox 1987 581 2115 637; x_wconf 85' lang='lat' dir='ltr'><strong>Ilie-</strong></span> 
     </span>
    </p>
   </div>
   <div class='ocr_carea' id='block_1_7' title="bbox 551 671 2117 742">
    <p class='ocr_par' dir='ltr' id='par_1_7' title="bbox 551 671 2117 742">
     <span class='ocr_line' id='line_1_7' title="bbox 551 671 2117 742; baseline 0.001 -16"><span class='ocrx_word' id='word_1_28' title='bbox 551 671 846 742; x_wconf 84' lang='lat' dir='ltr'><strong>rosolymis</strong></span> <span class='ocrx_word' id='word_1_29' title='bbox 887 680 1139 729; x_wconf 86' lang='lat' dir='ltr'><strong>mortuus</strong></span> <span class='ocrx_word' id='word_1_30' title='bbox 1203 683 1288 728; x_wconf 90' lang='lat' dir='ltr'><strong>est</strong></span> <span class='ocrx_word' id='word_1_31' title='bbox 1343 672 1502 729; x_wconf 92' lang='lat' dir='ltr'><strong>annis</strong></span> <span class='ocrx_word' id='word_1_32' title='bbox 1557 680 1679 742; x_wconf 88' lang='lat' dir='ltr'><strong>post</strong></span> <span class='ocrx_word' id='word_1_33' title='bbox 1726 672 2117 729; x_wconf 82' lang='lat' dir='ltr'><strong>Ascensionem</strong></span> 
     </span>
    </p>
   </div>
   <div class='ocr_carea' id='block_1_8' title="bbox 552 758 2118 831">
    <p class='ocr_par' dir='ltr' id='par_1_8' title="bbox 552 758 2118 831">
     <span class='ocr_line' id='line_1_8' title="bbox 552 758 2118 831; baseline 0.001 -16"><span class='ocrx_word' id='word_1_34' title='bbox 552 758 769 815; x_wconf 86' lang='lat' dir='ltr'><strong>Domini</strong></span> <span class='ocrx_word' id='word_1_35' title='bbox 824 761 949 831; x_wconf 87' lang='lat' dir='ltr'><strong>plus</strong></span> <span class='ocrx_word' id='word_1_36' title='bbox 996 762 1180 816; x_wconf 90' lang='lat' dir='ltr'><strong>minus</strong></span> <span class='ocrx_word' id='word_1_37' title='bbox 1226 761 1418 831; x_wconf 83' lang='lat' dir='ltr'><strong>viginti</strong></span> <span class='ocrx_word' id='word_1_38' title='bbox 1456 770 1693 831; x_wconf 82' lang='lat' dir='ltr'><strong>quatuor</strong></span> <span class='ocrx_word' id='word_1_39' title='bbox 1728 763 1957 827; x_wconf 76' lang='lat' dir='ltr'><strong>exactis,</strong></span> <span class='ocrx_word' id='word_1_40' title='bbox 1992 778 2118 817; x_wconf 90' lang='lat' dir='ltr'><strong>cum</strong></span> 
     </span>
    </p>
   </div>
   <div class='ocr_carea' id='block_1_9' title="bbox 552 851 2119 929">
    <p class='ocr_par' dir='ltr' id='par_1_9' title="bbox 552 851 2119 929">
     <span class='ocr_line' id='line_1_9' title="bbox 552 851 2119 929; baseline 0.001 -23"><span class='ocrx_word' id='word_1_41' title='bbox 552 853 671 922; x_wconf 87' lang='lat' dir='ltr'><strong>ipse</strong></span> <span class='ocrx_word' id='word_1_42' title='bbox 709 859 922 906; x_wconf 80' lang='lat' dir='ltr'><strong>sextum</strong></span> <span class='ocrx_word' id='word_1_43' title='bbox 961 858 1015 907; x_wconf 85' lang='lat' dir='ltr'><strong>et</strong></span> <span class='ocrx_word' id='word_1_44' title='bbox 1061 852 1473 919; x_wconf 82' lang='lat' dir='ltr'><strong>nonagesimum</strong></span> <span class='ocrx_word' id='word_1_45' title='bbox 1513 853 1705 929; x_wconf 26' lang='lat' dir='ltr'><strong>aetatis,</strong></span> <span class='ocrx_word' id='word_1_46' title='bbox 1741 862 1945 925; x_wconf 74' lang='lat' dir='ltr'><strong>ageret.</strong></span> <span class='ocrx_word' id='word_1_47' title='bbox 1981 851 2119 908; x_wconf 82' lang='lat' dir='ltr'><strong>Huic</strong></span> 
     </span>
    </p>
   </div>
   <div class='ocr_carea' id='block_1_10' title="bbox 552 940 2117 1013">
    <p class='ocr_par' dir='ltr' id='par_1_10' title="bbox 552 940 2117 1013">
     <span class='ocr_line' id='line_1_10' title="bbox 552 940 2117 1013; baseline 0 -16"><span class='ocrx_word' id='word_1_48' title='bbox 552 942 699 997; x_wconf 86' lang='lat' dir='ltr'><strong>enim</strong></span> <span class='ocrx_word' id='word_1_49' title='bbox 747 940 883 997; x_wconf 86' lang='lat' dir='ltr'><strong>fullo</strong></span> <span class='ocrx_word' id='word_1_50' title='bbox 942 941 1165 1013; x_wconf 84' lang='lat' dir='ltr'><strong>quidam</strong></span> <span class='ocrx_word' id='word_1_51' title='bbox 1197 949 1362 1011; x_wconf 85' lang='lat' dir='ltr'><strong>caput</strong></span> <span class='ocrx_word' id='word_1_52' title='bbox 1410 941 1552 998; x_wconf 77' lang='lat' dir='ltr'><strong>fuste</strong></span> <span class='ocrx_word' id='word_1_53' title='bbox 1589 943 1936 1007; x_wconf 86' lang='lat' dir='ltr'><strong>comminuit,</strong></span> <span class='ocrx_word' id='word_1_54' title='bbox 1992 958 2117 997; x_wconf 89' lang='lat' dir='ltr'><strong>cum</strong></span> 
     </span>
    </p>
   </div>
   <div class='ocr_carea' id='block_1_11' title="bbox 551 1031 2119 1104">
    <p class='ocr_par' dir='ltr' id='par_1_11' title="bbox 551 1031 2119 1104">
     <span class='ocr_line' id='line_1_11' title="bbox 551 1031 2119 1104; baseline 0 -17"><span class='ocrx_word' id='word_1_55' title='bbox 551 1048 792 1104; x_wconf 67' lang='lat' dir='ltr'><strong>praeceps</strong></span> <span class='ocrx_word' id='word_1_56' title='bbox 851 1042 997 1089; x_wconf 88' lang='lat' dir='ltr'><strong>esset</strong></span> <span class='ocrx_word' id='word_1_57' title='bbox 1038 1048 1069 1088; x_wconf 92' lang='lat' dir='ltr'><strong>e</strong></span> <span class='ocrx_word' id='word_1_58' title='bbox 1110 1033 1294 1102; x_wconf 90' lang='lat' dir='ltr'><strong>templi</strong></span> <span class='ocrx_word' id='word_1_59' title='bbox 1341 1032 1636 1103; x_wconf 88' lang='lat' dir='ltr'><strong>pinnaculo</strong></span> <span class='ocrx_word' id='word_1_60' title='bbox 1692 1031 1973 1101; x_wconf 89' lang='lat' dir='ltr'><strong>dejectus;</strong></span> <span class='ocrx_word' id='word_1_61' title='bbox 2022 1032 2119 1087; x_wconf 90' lang='lat' dir='ltr'><strong>sed</strong></span> 
     </span>
    </p>
   </div>
   <div class='ocr_carea' id='block_1_12' title="bbox 482 1127 2121 1196">
    <p class='ocr_par' dir='ltr' id='par_1_12' title="bbox 482 1127 2121 1196">
     <span class='ocr_line' id='line_1_12' title="bbox 482 1127 2121 1196; baseline -0.003 -12"><span class='ocrx_word' id='word_1_62' title='bbox 482 1156 487 1159; x_wconf 85' lang='lat'><strong><em>-</em></strong></span> <span class='ocrx_word' id='word_1_63' title='bbox 551 1129 689 1184; x_wconf 86' lang='lat' dir='ltr'><strong>nihil</strong></span> <span class='ocrx_word' id='word_1_64' title='bbox 728 1127 1019 1183; x_wconf 87' lang='lat' dir='ltr'><strong>admodum</strong></span> <span class='ocrx_word' id='word_1_65' title='bbox 1047 1128 1312 1192; x_wconf 68' lang='lat' dir='ltr'><strong>offensus,</strong></span> <span class='ocrx_word' id='word_1_66' title='bbox 1344 1128 1711 1196; x_wconf 88' lang='lat' dir='ltr'><strong>procumbens</strong></span> <span class='ocrx_word' id='word_1_67' title='bbox 1735 1127 1791 1179; x_wconf 92' lang='lat' dir='ltr'><strong>in</strong></span> <span class='ocrx_word' id='word_1_68' title='bbox 1824 1140 2000 1195; x_wconf 81' lang='lat' dir='ltr'><strong>genua</strong></span> <span class='ocrx_word' id='word_1_69' title='bbox 2022 1141 2121 1196; x_wconf 90' lang='lat' dir='ltr'><strong>pro</strong></span> 
     </span>
    </p>
   </div>
   <div class='ocr_carea' id='block_1_13' title="bbox 553 1218 2122 1292">
    <p class='ocr_par' dir='ltr' id='par_1_13' title="bbox 553 1218 2122 1292">
     <span class='ocr_line' id='line_1_13' title="bbox 553 1218 2122 1292; baseline 0.001 -20"><span class='ocrx_word' id='word_1_70' title='bbox 553 1221 637 1273; x_wconf 84' lang='lat' dir='ltr'><strong>his</strong></span> <span class='ocrx_word' id='word_1_71' title='bbox 669 1221 823 1291; x_wconf 84' lang='lat' dir='ltr'><strong>ipsis,</strong></span> <span class='ocrx_word' id='word_1_72' title='bbox 854 1237 885 1275; x_wconf 90' lang='lat' dir='ltr'><strong>a</strong></span> <span class='ocrx_word' id='word_1_73' title='bbox 915 1222 1116 1290; x_wconf 86' lang='lat' dir='ltr'><strong>quibus</strong></span> <span class='ocrx_word' id='word_1_74' title='bbox 1149 1221 1521 1292; x_wconf 67' lang='lat' dir='ltr'><strong>praecipitatus</strong></span> <span class='ocrx_word' id='word_1_75' title='bbox 1556 1219 1756 1283; x_wconf 78' lang='lat' dir='ltr'><strong>fuerat,</strong></span> <span class='ocrx_word' id='word_1_76' title='bbox 1793 1218 1958 1273; x_wconf 91' lang='lat' dir='ltr'><strong>Deum</strong></span> <span class='ocrx_word' id='word_1_77' title='bbox 2000 1234 2122 1288; x_wconf 90' lang='lat' dir='ltr'><strong>pre-</strong></span> 
     </span>
    </p>
   </div>
   <div class='ocr_carea' id='block_1_14' title="bbox 550 1310 2125 1383">
    <p class='ocr_par' dir='ltr' id='par_1_14' title="bbox 550 1310 2125 1383">
     <span class='ocr_line' id='line_1_14' title="bbox 550 1310 2125 1383; baseline 0.004 -21"><span class='ocrx_word' id='word_1_78' title='bbox 550 1322 709 1365; x_wconf 86' lang='lat' dir='ltr'><strong>catus</strong></span> <span class='ocrx_word' id='word_1_79' title='bbox 734 1323 837 1373; x_wconf 85' lang='lat' dir='ltr'><strong>est,</strong></span> <span class='ocrx_word' id='word_1_80' title='bbox 885 1313 971 1367; x_wconf 88' lang='lat' dir='ltr'><strong>his</strong></span> <span class='ocrx_word' id='word_1_81' title='bbox 1008 1313 1223 1367; x_wconf 80' lang='lat' dir='ltr'><strong>verbis:</strong></span> <span class='ocrx_word' id='word_1_82' title='bbox 1257 1310 1478 1367; x_wconf 82' lang='lat' dir='ltr'><strong>Dimitte</strong></span> <span class='ocrx_word' id='word_1_83' title='bbox 1508 1312 1639 1371; x_wconf 87' lang='lat' dir='ltr'><strong>illis.</strong></span> <span class='ocrx_word' id='word_1_84' title='bbox 1693 1312 1820 1383; x_wconf 88' lang='lat' dir='ltr'><strong>quia</strong></span> <span class='ocrx_word' id='word_1_85' title='bbox 1870 1314 2125 1369; x_wconf 88' lang='lat' dir='ltr'><strong>nesciunt</strong></span> 
     </span>
    </p>
   </div>
   <div class='ocr_carea' id='block_1_15' title="bbox 2224 571 3765 649">
    <p class='ocr_par' dir='ltr' id='par_1_15' title="bbox 2224 571 3765 649">
     <span class='ocr_line' id='line_1_15' title="bbox 2224 571 3765 649; baseline -0.01 -13"><span class='ocrx_word' id='word_1_86' title='bbox 2224 583 2327 636; x_wconf 79' lang='grc' dir='ltr'><strong>ὑπὸ</strong></span> <span class='ocrx_word' id='word_1_87' title='bbox 2354 580 2448 635; x_wconf 81' lang='grc' dir='ltr'>τοῦ</span> <span class='ocrx_word' id='word_1_88' title='bbox 2483 580 2732 649; x_wconf 76' lang='grc' dir='ltr'><strong>γναφέως</strong></span> <span class='ocrx_word' id='word_1_89' title='bbox 2779 571 2856 648; x_wconf 83' lang='grc' dir='ltr'>τῷ</span> <span class='ocrx_word' id='word_1_90' title='bbox 2905 578 3045 647; x_wconf 79' lang='grc' dir='ltr'>ξύλῳ</span> <span class='ocrx_word' id='word_1_91' title='bbox 3086 575 3335 637; x_wconf 72' lang='grc' dir='ltr'>παισθεὶς</span> <span class='ocrx_word' id='word_1_92' title='bbox 3378 573 3476 644; x_wconf 80' lang='grc' dir='ltr'><strong>τὴν</strong></span> <span class='ocrx_word' id='word_1_93' title='bbox 3525 571 3765 641; x_wconf 75' lang='grc' dir='ltr'>κεφαλὴν,</span> 
     </span>
    </p>
   </div>
   <div class='ocr_carea' id='block_1_16' title="bbox 2227 662 3766 744">
    <p class='ocr_par' dir='ltr' id='par_1_16' title="bbox 2227 662 3766 744">
     <span class='ocr_line' id='line_1_16' title="bbox 2227 662 3766 744; baseline -0.008 -18"><span class='ocrx_word' id='word_1_94' title='bbox 2227 674 2404 744; x_wconf 50' lang='lat' dir='ltr'><strong>ptest;</strong></span> <span class='ocrx_word' id='word_1_95' title='bbox 2428 673 2535 725; x_wconf 83' lang='grc' dir='ltr'><strong>ἀπὸ</strong></span> <span class='ocrx_word' id='word_1_96' title='bbox 2581 671 2674 724; x_wconf 79' lang='grc' dir='ltr'>τοῦ</span> <span class='ocrx_word' id='word_1_97' title='bbox 2702 671 2992 741; x_wconf 83' lang='grc' dir='ltr'>πτερυγίου</span> <span class='ocrx_word' id='word_1_98' title='bbox 3034 669 3126 722; x_wconf 79' lang='grc' dir='ltr'>τοῦ</span> <span class='ocrx_word' id='word_1_99' title='bbox 3156 667 3326 740; x_wconf 79' lang='grc' dir='ltr'>ἱεροῦ,</span> <span class='ocrx_word' id='word_1_100' title='bbox 3357 666 3450 719; x_wconf 74' lang='grc' dir='ltr'><strong>καὶ</strong></span> <span class='ocrx_word' id='word_1_101' title='bbox 3472 662 3766 717; x_wconf 79' lang='grc' dir='ltr'>κατελθών·</span> 
     </span>
    </p>
   </div>
   <div class='ocr_carea' id='block_1_17' title="bbox 2224 754 3769 834">
    <p class='ocr_par' dir='ltr' id='par_1_17' title="bbox 2224 754 3769 834">
     <span class='ocr_line' id='line_1_17' title="bbox 2224 754 3769 834; baseline -0.008 -17"><span class='ocrx_word' id='word_1_102' title='bbox 2224 766 2319 817; x_wconf 71' lang='grc' dir='ltr'>καὶ</span> <span class='ocrx_word' id='word_1_103' title='bbox 2352 763 2513 834; x_wconf 84' lang='grc' dir='ltr'>μηδὲν</span> <span class='ocrx_word' id='word_1_104' title='bbox 2540 761 2835 831; x_wconf 80' lang='grc' dir='ltr'>ἀδικηθεὶς,</span> <span class='ocrx_word' id='word_1_105' title='bbox 2866 762 3051 824; x_wconf 80' lang='grc' dir='ltr'>κλίνας</span> <span class='ocrx_word' id='word_1_106' title='bbox 3074 759 3132 813; x_wconf 83' lang='grc' dir='ltr'><strong>δὲ</strong></span> <span class='ocrx_word' id='word_1_107' title='bbox 3157 759 3225 812; x_wconf 82' lang='grc' dir='ltr'>τὰ</span> <span class='ocrx_word' id='word_1_108' title='bbox 3248 757 3469 827; x_wconf 89' lang='grc' dir='ltr'>γόνατα,</span> <span class='ocrx_word' id='word_1_109' title='bbox 3496 754 3593 808; x_wconf 79' lang='grc' dir='ltr'>καὶ</span> <span class='ocrx_word' id='word_1_110' title='bbox 3620 770 3769 825; x_wconf 78' lang='grc' dir='ltr'>προσο</span> 
     </span>
    </p>
   </div>
   <div class='ocr_carea' id='block_1_18' title="bbox 2226 845 3765 925">
    <p class='ocr_par' dir='ltr' id='par_1_18' title="bbox 2226 845 3765 925">
     <span class='ocr_line' id='line_1_18' title="bbox 2226 845 3765 925; baseline -0.007 -18"><span class='ocrx_word' id='word_1_111' title='bbox 2226 854 2516 925; x_wconf 79' lang='grc' dir='ltr'>ευξὰμενος</span> <span class='ocrx_word' id='word_1_112' title='bbox 2561 854 2700 923; x_wconf 80' lang='grc' dir='ltr'>ὑπὲρ</span> <span class='ocrx_word' id='word_1_113' title='bbox 2768 853 2946 905; x_wconf 82' lang='grc' dir='ltr'>αὐτῶν</span> <span class='ocrx_word' id='word_1_114' title='bbox 3004 852 3272 923; x_wconf 73' lang='grc' dir='ltr'><strong>ῥιψάντων</strong></span> <span class='ocrx_word' id='word_1_115' title='bbox 3298 889 3315 913; x_wconf 93' lang='grc'><strong>,</strong></span> <span class='ocrx_word' id='word_1_116' title='bbox 3379 849 3475 900; x_wconf 65' lang='grc' dir='ltr'><strong>καλ⁵</strong></span> <span class='ocrx_word' id='word_1_117' title='bbox 3532 845 3765 915; x_wconf 69' lang='grc' dir='ltr'>φάσκων·</span> 
     </span>
    </p>
   </div>
   <div class='ocr_carea' id='block_1_19' title="bbox 2228 935 3766 1017">
    <p class='ocr_par' dir='ltr' id='par_1_19' title="bbox 2228 935 3766 1017">
     <span class='ocr_line' id='line_1_19' title="bbox 2228 935 3766 1017; baseline -0.007 -19"><span class='ocrx_word' id='word_1_118' title='bbox 2228 946 2588 1017; x_wconf 84' lang='grc' dir='ltr'>Συγχώρησον</span> <span class='ocrx_word' id='word_1_119' title='bbox 2651 945 2870 1006; x_wconf 79' lang='grc' dir='ltr'>αὐτοῖς·</span> <span class='ocrx_word' id='word_1_120' title='bbox 2912 944 2971 997; x_wconf 83' lang='grc' dir='ltr'><strong>ού</strong></span> <span class='ocrx_word' id='word_1_121' title='bbox 3045 942 3152 1013; x_wconf 74' lang='grc' dir='ltr'>γὰρ</span> <span class='ocrx_word' id='word_1_122' title='bbox 3181 940 3354 994; x_wconf 73' lang='grc' dir='ltr'>οἴδασι</span> <span class='ocrx_word' id='word_1_123' title='bbox 3410 938 3465 991; x_wconf 82' lang='grc' dir='ltr'><strong>τί</strong></span> <span class='ocrx_word' id='word_1_124' title='bbox 3526 935 3766 989; x_wconf 77' lang='grc' dir='ltr'>ποιοῦσιν·</span> 
     </span>
    </p>
   </div>
   <div class='ocr_carea' id='block_1_20' title="bbox 2223 1024 3769 1107">
    <p class='ocr_par' dir='ltr' id='par_1_20' title="bbox 2223 1024 3769 1107">
     <span class='ocr_line' id='line_1_20' title="bbox 2223 1024 3769 1107; baseline -0.009 -16"><span class='ocrx_word' id='word_1_125' title='bbox 2223 1038 2299 1101; x_wconf 82' lang='grc' dir='ltr'>ὡς</span> <span class='ocrx_word' id='word_1_126' title='bbox 2326 1039 2420 1090; x_wconf 58' lang='grc' dir='ltr'><strong>καὶ¹</strong></span> <span class='ocrx_word' id='word_1_127' title='bbox 2440 1033 2663 1106; x_wconf 86' lang='grc' dir='ltr'>Συμεὼν</span> <span class='ocrx_word' id='word_1_128' title='bbox 2689 1024 2876 1107; x_wconf 71' lang='grc' dir='ltr'>πόρρω</span> <span class='ocrx_word' id='word_1_129' title='bbox 2904 1032 3093 1097; x_wconf 78' lang='grc' dir='ltr'>ἑστὼς,</span> <span class='ocrx_word' id='word_1_130' title='bbox 3125 1034 3154 1085; x_wconf 99' lang='lat'><strong>6</strong></span> <span class='ocrx_word' id='word_1_131' title='bbox 3182 1031 3368 1084; x_wconf 82' lang='grc' dir='ltr'>τούτου</span> <span class='ocrx_word' id='word_1_132' title='bbox 3402 1028 3645 1098; x_wconf 68' lang='grc' dir='ltr'>ἀνεψιὸς,</span> <span class='ocrx_word' id='word_1_133' title='bbox 3675 1027 3769 1087; x_wconf 60' lang='grc' dir='ltr'><strong>υἱός</strong></span> 
     </span>
    </p>
   </div>
   <div class='ocr_carea' id='block_1_21' title="bbox 2224 1110 3772 1194">
    <p class='ocr_par' dir='ltr' id='par_1_21' title="bbox 2224 1110 3772 1194">
     <span class='ocr_line' id='line_1_21' title="bbox 2224 1110 3772 1194; baseline -0.009 -11"><span class='ocrx_word' id='word_1_134' title='bbox 2224 1110 2285 1183; x_wconf 75' lang='grc' dir='ltr'><strong>δὲ</strong></span> <span class='ocrx_word' id='word_1_135' title='bbox 2308 1128 2402 1181; x_wconf 81' lang='grc' dir='ltr'>τοῦ</span> <span class='ocrx_word' id='word_1_136' title='bbox 2440 1127 2668 1193; x_wconf 77' lang='grc' dir='ltr'>Κλωπᾶ,</span> <span class='ocrx_word' id='word_1_137' title='bbox 2709 1126 2862 1194; x_wconf 72' lang='grc' dir='ltr'>ἔλεγε</span> <span class='ocrx_word' id='word_1_138' title='bbox 2890 1140 2905 1154; x_wconf 80' lang='grc'>⁸</span> <span class='ocrx_word' id='word_1_139' title='bbox 2958 1123 3245 1178; x_wconf 81' lang='grc' dir='ltr'><strong>Παύσασθε</strong></span> <span class='ocrx_word' id='word_1_140' title='bbox 3270 1139 3284 1153; x_wconf 88' lang='grc'><strong>·</strong></span> <span class='ocrx_word' id='word_1_141' title='bbox 3314 1122 3368 1174; x_wconf 87' lang='grc' dir='ltr'><strong>τί</strong></span> <span class='ocrx_word' id='word_1_142' title='bbox 3409 1118 3655 1182; x_wconf 74' lang='grc' dir='ltr'><strong>λιθάζετε</strong></span> <span class='ocrx_word' id='word_1_143' title='bbox 3695 1117 3772 1170; x_wconf 70' lang='grc' dir='ltr'>τὸν</span> 
     </span>
    </p>
   </div>
   <div class='ocr_carea' id='block_1_22' title="bbox 2225 1211 3767 1288">
    <p class='ocr_par' dir='ltr' id='par_1_22' title="bbox 2225 1211 3767 1288">
     <span class='ocr_line' id='line_1_22' title="bbox 2225 1211 3767 1288; baseline -0.008 -15"><span class='ocrx_word' id='word_1_144' title='bbox 2225 1220 2428 1281; x_wconf 82' lang='grc' dir='ltr'>δίκαιον</span> <span class='ocrx_word' id='word_1_145' title='bbox 2454 1236 2470 1286; x_wconf 87' lang='grc'>;</span> <span class='ocrx_word' id='word_1_146' title='bbox 2500 1221 2608 1274; x_wconf 71' lang='grc' dir='ltr'>Καὶ</span> <span class='ocrx_word' id='word_1_147' title='bbox 2649 1220 2756 1273; x_wconf 80' lang='grc' dir='ltr'>ἰδοὺ</span> <span class='ocrx_word' id='word_1_148' title='bbox 2795 1217 3008 1288; x_wconf 70' lang='grc' dir='ltr'>εὔχεται</span> <span class='ocrx_word' id='word_1_149' title='bbox 3047 1216 3187 1287; x_wconf 82' lang='grc' dir='ltr'>ὑπὲρ</span> <span class='ocrx_word' id='word_1_150' title='bbox 3220 1214 3371 1285; x_wconf 80' lang='grc' dir='ltr'>ὑμῶν</span> <span class='ocrx_word' id='word_1_151' title='bbox 3400 1214 3474 1269; x_wconf 80' lang='grc' dir='ltr'>τὰ</span> <span class='ocrx_word' id='word_1_152' title='bbox 3516 1211 3767 1266; x_wconf 75' lang='grc' dir='ltr'>κάλλιστα.</span> 
     </span>
    </p>
   </div>
   <div class='ocr_carea' id='block_1_23' title="bbox 2227 1304 3357 1380">
    <p class='ocr_par' dir='ltr' id='par_1_23' title="bbox 2227 1304 3357 1380">
     <span class='ocr_line' id='line_1_23' title="bbox 2227 1304 3357 1380; baseline -0.007 -15"><span class='ocrx_word' id='word_1_153' title='bbox 2227 1314 2338 1365; x_wconf 73' lang='grc' dir='ltr'><strong>Καὶ</strong></span> <span class='ocrx_word' id='word_1_154' title='bbox 2354 1311 2526 1377; x_wconf 81' lang='grc' dir='ltr'>οὕτως</span> <span class='ocrx_word' id='word_1_155' title='bbox 2552 1311 2742 1380; x_wconf 78' lang='grc' dir='ltr'>γέγονε</span> <span class='ocrx_word' id='word_1_156' title='bbox 2766 1310 2825 1363; x_wconf 84' lang='grc' dir='ltr'><strong>τὸ</strong></span> <span class='ocrx_word' id='word_1_157' title='bbox 2852 1308 3016 1362; x_wconf 78' lang='grc' dir='ltr'>αὑτοῦ</span> <span class='ocrx_word' id='word_1_158' title='bbox 3042 1304 3357 1379; x_wconf 85' lang='grc' dir='ltr'>μαρτύριον.</span> 
     </span>
    </p>
   </div>
   <div class='ocr_carea' id='block_1_24' title="bbox 551 1393 3775 1483">
    <p class='ocr_par' dir='ltr' id='par_1_24' title="bbox 551 1393 3775 1483">
     <span class='ocr_line' id='line_1_24' title="bbox 551 1393 3775 1483; baseline -0.004 -23"><span class='ocrx_word' id='word_1_159' title='bbox 551 1404 680 1475; x_wconf 88' lang='lat' dir='ltr'><strong>quid</strong></span> <span class='ocrx_word' id='word_1_160' title='bbox 725 1407 948 1462; x_wconf 83' lang='lat' dir='ltr'><strong>l‘aciunt.</strong></span> <span class='ocrx_word' id='word_1_161' title='bbox 984 1403 1136 1480; x_wconf 83' lang='lat' dir='ltr'><strong>Unde</strong></span> <span class='ocrx_word' id='word_1_162' title='bbox 1186 1404 1422 1476; x_wconf 86' lang='lat' dir='ltr'><strong>Symeon</strong></span> <span class='ocrx_word' id='word_1_163' title='bbox 1452 1403 1600 1458; x_wconf 91' lang='lat' dir='ltr'><strong>illius</strong></span> <span class='ocrx_word' id='word_1_164' title='bbox 1633 1418 1663 1458; x_wconf 90' lang='lat' dir='ltr'><strong>e</strong></span> <span class='ocrx_word' id='word_1_165' title='bbox 1703 1417 1893 1458; x_wconf 88' lang='lat' dir='ltr'><strong>sorore</strong></span> <span class='ocrx_word' id='word_1_166' title='bbox 1924 1418 2113 1483; x_wconf 84' lang='lat' dir='ltr'><strong>nepos,</strong></span> <span class='ocrx_word' id='word_1_167' title='bbox 2155 1418 2220 1459; x_wconf 89' lang='lat' dir='ltr'><strong>ac</strong></span> <span class='ocrx_word' id='word_1_168' title='bbox 2249 1402 2501 1479; x_wconf 67' lang='lat' dir='ltr'><strong>Cleopha:</strong></span> <span class='ocrx_word' id='word_1_169' title='bbox 2553 1403 2695 1460; x_wconf 88' lang='lat' dir='ltr'><strong>ﬁlius</strong></span> <span class='ocrx_word' id='word_1_170' title='bbox 2727 1402 2915 1471; x_wconf 86' lang='lat' dir='ltr'><strong>procul</strong></span> <span class='ocrx_word' id='word_1_171' title='bbox 2946 1409 3131 1455; x_wconf 90' lang='lat' dir='ltr'><strong>astans</strong></span> <span class='ocrx_word' id='word_1_172' title='bbox 3156 1400 3210 1453; x_wconf 93' lang='lat' dir='ltr'><strong>in</strong></span> <span class='ocrx_word' id='word_1_173' title='bbox 3255 1399 3369 1452; x_wconf 59' lang='lat' dir='ltr'><strong>hac</strong></span> <span class='ocrx_word' id='word_1_174' title='bbox 3428 1396 3600 1451; x_wconf 86' lang='lat' dir='ltr'><strong>verba</strong></span> <span class='ocrx_word' id='word_1_175' title='bbox 3646 1393 3775 1446; x_wconf 79' lang='lat' dir='ltr'><strong>locu-</strong></span> 
     </span>
    </p>
   </div>
   <div class='ocr_carea' id='block_1_25' title="bbox 555 1490 3775 1568">
    <p class='ocr_par' dir='ltr' id='par_1_25' title="bbox 555 1490 3775 1568">
     <span class='ocr_line' id='line_1_25' title="bbox 555 1490 3775 1568; baseline -0.004 -16"><span class='ocrx_word' id='word_1_176' title='bbox 555 1508 642 1555; x_wconf 88' lang='lat' dir='ltr'><strong>tus</strong></span> <span class='ocrx_word' id='word_1_177' title='bbox 678 1496 1067 1554; x_wconf 90' lang='lat' dir='ltr'><strong>est:Desinite</strong></span> <span class='ocrx_word' id='word_1_178' title='bbox 1100 1498 1112 1550; x_wconf 82' lang='lat' dir='ltr'><strong>l</strong></span> <span class='ocrx_word' id='word_1_179' title='bbox 1148 1497 1356 1568; x_wconf 67' lang='grc'><strong>1047</strong></span> <span class='ocrx_word' id='word_1_180' title='bbox 1404 1494 1543 1561; x_wconf 88' lang='lat' dir='ltr'><strong>Quid</strong></span> <span class='ocrx_word' id='word_1_181' title='bbox 1587 1495 1857 1567; x_wconf 89' lang='lat' dir='ltr'><strong>lapidibus</strong></span> <span class='ocrx_word' id='word_1_182' title='bbox 1906 1494 2118 1562; x_wconf 88' lang='lat' dir='ltr'><strong>justum</strong></span> <span class='ocrx_word' id='word_1_183' title='bbox 2159 1496 2431 1550; x_wconf 83' lang='lat' dir='ltr'><strong>hominem</strong></span> <span class='ocrx_word' id='word_1_184' title='bbox 2483 1494 2778 1566; x_wconf 81' lang='lat' dir='ltr'><strong>appetitis?</strong></span> <span class='ocrx_word' id='word_1_185' title='bbox 2839 1496 2891 1548; x_wconf 92' lang='lat' dir='ltr'><strong>ls</strong></span> <span class='ocrx_word' id='word_1_186' title='bbox 2963 1507 3062 1562; x_wconf 89' lang='lat' dir='ltr'><strong>pro</strong></span> <span class='ocrx_word' id='word_1_187' title='bbox 3105 1490 3258 1545; x_wconf 82' lang='lat' dir='ltr'><strong>vobis</strong></span> <span class='ocrx_word' id='word_1_188' title='bbox 3295 1490 3506 1559; x_wconf 84' lang='lat' dir='ltr'><strong>Optima</strong></span> <span class='ocrx_word' id='word_1_189' title='bbox 3572 1498 3775 1557; x_wconf 77' lang='lat' dir='ltr'><strong>qua-que</strong></span> 
     </span>
    </p>
   </div>
   <div class='ocr_carea' id='block_1_26' title="bbox 552 1586 2258 1661">
    <p class='ocr_par' dir='ltr' id='par_1_26' title="bbox 552 1586 2258 1661">
     <span class='ocr_line' id='line_1_26' title="bbox 552 1586 2258 1661; baseline -0.002 -16"><span class='ocrx_word' id='word_1_190' title='bbox 552 1598 829 1661; x_wconf 89' lang='lat' dir='ltr'><strong>precatur.</strong></span> <span class='ocrx_word' id='word_1_191' title='bbox 888 1587 1004 1644; x_wconf 84' lang='lat' dir='ltr'><strong>Hoc</strong></span> <span class='ocrx_word' id='word_1_192' title='bbox 1054 1589 1224 1658; x_wconf 77' lang='lat' dir='ltr'><strong>igitur</strong></span> <span class='ocrx_word' id='word_1_193' title='bbox 1276 1588 1437 1641; x_wconf 88' lang='lat' dir='ltr'><strong>modo</strong></span> <span class='ocrx_word' id='word_1_194' title='bbox 1483 1588 1746 1658; x_wconf 87' lang='lat' dir='ltr'><strong>martyrio</strong></span> <span class='ocrx_word' id='word_1_195' title='bbox 1795 1586 2118 1657; x_wconf 84' lang='lat' dir='ltr'><strong>perfunctus</strong></span> <span class='ocrx_word' id='word_1_196' title='bbox 2155 1598 2258 1644; x_wconf 90' lang='lat' dir='ltr'><strong>est.</strong></span> 
     </span>
    </p>
   </div>
   <div class='ocr_carea' id='block_1_27' title="bbox 620 1680 2124 1757">
    <p class='ocr_par' dir='ltr' id='par_1_27' title="bbox 620 1680 2124 1757">
     <span class='ocr_line' id='line_1_27' title="bbox 620 1680 2124 1757; baseline -0.001 -18"><span class='ocrx_word' id='word_1_197' title='bbox 620 1682 738 1740; x_wconf 79' lang='lat' dir='ltr'><strong>XV.</strong></span> <span class='ocrx_word' id='word_1_198' title='bbox 777 1683 895 1757; x_wconf 84' lang='lat' dir='ltr'><strong>Jam</strong></span> <span class='ocrx_word' id='word_1_199' title='bbox 946 1698 1075 1738; x_wconf 89' lang='lat' dir='ltr'><strong>vero</strong></span> <span class='ocrx_word' id='word_1_200' title='bbox 1105 1683 1152 1737; x_wconf 91' lang='lat' dir='ltr'><strong>si</strong></span> <span class='ocrx_word' id='word_1_201' title='bbox 1180 1681 1399 1752; x_wconf 79' lang='lat' dir='ltr'><strong>Iosephi</strong></span> <span class='ocrx_word' id='word_1_202' title='bbox 1444 1682 1588 1735; x_wconf 80' lang='lat' dir='ltr'><strong>ﬁlius</strong></span> <span class='ocrx_word' id='word_1_203' title='bbox 1627 1690 1783 1736; x_wconf 71' lang='lat' dir='ltr'><strong>aetate</strong></span> <span class='ocrx_word' id='word_1_204' title='bbox 1814 1680 1899 1736; x_wconf 86' lang='lat' dir='ltr'><strong>sic</strong></span> <span class='ocrx_word' id='word_1_205' title='bbox 1925 1696 2124 1751; x_wconf 86' lang='lat' dir='ltr'><strong>prove-</strong></span> 
     </span>
    </p>
   </div>
   <div class='ocr_carea' id='block_1_28' title="bbox 2302 1672 3773 1742">
    <p class='ocr_par' dir='ltr' id='par_1_28' title="bbox 2302 1672 3773 1742">
     <span class='ocr_line' id='line_1_28' title="bbox 2302 1672 3773 1742; baseline -0.011 -4"><span class='ocrx_word' id='word_1_206' title='bbox 2302 1685 2400 1738; x_wconf 90' lang='lat' dir='ltr'><strong>IE&#39;.</strong></span> <span class='ocrx_word' id='word_1_207' title='bbox 2446 1686 2506 1737; x_wconf 74' lang='lat' dir='ltr'><strong>El</strong></span> <span class='ocrx_word' id='word_1_208' title='bbox 2530 1684 2704 1737; x_wconf 83' lang='grc' dir='ltr'>τοίνυν</span> <span class='ocrx_word' id='word_1_209' title='bbox 2732 1684 2760 1734; x_wconf 89' lang='lat'><strong>6</strong></span> <span class='ocrx_word' id='word_1_210' title='bbox 2786 1682 2971 1735; x_wconf 85' lang='grc' dir='ltr'>τούτου</span> <span class='ocrx_word' id='word_1_211' title='bbox 3001 1683 3129 1742; x_wconf 83' lang='grc' dir='ltr'>παῖς</span> <span class='ocrx_word' id='word_1_212' title='bbox 3155 1676 3423 1730; x_wconf 83' lang='grc' dir='ltr'>τοσούτων</span> <span class='ocrx_word' id='word_1_213' title='bbox 3451 1672 3593 1727; x_wconf 80' lang='grc' dir='ltr'>ἐτῶν</span> <span class='ocrx_word' id='word_1_214' title='bbox 3622 1672 3773 1742; x_wconf 78' lang='grc' dir='ltr'>ὑπῆρ-</span> 
     </span>
    </p>
   </div>
   <div class='ocr_carea' id='block_1_29' title="bbox 552 1765 2125 1851">
    <p class='ocr_par' dir='ltr' id='par_1_29' title="bbox 552 1774 2121 1851">
     <span class='ocr_line' id='line_1_29' title="bbox 552 1774 2121 1851; baseline -0.004 -19"><span class='ocrx_word' id='word_1_215' title='bbox 552 1784 674 1833; x_wconf 87' lang='lat' dir='ltr'><strong>ctus</strong></span> <span class='ocrx_word' id='word_1_216' title='bbox 704 1776 826 1851; x_wconf 80' lang='lat' dir='ltr'><strong>fuit,</strong></span> <span class='ocrx_word' id='word_1_217' title='bbox 877 1776 998 1844; x_wconf 90' lang='lat' dir='ltr'><strong>quis</strong></span> <span class='ocrx_word' id='word_1_218' title='bbox 1049 1774 1171 1843; x_wconf 87' lang='lat' dir='ltr'><strong>ejus</strong></span> <span class='ocrx_word' id='word_1_219' title='bbox 1226 1785 1434 1844; x_wconf 88' lang='lat' dir='ltr'><strong>patrem</strong></span> <span class='ocrx_word' id='word_1_220' title='bbox 1490 1774 1806 1839; x_wconf 84' lang='lat' dir='ltr'><strong>arbitretur,</strong></span> <span class='ocrx_word' id='word_1_221' title='bbox 1862 1774 1954 1844; x_wconf 88' lang='lat' dir='ltr'><strong>qui</strong></span> <span class='ocrx_word' id='word_1_222' title='bbox 2012 1782 2121 1827; x_wconf 89' lang='lat' dir='ltr'><strong>tam</strong></span> 
     </span>
    </p>
   </div>
   <div class='ocr_carea' id='block_1_30' title="bbox 2232 1765 3772 1851">
    <p class='ocr_par' dir='ltr' id='par_1_30' title="bbox 2232 1765 3772 1848">
     <span class='ocr_line' id='line_1_30' title="bbox 2232 1765 3772 1848; baseline -0.009 -19"><span class='ocrx_word' id='word_1_223' title='bbox 2232 1794 2311 1848; x_wconf 83' lang='grc' dir='ltr'>χε,</span> <span class='ocrx_word' id='word_1_224' title='bbox 2344 1775 2462 1839; x_wconf 83' lang='grc' dir='ltr'><strong>πῶς</strong></span> <span class='ocrx_word' id='word_1_225' title='bbox 2494 1775 2603 1847; x_wconf 78' lang='grc' dir='ltr'>ἄρα</span> <span class='ocrx_word' id='word_1_226' title='bbox 2628 1777 2656 1826; x_wconf 92' lang='lat'><strong>6</strong></span> <span class='ocrx_word' id='word_1_227' title='bbox 2679 1773 2868 1827; x_wconf 85' lang='grc' dir='ltr'>τούτου</span> <span class='ocrx_word' id='word_1_228' title='bbox 2907 1772 3087 1842; x_wconf 82' lang='grc' dir='ltr'>πατὴρ</span> <span class='ocrx_word' id='word_1_229' title='bbox 3129 1770 3338 1840; x_wconf 75' lang='grc' dir='ltr'>βλέπων</span> <span class='ocrx_word' id='word_1_230' title='bbox 3368 1766 3617 1838; x_wconf 76' lang='grc' dir='ltr'><strong>φρικώδη</strong></span> <span class='ocrx_word' id='word_1_231' title='bbox 3655 1765 3772 1834; x_wconf 74' lang='grc' dir='ltr'>πρά-</span> 
     </span>
    </p>
   </div>
   <div class='ocr_carea' id='block_1_31' title="bbox 551 1865 2125 1944">
    <p class='ocr_par' dir='ltr' id='par_1_31' title="bbox 551 1865 2125 1944">
     <span class='ocr_line' id='line_1_31' title="bbox 551 1865 2125 1944; baseline -0.003 -23"><span class='ocrx_word' id='word_1_232' title='bbox 551 1866 822 1944; x_wconf 80' lang='lat' dir='ltr'><strong>horrenda</strong></span> <span class='ocrx_word' id='word_1_233' title='bbox 849 1866 1159 1941; x_wconf 82' lang='lat' dir='ltr'><strong>spectacula</strong></span> <span class='ocrx_word' id='word_1_234' title='bbox 1183 1865 1445 1921; x_wconf 83' lang='lat' dir='ltr'><strong>vidisset:</strong></span> <span class='ocrx_word' id='word_1_235' title='bbox 1471 1872 1598 1933; x_wconf 89' lang='lat' dir='ltr'><strong>puta</strong></span> <span class='ocrx_word' id='word_1_236' title='bbox 1623 1866 1846 1931; x_wconf 83' lang='lat' dir='ltr'><strong>angelos</strong></span> <span class='ocrx_word' id='word_1_237' title='bbox 1881 1865 2125 1920; x_wconf 87' lang='lat' dir='ltr'><strong>nascenti</strong></span> 
     </span>
    </p>
   </div>
   <div class='ocr_carea' id='block_1_32' title="bbox 550 1954 2125 2025">
    <p class='ocr_par' dir='ltr' id='par_1_32' title="bbox 550 1954 2125 2025">
     <span class='ocr_line' id='line_1_32' title="bbox 550 1954 2125 2025; baseline -0.002 -14"><span class='ocrx_word' id='word_1_238' title='bbox 550 1956 689 2011; x_wconf 91' lang='lat' dir='ltr'><strong>Filio</strong></span> <span class='ocrx_word' id='word_1_239' title='bbox 723 1955 817 2011; x_wconf 89' lang='lat' dir='ltr'><strong>Dei</strong></span> <span class='ocrx_word' id='word_1_240' title='bbox 852 1955 1176 2025; x_wconf 89' lang='lat' dir='ltr'><strong>stipatorum</strong></span> <span class='ocrx_word' id='word_1_241' title='bbox 1216 1970 1279 2010; x_wconf 92' lang='lat' dir='ltr'><strong>ac</strong></span> <span class='ocrx_word' id='word_1_242' title='bbox 1309 1956 1603 2009; x_wconf 88' lang='lat' dir='ltr'><strong>satellitum</strong></span> <span class='ocrx_word' id='word_1_243' title='bbox 1659 1954 1830 2011; x_wconf 80' lang='lat' dir='ltr'><strong>olﬁeia</strong></span> <span class='ocrx_word' id='word_1_244' title='bbox 1861 1962 2125 2024; x_wconf 65' lang='lat' dir='ltr'><strong>praestan-</strong></span> 
     </span>
    </p>
   </div>
   <div class='ocr_carea' id='block_1_33' title="bbox 553 2044 2127 2113">
    <p class='ocr_par' dir='ltr' id='par_1_33' title="bbox 553 2044 2127 2113">
     <span class='ocr_line' id='line_1_33' title="bbox 553 2044 2127 2113; baseline -0.001 -12"><span class='ocrx_word' id='word_1_245' title='bbox 553 2056 657 2113; x_wconf 84' lang='lat' dir='ltr'><strong>tes,</strong></span> <span class='ocrx_word' id='word_1_246' title='bbox 693 2061 757 2101; x_wconf 91' lang='lat' dir='ltr'><strong>ac</strong></span> <span class='ocrx_word' id='word_1_247' title='bbox 787 2046 853 2102; x_wconf 92' lang='lat' dir='ltr'><strong>de</strong></span> <span class='ocrx_word' id='word_1_248' title='bbox 883 2046 1023 2101; x_wconf 62' lang='lat' dir='ltr'><strong>caelo</strong></span> <span class='ocrx_word' id='word_1_249' title='bbox 1054 2054 1358 2109; x_wconf 85' lang='lat' dir='ltr'><strong>cantantes,</strong></span> <span class='ocrx_word' id='word_1_250' title='bbox 1399 2055 1453 2100; x_wconf 86' lang='lat' dir='ltr'><strong>et</strong></span> <span class='ocrx_word' id='word_1_251' title='bbox 1499 2047 1741 2111; x_wconf 85' lang='lat' dir='ltr'><strong>dicentes</strong></span> <span class='ocrx_word' id='word_1_252' title='bbox 1777 2066 1789 2100; x_wconf 92' lang='lat'>:</span> <span class='ocrx_word' id='word_1_253' title='bbox 1834 2044 2018 2101; x_wconf 78' lang='lat' dir='ltr'><strong>Gloria</strong></span> <span class='ocrx_word' id='word_1_254' title='bbox 2071 2048 2127 2100; x_wconf 82' lang='lat' dir='ltr'><strong>in</strong></span> 
     </span>
    </p>
   </div>
   <div class='ocr_carea' id='block_1_34' title="bbox 552 2136 2123 2207">
    <p class='ocr_par' dir='ltr' id='par_1_34' title="bbox 552 2136 2123 2207">
     <span class='ocr_line' id='line_1_34' title="bbox 552 2136 2123 2207; baseline 0 -16"><span class='ocrx_word' id='word_1_255' title='bbox 552 2138 826 2205; x_wconf 74' lang='lat' dir='ltr'><strong>altissimis</strong></span> <span class='ocrx_word' id='word_1_256' title='bbox 853 2136 964 2191; x_wconf 87' lang='lat' dir='ltr'><strong>Deo</strong></span> <span class='ocrx_word' id='word_1_257' title='bbox 983 2178 997 2201; x_wconf 92' lang='lat'><strong>,</strong></span> <span class='ocrx_word' id='word_1_258' title='bbox 1026 2138 1153 2192; x_wconf 81' lang='lat' dir='ltr'><strong>etin</strong></span> <span class='ocrx_word' id='word_1_259' title='bbox 1187 2147 1326 2191; x_wconf 84' lang='lat' dir='ltr'><strong>terra</strong></span> <span class='ocrx_word' id='word_1_260' title='bbox 1352 2153 1477 2207; x_wconf 75' lang='lat' dir='ltr'><strong>pax,</strong></span> <span class='ocrx_word' id='word_1_261' title='bbox 1505 2139 1560 2191; x_wconf 76' lang='lat' dir='ltr'><strong>in</strong></span> <span class='ocrx_word' id='word_1_262' title='bbox 1581 2137 1877 2197; x_wconf 71' lang='lat' dir='ltr'><strong>hominibus</strong></span> <span class='ocrx_word' id='word_1_263' title='bbox 1904 2137 2123 2206; x_wconf 81' lang='lat' dir='ltr'><strong>benigna</strong></span> 
     </span>
    </p>
   </div>
   <div class='ocr_carea' id='block_1_35' title="bbox 550 2216 2122 2299">
    <p class='ocr_par' dir='ltr' id='par_1_35' title="bbox 550 2216 2122 2299">
     <span class='ocr_line' id='line_1_35' title="bbox 550 2216 2122 2299; baseline -0.001 -17"><span class='ocrx_word' id='word_1_264' title='bbox 550 2227 793 2299; x_wconf 71' lang='lat' dir='ltr'><strong>uoluntas</strong></span> <span class='ocrx_word' id='word_1_265' title='bbox 816 2228 856 2292; x_wconf 81' lang='grc'><strong>¹;</strong></span> <span class='ocrx_word' id='word_1_266' title='bbox 886 2243 1008 2282; x_wconf 91' lang='lat' dir='ltr'><strong>cum</strong></span> <span class='ocrx_word' id='word_1_267' title='bbox 1032 2235 1279 2297; x_wconf 86' lang='lat' dir='ltr'><strong>pastores</strong></span> <span class='ocrx_word' id='word_1_268' title='bbox 1298 2216 1524 2297; x_wconf 64' lang='lat' dir='ltr'><strong>in‘super</strong></span> <span class='ocrx_word' id='word_1_269' title='bbox 1542 2227 1607 2282; x_wconf 91' lang='lat' dir='ltr'><strong>ad</strong></span> <span class='ocrx_word' id='word_1_270' title='bbox 1638 2242 1757 2281; x_wconf 91' lang='lat' dir='ltr'><strong>eam</strong></span> <span class='ocrx_word' id='word_1_271' title='bbox 1786 2228 2122 2297; x_wconf 87' lang='lat' dir='ltr'><strong>speluncam,</strong></span> 
     </span>
    </p>
   </div>
   <div class='ocr_carea' id='block_1_36' title="bbox 552 2316 2128 2397">
    <p class='ocr_par' dir='ltr' id='par_1_36' title="bbox 552 2316 2128 2397">
     <span class='ocr_line' id='line_1_36' title="bbox 552 2316 2128 2397; baseline 0.001 -26"><span class='ocrx_word' id='word_1_272' title='bbox 552 2319 607 2397; x_wconf 79' lang='lat' dir='ltr'><strong>in</strong></span> <span class='ocrx_word' id='word_1_273' title='bbox 642 2334 749 2387; x_wconf 85' lang='lat' dir='ltr'><strong>qua</strong></span> <span class='ocrx_word' id='word_1_274' title='bbox 792 2316 1047 2373; x_wconf 88' lang='lat' dir='ltr'><strong>Christus</strong></span> <span class='ocrx_word' id='word_1_275' title='bbox 1086 2327 1250 2372; x_wconf 89' lang='lat' dir='ltr'><strong>natus</strong></span> <span class='ocrx_word' id='word_1_276' title='bbox 1295 2326 1434 2385; x_wconf 88' lang='lat' dir='ltr'><strong>erat,</strong></span> <span class='ocrx_word' id='word_1_277' title='bbox 1479 2318 1866 2382; x_wconf 85' lang='lat' dir='ltr'><strong>accessissent,</strong></span> <span class='ocrx_word' id='word_1_278' title='bbox 1907 2317 2128 2379; x_wconf 85' lang='lat' dir='ltr'><strong>eadem-</strong></span> 
     </span>
    </p>
   </div>
   <div class='ocr_carea' id='block_1_37' title="bbox 551 2411 2128 2483">
    <p class='ocr_par' dir='ltr' id='par_1_37' title="bbox 551 2411 2128 2483">
     <span class='ocr_line' id='line_1_37' title="bbox 551 2411 2128 2483; baseline 0.002 -19"><span class='ocrx_word' id='word_1_279' title='bbox 551 2427 659 2483; x_wconf 86' lang='lat' dir='ltr'><strong>que</strong></span> <span class='ocrx_word' id='word_1_280' title='bbox 688 2412 1052 2477; x_wconf 88' lang='lat' dir='ltr'><strong>nuntiassent,</strong></span> <span class='ocrx_word' id='word_1_281' title='bbox 1082 2426 1204 2466; x_wconf 91' lang='lat' dir='ltr'><strong>cum</strong></span> <span class='ocrx_word' id='word_1_282' title='bbox 1236 2411 1373 2476; x_wconf 57' lang='lat' dir='ltr'><strong>hinc,</strong></span> <span class='ocrx_word' id='word_1_283' title='bbox 1396 2412 1636 2482; x_wconf 83' lang='lat' dir='ltr'><strong>inquam,</strong></span> <span class='ocrx_word' id='word_1_284' title='bbox 1670 2419 1781 2467; x_wconf 87' lang='lat' dir='ltr'><strong>tam</strong></span> <span class='ocrx_word' id='word_1_285' title='bbox 1805 2411 2128 2467; x_wconf 84' lang='lat' dir='ltr'><strong>admiranda</strong></span> 
     </span>
    </p>
   </div>
   <div class='ocr_carea' id='block_1_38' title="bbox 551 2494 2127 2572">
    <p class='ocr_par' dir='ltr' id='par_1_38' title="bbox 551 2494 2127 2572">
     <span class='ocr_line' id='line_1_38' title="bbox 551 2494 2127 2572; baseline 0.001 -16"><span class='ocrx_word' id='word_1_286' title='bbox 551 2500 801 2572; x_wconf 81' lang='lat' dir='ltr'><strong>prodigia</strong></span> <span class='ocrx_word' id='word_1_287' title='bbox 848 2516 911 2555; x_wconf 87' lang='lat' dir='ltr'><strong>ac</strong></span> <span class='ocrx_word' id='word_1_288' title='bbox 946 2501 1209 2556; x_wconf 91' lang='lat' dir='ltr'><strong>miracula</strong></span> <span class='ocrx_word' id='word_1_289' title='bbox 1247 2499 1518 2572; x_wconf 88' lang='lat' dir='ltr'><strong>Josephus</strong></span> <span class='ocrx_word' id='word_1_290' title='bbox 1552 2502 1641 2556; x_wconf 88' lang='lat' dir='ltr'><strong>ille</strong></span> <span class='ocrx_word' id='word_1_291' title='bbox 1700 2494 1894 2557; x_wconf 56' lang='lat' dir='ltr'><strong>senex&#39;</strong></span> <span class='ocrx_word' id='word_1_292' title='bbox 1926 2517 1990 2557; x_wconf 91' lang='lat' dir='ltr'><strong>ac</strong></span> <span class='ocrx_word' id='word_1_293' title='bbox 2030 2502 2127 2558; x_wconf 86' lang='lat' dir='ltr'><strong>de-</strong></span> 
     </span>
    </p>
   </div>
   <div class='ocr_carea' id='block_1_39' title="bbox 552 2586 2127 2663">
    <p class='ocr_par' dir='ltr' id='par_1_39' title="bbox 552 2586 2127 2663">
     <span class='ocr_line' id='line_1_39' title="bbox 552 2586 2127 2663; baseline -0.001 -15"><span class='ocrx_word' id='word_1_294' title='bbox 552 2586 795 2663; x_wconf 79' lang='lat' dir='ltr'><strong>crepitus</strong></span> <span class='ocrx_word' id='word_1_295' title='bbox 840 2592 1076 2657; x_wconf 90' lang='lat' dir='ltr'><strong>audiret,</strong></span> <span class='ocrx_word' id='word_1_296' title='bbox 1120 2592 1309 2648; x_wconf 89' lang='lat' dir='ltr'><strong>ﬁerine</strong></span> <span class='ocrx_word' id='word_1_297' title='bbox 1346 2592 1545 2662; x_wconf 82' lang='lat' dir='ltr'><strong>potuit,</strong></span> <span class='ocrx_word' id='word_1_298' title='bbox 1580 2601 1772 2647; x_wconf 91' lang='lat' dir='ltr'><strong>sancto</strong></span> <span class='ocrx_word' id='word_1_299' title='bbox 1806 2604 1865 2646; x_wconf 91' lang='lat' dir='ltr'><strong>ut</strong></span> <span class='ocrx_word' id='word_1_300' title='bbox 1894 2593 1971 2647; x_wconf 89' lang='lat' dir='ltr'><strong>illi</strong></span> <span class='ocrx_word' id='word_1_301' title='bbox 2003 2609 2127 2649; x_wconf 88' lang='lat' dir='ltr'><strong>cor-</strong></span> 
     </span>
    </p>
   </div>
   <div class='ocr_carea' id='block_1_40' title="bbox 551 2682 2127 2761">
    <p class='ocr_par' dir='ltr' id='par_1_40' title="bbox 551 2682 2127 2761">
     <span class='ocr_line' id='line_1_40' title="bbox 551 2682 2127 2761; baseline 0 -23"><span class='ocrx_word' id='word_1_302' title='bbox 551 2684 694 2761; x_wconf 88' lang='lat' dir='ltr'><strong>pori,</strong></span> <span class='ocrx_word' id='word_1_303' title='bbox 730 2684 785 2737; x_wconf 90' lang='lat' dir='ltr'><strong>in</strong></span> <span class='ocrx_word' id='word_1_304' title='bbox 810 2698 919 2753; x_wconf 89' lang='lat' dir='ltr'><strong>quo</strong></span> <span class='ocrx_word' id='word_1_305' title='bbox 947 2682 1087 2739; x_wconf 85' lang='lat' dir='ltr'><strong>Deus</strong></span> <span class='ocrx_word' id='word_1_306' title='bbox 1112 2683 1472 2748; x_wconf 89' lang='lat' dir='ltr'><strong>habitaverat,</strong></span> <span class='ocrx_word' id='word_1_307' title='bbox 1515 2698 1613 2754; x_wconf 87' lang='lat' dir='ltr'><strong>per</strong></span> <span class='ocrx_word' id='word_1_308' title='bbox 1650 2699 1916 2738; x_wconf 87' lang='lat' dir='ltr'><strong>summam</strong></span> <span class='ocrx_word' id='word_1_309' title='bbox 1968 2684 2127 2754; x_wconf 81' lang='lat' dir='ltr'><strong>igno-</strong></span> 
     </span>
    </p>
   </div>
   <div class='ocr_carea' id='block_1_41' title="bbox 556 2770 2127 2845">
    <p class='ocr_par' dir='ltr' id='par_1_41' title="bbox 556 2770 2127 2845">
     <span class='ocr_line' id='line_1_41' title="bbox 556 2770 2127 2845; baseline 0.001 -17"><span class='ocrx_word' id='word_1_310' title='bbox 556 2770 779 2831; x_wconf 81' lang='lat' dir='ltr'><strong>miniam</strong></span> <span class='ocrx_word' id='word_1_311' title='bbox 821 2774 1114 2830; x_wconf 82' lang='lat' dir='ltr'><strong>illuderet‘!</strong></span> <span class='ocrx_word' id='word_1_312' title='bbox 1144 2791 1252 2845; x_wconf 87' lang='lat' dir='ltr'><strong>quo</strong></span> <span class='ocrx_word' id='word_1_313' title='bbox 1282 2775 1504 2845; x_wconf 91' lang='lat' dir='ltr'><strong>quidem</strong></span> <span class='ocrx_word' id='word_1_314' title='bbox 1528 2791 1595 2830; x_wconf 78' lang='lat' dir='ltr'><strong>ex</strong></span> <span class='ocrx_word' id='word_1_315' title='bbox 1619 2790 1847 2844; x_wconf 88' lang='lat' dir='ltr'><strong>corpore</strong></span> <span class='ocrx_word' id='word_1_316' title='bbox 1872 2785 2127 2845; x_wconf 85' lang='lat' dir='ltr'><strong>suscepta</strong></span> 
     </span>
    </p>
   </div>
   <div class='ocr_carea' id='block_1_42' title="bbox 550 2863 2128 2943">
    <p class='ocr_par' dir='ltr' id='par_1_42' title="bbox 550 2863 2128 2943">
     <span class='ocr_line' id='line_1_42' title="bbox 550 2863 2128 2943; baseline 0.001 -24"><span class='ocrx_word' id='word_1_317' title='bbox 550 2881 580 2943; x_wconf 80' lang='lat' dir='ltr'><strong>a</strong></span> <span class='ocrx_word' id='word_1_318' title='bbox 611 2866 706 2923; x_wconf 87' lang='lat' dir='ltr'><strong>Dei</strong></span> <span class='ocrx_word' id='word_1_319' title='bbox 735 2865 916 2923; x_wconf 79' lang='lat' dir='ltr'><strong>Verbo</strong></span> <span class='ocrx_word' id='word_1_320' title='bbox 961 2866 1203 2924; x_wconf 88' lang='lat' dir='ltr'><strong>hominis</strong></span> <span class='ocrx_word' id='word_1_321' title='bbox 1247 2874 1330 2923; x_wconf 79' lang='lat' dir='ltr'><strong>est</strong></span> <span class='ocrx_word' id='word_1_322' title='bbox 1376 2875 1571 2921; x_wconf 88' lang='lat' dir='ltr'><strong>natura</strong></span> <span class='ocrx_word' id='word_1_323' title='bbox 1623 2875 1927 2921; x_wconf 86' lang='lat' dir='ltr'><strong>contracta.</strong></span> <span class='ocrx_word' id='word_1_324' title='bbox 1971 2863 2128 2921; x_wconf 88' lang='lat' dir='ltr'><strong>Unde</strong></span> 
     </span>
    </p>
   </div>
   <div class='ocr_carea' id='block_1_43' title="bbox 549 2957 2128 3028">
    <p class='ocr_par' dir='ltr' id='par_1_43' title="bbox 549 2957 2128 3028">
     <span class='ocr_line' id='line_1_43' title="bbox 549 2957 2128 3028; baseline -0.002 -14"><span class='ocrx_word' id='word_1_325' title='bbox 549 2966 605 3014; x_wconf 90' lang='lat' dir='ltr'><strong>et</strong></span> <span class='ocrx_word' id='word_1_326' title='bbox 663 2967 855 3015; x_wconf 84' lang='lat' dir='ltr'><strong>sancta</strong></span> <span class='ocrx_word' id='word_1_327' title='bbox 893 2958 986 3012; x_wconf 87' lang='lat' dir='ltr'><strong>illa</strong></span> <span class='ocrx_word' id='word_1_328' title='bbox 1019 2966 1073 3014; x_wconf 89' lang='lat' dir='ltr'><strong>et</strong></span> <span class='ocrx_word' id='word_1_329' title='bbox 1105 2958 1423 3028; x_wconf 85' lang='lat' dir='ltr'><strong>incorrupta</strong></span> <span class='ocrx_word' id='word_1_330' title='bbox 1460 2972 1591 3012; x_wconf 87' lang='lat' dir='ltr'><strong>caro</strong></span> <span class='ocrx_word' id='word_1_331' title='bbox 1630 2957 1895 3012; x_wconf 78' lang='lat' dir='ltr'><strong>fabricata</strong></span> <span class='ocrx_word' id='word_1_332' title='bbox 1934 2966 2038 3022; x_wconf 90' lang='lat' dir='ltr'><strong>est,</strong></span> <span class='ocrx_word' id='word_1_333' title='bbox 2074 2968 2128 3012; x_wconf 90' lang='lat' dir='ltr'><strong>et</strong></span> 
     </span>
    </p>
   </div>
   <div class='ocr_carea' id='block_1_44' title="bbox 550 3049 2123 3127">
    <p class='ocr_par' dir='ltr' id='par_1_44' title="bbox 550 3049 2123 3127">
     <span class='ocr_line' id='line_1_44' title="bbox 550 3049 2123 3127; baseline -0.001 -22"><span class='ocrx_word' id='word_1_334' title='bbox 550 3066 678 3105; x_wconf 79' lang='lat' dir='ltr'><strong>cum</strong></span> <span class='ocrx_word' id='word_1_335' title='bbox 721 3051 1023 3106; x_wconf 88' lang='lat' dir='ltr'><strong>Salvatoris</strong></span> <span class='ocrx_word' id='word_1_336' title='bbox 1071 3050 1358 3127; x_wconf 82' lang='lat' dir='ltr'><strong>divinitate</strong></span> <span class='ocrx_word' id='word_1_337' title='bbox 1397 3049 1713 3119; x_wconf 89' lang='lat' dir='ltr'><strong>conjuncta.</strong></span> <span class='ocrx_word' id='word_1_338' title='bbox 1754 3049 2123 3116; x_wconf 83' lang='lat' dir='ltr'><strong>Quemadmo-</strong></span> 
     </span>
    </p>
   </div>
   <div class='ocr_carea' id='block_1_45' title="bbox 2228 1856 3771 1938">
    <p class='ocr_par' dir='ltr' id='par_1_45' title="bbox 2228 1856 3771 1938">
     <span class='ocr_line' id='line_1_45' title="bbox 2228 1856 3771 1938; baseline -0.01 -17"><span class='ocrx_word' id='word_1_339' title='bbox 2228 1885 2433 1938; x_wconf 89' lang='grc' dir='ltr'>γματα,</span> <span class='ocrx_word' id='word_1_340' title='bbox 2467 1866 2729 1935; x_wconf 78' lang='grc' dir='ltr'><strong>ἀγγέλους</strong></span> <span class='ocrx_word' id='word_1_341' title='bbox 2756 1866 2854 1934; x_wconf 80' lang='grc' dir='ltr'><strong>τὴν</strong></span> <span class='ocrx_word' id='word_1_342' title='bbox 2886 1863 3133 1931; x_wconf 76' lang='grc' dir='ltr'><strong>γέννησιν</strong></span> <span class='ocrx_word' id='word_1_343' title='bbox 3159 1860 3249 1913; x_wconf 77' lang='grc' dir='ltr'>τοῦ</span> <span class='ocrx_word' id='word_1_344' title='bbox 3286 1859 3414 1911; x_wconf 77' lang='grc' dir='ltr'>Υἰοῦ</span> <span class='ocrx_word' id='word_1_345' title='bbox 3446 1856 3771 1929; x_wconf 59' lang='grc' dir='ltr'>δορυφοροῦν-</span> 
     </span>
    </p>
   </div>
   <div class='ocr_carea' id='block_1_46' title="bbox 2226 1948 3772 2031">
    <p class='ocr_par' dir='ltr' id='par_1_46' title="bbox 2226 1948 3772 2031">
     <span class='ocr_line' id='line_1_46' title="bbox 2226 1948 3772 2031; baseline -0.01 -18"><span class='ocrx_word' id='word_1_346' title='bbox 2226 1978 2344 2024; x_wconf 85' lang='grc' dir='ltr'>τας,</span> <span class='ocrx_word' id='word_1_347' title='bbox 2392 1958 2693 2029; x_wconf 77' lang='grc' dir='ltr'>ὑμνοῦντας</span> <span class='ocrx_word' id='word_1_348' title='bbox 2733 1957 2828 2010; x_wconf 85' lang='grc' dir='ltr'><strong>ἀπ’</strong></span> <span class='ocrx_word' id='word_1_349' title='bbox 2861 1953 3112 2031; x_wconf 78' lang='grc' dir='ltr'>οὐρανοῦ,</span> <span class='ocrx_word' id='word_1_350' title='bbox 3161 1954 3254 2005; x_wconf 75' lang='grc' dir='ltr'>καὶ</span> <span class='ocrx_word' id='word_1_351' title='bbox 3307 1951 3603 2019; x_wconf 76' lang='grc' dir='ltr'>λέγοντας’</span> <span class='ocrx_word' id='word_1_352' title='bbox 3644 1948 3772 2009; x_wconf 69' lang='grc' dir='ltr'>Δόξα</span> 
     </span>
    </p>
   </div>
   <div class='ocr_carea' id='block_1_47' title="bbox 2227 2038 3771 2121">
    <p class='ocr_par' dir='ltr' id='par_1_47' title="bbox 2227 2038 3771 2121">
     <span class='ocr_line' id='line_1_47' title="bbox 2227 2038 3771 2121; baseline -0.012 -13"><span class='ocrx_word' id='word_1_353' title='bbox 2227 2053 2295 2105; x_wconf 81' lang='grc' dir='ltr'><strong>ἐν</strong></span> <span class='ocrx_word' id='word_1_354' title='bbox 2323 2052 2609 2121; x_wconf 72' lang='grc' dir='ltr'><strong>ὑψίστοις</strong></span> <span class='ocrx_word' id='word_1_355' title='bbox 2639 2047 2778 2113; x_wconf 78' lang='grc' dir='ltr'>Θεῷ,</span> <span class='ocrx_word' id='word_1_356' title='bbox 2814 2047 2912 2101; x_wconf 80' lang='grc' dir='ltr'>καὶ</span> <span class='ocrx_word' id='word_1_357' title='bbox 2940 2046 3037 2099; x_wconf 77' lang='grc' dir='ltr'><strong>ἐπὶ</strong></span> <span class='ocrx_word' id='word_1_358' title='bbox 3069 2043 3181 2115; x_wconf 78' lang='grc' dir='ltr'><strong>γῆς</strong></span> <span class='ocrx_word' id='word_1_359' title='bbox 3213 2041 3446 2111; x_wconf 74' lang='grc' dir='ltr'>εἰρήνη.</span> <span class='ocrx_word' id='word_1_360' title='bbox 3483 2042 3555 2094; x_wconf 81' lang='grc' dir='ltr'><strong>ὲν</strong></span> <span class='ocrx_word' id='word_1_361' title='bbox 3578 2038 3771 2107; x_wconf 68' lang='grc' dir='ltr'><strong>ἀνθρώ-</strong></span> 
     </span>
    </p>
   </div>
   <div class='ocr_carea' id='block_1_48' title="bbox 2229 2128 3774 2205">
    <p class='ocr_par' dir='ltr' id='par_1_48' title="bbox 2229 2128 3774 2205">
     <span class='ocr_line' id='line_1_48' title="bbox 2229 2128 3774 2205; baseline -0.008 -13"><span class='ocrx_word' id='word_1_362' title='bbox 2229 2156 2373 2205; x_wconf 58' lang='grc' dir='ltr'>ποις.</span> <span class='ocrx_word' id='word_1_363' title='bbox 2411 2137 2679 2191; x_wconf 80' lang='grc' dir='ltr'>εὐδοκία·</span> <span class='ocrx_word' id='word_1_364' title='bbox 2718 2136 2811 2190; x_wconf 73' lang='grc' dir='ltr'><strong>καὶ</strong></span> <span class='ocrx_word' id='word_1_365' title='bbox 2857 2134 2963 2188; x_wconf 79' lang='grc' dir='ltr'><strong>τῶν</strong></span> <span class='ocrx_word' id='word_1_366' title='bbox 3016 2134 3285 2203; x_wconf 78' lang='grc' dir='ltr'>ποιμένων</span> <span class='ocrx_word' id='word_1_367' title='bbox 3331 2132 3575 2202; x_wconf 80' lang='grc' dir='ltr'><strong>ἡκόντων</strong></span> <span class='ocrx_word' id='word_1_368' title='bbox 3619 2130 3689 2191; x_wconf 83' lang='grc' dir='ltr'>εἰς</span> <span class='ocrx_word' id='word_1_369' title='bbox 3726 2128 3774 2179; x_wconf 77' lang='grc' dir='ltr'><strong>τὸ</strong></span> 
     </span>
    </p>
   </div>
   <div class='ocr_carea' id='block_1_49' title="bbox 2230 2219 3773 2300">
    <p class='ocr_par' dir='ltr' id='par_1_49' title="bbox 2230 2219 3773 2300">
     <span class='ocr_line' id='line_1_49' title="bbox 2230 2219 3773 2300; baseline -0.008 -18"><span class='ocrx_word' id='word_1_370' title='bbox 2230 2229 2513 2300; x_wconf 86' lang='grc' dir='ltr'>σπήλαιον,</span> <span class='ocrx_word' id='word_1_371' title='bbox 2549 2226 2675 2279; x_wconf 78' lang='grc' dir='ltr'>ἔνθα</span> <span class='ocrx_word' id='word_1_372' title='bbox 2716 2225 3003 2295; x_wconf 72' lang='grc' dir='ltr'>ἐγεννήθη,</span> <span class='ocrx_word' id='word_1_373' title='bbox 3050 2223 3147 2276; x_wconf 59' lang='grc' dir='ltr'><strong>καὶ⁸</strong></span> <span class='ocrx_word' id='word_1_374' title='bbox 3188 2222 3357 2275; x_wconf 76' lang='grc' dir='ltr'>ταῦτα</span> <span class='ocrx_word' id='word_1_375' title='bbox 3404 2219 3773 2288; x_wconf 74' lang='grc' dir='ltr'>ἀγγελλόντων,</span> 
     </span>
    </p>
   </div>
   <div class='ocr_carea' id='block_1_50' title="bbox 2229 2309 3771 2385">
    <p class='ocr_par' dir='ltr' id='par_1_50' title="bbox 2229 2309 3771 2385">
     <span class='ocr_line' id='line_1_50' title="bbox 2229 2309 3771 2385; baseline -0.006 -16"><span class='ocrx_word' id='word_1_376' title='bbox 2229 2317 2322 2369; x_wconf 72' lang='grc' dir='ltr'>καὶ</span> <span class='ocrx_word' id='word_1_377' title='bbox 2348 2334 2441 2369; x_wconf 88' lang='grc' dir='ltr'><strong>του</strong></span> <span class='ocrx_word' id='word_1_378' title='bbox 2482 2314 2678 2385; x_wconf 80' lang='grc' dir='ltr'>Ἰωσὴφ</span> <span class='ocrx_word' id='word_1_379' title='bbox 2706 2313 2993 2376; x_wconf 84' lang='grc' dir='ltr'>ἀκούοντος</span> <span class='ocrx_word' id='word_1_380' title='bbox 3018 2311 3111 2365; x_wconf 74' lang='grc' dir='ltr'>τοῦ</span> <span class='ocrx_word' id='word_1_381' title='bbox 3145 2310 3451 2380; x_wconf 75' lang='grc' dir='ltr'>πρεσϐύτου</span> <span class='ocrx_word' id='word_1_382' title='bbox 3486 2309 3582 2362; x_wconf 77' lang='grc' dir='ltr'><strong>καὶ</strong></span> <span class='ocrx_word' id='word_1_383' title='bbox 3631 2309 3771 2376; x_wconf 76' lang='grc' dir='ltr'>ὑπερ-</span> 
     </span>
    </p>
   </div>
   <div class='ocr_carea' id='block_1_51' title="bbox 2228 2397 3772 2476">
    <p class='ocr_par' dir='ltr' id='par_1_51' title="bbox 2228 2397 3772 2476">
     <span class='ocr_line' id='line_1_51' title="bbox 2228 2397 3772 2476; baseline -0.006 -18"><span class='ocrx_word' id='word_1_384' title='bbox 2228 2406 2422 2468; x_wconf 77' lang='grc' dir='ltr'>ϐάντος</span> <span class='ocrx_word' id='word_1_385' title='bbox 2450 2405 2543 2457; x_wconf 78' lang='grc' dir='ltr'>τοῦ</span> <span class='ocrx_word' id='word_1_386' title='bbox 2571 2405 2784 2476; x_wconf 81' lang='grc' dir='ltr'>χρόνου,</span> <span class='ocrx_word' id='word_1_387' title='bbox 2810 2403 2879 2456; x_wconf 76' lang='grc' dir='ltr'>τὰ</span> <span class='ocrx_word' id='word_1_388' title='bbox 2908 2402 3143 2455; x_wconf 82' lang='grc' dir='ltr'>τοσαῦτα</span> <span class='ocrx_word' id='word_1_389' title='bbox 3171 2403 3368 2471; x_wconf 84' lang='grc' dir='ltr'>σημεῖα</span> <span class='ocrx_word' id='word_1_390' title='bbox 3391 2401 3492 2453; x_wconf 68' lang='grc' dir='ltr'><strong>καὶ</strong></span> <span class='ocrx_word' id='word_1_391' title='bbox 3528 2397 3772 2467; x_wconf 78' lang='grc' dir='ltr'>θαύματα,</span> 
     </span>
    </p>
   </div>
   <div class='ocr_carea' id='block_1_52' title="bbox 2229 2489 3769 2568">
    <p class='ocr_par' dir='ltr' id='par_1_52' title="bbox 2229 2489 3769 2568">
     <span class='ocr_line' id='line_1_52' title="bbox 2229 2489 3769 2568; baseline -0.008 -17"><span class='ocrx_word' id='word_1_392' title='bbox 2229 2498 2346 2561; x_wconf 78' lang='grc' dir='ltr'><strong>πῶς</strong></span> <span class='ocrx_word' id='word_1_393' title='bbox 2369 2497 2567 2568; x_wconf 80' lang='grc' dir='ltr'>ἐτόλμα</span> <span class='ocrx_word' id='word_1_394' title='bbox 2597 2497 2965 2567; x_wconf 84' lang='grc' dir='ltr'>ὲμπαροινεῖν,</span> <span class='ocrx_word' id='word_1_395' title='bbox 2992 2495 3086 2548; x_wconf 69' lang='grc' dir='ltr'><strong>καὶ</strong></span> <span class='ocrx_word' id='word_1_396' title='bbox 3114 2491 3414 2566; x_wconf 79' lang='grc' dir='ltr'>ὲνυὸρίζειν</span> <span class='ocrx_word' id='word_1_397' title='bbox 3442 2491 3605 2560; x_wconf 83' lang='grc' dir='ltr'>σῶμα</span> <span class='ocrx_word' id='word_1_398' title='bbox 3624 2489 3769 2555; x_wconf 74' lang='grc' dir='ltr'>ἅγιον,</span> 
     </span>
    </p>
   </div>
   <div class='ocr_carea' id='block_1_53' title="bbox 2230 2568 3775 2658">
    <p class='ocr_par' dir='ltr' id='par_1_53' title="bbox 2230 2568 3775 2658">
     <span class='ocr_line' id='line_1_53' title="bbox 2230 2568 3775 2658; baseline -0.009 -14"><span class='ocrx_word' id='word_1_399' title='bbox 2230 2593 2286 2644; x_wconf 78' lang='grc' dir='ltr'><strong>ἐν</strong></span> <span class='ocrx_word' id='word_1_400' title='bbox 2317 2584 2361 2658; x_wconf 77' lang='grc' dir='ltr'>ᾧ</span> <span class='ocrx_word' id='word_1_401' title='bbox 2392 2588 2704 2658; x_wconf 83' lang='grc' dir='ltr'>κατῳκίσθη</span> <span class='ocrx_word' id='word_1_402' title='bbox 2737 2588 2904 2651; x_wconf 83' lang='grc' dir='ltr'>Θεός;</span> <span class='ocrx_word' id='word_1_403' title='bbox 2940 2585 2998 2650; x_wconf 76' lang='grc' dir='ltr'>ἐξ</span> <span class='ocrx_word' id='word_1_404' title='bbox 3031 2580 3201 2656; x_wconf 72' lang='grc' dir='ltr'>οὗπερ</span> <span class='ocrx_word' id='word_1_405' title='bbox 3246 2568 3499 2653; x_wconf 68' lang='grc' dir='ltr'>σώματος</span> <span class='ocrx_word' id='word_1_406' title='bbox 3547 2582 3775 2647; x_wconf 76' lang='grc' dir='ltr'>συνελέγη</span> 
     </span>
    </p>
   </div>
   <div class='ocr_carea' id='block_1_54' title="bbox 2227 2672 3774 2757">
    <p class='ocr_par' dir='ltr' id='par_1_54' title="bbox 2227 2672 3774 2757">
     <span class='ocr_line' id='line_1_54' title="bbox 2227 2672 3774 2757; baseline -0.016 -11"><span class='ocrx_word' id='word_1_407' title='bbox 2227 2686 2357 2757; x_wconf 80' lang='grc' dir='ltr'>ἡμῖν</span> <span class='ocrx_word' id='word_1_408' title='bbox 2401 2686 2434 2755; x_wconf 83' lang='grc' dir='ltr'>ἡ</span> <span class='ocrx_word' id='word_1_409' title='bbox 2475 2685 2571 2756; x_wconf 79' lang='grc' dir='ltr'>τῆς</span> <span class='ocrx_word' id='word_1_410' title='bbox 2614 2684 2878 2753; x_wconf 82' lang='grc' dir='ltr'>ἐνσάρκου</span> <span class='ocrx_word' id='word_1_411' title='bbox 2931 2682 3233 2752; x_wconf 76' lang='grc' dir='ltr'>παρουσίας</span> <span class='ocrx_word' id='word_1_412' title='bbox 3261 2678 3579 2747; x_wconf 75' lang='grc' dir='ltr'>οἰκονομίασ</span> <span class='ocrx_word' id='word_1_413' title='bbox 3622 2672 3774 2738; x_wconf 77' lang='grc' dir='ltr'>ὅθενὴ</span> 
     </span>
    </p>
   </div>
   <div class='ocr_carea' id='block_1_55' title="bbox 2226 2765 3775 2847">
    <p class='ocr_par' dir='ltr' id='par_1_55' title="bbox 2226 2765 3775 2847">
     <span class='ocr_line' id='line_1_55' title="bbox 2226 2765 3775 2847; baseline -0.014 -14"><span class='ocrx_word' id='word_1_414' title='bbox 2226 2777 2358 2844; x_wconf 78' lang='grc' dir='ltr'>ἁγία</span> <span class='ocrx_word' id='word_1_415' title='bbox 2390 2776 2654 2847; x_wconf 79' lang='grc' dir='ltr'>ἄχραντος</span> <span class='ocrx_word' id='word_1_416' title='bbox 2700 2774 2836 2845; x_wconf 81' lang='grc' dir='ltr'>σὰρξ</span> <span class='ocrx_word' id='word_1_417' title='bbox 2875 2776 3006 2844; x_wconf 81' lang='grc' dir='ltr'>ἡμῖν</span> <span class='ocrx_word' id='word_1_418' title='bbox 3053 2768 3371 2843; x_wconf 80' lang='grc' dir='ltr'>ᾠκοδομήθη</span> <span class='ocrx_word' id='word_1_419' title='bbox 3402 2770 3464 2821; x_wconf 83' lang='grc' dir='ltr'><strong>ὲν</strong></span> <span class='ocrx_word' id='word_1_420' title='bbox 3496 2770 3562 2836; x_wconf 80' lang='grc' dir='ltr'>τῇ</span> <span class='ocrx_word' id='word_1_421' title='bbox 3593 2765 3775 2832; x_wconf 80' lang='grc' dir='ltr'>θεότητι</span> 
     </span>
    </p>
   </div>
   <div class='ocr_carea' id='block_1_56' title="bbox 2226 2858 3771 2940">
    <p class='ocr_par' dir='ltr' id='par_1_56' title="bbox 2226 2858 3771 2940">
     <span class='ocr_line' id='line_1_56' title="bbox 2226 2858 3771 2940; baseline -0.01 -17"><span class='ocrx_word' id='word_1_422' title='bbox 2226 2870 2320 2923; x_wconf 78' lang='grc' dir='ltr'><strong>τοῦ</strong></span> <span class='ocrx_word' id='word_1_423' title='bbox 2350 2870 2624 2940; x_wconf 52' lang='grc' dir='ltr'>Σωτῆρος</span> <span class='ocrx_word' id='word_1_424' title='bbox 2653 2867 2726 2930; x_wconf 83' lang='grc' dir='ltr'><strong>ὡς</strong></span> <span class='ocrx_word' id='word_1_425' title='bbox 2758 2868 2786 2919; x_wconf 87' lang='lat'><strong>6</strong></span> <span class='ocrx_word' id='word_1_426' title='bbox 2821 2866 3046 2934; x_wconf 82' lang='grc' dir='ltr'>ἄγγελος</span> <span class='ocrx_word' id='word_1_427' title='bbox 3091 2867 3269 2917; x_wconf 75' lang='grc' dir='ltr'>ἐκεῖσε</span> <span class='ocrx_word' id='word_1_428' title='bbox 3309 2859 3552 2929; x_wconf 79' lang='grc' dir='ltr'>Γαϐριὴλ</span> <span class='ocrx_word' id='word_1_429' title='bbox 3590 2858 3771 2924; x_wconf 83' lang='grc' dir='ltr'>λέγων’</span> 
     </span>
    </p>
   </div>
   <div class='ocr_carea' id='block_1_57' title="bbox 2225 2949 3774 3031">
    <p class='ocr_par' dir='ltr' id='par_1_57' title="bbox 2225 2949 3774 3031">
     <span class='ocr_line' id='line_1_57' title="bbox 2225 2949 3774 3031; baseline -0.009 -15"><span class='ocrx_word' id='word_1_430' title='bbox 2225 2962 2470 3031; x_wconf 82' lang='grc' dir='ltr'><strong>Πνεῦμα</strong></span> <span class='ocrx_word' id='word_1_431' title='bbox 2492 2960 2710 3027; x_wconf 76' lang='grc' dir='ltr'>Κυρίου</span> <span class='ocrx_word' id='word_1_432' title='bbox 2740 2958 3130 3011; x_wconf 72' lang='grc' dir='ltr'>ἐπελεύσεται</span> <span class='ocrx_word' id='word_1_433' title='bbox 3161 2955 3257 3007; x_wconf 78' lang='grc' dir='ltr'><strong>ἐπὶ</strong></span> <span class='ocrx_word' id='word_1_434' title='bbox 3296 2953 3389 3013; x_wconf 82' lang='grc' dir='ltr'>σὲ,</span> <span class='ocrx_word' id='word_1_435' title='bbox 3420 2952 3519 3005; x_wconf 74' lang='grc' dir='ltr'>καὶ</span> <span class='ocrx_word' id='word_1_436' title='bbox 3553 2949 3774 3015; x_wconf 76' lang='grc' dir='ltr'>δύναμις</span> 
     </span>
    </p>
   </div>
   <div class='ocr_carea' id='block_1_58' title="bbox 2238 3040 3777 3123">
    <p class='ocr_par' dir='ltr' id='par_1_58' title="bbox 2238 3040 3777 3123">
     <span class='ocr_line' id='line_1_58' title="bbox 2238 3040 3777 3123; baseline -0.011 -15"><span class='ocrx_word' id='word_1_437' title='bbox 2238 3057 2250 3073; x_wconf 93' lang='lat'><strong>&#39;</strong></span> <span class='ocrx_word' id='word_1_438' title='bbox 2269 3055 2531 3123; x_wconf 69' lang='grc' dir='ltr'>Υψίστου</span> <span class='ocrx_word' id='word_1_439' title='bbox 2560 3048 2897 3105; x_wconf 78' lang='grc' dir='ltr'><strong>ἐπισκιάσει</strong></span> <span class='ocrx_word' id='word_1_440' title='bbox 2928 3066 3027 3101; x_wconf 88' lang='grc' dir='ltr'><strong>σοι</strong></span> <span class='ocrx_word' id='word_1_441' title='bbox 3048 3064 3062 3077; x_wconf 87' lang='grc'><strong>·</strong></span> <span class='ocrx_word' id='word_1_442' title='bbox 3090 3046 3183 3099; x_wconf 77' lang='grc' dir='ltr'><strong>διὸ</strong></span> <span class='ocrx_word' id='word_1_443' title='bbox 3213 3045 3310 3098; x_wconf 81' lang='grc' dir='ltr'>καὶ</span> <span class='ocrx_word' id='word_1_444' title='bbox 3338 3043 3401 3097; x_wconf 84' lang='grc' dir='ltr'>τὸ</span> <span class='ocrx_word' id='word_1_445' title='bbox 3427 3040 3777 3113; x_wconf 56' lang='lat' dir='ltr'><strong>meyer”</strong></span> 
     </span>
    </p>
   </div>
   <div class='ocr_carea' id='block_1_59' title="bbox 551 3131 2125 3214">
    <p class='ocr_par' dir='ltr' id='par_1_59' title="bbox 551 3140 2120 3211">
     <span class='ocr_line' id='line_1_59' title="bbox 551 3140 2120 3211; baseline 0 -15"><span class='ocrx_word' id='word_1_446' title='bbox 551 3142 681 3196; x_wconf 84' lang='lat' dir='ltr'><strong>dum</strong></span> <span class='ocrx_word' id='word_1_447' title='bbox 737 3143 966 3211; x_wconf 79' lang='lat' dir='ltr'><strong>angelus</strong></span> <span class='ocrx_word' id='word_1_448' title='bbox 1022 3140 1240 3196; x_wconf 88' lang='lat' dir='ltr'><strong>Gabriel</strong></span> <span class='ocrx_word' id='word_1_449' title='bbox 1290 3142 1401 3195; x_wconf 91' lang='lat' dir='ltr'><strong>illic</strong></span> <span class='ocrx_word' id='word_1_450' title='bbox 1447 3150 1677 3197; x_wconf 90' lang='lat' dir='ltr'><strong>testatus</strong></span> <span class='ocrx_word' id='word_1_451' title='bbox 1710 3151 1834 3197; x_wconf 89' lang='lat' dir='ltr'><strong>est:</strong></span> <span class='ocrx_word' id='word_1_452' title='bbox 1868 3141 2120 3211; x_wconf 80' lang='lat' dir='ltr'><strong>Spiritus.</strong></span> 
     </span>
    </p>
   </div>
   <div class='ocr_carea' id='block_1_60' title="bbox 2232 3131 3777 3214">
    <p class='ocr_par' dir='ltr' id='par_1_60' title="bbox 2232 3131 3777 3214">
     <span class='ocr_line' id='line_1_60' title="bbox 2232 3131 3777 3214; baseline -0.01 -14"><span class='ocrx_word' id='word_1_453' title='bbox 2232 3149 2296 3200; x_wconf 69' lang='grc' dir='ltr'>ἐκ</span> <span class='ocrx_word' id='word_1_454' title='bbox 2340 3147 2456 3200; x_wconf 83' lang='grc' dir='ltr'>σοῦ</span> <span class='ocrx_word' id='word_1_455' title='bbox 2498 3145 2666 3214; x_wconf 76' lang='grc' dir='ltr'><strong>ἅγιον</strong></span> <span class='ocrx_word' id='word_1_456' title='bbox 2718 3140 3083 3211; x_wconf 77' lang='grc' dir='ltr'>κληθήσεται</span> <span class='ocrx_word' id='word_1_457' title='bbox 3134 3138 3268 3203; x_wconf 73' lang='grc' dir='ltr'><strong>Υἱὸς</strong></span> <span class='ocrx_word' id='word_1_458' title='bbox 3314 3135 3485 3191; x_wconf 86' lang='grc' dir='ltr'>Θεοῦ.</span> <span class='ocrx_word' id='word_1_459' title='bbox 3529 3134 3649 3197; x_wconf 83' lang='grc' dir='ltr'><strong>Πῶς</strong></span> <span class='ocrx_word' id='word_1_460' title='bbox 3690 3131 3777 3199; x_wconf 71' lang='grc' dir='ltr'>ἄρα</span> 
     </span>
    </p>
   </div>
   <div class='ocr_carea' id='block_1_61' title="bbox 551 3231 2122 3309">
    <p class='ocr_par' dir='ltr' id='par_1_61' title="bbox 551 3231 2122 3309">
     <span class='ocr_line' id='line_1_61' title="bbox 551 3231 2122 3309; baseline 0 -24"><span class='ocrx_word' id='word_1_461' title='bbox 551 3231 747 3309; x_wconf 71' lang='lat' dir='ltr'><strong>inquit,</strong></span> <span class='ocrx_word' id='word_1_462' title='bbox 785 3231 1001 3286; x_wconf 76' lang='lat' dir='ltr'><strong>Domini</strong></span> <span class='ocrx_word' id='word_1_463' title='bbox 1042 3232 1362 3299; x_wconf 79' lang='lat' dir='ltr'><strong>superveniet</strong></span> <span class='ocrx_word' id='word_1_464' title='bbox 1390 3232 1444 3284; x_wconf 78' lang='lat' dir='ltr'><strong>in</strong></span> <span class='ocrx_word' id='word_1_465' title='bbox 1479 3245 1547 3295; x_wconf 82' lang='lat' dir='ltr'><strong>te,</strong></span> <span class='ocrx_word' id='word_1_466' title='bbox 1580 3240 1630 3285; x_wconf 84' lang='lat' dir='ltr'><strong>et</strong></span> <span class='ocrx_word' id='word_1_467' title='bbox 1655 3232 1822 3285; x_wconf 79' lang='lat' dir='ltr'><strong>virtus</strong></span> <span class='ocrx_word' id='word_1_468' title='bbox 1855 3232 2122 3286; x_wconf 74' lang='lat' dir='ltr'><strong>Altissimt’</strong></span> 
     </span>
    </p>
   </div>
   <div class='ocr_carea' id='block_1_62' title="bbox 552 3319 2121 3392">
    <p class='ocr_par' dir='ltr' id='par_1_62' title="bbox 552 3319 2121 3392">
     <span class='ocr_line' id='line_1_62' title="bbox 552 3319 2121 3392; baseline 0.001 -18"><span class='ocrx_word' id='word_1_469' title='bbox 552 3320 885 3375; x_wconf 77' lang='lat' dir='ltr'><strong>obumbrabit</strong></span> <span class='ocrx_word' id='word_1_470' title='bbox 932 3331 997 3375; x_wconf 86' lang='lat' dir='ltr'><strong>te.</strong></span> <span class='ocrx_word' id='word_1_471' title='bbox 1040 3319 1268 3391; x_wconf 80' lang='lat' dir='ltr'><strong>Ideoque</strong></span> <span class='ocrx_word' id='word_1_472' title='bbox 1304 3332 1354 3376; x_wconf 78' lang='lat' dir='ltr'><strong>et</strong></span> <span class='ocrx_word' id='word_1_473' title='bbox 1387 3321 1525 3392; x_wconf 87' lang='lat' dir='ltr'><strong>quod</strong></span> <span class='ocrx_word' id='word_1_474' title='bbox 1550 3332 1794 3377; x_wconf 72' lang='lat' dir='ltr'><strong>nascetur</strong></span> <span class='ocrx_word' id='word_1_475' title='bbox 1824 3338 1887 3378; x_wconf 71' lang='lat' dir='ltr'><strong>ex</strong></span> <span class='ocrx_word' id='word_1_476' title='bbox 1915 3333 1962 3376; x_wconf 84' lang='lat' dir='ltr'><strong>te</strong></span> <span class='ocrx_word' id='word_1_477' title='bbox 1992 3341 2121 3377; x_wconf 79' lang='lat' dir='ltr'><strong>san-</strong></span> 
     </span>
    </p>
   </div>
   <div class='ocr_carea' id='block_1_63' title="bbox 550 3412 2125 3487">
    <p class='ocr_par' dir='ltr' id='par_1_63' title="bbox 550 3412 2125 3487">
     <span class='ocr_line' id='line_1_63' title="bbox 550 3412 2125 3487; baseline 0.003 -20"><span class='ocrx_word' id='word_1_478' title='bbox 550 3424 715 3479; x_wconf 78' lang='lat' dir='ltr'><strong>ctum,</strong></span> <span class='ocrx_word' id='word_1_479' title='bbox 756 3418 1028 3469; x_wconf 81' lang='lat' dir='ltr'><strong>vocabitur</strong></span> <span class='ocrx_word' id='word_1_480' title='bbox 1061 3412 1238 3470; x_wconf 81' lang='lat' dir='ltr'><strong>Filius</strong></span> <span class='ocrx_word' id='word_1_481' title='bbox 1270 3415 1426 3473; x_wconf 78' lang='lat' dir='ltr'><strong>Dei&#39;.</strong></span> <span class='ocrx_word' id='word_1_482' title='bbox 1458 3415 1824 3482; x_wconf 86' lang='lat' dir='ltr'><strong>Quamobrem</strong></span> <span class='ocrx_word' id='word_1_483' title='bbox 1860 3434 1968 3487; x_wconf 88' lang='lat' dir='ltr'><strong>quo</strong></span> <span class='ocrx_word' id='word_1_484' title='bbox 2002 3427 2125 3481; x_wconf 85' lang='lat' dir='ltr'><strong>tan-</strong></span> 
     </span>
    </p>
   </div>
   <div class='ocr_carea' id='block_1_64' title="bbox 551 3506 2123 3581">
    <p class='ocr_par' dir='ltr' id='par_1_64' title="bbox 551 3506 2123 3581">
     <span class='ocr_line' id='line_1_64' title="bbox 551 3506 2123 3581; baseline 0.003 -22"><span class='ocrx_word' id='word_1_485' title='bbox 551 3507 675 3562; x_wconf 89' lang='lat' dir='ltr'><strong>dem</strong></span> <span class='ocrx_word' id='word_1_486' title='bbox 707 3514 868 3578; x_wconf 90' lang='lat' dir='ltr'><strong>pacto</strong></span> <span class='ocrx_word' id='word_1_487' title='bbox 900 3522 1025 3561; x_wconf 86' lang='lat' dir='ltr'><strong>cum</strong></span> <span class='ocrx_word' id='word_1_488' title='bbox 1058 3514 1209 3561; x_wconf 90' lang='lat' dir='ltr'><strong>tanta</strong></span> <span class='ocrx_word' id='word_1_489' title='bbox 1262 3507 1465 3578; x_wconf 89' lang='lat' dir='ltr'><strong>talique</strong></span> <span class='ocrx_word' id='word_1_490' title='bbox 1506 3506 1728 3579; x_wconf 82' lang='lat' dir='ltr'><strong>Virgine</strong></span> <span class='ocrx_word' id='word_1_491' title='bbox 1753 3508 1919 3564; x_wconf 84' lang='lat' dir='ltr'><strong>Maria</strong></span> <span class='ocrx_word' id='word_1_492' title='bbox 1952 3526 2123 3581; x_wconf 91' lang='lat' dir='ltr'><strong>copu-</strong></span> 
     </span>
    </p>
   </div>
   <div class='ocr_carea' id='block_1_65' title="bbox 550 3598 2125 3677">
    <p class='ocr_par' dir='ltr' id='par_1_65' title="bbox 550 3598 2125 3677">
     <span class='ocr_line' id='line_1_65' title="bbox 550 3598 2125 3677; baseline 0.003 -26"><span class='ocrx_word' id='word_1_493' title='bbox 550 3599 653 3652; x_wconf 88' lang='lat' dir='ltr'><strong>lari</strong></span> <span class='ocrx_word' id='word_1_494' title='bbox 697 3614 866 3677; x_wconf 78' lang='lat' dir='ltr'><strong>ausus</strong></span> <span class='ocrx_word' id='word_1_495' title='bbox 912 3600 1101 3654; x_wconf 87' lang='lat' dir='ltr'><strong>esset?</strong></span> <span class='ocrx_word' id='word_1_496' title='bbox 1146 3598 1385 3669; x_wconf 87' lang='lat' dir='ltr'><strong>Ecquem</strong></span> <span class='ocrx_word' id='word_1_497' title='bbox 1426 3616 1553 3655; x_wconf 89' lang='lat' dir='ltr'><strong>vero</strong></span> <span class='ocrx_word' id='word_1_498' title='bbox 1596 3602 1834 3656; x_wconf 84' lang='lat' dir='ltr'><strong>fructum</strong></span> <span class='ocrx_word' id='word_1_499' title='bbox 1876 3618 1939 3656; x_wconf 89' lang='lat' dir='ltr'><strong>ea</strong></span> <span class='ocrx_word' id='word_1_500' title='bbox 1978 3618 2125 3674; x_wconf 68' lang='lat' dir='ltr'><strong>quae-</strong></span> 
     </span>
    </p>
   </div>
   <div class='ocr_carea' id='block_1_66' title="bbox 553 3690 2121 3753">
    <p class='ocr_par' dir='ltr' id='par_1_66' title="bbox 553 3690 2121 3753">
     <span class='ocr_line' id='line_1_66' title="bbox 553 3690 2121 3753; baseline 0.004 -8"><span class='ocrx_word' id='word_1_501' title='bbox 553 3691 661 3745; x_wconf 90' lang='lat' dir='ltr'><strong>stio</strong></span> <span class='ocrx_word' id='word_1_502' title='bbox 700 3690 859 3744; x_wconf 90' lang='lat' dir='ltr'><strong>nobis</strong></span> <span class='ocrx_word' id='word_1_503' title='bbox 892 3690 1091 3753; x_wconf 89' lang='lat' dir='ltr'><strong>attulit,</strong></span> <span class='ocrx_word' id='word_1_504' title='bbox 1138 3700 1317 3744; x_wconf 91' lang='lat' dir='ltr'><strong>utrum</strong></span> <span class='ocrx_word' id='word_1_505' title='bbox 1354 3690 1500 3746; x_wconf 91' lang='lat' dir='ltr'><strong>illius</strong></span> <span class='ocrx_word' id='word_1_506' title='bbox 1534 3693 1985 3748; x_wconf 87' lang='lat' dir='ltr'><strong>consuetudinem</strong></span> <span class='ocrx_word' id='word_1_507' title='bbox 2022 3694 2121 3751; x_wconf 61' lang='lat' dir='ltr'><strong>ha«</strong></span> 
     </span>
    </p>
   </div>
   <div class='ocr_carea' id='block_1_67' title="bbox 552 3779 2121 3855">
    <p class='ocr_par' dir='ltr' id='par_1_67' title="bbox 552 3779 2121 3855">
     <span class='ocr_line' id='line_1_67' title="bbox 552 3779 2121 3855; baseline 0.002 -20"><span class='ocrx_word' id='word_1_508' title='bbox 552 3781 778 3837; x_wconf 84' lang='lat' dir='ltr'><strong>buerit?</strong></span> <span class='ocrx_word' id='word_1_509' title='bbox 818 3779 1011 3835; x_wconf 87' lang='lat' dir='ltr'><strong>Utrum</strong></span> <span class='ocrx_word' id='word_1_510' title='bbox 1040 3796 1169 3836; x_wconf 90' lang='lat' dir='ltr'><strong>vero</strong></span> <span class='ocrx_word' id='word_1_511' title='bbox 1209 3781 1429 3836; x_wconf 90' lang='lat' dir='ltr'><strong>tandem</strong></span> <span class='ocrx_word' id='word_1_512' title='bbox 1471 3784 1645 3851; x_wconf 80' lang='lat' dir='ltr'><strong>magis</strong></span> <span class='ocrx_word' id='word_1_513' title='bbox 1674 3784 1983 3855; x_wconf 83' lang='lat' dir='ltr'><strong>eligendum</strong></span> <span class='ocrx_word' id='word_1_514' title='bbox 2019 3796 2121 3852; x_wconf 90' lang='lat' dir='ltr'><strong>est,</strong></span> 
     </span>
    </p>
   </div>
   <div class='ocr_carea' id='block_1_68' title="bbox 557 3871 2127 3943">
    <p class='ocr_par' dir='ltr' id='par_1_68' title="bbox 557 3871 2127 3943">
     <span class='ocr_line' id='line_1_68' title="bbox 557 3871 2127 3943; baseline 0.003 -17"><span class='ocrx_word' id='word_1_515' title='bbox 557 3874 666 3927; x_wconf 89' lang='lat' dir='ltr'><strong>Deo</strong></span> <span class='ocrx_word' id='word_1_516' title='bbox 695 3871 1003 3927; x_wconf 87' lang='lat' dir='ltr'><strong>istiusmodi</strong></span> <span class='ocrx_word' id='word_1_517' title='bbox 1034 3873 1245 3943; x_wconf 83' lang='lat' dir='ltr'><strong>negotia</strong></span> <span class='ocrx_word' id='word_1_518' title='bbox 1265 3874 1625 3939; x_wconf 90' lang='lat' dir='ltr'><strong>committere,</strong></span> <span class='ocrx_word' id='word_1_519' title='bbox 1655 3890 1722 3929; x_wconf 92' lang='lat' dir='ltr'><strong>an</strong></span> <span class='ocrx_word' id='word_1_520' title='bbox 1753 3877 1819 3930; x_wconf 88' lang='lat' dir='ltr'><strong>ad</strong></span> <span class='ocrx_word' id='word_1_521' title='bbox 1854 3878 2127 3932; x_wconf 83' lang='lat' dir='ltr'><strong>deteriora</strong></span> 
     </span>
    </p>
   </div>
   <div class='ocr_carea' id='block_1_69' title="bbox 550 3960 2127 4032">
    <p class='ocr_par' dir='ltr' id='par_1_69' title="bbox 550 3960 2127 4032">
     <span class='ocr_line' id='line_1_69' title="bbox 550 3960 2127 4032; baseline 0.004 -18"><span class='ocrx_word' id='word_1_522' title='bbox 550 3961 823 4016; x_wconf 89' lang='lat' dir='ltr'><strong>violenter</strong></span> <span class='ocrx_word' id='word_1_523' title='bbox 842 3961 1182 4030; x_wconf 78' lang='lat' dir='ltr'><strong>irrumpere?</strong></span> <span class='ocrx_word' id='word_1_524' title='bbox 1212 3960 1366 4027; x_wconf 83' lang='lat' dir='ltr'><strong>Quod</strong></span> <span class='ocrx_word' id='word_1_525' title='bbox 1393 3963 1537 4017; x_wconf 88' lang='lat' dir='ltr'><strong>enim</strong></span> <span class='ocrx_word' id='word_1_526' title='bbox 1576 3978 1844 4032; x_wconf 87' lang='lat' dir='ltr'><strong>nusquam</strong></span> <span class='ocrx_word' id='word_1_527' title='bbox 1868 3967 1924 4019; x_wconf 91' lang='lat' dir='ltr'><strong>in</strong></span> <span class='ocrx_word' id='word_1_528' title='bbox 1953 3967 2127 4021; x_wconf 89' lang='lat' dir='ltr'><strong>sacris</strong></span> 
     </span>
    </p>
   </div>
   <div class='ocr_carea' id='block_1_70' title="bbox 554 4053 2127 4135">
    <p class='ocr_par' dir='ltr' id='par_1_70' title="bbox 554 4053 2127 4135">
     <span class='ocr_line' id='line_1_70' title="bbox 554 4053 2127 4135; baseline 0.003 -28"><span class='ocrx_word' id='word_1_529' title='bbox 554 4053 778 4135; x_wconf 56' lang='lat' dir='ltr'><strong>Litteris</strong></span> <span class='ocrx_word' id='word_1_530' title='bbox 807 4054 1076 4125; x_wconf 90' lang='lat' dir='ltr'><strong>scriptum</strong></span> <span class='ocrx_word' id='word_1_531' title='bbox 1116 4062 1316 4120; x_wconf 86' lang='lat' dir='ltr'><strong>exstet,</strong></span> <span class='ocrx_word' id='word_1_532' title='bbox 1345 4056 1450 4110; x_wconf 91' lang='lat' dir='ltr'><strong>nisi</strong></span> <span class='ocrx_word' id='word_1_533' title='bbox 1476 4056 1869 4113; x_wconf 88' lang='lat' dir='ltr'><strong>crediderimus</strong></span> <span class='ocrx_word' id='word_1_534' title='bbox 1902 4058 2127 4112; x_wconf 75' lang='lat' dir='ltr'><strong>Mariam</strong></span> 
     </span>
    </p>
   </div>
   <div class='ocr_carea' id='block_1_71' title="bbox 555 4140 2128 4218">
    <p class='ocr_par' dir='ltr' id='par_1_71' title="bbox 555 4140 2128 4218">
     <span class='ocr_line' id='line_1_71' title="bbox 555 4140 2128 4218; baseline 0.003 -17"><span class='ocrx_word' id='word_1_535' title='bbox 555 4163 682 4203; x_wconf 88' lang='lat' dir='ltr'><strong>cum</strong></span> <span class='ocrx_word' id='word_1_536' title='bbox 728 4148 846 4203; x_wconf 89' lang='lat' dir='ltr'><strong>viro</strong></span> <span class='ocrx_word' id='word_1_537' title='bbox 892 4140 1076 4218; x_wconf 78' lang='lat' dir='ltr'><strong>pestea</strong></span> <span class='ocrx_word' id='word_1_538' title='bbox 1111 4148 1484 4215; x_wconf 85' lang='lat' dir='ltr'><strong>consuevisse,</strong></span> <span class='ocrx_word' id='word_1_539' title='bbox 1539 4165 1638 4204; x_wconf 87' lang='lat' dir='ltr'><strong>nos</strong></span> <span class='ocrx_word' id='word_1_540' title='bbox 1671 4150 1836 4205; x_wconf 89' lang='lat' dir='ltr'><strong>vitam</strong></span> <span class='ocrx_word' id='word_1_541' title='bbox 1870 4162 2128 4206; x_wconf 71' lang='lat' dir='ltr'><strong>mternam</strong></span> 
     </span>
    </p>
   </div>
   <div class='ocr_carea' id='block_1_72' title="bbox 564 4241 2128 4312">
    <p class='ocr_par' dir='ltr' id='par_1_72' title="bbox 564 4241 2128 4312">
     <span class='ocr_line' id='line_1_72' title="bbox 564 4241 2128 4312; baseline 0.004 -18"><span class='ocrx_word' id='word_1_542' title='bbox 564 4241 789 4296; x_wconf 90' lang='lat' dir='ltr'><strong>minime</strong></span> <span class='ocrx_word' id='word_1_543' title='bbox 813 4249 1227 4305; x_wconf 87' lang='lat' dir='ltr'><strong>consecuturos,</strong></span> <span class='ocrx_word' id='word_1_544' title='bbox 1280 4242 1375 4297; x_wconf 91' lang='lat' dir='ltr'><strong>sed</strong></span> <span class='ocrx_word' id='word_1_545' title='bbox 1413 4242 1620 4312; x_wconf 84' lang='lat' dir='ltr'><strong>judicio</strong></span> <span class='ocrx_word' id='word_1_546' title='bbox 1664 4245 2128 4309; x_wconf 87' lang='lat' dir='ltr'><strong>condemnandos,</strong></span> 
     </span>
    </p>
   </div>
   <div class='ocr_carea' id='block_1_73' title="bbox 554 4333 2132 4406">
    <p class='ocr_par' dir='ltr' id='par_1_73' title="bbox 554 4333 2132 4406">
     <span class='ocr_line' id='line_1_73' title="bbox 554 4333 2132 4406; baseline 0.003 -19"><span class='ocrx_word' id='word_1_547' title='bbox 554 4334 761 4389; x_wconf 89' lang='lat' dir='ltr'><strong>nemini</strong></span> <span class='ocrx_word' id='word_1_548' title='bbox 785 4350 908 4390; x_wconf 89' lang='lat' dir='ltr'><strong>esse</strong></span> <span class='ocrx_word' id='word_1_549' title='bbox 931 4342 1110 4405; x_wconf 89' lang='lat' dir='ltr'><strong>potest</strong></span> <span class='ocrx_word' id='word_1_550' title='bbox 1134 4334 1452 4389; x_wconf 87' lang='lat' dir='ltr'><strong>obscurum.</strong></span> <span class='ocrx_word' id='word_1_551' title='bbox 1475 4333 1732 4399; x_wconf 73' lang='lat' dir='ltr'><strong>Quantam</strong></span> <span class='ocrx_word' id='word_1_552' title='bbox 1759 4352 1887 4392; x_wconf 90' lang='lat' dir='ltr'><strong>vero</strong></span> <span class='ocrx_word' id='word_1_553' title='bbox 1911 4339 2132 4406; x_wconf 88' lang='lat' dir='ltr'><strong>scriptis</strong></span> 
     </span>
    </p>
   </div>
   <div class='ocr_carea' id='block_1_74' title="bbox 554 4423 2135 4497">
    <p class='ocr_par' dir='ltr' id='par_1_74' title="bbox 554 4423 2135 4497">
     <span class='ocr_line' id='line_1_74' title="bbox 554 4423 2135 4497; baseline 0.001 -18"><span class='ocrx_word' id='word_1_554' title='bbox 554 4440 812 4494; x_wconf 80' lang='lat' dir='ltr'><strong>expressa</strong></span> <span class='ocrx_word' id='word_1_555' title='bbox 851 4426 1029 4480; x_wconf 89' lang='lat' dir='ltr'><strong>sunt?</strong></span> <span class='ocrx_word' id='word_1_556' title='bbox 1071 4427 1260 4495; x_wconf 87' lang='lat' dir='ltr'><strong>utique</strong></span> <span class='ocrx_word' id='word_1_557' title='bbox 1299 4423 1549 4479; x_wconf 91' lang='lat' dir='ltr'><strong>honesta.</strong></span> <span class='ocrx_word' id='word_1_558' title='bbox 1590 4426 1848 4492; x_wconf 56' lang='lat' dir='ltr'><strong>Quaenam</strong></span> <span class='ocrx_word' id='word_1_559' title='bbox 1918 4427 2135 4497; x_wconf 88' lang='lat' dir='ltr'><strong>porro?</strong></span> 
     </span>
    </p>
   </div>
   <div class='ocr_carea' id='block_1_75' title="bbox 2224 3224 3779 3309">
    <p class='ocr_par' dir='ltr' id='par_1_75' title="bbox 2224 3224 3779 3309">
     <span class='ocr_line' id='line_1_75' title="bbox 2224 3224 3779 3309; baseline -0.01 -18"><span class='ocrx_word' id='word_1_560' title='bbox 2224 3238 2425 3309; x_wconf 76' lang='grc' dir='ltr'>ἐτόλμα</span> <span class='ocrx_word' id='word_1_561' title='bbox 2461 3234 2796 3305; x_wconf 73' lang='grc' dir='ltr'>συναφθῆναι</span> <span class='ocrx_word' id='word_1_562' title='bbox 2845 3236 2912 3304; x_wconf 83' lang='grc' dir='ltr'>τῇ</span> <span class='ocrx_word' id='word_1_563' title='bbox 2963 3232 3197 3305; x_wconf 80' lang='grc' dir='ltr'>τοσαύτῃ</span> <span class='ocrx_word' id='word_1_564' title='bbox 3250 3230 3343 3287; x_wconf 72' lang='grc' dir='ltr'><strong>καὶ</strong></span> <span class='ocrx_word' id='word_1_565' title='bbox 3383 3227 3611 3298; x_wconf 71' lang='grc' dir='ltr'>τοιαύτῃ</span> <span class='ocrx_word' id='word_1_566' title='bbox 3668 3224 3779 3291; x_wconf 70' lang='grc' dir='ltr'>ἁγίᾳ</span> 
     </span>
    </p>
   </div>
   <div class='ocr_carea' id='block_1_76' title="bbox 2224 3316 3776 3405">
    <p class='ocr_par' dir='ltr' id='par_1_76' title="bbox 2224 3316 3776 3405">
     <span class='ocr_line' id='line_1_76' title="bbox 2224 3316 3776 3405; baseline -0.012 -20"><span class='ocrx_word' id='word_1_567' title='bbox 2224 3331 2480 3405; x_wconf 76' lang='grc' dir='ltr'>παρθένῳ</span> <span class='ocrx_word' id='word_1_568' title='bbox 2511 3328 2732 3399; x_wconf 62' lang='grc' dir='ltr'>Μαρίας</span> <span class='ocrx_word' id='word_1_569' title='bbox 2761 3327 2825 3380; x_wconf 84' lang='grc' dir='ltr'>Τί</span> <span class='ocrx_word' id='word_1_570' title='bbox 2869 3327 2927 3380; x_wconf 81' lang='grc' dir='ltr'><strong>δὲ</strong></span> <span class='ocrx_word' id='word_1_571' title='bbox 2967 3325 3247 3396; x_wconf 75' lang='grc' dir='ltr'><strong>ὠφέλησεν</strong></span> <span class='ocrx_word' id='word_1_572' title='bbox 3278 3325 3427 3393; x_wconf 76' lang='grc' dir='ltr'>ἡμᾶς</span> <span class='ocrx_word' id='word_1_573' title='bbox 3474 3322 3576 3391; x_wconf 80' lang='lat'><strong>(9),</strong></span> <span class='ocrx_word' id='word_1_574' title='bbox 3614 3321 3658 3371; x_wconf 83' lang='grc' dir='ltr'>εἱ</span> <span class='ocrx_word' id='word_1_575' title='bbox 3699 3316 3776 3368; x_wconf 70' lang='grc' dir='ltr'>καὶ</span> 
     </span>
    </p>
   </div>
   <div class='ocr_carea' id='block_1_77' title="bbox 2228 3411 3778 3493">
    <p class='ocr_par' dir='ltr' id='par_1_77' title="bbox 2228 3411 3778 3493">
     <span class='ocr_line' id='line_1_77' title="bbox 2228 3411 3778 3493; baseline -0.01 -16"><span class='ocrx_word' id='word_1_576' title='bbox 2228 3422 2491 3493; x_wconf 79' lang='grc' dir='ltr'>συνήφθη,</span> <span class='ocrx_word' id='word_1_577' title='bbox 2516 3422 2649 3492; x_wconf 87' lang='grc' dir='ltr'>ὅπερ</span> <span class='ocrx_word' id='word_1_578' title='bbox 2688 3420 2761 3491; x_wconf 82' lang='grc' dir='ltr'>μὴ</span> <span class='ocrx_word' id='word_1_579' title='bbox 2798 3420 3027 3487; x_wconf 78' lang='grc' dir='ltr'>γένοιτο,</span> <span class='ocrx_word' id='word_1_580' title='bbox 3062 3419 3191 3490; x_wconf 81' lang='grc' dir='ltr'><strong>περὶ</strong></span> <span class='ocrx_word' id='word_1_581' title='bbox 3244 3415 3338 3471; x_wconf 82' lang='grc' dir='ltr'>τοῦ</span> <span class='ocrx_word' id='word_1_582' title='bbox 3389 3416 3608 3483; x_wconf 75' lang='grc' dir='ltr'>ζητεῖνς</span> <span class='ocrx_word' id='word_1_583' title='bbox 3645 3411 3778 3463; x_wconf 80' lang='grc' dir='ltr'>Ποῖον</span> 
     </span>
    </p>
   </div>
   <div class='ocr_carea' id='block_1_78' title="bbox 2228 3500 3777 3586">
    <p class='ocr_par' dir='ltr' id='par_1_78' title="bbox 2228 3500 3777 3586">
     <span class='ocr_line' id='line_1_78' title="bbox 2228 3500 3777 3586; baseline -0.011 -19"><span class='ocrx_word' id='word_1_584' title='bbox 2228 3515 2287 3584; x_wconf 80' lang='grc' dir='ltr'>δὲ</span> <span class='ocrx_word' id='word_1_585' title='bbox 2344 3513 2543 3586; x_wconf 82' lang='grc' dir='ltr'>μᾶλλόν</span> <span class='ocrx_word' id='word_1_586' title='bbox 2594 3514 2741 3564; x_wconf 78' lang='grc' dir='ltr'>ἐστιν</span> <span class='ocrx_word' id='word_1_587' title='bbox 2794 3508 3192 3582; x_wconf 77' lang='grc' dir='ltr'>αἱρετώτερον,</span> <span class='ocrx_word' id='word_1_588' title='bbox 3250 3507 3310 3560; x_wconf 80' lang='grc' dir='ltr'>τὸ</span> <span class='ocrx_word' id='word_1_589' title='bbox 3351 3503 3678 3577; x_wconf 83' lang='grc' dir='ltr'>παραδοῦναι</span> <span class='ocrx_word' id='word_1_590' title='bbox 3722 3500 3777 3551; x_wconf 75' lang='grc' dir='ltr'>τὰ</span> 
     </span>
    </p>
   </div>
   <div class='ocr_carea' id='block_1_79' title="bbox 2231 3594 3776 3683">
    <p class='ocr_par' dir='ltr' id='par_1_79' title="bbox 2231 3594 3776 3683">
     <span class='ocr_line' id='line_1_79' title="bbox 2231 3594 3776 3683; baseline -0.01 -24"><span class='ocrx_word' id='word_1_591' title='bbox 2231 3606 2533 3683; x_wconf 82' lang='grc' dir='ltr'>πράγματα</span> <span class='ocrx_word' id='word_1_592' title='bbox 2561 3603 2698 3674; x_wconf 84' lang='grc' dir='ltr'>Θεῷ,</span> <span class='ocrx_word' id='word_1_593' title='bbox 2738 3603 2770 3673; x_wconf 86' lang='grc' dir='ltr'>ἢ</span> <span class='ocrx_word' id='word_1_594' title='bbox 2805 3601 3084 3672; x_wconf 75' lang='grc' dir='ltr'>βιάζεσθαι</span> <span class='ocrx_word' id='word_1_595' title='bbox 3131 3602 3262 3671; x_wconf 60' lang='grc' dir='ltr'><strong>⁴ημῖν</strong></span> <span class='ocrx_word' id='word_1_596' title='bbox 3295 3599 3362 3652; x_wconf 72' lang='grc' dir='ltr'>τὰ</span> <span class='ocrx_word' id='word_1_597' title='bbox 3398 3598 3646 3669; x_wconf 81' lang='grc' dir='ltr'>χείρονα;</span> <span class='ocrx_word' id='word_1_598' title='bbox 3677 3594 3776 3645; x_wconf 79' lang='grc' dir='ltr'>Ὀτι</span> 
     </span>
    </p>
   </div>
   <div class='ocr_carea' id='block_1_80' title="bbox 2236 3688 3769 3779">
    <p class='ocr_par' dir='ltr' id='par_1_80' title="bbox 2236 3688 3769 3779">
     <span class='ocr_line' id='line_1_80' title="bbox 2236 3688 3769 3779; baseline -0.007 -29"><span class='ocrx_word' id='word_1_599' title='bbox 2236 3699 2332 3779; x_wconf 88' lang='grc' dir='ltr'>μὲν</span> <span class='ocrx_word' id='word_1_600' title='bbox 2363 3699 2461 3751; x_wconf 83' lang='grc' dir='ltr'><strong>οὐκ</strong></span> <span class='ocrx_word' id='word_1_601' title='bbox 2489 3697 2699 3766; x_wconf 74' lang='grc' dir='ltr'>ἐγράφη</span> <span class='ocrx_word' id='word_1_602' title='bbox 2725 3697 2875 3765; x_wconf 74' lang='grc' dir='ltr'>ἡμῖν,</span> <span class='ocrx_word' id='word_1_603' title='bbox 2902 3695 3005 3755; x_wconf 84' lang='grc' dir='ltr'>ὅτι,</span> <span class='ocrx_word' id='word_1_604' title='bbox 3043 3692 3136 3746; x_wconf 75' lang='grc' dir='ltr'>ἐὰν</span> <span class='ocrx_word' id='word_1_605' title='bbox 3179 3693 3253 3763; x_wconf 80' lang='grc' dir='ltr'>μὴ</span> <span class='ocrx_word' id='word_1_606' title='bbox 3287 3692 3677 3761; x_wconf 82' lang='grc' dir='ltr'>πιστεύσωμεν,</span> <span class='ocrx_word' id='word_1_607' title='bbox 3706 3688 3769 3739; x_wconf 74' lang='grc' dir='ltr'><strong>ὅτι</strong></span> 
     </span>
    </p>
   </div>
   <div class='ocr_carea' id='block_1_81' title="bbox 2233 3779 3771 3860">
    <p class='ocr_par' dir='ltr' id='par_1_81' title="bbox 2233 3779 3771 3860">
     <span class='ocr_line' id='line_1_81' title="bbox 2233 3779 3771 3860; baseline -0.008 -17"><span class='ocrx_word' id='word_1_608' title='bbox 2233 3789 2478 3860; x_wconf 76' lang='grc' dir='ltr'>συνήφθη</span> <span class='ocrx_word' id='word_1_609' title='bbox 2512 3787 2669 3842; x_wconf 84' lang='grc' dir='ltr'>πάλιν</span> <span class='ocrx_word' id='word_1_610' title='bbox 2713 3790 2742 3857; x_wconf 76' lang='grc' dir='ltr'>ἡ</span> <span class='ocrx_word' id='word_1_611' title='bbox 2790 3786 2997 3856; x_wconf 83' lang='grc' dir='ltr'>Μαρία,</span> <span class='ocrx_word' id='word_1_612' title='bbox 3024 3786 3122 3837; x_wconf 74' lang='grc' dir='ltr'><strong>οὐκ</strong></span> <span class='ocrx_word' id='word_1_613' title='bbox 3151 3784 3344 3854; x_wconf 80' lang='grc' dir='ltr'>ἔχομεν</span> <span class='ocrx_word' id='word_1_614' title='bbox 3379 3782 3525 3853; x_wconf 76' lang='grc' dir='ltr'><strong>ζωὴν</strong></span> <span class='ocrx_word' id='word_1_615' title='bbox 3568 3779 3771 3837; x_wconf 77' lang='grc' dir='ltr'>αἰώνιον,</span> 
     </span>
    </p>
   </div>
   <div class='ocr_carea' id='block_1_82' title="bbox 2232 3870 3770 3952">
    <p class='ocr_par' dir='ltr' id='par_1_82' title="bbox 2232 3870 3770 3952">
     <span class='ocr_line' id='line_1_82' title="bbox 2232 3870 3770 3952; baseline -0.009 -16"><span class='ocrx_word' id='word_1_616' title='bbox 2232 3882 2367 3936; x_wconf 76' lang='grc' dir='ltr'>ἀλλὰ</span> <span class='ocrx_word' id='word_1_617' title='bbox 2389 3883 2466 3946; x_wconf 80' lang='grc' dir='ltr'>εἰς</span> <span class='ocrx_word' id='word_1_618' title='bbox 2491 3883 2661 3952; x_wconf 83' lang='grc' dir='ltr'>κρῖμα</span> <span class='ocrx_word' id='word_1_619' title='bbox 2683 3879 2975 3950; x_wconf 77' lang='grc' dir='ltr'>ἐρχόμεθα.</span> <span class='ocrx_word' id='word_1_620' title='bbox 2998 3878 3172 3949; x_wconf 78' lang='grc' dir='ltr'>δῆλον.</span> <span class='ocrx_word' id='word_1_621' title='bbox 3192 3875 3433 3947; x_wconf 76' lang='grc' dir='ltr'>Ἐγράφη</span> <span class='ocrx_word' id='word_1_622' title='bbox 3455 3875 3512 3927; x_wconf 81' lang='grc' dir='ltr'><strong>δὲ</strong></span> <span class='ocrx_word' id='word_1_623' title='bbox 3534 3874 3583 3928; x_wconf 84' lang='grc' dir='ltr'><strong>τί</strong></span> <span class='ocrx_word' id='word_1_624' title='bbox 3603 3875 3623 3904; x_wconf 77' lang='grc'><strong><em>⁸</em></strong></span> <span class='ocrx_word' id='word_1_625' title='bbox 3640 3870 3770 3929; x_wconf 66' lang='grc' dir='ltr'>καλὰ.</span> 
     </span>
    </p>
   </div>
   <div class='ocr_carea' id='block_1_83' title="bbox 2233 3960 3771 4042">
    <p class='ocr_par' dir='ltr' id='par_1_83' title="bbox 2233 3960 3771 4042">
     <span class='ocr_line' id='line_1_83' title="bbox 2233 3960 3771 4042; baseline -0.01 -13"><span class='ocrx_word' id='word_1_626' title='bbox 2233 3975 2369 4029; x_wconf 79' lang='grc' dir='ltr'><strong>ἀλλὰ</strong></span> <span class='ocrx_word' id='word_1_627' title='bbox 2410 3975 2460 4026; x_wconf 85' lang='grc' dir='ltr'><strong>τί</strong></span> <span class='ocrx_word' id='word_1_628' title='bbox 2497 3974 2699 4037; x_wconf 80' lang='grc' dir='ltr'>δίκαια,</span> <span class='ocrx_word' id='word_1_629' title='bbox 2727 3972 2781 4025; x_wconf 84' lang='grc' dir='ltr'><strong>τί</strong></span> <span class='ocrx_word' id='word_1_630' title='bbox 2819 3972 3022 4042; x_wconf 76' lang='grc' dir='ltr'>σεμνά·</span> <span class='ocrx_word' id='word_1_631' title='bbox 3073 3972 3195 4023; x_wconf 82' lang='grc' dir='ltr'><strong>Ἵνα</strong></span> <span class='ocrx_word' id='word_1_632' title='bbox 3236 3969 3319 4034; x_wconf 83' lang='grc' dir='ltr'><strong>δῷ</strong></span> <span class='ocrx_word' id='word_1_633' title='bbox 3357 3967 3475 4037; x_wconf 79' lang='grc' dir='ltr'><strong>μὲν</strong></span> <span class='ocrx_word' id='word_1_634' title='bbox 3509 3960 3771 4036; x_wconf 71' lang='grc' dir='ltr'>χάρινκαὶ</span> 
     </span>
    </p>
   </div>
   <div class='ocr_carea' id='block_1_84' title="bbox 2236 4056 3769 4135">
    <p class='ocr_par' dir='ltr' id='par_1_84' title="bbox 2236 4056 3769 4135">
     <span class='ocr_line' id='line_1_84' title="bbox 2236 4056 3769 4135; baseline -0.003 -19"><span class='ocrx_word' id='word_1_635' title='bbox 2236 4062 2359 4135; x_wconf 65' lang='grc' dir='ltr'>τοῖς</span> <span class='ocrx_word' id='word_1_636' title='bbox 2387 4064 2737 4117; x_wconf 78' lang='grc' dir='ltr'>ἀκούουσιν.</span> <span class='ocrx_word' id='word_1_637' title='bbox 2758 4061 2964 4115; x_wconf 78' lang='grc' dir='ltr'>Εῖασαν</span> <span class='ocrx_word' id='word_1_638' title='bbox 2988 4061 3043 4113; x_wconf 82' lang='grc' dir='ltr'>δὲ</span> <span class='ocrx_word' id='word_1_639' title='bbox 3063 4063 3110 4113; x_wconf 90' lang='grc' dir='ltr'>οἰ</span> <span class='ocrx_word' id='word_1_640' title='bbox 3132 4060 3226 4113; x_wconf 80' lang='grc' dir='ltr'><strong>ἄνθ</strong></span> <span class='ocrx_word' id='word_1_641' title='bbox 3237 4077 3401 4127; x_wconf 81' lang='grc' dir='ltr'>ρωποι</span> <span class='ocrx_word' id='word_1_642' title='bbox 3421 4058 3493 4111; x_wconf 74' lang='grc' dir='ltr'>τὰ</span> <span class='ocrx_word' id='word_1_643' title='bbox 3514 4056 3769 4122; x_wconf 72' lang='grc' dir='ltr'>ἀναγκαῖα.</span> 
     </span>
    </p>
   </div>
   <div class='ocr_carea' id='block_1_85' title="bbox 2236 4143 3769 4225">
    <p class='ocr_par' dir='ltr' id='par_1_85' title="bbox 2236 4143 3769 4225">
     <span class='ocr_line' id='line_1_85' title="bbox 2236 4143 3769 4225; baseline -0.011 -14"><span class='ocrx_word' id='word_1_644' title='bbox 2236 4155 2305 4211; x_wconf 79' lang='grc' dir='ltr'>τὰ</span> <span class='ocrx_word' id='word_1_645' title='bbox 2333 4156 2460 4225; x_wconf 71' lang='grc' dir='ltr'>περὶ</span> <span class='ocrx_word' id='word_1_646' title='bbox 2486 4156 2718 4215; x_wconf 85' lang='grc' dir='ltr'>πίστεως</span> <span class='ocrx_word' id='word_1_647' title='bbox 2746 4154 3025 4223; x_wconf 80' lang='grc' dir='ltr'>ἀληθείας.</span> <span class='ocrx_word' id='word_1_648' title='bbox 3055 4152 3120 4204; x_wconf 78' lang='grc' dir='ltr'>τὰ</span> <span class='ocrx_word' id='word_1_649' title='bbox 3150 4154 3205 4204; x_wconf 82' lang='grc' dir='ltr'><strong>ἐν</strong></span> <span class='ocrx_word' id='word_1_650' title='bbox 3226 4150 3504 4219; x_wconf 73' lang='grc' dir='ltr'>δοξολογίᾳ</span> <span class='ocrx_word' id='word_1_651' title='bbox 3536 4143 3769 4205; x_wconf 68' lang='grc' dir='ltr'>Θεοῦ,κιὶ</span> 
     </span>
    </p>
   </div>
   <div class='ocr_carea' id='block_1_86' title="bbox 2237 4235 3771 4317">
    <p class='ocr_par' dir='ltr' id='par_1_86' title="bbox 2237 4235 3771 4317">
     <span class='ocr_line' id='line_1_86' title="bbox 2237 4235 3771 4317; baseline -0.008 -17"><span class='ocrx_word' id='word_1_652' title='bbox 2237 4247 2360 4301; x_wconf 80' lang='grc' dir='ltr'>ὅθεν</span> <span class='ocrx_word' id='word_1_653' title='bbox 2387 4247 2432 4299; x_wconf 78' lang='grc' dir='ltr'><strong>δ’</strong></span> <span class='ocrx_word' id='word_1_654' title='bbox 2461 4246 2526 4301; x_wconf 85' lang='grc' dir='ltr'>ἂν</span> <span class='ocrx_word' id='word_1_655' title='bbox 2558 4247 2786 4317; x_wconf 77' lang='grc' dir='ltr'>εὖρωσιν</span> <span class='ocrx_word' id='word_1_656' title='bbox 2817 4247 3025 4307; x_wconf 81' lang='grc' dir='ltr'>ἑαυτοῖς</span> <span class='ocrx_word' id='word_1_657' title='bbox 3052 4242 3504 4314; x_wconf 73' lang='grc' dir='ltr'>προσπορὶζονται</span> <span class='ocrx_word' id='word_1_658' title='bbox 3525 4239 3649 4309; x_wconf 80' lang='grc' dir='ltr'>πρὸς</span> <span class='ocrx_word' id='word_1_659' title='bbox 3669 4235 3771 4303; x_wconf 75' lang='grc' dir='ltr'><strong>βλά-</strong></span> 
     </span>
    </p>
   </div>
   <div class='ocr_carea' id='block_1_87' title="bbox 2240 4325 3769 4409">
    <p class='ocr_par' dir='ltr' id='par_1_87' title="bbox 2240 4325 3769 4409">
     <span class='ocr_line' id='line_1_87' title="bbox 2240 4325 3769 4409; baseline 0.001 -21"><span class='ocrx_word' id='word_1_660' title='bbox 2240 4337 2373 4409; x_wconf 67' lang='grc' dir='ltr'><strong>ϐηνυ</strong></span> <span class='ocrx_word' id='word_1_661' title='bbox 2405 4336 2504 4406; x_wconf 79' lang='grc' dir='ltr'><strong>φεῦ</strong></span> <span class='ocrx_word' id='word_1_662' title='bbox 2529 4339 2541 4391; x_wconf 90' lang='lat'><strong>!</strong></span> <span class='ocrx_word' id='word_1_663' title='bbox 2567 4337 2660 4390; x_wconf 78' lang='grc' dir='ltr'><strong>καὶ</strong></span> <span class='ocrx_word' id='word_1_664' title='bbox 2701 4334 3044 4397; x_wconf 85' lang='grc' dir='ltr'>διανοεῖσθαι,</span> <span class='ocrx_word' id='word_1_665' title='bbox 3080 4334 3310 4403; x_wconf 82' lang='grc' dir='ltr'>μάλιστα</span> <span class='ocrx_word' id='word_1_666' title='bbox 3350 4332 3450 4399; x_wconf 77' lang='grc' dir='ltr'>τῆς</span> <span class='ocrx_word' id='word_1_667' title='bbox 3487 4332 3526 4384; x_wconf 84' lang='grc' dir='ltr'><strong>Γ</strong></span> <span class='ocrx_word' id='word_1_668' title='bbox 3534 4331 3691 4402; x_wconf 59' lang='lat'><strong>91397,;</strong></span> <span class='ocrx_word' id='word_1_669' title='bbox 3712 4325 3769 4393; x_wconf 71' lang='grc' dir='ltr'><strong>μὴ</strong></span> 
     </span>
    </p>
   </div>
   <div class='ocr_carea' id='block_1_88' title="bbox 2240 4427 2522 4497">
    <p class='ocr_par' dir='ltr' id='par_1_88' title="bbox 2240 4427 2522 4497">
     <span class='ocr_line' id='line_1_88' title="bbox 2240 4427 2522 4497; baseline 0.004 -17"><span class='ocrx_word' id='word_1_670' title='bbox 2240 4427 2522 4497; x_wconf 87' lang='grc' dir='ltr'>λεγούσης.</span> 
     </span>
    </p>
   </div>
   <div class='ocr_carea' id='block_1_89' title="bbox 560 4509 3767 4593">
    <p class='ocr_par' dir='ltr' id='par_1_89' title="bbox 560 4509 3767 4593">
     <span class='ocr_line' id='line_1_89' title="bbox 560 4509 3767 4593; baseline -0.002 -17"><span class='ocrx_word' id='word_1_671' title='bbox 560 4517 738 4577; x_wconf 74' lang='lat' dir='ltr'><strong>JuSta.</strong></span> <span class='ocrx_word' id='word_1_672' title='bbox 780 4517 936 4583; x_wconf 78' lang='lat' dir='ltr'><strong>Quae?</strong></span> <span class='ocrx_word' id='word_1_673' title='bbox 958 4518 1201 4593; x_wconf 90' lang='lat' dir='ltr'><strong>inquam.</strong></span> <span class='ocrx_word' id='word_1_674' title='bbox 1262 4514 1539 4572; x_wconf 74' lang='lat' dir='ltr'><strong>Honesta’</strong></span> <span class='ocrx_word' id='word_1_675' title='bbox 1566 4534 1580 4581; x_wconf 93' lang='lat'><strong>;</strong></span> <span class='ocrx_word' id='word_1_676' title='bbox 1609 4514 1672 4571; x_wconf 89' lang='lat' dir='ltr'><strong>Ut</strong></span> <span class='ocrx_word' id='word_1_677' title='bbox 1704 4520 2033 4575; x_wconf 68' lang='lat' dir='ltr'><strong>audientibus</strong></span> <span class='ocrx_word' id='word_1_678' title='bbox 2062 4521 2337 4587; x_wconf 79' lang='lat' dir='ltr'><strong>conciliari</strong></span> <span class='ocrx_word' id='word_1_679' title='bbox 2367 4524 2540 4592; x_wconf 84' lang='lat' dir='ltr'><strong>gratia</strong></span> <span class='ocrx_word' id='word_1_680' title='bbox 2563 4523 2727 4591; x_wconf 83' lang='lat' dir='ltr'><strong>possit</strong></span> <span class='ocrx_word' id='word_1_681' title='bbox 2756 4521 2796 4573; x_wconf 74' lang='grc'>⁸.</span> <span class='ocrx_word' id='word_1_682' title='bbox 2829 4519 2897 4573; x_wconf 77' lang='lat' dir='ltr'><strong>At</strong></span> <span class='ocrx_word' id='word_1_683' title='bbox 2924 4520 3167 4575; x_wconf 86' lang='lat' dir='ltr'><strong>homines</strong></span> <span class='ocrx_word' id='word_1_684' title='bbox 3200 4517 3525 4573; x_wconf 80' lang='lat' dir='ltr'><strong>necessariis</strong></span> <span class='ocrx_word' id='word_1_685' title='bbox 3579 4509 3767 4569; x_wconf 80' lang='lat' dir='ltr'><strong>relictis.</strong></span> 
     </span>
    </p>
   </div>
   <div class='ocr_carea' id='block_1_90' title="bbox 557 4608 3771 4685">
    <p class='ocr_par' dir='ltr' id='par_1_90' title="bbox 557 4608 3771 4685">
     <span class='ocr_line' id='line_1_90' title="bbox 557 4608 3771 4685; baseline -0.002 -21"><span class='ocrx_word' id='word_1_686' title='bbox 557 4611 627 4665; x_wconf 87' lang='lat' dir='ltr'><strong>iis</strong></span> <span class='ocrx_word' id='word_1_687' title='bbox 665 4625 787 4681; x_wconf 73' lang='lat' dir='ltr'><strong>qua:</strong></span> <span class='ocrx_word' id='word_1_688' title='bbox 839 4623 961 4663; x_wconf 87' lang='lat' dir='ltr'><strong>cum</strong></span> <span class='ocrx_word' id='word_1_689' title='bbox 979 4608 1103 4662; x_wconf 83' lang='lat' dir='ltr'><strong>ﬁdei</strong></span> <span class='ocrx_word' id='word_1_690' title='bbox 1146 4608 1367 4662; x_wconf 79' lang='lat' dir='ltr'><strong>veritate</strong></span> <span class='ocrx_word' id='word_1_691' title='bbox 1411 4625 1473 4662; x_wconf 89' lang='lat' dir='ltr'><strong>ac</strong></span> <span class='ocrx_word' id='word_1_692' title='bbox 1522 4608 1614 4664; x_wconf 89' lang='lat' dir='ltr'><strong>Dei</strong></span> <span class='ocrx_word' id='word_1_693' title='bbox 1672 4615 2061 4681; x_wconf 62' lang='lat' dir='ltr'><strong>praedicatione</strong></span> <span class='ocrx_word' id='word_1_694' title='bbox 2118 4615 2413 4685; x_wconf 82' lang='lat' dir='ltr'><strong>conjuncta</strong></span> <span class='ocrx_word' id='word_1_695' title='bbox 2454 4629 2600 4679; x_wconf 88' lang='lat' dir='ltr'><strong>sunt,</strong></span> <span class='ocrx_word' id='word_1_696' title='bbox 2650 4616 2954 4685; x_wconf 85' lang='lat' dir='ltr'><strong>perniciosa</strong></span> <span class='ocrx_word' id='word_1_697' title='bbox 3024 4614 3125 4667; x_wconf 85' lang='lat' dir='ltr'><strong>sibi</strong></span> <span class='ocrx_word' id='word_1_698' title='bbox 3165 4627 3411 4682; x_wconf 59' lang='lat' dir='ltr'><strong>quaeque,</strong></span> <span class='ocrx_word' id='word_1_699' title='bbox 3454 4610 3771 4670; x_wconf 75' lang='lat' dir='ltr'><strong>undecunqne</strong></span> 
     </span>
    </p>
   </div>
   <div class='ocr_carea' id='block_1_91' title="bbox 557 4698 1585 4771">
    <p class='ocr_par' dir='ltr' id='par_1_91' title="bbox 557 4698 1585 4771">
     <span class='ocr_line' id='line_1_91' title="bbox 557 4698 1585 4771; baseline -0.001 -15"><span class='ocrx_word' id='word_1_700' title='bbox 557 4700 852 4771; x_wconf 83' lang='lat' dir='ltr'><strong>potuerint,</strong></span> <span class='ocrx_word' id='word_1_701' title='bbox 899 4698 1211 4768; x_wconf 76' lang='lat' dir='ltr'><strong>excogitare</strong></span> <span class='ocrx_word' id='word_1_702' title='bbox 1245 4699 1585 4755; x_wconf 90' lang='lat' dir='ltr'><strong>contendunt</strong></span> 
     </span>
    </p>
   </div>
   <div class='ocr_carea' id='block_1_92' title="bbox 556 4793 1085 4864">
    <p class='ocr_par' dir='ltr' id='par_1_92' title="bbox 556 4793 1085 4864">
     <span class='ocr_line' id='line_1_92' title="bbox 556 4793 1085 4864; baseline -0.013 -13"><span class='ocrx_word' id='word_1_703' title='bbox 556 4794 833 4864; x_wconf 70' lang='lat' dir='ltr'><strong>Scriptura</strong></span> <span class='ocrx_word' id='word_1_704' title='bbox 866 4793 1085 4847; x_wconf 86' lang='lat' dir='ltr'><strong>mentio.</strong></span> 
     </span>
    </p>
   </div>
   <div class='ocr_carea' id='block_1_93' title="bbox 1652 4695 3767 4789">
    <p class='ocr_par' dir='ltr' id='par_1_93' title="bbox 1652 4695 3767 4789">
     <span class='ocr_line' id='line_1_93' title="bbox 1652 4695 3767 4789; baseline -0.006 -32"><span class='ocrx_word' id='word_1_705' title='bbox 1652 4722 1664 4757; x_wconf 89' lang='lat'><strong>:</strong></span> <span class='ocrx_word' id='word_1_706' title='bbox 1730 4705 1865 4758; x_wconf 88' lang='lat' dir='ltr'><strong>hcu!</strong></span> <span class='ocrx_word' id='word_1_707' title='bbox 1910 4705 2055 4774; x_wconf 91' lang='lat' dir='ltr'><strong>quod</strong></span> <span class='ocrx_word' id='word_1_708' title='bbox 2104 4708 2187 4761; x_wconf 89' lang='lat' dir='ltr'><strong>vel</strong></span> <span class='ocrx_word' id='word_1_709' title='bbox 2278 4710 2518 4777; x_wconf 74' lang='lat' dir='ltr'><strong>cOgitare</strong></span> <span class='ocrx_word' id='word_1_710' title='bbox 2548 4711 2833 4789; x_wconf 69' lang='lat' dir='ltr'><strong>molestum</strong></span> <span class='ocrx_word' id='word_1_711' title='bbox 2862 4715 2967 4772; x_wconf 89' lang='lat' dir='ltr'><strong>est,</strong></span> <span class='ocrx_word' id='word_1_712' title='bbox 3000 4721 3122 4759; x_wconf 91' lang='lat' dir='ltr'><strong>cum</strong></span> <span class='ocrx_word' id='word_1_713' title='bbox 3181 4706 3326 4758; x_wconf 91' lang='lat' dir='ltr'><strong>nulla</strong></span> <span class='ocrx_word' id='word_1_714' title='bbox 3360 4706 3619 4775; x_wconf 59' lang='lat' dir='ltr'><strong>praecipue</strong></span> <span class='ocrx_word' id='word_1_715' title='bbox 3644 4699 3703 4754; x_wconf 89' lang='lat' dir='ltr'><strong>sit</strong></span> <span class='ocrx_word' id='word_1_716' title='bbox 3728 4695 3767 4747; x_wconf 88' lang='lat' dir='ltr'><strong>in</strong></span> 
     </span>
    </p>
   </div>
   <div class='ocr_carea' id='block_1_94' title="bbox 633 4878 2125 4958">
    <p class='ocr_par' dir='ltr' id='par_1_94' title="bbox 633 4878 2125 4951">
     <span class='ocr_line' id='line_1_94' title="bbox 633 4878 2125 4951; baseline -0.005 -11"><span class='ocrx_word' id='word_1_717' title='bbox 633 4884 772 4940; x_wconf 80' lang='lat' dir='ltr'><strong>XVI.</strong></span> <span class='ocrx_word' id='word_1_718' title='bbox 816 4883 1027 4939; x_wconf 85' lang='lat' dir='ltr'><strong>Etenim</strong></span> <span class='ocrx_word' id='word_1_719' title='bbox 1065 4882 1111 4945; x_wconf 84' lang='lat' dir='ltr'><strong>si</strong></span> <span class='ocrx_word' id='word_1_720' title='bbox 1148 4881 1417 4951; x_wconf 88' lang='lat' dir='ltr'><strong>ejusmodi</strong></span> <span class='ocrx_word' id='word_1_721' title='bbox 1452 4878 1708 4950; x_wconf 85' lang='lat' dir='ltr'><strong>quiddam</strong></span> <span class='ocrx_word' id='word_1_722' title='bbox 1756 4878 1845 4930; x_wconf 87' lang='lat' dir='ltr'><strong>illa</strong></span> <span class='ocrx_word' id='word_1_723' title='bbox 1889 4894 2125 4934; x_wconf 86' lang='lat' dir='ltr'><strong>comme-</strong></span> 
     </span>
    </p>
   </div>
   <div class='ocr_carea' id='block_1_95' title="bbox 2232 4878 3763 4958">
    <p class='ocr_par' dir='ltr' id='par_1_95' title="bbox 2305 4878 3763 4958">
     <span class='ocr_line' id='line_1_95' title="bbox 2305 4878 3763 4958; baseline -0.003 -21"><span class='ocrx_word' id='word_1_724' title='bbox 2305 4878 2417 4944; x_wconf 62' lang='lat' dir='ltr'><strong>lq&#39;-</strong></span> <span class='ocrx_word' id='word_1_725' title='bbox 2450 4887 2514 4939; x_wconf 78' lang='grc' dir='ltr'><strong>Εἰ</strong></span> <span class='ocrx_word' id='word_1_726' title='bbox 2548 4886 2645 4955; x_wconf 81' lang='grc' dir='ltr'><strong>μὲν</strong></span> <span class='ocrx_word' id='word_1_727' title='bbox 2679 4904 2785 4957; x_wconf 88' lang='grc' dir='ltr'><strong>γαρ</strong></span> <span class='ocrx_word' id='word_1_728' title='bbox 2820 4887 3002 4955; x_wconf 78' lang='grc' dir='ltr'>ἔλεγεν</span> <span class='ocrx_word' id='word_1_729' title='bbox 3044 4890 3077 4958; x_wconf 80' lang='grc' dir='ltr'>ἡ</span> <span class='ocrx_word' id='word_1_730' title='bbox 3118 4888 3325 4958; x_wconf 81' lang='grc' dir='ltr'>Γραφὴ,</span> <span class='ocrx_word' id='word_1_731' title='bbox 3354 4887 3692 4955; x_wconf 79' lang='grc' dir='ltr'>ἀπεδιδὸαμεν</span> <span class='ocrx_word' id='word_1_732' title='bbox 3715 4881 3763 4933; x_wconf 79' lang='grc' dir='ltr'>ἂν</span> 
     </span>
    </p>
   </div>
   <div class='ocr_carea' id='block_1_96' title="bbox 566 4970 2137 5045">
    <p class='ocr_par' dir='ltr' id='par_1_96' title="bbox 566 4970 2137 5045">
     <span class='ocr_line' id='line_1_96' title="bbox 566 4970 2137 5045; baseline -0.006 -12"><span class='ocrx_word' id='word_1_733' title='bbox 566 4984 856 5041; x_wconf 82' lang='lat' dir='ltr'><strong>morasset,</strong></span> <span class='ocrx_word' id='word_1_734' title='bbox 904 4972 1150 5045; x_wconf 83' lang='lat' dir='ltr'><strong>profecto</strong></span> <span class='ocrx_word' id='word_1_735' title='bbox 1194 4974 1478 5028; x_wconf 89' lang='lat' dir='ltr'><strong>veritatem</strong></span> <span class='ocrx_word' id='word_1_736' title='bbox 1526 4972 1701 5042; x_wconf 78' lang='lat' dir='ltr'><strong>ipsam</strong></span> <span class='ocrx_word' id='word_1_737' title='bbox 1736 4971 1855 5024; x_wconf 88' lang='lat' dir='ltr'><strong>sine</strong></span> <span class='ocrx_word' id='word_1_738' title='bbox 1885 4970 1995 5023; x_wconf 91' lang='lat' dir='ltr'><strong>ulla</strong></span> <span class='ocrx_word' id='word_1_739' title='bbox 2027 4977 2137 5024; x_wconf 89' lang='lat' dir='ltr'><strong>ter-</strong></span> 
     </span>
    </p>
   </div>
   <div class='ocr_carea' id='block_1_97' title="bbox 559 5063 2136 5142">
    <p class='ocr_par' dir='ltr' id='par_1_97' title="bbox 559 5063 2136 5142">
     <span class='ocr_line' id='line_1_97' title="bbox 559 5063 2136 5142; baseline -0.007 -15"><span class='ocrx_word' id='word_1_740' title='bbox 559 5065 929 5142; x_wconf 78' lang='lat' dir='ltr'><strong>giversatione</strong></span> <span class='ocrx_word' id='word_1_741' title='bbox 957 5065 1356 5141; x_wconf 87' lang='lat' dir='ltr'><strong>proﬁteremur.</strong></span> <span class='ocrx_word' id='word_1_742' title='bbox 1390 5064 1475 5118; x_wconf 87' lang='lat' dir='ltr'><strong>An</strong></span> <span class='ocrx_word' id='word_1_743' title='bbox 1504 5064 1649 5119; x_wconf 88' lang='lat' dir='ltr'><strong>enim</strong></span> <span class='ocrx_word' id='word_1_744' title='bbox 1676 5063 1977 5116; x_wconf 66' lang='lat' dir='ltr'><strong>inhonesta:</strong></span> <span class='ocrx_word' id='word_1_745' title='bbox 2007 5070 2136 5117; x_wconf 91' lang='lat' dir='ltr'><strong>sunt</strong></span> 
     </span>
    </p>
   </div>
   <div class='ocr_carea' id='block_1_98' title="bbox 560 5154 2133 5235">
    <p class='ocr_par' dir='ltr' id='par_1_98' title="bbox 560 5154 2133 5235">
     <span class='ocr_line' id='line_1_98' title="bbox 560 5154 2133 5235; baseline -0.007 -17"><span class='ocrx_word' id='word_1_746' title='bbox 560 5162 812 5235; x_wconf 74' lang='lat' dir='ltr'><strong>nuptire?</strong></span> <span class='ocrx_word' id='word_1_747' title='bbox 849 5169 943 5215; x_wconf 90' lang='lat' dir='ltr'><strong>aut</strong></span> <span class='ocrx_word' id='word_1_748' title='bbox 974 5158 1237 5232; x_wconf 83' lang='lat' dir='ltr'><strong>profanus</strong></span> <span class='ocrx_word' id='word_1_749' title='bbox 1261 5167 1344 5215; x_wconf 89' lang='lat' dir='ltr'><strong>est</strong></span> <span class='ocrx_word' id='word_1_750' title='bbox 1369 5170 1545 5222; x_wconf 85' lang='lat' dir='ltr'><strong>torus,</strong></span> <span class='ocrx_word' id='word_1_751' title='bbox 1578 5166 1633 5212; x_wconf 90' lang='lat' dir='ltr'><strong>et</strong></span> <span class='ocrx_word' id='word_1_752' title='bbox 1670 5171 1779 5210; x_wconf 92' lang='lat' dir='ltr'><strong>non</strong></span> <span class='ocrx_word' id='word_1_753' title='bbox 1816 5154 1996 5225; x_wconf 90' lang='lat' dir='ltr'><strong>potius</strong></span> <span class='ocrx_word' id='word_1_754' title='bbox 2039 5155 2133 5209; x_wconf 88' lang='lat' dir='ltr'><strong>im-</strong></span> 
     </span>
    </p>
   </div>
   <div class='ocr_carea' id='block_1_99' title="bbox 561 5246 2131 5323">
    <p class='ocr_par' dir='ltr' id='par_1_99' title="bbox 561 5246 2131 5323">
     <span class='ocr_line' id='line_1_99' title="bbox 561 5246 2131 5323; baseline -0.008 -11"><span class='ocrx_word' id='word_1_755' title='bbox 561 5257 868 5313; x_wconf 84' lang='lat' dir='ltr'><strong>tnaculatus</strong></span> <span class='ocrx_word' id='word_1_756' title='bbox 888 5254 936 5309; x_wconf 84' lang='lat'><strong>&#39;?</strong></span> <span class='ocrx_word' id='word_1_757' title='bbox 976 5256 1055 5308; x_wconf 82' lang='lat' dir='ltr'><strong>An</strong></span> <span class='ocrx_word' id='word_1_758' title='bbox 1087 5253 1323 5323; x_wconf 88' lang='lat' dir='ltr'><strong>denique</strong></span> <span class='ocrx_word' id='word_1_759' title='bbox 1370 5253 1691 5307; x_wconf 71' lang='lat' dir='ltr'><strong>adulterata:</strong></span> <span class='ocrx_word' id='word_1_760' title='bbox 1723 5257 1851 5303; x_wconf 91' lang='lat' dir='ltr'><strong>sunt</strong></span> <span class='ocrx_word' id='word_1_761' title='bbox 1892 5246 2131 5317; x_wconf 80' lang='lat' dir='ltr'><strong>nuptiae?</strong></span> 
     </span>
    </p>
   </div>
   <div class='ocr_carea' id='block_1_100' title="bbox 559 5340 2130 5421">
    <p class='ocr_par' dir='ltr' id='par_1_100' title="bbox 559 5340 2130 5421">
     <span class='ocr_line' id='line_1_100' title="bbox 559 5340 2130 5421; baseline -0.006 -16"><span class='ocrx_word' id='word_1_762' title='bbox 559 5353 885 5421; x_wconf 78' lang='lat' dir='ltr'><strong>Quanquam</strong></span> <span class='ocrx_word' id='word_1_763' title='bbox 936 5348 1213 5418; x_wconf 78' lang='lat' dir='ltr'><strong>pmpheta:</strong></span> <span class='ocrx_word' id='word_1_764' title='bbox 1270 5361 1335 5400; x_wconf 90' lang='lat' dir='ltr'><strong>ac</strong></span> <span class='ocrx_word' id='word_1_765' title='bbox 1371 5344 1658 5415; x_wconf 86' lang='lat' dir='ltr'><strong>pontiﬁces</strong></span> <span class='ocrx_word' id='word_1_766' title='bbox 1683 5343 1751 5397; x_wconf 94' lang='lat' dir='ltr'><strong>ab</strong></span> <span class='ocrx_word' id='word_1_767' title='bbox 1778 5340 1994 5412; x_wconf 63' lang='lat'><strong>1048</strong></span> <span class='ocrx_word' id='word_1_768' title='bbox 2023 5340 2130 5395; x_wconf 83' lang='lat' dir='ltr'><strong>illis</strong></span> 
     </span>
    </p>
   </div>
   <div class='ocr_carea' id='block_1_101' title="bbox 559 5435 2129 5510">
    <p class='ocr_par' dir='ltr' id='par_1_101' title="bbox 559 5435 2129 5510">
     <span class='ocr_line' id='line_1_101' title="bbox 559 5435 2129 5510; baseline -0.01 -11"><span class='ocrx_word' id='word_1_769' title='bbox 559 5443 857 5507; x_wconf 89' lang='lat' dir='ltr'><strong>abstinent,</strong></span> <span class='ocrx_word' id='word_1_770' title='bbox 907 5449 967 5495; x_wconf 92' lang='lat' dir='ltr'><strong>ut</strong></span> <span class='ocrx_word' id='word_1_771' title='bbox 1012 5438 1312 5510; x_wconf 87' lang='lat' dir='ltr'><strong>majoribus</strong></span> <span class='ocrx_word' id='word_1_772' title='bbox 1354 5435 1729 5491; x_wconf 72' lang='lat' dir='ltr'><strong>{unctionibus</strong></span> <span class='ocrx_word' id='word_1_773' title='bbox 1773 5439 2129 5502; x_wconf 86' lang='lat' dir='ltr'><strong>occupentur.</strong></span> 
     </span>
    </p>
   </div>
   <div class='ocr_carea' id='block_1_102' title="bbox 2247 4973 3766 5048">
    <p class='ocr_par' dir='ltr' id='par_1_102' title="bbox 2247 4973 3766 5048">
     <span class='ocr_line' id='line_1_102' title="bbox 2247 4973 3766 5048; baseline 0.008 -20"><span class='ocrx_word' id='word_1_774' title='bbox 2247 4976 2345 5046; x_wconf 78' lang='grc' dir='ltr'>τὴν</span> <span class='ocrx_word' id='word_1_775' title='bbox 2376 4976 2652 5047; x_wconf 80' lang='grc' dir='ltr'>ἀλήθειαν,</span> <span class='ocrx_word' id='word_1_776' title='bbox 2685 4980 2776 5030; x_wconf 76' lang='grc' dir='ltr'><strong>καὶ</strong></span> <span class='ocrx_word' id='word_1_777' title='bbox 2810 4979 2959 5031; x_wconf 77' lang='grc' dir='ltr'>οὐδὲν</span> <span class='ocrx_word' id='word_1_778' title='bbox 3004 4979 3368 5047; x_wconf 85' lang='grc' dir='ltr'>διενοούμεθα.</span> <span class='ocrx_word' id='word_1_779' title='bbox 3400 4978 3490 5048; x_wconf 83' lang='grc' dir='ltr'>Μὴ</span> <span class='ocrx_word' id='word_1_780' title='bbox 3515 4979 3615 5045; x_wconf 73' lang='grc' dir='ltr'>γὰρ</span> <span class='ocrx_word' id='word_1_781' title='bbox 3636 4979 3661 5026; x_wconf 75' lang='grc'>6</span> <span class='ocrx_word' id='word_1_782' title='bbox 3688 4973 3766 5039; x_wconf 58' lang='grc' dir='ltr'><strong>τέ’</strong></span> 
     </span>
    </p>
   </div>
   <div class='ocr_carea' id='block_1_103' title="bbox 2245 5064 3764 5145">
    <p class='ocr_par' dir='ltr' id='par_1_103' title="bbox 2245 5064 3764 5145">
     <span class='ocr_line' id='line_1_103' title="bbox 2245 5064 3764 5145; baseline -0.001 -29"><span class='ocrx_word' id='word_1_783' title='bbox 2245 5081 2345 5134; x_wconf 82' lang='grc' dir='ltr'><strong>μος</strong></span> <span class='ocrx_word' id='word_1_784' title='bbox 2382 5065 2646 5145; x_wconf 80' lang='grc' dir='ltr'>ἄσεμνοςς</span> <span class='ocrx_word' id='word_1_785' title='bbox 2683 5068 2755 5135; x_wconf 78' lang='grc' dir='ltr'>μὴ</span> <span class='ocrx_word' id='word_1_786' title='bbox 2790 5067 3012 5138; x_wconf 71' lang='grc' dir='ltr'>βέϐηλος</span> <span class='ocrx_word' id='word_1_787' title='bbox 3043 5070 3073 5137; x_wconf 87' lang='grc' dir='ltr'><strong>ή</strong></span> <span class='ocrx_word' id='word_1_788' title='bbox 3110 5069 3295 5140; x_wconf 82' lang='grc' dir='ltr'>κοίτη;</span> <span class='ocrx_word' id='word_1_789' title='bbox 3338 5070 3411 5139; x_wconf 84' lang='grc' dir='ltr'>μὴ</span> <span class='ocrx_word' id='word_1_790' title='bbox 3452 5069 3548 5121; x_wconf 85' lang='grc' dir='ltr'><strong>ούκ</strong></span> <span class='ocrx_word' id='word_1_791' title='bbox 3592 5064 3764 5129; x_wconf 79' lang='grc' dir='ltr'>ἐστινὴ</span> 
     </span>
    </p>
   </div>
   <div class='ocr_carea' id='block_1_104' title="bbox 2242 5154 3761 5231">
    <p class='ocr_par' dir='ltr' id='par_1_104' title="bbox 2242 5154 3761 5231">
     <span class='ocr_line' id='line_1_104' title="bbox 2242 5154 3761 5231; baseline -0.009 -10"><span class='ocrx_word' id='word_1_792' title='bbox 2242 5156 2397 5227; x_wconf 77' lang='grc' dir='ltr'>κοίτη</span> <span class='ocrx_word' id='word_1_793' title='bbox 2450 5158 2745 5227; x_wconf 78' lang='grc' dir='ltr'>ἀμίαντοςς</span> <span class='ocrx_word' id='word_1_794' title='bbox 2798 5160 2870 5229; x_wconf 81' lang='grc' dir='ltr'><strong>μὴ</strong></span> <span class='ocrx_word' id='word_1_795' title='bbox 2906 5161 3386 5231; x_wconf 82' lang='grc' dir='ltr'>παραχαράσσεται</span> <span class='ocrx_word' id='word_1_796' title='bbox 3428 5162 3623 5231; x_wconf 73' lang='grc' dir='ltr'>γάμοςς</span> <span class='ocrx_word' id='word_1_797' title='bbox 3662 5154 3761 5207; x_wconf 70' lang='grc' dir='ltr'><strong>Ἀπὲ</strong></span> 
     </span>
    </p>
   </div>
   <div class='ocr_carea' id='block_1_105' title="bbox 2242 5246 3757 5322">
    <p class='ocr_par' dir='ltr' id='par_1_105' title="bbox 2242 5246 3757 5322">
     <span class='ocr_line' id='line_1_105' title="bbox 2242 5246 3757 5322; baseline 0.005 -23"><span class='ocrx_word' id='word_1_798' title='bbox 2242 5248 2299 5300; x_wconf 79' lang='grc' dir='ltr'><strong>δὲ</strong></span> <span class='ocrx_word' id='word_1_799' title='bbox 2327 5250 2621 5320; x_wconf 82' lang='grc' dir='ltr'>προφητῶν</span> <span class='ocrx_word' id='word_1_800' title='bbox 2655 5252 2746 5303; x_wconf 77' lang='grc' dir='ltr'><strong>καὶ</strong></span> <span class='ocrx_word' id='word_1_801' title='bbox 2775 5252 3069 5322; x_wconf 80' lang='grc' dir='ltr'>ἀρχιερέων</span> <span class='ocrx_word' id='word_1_802' title='bbox 3121 5252 3378 5322; x_wconf 74' lang='grc' dir='ltr'>ἀπέχεται</span> <span class='ocrx_word' id='word_1_803' title='bbox 3425 5254 3509 5306; x_wconf 75' lang='grc' dir='ltr'>διὰ</span> <span class='ocrx_word' id='word_1_804' title='bbox 3539 5253 3629 5321; x_wconf 81' lang='grc' dir='ltr'><strong>τὴν</strong></span> <span class='ocrx_word' id='word_1_805' title='bbox 3656 5246 3757 5315; x_wconf 57' lang='grc' dir='ltr'>πρὸέ</span> 
     </span>
    </p>
   </div>
   <div class='ocr_carea' id='block_1_106' title="bbox 2238 5339 3759 5415">
    <p class='ocr_par' dir='ltr' id='par_1_106' title="bbox 2238 5339 3759 5415">
     <span class='ocr_line' id='line_1_106' title="bbox 2238 5339 3759 5415; baseline -0.003 -25"><span class='ocrx_word' id='word_1_806' title='bbox 2238 5340 2300 5390; x_wconf 73' lang='grc' dir='ltr'>τὸ</span> <span class='ocrx_word' id='word_1_807' title='bbox 2343 5340 2525 5409; x_wconf 75' lang='grc' dir='ltr'>μεῖζον</span> <span class='ocrx_word' id='word_1_808' title='bbox 2574 5343 2891 5410; x_wconf 72' lang='grc' dir='ltr'>ὑπηρεσίαν.</span> <span class='ocrx_word' id='word_1_809' title='bbox 2940 5345 3093 5397; x_wconf 74' lang='grc' dir='ltr'>Μετὰ</span> <span class='ocrx_word' id='word_1_810' title='bbox 3153 5345 3258 5415; x_wconf 75' lang='grc' dir='ltr'>γὰρ</span> <span class='ocrx_word' id='word_1_811' title='bbox 3316 5344 3374 5397; x_wconf 81' lang='grc' dir='ltr'><strong>τὸ</strong></span> <span class='ocrx_word' id='word_1_812' title='bbox 3438 5339 3759 5415; x_wconf 73' lang='grc' dir='ltr'>προφητεῦσαι</span> 
     </span>
    </p>
   </div>
   <div class='ocr_carea' id='block_1_107' title="bbox 2246 5429 3763 5505">
    <p class='ocr_par' dir='ltr' id='par_1_107' title="bbox 2246 5429 3763 5505">
     <span class='ocr_line' id='line_1_107' title="bbox 2246 5429 3763 5505; baseline -0.001 -20"><span class='ocrx_word' id='word_1_813' title='bbox 2246 5432 2507 5501; x_wconf 80' lang='grc' dir='ltr'>Μωῦσῆν,</span> <span class='ocrx_word' id='word_1_814' title='bbox 2533 5433 2715 5487; x_wconf 76' lang='grc' dir='ltr'>οὐκέτι</span> <span class='ocrx_word' id='word_1_815' title='bbox 2749 5436 2967 5502; x_wconf 72' lang='grc' dir='ltr'>γυναικὶ</span> <span class='ocrx_word' id='word_1_816' title='bbox 2998 5436 3281 5505; x_wconf 76' lang='grc' dir='ltr'>συνῆπται,</span> <span class='ocrx_word' id='word_1_817' title='bbox 3311 5436 3488 5488; x_wconf 74' lang='grc' dir='ltr'>οὐκετι</span> <span class='ocrx_word' id='word_1_818' title='bbox 3530 5429 3763 5488; x_wconf 59' lang='lat' dir='ltr'><strong>canora?-</strong></span> 
     </span>
    </p>
   </div>
   <div class='ocr_carea' id='block_1_108' title="bbox 635 5586 2125 5662">
    <p class='ocr_par' dir='ltr' id='par_1_108' title="bbox 635 5588 2039 5660">
     <span class='ocr_line' id='line_1_108' title="bbox 635 5588 2039 5660; baseline -0.008 -10"><span class='ocrx_word' id='word_1_819' title='bbox 635 5598 653 5629; x_wconf 74' lang='grc'>⁸</span> <span class='ocrx_word' id='word_1_820' title='bbox 681 5597 814 5652; x_wconf 89' lang='lat' dir='ltr'><strong>Luc.</strong></span> <span class='ocrx_word' id='word_1_821' title='bbox 848 5598 1020 5659; x_wconf 69' lang='lat'><strong>&quot;.14.</strong></span> <span class='ocrx_word' id='word_1_822' title='bbox 1098 5599 1119 5629; x_wconf 78' lang='lat'><strong>’</strong></span> <span class='ocrx_word' id='word_1_823' title='bbox 1157 5594 1286 5648; x_wconf 89' lang='lat' dir='ltr'><strong>Luc.</strong></span> <span class='ocrx_word' id='word_1_824' title='bbox 1322 5610 1361 5657; x_wconf 91' lang='grc' dir='ltr'><strong>ι,</strong></span> <span class='ocrx_word' id='word_1_825' title='bbox 1392 5592 1483 5647; x_wconf 78' lang='grc'><strong>55.</strong></span> <span class='ocrx_word' id='word_1_826' title='bbox 1562 5590 1582 5622; x_wconf 84' lang='grc'>³</span> <span class='ocrx_word' id='word_1_827' title='bbox 1606 5588 1842 5660; x_wconf 85' lang='lat' dir='ltr'><strong>Philipp.</strong></span> <span class='ocrx_word' id='word_1_828' title='bbox 1880 5604 1952 5650; x_wconf 85' lang='lat' dir='ltr'><strong>tv,</strong></span> <span class='ocrx_word' id='word_1_829' title='bbox 1986 5588 2039 5641; x_wconf 88' lang='lat'><strong>8.</strong></span> 
     </span>
    </p>
   </div>
   <div class='ocr_carea' id='block_1_109' title="bbox 2232 5586 3757 5662">
    <p class='ocr_par' dir='ltr' id='par_1_109' title="bbox 2232 5588 3757 5662">
     <span class='ocr_line' id='line_1_109' title="bbox 2232 5588 3757 5662; baseline -0.003 -21"><span class='ocrx_word' id='word_1_830' title='bbox 2232 5589 2371 5655; x_wconf 74' lang='lat' dir='ltr'><strong>phes.</strong></span> <span class='ocrx_word' id='word_1_831' title='bbox 2406 5605 2479 5654; x_wconf 86' lang='lat' dir='ltr'><strong>tv,</strong></span> <span class='ocrx_word' id='word_1_832' title='bbox 2505 5588 2592 5643; x_wconf 77' lang='lat'><strong>29.</strong></span> <span class='ocrx_word' id='word_1_833' title='bbox 2670 5591 2690 5621; x_wconf 82' lang='grc'>⁸</span> <span class='ocrx_word' id='word_1_834' title='bbox 2718 5588 2880 5644; x_wconf 84' lang='lat' dir='ltr'><strong>llebr.</strong></span> <span class='ocrx_word' id='word_1_835' title='bbox 2924 5607 3041 5655; x_wconf 79' lang='lat' dir='ltr'><strong>xm,</strong></span> <span class='ocrx_word' id='word_1_836' title='bbox 3067 5591 3119 5647; x_wconf 70' lang='grc'>4.</span> <span class='ocrx_word' id='word_1_837' title='bbox 3191 5593 3211 5622; x_wconf 81' lang='grc'><strong>⁸</strong></span> <span class='ocrx_word' id='word_1_838' title='bbox 3252 5590 3537 5662; x_wconf 83' lang='lat' dir='ltr'><strong>Sequentia</strong></span> <span class='ocrx_word' id='word_1_839' title='bbox 3570 5588 3615 5642; x_wconf 81' lang='grc' dir='ltr'><strong>τί</strong></span> <span class='ocrx_word' id='word_1_840' title='bbox 3656 5596 3757 5640; x_wconf 85' lang='lat' dir='ltr'><strong>cum</strong></span> 
     </span>
    </p>
   </div>
   <div class='ocr_carea' id='block_1_110' title="bbox 566 5664 1433 5737">
    <p class='ocr_par' dir='ltr' id='par_1_110' title="bbox 566 5664 1433 5737">
     <span class='ocr_line' id='line_1_110' title="bbox 566 5664 1433 5737; baseline -0.006 -16"><span class='ocrx_word' id='word_1_841' title='bbox 566 5666 998 5737; x_wconf 69' lang='lat' dir='ltr'><strong>interrogatione</strong></span> <span class='ocrx_word' id='word_1_842' title='bbox 1028 5667 1167 5721; x_wconf 81' lang='lat' dir='ltr'><strong>forte</strong></span> <span class='ocrx_word' id='word_1_843' title='bbox 1190 5664 1433 5735; x_wconf 79' lang='lat' dir='ltr'><strong>legenda.</strong></span> 
     </span>
    </p>
   </div>
   <div class='ocr_carea' id='block_1_111' title="bbox 641 5769 2125 5850">
    <p class='ocr_par' dir='ltr' id='par_1_111' title="bbox 641 5770 2125 5850">
     <span class='ocr_line' id='line_1_111' title="bbox 641 5770 2125 5850; baseline -0.004 -19"><span class='ocrx_word' id='word_1_844' title='bbox 641 5778 721 5850; x_wconf 60' lang='lat'><strong>(9)</strong></span> <span class='ocrx_word' id='word_1_845' title='bbox 771 5780 828 5830; x_wconf 80' lang='grc' dir='ltr'>Τί</span> <span class='ocrx_word' id='word_1_846' title='bbox 871 5778 935 5829; x_wconf 66' lang='grc' dir='ltr'><strong>δὲ</strong></span> <span class='ocrx_word' id='word_1_847' title='bbox 963 5778 1276 5850; x_wconf 53' lang='grc' dir='ltr'>ὠφέλησεν</span> <span class='ocrx_word' id='word_1_848' title='bbox 1333 5771 1502 5846; x_wconf 71' lang='grc' dir='ltr'>ἡμᾶς.</span> <span class='ocrx_word' id='word_1_849' title='bbox 1563 5772 1880 5844; x_wconf 80' lang='lat' dir='ltr'><strong>Leopardus</strong></span> <span class='ocrx_word' id='word_1_850' title='bbox 1945 5770 2037 5825; x_wconf 86' lang='lat' dir='ltr'><strong>lib.</strong></span> <span class='ocrx_word' id='word_1_851' title='bbox 2098 5785 2125 5825; x_wconf 88' lang='grc' dir='ltr'>ι;</span> 
     </span>
    </p>
   </div>
   <div class='ocr_carea' id='block_1_112' title="bbox 2232 5769 2958 5850">
    <p class='ocr_par' dir='ltr' id='par_1_112' title="bbox 2232 5770 2958 5843">
     <span class='ocr_line' id='line_1_112' title="bbox 2232 5770 2958 5843; baseline 0 -19"><span class='ocrx_word' id='word_1_852' title='bbox 2232 5770 2654 5841; x_wconf 74' lang='lat' dir='ltr'><strong>&#39;mcudationum,</strong></span> <span class='ocrx_word' id='word_1_853' title='bbox 2706 5787 2823 5843; x_wconf 79' lang='lat' dir='ltr'><strong>cap.</strong></span> <span class='ocrx_word' id='word_1_854' title='bbox 2884 5770 2958 5838; x_wconf 76' lang='lat'><strong>9.,</strong></span> 
     </span>
    </p>
   </div>
   <div class='ocr_carea' id='block_1_113' title="bbox 576 5848 931 5927">
    <p class='ocr_par' dir='ltr' id='par_1_113' title="bbox 576 5848 931 5927">
     <span class='ocr_line' id='line_1_113' title="bbox 576 5848 931 5927; baseline -0.003 -23"><span class='ocrx_word' id='word_1_855' title='bbox 576 5848 755 5927; x_wconf 61' lang='grc' dir='ltr'>ῥητόν</span> <span class='ocrx_word' id='word_1_856' title='bbox 782 5850 931 5919; x_wconf 79' lang='lat' dir='ltr'><strong>legit.</strong></span> 
     </span>
    </p>
   </div>
   <div class='ocr_carea' id='block_1_114' title="bbox 3006 5770 3760 5844">
    <p class='ocr_par' dir='ltr' id='par_1_114' title="bbox 3006 5770 3760 5844">
     <span class='ocr_line' id='line_1_114' title="bbox 3006 5770 3760 5844; baseline -0.007 -17"><span class='ocrx_word' id='word_1_857' title='bbox 3006 5788 3103 5843; x_wconf 77' lang='lat' dir='ltr'><strong>pro</strong></span> <span class='ocrx_word' id='word_1_858' title='bbox 3154 5773 3277 5844; x_wconf 67' lang='grc' dir='ltr'>περὶ</span> <span class='ocrx_word' id='word_1_859' title='bbox 3328 5773 3416 5828; x_wconf 67' lang='grc' dir='ltr'>τοῦ</span> <span class='ocrx_word' id='word_1_860' title='bbox 3472 5770 3652 5843; x_wconf 69' lang='grc' dir='ltr'>ζητεῖν,</span> <span class='ocrx_word' id='word_1_861' title='bbox 3686 5776 3760 5813; x_wconf 75' lang='grc' dir='ltr'>πε⁴</span> 
     </span>
    </p>
   </div>
  </div>
