3790 6212
42 301 160 357 :25

633 263 1000 359 ADVERSUS
1037 301 1377 358 IIIERESES
1413 303 1537 359 LIB.
1583 305 1670 363 IIl.
1713 310 1876 369 ἸῸΜ.
1918 313 1984 370 II.
2025 343 2096 357 -—
2132 311 2404 370 HERES.
2446 303 2719 365 LXXVIII.

3191 298 3298 355 726

41 439 204 492 σκει,
235 424 417 478 οὐκέτι
453 427 618 497 γεννᾷ
639 429 668 479 ό
693 427 952 484 τοιοῦτος.
979 427 1354 499 Σχολιαίτερον
1395 429 1503 502 γὰρ
1542 431 1631 484 τὸν

1739 433 1944 489 Etenim
1991 432 2225 506 Moyses,
2269 440 2621 502 posteaquam
2660 425 2916 497 prepheta
2939 438 3074 479 esse
3099 423 3286 492 cmpit,

44 515 177 585 βίον
219 516 348 586 ἒσχε
393 517 526 588 πρὸς
571 518 660 570 τὸν
709 517 1006 586 Δεσπότην.
1027 518 1152 581 Πῶς
1178 520 1285 590 γὰρ
1315 520 1543 590 ἠδύνατο
1571 524 1628 576 ὲν

36 609 175 679 ὄρει
216 609 346 680 Σινᾷ
393 610 802 682 τεσσαράκοντα
843 609 1043 672 νύκτας
1087 612 1180 663 καὶ
1232 613 1632 683 τεσσαράκοντα

38 701 278 774 ἡμέρας
322 702 584 755 διατελεῖν
616 703 780 774 γάμῳ
814 701 1199 774 προσανὲχωνς
1240 705 1309 756 Ἢ
1353 705 1471 769 πῶς
1508 706 1634 774 ἡδύς

33 810 190 850 νατο
209 793 613 867 τεσσαράκοντα
639 795 732 867 ἔτη
759 797 816 849 ὲν
838 798 904 866 τῇ
939 797 1128 868 ἐρήμῳ
1156 796 1291 867 πρὸς
1324 798 1634 869 οἰκονομίαν

35 888 196 942 Θεοῦ
246 888 463 960 ἕτοιμος
506 883 663 953 εἶναι,
705 887 840 959 πρὸς
878 886 1177 959 ἱερωσύνην
1221 905 1278 940 τε
1321 887 1632 958 σχολάζειν;

35 981 171 1036 Καὶ
196 980 314 1044 πῶς
334 980 407 1034 τὰ
435 981 708 1052 μυστήρια
725 977 1048 1050 διηγεῖσθαι,
1078 981 1172 1031 καὶ
1197 979 1256 1032 τὸ
1289 979 1591 1050 συνομιλεῖν
1615 983 1632 1010 ί

35 1071 180 1141 Θεῷ
208 1071 480 1142 τῷογάμῳ
523 1069 863 1141 συνημμένος
905 1069 1200 1134 διατελεῖν;
1246 1070 1309 1123 El
1357 1069 1466 1141 γὰρ
1508 1072 1635 1142 περὶ

37 1163 218 1234 ἡμῶν
242 1164 440 1232 φάσκει
468 1165 500 1216 ὁ
536 1161 690 1230 ἅγιος
727 1161 1046 1225 Ἀπόστολος
1074 1161 1389 1233 διαρρήδην,
1425 1161 1516 1215 καὶ
1545 1161 1634 1214 λέ-

37 1272 141 1324 γει
160 1273 174 1285 ·
208 1255 366 1325 Πρός
396 1255 622 1325 καιρὸν,
657 1255 757 1308 ἵνα
787 1251 1140 1324 σχολάσωσι
1174 1251 1247 1321 τῇ
1283 1253 1592 1323 προσευχῇ
1617 1271 1631 1284 °

39 1347 214 1418 πόσῳ
235 1364 298 1416 γε
332 1347 528 1419 μᾶλλον
568 1347 694 1419 περὶ
735 1345 1030 1417 προφητῶν
1059 1345 1208 1399 ἔσται
1237 1340 1392 1410 οὗτος
1422 1347 1635 1418 ἀληθῶς

35 1439 72 1490 ὁ
130 1439 326 1508 λόγος
373 1438 646 1511 Προφῆτις
693 1439 870 1491 τοίνυν
913 1438 1005 1491 καὶ
1047 1441 1080 1510 ὴ
1127 1439 1337 1510 Μαρία.
1370 1439 1636 1508 Εὶσῆλθε

39 1536 193 1599 γὰρ,
243 1532 396 1602 φησὶ,
439 1529 587 1598 πρὸς
628 1529 743 1594 τὴν
789 1527 1108 1598 προφῆτιν,
1159 1529 1257 1582 καὶ
1309 1530 1380 1583 ἐν
1424 1532 1634 1600 γαστρὶ

41 1623 261 1685 ἔλαϐε,
289 1623 385 1676 καὶ
435 1622 640 1675 ἔτεκεν
691 1621 845 1675 υἱόν.
876 1621 984 1673 Kal
1040 1617 1170 1674 εἶπε
1223 1623 1439 1689 Κύριος
1488 1623 1638 1689 πρός

33 1728 160 1783 με’
195 1713 470 1768 Κάλεσον
518 1712 583 1766 τὸ
617 1713 805 1781 ὄνομα
852 1712 1058 1778 αὐτοῦ,
1107 1713 1336 1782 Ταχέως
1380 1714 1636 1768 σκύλευ-

38 1819 198 1868 σον,
229 1804 412 1868 ὀξέως
449 1803 885 1871 προνόμευσον,
929 1803 1022 1856 καὶ
1067 1801 1134 1855 τὰ
1175 1802 1321 1872 ἑξῆς.
1375 1803 1634 1874 Σημαίνει
1667 1796 1707 1850 Β

41 1894 106 1946 δὲ
149 1892 387 1946 ἐνταῦθα
417 1893 512 1964 τὴν
543 1891 637 1945 τοῦ
672 1891 910 1963 Γαϐριὴλ
953 1892 1155 1946 εἴσοδον
1185 1893 1322 1964 πρὸς
1365 1893 1463 1964 τὴν
1510 1895 1632 1947 Μα-

43 1986 202 2054 ρίαν,
236 1985 326 2036 ὅτε
364 1983 584 2054 ἐξῆλθεν
632 1983 1089 2052 εὐαγγελίσασθαι
1127 1985 1290 2055 αὐτῇ,
1322 1986 1402 2039 ὅτι
1454 1985 1634 2056 μέλλει

41 2078 255 2146 γεννᾷν
287 2076 412 2129 Υἱὸν
437 2074 570 2128 Θεοῦ
607 2075 831 2146 σωτῆρα
864 2075 940 2146 τῷ
969 2077 1178 2147 κόσμῳ,
1207 2077 1306 2128 οὐκ
1329 2076 1436 2128 ἀπὸ
1465 2075 1634 2148 σπέρ-

44 2185 232 2238 ματος
269 2167 478 2238 ἀνδρὸς,
515 2167 650 2220 ἀλλὰ
678 2167 768 2220 διὰ
797 2167 936 2220 Πνεύ
947 2184 1114 2237 ματος
1159 2166 1333 2236 ἁγίου.
1353 2167 1512 2221 Ἀλλὰ
1541 2169 1636 2222 καὶ

40 2260 128 2330 τῷ
158 2260 414 2330 Φιλίππῳ
456 2259 532 2330 τῷ
559 2259 916 2330 εύαγγελιστῇ
942 2245 1203 2331 τέσσαρες
1238 2257 1378 2332 ἦσαν
1408 2260 1636 2330 θυγατέο

43 2370 146 2424 ps;
183 2353 650 2424 προφητεύουσαι·
683 2354 1055 2425 ἐπροφήτευον
1085 2355 1127 2407 δ’
1158 2354 1263 2425 ἄρα
1291 2353 1360 2406 δι’
1391 2356 1456 2424 ἣν
1500 2371 1632 2407 κατ-

42 2446 309 2517 ηξιοῦντο
349 2445 490 2515 ἔχειν
533 2445 849 2517 παρθενίαν.
878 2448 986 2499 Καὶ
1027 2445 1204 2500 Θέκλα
1252 2447 1348 2517 μὲν
1402 2448 1635 2518 συναντᾷ

44 2539 254 2611 Παύλῳ
307 2538 382 2609 τῷ
437 2539 596 2610 ἁγίῳ,
648 2539 743 2594 καὶ
785 2539 1058 2592 διαλύεται
1112 2540 1312 2610 γάμου,
1362 2540 1635 2610 ὀρμαστὸν

45 2633 257 2703 ἔχουσα
309 2631 697 2696 εὐειδέστατον,
726 2631 1074 2703 πρωτεύοντα
1111 2631 1168 2684 δὲ
1210 2630 1436 2695 πόλεως,
1469 2629 1633 2683 πλού-

47 2740 168 2775 σιον
194 2722 358 2790 ἄγαν,
393 2723 775 2790 εὐγενέστατον
817 2723 876 2776 δὲ
910 2724 969 2776 ὲν
997 2723 1074 2794 τῷ
1108 2722 1208 2794 βίῳ
1249 2723 1341 2776 καὶ
1378 2724 1635 2794 διαφανέ-

49 2831 283 2866 στατον·
321 2815 410 2866 καὶ
453 2817 772 2884 περιφρονεῖ
819 2813 924 2867 τῶν
967 2816 1224 2884 ἐπιγείων
1272 2818 1305 2887 ἡ
1356 2817 1506 2884 ἁγία,
1547 2817 1634 2870 ἵνα

47 2905 160 2957 τῶν
206 2905 543 2978 ἐπουρανίων
584 2905 856 2978 ἐγκρατὴς
899 2907 1140 2978 γένηται.
1175 2909 1238 2961 ΕΞ
1282 2907 1462 2962 τοίνυν
1487 2901 1634 2962 οὗτοι

47 2999 248 3062 ταῦτα,
279 2999 427 3069 πόσῳ
455 3016 516 3067 γε
543 3000 742 3070 μᾶλλον
772 3003 805 3072 ὴ
838 3000 1044 3071 Μαρία,
1081 3001 1166 3068 ἐφ’
1191 3001 1258 3070 ἢν
1297 3001 1330 3072 ή
1357 2987 1649 3071 θαυμασία⁸

52 3094 204 3145 πᾶσα
232 3093 516 3163 οἰκονομία
543 3092 867 3163 γεγένηται;
891 3092 1060 3145 Πόθεν
1084 3093 1258 3146 τοίνυν
1288 3093 1500 3159 συνάξω
1518 3093 1633 3148 δια-

50 3184 202 3248 νοίας
233 3187 315 3246 είς
346 3183 406 3236 τὸ
435 3184 659 3253 ἀγαθὸν,
691 3185 786 3238 καὶ
815 3185 1060 3256 ὲκτρέψω
1087 3185 1176 3238 τὸν
1207 3185 1368 3254 ζόφον
1411 3183 1518 3238 τῶν
1566 3187 1634 3238 τὰ

50 3277 200 3330 δεινὰ
226 3278 692 3347 ὲγκισσησάντων.
725 3276 975 3349 καθάπερ
999 3278 1310 3352 γέγραπται
1329 3295 1341 3306 '
1373 3277 1653 3332 Evrélw.

53 3370 115 3423 σε
143 3369 362 3432 πόνον,
397 3368 495 3422 καὶ
522 3370 728 3423 ἔτεκεν
762 3369 1050 3438 ἁνομίαν;
1081 3364 1237 3422 Οὗτοι
1277 3368 1385 3442 γὰρ
1425 3367 1638 3440 ἀληθῶς

54 3460 506 3532 συλλαμδάνουσι
537 3462 694 3516 πόνον
725 3461 1120 3534 διανοημάτων,
1149 3463 1389 3516 τίκτουσι
1435 3463 1491 3516 δὲ
1515 3463 1638 3516 ἀνο-

58 3557 186 3625 μίαν
220 3554 599 3627 βλασφημιῶν.

1735 529 1941 582 nullam
1974 528 2208 598 amplius
2232 541 2354 580 cum
2386 537 2554 578 uxore
2591 517 3037 575 consuetudinem
3070 516 3296 582 habuitv,

1733 636 1910 690 neque
1968 621 2170 676 liberos
2221 621 2275 674 in
2330 631 2394 674 eo
2435 624 2578 671 statu
2636 611 2876 680 suscepit
2908 651 2922 671 ,
2960 612 3159 680 quippe
3203 609 3298 677 qui

1734 729 1859 768 cum
1909 713 2139 768 Domino
2193 711 2386 780 majori
2436 711 2559 763 vitae
2607 723 2719 762 suze
2767 712 2920 775 parte
2962 712 3292 757 versaretur.

1732 806 1815 860 An
1849 806 1896 861 si
1933 806 2138 876 nuptiis
2162 819 2357 859 vacare
2388 803 2670 862 voluisset,
2703 797 3057 868 quadraginta
3109 802 3297 848 noctes

1735 910 1798 949 ac
1823 895 1940 950 dies
1974 895 2027 948 in
2055 901 2236 947 monte
2270 891 2399 948 Sina
2435 904 2783 962 perseverare
2817 885 3161 957 potuisset'?
3201 898 3296 952 po-

1737 987 1932 1041 tuisset
1978 985 2336 1056 quadraginta
2386 994 2527 1040 totos
2577 999 2752 1038 annos
2794 982 2848 1034 in
2897 979 3190 1033 solitudine
3230 977 3296 1031 ad

1735 1077 2043 1130 divinarum
2084 1092 2144 1132 se
2174 1091 2354 1130 rerum
2402 1073 2934 1130 adminiStrationem
2977 1067 3299 1129 intendere,

1736 1170 2046 1225 sacerdotio
2076 1184 2292 1236 vacare,
2321 1183 2576 1224 enarrare
2599 1167 2692 1222 Dei
2727 1164 3004 1237 mysteria,
3036 1175 3170 1215 cum-
3195 1158 3303 1213 Deo
3349 1165 3354 1170 ’

1737 1264 1970 1333 denique
2034 1266 2296 1334 perpetuo
2351 1263 2584 1332 colloqui
2638 1261 2954 1330 nuptiarum
2995 1253 3297 1310 obstrictus

1736 1368 1901 1407 onere
1925 1353 2231 1423 potuisset?
2265 1351 2396 1405 Nam
2424 1353 2468 1408 si
2505 1353 2571 1406 de
2603 1351 2763 1405 nobis
2792 1349 3084 1419 Apostolus
3117 1351 3305 1415 apert-3

1735 1447 2050 1516 pronuntiat
2083 1464 2096 1500 :
2130 1445 2212 1498 Ad
2245 1455 2462 1510 tempus,
2489 1453 2546 1498 ut
2577 1453 2751 1498 vacent
2781 1442 3010 1497 orationi
3039 1440 3081 1506 ⁸;
3101 1445 3306 1507 quanto

1739 1533 1883 1590 istud
1934 1535 2108 1602 ipsum
2141 1535 2206 1588 de
2239 1533 2519 1604 prophetis
2553 1531 2749 1602 potiori
2777 1531 2900 1600 jure
2927 1529 3175 1584 dicetur?
3218 1527 3308 1578 At—

1737 1627 1830 1696 qui
1881 1625 2046 1680 Maria
2118 1625 2455 1694 prophetissa
2512 1623 2632 1676 fuit.
2682 1621 2957 1691 Ingressus
3013 1629 3091 1672 est
3143 1619 3304 1679 enim,

1739 1717 1938 1786 inquit,
1996 1714 2064 1769 ad
2115 1714 2538 1784 prophetissam;
2583 1721 2633 1766 et
2683 1713 2735 1765 in
2791 1720 2935 1764 utero
2963 1711 3216 1775 concepit,
3256 1717 3305 1761 et

1737 1808 1933 1876 peperit
1963 1806 2152 1874 ﬁlium.
2185 1804 2253 1857 Et
2279 1803 2413 1856 dixit
2453 1802 2706 1856 Dominus
2731 1801 2798 1854 ad
2832 1816 2912 1854 me
2942 1814 2960 1852 :
3007 1797 3144 1850 Voca
3209 1812 3304 1848 no-

1736 1914 1854 1950 men
1920 1897 2082 1965 ejus:
2135 1893 2254 1949 Cito
2311 1893 2585 1947 detrahere
2659 1890 2854 1957 spolia,
2929 1888 3121 1953 raptim
3170 1901 3308 1955 pra:-

1736 1991 1864 2045 dare
1890 1990 1936 2054 ⁸,
1967 1999 2074 2044 etc.
2117 1988 2328 2054 Quibus
2363 1987 2546 2041 verbis
2576 1983 2843 2038 Gabriclis
2873 1983 2939 2037 ad
2970 1980 3188 2035 Mariam
3219 1981 3306 2033 in-

1736 2097 1981 2153 gressum
2021 2079 2258 2134 ostendit
2285 2095 2300 2143 ;
2341 2093 2465 2132 cum
2496 2076 2562 2130 ad
2589 2091 2708 2131 eam
2740 2075 2906 2140 venit,
2944 2083 3002 2127 ut
3030 2074 3308 2127 nuntiaret

1736 2174 1933 2228 Filium
1969 2173 2141 2242 ipsam
2191 2169 2280 2225 Dci
2325 2185 2388 2224 ac
2437 2169 2796 2231 Salvatorem,
2839 2168 2956 2223 sine
3020 2166 3130 2218 ttllo
3163 2165 3308 2217 virili

1737 2274 1879 2330 satu,
1925 2266 2020 2320 sed
2065 2265 2238 2320 sancti
2290 2261 2528 2332 Spiritus
2576 2263 2908 2322 interventu,
2954 2258 3157 2312 mundo
3185 2271 3308 2312 esse

1737 2359 2034 2430 parituram
2055 2367 2095 2411 ο.
2129 2356 2269 2423 Quin
2310 2357 2473 2410 etiam
2510 2354 2790 2425 Philippus
2815 2351 3149 2423 evangelista
3172 2364 3309 2418 qna-

1737 2456 1860 2502 tuor
1875 2447 2062 2502 habuit
2095 2445 2231 2499 tilias
2256 2444 2432 2498 alllatu
2463 2443 2776 2513 prophetico
2799 2439 3070 2512 praeditas,
3093 2452 3212 2508 quae
3240 2437 3312 2490 ob

1739 2539 2081 2610 virginitatis
2130 2540 2299 2594 decus
2341 2536 2671 2591 vaticinandi
2738 2551 2937 2589 munus
2987 2532 3116 2586 illud
3171 2531 3312 2585 obti-

1737 2640 1972 2686 nuerunt
1998 2628 2164 2683 7.Sed
2188 2636 2239 2682 et
2263 2626 2461 2680 Thecla
2497 2644 2620 2679 cum
2652 2627 2704 2679 in
2737 2625 2964 2678 Paulum
2997 2622 3301 2681 incidisset,

1738 2728 1926 2792 pactas
1970 2719 2188 2790 nuptias
2237 2717 2507 2776 dissolvit,
2540 2730 2664 2769 cum
2698 2714 2960 2784 primario
2991 2711 3204 2765 cuidam
3242 2712 3312 2765 ei-

1737 2814 1921 2869 vitatis
1958 2813 2146 2879 totius,
2183 2826 2245 2866 ac
2293 2813 2450 2882 longe
2480 2808 2654 2870 diviti.
2681 2805 3045 2868 nobilissimo,
3080 2803 3309 2874 splendi-

1737 2904 2072 2974 dissimoque
2119 2903 2388 2974 desponsa
2430 2901 2545 2970 jam
2606 2898 2822 2952 fuisset.
2863 2893 3062 2951 Verum
3094 2903 3311 2949 terrena

1737 2995 1858 3050 ideo
1887 3003 2076 3051 sancta
2112 2996 2203 3049 illa
2253 2993 2600 3063 contempsit,
2655 2996 2714 3045 ut
2749 2988 3053 3044 caelestium
3085 3001 3312 3057 compos

1736 3101 1857 3142 esse
1908 3093 2108 3157 posset.
2157 3085 2338 3151 Quare
2378 3099 2504 3138 cttm
2547 3082 2663 3136 haec
2713 3081 2782 3136 ab
2826 3080 2933 3135 illis
2968 3079 3205 3149 praestita
3238 3080 3313 3132 vi-

1736 3180 1994 3240 deamus,
2051 3186 2258 3248 quanto
2307 3175 2482 3246 magis
2537 3174 2678 3229 idem
2709 3189 2739 3228 a
2775 3173 2942 3228 Maria
2998 3178 3312 3241 susceptum

1737 3272 1908 3328 fuisse
1931 3272 2242 3336 fatebimur,
2277 3271 2331 3324 in
2360 3283 2468 3339 qua
2507 3267 2827 3322 admirabile
2883 3265 3020 3320 illud
3063 3265 3314 3318 incarna-

1739 3367 1904 3421 tionis
1964 3365 2281 3436 mysterium
2313 3371 2398 3418 est
2430 3360 2772 3432 perlecunn?
2812 3359 3072 3426 Qurenam
3113 3370 3242 3411 vero
3280 3369 3315 3410 a

1747 3461 1906 3516 nobis
1955 3460 2081 3514 iniri
2123 3459 2264 3512 ratio
2305 3464 2507 3527 potest,
2539 3463 2675 3510 utet
2727 3455 2955 3508 istorum
3007 3461 3217 3506 mentes
3243 3449 3311 3504 ad

1742 3551 1968 3606 meliora
2022 3549 2394 3612 traducamus,
2448 3556 2502 3603 et
2558 3560 2773 3600 omnem
2826 3544 2893 3599 iis
2941 3543 3302 3598 discutiamus

59 3647 266 3700 erroris
328 3647 638 3716 caliginem,
679 3645 771 3716 qui
817 3645 1025 3700 nefaria
1067 3645 1341 3714 dogmata,
1407 3644 1546 3699 vellit
1615 3641 2112 3714 perniciosissimos
2176 3640 2356 3702 fetus,
2420 3639 2564 3694 intra
2617 3653 2678 3692 se
2751 3643 3154 3705 cont-cperunt,
3219 3635 3296 3688 uti

60 3743 330 3810 scriptum
378 3749 508 3794 est:
574 3737 823 3806 Concepit
865 3737 1116 3801 laborem,
1181 3749 1230 3791 et
1267 3741 1460 3807 peperit
1508 3735 1932 3808 iniquitatem'?
1982 3733 2060 3789 Illi
2122 3735 2266 3790 enim
2332 3733 2517 3804 utique
2557 3731 2949 3802 cogitationum
3001 3730 3335 3786 molestiam.

62 3835 420 3902 laboremque
447 3832 789 3902 concipiunt,
814 3842 871 3887 et
897 3833 1415 3887 contumeliosarum
1444 3848 1639 3888 vocum
1679 3833 2008 3902 impietatem
2046 3831 2285 3900 pariunt.

120 3924 220 3978 IZ'.
279 3920 438 3976 Ἀλλὰ
469 3922 543 3993 μή
589 3938 676 3986 τις
729 3922 913 3976 ἐκεῖνα
957 3923 1272 3986 ύπονοείτω,
1313 3924 1404 3976 καὶ
1436 3924 1636 3996 ἑτέρως

57 4016 188 4069 αὐτὰ
233 4015 588 4086 ὕποσπείρειν
627 4015 805 4085 ἑαυτῷ
846 4015 1204 4086 πειρώμενος,
1249 4016 1478 4084 λεγέτω·
1511 4017 1634 4081 Πῶς

55 4101 143 4158 οὖν
169 4101 291 4158 εἷπε
320 4106 380 4158 τὸ
405 4105 753 4175 Εὑαγγέλιον,
777 4108 858 4160 ὅτι
891 4106 1118 4175 Εὺρέθη
1140 4108 1210 4160 ἐν
1235 4108 1441 4177 γαστρὶ
1457 4108 1632 4178 ἔχου-

58 4213 132 4248 σα
153 4199 222 4250 ἐκ
253 4198 602 4266 Πνεύματος
634 4200 806 4267 ἁγίου
849 4201 887 4267 ἡ
917 4200 1131 4268 Μαρία,
1159 4203 1303 4269 πρὶν
1331 4203 1368 4270 ῆ
1405 4206 1626 4263 συνελ-

59 4288 176 4339 θεῖν
207 4290 468 4355 αὑτούς;
494 4285 642 4360 Ἀρα
686 4287 777 4345 οὖν
823 4293 1185 4362 προσεδοκᾶτο
1229 4296 1262 4365 ἡ
1303 4295 1627 4358 συνέλευσις,

61 4379 146 4430 καὶ
177 4377 372 4431 τούτου
405 4379 564 4451 χάριν
594 4375 738 4445 εἷπε,
778 4382 891 4450 πρὸ
935 4383 1039 4437 τοῦ
1086 4384 1435 4448 συνε.ῖθεῖν;
1473 4384 1630 4437 Ἀλλὰ

60 4472 147 4522 καὶ
179 4471 346 4523 πάλιν
397 4473 454 4524 ὲν
499 4472 641 4544 ἄλλῳ
667 4474 818 4544 τόπῳ
847 4473 908 4526 τὸ
947 4475 1078 4528 αὐτὸ
1115 4477 1275 4530 πάλιν
1307 4476 1630 4544 Εὐαγγέλιόν

64 4578 183 4630 φησι
237 4564 374 4633 (Kal
407 4563 616 4633 εὑρέθη
652 4565 723 4618 ἐν
751 4566 961 4636 γαστρὶ
984 4568 1214 4636 ἔχουσα
1262 4569 1406 4637 πρὶν
1440 4570 1634 4622 εἰσελ-

64 4650 177 4704 θεῖν
204 4653 454 4718 αὐτούς·
485 4653 540 4720 ἢ,
571 4655 680 4708 Καὶ
713 4653 1022 4725 ἐγέννησε,
1053 4657 1149 4710 καὶ
1181 4659 1290 4711 οὐκ
1339 4657 1485 4725 ἔγνω
1521 4659 1630 4710 αὺ-

64 4742 200 4811 τήνο
231 4745 291 4816 ἢ.
328 4745 436 4799 Kal
481 4745 769 4815 ἐγέννησε
810 4747 914 4799 τὸν
949 4747 1083 4802 υἱὸν
1121 4747 1310 4816 αὐτῆς
1341 4749 1445 4801 τὸν
1481 4765 1633 4816 πρω-

65 4838 326 4902 τότοκον,
361 4838 456 4891 καὶ
484 4841 594 4891 οὐκ
623 4839 753 4906 ᾔδει
789 4839 1023 4907 αὑτήν)·
1056 4842 1164 4895 Καὶ
1201 4844 1312 4896 οὐκ
1347 4842 1499 4911 ἔγνω
1523 4844 1632 4896 αὐ-

68 4913 187 4994 τὴν,
244 4928 360 4993 ἕως
404 4929 543 4983 ὅτου
588 4929 879 4999 ἐγέννησε
933 4931 1040 4984 τὸν
1080 4932 1214 4986 υἱὸν
1269 4931 1464 4999 αὐτῆς
1521 4933 1630 4986 τὸν

70 5021 452 5082 πρωτότοκον.
490 5021 599 5074 Καὶ
628 5023 728 5074 οὐκ
764 5022 968 5076 οἴδασιν
1014 5025 1063 5076 ot
1112 5025 1210 5088 τὰς
1255 5025 1485 5093 Θεωρίας
1527 5023 1636 5079 τῶν

71 5107 289 5181 ι’ραφῶν
343 5114 574 5186 διαιρεῖν
616 5115 1098 5186 ἐπαγγελλόμενοι,
1129 5118 1222 5170 καὶ
1271 5117 1335 5170 τὰ
1389 5119 1638 5190 μετέωρα

74 5205 153 5255 καὶ
196 5203 472 5273 βαθύτατα
513 5208 976 5279 περιεργάζεσθαι
1021 5209 1443 5280 ἐπιχειροῦντες,
1473 5211 1554 5264 ὅτι
1599 5214 1633 5282 ἡ

75 5289 290 5365 θεωρία²
326 5300 564 5354 τοιοῦτον
593 5300 704 5372 ἔχει
730 5303 818 5354 τὸν
845 5301 1062 5371 τρόπον.
1087 5302 1145 5354 Εἰ
1166 5301 1272 5374 γὰρ
1302 5302 1462 5355 πάλιν
1482 5303 1632 5372 ἐγέν-

77 5400 218 5453 νησεν
249 5392 282 5460 ἡ
315 5391 520 5461 Μαρία,
549 5392 656 5446 ἔδει.
702 5394 794 5446 καὶ
836 5392 944 5445 τῶν
985 5391 1157 5446 ἄλλων
1187 5392 1430 5462 ἀδελφῶν
1459 5396 1632 5448 εἰπεῖν

77 5476 134 5527 τὰ
160 5477 411 5549 ὀνόματα.
438 5483 503 5536 Εἰ
548 5482 606 5535 δὲ
646 5483 833 5553 ἐπειδὴ
868 5484 1238 5550 πρωτότοκός
1269 5484 1399 5537 ἐστι
1426 5483 1631 5554 πάσης

138 5655 153 5684 ¹
176 5654 231 5709 F.
267 5662 584 5716 συνομιλῶν.
666 5665 683 5692 ’
717 5662 754 5715 F
807 5663 888 5716 ού.

969 5664 987 5693 ³
1021 5663 1190 5717 Exod.
1217 5679 1362 5726 κείν,
1400 5665 1481 5716 I8.

94 5742 193 5790 xu,
220 5726 273 5784 9.
338 5731 358 5762 '
387 5726 530 5790 Ps..l.
559 5749 652 5797 vn,
684 5734 766 5789 15.

844 5737 862 5764 ³
884 5733 1069 5789 Matth.
1098 5753 1134 5802 ι,
1160 5736 1251 5789 ἳδ.

1665 4531 1714 4586 D

1561 5663 1578 5694 ⁸
1614 5660 1787 5719 Ιίῖοτ.
1822 5679 1914 5728 vn,
1950 5664 1999 5718 5.

1333 5735 1374 5766 ⁸ο
1406 5733 1538 5790 Luc.
1582 5751 1642 5800 ιι,
1677 5736 1726 5788 7.
1807 5736 1846 5767 “
1882 5734 2071 5790 Matth.
2105 5752 2142 5802 ι,
2168 5735 2254 5789 35.

1811 3921 1974 3975 XVII.
2021 3919 2128 3975 Sed
2167 3935 2381 3984 vereor,
2416 3935 2483 3974 ne
2518 3918 2813 3989 quisillum
2852 3917 3030 3987 ipsum
3068 3931 3312 3973 errorem

1739 4010 1794 4064 in
1826 4011 2068 4064 animum
2121 4009 2341 4064 inducat
2386 4025 2569 4070 suum,
2603 4009 2821 4077 aliaque
2859 4008 3070 4062 ratione
3109 4007 3312 4077 impul-

1741 4119 1835 4158 sus
1880 4103 1936 4157 in
1989 4102 2171 4172 seipso
2220 4100 2364 4154 velut
2410 4113 2700 4153 conserere
2743 4107 2997 4162 conetur,
3041 4106 3203 4168 atque
3256 4097 3313 4152 in

1740 4195 1885 4250 hunc
1945 4194 2164 4249 modum
2225 4191 2541 4246 ratiocinari
2599 4191 2773 4245 velit:
2813 4188 2958 4256 Quid
3017 4197 3103 4244 est
3165 4188 3313 4260 quod

1741 4286 2088 4357 Evangelium
2133 4293 2358 4338 narrat:
2416 4283 2634 4337 Inventa
2679 4293 2758 4335 est
2800 4282 2857 4335 in
2907 4292 3051 4336 utero
3119 4281 3311 4336 habens

1740 4379 1952 4452 1049
1981 4386 2044 4434 de
2075 4377 2282 4448 Spiritu
2303 4387 2485 4432 sancto
2517 4376 2713 4442 Maria,
2747 4384 3027 4446 antequam
3060 4376 3302 4430 conveni-

1737 4484 1849 4527 rent
1871 4475 1891 4505 ³
1912 4474 1936 4520 ?
1978 4471 2298 4527 Utrumnam
2331 4470 2494 4540 igitur
2514 4469 2808 4525 conventio
2838 4469 2928 4523 illa
2956 4483 3019 4523 ac
3048 4484 3314 4539 congres-

1715 4561 1833 4622 sus
1871 4565 2324 4637 exspectabatur,
2373 4564 2626 4634 ideoque,
2654 4573 2934 4634 antequam
2963 4564 3311 4628 convenirent,

1742 4658 1922 4713 dixit?
1950 4657 2220 4712 Prarterea
2252 4658 2308 4710 in
2338 4655 2528 4712 eodem
2571 4654 2868 4726 Evangelia
2893 4655 3001 4709 alio
3031 4655 3154 4710 loco
3184 4653 3315 4709 scri-

1738 4759 1890 4820 ptum
1949 4759 2033 4805 est
2086 4750 2343 4820 (Inventa
2385 4758 2462 4803 est
2513 4750 2566 4802 in
2610 4758 2756 4804 utero
2801 4747 2997 4803 habens
3036 4757 3314 4818 antequam

1736 4845 2098 4906 convenirent;
2147 4844 2228 4898 vel
2267 4863 2281 4896 :
2315 4841 2381 4896 Et
2428 4844 2644 4912 peperit,
2689 4852 2868 4898 etnon
2895 4841 3133 4913 cognovit
3160 4858 3314 4906 eant;

1737 4936 1851 4991 sive
1879 4953 1892 4989 :
1925 4935 2133 5003 Peperit
2194 4935 2366 5002 lilium
2401 4953 2554 4989 suum
2583 4936 2990 5006 primogenitum
3020 4935 3100 4999 ¹⁶,
3131 4943 3178 4987 et
3208 4950 3314 4988 non

1739 5027 2077 5098 cognoscebat
2112 5029 2300 5098 ipsum)
2330 5047 2342 5082 :
2375 5025 2444 5080 Et
2470 5044 2570 5081 non
2600 5028 2837 5096 cognovit
2865 5043 3002 5093 eam,
3038 5025 3199 5079 donec
3224 5039 3314 5093 pe-

1739 5119 1874 5188 perit
1945 5119 2115 5188 ﬁlium
2140 5137 2291 5173 suum
2317 5121 2725 5190 primogenitum
2751 5119 2789 5150 ¹¹
2807 5157 2822 5171 .
2849 5117 2955 5173 Sed
2975 5127 3028 5172 et
3050 5117 3178 5170 illud
3215 5117 3314 5170 ho-

1739 5213 1914 5266 mines
1949 5213 2038 5267 isti
2075 5227 2181 5265 non
2209 5212 2411 5275 vident,
2451 5212 2544 5281 qui
2577 5227 2636 5266 se
2665 5226 2751 5276 ea,
2783 5210 2977 5280 quzein
3011 5207 3312 5278 Scripturis

1686 5337 1688 5344 ι
1741 5310 2065 5366 tractantur,
2119 5301 2373 5356 distincte
2425 5303 2804 5372 explicateque
2841 5302 3113 5357 disserere
3149 5303 3311 5372 proli-

1741 5401 1944 5456 tentur,
1989 5411 2054 5449 ac
2084 5394 2334 5448 sublimia
2366 5394 2457 5448 illa
2509 5394 2882 5464 altissimaque
2908 5395 3165 5465 mysteria
3188 5409 3314 5464 per—
3392 5407 3406 5418 ο

1739 5485 1972 5542 scrutari
2020 5485 2259 5549 student,
2302 5489 2442 5541 hanc
2480 5501 2604 5542 esse
2631 5487 2959 5557 narrationis
2989 5487 3134 5542 illius
3165 5488 3299 5541 loci-

2092 5665 2112 5694 '
2153 5664 2255 5717 Isa.
2281 5680 2395 5730 vttt,
2432 5666 2484 5724 5.
2561 5667 2581 5698 θ
2615 5665 2747 5722 Luc.
2773 5684 2811 5730 ι,
2841 5665 2910 5722 9.6
2949 5681 3070 5730 sqq.
3145 5664 3310 5720 ’Act.

2561 5667 2581 5698 θ
2615 5665 2747 5722 Luc.
2773 5684 2811 5733 ι,
2841 5665 2910 5722 9.6
2949 5681 3070 5736 sqq.
