3838 6308
448 289 659 346 “727

1987 287 2044 340 b.
2082 283 2416 342 EPIPHANII

3679 269 3766 325 718

554 424 660 479 que
689 408 1032 465 sententiam.
1082 407 1142 463 Si
1176 408 1322 464 enim
1371 406 1538 461 Maria
1573 405 1754 460 denuo
1793 405 2116 475 peperisset,

2228 405 2473 467 κτίσεως
2515 402 2544 452 ό
2591 398 2922 468 Μονογενής,
2953 395 3029 467 μὴ
3062 391 3310 466 Θορυὸοὖ.
3339 392 3416 444 Οὐ
3461 389 3575 458 γὰρ
3617 381 3768 450 εἶπεν,

553 509 873 556 cancrorum
916 500 1119 556 Christi
1174 502 1401 554 fratrum
1450 506 1604 554 erant
1650 497 1970 569 proferenda
2015 512 2114 552 no—

554 591 722 646 mina.
748 592 901 658 Quod
931 601 1111 647 autem
1143 591 1535 662 primogenitus
1568 598 1830 644 creaturae
1863 589 2042 643 omnis
2093 589 2111 619 ¹

555 683 649 739 ille
677 685 874 739 unicus
917 685 1240 754 appellatur,
1276 700 1387 742 non
1418 691 1502 738 est
1537 683 1680 752 quod
1709 697 1773 736 ea
1797 690 1848 736 te
1879 695 1965 735 res
1994 695 2118 749 per-

553 775 758 831 turbet.
815 775 936 830 Non
982 779 1128 832 enim
1175 777 1332 840 dixit,
1387 776 1667 846 peperisse
1711 775 1859 828 illam
1907 773 2113 842 primo-

553 868 794 940 genitum
821 883 1016 933 suum,
1051 869 1144 924 sed
1175 869 1278 923 hoc
1315 870 1526 924 solum:
1555 866 1679 920 Non
1710 867 1943 936 cognovit
1975 882 2114 927 eam,

552 962 719 1017 donec
741 964 939 1032 peperit
1008 956 1172 1038 ﬁlium
1209 979 1384 1016 suum.
1428 961 1526 1016 Ubi
1565 976 1673 1014 non
1712 958 2117 1028 primogenitum

553 1067 730 1117 suum,
745 1052 837 1107 sed
853 1052 1254 1122 primogenitum
1270 1052 1534 1106 duntaxat
1549 1050 1854 1119 appellavit.
1867 1048 1998 1103 Nam
2015 1048 2119 1103 hoc

551 1144 695 1214 ipso,
743 1143 888 1214 quod
944 1142 1116 1214 ﬁlium
1148 1161 1304 1198 suum
1334 1142 1492 1207 dixit,
1521 1151 1706 1196 natum
1733 1141 1879 1195 hunc
1905 1156 1973 1195 ex
2004 1140 2114 1203 illa,

548 1235 700 1304 quod
731 1234 800 1289 ad
827 1249 1048 1290 carnem
1078 1235 1335 1305 pertinet,
1370 1231 1630 1288 ostendit.
1663 1230 1748 1285 Ad
1785 1229 2120 1298 primogeniti

550 1339 716 1395 porro
744 1325 1093 1389 vocabulum,
1117 1339 1223 1379 non
1247 1337 1434 1378 vocem
1465 1321 1636 1383 illam,
1659 1317 2118 1383 suum,adjunxit,

553 1415 650 1473 sed
703 1417 1108 1487 primogenitum
1160 1413 1540 1472 tantummodo
1582 1411 1813 1467 vocavit.
1877 1407 1976 1463 I-Iic
2035 1417 2122 1463 est

554 1509 700 1562 enim
762 1509 874 1571 ille,
935 1522 1097 1577 quem
1143 1504 1570 1576 Primogeuitum
1624 1509 1888 1556 creatura:
1943 1499 2121 1555 omnis

548 1600 848 1671 Apostolus
890 1600 1159 1664 nominat,
1199 1599 1403 1669 quique
1437 1612 1561 1651 cum
1601 1593 1873 1649 creaturis
1906 1593 2122 1646 caeteris

548 1693 776 1752 minime
804 1691 1178 1765 coniungitur,
1215 1692 1310 1748 sed
1351 1701 1480 1750 ante
1512 1706 1603 1747 eas
1633 1703 1824 1746 omnes
1851 1686 2118 1756 originem

2217 495 2297 548 ὅτι
2328 494 2580 564 ἐγέννησε
2609 491 2698 543 τὸν
2740 488 3080 560 πρωτότοκον
3104 485 3291 554 αὐτῆς,
3316 482 3457 554 ἀλλ’,
3501 482 3622 532 Οὐκ
3643 479 3773 547 ἔγνω

2217 586 2428 654 αὐτὴν,
2463 584 2574 650 ἕως
2596 584 2736 637 ὅτου
2784 580 3074 650 ἐγέννησε
3105 578 3214 631 τὸν
3253 577 3381 629 υἱὸν
3437 571 3651 640 αὺτῆς.·
3683 571 3775 622 Καὶ

2216 680 2315 732 οὐκ
2339 673 2457 730 εἷπε
2484 675 2591 730 τόν
2617 673 2992 743 πρωτότοκον
3022 668 3212 738 αὐτῆς,
3247 666 3376 719 ἀλλά
3431 664 3546 718 τὸν
3585 661 3777 730 πρωτό-

2215 787 2414 825 τοκον.
2433 769 2555 821 Ἐπὶ
2593 767 2691 837 μὲν
2719 764 2828 834 γὰρ
2859 760 2941 826 τῷ
2967 760 3074 826 υἱῷ
3102 757 3290 825 αὐτῆς
3315 758 3594 825 ἐσήμανεν
3620 752 3673 818 ἐξ
3695 753 3775 803 αὖ-

2217 865 2315 934 τῆς
2349 862 2492 915 κατὰ
2518 860 2699 930 σάρκα
2725 853 3112 926 γεγεννῆσθαιο
3143 852 3234 904 ἐπὶ
3256 849 3312 902 δὲ
3445 845 3557 900 τοῦ
3582 860 3778 912 πρωτο-

2216 954 2396 1006 τόκου
2438 949 2722 1020 ἐπωνυμίᾳ
2748 945 2929 1000 οὐκέτι
2956 943 3018 997 τὸ
3048 939 3237 1008 αὐτῆς
3263 939 3440 1002 ἔθετο,
3471 935 3611 990 ἀλλὰ
3647 951 3776 1001 πρω-

2217 1047 2466 1100 τότοκον
2511 1043 2687 1114 μόνον.
2719 1034 2882 1100 Οὗτος
2923 1035 3030 1106 γάρ
3063 1036 3211 1087 ἐστιν
3252 1034 3280 1084 ὁ
3324 1029 3482 1099 παρὰ
3531 1027 3607 1096 τῷ
3641 1027 3776 1077 Ἀπο-

2220 1137 2390 1208 στόλῳ
2445 1133 2734 1206 εἰρημένος
2774 1128 3123 1201 Πρωτότοκος
3167 1124 3349 1194 πάσης
3401 1121 3638 1182 κτίσεως
3662 1159 3675 1178 ς
3712 1118 3773 1187 μὴ

2220 1227 2560 1299 συνημμένος
2591 1227 2657 1296 τῇ
2717 1223 2930 1286 κτίσει,
2988 1217 3123 1273 ἀλλὰ
3174 1215 3282 1286 πρὸ
3323 1212 3566 1274 κτίσεως
3608 1225 3776 1278 γεγενο

2219 1320 2468 1391 νημένος.
2533 1316 2607 1371 Οὐ
2638 1315 2746 1386 γὰρ
2799 1309 2942 1375 εἷπε,
2995 1307 3422 1382 προντόκτιστος,
3471 1302 3609 1357 ἀλλὰ
3651 1314 3773 1369 πρω-

2219 1413 2480 1476 τότοκος,
2522 1403 2902 1476 διαιρουμένης
2930 1400 3029 1470 τῆς
3057 1397 3414 1466 ἀναγνώσεως
3445 1395 3543 1447 ἐπὶ
3581 1393 3640 1445 τὸ
3671 1392 3772 1461 βέλ-

2218 1522 2329 1560 τιον
2355 1503 2448 1556 καὶ
2471 1498 2889 1568 ἀσφαλέστερον,
2913 1492 3006 1546 τοῦ
3040 1491 3255 1562 πρῶτον
3286 1489 3385 1560 μὲν
3419 1487 3623 1556 λέγειν,
3645 1501 3770 1552 πρω-

2219 1598 2484 1660 τότοκος,
2513 1592 2704 1646 ἔπειτα
2733 1587 3136 1657 ὑποϐεϐηκυῖαν
3164 1583 3345 1650 λέγειν
3367 1580 3472 1650 τὴν
3502 1579 3691 1632 κτίσιν,
3714 1576 3774 1628 Τὸ

2226 1690 2322 1761 μὲν
2341 1687 2450 1757 γὰρ
2475 1683 2847 1753 πρωτότοκος
2876 1680 2971 1732 ἐπὶ
3001 1677 3095 1730 τοῦ
3125 1674 3255 1729 Υἱοῠ
3293 1672 3656 1744 λαμϐάνεται,
3679 1669 3706 1737 ἡ
3726 1668 3770 1720 δὲ

549 1781 784 1851 accepit.
811 1759 998 1852 Neque
1013 1759 1382 1851 enim,primo
1405 1790 1646 1847 creatus,
1664 1779 1837 1844 dixit,
1863 1775 1980 1840 sed,
2008 1775 2120 1844 pri-

2228 1759 2394 1845 κτίσις
2425 1780 2512 1833 διὰ
2537 1776 2630 1831 τοῦ
2657 1774 2808 1829 Υἱοῦ.
2827 1771 3152 1842 Ἑγέννησε
3182 1768 3363 1820 τοίνυν
3391 1764 3508 1816 τὸν
3539 1759 3666 1815 υἱὸν
3687 1760 3772 1811 aa.

548 1873 838 1943 mogenitus
867 1889 884 1927 :
919 1872 1056 1929 adeo
1076 1881 1135 1928 ut
1150 1873 1218 1928 ad
1238 1875 1500 1942 majorem
1519 1871 1854 1928 audientium
1878 1867 2115 1926 fructum

548 1975 715 2034 atque
753 1966 1067 2021 cautionem
1099 1965 1216 2022 haec
1259 1966 1352 2020 illo
1383 1966 1439 2024 in
1469 1966 1592 2020 loco
1623 1963 1859 2022 discreta
1884 1961 2016 2024 sint,
2052 1973 2118 2014 ac

549 2059 1037 2128 primogenitivoce
1072 2058 1354 2129 praemissa
1387 2057 1703 2112 inferiorem
1733 2053 1931 2110 deinde
1973 2065 2120 2108 crea-

550 2157 730 2207 turam
786 2148 1044 2219 subjecit.
1090 2147 1370 2219 Siquidem
1421 2145 1755 2217 primogeniti
1801 2157 2002 2199 nomen
2051 2139 2121 2196 ad

551 2239 750 2309 Filium
786 2240 1062 2305 refertur;
1095 2249 1350 2295 creatura
1376 2254 1473 2309 per
1493 2237 1693 2292 Filium
1724 2246 1808 2292 est
1832 2234 2118 2306 producta.

551 2333 765 2403 Peperit
799 2333 983 2403 itaque
1010 2333 1185 2402 ﬁlium
1224 2348 1379 2389 suum
1412 2330 1838 2401 primogenitum,
1871 2342 1979 2382 non
2009 2325 2123 2396 pri—

551 2426 891 2496 mogenitum
929 2441 1112 2489 suum,
1158 2426 1321 2496 quasi
1355 2424 1492 2480 alios
1521 2432 1710 2493 postea
1734 2421 1978 2492 paritura
2015 2418 2126 2472 fue-

551 2515 648 2578 rit,
681 2525 731 2570 et
767 2533 871 2570 non
910 2516 1254 2591 cognoscebat
1293 2516 1464 2570 illam.
1503 2514 1607 2582 Qui
1651 2513 1796 2569 enim
1832 2525 1996 2568 nosse
2033 2524 2127 2581 po-

552 2609 660 2674 tuit
702 2616 916 2662 tantum
962 2623 1087 2665 esse
1127 2608 1178 2663 ei
1220 2607 1438 2664 mulieri
1472 2606 1660 2677 gratiae
1692 2598 2125 2660 conferendum?-

554 2699 712 2756 Unde
752 2701 945 2765 sciret,
987 2700 1234 2772 inquam,
1279 2709 1388 2755 tam
1415 2696 1706 2754 excellenti
1743 2695 1915 2766 gloria
1959 2691 2128 2764 virgi-

552 2809 678 2849 nem
734 2809 857 2849 esse
889 2792 1328 2854 "celebrandam?
1361 2791 1572 2862 Quippe
1605 2789 1890 2844 mulierem
1926 2785 2068 2840 hanc
2095 2799 2128 2838 a

551 2897 751 2953 natura
803 2886 1114 2951 formatam,
1147 2901 1212 2942 ac
1238 2884 1459 2942 feminei
1488 2898 1655 2939 sexus
1685 2897 1809 2938 esse
1839 2885 2126 2951 cognorat,

553 2989 716 3049 atque
747 2980 816 3034 ab
872 2981 1030 3035 Anna
1065 2988 1240 3036 matre
1280 2987 1336 3035 et
1377 2977 1622 3033 Joacimo
1654 2983 1809 3046 patre
1854 2972 2126 3044 genitam;

2217 1874 2326 1944 τῆς
2358 1871 2466 1927 τὸν
2491 1867 2891 1938 πρωτότοκον·
2915 1864 3016 1917 οὐκ
3034 1860 3204 1930 αὐτῆς
3228 1859 3285 1912 δὲ
3307 1857 3401 1910 τὺ⁸
3429 1853 3770 1926 πρωτότοκον,

2220 1939 2506 2032 ὼςναύτῆς
2541 1956 2841 2031 μελλούσης
2880 1953 3040 2007 ἄλλον
3069 1951 3337 2007 κυῖσκειν.
3370 1945 3480 2000 καὶ
3521 1945 3628 1997 οὐκ
3664 1939 3770 2008 ﬁdet

2221 2055 2433 2122 αὐτήν.
2467 2051 2638 2108 Πόθεν
2673 2048 2784 2120 γὰρ
2813 2046 2949 2119 ᾔδει,
2979 2047 3060 2099 ὅτι
3087 2040 3354 2110 τοσαύτην
3383 2038 3550 2110 χάριν
3576 2034 3770 2104 λήψεται

2223 2150 2394 2220 γυνή;
2422 2149 2491 2200 Ἢ
2532 2142 2694 2198 πόθεν
2722 2140 2860 2212 ᾔδει,
2885 2139 2966 2192 ὅτι
2999 2134 3251 2204 τοιαύτην
3285 2132 3446 2198 δόξαν
3475 2126 3770 2194 δοξασθήσε-

2221 2259 2310 2296 ται
2337 2235 2636 2308 παρθένος;
2659 2234 2898 2287 Γυναῖκα
2926 2229 3022 2299 μὲν
3045 2227 3156 2298 ᾔδει
3178 2223 3346 2295 αὐτὴν
3365 2225 3432 2293 τῇ
3465 2220 3676 2277 πλάσει,
3695 2216 3772 2268 καὶ

2224 2331 2440 2401 θήλειαν
2457 2330 2523 2399 τῇ
2547 2326 2726 2396 φύσει,
2750 2324 2844 2377 καὶ
2863 2325 2924 2374 ὲκ
2944 2319 3376 2392 μητρὸςἈννης,
3395 2315 3494 2368 καὶ
3513 2314 3575 2365 ὲκ
3596 2308 3767 2401 πατρὸς

2235 2421 2506 2492 ’1ωακείμ’
2536 2417 2897 2487 συγγένισσαν
2913 2414 2934 2444 ⁸
2953 2413 3007 2465 δὲ
3027 2413 3124 2481 τῆς
3138 2407 3443 2471 Ἑλισάὗετ,
3468 2405 3527 2471 ἐξ
3541 2405 3677 2456 οἴκου
3695 2399 3769 2453 καὶ

2224 2515 2461 2585 πατριᾶς
2497 2511 2590 2566 τοῦ
2624 2509 2816 2564 Δαδίδ’
2861 2511 2960 2559 ούκ
2982 2503 3096 2575 ᾔδει
3123 2502 3200 2563 δὲ,
3228 2503 3310 2554 ὅτι
3347 2497 3604 2566 τοιαύτην
3637 2493 3765 2556 iriiri

2225 2582 2584 2674 τιμηθήσεταί
2617 2616 2698 2662 τις
2723 2597 2816 2651 ἐπὶ
2839 2596 2938 2665 τῆς
2962 2594 3085 2664 γῆς,
3112 2591 3347 2662 μάλιστα
3367 2589 3528 2658 γυνή.
3553 2586 3656 2638 οὐκ
3672 2582 3768 2674 ᾔδει

2222 2693 2314 2750 οὖν
2344 2693 2534 2766 αὐτὴν,
2567 2691 2672 2755 ἓως
2702 2684 2762 2744 οὗ
2803 2684 2909 2741 εἶδε
2944 2686 3005 2739 τὸ
3035 2683 3239 2755 θαῦμα.
3273 2683 3388 2736 Ούκ
3407 2681 3525 2752 ᾔδει
3547 2677 3699 2745 αὐτῆς
3721 2672 3767 2725 τὸ

2225 2786 2325 2841 Θαῦ
2333 2803 2427 2857 μα,
2445 2784 2548 2847 ἕως
2567 2783 2686 2836 ὅτου
2709 2777 2816 2834 εἶδε
2834 2780 2893 2832 τὸ
2911 2777 3299 2849 γεγεννημένον
3320 2773 3380 2838 ἐξ
3403 2770 3707 2857 αύτῆςῖυτε
3724 2765 3766 2816 δὲ

2226 2877 2432 2939 ἔτεκεν,
2471 2874 2612 2943 ἔγνω
2641 2873 2735 2927 καὶ
2761 2872 2860 2941 τὴν
2891 2870 2984 2924 τοῦ
3012 2867 3145 2920 Θεοῦ
3175 2865 3360 2936 τιμὴν,
3397 2865 3477 2917 ὅτι
3510 2859 3640 2928 αὐτὴ
3658 2853 3762 2926 ἦνῆ

2225 2966 2725 3034 ἀκούσασα-Χαῖρε,
2747 2959 3201 3034 κεχαριτωμένη*
3216 2962 3247 3012 ό
3260 2958 3478 3024 Κύριος
3488 2954 3632 3024 μετὰ
3651 2948 3763 3002 σοῦ.

555 3072 879 3140 Elizabethte
920 3081 1231 3146 cognatam,
1279 3072 1500 3127 edomo
1529 3070 1750 3126 Davidis
1819 3082 1883 3122 ac
1947 3065 2194 3120 familia:
2234 3063 2339 3118 hoc
2385 3075 2515 3116 vero
2565 3057 2808 3114 nondum
2869 3054 3230 3114 intellexerat,
3282 3056 3496 3102 tantum
3551 3045 3682 3098 illam
3720 3039 3763 3092 in

554 3167 717 3229 terris
789 3165 958 3222 decus
1013 3181 1077 3220 ac
1111 3163 1480 3235 splendorem,
1520 3173 1574 3219 et
1604 3163 1823 3234 quidem
1865 3161 2147 3227 feminam,
2187 3176 2310 3214 esse
2374 3165 2811 3212 consecuturam.
2847 3149 3118 3217 Quocirca
3162 3160 3274 3200 non
3315 3140 3573 3212 cognovit
3618 3138 3761 3195 illam,

555 3258 731 3312 donec
764 3256 1074 3328 prodigium
1105 3230 1238 3311 illud
1269 3230 1674 3310 animadvertit.
1706 3253 1828 3310 Non
1855 3252 2112 3324 cognovit
2151 3250 2295 3321 quod
2322 3251 2372 3302 in
2405 3264 2467 3304 ea
2520 3245 2767 3300 mirabile
2813 3242 3139 3311 contigerat,
3182 3237 3357 3292 donec
3413 3230 3625 3303 1050
3683 3242 3763 3281 na-

557 3360 672 3409 tum
698 3365 763 3404 ex
793 3365 858 3404 ea
885 3349 1081 3404 Filium
1117 3349 1272 3404 vidit.
1324 3351 1687 3418 Posteaquam
1753 3363 1882 3403 vere
1949 3345 2184 3418 peperit,
2229 3344 2474 3398 habitum
2518 3340 2596 3395 illi
2639 3338 2904 3393 divinitus
2951 3337 3214 3389 honorem
3266 3329 3526 3399 agnovit;
3566 3335 3763 3390 eamque

556 3441 747 3497 didicit
771 3440 859 3498 his
885 3441 1067 3496 verbis
1092 3442 1160 3494 ab
1194 3441 1386 3511 angelo
1420 3442 1707 3495 salutatam
1737 3458 1750 3492 :
1780 3446 1906 3502 Ave,
1941 3438 2116 3508 gratia
2154 3435 2331 3504 plena.
2363 3434 2618 3487 Dominus
2659 3440 2826 3484 tecum
2851 3431 2890 3482 ³.

628 3531 817 3587 XVIII.
874 3531 1000 3588 Haec
1058 3546 1164 3597 est,
1219 3548 1383 3602 quam
1431 3531 1778 3586 adutnbravit
1824 3531 1957 3593 Eva,
1999 3532 2189 3599 (μιωο

557 3628 857 3689 viventium
889 3635 1065 3681 mater
1092 3627 1329 3696 quodam
1357 3624 1659 3694 aenigmatis
1687 3623 1968 3677 involucro
1991 3637 2131 3675 nun-

558 3726 812 3786 cupatur.
848 3716 1128 3784 Siquidem
1175 3715 1285 3768 Eva
1342 3722 1458 3768 tum
1501 3714 1797 3768 viventium
1832 3719 1917 3768 est
1947 3711 2131 3781 appel-

559 3810 670 3862 lata
701 3819 894 3870 mater,
921 3823 1043 3861 cum
1071 3807 1182 3876 jam
1208 3807 1339 3860 illud
1368 3805 1665 3860 audiisset:
1694 3805 1859 3859 Terra
1895 3820 1973 3866 es,
2002 3811 2050 3857 et
2076 3804 2129 3856 in

562 3911 760 3956 terram
788 3900 1120 3960 reverteris’,
1155 3907 1280 3969 post
1313 3898 1613 3953 admissum
1645 3896 1897 3953 videlicet
1930 3910 2123 3965 pecca-

562 4001 698 4045 tum.
741 3989 898 4057 Quod
946 3991 1164 4060 quidem
1209 3990 1566 4045 admiratione
1609 3989 1832 4059 dignum
1865 3995 1969 4052 est,
2007 3994 2132 4056 post

561 4084 710 4140 illam
768 4083 1148 4146 offensionem,
1212 4091 1324 4137 tam
1377 4081 1698 4150 praeclarum
1735 4079 1784 4134 ei
1831 4093 2130 4149 cognomen

562 4177 907 4234 attributum.
941 4176 1018 4230 Ac
1051 4176 1098 4231 si
1144 4175 1416 4231 exteriora
1463 4173 1729 4228 duntaxat
1775 4181 1829 4226 et
1876 4169 2129 4225 sensibus

561 4271 722 4328 obvia
750 4269 1071 4325 consideres
1099 4310 1114 4333 ,
1164 4269 1232 4322 ab
1271 4266 1458 4321 eadem
1492 4265 1591 4318 hac
1621 4263 1728 4316 Eva
1759 4263 1928 4317 totius
1956 4271 2039 4316 est
2074 4262 2128 4314 in

562 4361 728 4418 terris
757 4359 980 4414 humani
1011 4357 1227 4429 generis
1254 4358 1409 4424 origo.
1430 4355 1684 4410 deducta.
1716 4351 1922 4407 Revera
1949 4361 2129 4405 tamen

567 4471 596 4506 a
631 4451 799 4506 Maria
841 4449 1064 4518 Virgine
1106 4450 1216 4503 vita
1269 4449 1385 4518 ipsa
1429 4453 1514 4500 est
1548 4447 1601 4498 in
1642 4444 1902 4500 mundum
1956 4442 2128 4495 intro-

567 4545 756 4605 ducta,
799 4551 858 4596 ut
899 4543 1171 4595 viventem
1218 4541 1410 4608 pariat,
1442 4549 1496 4591 et
1529 4538 1823 4590 viventium
1857 4533 2025 4588 Maria
2061 4534 2131 4588 sit

567 4643 761 4688 mater.
802 4632 1067 4697 Quocirca
1121 4629 1413 4682 viventium
1471 4635 1644 4679 mater
1696 4626 2012 4679 adumbrata
2063 4623 2133 4678 si-

568 4725 880 4780 militudine
929 4723 1099 4780 Maria
1144 4720 1361 4774 dicitur.
1401 4718 1535 4773 Nam
1566 4717 1634 4772 de
1666 4717 1877 4771 duabus
1913 4715 2131 4771 feminis

567 4819 777 4873 dictum
845 4817 977 4871 illud
1015 4823 1100 4869 est
1132 4833 1144 4867 :
1181 4813 1312 4878 Qui:
1366 4812 1508 4865 dedit
1544 4810 1751 4863 mulieri
1792 4809 2127 4876 sapientiam.

2293 3529 2398 3580 IH'.
2441 3524 2588 3594 Αύτη
2621 3522 2768 3575 ἐστὶν
2797 3523 2829 3591 ἡ
2858 3517 3010 3590 παρὰ
3033 3519 3130 3589 μὲν
3155 3518 3221 3587 τῇ
3248 3513 3364 3585 Εὔα
3393 3509 3760 3584 σημαινομένη,

2230 3619 2296 3674 δι’
2329 3617 2650 3686 αἰνίγματος
2681 3613 2919 3667 λαϐοῦσα
2954 3611 3015 3664 τὸ
3039 3608 3316 3665 καλεῖσθαι
3345 3609 3529 3678 μήτηρ
3558 3601 3758 3667 ζώντων.

2243 3709 2388 3762 Ἐκεῖ
2417 3706 2512 3778 μὲν
2536 3705 2643 3776 γὰρ
2675 3705 2856 3774 μήτηρ
2887 3700 3102 3766 ζώντων
3127 3699 3408 3770 κέκληται,
3445 3697 3540 3750 καὶ
3577 3691 3694 3764 μετὰ
3714 3690 3760 3742 τὺ

2230 3799 2487 3854 ἀκοῦσαι·
2516 3795 2607 3864 Γῆ
2646 3792 2718 3858 εἴ,
2751 3794 2850 3848 καὶ
2892 3796 2979 3858 εἷς
3022 3790 3138 3861 γῆν
3165 3791 3500 3858 ἁπελεύσῃ,
3535 3785 3658 3857 μετὰ
3681 3781 3759 3850 τὴν

2229 3891 2557 3964 παράϐασιν,
2596 3871 2702 3943 Καὶ
2730 3885 2797 3960 ἦν
2830 3885 3031 3956 θαῦμα,
3060 3887 3140 3938 ὃτι
3185 3882 3322 3954 μετὰ
3362 3881 3461 3952 τήν
3489 3876 3757 3949 παράϐασιν

2229 3985 2432 4055 ταύτην
2461 3982 2558 4053 τὴν
2593 3980 2833 4052 μεγάλην
2854 3977 3008 4047 ἔσχεν
3038 3973 3371 4044 ἐπωνυμίαν.
3403 3973 3512 4026 Καὶ
3536 3968 3662 4024 κατὰ
3682 3966 3758 4035 μὲν

2229 4079 2289 4130 τὸ
2315 4075 2588 4144 αἰσθητὸν,
2624 4073 2718 4126 ἀπ’
2745 4071 2958 4139 ἐκείνης
2987 4068 3084 4139 τῆς
3111 4065 3255 4130 Εὔας
3281 4067 3431 4119 πᾶσα
3457 4065 3560 4118 τῶν
3585 4055 3755 4127 ἀνθρώ-

2229 4186 2348 4222 πων
2381 4171 2414 4237 ή
2444 4166 2693 4236 γέννησις
2721 4164 2812 4217 ἐπὶ
2843 4162 2947 4230 γῆς
2971 4161 3320 4230 γεγέννηται·
3349 4153 3452 4213 ὧδε
3491 4157 3546 4211 δὲ
3579 4149 3756 4221 ἀληθῶς

2230 4263 2338 4316 ἀπὸ
2370 4260 2586 4330 Μαρίας
2614 4256 2752 4327 αὓτη
2773 4255 2792 4286 τ
2819 4257 2852 4325 ή
2882 4253 2995 4324 ζωὴ
3021 4251 3099 4322 τῷ
3121 4251 3312 4321 κόσμῳ
3337 4251 3659 4318 γεγέννηται.
3688 4241 3752 4292 ἵνα

2231 4352 2409 4418 ζῶντα
2435 4351 2693 4420 γεννήσῃ,
2716 4349 2809 4401 καὶ
2835 4347 3107 4417 γένηταιή
3133 4344 3321 4415 Μαρία
3349 4344 3532 4414 μήτηρ
3553 4339 3749 4402 ζώντων.

2232 4445 2309 4496 Δι’
2332 4442 2646 4510 αἰνίγματος
2675 4435 2820 4508 οὖνὴ
2849 4437 3034 4508 Μαρία
3065 4436 3246 4506 μήτηρ
3277 4434 3492 4497 ζώντων
3515 4429 3746 4497 κέκληται.

2231 4536 2367 4608 Περὶ
2415 4535 2523 4606 γὰρ
2570 4532 2677 4587 τῶν
2721 4531 2812 4585 δύο
2862 4528 3136 4600 γυναικῶν
3182 4527 3409 4598 ἐλέχθηο
3445 4527 3536 4590 Τίς
3574 4519 3750 4574 δέδωκε

2232 4626 2470 4697 γυναικὶ
2538 4625 2798 4694 σοφίαν,
2867 4623 2903 4690 ἢ
2970 4617 3347 4684 ποικιλτικὴν
3403 4611 3749 4681 ἐπιστήμην;

2245 4715 2458 4787 Ἐπειδὴ
2506 4713 2615 4785 γὰρ
2657 4716 2690 4785 ἡ
2739 4712 2928 4784 πρώτη
2965 4711 3102 4779 σοφὴ
3145 4708 3256 4761 Elia.
3286 4709 3574 4776 ὑφαίνουσα
3598 4701 3749 4772 ἱμάτια

2231 4809 2299 4862 τὰ
2331 4805 2562 4878 αἰσθητά
2608 4804 2697 4857 διὰ
2739 4804 2828 4856 τὸν
2866 4801 3054 4871 Ἀδὰμ,
3089 4801 3254 4870 ὅνπερ
3284 4798 3608 4868 ἐγύμνωσεν⁹
3639 4787 3744 4855 αὐτῇ

572 4922 662 4970 aut
693 4909 996 4980 variegandi
1030 4905 1375 4970 scienliam‘?
1419 4903 1630 4958 Etenim
1690 4901 1797 4956 Eva
1842 4903 1932 4956 illa
1983 4903 2126 4972 prior

2236 4900 2343 4970 γὰρ
2369 4899 2522 4970 ἐδόθη
2549 4893 2699 4959 οὗτος
2738 4897 2765 4948 ὁ
2801 4891 3296 4962 κάματος.Ἐπειδὴ
3321 4890 3429 4962 γὰρ
3470 4887 3532 4941 δι’
3562 4879 3742 4950 αύτῆςὴ

583 5007 803 5076 sapiens
825 5003 1018 5057 mulier
1040 5001 1268 5063 Adamo,
1291 5014 1450 5068 quem
1481 4999 1595 5067 ipsa
1619 4997 1938 5060 nudaverat,
1985 5011 2137 5066 aspe-.

570 5099 789 5156 ctabilia
804 5097 1048 5168 quaedam
1062 5094 1382 5150 vestimenta
1400 5091 1678 5146 contexuit
1701 5110 1712 5144 :
1733 5089 1930 5160 quippe
1945 5089 2135 5157 hujus~

569 5189 716 5252 modi
753 5199 838 5245 cst
867 5189 1052 5242 labore
1083 5185 1359 5240 damnata.
1386 5183 1542 5252 Quod
1569 5184 1712 5238 enim
1740 5184 1958 5237 nuditas
1987 5182 2134 5235 illius

567 5298 731 5354 opera
750 5291 964 5352 reperta
983 5279 1178 5340 fuerat,
1195 5279 1300 5335 hoc
1328 5280 1500 5334 eidem
1523 5277 1707 5331 datum
1734 5276 2005 5346 negotium
2027 5281 2132 5335 est,

570 5383 629 5431 ut
663 5375 730 5430 ad
762 5383 1044 5430 externam
1082 5373 1381 5428 nuditatem
1412 5368 1698 5440 tegendam
1731 5381 1930 5437 corpus
1967 5364 2135 5427 istud,

565 5471 710 5538 quod
768 5467 1025 5525 sensibus
1074 5469 1378 5538 expositum
1434 5473 1537 5529 est,
1592 5470 1742 5518 veste
1797 5469 2128 5530 contegeret.

568 5567 642 5627 At
677 5563 859 5617 Maria:
891 5562 1154 5618 divinitus
1192 5561 1320 5615 illud
1356 5560 1587 5630 obtigit,
1629 5566 1687 5610 ut
1719 5571 1918 5626 agnum
1971 5554 2130 5607 nobis

2239 4995 2514 5065 γύμνωσις
2541 4990 2785 5060 εὓρηται,
2808 4988 2942 5056 αὐτῇ
2964 4984 3166 5038 δέδοται
3188 4982 3529 5054 ἀμφιεννύειν
3548 4976 3601 5029 τὸ
3624 4972 3744 5038 σῶμα

2239 5090 2298 5142 τὸ
2329 5085 2580 5155 αἰσθητὸν
2613 5082 2698 5136 διὰ
2729 5081 2827 5151 τὴν
2859 5078 3136 5150 γύμνωσιν
3179 5077 3276 5146 τὴν
3314 5073 3590 5145 αἰσθητήνο
3623 5065 3674 5132 τῇ
3701 5059 3740 5110 δὲ

2239 5179 2427 5250 Μαρίᾳ.
2456 5151 2660 5229 δέδοται
2686 5173 2790 5226 ὑπὸ
2816 5171 2970 5228 Θεοῦ.
3001 5171 3148 5233 ὅπως
3168 5168 3302 5241 τέκῃ
3326 5168 3456 5236 ήμῖν
3491 5160 3649 5233 ἀρνίον
3675 5151 3742 5250 x1}

2240 5271 2530 5341 πρόϐατον,
2557 5266 2652 5320 καὶ
2698 5268 2761 5318 ὲκ
2809 5263 2909 5329 τῆς
2950 5261 3106 5332 δόξης
3151 5257 3312 5315 α’ύτοῦ
3360 5257 3451 5312 τοῦ
3491 5251 3648 5325 ἀρνίον
3670 5241 3740 5341 xit

2244 5359 2513 5433 προϐάτου
2541 5357 2768 5425 γένηται
2801 5355 2951 5424 ἡμῖν,
2979 5351 3053 5414 ὡς
3085 5351 3192 5403 ἀπὸ
3216 5351 3382 5403 πόκου
3420 5351 3476 5403 ὲν
3513 5340 3662 5410 copia.
3690 5331 3740 5384 δι’

2239 5431 2438 5526 ἀρετῆς
2485 5449 2649 5506 αύτοῦ
2690 5447 2893 5515 ἔνδυμα
2937 5441 3438 5515 ἀφθαρσίας.“Αλλὰ
3481 5431 3737 5526 καὶνέτερον

2238 5547 2369 5618 περὶ
2399 5545 2601 5599 τούτων
2632 5539 2955 5596 διανοεῖσθαι
2984 5537 3095 5590 ἐστι
3121 5534 3444 5604 θαυμαστὸν,
3472 5525 3641 5600 περίτι
3664 5531 3736 5583 της

639 5681 658 5749 ‘,
688 5680 897 5736 (301088.
927 5700 962 5749 ι,
1003 5684 1086 5738 15.
1161 5685 1181 5715 ³
1206 5681 1338 5736 Luc.
1371 5696 1405 5746 t,
1431 5679 1518 5733 ‘28.
1599 5677 1618 5709 ³
1645 5676 1783 5732 Gen.
1816 5692 1896 5735 Ill.
1922 5676 2006 5734 I9.
2085 5671 2225 5728 “Job
2254 5685 2407 5735 run,
2432 5667 2521 5724 '56.
2589 5664 2688 5719 'F.
2721 5669 2832 5716 τόν.
2874 5663 2894 5694 ⁶
2921 5658 2998 5714 Ita
3020 5674 3083 5714 ex
3108 5656 3274 5729 Ilegio
3293 5655 3412 5711 cod.
3440 5648 3732 5710 restituimus.

571 5752 594 5794 τ
622 5748 684 5813 ξ’.
710 5750 870 5811 αὐτή.
