3790 6212
43 301 144 358 729
563 295 940 354 ADVERSUS
975 297 1314 354 IIA‘IIlESES
1349 300 1479 356 LIB.
1516 299 1604 356 III.
1645 301 1812 360 TOM.
1851 301 2002 356 II.—
2041 301 2312 358 IL-ERES.
2355 302 2636 360 LXXVIII.
3165 301 3274 360 730

45 420 182 483 Εὔας
205 417 418 488 καὶτῆς
447 417 688 489 Μαρίας.
706 416 770 470 Ἢ
803 417 900 484 μὲν
924 415 1032 488 γὰρ
1061 415 1175 470 Εὕα
1204 419 1476 490 πρόφασις
1519 437 1542 488 ἰ

1774 437 1876 490 que
1910 437 2064 478 ovem
2099 428 2317 490 pareret
2343 438 2360 476 :
2388 421 2548 488 cujus
2575 435 2642 476 ex
2669 417 2954 490 splendore
2983 433 3048 476 ac
3079 419 3271 492 gloria,

44 511 264 581 γένηται
289 508 516 562 θανάτου
544 508 656 568 τοῖς
689 503 1024 574 ἀνθρώποις·
1051 505 1118 558 δι’
1152 506 1323 575 αὐτῆς
1355 506 1462 577 γὰρ
1493 508 1540 559 ει

1778 529 1967 583 nquam
1993 529 2023 568 e
2051 513 2270 576 vellere,
2306 527 2404 582 per
2434 511 2679 580 ejusdem
2719 516 2970 567 virtutem
3003 513 3275 568 immorta-

43 605 196 678 ἦλθεν
223 605 254 658 ὁ
283 604 506 666 θάνατος
537 601 618 664 εἰς
649 599 738 652 τὸν
769 599 1001 670 κόσμον·
1035 601 1067 670 ἠ
1099 599 1155 652 δὲ
1177 601 1363 671 Μαρία
1397 599 1540 672 πρόφ

1777 607 1878 660 atis
1929 604 2085 660 nobis
2137 605 2307 660 vestis
2343 603 2614 674 sapienter
2661 612 2744 658 est
2803 603 3071 658 confecta.
3112 603 3274 660 Aliud

45 717 122 762 σις
145 697 312 768 ζωῆς,
341 697 405 750 δι’
429 693 498 768 ἧς
526 693 788 765 ἐγεννήθη
819 695 950 764 ἡμῖν
979 689 1112 764 ζωή.
1142 695 1251 746 Καὶ
1283 693 1372 748 διὰ
1395 693 1542 748 τοῦτο

1775 712 1837 750 ro
1895 707 2156 768 praeterea
2189 696 2242 750 in
2273 705 2524 764 utraque,
2575 693 2684 748 Eva
2737 695 2947 750 scilicet
2988 709 3050 750 ac
3083 693 3272 762 Maria,

43 792 162 856 Υἱὸς
205 789 340 844 Θεοῦ
399 787 732 860 παρεγένετο
783 787 864 849 είς
910 784 998 838 τὸν
1051 786 1254 856 κόσμον
1275 802 1288 814 ·
1347 786 1463 850 καὶ,
1521 790 1540 838 ‹

1777 789 2052 846 nsiderari
2087 799 2282 860 potest,
2311 796 2364 842 et
2386 786 2602 856 quidem
2627 785 2989 842 admiratione
3015 787 3271 857 dignum:

41 880 406 936 ἐπλεόνασεν
429 879 466 946 ἠ
497 877 770 946 ἁμαρτία,
801 877 1396 944 ὑπερεπερίσσευσεν
1433 879 1472 946 ἠ
1509 896 1538 946 χ

1780 883 1980 953 luidem
2015 881 2126 936 Eva
2169 882 2350 952 generi
2399 881 2678 935 hominum
2719 894 2942 935 causam
2979 879 3170 934 mortis
3195 887 3277 932 at-

41 993 126 1042 ρις
145 991 158 1004 ⁶
189 975 284 1026 καὶ
311 971 430 1026 ὅθεν
456 970 644 1040 γέγονε
667 969 912 1031 θάνατος,
936 969 1054 1020 ἐκεῖ
1079 967 1378 1039 προέλαϐεν
1401 969 1436 1038 ή
1471 967 1538 1032 ζα

1780 975 1854 1036 lit,
1903 989 1998 1044 per
2028 987 2192 1042 quam
2232 985 2381 1026 mors
2422 977 2507 1026 est
2556 969 2612 1024 in
2661 971 2848 1024 orbem
2893 979 3164 1024 terrarum
3193 970 3277 1024 in-

45 1069 126 1121 ἶνα
153 1065 266 1136 ζωὴ
297 1066 416 1120 ἀντὶ
449 1064 676 1118 θανάτου
702 1062 950 1133 γένηται,
974 1061 1303 1115 ὲκκλείσασα
1328 1061 1419 1116 τὸν
1447 1060 1542 1116 ϐάν

1779 1075 1899 1130 cta;
1933 1063 2104 1118 lllaria
2150 1063 2272 1118 vitae
2301 1077 2524 1117 causam
2561 1061 2813 1132 prazbuit,
2851 1077 2944 1132 per
2973 1077 3137 1131 quam
3167 1061 3276 1116 vita

41 1175 126 1212 τον
155 1159 248 1212 τὸν
276 1158 338 1210 ἐκ
372 1155 650 1225 γυναικὸς,
685 1153 848 1208 πάλιν
869 1155 897 1206 ὀ
917 1151 1005 1206 διὰ
1027 1153 1284 1222 γυναικὸς
1319 1155 1454 1224 ἡμῖν
1493 1153 1538 1218 ξι

1781 1165 1793 1209 ι
1843 1155 2005 1210 nobis
2037 1155 2156 1225 ipsa
2191 1153 2477 1226 producta.
2511 1151 2593 1210 0b
2621 1154 2676 1210 id
2715 1152 2884 1208 Filius
2924 1152 3020 1208 Dei
3049 1154 3102 1206 in
3133 1153 3278 1208 hunc

45 1250 455 1322 γεγεννημένος.
490 1250 600 1304 Καὶ
629 1248 814 1319 ἐπειδὴ
841 1249 957 1300 ἐκεῖ
984 1247 1082 1319 μὲν
1121 1247 1202 1300 ἔτι
1237 1245 1373 1301 οὖσα
1403 1247 1542 1318 παρθ

1783 1249 1974 1303 Indum
2016 1247 2277 1302 advenit:
2309 1255 2384 1310 et,
2423 1243 2520 1302 Ubi
2552 1247 2838 1300 abundavit
2881 1245 3150 1311 delictum,
3186 1261 3280 1298 su-

43 1366 124 1412 νος
157 1349 191 1416 ή
217 1344 334 1399 Εὕα
381 1347 438 1397 ὲν
485 1343 824 1416 παρεκϐάσει
872 1343 1156 1415 παρακοῆς
1199 1341 1412 1412 γέγονε,
1445 1343 1540 1397 πά)

1776 1341 2077 1398 rabundavit
2127 1342 2304 1411 gratia
2343 1342 2382 1393 ¹.
2441 1339 2593 1396 Unde
2645 1355 2796 1394 mors
2859 1339 3096 1402 accidit,
3162 1339 3273 1392 vita

45 1441 124 1494 διὰ
162 1419 266 1507 τῆς
311 1435 587 1507 Παρθένου
639 1435 860 1504 γέγονεν
905 1435 938 1505 ή
985 1433 1200 1502 ὑπακοὴ
1231 1434 1328 1504 τῆς
1361 1435 1542 1504 χάριτι

1780 1451 1840 1490 uc
1871 1435 2122 1498 accessit,
2163 1441 2220 1486 ut
2253 1433 2306 1485 in
2347 1433 2540 1486 mortis
2581 1434 2761 1486 locum
2793 1432 2901 1484 vita
2941 1429 3277 1496 succederet,

43 1526 514 1598 εὐαγγελισθείσης
543 1527 642 1596 τῆς
683 1523 1026 1596 ἀπόὺρανοῦ
1072 1524 1296 1578 καθόδου
1341 1526 1540 1598 ὲνσάρκ

1813 1525 2018 1578 illatam
2053 1540 2083 1578 a
2121 1525 2347 1580 muliere
2387 1535 2616 1578 mortem
2660 1523 2751 1577 ille
2793 1523 2934 1592 ipse,
2979 1523 3071 1592 qui
3100 1537 3130 1576 e
3157 1537 3280 1574 mu-

47 1619 339 1690 παρουσίας
369 1619 464 1672 καὶ
499 1617 643 1690 ζωῆς
681 1617 1088 1672 αἰωνίου.Ἐκεῖ
1129 1617 1236 1689 γάρ
1287 1635 1420 1689 φησι
1471 1637 1544 1690 πρ

1785 1634 1862 1682 re,
1901 1619 2012 1672 vita
2043 1625 2103 1670 ut
2137 1623 2284 1672 esset
2313 1623 2526 1677 nostra,
2557 1623 2722 1668 natus
2746 1621 2884 1680 erat,
2938 1611 3277 1668 excluderet.

45 1713 128 1765 τὸν
153 1711 310 1780 ὅφινο
347 1709 456 1764 Καὶ
504 1711 726 1779 ἔχθραν
774 1708 938 1776 θήσω
989 1708 1298 1778 ἀναμέσον
1339 1711 1456 1764 σοῦ
1505 1729 1540 1764 κ

1782 1711 1978 1764 Ioniam
2011 1724 2139 1764 vero
2171 1725 2296 1762 cum
2334 1708 2513 1762 adhuc
2544 1707 2696 1776 virgo
2726 1707 2780 1761 in
2811 1706 2986 1760 hortis
3027 1704 3136 1760 Eva
3180 1705 3279 1760 de-

47 1801 344 1874 ἀναμέσον
375 1801 582 1870 αὐτῆς,
627 1801 723 1856 καὶ
767 1799 1073 1871 ἀναμέσων·
1121 1803 1227 1856 τοῦ
1269 1801 1544 1872 σπέρματι

1782 1814 1864 1862 ret
1895 1845 1910 1868 ,
1955 1819 2052 1874 per
2083 1801 2482 1857 contumaciam
2531 1801 2672 1870 apud
2735 1799 2904 1854 Deum
2930 1797 3234 1852 otfenderat
3261 1835 3279 1862 ,

47 1897 172 1962 σοῦ,
205 1896 306 1949 καὶ
337 1895 648 1965 ἀναμέσων
677 1895 784 1949 τοῦ
825 1895 1164 1963 σπέρματος
1201 1896 1410 1964 αὐτῆς.
1439 1897 1544 1950 Οὐδ

1782 1911 1837 1952 eo
1865 1895 2053 1966 gratia:
2077 1893 2293 1964 propria
2332 1893 2401 1948 ab
2427 1889 2648 1962 Virgine
2679 1889 2920 1944 manavit
2949 1889 3279 1956 obedientia,

51 1989 143 2060 μοῦ
171 1988 228 2042 δὲ
258 1989 480 2061 σπέρμα
514 1987 826 2059 εὑρίσκεται
857 1987 1139 2055 γυναικός·
1173 1986 1286 2040 ἀλλ’
1315 1987 1346 2058 ἢ
1381 1988 1524 2042 κατὰ

1782 1999 2012 2058 ιειιιιιειῐη
2060 1979 2644 2053 υἱιοιιιιιῐυείὀοτροτθ
2682 1981 2840 2038 Verbi
2899 1983 3279 2052 sempiternae-

49 2085 280 2150 αἴνιγμα,
316 2081 412 2134 ἐπὶ
438 2082 538 2151 τῆς
577 2079 720 2144 Εὔας
749 2079 1083 2152 λαμϐάνεται
1113 2079 1145 2150 ἡ
1178 2077 1346 2149 ἔχθρα
1375 2080 1512 2150 πρὸς
1541 2100 1546 2115 ·

1782 2094 1820 2134 ιο
1851 2079 1976 2134 vita:
1998 2077 2064 2132 de
2089 2079 2230 2132 caelo
2253 2084 2336 2132 est
2365 2075 2650 2130 nuntiatus
2681 2072 2969 2130 adventus.
3005 2069 3136 2125 Nam
3167 2071 3279 2126 illic

51 2172 324 2242 ὑπἀὐτῆς
350 2169 685 2243 γεννώμενα,
715 2171 810 2226 τοῦ
833 2188 892 2224 τε
932 2170 1108 2240 ὄφεως
1154 2170 1249 2224 καὶ
1293 2169 1384 2223 τοῦ
1425 2171 1485 2223 ὲν
1527 2189 1548 2224 1

1807 2180 2112 2242 serpentem
2147 2169 2290 2226 Deus
2329 2168 2534 2240 1051
2564 2166 2900 2236 alloquitur:
2933 2165 3287 2220 Inimicitiam

53 2263 160 2334 ὕφει
187 2263 480 2334 γενομένου
507 2262 754 2316 διαϐόλου
774 2261 869 2314 καὶ
895 2259 1110 2330 φθόνου.

1791 2278 1904 2315 nam
1937 2263 2074 2316 inter
2099 2271 2166 2326 te,
2197 2271 2246 2314 et
2273 2261 2409 2314 inter
2441 2255 2634 2319 illam;
2663 2255 2802 2310 inter
2831 2271 3004 2309 semen
3039 2264 3208 2320 luunt,
3235 2261 3288 2308 et

53 2371 210 2408 semen
264 2355 474 2409 illius”.
503 2355 667 2424 Atqui
725 2369 996 2424 nusquam
1048 2354 1318 2424 ejusmodi
1370 2369 1559 2410 semen
1617 2354 1868 2410 mulieris
1923 2353 2154 2410 inveniri
2203 2359 2400 2422 potest.
2443 2348 2597 2405 Unde
2630 2361 2740 2402 non
2804 2347 2962 2401 aliter
2996 2363 3158 2416 quam
3193 2361 3292 2416 per

55 2446 506 2502 adumbrationem
539 2463 602 2502 ac
630 2447 1036 2503 similitudinem
1067 2449 1133 2503 ad
1161 2447 1324 2502 Evam
1367 2449 1592 2505 hostiles
1629 2450 1735 2504 illa:
1784 2449 2085 2504 inimicitiae
2131 2447 2462 2512 referuntur,
2527 2456 2666 2515 quas
2696 2456 2820 2496 cum
2869 2439 3039 2510 hujus
3107 2439 3279 2508 stirpe

56 2553 266 2608 serpens
297 2539 410 2602 ille,
437 2549 490 2594 et
518 2539 612 2610 qui
657 2539 712 2594 in
756 2551 1006 2610 serpente
1050 2540 1226 2596 inerat
1271 2541 1478 2596 invidia
1507 2541 1746 2614 ﬂagrans
1777 2541 2049 2606 diabolus,
2085 2546 2322 2595 exercet.

117 2651 210 2706 16'.
265 2650 410 2703 Ἀλλ’
440 2646 532 2705 οὖν
564 2667 628 2720 γε
661 2653 804 2706 κατὰ
829 2653 890 2706 τδ
936 2653 1268 2708 τελειότατον
1302 2655 1363 2707 οὐ
1396 2653 1614 2709 δύναται

1792 2654 1930 2709 XIX.
1973 2653 2140 2709 Plene
2167 2652 2388 2723 quidem
2423 2663 2488 2704 ac
2522 2649 2760 2719 perfecte
2791 2647 3196 2702 accommodari
3221 2659 3289 2702 au

59 2743 108 2796 ὲν
137 2743 266 2812 αὐτῇ
297 2742 362 2794 τὸ
403 2743 512 2796 πᾶν
549 2741 938 2814 πληρωθῆναιο
983 2742 1403 2816 πληρωθήσεται
1443 2743 1500 2796 δὲ
1541 2761 1556 2796 ι

1794 2763 1868 2802 im
1899 2747 2152 2802 universa
2183 2751 2459 2814 nequeunt
2487 2760 2502 2808 ;
2537 2741 2634 2796 sed
2678 2743 2730 2794 in
2775 2739 3144 2802 sanctissima,
3173 2739 3291 2794 exi-

60 2834 252 2906 ἀληθῶς
283 2836 342 2888 ὲν
371 2833 448 2904 τῷ
476 2835 758 2906 σπέρματι
795 2835 872 2906 τῷ
905 2836 1066 2905 ἁγίῳ,
1108 2835 1186 2906 τῷ
1229 2836 1512 2908 ἐξαιρέτῳ,
1539 2855 1557 2889 Ἰ

1790 2857 1828 2894 ,a
1855 2855 1918 2894 ac
1950 2837 2212 2908 singulari
2238 2837 2427 2905 stirpe,
2451 2849 2572 2905 quae
2599 2834 2668 2888 ab
2697 2833 2811 2888 sola
2843 2831 3066 2902 Virgine
3095 2831 3287 2896 Maria,

65 2927 356 2998 μονωτάτῳ,
385 2926 466 2998 τῷ
499 2925 605 2980 ἀπὸ
637 2927 855 2998 Μαρίας
887 2928 1045 2998 μόνον
1080 2928 1376 2998 εὑρεθέντι,
1403 2929 1497 2981 καὶ
1518 2929 1562 2980 οί

1794 2947 1840 2986 ιο
1889 2933 2000 2986 ulla
2031 2931 2128 2986 viri
2163 2932 2582 2998 consuetudine,
2615 2943 2908 3004 pmpagata
2949 2940 3054 2994 est,
3113 2932 3291 3002 reipsa

65 3020 156 3072 ἀπὸ
185 3018 438 3086 συζυγίας
477 3018 684 3089 ἀνδρός.
729 3013 894 3082 Οὗτος
921 3019 1028 3091 γάρ
1065 3015 1228 3090 ἦλθεν
1271 3019 1479 3073 ἀνελεῖν
1518 3037 1562 3071 τι

1817 3026 2037 3096 penitus
2088 3026 2360 3094 impletur.
2413 3025 2513 3080 Hic
2556 3026 2699 3080 enim
2751 3025 2898 3080 illius
2929 3025 3068 3078 ﬁlius
3097 3023 3162 3077 ad
3192 3037 3292 3077 cx-

63 3129 112 3165 τε
134 3111 348 3182 δύναμιν
383 3111 478 3164 τοῦ
509 3111 800 3182 δράκοντος
829 3114 922 3166 καὶ
947 3113 1160 3166 σκολιοῦ
1191 3113 1366 3184 ὄφεως
1393 3113 1560 3182 φεύγο

1802 3118 2107 3187 nguendam
2173 3118 2444 3185 serpentis
2484 3131 2547 3171 ac
2580 3118 2811 3172 tortuosi
2871 3115 3080 3170 colubri
3137 3115 3291 3184 fuga-

64 3222 160 3268 τος,
191 3206 282 3258 καὶ
313 3205 418 3276 τὴν
463 3207 642 3257 πᾶσαν
667 3205 994 3276 οἰκουμένην
1026 3205 1409 3276 κατειληφέναι
1431 3206 1561 3274 λέγοι

1798 3225 1918 3278 sque
1966 3211 2074 3264 vim
2103 3225 2166 3266 ac
2191 3212 2513 3281 potentiam,
2545 3211 2638 3280 qui
2671 3225 2730 3266 se
2761 3219 2932 3264 totum
2965 3208 3153 3262 orbem
3183 3215 3295 3262 ter-

65 3315 158 3360 τος.
191 3299 284 3350 Διὰ
311 3297 470 3350 τοῦτο
495 3297 826 3368 παρεγένετο
856 3300 920 3351 ὲκ
951 3298 1208 3366 γυναικὸς
1237 3300 1265 3351 ὁ
1289 3297 1562 3368 Μονογενὴ

1798 3317 1906 3355 rum
1941 3301 2222 3357 dominatu
2257 3317 2360 3358 suo
2391 3303 2873 3373 comprehendisse
2908 3301 3177 3371 jactabat,
3223 3300 3295 3356 ad

69 3393 134 3451 είς
161 3391 432 3460 ἀναίρεσιν
464 3389 562 3459 μὲν
593 3389 687 3442 τοῦ
720 3389 916 3460 ὄφεως,
945 3391 1189 3443 τουτέστι
1215 3391 1315 3459 τῆς
1343 3391 1566 3443 κακοδιᾶ

1798 3409 1840 3449 :c
1867 3395 2050 3449 inﬁma
2083 3397 2384 3451 descendit.
2433 3395 2724 3465 Propterea
2775 3395 2968 3448 unicus
2999 3411 3030 3448 e
3066 3393 3295 3447 muliere

71 3481 424 3546 σιαλίας,“καὶ
474 3481 677 3551 φθορᾶς
699 3521 712 3542 ,
755 3484 850 3535 καὶ
882 3483 1096 3552 ἀπάτης
1119 3523 1132 3548 ,
1185 3483 1395 3554 πλάνης
1423 3500 1480 3535 τε
1525 3501 1568 3535 κ‹

1807 3487 1820 3540 i
1855 3485 2027 3542 Filius
2057 3490 2365 3556 processit,
2401 3495 2459 3540 ut
2496 3495 2827 3556 serpentem,
2864 3485 2968 3538 hoc
3005 3491 3088 3539 est
3117 3483 3297 3553 impiae

70 3575 290 3644 ἀνομίας.
313 3569 484 3636 Οὗτός
505 3576 650 3626 ἐστιν
674 3573 888 3644 ἀληθῶς
908 3575 1137 3642 ἀνοίγων
1161 3577 1372 3647 μήτραν
1392 3576 1564 3646 μητρό

1800 3579 1986 3634 ctrina:
2023 3581 2412 3650 corruptelam,
2445 3595 2508 3634 ac
2539 3578 2810 3643 fraudem,
2853 3587 2906 3632 et
2937 3593 3200 3640 errorem,
3231 3589 3297 3630 ac

71 3665 254 3728 Πάντες
287 3666 400 3736 γὰρ
427 3667 539 3719 ὅσοι
575 3667 938 3738 ἐγεννήθησαν
970 3669 1300 3739 πρωτότοκοι
1320 3709 1334 3732 ,
1388 3670 1471 3722 ἵνα
1524 3687 1568 3722 κι

1796 3674 2050 3729 avitatem
2105 3681 2392 3729 everteret.
2439 3671 2538 3727 Hic
2568 3679 2652 3728 est
2700 3672 2792 3742 qui
2845 3685 3034 3726 revera
3081 3677 3293 3723 uterum

73 3757 366 3826 σεμνότερον
392 3756 656 3826 εἴπωμεν,
685 3757 783 3810 οὐκ
807 3758 1148 3830 ἠδυνήθησαν
1169 3759 1324 3812 τοῦτο
1353 3761 1570 3831 πληροῦι

1800 3767 1914 3821 ιιι-ιε
1981 3766 2275 3836 aperuit’.
2343 3763 2474 3818 Nam
2538 3773 2892 3836 quotcunque
2953 3759 3297 3832 primogeniti

71 3845 167 3898 ἀλλ’
193 3847 224 3917 ἦ
259 3847 421 3916 μόνος
439 3849 468 3898 ὁ
487 3847 794 3918 Μονογενὴς
821 3850 1032 3920 μήτραν
1053 3845 1332 3923 ’παρθένον
1365 3851 1568 3918 ἀνοίξας

1800 3875 1874 3912 im
1921 3865 2351 3922 antecesserant,
2397 3865 2456 3912 ut
2503 3857 2886 3913 honestissime
2915 3857 3112 3920 dicam,
3149 3853 3297 3910 istud

73 3937 300 4010 ἐντούτῳ
335 3939 450 4010 γὰρ
485 3940 630 4010 μόνῳ
651 3940 1011 4008 τετελείωται,
1043 3945 1136 3996 καὶ
1167 3943 1222 3998 ὲν
1250 3943 1392 4014 ἄλλῳ
1419 3944 1568 3998 οὐδεν

1800 3967 1904 4006 sum
1955 3949 2166 4005 eﬂicere
2203 3951 2586 4019 nequiverunt,
2646 3949 2738 4004 sed
2788 3949 2939 4003 solus
2969 3949 3072 4003 hoc
3099 3947 3297 4002 unicus

85 4031 221 4086 Ἀλλά
259 4034 353 4087 καὶ
399 4034 492 4087 ἀπ’
539 4034 708 4104 αὐτῆς
773 4037 872 4104 τῆς
919 4035 1226 4098 ὑποθέσεως
1269 4035 1416 4088 ἐστιν
1468 4036 1582 4090 ἰδεῖν

1805 4043 1818 4095 i
1857 4039 2029 4096 Filius
2059 4039 2315 4106 obtinuit,
2348 4043 2400 4094 in
2435 4057 2567 4110 quo,
2613 4039 2828 4094 caneris
2856 4039 3095 4094 exclusis
3121 4039 3299 4092 omnl-

85 4123 196 4178 Ἀπὸ
219 4127 438 4197 Μαρίας
467 4125 576 4196 γὰρ
611 4123 947 4194 λαμϐάνεται
978 4129 1010 4196 ἡ
1043 4125 1206 4189 λέξις,
1242 4127 1336 4178 καὶ
1365 4129 1492 4198 περ),
1517 4128 1582 4198 τῆ

1803 4149 1847 4196 s,
1873 4131 2006 4186 illud
2031 4139 2115 4187 est
2142 4131 2464 4200 perfectum.
2498 4129 2604 4185 Sed
2633 4139 2700 4192 .ut
2727 4129 2831 4183 alia
2861 4129 3293 4198 praetermittam,

85 4211 380 4286 Ἐκκλησίας
414 4215 566 4268 ἔσται
600 4233 688 4286 μοι
717 4215 874 4269 τοῦτο
901 4215 1078 4285 λέγειν
1096 4229 1110 4244 ·
1135 4218 1377 4269 Ἕνεκεν
1403 4219 1582 4270 τούτο

1800 4227 1896 4280 lex
1929 4239 1996 4278 eo
2027 4225 2166 4293 ipso,
2197 4223 2340 4293 quod
2377 4221 2540 4277 modo
2569 4229 2895 4283 tractamus,
2943 4227 3124 4290 potest
3163 4219 3297 4274 illud

79 4307 398 4375 καταιείιρἝι
446 4307 753 4376 ἅνθρωπος
815 4310 922 4362 τὸν
977 4309 1200 4376 πατέρα
1251 4308 1440 4362 αὑτοῦ
1517 4327 1576 4362 κι

1808 4315 1971 4385 elligi.
2016 4313 2227 4382 Quippe
2277 4328 2342 4365 ex
2391 4311 2562 4365 Maria
2623 4319 2836 4380 sumpta
2873 4312 2963 4365 illa
3001 4309 3297 4380 Scriptum

81 4399 172 4464 τὴν
211 4400 432 4469 μητέρα
481 4401 667 4454 αὐτοῦ
693 4441 706 4464 ,
757 4402 854 4454 καὶ
901 4401 1502 4469 προσκολληθήσεται
1543 4421 1574 4456 τ

1802 4408 1993 4461 utentia
2048 4413 2152 4466 est,
2203 4419 2366 4474 quam
2415 4405 2482 4458 ad
2533 4403 2832 4459 Ecclesiam
2881 4402 3299 4460 accouunodare

81 4491 282 4556 ῖύναικὶ
331 4491 551 4545 αὐτοῦ·
615 4491 712 4544 καὶ
758 4491 1002 4544 ἔσονται
1052 4494 1106 4545 ol
1146 4493 1254 4546 δύο
1297 4496 1383 4558 εἰς
1426 4493 1578 4563 σάρκ

1801 4514 2010 4554 ssumus
2056 4513 2068 4551 :
2114 4495 2339 4564 Propter
2396 4495 2491 4548 hac
2559 4497 2808 4564 relinquet
2873 4497 3025 4554 homo
3093 4505 3298 4566 patrem

81 4583 216 4648 μίαν.
259 4585 314 4636 '0
341 4583 400 4636 δὲ
430 4583 580 4652 ἅγιος
617 4585 936 4648 Ἀπόστολός
969 4603 1100 4656 φησι
1129 4602 1142 4614 ·
1177 4585 1246 4640 Τὸ
1285 4588 1578 4656 μυστήριο

1802 4609 1870 4644 im
1896 4599 1947 4643 et
1977 4601 2202 4644 matrem
2233 4606 2408 4652 suam,
2460 4599 2508 4643 et
2558 4589 2848 4644 adhwrebit
2877 4591 3033 4643 uxori
3061 4605 3210 4653 sum;
3248 4599 3299 4644 et

81 4672 226 4726 τοῦτο
253 4675 400 4744 μέγα
425 4675 599 4727 ἐστίν
619 4690 632 4705 ·
666 4675 780 4742 ἐγὼ
820 4673 886 4726 δὲ
925 4674 1080 4743 λέγω
1121 4677 1208 4739 εἰς
1237 4675 1494 4742 Χριστὸν
1524 4693 1578 4728 κί

1806 4691 1868 4734 :ut
1908 4681 2010 4732 duo
2040 4681 2092 4732 in
2131 4695 2340 4732 carnem
2383 4695 2542 4732 unam
2567 4679 2608 4731 ’⁸.
2647 4681 2943 4748 Apostolus
2991 4697 3118 4735 vero
3156 4699 3168 4734 :
3200 4679 3303 4736 Sa-

83 4765 176 4830 τὴν
216 4769 598 4834 Ἐκκλησίαν.
659 4769 768 4821 Καὶ
808 4769 907 4838 ὅρα
960 4786 1049 4839 μοι
1094 4769 1192 4840 τὴν
1239 4768 1348 4820 τῶν
1391 4767 1580 4838 Γραφᾶ

1803 4785 2044 4827 intentum
2101 4773 2214 4840 hoc,
2257 4772 2452 4842 inquit,
2503 4789 2750 4842 magnum
2798 4781 2896 4826 est.
2968 4771 3078 4842 Ego
3124 4783 3300 4826 autem

87 4857 365 4928 ἁκρίῦειανο
403 4863 486 4915 ὅτι
534 4861 625 4914 ἐπὶ
680 4861 778 4930 μὲν
827 4859 905 4930 τῷ
957 4861 1126 4931 Ἀδὰμ
1153 4861 1386 4914 ἔπλασεν
1425 4860 1584 4928 λέγων

1802 4885 1846 4920 :o
1873 4868 1926 4920 in
1955 4865 2228 4921 Christum
2255 4874 2303 4919 et
2335 4864 2628 4919 Ecclesium
2659 4867 2704 4920 ⁵.
2755 4866 2814 4918 In
2847 4882 2956 4935 quo
2985 4875 3299 4920 accuratam

89 4953 158 5005 ἐπὶ
183 4955 231 5008 δὲ
267 4959 331 5028 τῇ
360 4955 478 5028 Εὕα
518 4955 698 5009 οὐκέτι
745 4957 1052 5010 πεπλάσθαι
1102 4955 1295 5024 λέγων,
1331 4955 1446 5008 ἀλλ’
1475 4958 1586 5008 οἱκο

1799 4977 2007 5014 crarum
2047 4959 2377 5012 Litterarum
2412 4960 2750 5028 diligentiam
2788 4959 3083 5014 observare
3129 4959 3296 5014 licet:

87 5043 346 5114 δομεῑσθαι.
401 5051 614 5103 "Elaris
652 5053 782 5118 γὰρ,
827 5051 978 5120 φησὶ,
1019 5051 1166 5118 μίαν
1203 5049 1320 5102 τῶν
1346 5047 1582 5116 πλειψῶ

1803 5068 1847 5108 :e
1889 5067 2013 5106 cum
2049 5051 2117 5106 de
2157 5052 2364 5106 Adamo
2400 5053 2722 5121 loquuntur,
2763 5051 3032 5106 formandi
3064 5051 3300 5105 vocabu-

91 5139 268 5201 αὑτοῦ,
322 5142 420 5196 καὶ
475 5143 860 5212 ᾠκοδόμησεν
895 5141 1053 5207 αὐτῷ
1080 5145 1165 5206 εὶς
1199 5141 1481 5210 γυναῖκα·
1536 5141 1584 5193 ἵν

1800 5161 1837 5198 u
1886 5143 2184 5206 adhibent,
2233 5143 2398 5198 Evam
2439 5159 2569 5199 vero
2613 5159 2954 5214 nequaquam
2989 5141 3297 5208 formatam,

91 5227 210 5301 δείξῃ
227 5233 311 5286 τὸν
341 5234 440 5304 μὲν
474 5233 675 5304 Κύριον
703 5234 810 5286 ἀπὸ
837 5233 1051 5302 Μαρίας
1080 5233 1463 5287 ἀνακλάσαντα
1497 5233 1588 5286 ὲαυ

1801 5239 1822 5290 ιι
1865 5237 2182 5291 mditicatam
2213 5253 2335 5290 esse
2363 5236 2550 5290 dicunt
2583 5255 2594 5288 :
2629 5235 2870 5305 Sumpsit
2909 5235 3068 5299 enim,
3103 5234 3298 5303 inquit;

95 5319 156 5390 τῷ
177 5323 338 5396 σῶμα,
376 5328 470 5379 ἀπ’
503 5327 668 5397 αὐτῆς
711 5327 766 5379 δὲ
795 5327 894 5397 τῆς
939 5327 1176 5397 πλευρᾶς
1205 5326 1592 5398 οἱκώομηθῆνα

1806 5345 1890 5382 am
1943 5347 1970 5383 e
1996 5331 2154 5383 costis
2183 5331 2350 5390 illius,
2377 5338 2425 5381 et
2450 5329 2728 5396 mdiﬁcavit
2755 5327 2856 5396 ipsi
2881 5329 2934 5380 in
2964 5327 3233 5380 mulierem
3255 5327 3297 5380 '.

103 5411 410 5488 Ἐκκλησίαν,
438 5421 495 5474 ὲν
517 5419 596 5492 τῷ
621 5421 881 5492 νυχθῆναι
911 5419 1076 5475 αὐτοῦ
1107 5419 1202 5492 τὴν
1233 5419 1493 5492 πλευράν,
1531 5439 1598 5474 κα

1808 5437 1849 5476 ιο
1884 5423 2016 5477 illud
2051 5421 2500 5493 intelligeremus,
2527 5419 2816 5474 Dominum
2848 5419 3062 5490 sibiipsi
3098 5431 3305 5488 corpus

97 5618 166 5740 2“
194 5616 338 5744 ἔξω.
374 5639 428 5691 v,
472 5621 562 5679 20.
672 5625 692 5657 ³
722 5623 856 5680 Gen.
895 5639 976 5690 tu,
1029 5623 1112 5678 I5.
1229 5625 1248 5656 ³
1279 5625 1448 5680 Exod,
1497 5641 1592 5682 χιιι

1845 5625 1864 5656 ³
1901 5622 2036 5679 Gen.
2071 5641 2144 5690 ιι,
2191 5623 2282 5680 24.
2395 5625 2414 5656 ⁵
2449 5621 2648 5697 Εριιεε.
2697 5641 2749 5693 v,
2786 5625 2874 5684 52.
2987 5619 3008 5654 ⁸
3043 5619 3179 5678 Gen.
3217 5635 3299 5692 lt,
