3838 6316
549 323 650 384 ποι

1925 325 1985 383 S.
2038 324 2380 381 EPlPllANll

3690 321 3784 382 νει

543 455 579 496 e
631 439 800 496 Maria
848 441 1116 510 tinxisse;
1171 441 1473 498 Ecclesiam
1509 457 1638 497 vero
1683 457 1746 497 ex
1789 441 1910 512 ipso
1940 442 2100 498 latere

2209 445 2277 497 τὰ
2309 443 2581 516 μυστήρια
2623 441 2715 494 τοῦ
2753 443 2987 514 αἵματος
3023 441 3116 496 καὶ
3155 441 3340 505 ὓδατος
3368 441 3430 494 ὲν
3459 441 3602 511 ἡμῖν
3627 440 3786 512 λύτρα

542 534 693 588 velut
731 533 1050 591 :edilicatam
1076 535 1268 598 fuisse,
1301 552 1426 590 cum
1456 534 1574 604 ejus
1609 535 1748 588 latus
1777 541 1860 588 est
1886 534 2108 604 cuspide

543 626 869 690 sauciatam,
903 628 973 683 ab
1002 628 1302 697 eodemque
1345 628 1628 698 sanguinis
1667 637 1721 682 et
1747 642 1900 698 aquae
1937 628 2005 681 ad
2031 627 2111 682 lo-

539 715 744 771 tionem
776 726 1020 774 nostram
1057 719 1380 790 proﬂuxisse
1411 721 1668 791 mysteria
1695 721 1733 773 ³.

615 806 736 864 XX.
777 807 896 863 .lam
923 825 1050 865 vero
1077 809 1222 880 quod
1247 810 1468 866 Mariam
1493 811 1764 882 losephus
1789 811 2112 884 cognovisse

541 897 766 964 dicitur,
799 917 906 956 non
932 902 999 956 ad
1032 918 1189 958 usum
1219 903 1453 972 aliquem
1495 904 1768 974 corporis,
1791 912 1955 974 atque
1993 904 2109 960 usi-

530 991 666 1042 tatae
694 990 1104 1046 consuetudinis
1142 985 1423 1046 referenda
1453 993 1554 1046 ista
1593 994 1834 1064 cognitio
1865 1002 1969 1050 est.
2002 992 2109 1049 Sed

540 1077 663 1133 ideo
705 1080 977 1150 cognovit,
1014 1080 1161 1151 quod
1191 1082 1280 1135 cui
1318 1081 1580 1138 divinitus
1627 1084 1886 1138 honorem
1923 1085 2110 1139 haberi

537 1168 769 1233 viderat,
806 1170 1049 1226 eamdem
1088 1172 1298 1227 honore
1338 1187 1662 1244 prosecutus
1701 1174 1881 1230 luerit.
1924 1175 2110 1246 Neque

538 1262 682 1314 enim
715 1270 864 1320 tanto
914 1264 1056 1316 illam
1094 1265 1380 1334 splendore
1405 1282 1467 1320 ac
1499 1267 1669 1337 gloria
1700 1268 1978 1337 praeditam
2015 1285 2111 1338 pu-

537 1361 766 1418 taverat,
836 1356 1044 1426 1052
1104 1357 1277 1412 donec
1328 1375 1358 1413 ε
1421 1360 1648 1416 muliere
1696 1371 1880 1415 natum
1930 1361 2111 1415 Domi-

537 1459 668 1498 num
735 1447 1141 1502 animadvertit.
1201 1448 1356 1516 Quod
1409 1461 1586 1505 autem
1647 1453 1913 1522 scriptum
1975 1464 2104 1520 est,

537 1537 829 1607 Antequam
864 1542 1211 1603 convenirent,
1243 1543 1447 1596 inventa
1471 1552 1548 1597 est
1581 1545 1636 1598 in
1673 1554 1818 1599 utero
1841 1545 2034 1599 habens
2060 1548 2105 1610 ¹,

533 1628 609 1683 ob
646 1645 766 1684 eam
805 1645 1026 1686 causam
1076 1634 1294 1688 additur
1327 1673 1340 1697 ,
1383 1651 1451 1690 ne
1502 1637 1716 1690 illorum
1753 1638 2108 1692 invalesceret

539 1722 727 1792 opinio
772 1725 864 1792 qui
921 1725 1317 1782 incarnationis
1374 1729 1695 1798 mysterium
1756 1730 2099 1784 arbitrantur

2209 534 2480 605 γενέσθαι.

2279 799 2363 854 Κ’.
2395 798 2534 853 Ἀλλ’
2558 799 2706 871 ὅμως
2735 799 2876 869 ἔγνω
2901 799 2999 870 τὴν
3017 799 3236 870 Μαρίαν
3261 800 3289 851 ὁ
3311 799 3548 868 Ἰωσὴφ,
3571 799 3634 851 οὔ
3657 798 3784 852 κατὰ

2208 891 2408 961 γνῶσίν
2443 908 2565 944 τινα
2613 892 2893 962 χρήσεως,
2949 891 3008 943 ού
3059 890 3199 944 κατὰ
3234 889 3432 958 γνῶσιν
3484 889 3778 953 κοινωνίας.

2222 982 2359 1035 Ἀλλ’
2394 981 2534 1051 ἔγνω
2563 981 2752 1052 αὐτὴν,
2784 980 2959 1052 τιμῶν
2991 980 3088 1050 τὴν
3132 981 3194 1031 ἐκ
3225 977 3358 1031 Θεοῦ
3389 978 3780 1047 τετιμημένην.

2210 1074 2283 1125 Οὐ
2307 1070 2414 1143 γὰρ
2441 1071 2556 1143 ᾔδει
2582 1072 2751 1143 αὐτὴν
2774 1071 3025 1141 τοιαύτης
3051 1070 3206 1141 δόξης
3231 1065 3412 1131 οὖσαν,
3441 1069 3558 1132 ἓως
3583 1069 3670 1121 ὅτε
3690 1063 3781 1120 εἶδε

2208 1164 2412 1234 Κύριον
2453 1165 2517 1216 ὲκ
2544 1163 2800 1231 γυναικὸς
2843 1163 3257 1232 γεγεννημένον.
3310 1161 3420 1212 Καὶ
3456 1159 3545 1221 τὸ,
3576 1159 3721 1226 Πρὶν
3747 1159 3780 1227 ἢ

2208 1253 2531 1307 συνελθεῖν
2561 1254 2802 1319 αὐτοὺς,
2837 1253 3046 1319 εὑρέθη
3071 1252 3141 1304 ἐν
3168 1250 3377 1320 γαστρὶ
3409 1250 3677 1316 ἔχουσα,
3705 1249 3779 1299 ἵνα

2213 1351 2284 1416 μή
2315 1362 2440 1397 ποτε
2475 1347 2723 1418 κρατήσῃ
2755 1347 2782 1397 ὁ
2807 1344 2960 1412 λόγος
2985 1342 3092 1395 τῶν
3121 1341 3473 1412 νομιζόντων,
3503 1342 3572 1394 ὲκ
3605 1359 3780 1394 κοινω-

2209 1436 2318 1499 νίας
2352 1435 2541 1505 ἀνδρὸς
2570 1433 2706 1488 εἶναι
2736 1435 2797 1487 τὸ
2816 1433 2907 1486 τοῦ
2925 1432 3057 1485 Θεοῦ
3083 1432 3433 1503 οἰκονομηθὲν
3471 1433 3777 1501 μυστήριον.

2212 1527 2404 1595 Ἔλεγε
2453 1528 2591 1598 γὰρ,
2647 1527 2846 1598 Πρὶνῆ
2911 1525 3068 1578 τοῦτο
3119 1524 3391 1592 γενέσθαι,
3451 1525 3597 1594 ὅπερ
3627 1542 3776 1594 προσ-

2207 1620 2428 1673 εδοκᾶτο
2452 1636 2465 1648 ·
2509 1621 2568 1672 ού
2601 1620 2789 1687 γέγονε
2819 1618 2873 1671 δὲ
2900 1617 3058 1670 τοῦτο
3084 1617 3145 1669 τὸ
3175 1620 3427 1688 πρᾶγμα.
3463 1618 3531 1669 Ei
3559 1618 3666 1688 γὰρ
3696 1618 3776 1668 καὶ

2209 1713 2572 1783 προσεδοκᾶτο
2622 1711 2958 1783 ἠΠαρθὲνος
3005 1709 3083 1780 τῷ
3124 1711 3318 1779 Ἰωσὴφ
3367 1713 3453 1772 εἰς
3496 1713 3772 1778 συνάφειαν

534 1813 677 1869 virili
709 1829 875 1884 opera
907 1816 1324 1887 interventuque
1347 1819 1666 1888 perfectum.
1708 1818 1819 1874 Hoc
1849 1822 1992 1874 enirn
2025 1821 2100 1875 di-

2204 1805 2306 1872 (ὡς
2330 1805 2450 1856 οὐδὲ
2476 1804 2756 1872 ἐπεδέχετο
2778 1803 2864 1856 διὰ
2885 1805 2944 1856 τὸ
2973 1820 3041 1873 γη
3053 1804 3271 1873 ραλέον)
3306 1844 3321 1863 ,
3352 1805 3514 1873 ὅμως
3548 1804 3773 1873 προλαμ-

534 1908 610 1961 ‹·ἱι
634 1925 646 1961 :
664 1907 963 1976 Antequam
981 1910 1129 1964 lieret
1145 1910 1310 1975 istud,
1329 1913 1472 1982 quod
1491 1912 1734 1966 futurum
1757 1913 2103 1982 exspectaba-

535 2008 646 2064 tur,
691 2001 908 2055 tametsi
959 2017 1236 2070 nunquam
1288 2003 1576 2058 exstiterit.
1634 2003 1700 2058 Ut
1728 2005 1868 2058 enim
1902 2005 2091 2061 demus

535 2089 668 2144 illud
697 2109 709 2143 :
741 2088 1032 2160 Josephum
1060 2094 1359 2147 maritalem
1384 2110 1504 2148 cum
1537 2094 1748 2164 Virgine
1779 2096 2084 2164 copulatio-

536 2197 656 2236 nem
670 2197 918 2250 sperasse
931 2181 982 2254 (q
993 2182 1094 2236 uod
1113 2184 1328 2253 quidem
1348 2200 1445 2255 pro
1459 2185 1648 2239 all'ecta
1661 2187 1770 2255 jam
1790 2187 2102 2260 illiusmtate

537 2275 656 2330 ﬁeri
703 2275 924 2352 minime
965 2277 1223 2347 poterat),
1280 2287 1460 2331 tamen
1511 2277 1791 2347 Scriptura
1824 2279 1938 2349 ipsa
1967 2295 2101 2348 pra:-

537 2368 748 2423 munire
769 2383 887 2429 nos,
922 2377 976 2422 et
1006 2368 1318 2434 admonere,
1360 2384 1424 2422 ac
1454 2369 1726 2423 cautiores
1769 2369 1976 2424 ellice‘re
2016 2385 2103 2424 vo-

536 2461 655 2514 luit.
705 2459 985 2530 Siquidem
1015 2461 1095 2515 vel
1125 2461 1226 2514 hoc
1261 2462 1461 2528 ipsum,
1495 2461 1638 2530 quod
1672 2469 1801 2514 tunc
1839 2462 2101 2532 temporis

536 2554 816 2623 agebatur,
842 2551 1079 2619 divinus,
1109 2553 1356 2621 inquam,
1391 2553 1479 2607 ille
1511 2562 1700 2624 partus
1732 2554 1943 2608 abunde
1976 2570 2099 2624 per-

535 2644 767 2698 suadere
828 2651 1046 2712 potest,
1110 2642 1514 2696 sanctissimam
1576 2640 1849 2713 Virginem
1900 2646 2101 2701 nullius

536 2745 724 2805 postea
766 2736 866 2789 viri
901 2735 1351 2789 consuetudinem
1382 2734 1673 2790 admisisse
1707 2754 1718 2789 :
1756 2738 2105 2806 quemadmo-

527 2822 661 2876 dum
695 2822 918 2892 angelus
960 2818 1195 2888 losepho
1241 2820 1308 2873 de
1354 2819 1521 2882 illius,
1553 2837 1717 2890 quam
1751 2825 1934 2876 animo
1963 2838 2098 2877 con-

2204 1896 2413 1965 δάνειή
2465 1897 2675 1967 Γραφὴ,
2711 1897 2802 1947 καὶ
2842 1898 2976 1964 ἡμῖν
3019 1896 3358 1955 ὑποτίθεται,
3398 1899 3502 1949 καὶ
3549 1896 3646 1966 τὴν
3671 1896 3768 1948 διὰ·

2201 2002 2350 2038 νοιαν
2379 1985 2828 2052 ἐπασφαλίζεται,
2857 1985 3093 2054 δυνατῆς
3123 1984 3287 2056 οὔσης
3318 1986 3420 2054 τῆς
3454 1987 3767 2047 ὑποθέσεως,

2201 2077 2343 2130 κατὰ
2377 2078 2469 2130 τὸν
2512 2077 2654 2130 θεῖον
2683 2077 2860 2138 τόκον,
2898 2081 3082 2129 πεῖσαι
3123 2079 3318 2147 μηκέτι
3351 2080 3603 2146 ἐγγίζειν
3636 2080 3767 2149 ἀνδρὶ

2203 2169 2339 2239 πρὸς
2368 2169 2660 2237 συνάφειαν
2693 2172 2758 2240 τῇ
2792 2169 3053 2241 Παρθένῳ
3075 2185 3086 2197 ·
3131 2171 3206 2232 ὡς
3235 2171 3327 2223 καὶ
3366 2173 3395 2223 ὁ
3436 2173 3666 2240 ἄγγελος
3692 2175 3768 2225 τὸν

2214 2261 2408 2331 Ἰωσὴφ
2445 2259 2625 2313 ἔπεισε
2665 2262 2738 2331 μὴ
2773 2255 2909 2312 εἶναι
2948 2263 3047 2331 τὴν
3079 2261 3353 2320 ὑπόνοιαν.
3407 2265 3593 2336 ἥνπερ
3623 2264 3766 2328 αὐτὸς

2201 2352 2467 2422 ἐνόμιζεν.
2501 2353 2723 2422 Ὅμοιον
2743 2354 2851 2424 γὰρ
2875 2353 2953 2424 τῷ
2975 2355 3354 2427 προρρηθέντι,
3389 2358 3550 2426 Πρὶν
3575 2359 3614 2425 ἢ
3634 2374 3764 2411 συν-

2200 2445 2399 2499 ελθεῖν
2424 2446 2665 2511 αὐτοὺς,
2693 2445 2768 2508 ὡς
2791 2447 3256 2518 προσδοκωμένου,
3287 2449 3348 2501 ού
3373 2450 3673 2520 γενομένω
3695 2449 3757 2509 δὲ.

2199 2539 2280 2602 τὸ,
2314 2539 2548 2603 Δίκαιος
2576 2537 2662 2590 ὢν
2691 2537 2875 2604 ἐζήτει
2891 2538 2976 2608 μὴ
2999 2538 3538 2608 παραδειγματίσαι
3566 2539 3759 2605 αὐτὴν,

2200 2631 2360 2685 ἀλλὰ
2388 2630 2578 2698 λάθρα
2603 2629 2906 2684 ἀπολῦσαι
2937 2628 3150 2696 αὐτὴν,
3178 2630 3254 2693 ὡς
3278 2629 3490 2697 φαύλου
3527 2631 3621 2701 μὲν
3646 2646 3763 2696 γινο-

2205 2723 2366 2794 μένου
2393 2723 2500 2776 ἀπὸ
2525 2721 2617 2775 τοῦ
2644 2722 3139 2793 παραδειγματίσαι
3167 2723 3357 2793 αὐτὴν,
3391 2723 3457 2774 ού
3492 2722 3758 2792 γενομένω

2199 2815 2256 2868 δέ
2283 2833 2296 2845 ·
2322 2814 2397 2876 ὡς
2424 2817 2452 2867 ὁ
2475 2813 2704 2883 ἄγγελος
2735 2814 2977 2868 διδάσκει
3010 2813 3183 2882 λέγων
3207 2831 3221 2844 ·
3247 2813 3342 2881 Μὴ
3365 2812 3638 2883 φοϐηθῇς
3663 2829 3758 2865 πα-

534 2923 770 2985 ceperat,
794 2914 1065 2985 opinionis
1101 2911 1333 2967 falsitate
1382 2915 1672 2982 persuasit.
1700 2912 1831 2967 Nam
1858 2917 2100 2984 superio-

2204 2905 2481 2973 paJa6eir
2523 2908 2754 2974 Μαριὰμ
2791 2905 2905 2972 τὴν
2941 2903 3190 2975 γυναῖκὰ
3225 2919 3367 2967 σου,
3405 2905 3510 2976 τὴν
3556 2905 3757 2974 μηδέπω

547 3010 702 3064 ribus
761 3009 912 3063 hisee
970 3009 1190 3073 verbis,
1242 3017 1520 3076 antequam
1558 3009 1918 3074 convenirent,
1977 3008 2099 3078 qui-

533 3103 635 3156 bus
684 3116 772 3154 res
819 3101 874 3153 in
918 3099 1326 3169 exspectatione
1360 3096 1558 3165 posita,
1616 3112 1724 3150 non
1773 3104 1948 3165 gesta,
1999 3097 2096 3152 de-

2200 2997 2516 3068 γενομένην,
2535 2999 2627 3050 καὶ
2653 3000 2708 3050 ἐν
2725 2997 2949 3068 ὑπονοίᾳ
2963 2997 3274 3067 σφάλματος
3296 2998 3450 3070 παρὰ
3475 2998 3557 3050 σοί
3575 2998 3756 3059 ἐστινδ,

2203 3089 2315 3144 ἀλλ’
2349 3088 2469 3142 οὐδὲ
2494 3087 2666 3152 οὕτως
2698 3087 2830 3159 ούσῃ
2852 3131 2868 3153 ,
2902 3087 2978 3152 ὡς
3034 3088 3167 3155 οἴει,
3198 3089 3293 3142 καὶ
3329 3088 3396 3142 τὰ
3429 3089 3576 3157 ἑξῆς.
3604 3088 3755 3149 Εὐθὺς

533 3195 796 3254 claratur,
827 3191 1163 3246 simillimum
1195 3201 1278 3244 est
1311 3187 1457 3260 quod
1481 3188 1730 3258 sequitur
1757 3207 1770 3244 :
1805 3187 1940 3243 Cum
1963 3199 2096 3243 esset

2204 3184 2308 3253 γὰρ
2354 3180 2659 3244 ἀκολούθως
2699 3181 2881 3249 λέγει’
2933 3181 3002 3234 Τὸ
3047 3181 3155 3251 γὰρ
3184 3183 3477 3251 γεννηθὲν
3503 3183 3573 3236 ἐν·
3597 3180 3752 3248 αὐτῇ.

533 3284 726 3347 iustus,
752 3281 918 3336 noluit
943 3281 1089 3335 illam
1111 3282 1404 3344 traducere,
1435 3279 1523 3334 sed
1553 3280 1750 3334 occulte
1796 3279 2094 3335 dimittere:

534 3371 689 3440 quasi
735 3371 916 3425 malus
943 3371 1055 3440 jam
1084 3371 1153 3425 ob
1191 3370 1588 3424 traductionem
1611 3371 1754 3424 illam
1781 3378 1947 3433 esset,
1972 3387 2096 3425 cum

533 3479 642 3516 non
667 3460 829 3515 luerit
857 3467 1058 3516 tamen.
1111 3458 1347 3516 Perinde
1385 3468 1548 3531 atque
1587 3461 1813 3529 angelus
1840 3459 1998 3515 docet
2029 3460 2097 3516 iis

533 3552 710 3606 verbis
755 3567 769 3604 :
830 3549 958 3604 Noli
1014 3554 1192 3606 timere
1249 3553 1483 3620 accipere
1545 3549 1778 3605 Mariam
1826 3552 2095 3623 conjugem

532 3655 699 3702 tuam.
727 3660 847 3713 quae
879 3644 1120 3697 nondum
1163 3644 1362 3712 conqu
1398 3651 1546 3699 esset
1573 3660 1586 3710 ;
1621 3659 1781 3713 quam
1809 3653 1863 3697 tu
1892 3643 2102 3699 violatze

533 3733 810 3802 pudicitiae
851 3742 1162 3802 suspectam
1200 3733 1386 3798 habes.
1425 3735 1551 3789 licet
1590 3736 1715 3790 talis
1754 3737 1973 3790 minime
2005 3738 2094 3802 sit,

531 3825 746 3892 qualem
791 3824 1096 3887 arbitraris,
1143 3833 1247 3879 etc.
1324 3824 1458 3879 Nam
1516 3825 1745 3881 subinde
1800 3829 1853 3882 in
1909 3843 2099 3883 conse-

2199 3274 2273 3336 ὡς
2320 3273 2421 3346 ἤδη
2456 3273 2868 3343 γεγεννημένου.
2935 3272 3102 3325 Πάλιν
3136 3272 3191 3324 δὲ
3237 3272 3320 3333 τὸ,
3355 3273 3594 3338 Τέξεται
3619 3274 3748 3334 vtt‘r,

2199 3367 2273 3430 ὡς
2300 3367 2391 3419 ἐπὶ
2417 3364 2712 3436 μέλλοντος.
2744 3364 2926 3427 Οὕτως
2949 3363 3054 3435 γὰρ
3075 3359 3140 3434 ἦν
3157 3382 3171 3396 ο
3205 3364 3289 3419 διὰ
3311 3365 3366 3418 δὲ
3405 3367 3470 3419 τὸ
3502 3363 3751 3418 πεπιστῶ-

2201 3460 2394 3531 σθαι,ἡ
2415 3456 2864 3530 προαναφώνησις
2881 3473 2894 3486 ·
2913 3457 2987 3520 ὼς
3003 3459 3096 3511 καὶ
3114 3458 3198 3520 τὸ,
3214 3459 3408 3528 Πρὶνῆ
3430 3456 3746 3514 συνελθεῖν·

2198 3552 2544 3623 ἀρκούμενοι,
2599 3552 2681 3605 ὅτι
2725 3551 2831 3604 οὐδ’
2885 3550 3021 3615 ὅλως
3077 3551 3386 3622 γεγένηται.
3439 3554 3586 3618 Ἕως
3629 3550 3747 3603 ὅτου

2198 3645 2365 3698 ἔτεκε
2389 3643 2495 3698 τὸν
2529 3643 2663 3697 υἱὸν
2681 3643 2870 3713 αὐτῆς
2886 3643 2996 3697 τὸν
3032 3644 3425 3713 πρωτότοκον,
3456 3649 3566 3710 τοῖς
3589 3646 3744 3705 amr;

2197 3738 2343 3789 ἐστιν
2369 3735 2798 3807 ἑρμηνευόμενον
2837 3735 2925 3790 διὰ
2966 3737 3026 3789 τὸ
3058 3736 3370 3806 θαυμαστὸν
3395 3739 3498 3808 τῆς
3527 3737 3644 3808 περὶ
3665 3737 3744 3804 τὴν

2198 3827 2470 3900 Παρθένον
2504 3827 2753 3897 γνώσεως
2797 3829 2931 3898 πρὸς
2959 3829 3092 3882 Θεὸν
3124 3831 3516 3901 τετιμημένης.

531 3917 822 3986 quentibus
853 3916 1048 3970 addit:
1087 3916 1238 3983 Quod
1265 3919 1401 3972 enim
1458 3929 1640 3973 natum
1687 3929 1763 3974 est
1818 3923 1871 3974 in
1928 3923 2076 3989 ipsa,
2134 3923 2288 3993 quasi
2343 3922 2456 3990 jam
2503 3931 2646 3976 esset
2691 3930 2897 3975 natum.
2951 3921 3086 3976 lllud
3131 3939 3297 3988 vero,
3347 3923 3532 3976 Pariet
3575 3921 3738 3990 ﬁlium.

531 4006 602 4062 ad
645 4005 886 4061 futurum
917 4015 1130 4077 tempus
1165 4009 1417 4064 refertur.
1469 4010 1543 4064 Ita
1576 4011 1719 4066 enim
1767 4028 1825 4068 se
1881 4028 1966 4067 res
2006 4013 2284 4079 habebat;
2339 4011 2436 4067 sed
2487 4012 2556 4066 ad
2603 4010 2759 4065 ﬁdem
2803 4013 3182 4067 stabiliendam
3225 4014 3376 4082 prius
3424 4015 3517 4068 illa
3562 4012 3740 4066 denuo»

533 4098 686 4153 tiatio
737 4097 878 4153 facta
926 4108 1052 4155 est:
1116 4100 1420 4171 cujusmodi
1473 4112 1527 4157 et
1583 4104 1674 4158 illa
1730 4105 1890 4158 verba
1944 4115 2116 4160 sunt:
2179 4105 2505 4173 Priusquam
2543 4104 2894 4156 convenirent.
2953 4103 3049 4158 Ubi
3099 4105 3344 4159 sullicere
3383 4107 3541 4160 nobis
3583 4105 3734 4160 debet.

533 4205 808 4258 nunquam
836 4190 982 4246 istud
1017 4193 1239 4248 omnino
1267 4209 1387 4250 esse
1437 4195 1679 4249 factum:
1739 4196 1908 4250 Donec
1950 4197 2147 4266 peperit
2215 4192 2390 4259 ﬁlium
2430 4210 2583 4248 suum
2634 4195 3035 4262 primogenitum
3077 4209 3094 4247 :

3144 4196 3285 4263 quod
3337 4191 3582 4250 eumdem
3638 4206 3737 4246 sen-

531 4295 653 4334 sum
701 4281 883 4347 habet,
933 4292 988 4339 et
1034 4284 1101 4338 ad
1135 4285 1508 4342 admirabilem
1559 4288 1625 4342 de
1669 4286 1890 4359 Virgine
1948 4289 2314 4360 cognitionem
2369 4288 2619 4351 refertur,
2680 4290 2766 4341 cui
2835 4303 3081 4342 summus
3137 4288 3307 4343 honor
3343 4305 3374 4342 a
3419 4287 3528 4343 Deo
3564 4287 3734 4340 tribue-

531 4382 702 4428 ι·ειιιι·.

600 4466 740 4521 XXI.
794 4466 995 4523 Verum
1033 4486 1098 4524 ne
1128 4471 1252 4539 quis
1285 4486 1348 4526 ex
1386 4487 1451 4526 eo
1480 4473 1629 4542 quod
1675 4473 1938 4544 scriptum
1986 4481 2091 4540 est,

2268 4471 2395 4522 KA'.
2449 4470 2540 4539 Μὴ
2588 4469 2780 4540 νομίσῃ
2811 4469 2865 4521 δέ
2894 4487 2978 4532 τις
3014 4473 3079 4523 ἐκ
3113 4473 3205 4525 τοῦ
3251 4473 3459 4541 λέγειν,
3501 4461 3611 4540 Πρὸ
3648 4467 3730 4522 τοῦ

533 4560 823 4626 Antequam
854 4562 1205 4627 convenirent,
1241 4564 1562 4617 convenisse
1588 4565 1928 4633 postmodum
1962 4565 2098 4618 arbi-

533 4658 727 4717 tretur,
746 4651 878 4704 nihil
893 4651 1160 4720 ejusmodi
1177 4653 1551 4708 demonstrare
1569 4656 1647 4708 vel
1663 4653 1940 4710 declarare
1955 4656 2099 4725 quis-

533 4745 676 4811 piam
705 4751 912 4811 potest;
935 4743 1028 4796 sed
1055 4743 1264 4797 utlabis
1295 4745 1476 4798 omnis
1491 4746 2096 4813 expertem,etmaculae

535 4833 835 4890 Salvatoris
857 4835 1030 4891 nostri
1050 4843 1264 4905 partum
1290 4835 1600 4892 ostenderet
1625 4836 1926 4907 Scriptura,
1962 4838 2096 4893 illud

533 4927 787 4982 asseruit.
849 4926 1209 4994 Quamobrem
1257 4929 1374 4986 ista:
1428 4944 1631 4994 voces,
1669 4927 1794 4983 Non
1853 4932 2090 5001 cognovit

533 5034 672 5082 eam,
730 5017 796 5071 ad
852 5019 1000 5073 illius
1052 5019 1279 5089 gloriam
1341 5027 1610 5091 spectant.
1661 5018 2095 5092 Primogenitum

534 5126 667 5165 vero
720 5111 986 5176 nominat,
1041 5127 1106 5165 eo
1146 5112 1290 5180 quod
1342 5123 1465 5167 ante
1511 5121 1726 5169 creatas
1775 5128 1861 5168 res
1905 5128 2096 5168 omnes

534 5200 749 5270 genitus
790 5209 894 5264 est,
925 5206 980 5254 et
1010 5209 1064 5254 ut
1092 5199 1169 5253 ait
1200 5201 1490 5271 Apostolus
1540 5218 1553 5254 :
1610 5180 1999 5272 Primogenitus
2041 5203 2095 5254 in

536 5291 714 5344 multis
753 5289 1009 5360 fratribus
1042 5292 1062 5323 ³
1095 5312 1108 5346 :
1141 5307 1249 5347 non
1290 5301 1534 5364 respectu
1584 5293 1650 5348 ad
1674 5291 1868 5348 'Maria:
1897 5293 2095 5349 liberos

535 5383 737 5448 habito,
766 5385 923 5454 quasi
953 5385 1091 5441 alios
1116 5386 1202 5439 illa
1229 5387 1527 5457 pepererit;
1555 5385 1650 5440 sed
1669 5385 1738 5440 ad
1766 5401 1860 5441 eos
1880 5399 2092 5444 omnes.

532 5473 626 5540 qui
686 5475 1029 5544 adoptionem
1062 5478 1208 5532 illius
1249 5476 1454 5547 1053
1491 5476 1753 5532 beneﬁcio
1802 5476 2091 5532 consecuti

531 5573 663 5620 Iunt
691 5605 706 5629 ,
747 5584 870 5622 cum
908 5569 1088 5626 Mariae
1131 5571 1273 5626 (ilius
1322 5571 1619 5626 secundum
1655 5584 1872 5625 carnem
1904 5585 2093 5625 revera

2203 4562 2521 4616 συνελθεῖν
2555 4562 2794 4627 αὐτοὺς,
2833 4563 2915 4614 ὅτι
2963 4563 3253 4632 μετέπειτα
3303 4567 3573 4638 συνῆλθον.
3619 4562 3728 4616 Οὔτε

2202 4654 2310 4723 γὰρ
2337 4652 2445 4722 ἔχει
2475 4670 2558 4716 τις
2586 4654 2824 4724 δεῖξαι,ἢ
2861 4658 3133 4726 σημᾶναι·
3165 4656 3277 4710 ἀλλ’
3300 4659 3385 4712 ἵνα
3409 4659 3550 4731 δείξῃ
3565 4658 3728 4726 ἄκραν·

2201 4762 2291 4798 τον
2331 4744 2427 4815 τὴν
2471 4744 2664 4815 κύησιν
2722 4745 2813 4798 τοῦ
2848 4747 3117 4818 Σωτῆρος.
3158 4748 3314 4801 τοῦτο
3344 4753 3377 4820 ἡ
3415 4750 3592 4821 Γραφὴ
3627 4744 3726 4797 t6:-

2203 4834 2491 4889 δαιὼσατο.
2548 4835 2620 4888 Τὸ
2644 4831 2758 4898 οὖν,
2780 4839 2901 4890 Οὐκ
2931 4840 3082 4908 ἔγνω
3113 4839 3322 4907 αὐτὴν,
3347 4841 3435 4894 διὰ
3462 4841 3552 4911 τὴν
3579 4836 3721 4900 δόξαν·

2201 4927 2262 4979 τὸ
2297 4927 2354 4980 δὲ
2395 4929 2756 4998 πρωτότοκον,
2802 4930 2988 5003 ἐπειδὴ
3023 4933 3362 5005 πρωτότοκός
3389 4937 3520 4997 ἐστι,
3567 4926 3722 5001 πρὶνῆ

2196 5017 2294 5082 τὰς
2321 5017 2523 5082 κτίσεις
2552 5014 2708 5085 εἶναι,
2729 5019 2821 5073 καὶ
2849 5024 3217 5089 πρωτότοκος
3237 5025 3307 5077 ἐν
3326 5023 3566 5088 πολλοῖς
3580 5019 3719 5075 ἀδελ-

2194 5109 2348 5179 φοῖς,
2401 5111 2545 5164 κατὰ
2576 5111 2666 5165 τὸν
2706 5113 3043 5178 Ἀπόστολον,
3078 5116 3139 5168 ού
3171 5117 3311 5171 κατὰ
3341 5119 3430 5170 τὸν
3452 5120 3470 5150 ⁵
3500 5115 3595 5169 ἀπὸ
3622 5110 3718 5164 Ma.

2201 5201 2342 5269 ρίας,
2386 5203 2461 5267 ὼς
2507 5203 2680 5258 ἄλλων
2717 5205 2847 5259 υἱῶν
2882 5207 2976 5260 ἀπ’
3019 5209 3186 5278 αὐτῆς
3210 5210 3399 5275 ὄντων,
3424 5209 3528 5264 ἀλλ’
3565 5201 3716 5259 ἐντοῖς

2199 5292 2578 5357 καταξιωθεῖσι
2607 5294 2790 5348 λαϐεῖν
2817 5296 2884 5349 δι’
2905 5297 3064 5349 αὑτοῦ
3096 5297 3193 5368 τὴν
3223 5298 3506 5362 υἱοθεσίαν,
3531 5297 3605 5348 ᾶιε
3627 5287 3713 5344 υἱὸς

2197 5386 2367 5457 αὐτῆς
2399 5387 2618 5456 γέγονεν
2655 5387 2870 5459 ἀληθῶς
2909 5391 3048 5443 κατὰ
3080 5392 3276 5462 σάρκα,
3312 5392 3398 5444 ἵνα
3431 5393 3499 5462 μὴ
3539 5385 3712 5450 δόκησις

2197 5476 2554 5549 ὑποληφθείη.
2601 5477 2760 5532 Ἀλλὰ
2800 5480 2893 5532 καὶ¹
2933 5481 3297 5552 πρωτότοκος,
3336 5483 3427 5536 καὶ
3453 5481 3552 5541 υἱὸς
3578 5468 3709 5536 αὐτῆς

2198 5569 2294 5639 τῆς
2320 5568 2618 5642 Παρθένου.
2643 5572 2704 5624 ού
2725 5572 2812 5626 διὰ
2833 5575 2890 5627 τὺ
2912 5575 3079 5647 αὐτὴν
3103 5575 3293 5638 ἄλλους
3319 5576 3482 5640 υἱοὺς,
3504 5571 3568 5633 ὡς
3585 5565 3706 5631 ἔφηνε

578 5674 813 5767 iloan.
841 5698 952 5751 xix,
985 5685 1074 5743 3|.
1147 5689 1165 5718 ³
1192 5684 1376 5740 Matth.
1412 5701 1448 5746 ι,
1477 5685 1541 5741 l8
1571 5701 1690 5757 sqq.
1753 5688 1772 5719 ³
1811 5683 1968 5740 llum.
2011 5702 2100 5740 VIII

2209 5688 2256 5740 υ.
2334 5688 2353 5717 ⁸
2378 5685 2435 5741 F.
2487 5683 2673 5754 οὖσαν,
2715 5699 2773 5745 ιιι
2812 5699 2865 5747 et
2900 5700 3085 5762 postea
3119 5709 3216 5763 pro
3245 5693 3396 5767 οὔσῃ,
3470 5693 3489 5726 ⁵
3519 5686 3570 5744 F.
3599 5678 3705 5737 κατά

535 5759 660 5804 των.
