3790 6212
65 303 166 360 753

669 303 1038 362 ADVERSUS
1074 304 1419 362 ΗΕΒΕὸΕὸ
1447 305 1576 362 LIB.
1611 306 1697 364 Ill.
1727 307 1894 366 TOM.
1934 308 2090 366 II.—
2129 309 2407 366 HERES.
2449 309 2734 368 LXXVIII.

3208 309 3318 368 734

67 426 228 494 ἐχειν,
289 421 506 493 Ὅμοιον
537 421 646 496 γάρ
681 425 796 479 ἐστι
824 426 979 480 τοῦτο
1027 426 1106 498 τῷ
1153 427 1354 500 πρώτῳ
1388 431 1494 502 πρὸ
1534 431 1635 502 τῆς

1773 434 1844 488 uit
1869 472 1887 500 ,
1924 449 1993 489 ne
2024 433 2363 489 adumbrata“
2402 433 2578 489 solum
2621 431 2832 502 species
2866 443 2991 487 esse
3015 427 3317 486 videretur.

66 515 337 584 ὲνδημίας.
366 515 426 568 '0
451 514 559 587 γὰρ
585 517 937 589 Πρωτότοκος
960 518 1037 572 ὢν
1057 519 1271 590 ἀληθῶς
1293 519 1505 593 Πατρὺς
1527 519 1639 574 ἀνω

65 608 167 679 πρὸ
195 605 375 677 πάσης
405 606 656 671 κτίσεως,
698 609 798 661 οὐκ
831 611 939 664 ἀπὸ
968 611 1062 664 τοῦ
1095 613 1289 676 ἀλλους
1325 615 1442 684 μετ’
1478 613 1639 668 αὐτὸν

65 701 126 751 ἐκ
154 698 368 770 ΙΙατρὺς
398 699 757 771 γεγεννῆσθαι
797 700 1016 771 λέγεται
1045 705 1417 775 πρωτότοκος·
1445 707 1506 759 υύ
1531 706 1641 778 γάρ

69 793 209 846 ἐστιν
235 791 383 863 αύτῷ
411 792 636 862 ἀδελφὸς
665 794 937 868 δεύτερος,
972 797 1106 851 διότι
1140 800 1456 870 μονογενής.
1485 798 1642 852 Οὕτω

66 885 155 938 καὶ
180 884 276 937 ἐπὶ
303 884 400 954 τῆς
423 885 689 957 ἐνσάρκου
720 888 1023 959 παρουσίας
1050 890 1138 943 ἀεὶ
1166 891 1261 944 καὶ⁵
1290 891 1637 962 πρωτότοκός

68 977 179 1029 ὲστι
206 976 426 1046 Μαρίας
448 992 464 1008 ο
502 976 640 1030 ἀλλά
663 980 955 1052 μονογενὴς
985 984 1051 1053 τῇ
1078 983 1268 1055 Μαρίᾳ
1298 983 1530 1053 πέφυκε,
1569 983 1642 1055 μὴ

69 1066 201 1136 ἔχων
226 1065 478 1138 δεύτερον
503 1066 728 1137 ἀδελφὸν
757 1069 851 1124 ἀπ’
874 1071 1062 1143 αὐτῆς.
1100 1073 1210 1125 Καὶ
1249 1074 1565 1128 παύσωνται
1593 1075 1643 1127 oi

69 1157 183 1210 καθ’
201 1157 412 1210 ἑαυτῶν
447 1159 893 1232 μεμηχανημένοι
917 1161 987 1215 τὰ
1015 1161 1254 1235 βλαϐερὰ
1277 1164 1477 1236 μᾶλλον
1498 1165 1602 1237 ἥπε
1611 1183 1642 1236 ρ

69 1252 132 1304 τὰ
155 1249 292 1322 πρὸς
312 1250 606 1320 ὠφέλειανο
640 1253 714 1325 μὴ
749 1255 1072 1326 παρακαλῶ.
1126 1257 1184 1308 Ὀ
1216 1257 1390 1327 τιμῶν
1417 1257 1642 1330 Κύριον,

69 1345 195 1415 τιμᾷ
217 1345 313 1398 καὶ
333 1343 487 1413 ἅγιον
507 1362 520 1375 °
556 1347 585 1398 ὀ
603 1347 659 1398 δὲ
678 1346 961 1417 ἀτιμάζων
980 1347 1133 1416 ἅγιον
1153 1348 1410 1419 ἀτιμάζει
1431 1351 1525 1402 καὶ
1553 1349 1646 1402 τὸν

73 1436 254 1490 ἑαυτοῦ
308 1437 602 1509 Δεσπότην.
640 1439 820 1492 Ἔστω
858 1439 1044 1510 Μαρία
1084 1441 1212 1510 παρ’
1252 1442 1417 1512 ἑαυτῇ
1451 1443 1482 1512 ἠ
1518 1441 1647 1510 ἁγία

72 1528 360 1600 Παρθένος,
390 1529 449 1581 τὸ
477 1528 629 1598 ἅγιον
659 1529 870 1595 σκεῦος.
913 1531 1097 1584 Ταῦτα
1122 1532 1230 1602 γὰρ
1256 1533 1324 1586 τὰ
1356 1534 1492 1603 πρὸς
1517 1533 1646 1604 βλά-

75 1621 166 1690 ϐην
193 1621 343 1690 ἡμᾶς
367 1622 485 1675 οὐκ
514 1622 714 1692 ὠφελεῖ
734 1641 746 1652 ·
796 1625 944 1694 ἡμᾶς
973 1623 1029 1676 δὲ
1060 1624 1142 1677 δεῖ
1172 1625 1495 1697 σεμνότερον
1526 1625 1646 1678 δια-

75 1711 323 1776 νοεῖσθαι,
356 1712 449 1766 ἴνα
481 1711 556 1784 μὴ
575 1714 899 1790 ὑψαυχενίαν
927 1717 1330 1788 κτησώμεθα,ἢ
1355 1716 1644 1787 διχόνοιαν,

76 1807 106 1877 ἢ
136 1806 560 1878 περιττολογίαν.
597 1808 736 1879 Περὶ
757 1809 957 1873 παντὸς
973 1810 1082 1882 γάρ
1111 1809 1280 1881 ἀργοῦ
1311 1810 1468 1878 λόγου
1491 1810 1646 1878 λόγον

76 1895 327 1967 δώσομεν,
362 1896 584 1950 κατὰτὸ
612 1899 1016 1970 γεγραμμένον.
1080 1900 1337 1965 Ἑαυτοὺς
1375 1903 1646 1973 μεριμνή-

82 2006 250 2058 σωμεν
274 2004 287 2016 ·
321 1989 390 2042 τὰ
418 1991 624 2045 ἑαυτῶν
650 1991 1073 2064 ἐπισκεψώμεθα
1090 2010 1103 2023 ο
1137 1993 1210 2065 μὴ
1236 1993 1304 2046 τὰ
1335 1993 1542 2047 ἑαυτῶν
1569 1997 1648 2059 είς

80 2082 193 2143 τοὺς
217 2081 408 2148 ἁγίους
443 2082 686 2155 ῥίψωμεν
707 2101 722 2115 ο
777 2085 852 2158 μὴ
891 2087 984 2154 ἀφ’
1011 2086 1218 2140 ἑαυτῶν
1251 2087 1320 2145 τὰ
1347 2086 1453 2140 τῶν
1477 2087 1645 2156 ἁγίων

81 2173 505 2245 διασκεψώμεθα.

1739 523 1916 594 Igitur
1945 524 2348 596 primogenitus
2377 540 2443 580 ac
2472 522 2718 595 Virginis
2750 524 2925 593 ipsius
2963 522 3110 578 ﬁlius
3145 524 3323 594 appel-

1741 615 1906 679 latur,
1947 632 2056 671 non
2087 616 2235 686 quod
2281 616 2442 682 alios,
2485 615 2568 670 uti
2613 615 2747 680 dixi,
2791 613 2995 669 liberos
3022 615 3318 684 pepererit.

1745 704 1960 762 Etenim
1995 715 2081 762 est
2115 707 2374 778 quiddam
2416 708 2471 762 in
2499 721 2567 760 eo
2597 719 2794 777 genere
2839 705 2889 760 ei
2932 704 3131 771 simile,
3173 704 3322 775 quod

1743 798 2178 854 incarnationem
2239 800 2554 854 antecessit.
2612 795 2748 851 Nam
2795 804 2858 850 ut
2915 795 3323 866 Primogenitus

1744 905 1938 944 revera
1985 887 2168 944 Patris
2193 897 2320 944 ante
2345 896 2656 944 creaturam
2691 900 2907 943 omnem
2939 885 3223 940 exstitisse
3248 885 3328 940 di-

1744 983 1934 1044 citur;
1981 996 2158 1052 neque
2203 989 2385 1035 tamen
2424 980 2570 1046 ideo,
2609 979 2754 1048 quod
2795 978 2887 1032 alii
2929 986 3052 1048 post
3079 977 3325 1046 ipsuma

1744 1071 1908 1129 Patre
1936 1073 2103 1145 geniti
2139 1072 2270 1135 sint,
2311 1071 2711 1142 primogenitus
2740 1079 3006 1123 vocatur:
3035 1083 3144 1122 non
3179 1066 3324 1122 enim

1745 1160 1971 1216 fratrem
2005 1161 2236 1214 alterum
2265 1158 2476 1223 habuit,
2515 1158 2718 1228 quippe
2747 1157 2839 1226 qui
2873 1157 2944 1211 sit
2973 1155 3318 1227 unigenitus.

1745 1253 1823 1308 Ita
1855 1261 1910 1308 et
1938 1259 2198 1321 suscepto
2239 1265 2471 1320 corpore
2508 1249 2691 1303 Maria:
2724 1248 3123 1320 primogenitus
3147 1247 3328 1318 appel-

1745 1347 1912 1412 latur,
1953 1345 2172 1400 tametsi
2219 1344 2379 1398 unica
2427 1343 2547 1412 ejus
2589 1342 2771 1413 proles
2805 1340 3102 1402 exstiterit,
3145 1355 3324 1410 neque

1747 1439 2025 1494 secundus
2066 1453 2131 1492 ex
2159 1452 2222 1492 ea
2258 1436 2331 1491 sit
2367 1435 2446 1489 illi
2485 1434 2656 1489 frater
2695 1435 2749 1488 in
2790 1434 2966 1488 lucem
3013 1432 3214 1488 editus.
3251 1431 3328 1486 Si-

1748 1531 1895 1585 leant
1935 1531 2119 1600 itaque
2160 1530 2409 1584 homines
2434 1529 2545 1592 isti,
2577 1528 2671 1598 qui
2703 1543 2765 1582 ea
2797 1527 2900 1581 sibi
2934 1525 3164 1596 lingunt,
3205 1541 3330 1596 qua:

1749 1624 2040 1695 perniciem
2080 1623 2274 1694 magis,
2316 1636 2484 1692 quam
2528 1622 2818 1675 utilitatem
2867 1619 3001 1690 ipsis
3050 1617 3327 1682 afferunt;

1751 1717 1845 1772 sed
1873 1717 1964 1772 ille
2003 1731 2190 1786 quaeso
2218 1715 2454 1771 facessat
2478 1730 2655 1769 error.
2685 1711 3013 1782 Quicunque
3039 1709 3328 1763 Dominum

1679 1781 1719 1836 Β
1749 1811 2000 1872 honorat,
2047 1809 2280 1865 honorat
2309 1816 2364 1862 et
2391 1814 2680 1870 sanctum;
2721 1804 2814 1874 qui
2870 1801 3166 1874 ignominia
3197 1815 3328 1855 san-

1745 1916 1894 1959 ctum
1937 1901 2124 1966 afﬁcit,
2166 1899 2414 1956 eamdem
2458 1907 2511 1953 et
2553 1896 2786 1951 Domino
2831 1911 2933 1949 suo
2976 1891 3330 1965 ignominiam

1748 1996 1995 2066 imponit.
2048 1993 2132 2048 Sit
2177 1993 2232 2047 in
2274 1997 2397 2048 sese
2446 1990 2616 2044 Maria
2651 1988 2998 2043 sanctissima
3033 1986 3123 2039 illa
3150 1986 3324 2054 virgo,

1744 2101 1953 2156 vasque
2009 2081 2145 2137 illud
2193 2091 2630 2138 sacrosanctum.
2681 2077 2965 2148 Ejusmodi
3011 2091 3140 2130 vero
3162 2073 3328 2144 pesti-

1743 2178 1858 2235 fera
1908 2185 2072 2248 atque
2117 2175 2357 2231 exitialia
2436 2174 2688 2243 dogmata
2743 2171 2952 2224 nullum
3004 2168 3162 2222 nobis
3212 2166 3321 2220 fru-

83 2276 214 2320 ctum
241 2267 517 2323 aderunt:
556 2279 766 2338 nosque
809 2269 948 2325 adeo
1001 2271 1451 2327 honoriﬁcentius
1501 2271 1568 2327 de
1614 2270 1707 2324 illa
1744 2271 1948 2325 sentire
2009 2283 2103 2340 par
2153 2273 2258 2330 est,
2314 2279 2384 2318 ne
2450 2264 2504 2316 in
2571 2261 2737 2316 animi
2798 2259 3182 2324 insolentiam,
3238 2264 3333 2313 aut

85 2362 422 2426 discordiam,
469 2371 563 2417 aut
613 2380 1076 2435 supervacaneam
1152 2368 1532 2438 loquacitatem
1591 2367 1922 2424 incidamus.
2004 2363 2215 2434 Quippe
2273 2361 2340 2416 de
2367 2360 2521 2414 omni
2576 2359 2757 2413 otioso
2799 2357 2967 2412 verbo
3020 2355 3330 2419 rationem,

88 2465 138 2510 ut
178 2455 438 2527 scriptum
478 2469 591 2526 est,
628 2461 894 2517 reddituri
932 2480 1121 2520 sumus
1157 2467 1199 2520 ².
1239 2465 1382 2536 Ergo
1417 2481 1517 2521 nos
1562 2465 1711 2536 ipsos
1767 2478 2023 2518 curemus
2050 2503 2064 2526 ,
2143 2475 2324 2514 rerum
2391 2465 2703 2513 nostrarum
2777 2463 3086 2526 sataganms
3122 2494 3136 2517 ,
3199 2467 3336 2508 neve

87 2568 192 2620 qua:
225 2554 397 2608 nostri
418 2555 638 2625 propria
668 2568 817 2623 sunt,
839 2561 892 2613 in
917 2572 1137 2616 sanctos
1158 2562 1520 2631 proleraums.
1563 2569 1657 2616 aut
1676 2577 1740 2622 ex
1764 2561 1922 2615 nobis
1945 2559 2079 2628 ipsis
2099 2573 2219 2627 qua:
2239 2556 2304 2610 ad
2357 2555 2482 2609 illos
2527 2553 2820 2623 pertinent,
2869 2551 3045 2605 metiri
3081 2550 3333 2606 velimus.

149 2644 264 2698 KB’.
297 2645 524 2711 Πάντως
547 2647 654 2720 γάρ
679 2648 986 2722 βιαζόμενοί
1007 2669 1174 2716 τινες,
1216 2655 1306 2708 καὶ
1327 2655 1418 2708 ἐπὶ
1471 2655 1532 2707 τὸ
1561 2654 1652 2707 λα-

91 2737 274 2804 γνιαίτε
281 2755 374 2809 ρον
388 2756 418 2791 τ
423 2739 829 2811 ρεπόμενοι,καὶ
845 2746 900 2798 ἐν
914 2745 1094 2810 αὐτοῖς
1107 2745 1316 2816 ἔχοντες
1330 2746 1657 2818 φθοριμαίαν

94 2828 345 2892 ὑπόνοιαν,
370 2826 648 2897 βούλονται
678 2833 920 2898 καὶτοὺς
949 2835 1138 2904 ἁγίους
1163 2837 1424 2907 χραίνειν,
1459 2841 1537 2900 εἰς
1563 2837 1654 2889 εύ-

94 2919 228 2987 λογον
266 2921 565 2992 ἀπολογίαν
626 2923 727 2995 τῆς
774 2925 980 2979 ἑαυτῶν
1029 2929 1204 2999 κακῆς
1258 2928 1354 2982 καὶ
1384 2910 1655 2993 ’ἀσθενοῦς

97 3012 363 3077 ὑπονοίας·
417 3017 552 3088 πρὸς
598 3015 692 3080 οὒς
739 3019 766 3070 ὁ
806 3018 1125 3085 Ἀπόστολός
1176 3039 1358 3092 φησιν’
1395 3023 1648 3082 Ἦθελον

1834 2651 1999 2706 XXII.
2033 2650 2244 2720 Quippe
2281 2649 2530 2703 nontmlli
2560 2657 2710 2712 sunt,
2739 2647 2833 2717 qui
2865 2662 2989 2701 cum
3044 2645 3110 2699 ad
3147 2645 3333 2700 luxum

1764 2759 1829 2800 ac
1853 2743 2080 2798 delicias
2111 2740 2266 2797 επιιεί
2310 2741 2442 2802 sint,
2469 2747 2524 2795 et
2553 2739 2914 2810 perniciosam
2946 2744 3178 2790 mentem
3211 2750 3335 2788 con-

1760 2835 2026 2905 ceperint,
2067 2833 2194 2902 jure
2233 2847 2301 2885 au
2334 2830 2533 2900 injuria
2579 2836 2798 2883 sanctos
2847 2826 3037 2882 iisdem
3071 2825 3334 2881 fmditatis

1762 2926 1992 2982 maculis
2056 2939 2348 2994 aspergere
2407 2929 2724 2975 conantur:
2780 2934 2893 2990 quo
2942 2934 3109 2988 pravo
3139 2926 3193 2974 et
3240 2917 3336 2972 im-

1757 3020 1952 3076 becillo
1983 3018 2166 3073 animo
2195 3032 2295 3072 suo
2334 3016 2623 3070 honestum
2653 3013 2886 3083 aliquem
2927 3012 3166 3068 colorem
3218 3025 3338 3080 spe-

93 3103 192 3176 μὲν
225 3105 455 3174 πάντας
491 3104 644 3161 εἶναι
690 3109 771 3176 ὡς
817 3110 1095 3180 ἐμαυτόν.
1149 3113 1221 3166 Τὸ
1252 3114 1332 3179 δὲ,
1370 3114 1650 3184 ἐμαυτὸν,

1773 3112 2008 3182 :iemque
2053 3110 2409 3178 conquirant.
2461 3106 2666 3162 Contra
2719 3120 2859 3176 quos
2913 3103 3211 3174 Apostolus
3259 3101 3334 3156 ita

100 3200 197 3264 cui);
223 3199 326 3272 ἄρα
354 3200 504 3271 λέγει
533 3203 650 3256 ἀλλ’
684 3203 718 3275 ἢ
747 3204 836 3259 διὰ
880 3205 940 3259 τὸ
986 3207 1234 3274 ἁγνεύειν
1260 3223 1274 3272 ;
1307 3207 1410 3261 Διά
1439 3207 1506 3260 δὲ
1544 3210 1652 3275 τὰς

101 3292 354 3358 πορνείας
397 3293 655 3361 ἕκαστος
704 3295 820 3364 τὴν
861 3297 1078 3351 ἑαυτοῦ
1140 3297 1394 3368 γυναῖκα
1449 3297 1650 3368 ἐχέτω.

113 3397 425 3470 Ὑπεξῃρέθη
459 3399 516 3453 δὲ
545 3402 579 3471 ἡ
622 3401 936 3472 ἀντωνυμία
968 3418 984 3434 ο
1017 3402 1348 3472 ἐλεγκτικῶς
1377 3405 1485 3476 γὰρ
1542 3399 1656 3474 εἶχε

105 3505 183 3559 καὶ
203 3504 703 3576 ὲπιστρεφέστερον.
737 3501 862 3576 Εἶχε
888 3505 997 3577 γάρ
1025 3509 1218 3572 εἰπεῖν,
1249 3507 1336 3561 διὰ
1365 3507 1466 3572 τὰς
1520 3526 1656 3580 πορ-

105 3613 230 3675 νείας
253 3612 426 3682 ὑμῶν.
461 3613 554 3676 Τὸ,
584 3610 771 3682 ὑμῶν,
795 3613 974 3667 τοίνυν
1005 3614 1295 3685 περιεῖλεν,
1317 3615 1406 3669 ἵνα
1434 3615 1508 3686 μὴ
1531 3612 1658 3687 δόξῃ

109 3718 174 3780 είς
206 3716 351 3785 ὕϐριν
383 3717 544 3771 τινῶν
574 3717 732 3771 τοῦτο
760 3717 1060 3790 εἰρηκέναι,
1111 3718 1340 3791 Ἐρρέθη
1366 3720 1421 3774 δὲ
1449 3722 1528 3785 εἰς
1554 3738 1656 3774 κα-

108 3821 326 3892 τάκρισίν
344 3840 509 3877 τινων
529 3822 638 3877 τῶν
663 3827 736 3895 μὴ
759 3824 1020 3878 θελόντων
1040 3823 1158 3894 Θεῷ
1187 3824 1485 3894 σχολάζειν,
1520 3825 1658 3895 μετὰ

108 3921 158 3974 τὸ
185 3923 314 3977 κατά
342 3924 434 3976 τὸν
467 3923 628 3993 νόμον
659 3922 806 3993 βιοῦν
825 3965 840 3988 ,
895 3925 988 3977 καὶ
1021 3923 1258 3993 εὐλόγως
1281 3923 1575 3992 ἐπιγνῶναι
1598 3923 1660 3977 τὸ

111 4027 250 4081 αὖτοῦ
275 4029 463 4092 σκεῦος
491 4031 570 4092 είς
603 4029 942 4082 παιδοποιίαν
961 4046 974 4059 ο
1015 4030 1092 4093 ὼς
1119 4031 1208 4084 καὶ
1236 4031 1286 4083 οἱ
1311 4031 1528 4083 ’παλαιοὶ⁵
1553 4047 1657 4084 πα-

112 4123 242 4190 τέρες
277 4123 432 4192 ἡμῶν
467 4122 642 4193 τούτῳ
671 4121 749 4192 τῷ
789 4122 918 4174 είδει
965 4123 1294 4193 κέχρηνται·
1334 4121 1408 4186 ὼς
1434 4123 1525 4174 καί
1555 4139 1656 4186 που

115 4214 397 4286 εὑρήκαμεν
438 4213 700 4282 λέγουσαν
750 4213 848 4285 τὴν
889 4214 1142 4285 Γραφήν·
1199 4214 1471 4268 Ῥεϐέκκα
1503 4214 1558 4267 δὲ
1590 4214 1658 4277 ἐξ

116 4305 228 4371 ἐνὸς
248 4307 456 4374 κοίτην
482 4309 731 4375 ἔχουσα.
763 4307 835 4359 Τὸ
863 4306 940 4373 δὲ,
969 4307 1035 4371 ἐξ
1064 4305 1221 4372 ἐνὸς,
1250 4305 1439 4368 εἰπὼν,
1469 4305 1660 4376 σεμνό-

116 4411 244 4464 τερον
286 4399 379 4468 μὲν
406 4397 421 4427 ¹
469 4397 790 4469 διηγήσατο,
844 4396 1010 4463 ἔδειξε
1053 4397 1108 4451 δὲ
1149 4399 1247 4469 τὴν
1279 4397 1536 4468 σύλληψιν
1581 4398 1658 4451 δια

1758 3205 2040 3275 loquitur:
2086 3202 2250 3257 Velim
2283 3217 2460 3257 omnes
2495 3201 2595 3253 mei
2634 3198 2834 3254 similes
2865 3214 2976 3252 esse
2999 3198 3040 3251 ³.
3090 3195 3194 3250 Ubi
3240 3196 3337 3250 illa

1757 3298 1944 3358 verba,
1977 3297 2076 3352 mei
2104 3295 2305 3350 similes
2331 3311 2465 3356 esse,
2499 3292 2568 3346 de
2609 3308 2717 3362 quo
2752 3291 2860 3346 alio
2887 3306 3048 3362 quam
3083 3290 3150 3344 de
3177 3287 3340 3343 casti-

1761 3390 1950 3443 monia
1985 3388 2335 3458 interpretari
2371 3386 2713 3457 possumus?
2761 3383 2952 3438 Verum
2981 3393 3194 3453 propter
3222 3383 3337 3452 [or-

1757 3481 2046 3536 nicationes
2090 3481 2444 3551 unusquisque
2490 3495 2706 3534 uxorem
2745 3493 2898 3532 suam
2953 3475 3183 3530 habeat:
3239 3475 3338 3531 sed

1757 3575 1811 3628 in
1845 3574 2014 3645 priori
2040 3581 2190 3644 parte
2208 3587 2506 3642 pronomen
2531 3570 2795 3634 detraxit,
2829 3568 2973 3640 quod
2996 3567 3337 3623 acerbiorem

1761 3666 1964 3738 alioqui
2035 3666 2515 3738 reprehensionem
2551 3671 2604 3719 et
2637 3661 3051 3732 castigationem
3091 3659 3333 3714 haberet.

1760 3760 1894 3816 Nam
1923 3777 2047 3816 cum
2085 3761 2269 3815 dicere
2311 3766 2515 3830 posset,
2557 3765 2781 3828 propter
2829 3755 3214 3809 fornicationes
3241 3768 3337 3807 ve-

1759 3862 1922 3914 stras,
1947 3867 2134 3907 vocem
2180 3851 2351 3918 illam,
2395 3859 2620 3914 vestras,
2677 3847 2931 3902 consulto
2968 3843 3336 3916 praetermisit,

1763 3959 1834 3999 ne
1859 3943 1964 3996 hoc
1993 3943 2058 3996 ad
2096 3943 2402 4012 aliquorum
2460 3940 2848 3996 contumeliam
2880 3939 3084 4008 jecisse
3134 3937 3341 3992 videre.

1756 4041 1867 4094 tur.
1917 4033 2021 4089 Sed
2060 4032 2128 4086 ad
2170 4033 2462 4087 nonnullos
2498 4030 2943 4086 condemnandos
2993 4037 3078 4083 est
3103 4028 3334 4091 dictum,

1759 4126 1852 4194 qui
1911 4141 2102 4180 vacare
2144 4123 2254 4178 Deo
2299 4124 2536 4177 nolunt:
2570 4122 2646 4174 ita
2689 4129 2749 4173 ut
2787 4121 3005 4176 interim
3057 4119 3224 4173 vitam
3269 4133 3338 4172 cx

1760 4217 1893 4287 legis
1933 4216 2251 4286 praescripto
2298 4221 2632 4282 comparent,
2685 4219 2738 4264 et
2791 4210 3020 4265 honeste
3061 4222 3190 4263 vase
3236 4223 3336 4263 suo

1765 4309 1831 4362 ad
1885 4309 2089 4377 prolem
2127 4305 2531 4376 suscipiendam
2584 4309 2829 4366 utantur,
2880 4299 3335 4371 quemadmodum

1761 4407 1946 4468 patres
2005 4405 2226 4452 nostros
2280 4411 2412 4451 usos
2465 4395 2594 4449 olim
2642 4410 2765 4449 esse
2813 4393 3150 4448 didicimus:
3190 4391 3335 4462 quod

119 4488 251 4541 καίαν
278 4480 458 4542 οὖσαν.
495 4490 649 4543 Μετά
677 4490 786 4562 γάρ
809 4490 869 4542 τὸ
892 4489 1180 4561 ἐσχηκέναι
1209 4489 1394 4552 τέκνα,
1421 4489 1654 4542 δείκνυσι

1773 4490 1962 4544 alicubi
2020 4487 2232 4560 1054
2285 4487 2567 4558 Scriptura
2619 4489 2861 4541 declarat
2901 4503 2916 4540 :
2955 4483 3202 4548 Rebecca,
3239 4485 3334 4538 in-

122 4579 285 4649 μηκέτι
309 4584 373 4651 τῇ
406 4581 625 4646 γυναικὶ
673 4581 833 4635 αὐτὸν
859 4581 1213 4650 συναφθέντα.
1277 4580 1412 4634 Ἀλλ’
1437 4581 1652 4650 ἐπειδή-

121 4683 206 4738 περ
234 4671 403 4741 ῥᾴδιον
445 4671 540 4724 καὶ
567 4671 788 4744 εὐχερές
827 4674 973 4725 ἐστιν
1013 4673 1102 4724 ἐπὶ
1139 4673 1207 4725 τὰ
1253 4672 1428 4742 φαῦλα
1458 4671 1655 4744 μᾶλλον

122 4762 380 4828 τρέπεσθαι
409 4763 505 4835 τὴν
534 4765 772 4818 διάνοιαν
811 4765 953 4836 ἥπερ
997 4766 1088 4818 ἐπὶ
1116 4765 1184 4818 τὰ
1213 4766 1504 4836 ἀναγκαῖα,
1544 4766 1655 4820 όλι-

127 4851 293 4924 σθηροῦ
319 4857 468 4920 δντος
494 4856 585 4910 τοῦ
607 4857 876 4928 ἡμετέρου
893 4857 1231 4929 ἀνθρωπίνου
1260 4859 1543 4929 λογισμοῦ,
1564 4860 1658 4912 καὶ

125 4948 171 4999 ού
190 4951 356 5020 τάχιον
375 4951 684 5015 εὐθύνοντος
712 4950 874 5005 αὐτοῦ
896 4951 994 5022 τὴν
1019 4951 1196 5024 Ιδρμὴν
1221 4953 1312 5006 ἐπὶ
1332 4954 1429 5025 τὴν
1447 4951 1658 5007 εὐθεῖαν

129 5039 220 5093 ὁδὸν
241 5043 325 5096 τοῦ
351 5043 574 5116 Κυρίου,
605 5043 741 5096 ἀλλὰ
767 5043 1036 5107 κλίνοντος
1055 5045 1128 5115 πὴ
1157 5045 1253 5116 μὲν
1277 5047 1367 5099 ἐπὶ
1396 5045 1464 5098 τὰ
1487 5045 1653 5112 δεξιὰ,

212 5133 259 5202 δὲ
295 5137 380 5189 ἐπὶ
419 5137 487 5189 τὰ
521 5135 801 5207 ἀριστερὰ,
834 5137 942 5190 καὶ·
973 5136 1183 5210 βαρέως
1224 5137 1556 5210 πληροῦντος
1594 5139 1654 5192 τὸ

134 5226 254 5296 παρὰ
286 5228 357 5301 τῷ
387 5228 688 5299 Σολομῶντι
723 5230 1035 5300 εἰρημένον·
1091 5230 1188 5296 Μὴ
1214 5231 1430 5300 κλίνης
1455 5231 1552 5284 ἐπὶ
1587 5229 1658 5284 τὰ

133 5315 286 5386 δεξιὰ,
317 5321 467 5391 μηδὲ
513 5321 609 5374 ἐπὶ
661 5320 731 5374 τὰ
763 5321 1045 5389 ἀριστερά
1066 5338 1079 5351 ⁸
1116 5320 1276 5375 πάλιν
1315 5322 1491 5386 ἄλλως
1524 5323 1658 5394 ἡμῖν

137 5412 461 5482 στρεφομένης
480 5411 578 5481 τῆς
603 5411 800 5473 κακίας
829 5411 955 5482 περὶ
980 5411 1103 5474 τοὺς
1127 5413 1323 5474 αὐτοὺς
1345 5411 1659 5483 λογισμοὺς,

137 5498 452 5572 καὶὼθούσης
479 5501 636 5573 ἡμῶν
663 5501 724 5553 τὸ
755 5501 968 5571 σῶφρον
995 5503 1080 5570 ἐφ’
1106 5502 1298 5573 ἑτέρας
1327 5503 1488 5556 πάλιν
1513 5503 1663 5568 ὁδοὺς

94 5670 106 5680 .
140 5587 334 5670 βαᾷίζειν
352 5611 363 5623 ·
387 5594 808 5666 ἀσφαλισῶμεθα
826 5592 917 5648 οὖν
939 5597 1013 5666 μή
1040 5613 1156 5660 πως
1177 5596 1236 5649 τὸ
1261 5597 1664 5667 περισσοτέρως

111 5790 126 5797 -
195 5746 312 5818 ’rp.
342 5754 434 5825 μή.
510 5757 529 5788 ³
555 5753 741 5810 Matth.
775 5769 875 5820 xu,
913 5752 998 5810 56.
1078 5753 1096 5784 ³
1129 5751 1296 5809 lCor.
1331 5767 1425 5820 vn,
1459 5751 1512 5808 7.

1761 4584 1919 4654 quit,
1967 4599 2032 4636 ea;
2093 4599 2196 4636 uno
2242 4581 2550 4650 concipiens.
2599 4579 2683 4634 Ea:
2759 4595 2882 4642 uno,
2934 4578 3102 4644 dixit;
3157 4585 3212 4632 et
3280 4587 3341 4631 ut

1764 4676 2030 4737 honestati
2063 4675 2393 4740 consuleret,
2433 4673 2578 4728 aliud
2627 4672 2761 4726 nihil
2792 4669 3043 4736 addidit,
3094 4667 3191 4724 sed
3239 4684 3339 4740 ge-

1765 4768 2102 4826 nerationem
2134 4767 2280 4821 illam
2304 4766 2509 4836 justam
2535 4782 2599 4820 ac
2637 4765 2934 4834 legitimam
2964 4763 3133 4817 fuisse
3171 4761 3340 4832 signi-

1766 4860 1967 4915 ﬁcavit.
2009 4859 2186 4926 Quare
2225 4870 2348 4929 post
2393 4866 2679 4928 susceptos
2729 4857 2929 4911 liberos
2973 4854 3177 4908 nullam
3220 4868 3336 4905 am-

1766 4954 1910 5024 plius
1939 4953 1986 5006 ei
2020 4968 2143 5008 cum
2172 4951 2262 5005 illa
2288 4949 2739 5006 consuetudinem
2775 4947 2944 5003 fuisse
2973 4946 3333 5002 demonstrat.

1765 5051 1830 5104 Et
1859 5047 2117 5117 quoniam
2151 5043 2311 5098 facile
2343 5059 2408 5098 ac
2435 5043 2678 5114 proclive
2706 5041 2863 5096 nobis
2893 5049 2974 5094 est
3001 5044 3236 5094 mentem
3269 5036 3337 5091 ad

1761 5139 2033 5194 deteriora
2089 5136 2272 5207 potius
2332 5151 2492 5206 quam
2551 5134 2619 5188 ad
2665 5131 2976 5188 necessaria
3014 5128 3300 5183 deﬂectere
3317 5152 3336 5202 ς

1761 5243 1997 5298 cumque
2045 5225 2290 5280 lubricus
2342 5226 2413 5280 sit
2447 5224 2684 5278 hominis
2735 5221 2968 5282 aninms,
3010 5234 3109 5275 nec
3147 5217 3213 5271 ad
3250 5235 3336 5273 re-

1761 5330 1904 5376 ctam
1940 5317 2154 5374 Domini
2190 5318 2333 5371 viam
2389 5316 2647 5387 impetum
2679 5314 2858 5370 statim
2902 5326 3059 5368 suum
3106 5314 3376 5390 conten-3.

1767 5415 2081 5481 tionemquc
2124 5410 2342 5480 dirigat,
2382 5406 2477 5462 sed
2533 5407 2599 5461 ad
2685 5406 2933 5460 dextram
2987 5401 3336 5458 sinistramve

1771 5505 2026 5569 declinet,
2086 5511 2442 5574 atqueaegre
2496 5498 2784 5553 admodum
2841 5499 2965 5551 huic
3027 5493 3336 5550 Salomonis

1773 5606 2039 5671 praecepto
2078 5602 2260 5666 pareat
2294 5613 2306 5650 :
2345 5589 2428 5648 Ne
2448 5590 2674 5649 declines
2700 5589 2768 5644 ad
2791 5589 3083 5654 dexteram,
3116 5602 3207 5641 nec
3267 5585 3334 5640 ad
