3790 6212
447 255 557 312 755

1875 252 1932 308 S.
1969 247 2309 305 EPIPIIANII
3609 247 3687 309 735

448 372 739 427 sinistrum
761 372 779 405 ⁸
814 392 828 428 :
861 389 986 428 cum
1021 373 1256 443 denique
1289 373 1437 427 circa
1484 371 1704 426 easdem
1752 369 2042 440 cogitatio-

2165 363 2495 434 ιγκωμιάσαι
2518 363 2616 434 τὴν
2633 362 2907 434 Παρθένον
2925 360 3151 432 γένηταί
3175 378 3278 414 τινι
3308 362 3388 424 εἰς
3410 360 3541 416 ἄλλο
3563 364 3693 432 $.93:-

452 476 553 517 nes
583 476 717 518 sese
762 473 1016 534 torqueat
1056 481 1119 519 ac
1169 472 1347 520 verset
1377 464 1722 534 improbitas,
1751 469 1806 515 et
1846 462 1910 516 ad
1941 461 2044 513 alia

2154 473 2345 527 κομμα
2371 455 2689 525 φαντασίας.

453 558 662 613 itinerzt
741 560 1076 628 capessenda
1147 558 1576 613 moderationem
1631 565 1875 611 nostram
1925 551 2192 623 impellat,
2255 549 2563 602 cavendum
2623 548 2754 602 illud
2806 549 2964 603 nobis
3018 557 3138 612 est,
3206 563 3276 604 ne
3323 547 3581 603 eﬂusiora
3629 550 3697 608 ib

451 650 624 709 beata?
671 650 911 724 Virginis
970 654 1241 724 praeconia
1298 654 1524 708 alterius
1563 653 1770 708 erroris
1807 661 1861 707 et
1889 649 2210 707 olfensionis
2241 646 2526 700 materiam
2567 644 2730 698 alicui
2773 644 3007 699 fortasse
3040 646 3340 714 przebeant.

522 739 720 799 XXIII.
767 743 977 799 Etenim
1018 746 1111 815 qui
1159 746 1213 800 in
1258 743 1455 799 Filium
1499 744 1879 800 contumeliosi
1916 759 2039 798 esse

454 835 786 900 voluerunt,
838 843 898 890 ut
955 845 1114 890 antea
1170 837 1500 890 declaratum
1554 844 1674 902 est,
1733 835 2041 889 abalienare

459 927 647 998 ipsum
695 943 729 981 a
768 927 949 984 Patris
1001 927 1289 983 divinitate
1327 930 1677 985 studuerunt.
1706 929 1814 982 Alii
1843 944 1873 983 e
1911 942 2043 982 con-

463 1018 641 1074 trario
674 1019 944 1075 diversam
978 1021 1033 1074 in
1063 1029 1269 1091 partem
1301 1023 1585 1087 abeuntes,
1618 1037 1726 1092 quo
1751 1021 2044 1076 vehemen-

461 1109 574 1166 tius
627 1111 777 1165 illum
831 1112 1183 1177 honorarent,
1219 1113 1467 1168 eumdem
1519 1129 1643 1168 esse
1697 1111 1938 1179 Patrem,
1989 1119 2044 1167 et

457 1199 694 1266 Filitum,
735 1213 788 1259 et
843 1204 1105 1274 Spiritum
1152 1215 1402 1260 sanctum
1459 1220 1707 1260 asserere
1741 1206 1862 1260 ausi
1893 1213 2041 1259 sunt.

467 1291 776 1364 Utrobique
805 1311 936 1350 vero
965 1295 1289 1351 insanabilis
1319 1302 1402 1351 est
1451 1311 1515 1350 ac
1549 1294 1827 1350 mortifera
1867 1296 2041 1366 plaga.

461 1384 545 1440 ita
586 1387 732 1456 quod
792 1387 858 1441 ad
909 1396 1157 1441 sanctam
1199 1403 1263 1441 ac
1311 1388 1523 1441 beatam
1576 1387 1722 1440 illam
1770 1386 2045 1457 Virginem

464 1478 721 1548 pertinet,
775 1479 997 1548 quidam
1050 1480 1505 1535 contumeliosius
1554 1478 1608 1533 in
1658 1479 1804 1534 illam
1845 1480 2044 1536 invecti

466 1578 621 1635 sunt,
648 1577 729 1635 ut,
762 1579 884 1640 post
922 1587 1191 1626 summum
1224 1572 1357 1626 illud
1387 1581 1440 1626 et
1470 1574 1738 1642 integrum
1794 1573 2047 1627 incarna-

467 1661 636 1720 tionis
699 1661 910 1716 Domini
958 1663 1301 1734 mysterium,
1358 1663 1604 1734 corporis
1645 1679 1766 1718 eam
1819 1652 2049 1719 commi-

2165 1661 2464 1733 nixovoplav
2493 1657 2586 1711 τοῦ
2621 1655 2847 1726 Κυρίου,
2887 1654 2986 1723 τῆς
3027 1652 3290 1722 ἐνσάρκου
3335 1648 3509 1702 αὑτοῦ
3543 1667 3708 1720 παραι-

469 1754 650 1809 stione
679 1754 940 1824 pollutam
975 1755 1262 1828 dicerent:
1305 1755 1358 1810 id
1406 1757 1547 1827 quod
1584 1772 1800 1812 omnem
1845 1757 2050 1828 impro~

468 1843 703 1899 bitatem
744 1844 1186 1915 impietatemque
1221 1855 1465 1916 superat.
1505 1845 1772 1901 Caeterum
1805 1847 1880 1900 uti
1912 1862 2051 1901 non-

469 1936 655 1991 nullos
690 1943 901 1990 tantum
933 1954 992 1993 se
1019 1938 1075 1992 in
1111 1937 1290 1993 scelus
1324 1939 1666 1995 commisisse
1705 1938 1999 1995 didicimus
2031 1978 2048 2004 ,

473 2029 555 2084 sic
587 2042 696 2082 non
728 2029 845 2083 sine
868 2027 1072 2107 ingenti
1096 2028 1462 2085 admiratione
1490 2029 1638 2086 aliud
1671 2029 1930 2100 quiddam
1960 2045 2051 2085 ac-

473 2119 718 2189 cepimus
751 2138 764 2174 :
800 2119 1097 2175 nonnullos
1147 2119 1400 2177 videlicet
1434 2122 1491 2177 in
1538 2122 1629 2188 iis,
1663 2137 1785 2193 quae
1813 2121 1881 2176 ad
1923 2137 2053 2178 san-

474 2210 778 2265 ctissimam
837 2208 1118 2281 Virginem
1173 2221 1460 2284 spectant,
1514 2229 1580 2269 eo
1630 2215 1882 2270 amentia:
1930 2215 2054 2285 pro-'-

476 2317 718 2372 gressos,
749 2310 807 2355 ut
840 2318 938 2372 pro
972 2302 1083 2358 Deo
1120 2305 1280 2360 nobis
1315 2305 1463 2359 illam
1501 2307 1798 2362 obtrudere
1827 2308 2048 2373 vellent,

478 2407 544 2447 ac
579 2392 644 2447 de
673 2407 738 2447 ea
773 2393 919 2448 velut
957 2401 1137 2449 mente
1173 2395 1316 2465 capti
1360 2402 1414 2450 et
1444 2394 1641 2450 furiosi
1671 2395 2050 2466 loquerentur.

475 2485 686 2542 Ferunt
729 2487 873 2540 enim
913 2487 1264 2544 mulierculas
1293 2487 1558 2558 quasdam
1604 2487 1659 2541 in
1693 2487 1913 2551 Arabia,
1946 2502 2055 2557 quo

477 2593 510 2634 e
568 2577 799 2633 Thracia
847 2578 1103 2648 profectae
1168 2586 1356 2644 erant,
1417 2594 1619 2633 novum
1673 2579 1806 2634 illud
1860 2580 2055 2651 dogma

477 2678 816 2725 commentas
852 2669 1022 2725 fuisse
1053 2689 1067 2725 :
1106 2669 1242 2725 adeo
1280 2678 1338 2724 ut
1375 2671 1431 2724 in
1466 2669 1705 2740 Virginis
1749 2686 1948 2727 nomen
2003 2678 2057 2727 et

481 2765 741 2820 honorem
771 2762 1083 2834 collyridem
1128 2763 1244 2818 sive
1298 2773 1492 2816 tortam
1546 2763 1703 2832 panis
1741 2763 2059 2818 sacriﬁcan-

481 2861 564 2908 tes
597 2853 830 2908 oﬂ‘erant
862 2861 914 2907 et
944 2859 1249 2919 conventus
1280 2852 1550 2906 habeant:
1586 2853 1638 2905 in
1670 2855 2054 2918 sanctissimae,

481 2945 736 3014 inquam,
776 2941 1018 3014 Virginis
1069 2940 1279 3012 1055
1322 2956 1522 2996 nomen
1567 2939 1789 2995 modum
1838 2957 2057 2998 omnem

2215 736 2336 792 KI".
2369 739 2430 790 Οἱ
2458 737 2556 808 μὲν
2573 737 2680 808 γὰρ
2703 738 2781 800 είς
2811 737 2900 790 τὸν
2921 737 3045 790 Υίὸν
3074 736 3544 808 βλασφημοῦντες,
3564 739 3700 792 καθᾶ-

2142 849 2248 903 περ
2293 848 2382 902 μοι
2446 831 2557 884 άνω
2625 828 3052 900 προδεδήλωται,
3114 828 3273 899 φύσει
3335 830 3700 900 ἀπαλλοτριοῦν

2143 923 2305 976 αὐτὸν
2332 922 2432 990 τῆς
2464 921 2678 992 Πατρὸς
2708 920 2960 989 θεότητος
2988 920 3476 991 ἐφιλοτιμήσαντοο
3509 921 3642 973 ἄλλοι
3662 923 3700 974 ίέ

2144 1013 2327 1077 πάλιν,
2358 1012 2559 1084 ἑτέρως
2586 1014 2968 1098 φρονήσαντες,
2989 1011 3065 1074 ὼς
3091 1010 3249 1083 δῆθεν
3273 1011 3513 1081 τιμῆσαι
3543 1029 3699 1082 περιε-

2147 1103 2382 1175 σοτέρως
2415 1103 2800 1174 προαχθέντες,
2837 1103 2927 1155 τὸν
2960 1103 3120 1157 αὑτὸν
3154 1099 3290 1156 εἶναι
3314 1102 3542 1173 Πατέρα
3563 1099 3702 1165 sitm,

2142 1197 2236 1248 καὶ
2267 1194 2356 1247 τὸν
2383 1194 2546 1247 αὐτὸν
2580 1193 2728 1255 Υίὸν,
2767 1194 2860 1246 καὶ
2888 1193 2948 1246 τὸ
2992 1194 3123 1246 αὐτὸ
3164 1194 3320 1261 ἆγιον
3356 1193 3609 1261 Πνεῦμαο

2141 1291 2198 1344 δὲ
2220 1291 2330 1352 τοῖς
2361 1289 2589 1359 μέρεσιν
2617 1287 2955 1359 ἀμφοτέροις
3001 1285 3212 1348 ἀνίατος
3252 1288 3285 1355 ἡ
3323 1285 3537 1354 πληγή.
3586 1285 3706 1337 Οἱτω

2144 1386 2271 1455 περὶ
2288 1383 2388 1451 τῆς
2424 1384 2582 1451 ἁγίας
2600 1381 2804 1450 ταύτης
2835 1381 2926 1432 καὶ
2951 1377 3303 1448 μακαρίτιδος
3328 1375 3706 1445 ’Λειπαρθένο-λ,

2150 1483 2197 1533 ot
2231 1481 2326 1550 μὲν
2363 1477 2642 1548 ἐξυϐρίσαι
2692 1471 3112 1542 τετολμήκασιν,
3142 1467 3216 1530 ὡς
3255 1467 3616 1535 συναφθεῖςαν
3644 1471 3710 1519 ιι-

2151 1572 2250 1644 τὴν
2275 1572 2437 1643 σαρκὶ
2469 1569 2604 1641 μετὰ
2631 1566 2728 1636 τὴν
2767 1564 3031 1635 μεγίστην
3061 1562 3276 1632 ἐκείνην
3319 1561 3419 1613 καὶ
3468 1562 3707 1631 ἀκραιςνῆ

2155 1757 2273 1818 σίας
2297 1770 2308 1783 ’
2358 1753 2453 1806 καὶ
2495 1751 2608 1804 ἔστι
2643 1749 2799 1802 τοῦτο
2837 1747 3016 1816 πάσης
3048 1743 3349 1815 μοχθηρίας
3384 1740 3712 1796 δυσσεεέπ-

2150 1867 2261 1904 τον.
2308 1848 2396 1912 Ὠς
2429 1847 2486 1899 δὲ
2517 1843 2672 1898 τοῦτό
2701 1857 2881 1911 φαμεν
2926 1836 3252 1908 ἐνηχηθῆναί
3295 1851 3455 1896 τινας
3492 1833 3628 1886 οὕτω
3653 1853 3712 1886 τεο

2151 1940 2481 2013 τολμηκέναι
2525 1939 2738 2008 ρᾴστως
2782 1930 3057 1984 ἐπιδοῦναι
3089 1927 3313 1989 ἑαυτοὺς
3350 1928 3424 1996 τῇ
3467 1927 3708 1996 agiagi;-

2152 2033 2293 2088 οὕτω
2339 2033 2433 2087 καὶ
2460 2031 2520 2083 τὸ
2549 2030 2734 2099 ἕτερον
2762 2023 3185 2095 τεθαυμάκαμεν
3220 2021 3382 2074 πάλιν
3422 2019 3710 2088 amatr/215;.

2156 2123 2383 2184 Ἀλλους
2412 2120 2522 2190 γὰρ
2542 2117 2701 2172 πάλιν
2726 2113 3091 2185 ἀφραίνοντας
3120 2113 3198 2174 είς
3221 2113 3322 2181 τὴν
3352 2113 3500 2182 ὑπὲρ
3527 2112 3621 2180 τῆς
3645 2112 3713 2162 αὒ-

2151 2221 2251 2289 τῆς
2285 2214 2447 2280 ἁγίας
2483 2209 2874 2282 Ἀειπαρθένου
2906 2207 3184 2270 ὑπόθεσιν,
3212 2207 3332 2260 ἀντὶ
3363 2203 3504 2258 Θεοῦ
3541 2205 3710 2272 ταύτην

2154 2308 2510 2381 παρεισάγειν
2535 2301 2954 2366 ἐσπουδακότας,
2982 2300 3075 2353 καὶ
3105 2297 3533 2362 σπουδάζοντας,
3561 2299 3643 2349 καὶ
3670 2299 3712 2347 ἐν

2153 2401 2515 2475 ὲμϐροντήσει
2542 2398 2648 2451 τινὶ
2690 2395 2784 2449 καὶ
2835 2390 3223 2466 φρενοϐλαϐείᾳ
3255 2391 3611 2462 φερομένους,
3651 2393 3710 2440 Δι-
3772 2397 3773 2456 Ῑ

2153 2491 2408 2567 ηγοῦνται
2419 2491 2491 2561 γά
2499 2509 2546 2562 ρ,
2555 2489 2627 2553 ὥς
2638 2505 2780 2551 τινες
2790 2489 3040 2557 γυναῖκες
3056 2486 3230 2538 ἐκεῖσε
3243 2486 3300 2536 ἐν
3310 2486 3378 2554 τῇ
3398 2481 3622 2555 Ἀραϐία
3633 2481 3716 2534 ἀπὸ
3772 2503 3773 2567 ἐ

2153 2586 2261 2641 τῶν
2287 2603 2351 2657 με
2360 2585 2465 2656 ρῶν
2485 2585 2584 2654 τῆς
2602 2583 2822 2655 Θρᾴκης
2838 2580 2992 2633 τοῦτό
3012 2595 3075 2647 γε
3097 2577 3155 2630 τὸ
3173 2576 3455 2646 κενοφώνη
3465 2593 3540 2644 μα
3562 2574 3718 2643 ἐνηνο-

2155 2696 2334 2753 χασιν,
2366 2678 2442 2740 ὡς
2469 2678 2547 2741 εἰς
2572 2675 2740 2745 ὄνομα
2766 2673 2868 2743 τῆς
2893 2669 3274 2742 Ἀειπαρθένου
3308 2668 3600 2739 κολλυρίδα
3623 2666 3719 2718 τινά

2158 2770 2446 2834 ἐπιτελεῖν,
2492 2769 2585 2821 καὶ
2627 2763 2951 2834 συνάγεσθαι
2991 2761 3296 2826 ἐπιτοαυτδ,
3333 2761 3429 2814 καὶ
3459 2761 3542 2821 είς
3577 2761 3718 2827 ὄνομα

2163 2865 2261 2936 τῆς
2304 2863 2462 2932 ἁγίας
2496 2859 2774 2932 Παρθένου
2825 2858 2959 2928 ὑπὲρ
3001 2855 3063 2909 τὸ
3122 2854 3319 2926 μέτρον
3354 2871 3408 2905 τι
3451 2852 3721 2922 πειρᾶσθαι

2161 2954 2404 3025 ἀθεμίτῳ
2446 2952 2538 3006 καὶ
2589 2950 2889 3020 βλασφήμῳ
2939 2948 3233 3017 ἐπιχειρεῖν
3293 2945 3605 3016 πράγματι,
3652 2947 3722 2994 zu".

482 3035 1194 3109 praetergressos,nefariam
1236 3049 1370 3096 rem,
1403 3043 1456 3088 et
1495 3048 1619 3088 cum
1651 3033 1745 3088 Dei
1781 3043 2057 3090 contume-

2165 3045 2238 3106 είς
2275 3041 2442 3110 ὄνομα
2484 3040 2654 3108 αὐτῆς
2690 3038 2992 3109 ἱερουργεῖν
3026 3035 3115 3088 διὰ
3157 3035 3466 3104 γυναικῶν·
3516 3035 3651 3104 ὅπερ
3681 3034 3723 3083 τὸ
3772 3071 3773 3076 η

482 3128 558 3182 lia
610 3127 964 3197 coniunctam
1015 3124 1259 3197 aggredi,
1303 3125 1408 3179 hoc
1440 3132 1524 3180 est
1573 3125 1628 3179 in
1661 3126 1804 3182 illius
1857 3143 2055 3182 nomen

484 3233 585 3290 per
625 3219 880 3273 mulieres
929 3218 1201 3272 sacriﬁcia
1249 3215 1446 3272 facere.
1489 3215 1644 3283 Quod
1689 3219 1906 3288 quidem
1953 3220 2057 3274 im-

487 3313 636 3382 pium
679 3327 741 3366 ac
787 3312 1078 3366 scelestum
1137 3316 1237 3371 est,
1283 3318 1337 3364 et
1380 3326 1409 3362 a
1456 3310 1630 3365 sancti
1685 3308 1921 3381 Spiritus
1959 3315 2060 3367 do-

489 3408 663 3463 ctrina
690 3423 917 3478 prorsus
959 3408 1216 3461 alienum.
1257 3404 1437 3472 Quare
1485 3412 1660 3458 totum
1713 3405 1843 3459 illud
1883 3423 1911 3459 a
1949 3391 2060 3463 dte-

489 3505 668 3559 monis
716 3501 894 3555 aillatu
937 3510 990 3555 et
1037 3499 1237 3568 impuri
1278 3499 1505 3568 spiritus
1553 3498 1838 3568 disciplina
1880 3498 2062 3568 profe-

490 3604 638 3650 ctum
684 3603 788 3650 cst.
846 3593 960 3648 Hoc
1001 3595 1144 3648 enim
1191 3594 1244 3647 in
1293 3595 1428 3663 ipsis
1480 3593 1774 3662 impletur:
1815 3592 2066 3660 Deﬁcient

490 3684 703 3754 quidam
743 3702 775 3737 a
810 3701 943 3737 sana
969 3685 1232 3744 doctrina,
1270 3685 1593 3738 intendentes
1625 3683 1819 3752 fabulis
1869 3693 1917 3738 et
1968 3683 2068 3737 do-

493 3773 677 3826 ctrinis
703 3773 1086 3827 dwmoniorum
1111 3776 1154 3826 ¹.
1189 3773 1360 3826 Erunt
1403 3776 1568 3835 enim,
1595 3775 1788 3842 inquit,
1828 3783 2070 3830 mortuos

494 3866 737 3920 colentes
766 3905 781 3930 ,
841 3866 1298 3936 quemadmodum
1352 3867 1494 3936 apud
1542 3866 1817 3922 lsraelitas
1866 3867 2070 3922 honore

493 3967 623 4010 sunt
670 3957 869 4012 alfecti.
934 3957 1013 4012 Ita
1063 3957 1267 4011 factum
1321 3965 1425 4024 est,
1474 3964 1533 4011 ut
1584 3969 1920 4023 sanctorum,
1976 3961 2069 4029 qui

494 4053 612 4106 suis
666 4052 1003 4123 temporibus
1055 4051 1380 4117 floruerunt,
1416 4053 1730 4110 redundans
1781 4054 1840 4109 in
1895 4053 2065 4113 Deum

493 4145 842 4220 occasionem
879 4145 1085 4200 erroris
1119 4144 1384 4198 attulerit.

562 4236 753 4293 XXIV.
782 4237 992 4293 Etenim
1024 4234 1263 4302 Sicimis,
1291 4251 1412 4306 quae
1454 4235 1614 4291 hodie
1645 4233 1901 4307 Neapolis
1931 4236 2071 4292 dici-

496 4339 608 4395 tur,
639 4346 796 4387 sacra
824 4330 1070 4400 quaedam
1100 4329 1474 4398 ab-indigenis
1506 4331 1562 4384 in
1585 4331 1848 4384 honorem
1880 4329 2071 4399 puellae

2163 3136 2272 3189 πᾶν
2318 3136 2460 3186 ἐστιν
2519 3132 2711 3194 άσεθές
2763 3131 2857 3183 καὶ
2903 3129 3185 3200 ἀθέμιτον,
3232 3127 3602 3198 ἠλλοιωμένον
3643 3125 3724 3178 ἀπὸ

2165 3226 2257 3284 τοῦ
2301 3226 2653 3297 κηρύγματος
2696 3223 2788 3277 τοῦ
2828 3223 2983 3292 ἁγίου
3028 3222 3382 3293 Πνεύματος,
3431 3221 3578 3273 ὣστε
3615 3215 3726 3270 εἶναι

2167 3319 2226 3374 τὸ
2275 3320 2381 3371 πᾶν
2424 3317 2724 3370 διαϐολικὸν
2773 3317 3086 3387 ἐνέργημα,
3143 3315 3237 3367 καλ.
3275 3312 3589 3382 πνεύματος
3616 3311 3728 3361 ἀκι-

2169 3412 2365 3482 θάρτου
2407 3410 2737 3463 διδασκαλία.
2790 3408 3106 3479 Πληροῦται
3141 3406 3249 3478 γὰρ
3282 3407 3379 3458 καὶ
3414 3406 3503 3457 ἐπὶ
3530 3403 3729 3462 τούτους

2170 3507 2250 3568 τὸ,
2287 3505 2759 3572 Ἀποστήσονταί
2779 3521 2935 3569 τινες
2959 3501 3069 3569 τῆς
3096 3500 3307 3569 ὑγιοῦς
3335 3499 3726 3560 διδασκαλίας.

2171 3596 2576 3666 προσέχοντες
2589 3599 2736 3667 μύθί
2748 3615 2800 3662 ις
2825 3598 2921 3650 καὶ
2959 3596 3385 3658 διδασκαλίαις
3412 3593 3726 3661 δαιμονίων.

2176 3691 2432 3742 Ἔσονται
2462 3690 2591 3760 γὰρ,
2627 3689 2781 3759 φησὶ,
2832 3691 3046 3758 νεκροῖς
3077 3687 3431 3758 λατρεύοντες
3473 3686 3548 3747 ὡς
3579 3685 3663 3736 καὶ
3688 3685 3727 3732 ὲ.

2172 3779 2248 3849 τῷ
2290 3780 2502 3852 Ἰσραὴλ
2522 3781 2914 3850 ἐσεϐάσθησαν.
2937 3782 3044 3834 Καὶ
3074 3784 3105 3851 ἡ
3147 3780 3253 3832 τῶν
3278 3780 3451 3846 ἁγίων
3484 3777 3622 3829 κατὰ.
3643 3790 3728 3823 κει-

2178 3873 2265 3942 ρον
2300 3876 2376 3936 εἰς
2413 3875 2541 3926 Θεὸν
2581 3874 2706 3938 δύξα
2746 3874 2922 3936 ἄλλοις
2964 3873 3150 3942 γέγονε
3189 3876 3304 3936 τοῖς
3352 3872 3426 3943 μὴ
3463 3868 3631 3940 ὁρῶσι
3654 3865 3727 3932 τὴν

2178 3966 2436 4037 ἀλήθειαν
2472 3971 2551 4028 εἰς
2588 3968 2813 4038 πλάνην.

2141 4063 2311 4133 gloria
2378 4065 2542 4130 aliis,
2597 4065 2689 4134 qui
2731 4064 3009 4118 veritatem
3060 4061 3282 4116 minime
3339 4063 3710 4131 perspicerem.

2252 4241 2377 4292 KA'.
2427 4239 2512 4291 ’Ev
2547 4237 2654 4311 γάρ
2679 4237 2943 4308 Σικίμοις,
2980 4235 3252 4291 τουτέστιν
3283 4239 3341 4289 ἐν
3369 4240 3434 4310 τῇ
3461 4241 3575 4291 νυνὶ
3605 4240 3720 4291 Νει-

2181 4331 2354 4394 πόλει,
2393 4331 2580 4393 Θυσίας
2617 4332 2665 4382 οἱ
2716 4329 2997 4401 ἐπιχώριοι
3036 4328 3276 4382 τελοῦσιν
3327 4332 3406 4390 εἰς
3441 4330 3604 4399 ονομα
3645 4331 3722 4396 τῆς

496 4420 861 4484 celebrantur,
886 4420 1031 4489 quod
1063 4419 1131 4473 ab
1153 4418 1384 4488 Jepltthe
1416 4420 1523 4473 [ilia
1548 4435 1799 4474 manasse
1827 4417 2061 4482 videtur,

2175 4424 2376 4494 Κόρης,
2420 4423 2577 4495 δῆθεν
2613 4425 2679 4475 ἐκ
2707 4423 3031 4493 προφάσεως
3070 4421 3168 4490 τῆς
3202 4420 3474 4491 θυγατρὸς
3516 4423 3714 4490 Ἰεεθᾰε.

497 4528 620 4584 quae
679 4511 788 4567 Deo
827 4511 1101 4582 quondam
1166 4511 1471 4567 sacriﬁcata
1525 4513 1702 4567 fuerat
1728 4512 1769 4565 ³.
1804 4511 1936 4577 Quae
1983 4526 2070 4566 res

499 4605 714 4660 miseris
741 4605 1053 4659 hominibus
1079 4603 1398 4660 idololatria:
1443 4605 1861 4674 inanissiinique
1890 4605 2071 4660 cultus

500 4696 782 4752 materiam
807 4697 1054 4766 prxbuit.
1074 4695 1214 4761 Quin
1244 4697 1405 4750 etiam
1429 4696 1732 4751 Pharaonis
1757 4697 1942 4763 tiliam,
1959 4713 2078 4766 quae

501 4802 719 4844 servum
758 4786 852 4841 Dei
885 4786 1101 4858 Moysen
1136 4789 1423 4844 honoravit
1444 4792 1486 4853 ⁸,
1521 4797 1574 4842 et
1616 4789 1890 4843 sublatum
1929 4805 2066 4844 enu-

500 4881 674 4947 trivit,
713 4888 937 4951 prOpter
966 4881 1232 4936 celebrem
1266 4881 1480 4952 pueruli
1512 4880 1712 4934 famam
1751 4882 2074 4951 impensius.

499 4989 664 5047 quam
700 4988 800 5045 par
834 4982 974 5038 erat,
1013 4989 1077 5029 ac
1135 4989 1236 5044 pro
1299 4974 1411 5029 Deo
1443 4983 1769 5030 venerantes
1811 4975 2073 5046 Egyptii,

501 5066 812 5122 istiusmodi
842 5067 1290 5136 superstitionem
1322 5068 1376 5121 in
1405 5067 1634 5123 stolidos
1663 5067 1912 5123 homines
1934 5070 2078 5122 ceri-

503 5169 680 5212 vatam
732 5158 940 5213 nefarie
996 5167 1387 5231 propagarunt.
1431 5159 1573 5231 Ergo
1625 5161 1701 5214 illi
1755 5159 2075 5214 Thermutin

503 5251 806 5322 Amenoplti
848 5253 1034 5316 tiliam,
1077 5253 1180 5308 hoc
1210 5260 1294 5308 est
1331 5252 1655 5314 Pharaonis,
1697 5251 1926 5306 adorare
1956 5268 2077 5322 per-

504 5353 674 5414 sunt,
724 5344 908 5414 quod,
941 5353 1002 5398 ut
1060 5352 1218 5400 antea
1274 5345 1421 5409 dixi,
1463 5343 1685 5414 Moysen
1739 5343 2070 5399 educaverit.

583 5504 598 5534 ³
632 5501 792 5559 Prov.
823 5519 897 5570 Iv,
930 5504 1018 5558 ‘27.
1101 5508 1122 5538 '
1145 5505 1164 5558 ι
1189 5503 1330 5558 Tim.
1363 5519 1436 5568 tv,
1471 5503 1522 5557 1.

1598 5503 1619 5534 ³
1643 5502 1818 5557 Judic.
1851 5520 1925 5567 χι,
1956 5504 1980 5557 1
2017 5521 2138 5574 sqq.

2173 4516 2274 4585 τῆς
2308 4531 2433 4567 ποτε
2474 4512 2926 4586 προσενεχθείσης
2969 4510 3046 4582 τῷ
3083 4511 3199 4581 Θεῷ
3242 4513 3322 4573 εἰς
3373 4511 3595 4573 θυσίας·
3649 4511 3720 4560 καὶ

2176 4611 2288 4671 τοῖς
2319 4609 2688 4678 ἠπατημένοις
2723 4606 2878 4659 τοῦτο
2919 4605 3138 4674 γέγονεν
3183 4605 3262 4668 είς
3297 4602 3504 4673 βλάϐην
3546 4602 3728 4654 siam}?-

2178 4702 2432 4772 λατρείας
2459 4703 2553 4754 καὶ
2599 4701 2971 4773 κενολατρίας.
3023 4698 3184 4752 Ἀλλά
3230 4699 3322 4751 καὶ
3359 4699 3458 4768 τὴν
3493 4697 3730 4763 θυγατέρι

2180 4793 2274 4846 τοῦ
2303 4791 2502 4864 Φαραὼ
2528 4809 2579 4844 τι
2589 4793 2840 4862 μήσασαν
2881 4791 2971 4844 τὸν
3004 4789 3188 4843 δοῦλον
3215 4789 3307 4841 τοῦ
3331 4788 3467 4841 Θεοῦ
3503 4787 3725 4840 Μωῦςέι.

2185 4886 2512 4955 ἀνελομένην
2541 4902 2599 4936 τε
2652 4886 2747 4937 καὶ
2783 4882 3186 4954 άναθρέψασαν,
3230 4881 3318 4933 διὰ
3359 4881 3420 4933 τὸ
3452 4882 3725 4951 περίφημιεο

2183 4978 2303 5029 τότε
2327 4977 2420 5028 τού
2452 4976 2664 5029 παιδίου
2687 4976 2828 5046 ὑπὲρ
2857 4976 2915 5027 τὸ
2955 4975 3070 5028 δέον
3109 4974 3437 5044 τιμήσαντες
3475 4972 3728 5039 Αἰγύπτιοι

2183 5070 2305 5122 ἀντὶ
2364 5069 2536 5134 Θεοῦ,
2595 5071 2688 5122 καὶ
2737 5069 2896 5122 τοῦτο
2947 5069 3025 5130 είς
3072 5068 3247 5135 κακὴν
3287 5066 3577 5138 παράδοσιν
3637 5065 3726 5122 τοῖς

2183 5163 2434 5232 ἀνοήτοις
2463 5161 2789 5232 παρέδωκαν
2813 5162 2892 5223 εἰς
2922 5159 3233 5230 θρησκείαν.
3262 5159 3372 5211 Καὶ
3400 5153 3725 5227 προσκυνοῦσι

2180 5253 2280 5323 τὴν
2316 5251 2617 5323 Θέρμουτιν
2646 5253 2744 5321 τὴν
2776 5249 3051 5320 θυγατέρα
3081 5249 3189 5316 (-10)
3223 5248 3316 5301 τοῦ
3359 5247 3617 5318 Ἀμενὼφ,
3640 5246 3723 5302 ἕως

2181 5343 2301 5396 τότε
2337 5344 2534 5416 Φαραὼ
2558 5345 2601 5409 ⁸,
2654 5343 2873 5414 ἐπειδὴ,
2908 5342 2983 5405 ὡς
3027 5345 3306 5412 προεῖπον,
3356 5340 3605 5411 ἀνέθρεψε
3651 5337 3722 5389 τὸν

2219 5504 2239 5535 ⁸
2269 5503 2439 5561 Exod.
2469 5521 2526 5571 ιι,
2565 5504 2648 5559 10.
2729 5505 2749 5535 ⁵
2778 5502 2836 5556 F.
2871 5501 3174 5558 addendutn
3204 5500 3320 5558 τοῦ.

581 5636 694 5705 (10)
733 5635 857 5713 Τὴν
890 5637 1216 5713 Θέι.ιέι·ουτι-ιί
1245 5637 1358 5713 ῇρν·
1390 5638 1697 5713 θυγατέρα.
1736 5638 2061 5709 AmenOphit;

2165 5657 2293 5713 *gcm
2330 5641 2480 5697 illum
2515 5637 2733 5711 Egypti
2765 5637 3026 5703 nominat,
3090 5635 3191 5690 sub
3257 5651 3365 5706 quo
3406 5633 3599 5705 Moyses
3640 5637 3715 5682 aa-

511 5708 604 5764 ωε
641 5713 746 5774 est,
781 5710 835 5761 in
867 5724 974 5777 quo
1007 5708 1220 5764 Eusebii
1251 5707 1544 5763 Chronicon
1573 5717 1790 5765 secutus
1820 5717 1923 5763 est.
