3838 6330
33 371 142 426 τεττ

659 367 1029 424 ADV’ERSL‘S
1070 367 1406 422 fizERESES
1447 367 1569 421 LIB.
1607 367 1694 424 Ill.
1735 369 1894 425 T031.
1930 372 1991 426 11.
2017 373 2372 429 -ΗᾸΞΠΕΞ,
2406 372 2684 431 LXXV”.

3233 377 3339 437 738

31 486 332 544 Mevia-3'1.
391 489 503 542 ’Καὶ
541 487 706 540 πολλὰ
749 487 970 538 τοιαῦτα
1019 487 1177 544 ὃμοια
1221 485 1439 552 γέγονεν
1482 485 1538 536 ἐν
1583 485 1656 536 κό-

1768 487 2051 556 .Ejusmodi
2103 491 2360 561 pleraque
2407 493 2470 545 ad
2529 507 2794 546 caecorum
2851 493 3144 550 hominum
3191 495 3338 552 frau-

35 598 164 649 σμῳ
203 583 304 643 εἰς
385 580 594 648 πλάνην
647 578 754 630 τῶν
783 579 1186 648 ἠπατημένων,
1229 577 1288 630 οὔ
1339 576 1446 629 τῶν
1493 575 1664 643 ἁγίων

33 671 244 726 αἰτίων
273 671 471 723 ὄντων
507 670 646 721 τισὶν
677 669 756 730 εἰς
785 668 1137 738 πρόσκομμα,
1165 666 1265 736 τῆς
1301 665 1530 728 διανοίας
1556 665 1664 718 τῶν

35 760 395 832 ἀνθρώπων
425 762 498 832 μὴ
544 759 878 830 ἠρεμούσης,
922 759 1034 810 ἀλλ’
1083 759 1174 810 ἐπὶ
1225 757 1290 809 τὰ
1327 757 1538 828 πονηρὰ
1569 759 1663 809 ἐκ·

45 855 453 924 τρεπομένης.
499 855 654 905 ’Πτοι
686 853 793 922 γὰρ
828 851 1094 904 ἀπέθανεν
1127 853 1158 921 ή
1201 850 1328 918 ἁγία
1369 849 1661 920 Παρθένος,

35 943 126 996 καὶ
185 945 518 1008 τέθαπται,
562 944 619 994 ὲν
669 947 800 1012 τιμῇ
831 943 1001 1011 αὐτῆς
1121 943 1410 1010 κοίμησις,
1467 941 1558 993 καὶ
1608 941 1665 992 ὲν

33 1033 244 1104 ἁγνείᾳ
293 1037 338 1105 ἡ
381 1035 626 1105 τελευτὴ,
657 1037 748 1088 καὶ
783 1037 839 1086 ὲν
881 1033 1145 1104 παρθενίᾳ
1172 1037 1198 1086 ὁ
1227 1033 1512 1102 στέφανος
1548 1033 1664 1102 ἤτοι

29 1125 340 1198 many-507;,
382 1125 566 1188 za-‘Jt‘u;
595 1127 936 1196 γέγραπται·
975 1125 1084 1178 Καὶ
1109 1125 1220 1192 τὴν·
1247 1123 1458 1192 ψυχὴν
1478 1122 1666 1190 αὐτῆς

29 1217 458 1270 ξιξ-έιεύσεται
483 1220 754 1286 ῥομφαία
777 1234 792 1247 ·
825 1219 880 1270 ὲν
909 1218 1174 1288 μάρτυσιν
1207 1216 1375 1284 αὐτῆς
1401 1215 1460 1268 τὸ
1487 1215 1662 1276 κλέος,

35 1313 126 1361 καὶ
169 1313 240 1362 ἐν
310 1314 696 1381 μακαρισμοῖς
747 1310 806 1362 τὸ
844 1310 996 1378 ἆγιον
1051 1310 1219 1378 αὐτῆς
1272 1309 1456 1377 σῶμα·
1491 1307 1556 1358 δι’
1599 1301 1666 1375 ἧς

31 1401 152 1466 ςὼς
209 1403 488 1455 ἀνέτειλε
537 1403 616 1472 τῷ
659 1401 883 1471 κόσμῳ·
921 1401 1037 1471 ἦτοι
1076 1400 1130 1452 δὲ
1170 1399 1368 1468 ἔμεινε.
1415 1399 1524 1449 Καὶ
1557 1399 1664 1467 γὰρ

33 1497 134 1551 οὐκ
159 1496 457 1548 ἀδυνατεῖ
585 1493 703 1562 Θεῷ
731 1493 906 1545 πάντα
927 1493 1118 1554 ποιεῖν,
1148 1491 1354 1560 ὅσαπερ
1385 1487 1660 1557 βούλεταιο

33 1591 94 1642 τὸ
129 1588 318 1650 τέλος
367 1585 480 1656 γὰρ
513 1585 683 1653 αὐτῆς
725 1583 899 1646 οὐδεὶς
939 1580 1096 1648 ἔγνω.
1135 1581 1286 1649 Πέρα
1325 1577 1419 1629 τοῦ
1459 1577 1664 1639 δέοντος

37 1682 96 1732 σὺ
133 1679 263 1749 χρὴ
335 1678 502 1746 τιμᾷν
537 1675 662 1736 τοὺς
693 1673 914 1741 ἁγίους,
954 1671 1090 1724 ἀλλὰ
1139 1671 1302 1739 τιμᾷν
1350 1669 1438 1720 τὸν
1488 1669 1662 1720 αὐτῶν

37 1767 382 1837 Δεσπότην.
445 1761 750 1816 Παυσὰσθω
799 1760 976 1812 τοίνυν
1019 1759 1051 1826 ἡ
1099 1757 1272 1826 πλάνη
1316 1756 1422 1806 τῶν
1461 1754 1664 1806 πεπλα-

47 1858 346 1927 νημένων.
368 1853 509 1908 Οὔτε
542 1853 649 1922 γὰρ
689 1849 808 1912 θεὸς
835 1852 868 1919 ἡ
903 1847 1110 1919 Μαρία,
1149 1845 1270 1898 οὔτε
1312 1846 1402 1897 ἀπ’
1431 1843 1660 1915 οὐρανοῦ

39 1951 262 2020 ἔχουσα
319 1949 380 2000 τὸ
430 1946 613 2016 σῶμα,
665 1943 776 1996 ἀλλ’
821 1944 902 1993 ὲκ·
936 1940 1244 2008 συλλήψεως
1316 1937 1504 2005 ἀνδρὸς
1569 1937 1662 1989 καὶ

41 2041 356 2110 γυναικὸς,
400 2039 520 2090 κατ’
567 2035 898 2102 ἐπαγγελίαν
927 2033 1004 2094 δὲ,
1049 2030 1236 2102 ὥσπερ
1266 2032 1294 2082 ὁ
1345 2029 1548 2092 Ἰσαὰκ,
1583 2031 1661 2081 οἰ-

45 2131 466 2202 κονομγιοεῖσα.
515 2126 625 2178 Καὶ
677 2125 865 2194 μηδεὶς
915 2125 993 2185 εἰς
1040 2121 1211 2190 ὄνομα
1259 2119 1459 2188 ταύτης
1494 2135 1660 2188 προσ-

51 2223 288 2292 seps-:0)
311 2237 326 2250 ·
354 2217 552 2272 ἑαυτοῦ
576 2215 682 2286 γὰρ
703 2217 800 2286 τὴν
821 2214 994 2284 ψυχὴν
1018 2213 1269 2265 ἀπόλλει¹
1293 2229 1305 2239 ·
1336 2213 1470 2282 μήτε
1497 2210 1659 2264 πάλιν

49 2313 482 2384 ἐμπαροινείτω
535 2309 830 2380 ἐξυϐρίζων
879 2308 978 2377 τὴν
1023 2305 1180 2374 ἁγίαν
1231 2303 1522 2376 Παρθένον.
1567 2303 1658 2373 Μὴ

59 2409 164 2479 γὰρ
197 2407 462 2474 γένοιτοί
506 2403 566 2456 οὐ
631 2401 879 2472 συνήερθη
932 2401 1097 2469 σαρκὶ
1143 2397 1279 2468 μετὰ
1309 2397 1406 2467 τὴν
1443 2397 1654 2466 κύησιν,

61 2500 182 2553 λῦδὲ
217 2499 340 2568 πρὸ
370 2497 470 2566 τῆς
497 2495 744 2563 κυήσεως
775 2491 868 2543 τοῦ
907 2490 1177 2561 Σωτῆρος.

1765 575 1885 631 deni
1935 589 1987 632 et
2019 595 2258 634 errorem
2295 582 2350 634 in
2383 581 2642 636 mundum
2673 583 2978 637 introducta
3043 595 3191 651 sunt,
3227 603 3338 645 non

1766 670 1908 738 quod
1955 673 2128 723 sancti
2161 673 2414 740 cuiquam
2447 673 2762 727 oflensiouis
2794 689 2980 727 ansam
3023 680 3304 744 praebeant

1766 757 1858 811 sed
1893 760 2033 827 quod
2065 761 2453 829 conquiescere
2480 778 2633 818 mens
2667 765 2944 817 hominum
3003 777 3248 836 nequeat.
3283 778 3338 824 et

1766 854 1831 902 ad
1878 865 2042 918 prava
2100 851 2352 909 dei-liuet.
2397 855 2601 907 lilenim
2648 855 2762 909 sive
2795 866 3020 911 mortua
3062 867 3145 912 est
3171 858 3336 929 Virgo

1767 943 2116 996 sanctissima
2145 958 2208 996 ac
2239 945 2470 1012 sepulta,
2497 961 2712 1000 summo
2733 960 2854 1000 cum
2883 947 3182 1014 splendore
3209 964 3310 1003 con

1761 1033 1948 1100 juncta
1992 1049 2136 1086 mors
2188 1035 2332 1086 illius
2367 1043 2449 1088 est
2479 1079 2491 1096 ,
2525 1047 2577 1088 et
2623 1037 2969 1092 castissimus
3027 1037 3226 1102 exitus,
3274 1053 3337 1094 ac

1767 1122 2088 1188 virginitatis
2115 1123 2162 1175 ei
2202 1137 2402 1176 corona
2437 1138 2734 1190 concessa;
2773 1127 2886 1178 sive
2915 1126 3208 1182 interfecta
3231 1170 3244 1191 ,
3279 1137 3339 1183 ut

1766 1213 2008 1266 indicare
2057 1213 2338 1278 Scriptura
2387 1213 2597 1268 videtur
2649 1215 2732 1268 his
2789 1215 3018 1270 verbis:
3063 1216 3132 1270 Et
3169 1220 3337 1287 ipsius

1767 1305 2000 1355 animam
2043 1304 2332 1372 penetrabit
2355 1303 2565 1372 gladius
2589 1305 2630 1366 ³,
2677 1304 2904 1374 gloriam
2939 1317 3213 1378 martyres
3255 1309 3340 1362 in-

1767 1405 1849 1449 ter
1887 1411 1948 1448 ac
1977 1393 2145 1448 decus
2179 1395 2406 1458 obtinet,
2437 1404 2489 1449 et
2519 1410 2734 1449 sacrum
2761 1396 2914 1451 illius
2949 1411 3150 1466 corpus
3187 1400 3338 1453 omni

1769 1487 2027 1540 felicitate
2057 1489 2390 1540 cumulatum
2425 1497 2542 1552 est;
2585 1503 2678 1556 per
2717 1503 2884 1556 quam
2919 1491 3126 1544 mundo
3157 1491 3336 1544 lumen

1767 1577 1960 1629 illuxit.
2001 1574 2184 1630 Potest
2221 1577 2454 1645 denique
2491 1585 2545 1630 et
2590 1581 2640 1628 in
2675 1578 2786 1629 vita
2829 1580 3122 1632 mansisse.
3155 1577 3338 1632 Potest

1765 1667 1909 1720 enim
1947 1667 2090 1720 Deus
2118 1668 2382 1736 quidquid
2411 1667 2630 1721 libuerit
2653 1667 2870 1722 ellicere
2894 1685 2909 1734 ;
2943 1684 3065 1722 nam
3094 1670 3160 1724 de
3193 1671 3336 1724 illius

1765 1756 1912 1808 exitu
1945 1755 2078 1808 nihil
2117 1765 2267 1809 certo
2290 1765 2530 1808 constat.
2563 1754 2738 1808 Porro
2773 1757 2914 1809 ultra
2945 1771 3104 1825 quam
3138 1773 3236 1827 par
3267 1759 3340 1812 sit

1694 1829 1735 1882 Β
1767 1854 1988 1900 sanctos
2009 1849 2256 1900 venerari
2285 1847 2437 1900 nefas
2463 1857 2580 1912 est;
2615 1847 2712 1902 sed
2748 1849 2963 1902 illorum
2985 1850 3337 1906 honorandus

1765 1944 1847 1989 est
1895 1933 2174 1990 Dominus.
2209 1935 2570 2000 Quamobrem
2609 1936 2830 1992 desinat
2887 1939 3104 1992 tandem
3157 1938 3338 1994 infeli-

1765 2027 1909 2079 cium
1941 2027 2030 2080 ille
2066 2027 2344 2080 hominum
2382 2043 2553 2082 error.
2587 2028 2779 2096 Neque
2814 2027 2958 2082 enim
2991 2027 3161 2082 Maria
3195 2029 3337 2084 Deus

1763 2125 1848 2170 est
1869 2159 1885 2183 ,
1923 2134 2102 2187 neque
2125 2119 2192 2172 de
2226 2119 2366 2172 cuilo
2400 2119 2616 2190 1056
2646 2135 2850 2188 corpus
2880 2122 3111 2190 accepit,
3143 2121 3236 2176 sed
3267 2121 3338 2176 ab

1767 2207 1884 2260 viro
1917 2223 1978 2259 ac
2019 2209 2249 2262 muliere
2281 2213 2484 2278 genita,
2513 2211 2738 2266 tametsi
2773 2226 2837 2266 ex
2871 2213 3250 2282 promissione,
3277 2221 3338 2268 ut

1763 2300 1890 2352 olim
1945 2299 2203 2364 lsaacus,
2243 2301 2510 2371 singulari
2559 2301 2658 2356 Dei
2703 2304 2774 2358 sit
2821 2305 3160 2373 providentia
3199 2320 3336 2360 con—

1763 2407 1940 2447 cessa.
1969 2391 2138 2446 Nemo
2163 2408 2294 2447 vero
2335 2395 2392 2446 in
2435 2394 2588 2448 illius
2620 2409 2818 2450 nomen
2853 2397 3182 2452 sacrificium
3206 2397 3340 2454 olfe-

1765 2492 1871 2549 rat,
1901 2485 2104 2554 alioqui
2135 2486 2329 2538 animae
2353 2502 2466 2538 suae
2493 2499 2728 2542 mortem
2755 2499 2918 2558 atque
2951 2490 3176 2544 exitium
3205 2505 3340 2544 con-

59 2598 296 2651 sciscel.
347 2593 536 2661 Neque
603 2604 732 2668 vero
778 2589 832 2640 in
908 2586 1312 2640 sanctissimam
1365 2582 1514 2636 illam
1579 2581 1970 2636 contumeliose
2011 2581 2360 2640 nerbacchari
2401 2582 2624 2638 audeat.
2671 2585 2828 2639 Absit
2869 2586 3054 2654 enim,
3105 2595 3168 2641 ut
3215 2597 3340 2658 post

65 2691 285 2745 editum
319 2687 658 2741 Salvatorem
683 2725 696 2748 ,
728 2689 822 2734 aut
875 2689 1000 2734 ante
1041 2686 1278 2748 partum,
1319 2692 1518 2746 corpus
1556 2691 1682 2730 cum
1725 2675 1836 2730 ullo
1862 2677 2212 2744 conjunxisse
2239 2676 2472 2731 dicatur.

135 2783 282 2836 ΚΕ.
317 2779 434 2833 Καὶ
466 2775 640 2830 ταῦτα
697 2773 794 2844 μὲν
823 2771 912 2844 ⁸τέιι
953 2771 1108 2838 ὀλίγα
1157 2771 1236 2832 εἰς
1284 2770 1508 2831 ἑαυτοὺς
1549 2767 1664 2820 δια-

71 2877 459 2944 σκοπήσαντες
484 2909 498 2932 ,
533 2867 852 2939 ἐγράψαμεν
895 2867 1004 2926 τοῖς
1041 2863 1380 2933 βουλομένοις
1420 2875 1666 2930 καταμα-

71 2968 184 3019 θεῖν
217 2969 324 3034 τῆς
367 2964 406 3015 Γ
414 2962 589 3034 ραφῆς
621 2959 720 3029 τὴν
749 2957 1022 3028 ἀλήθειαν,
1067 2955 1163 3007 καὶ
1204 2953 1277 3024 μὴ
1305 2954 1480 3024 μάτην
1527 2967 1666 3023 παρ-

75 3060 242 3111 οινεῖν
273 3057 389 3116 τοῖς
425 3048 634 3120 λόγοις’,
667 3049 760 3102 καὶ
797 3047 1112 3118 βλάσφημόν
1154 3061 1274 3097 τινα
1317 3045 1530 3105 ἑαυτοῖς
1577 3040 1666 3106 ἐξ·

75 3147 400 3214 οπλὶζεσοαι
452 3142 724 3214 γλῶτταν.
767 3141 830 3192 Et
865 3139 921 3191 δὲ
975 3136 1248 3208 βούλονταί
1288 3151 1430 3197 τινες
1477 3132 1659 3202 ἀνέχε-

81 3243 202 3296 σθαι
228 3244 276 3302 ³,
311 3239 436 3293 οὐδὲ
481 3233 874 3304 καταδέχεσθαι
899 3232 967 3285 τὰ
1001 3229 1276 3298 ὲπωφελῆ,
1305 3226 1441 3280 ἀλλὰ
1463 3225 1660 3296 μᾶλλον

77 3332 341 3386 τάναντία
363 3345 374 3358 ·
411 3329 506 3381 καὶ
533 3326 626 3394 ἀφ’
663 3321 826 3394 ἡμῶν,
861 3320 970 3374 τῶν
1015 3317 1434 3372 εὐτελῶν.ἑσται
1471 3317 1660 3387 ῥητέον

77 3421 158 3488 τὸ,
193 3423 262 3476 '0
317 3419 560 3474 ἁκούων
617 3413 915 3468 ἀκουέτω.
948 3410 1048 3463 καὶ
1100 3411 1132 3462 ό
1181 3403 1441 3461 ἀπειθῶν
1490 3406 1658 3459 ἀπει-

83 3516 285 3569 θείτω·
325 3512 400 3582 μή
431 3527 483 3562 τι
513 3510 624 3570 τοῖς
651 3503 965 3565 ἀποστόλοις
995 3499 1159 3554 κόπον
1189 3497 1490 3569 παρεχέτω,
1522 3497 1659 3566 μήτε

83 3609 210 3678 ἡμῖν
263 3604 484 3676 μηκέτι.
549 3601 616 3652 Ἀ
659 3597 766 3668 γὰρ
812 3594 1029 3666 ᾔδειμεν
1079 3589 1661 3678 σεμνότεραγκαὶᾘὲπ-

87 3675 353 3764 σέσελῆτῇ
383 3684 888 3758 Ἐκκλησίᾳ,ταῦτα
922 3683 1050 3752 περὶ
1075 3681 1170 3749 τῆς
1196 3678 1356 3746 ἁγίας
1386 3675 1658 3743 Παρθένου

87 3789 428 3858 εἰρήκαμεν,
462 3775 882 3849 συνηγοροῦντες
924 3776 989 3844 τῇ
1045 3770 1185 3824 κατὰ
1222 3770 1396 3822 πάντα
1440 3785 1660 3838 κεχαρι-

89 3877 328 3948 τωμένη,
357 3873 434 3936 ὡς
461 3867 610 3924 εἶπεν
629 3871 657 3921 ό
686 3865 928 3936 Γαϐριὴλ
946 3881 958 3894 ο
983 3861 1176 3931 Χαῖρε,
1202 3859 1655 3930 κεχαριτωμένη,

89 3969 120 4018 ό
163 3967 384 4032 Κύριος
425 3959 577 4030 μετὰ
623 3957 758 4011 σοῦ.
794 3956 856 4007 Ei
886 3953 942 4006 δὲ
991 3956 1018 4005 ὁ
1056 3951 1257 4022 Κύριος
1308 3951 1421 4020 μετ’
1468 3949 1654 4019 αὐτῆς,

92 4056 202 4119 πιῖις
233 4057 390 4107 ἐσται
419 4053 476 4103 ὲν
507 4047 736 4118 συζυγίᾳ
770 4045 967 4116 ὲτέρᾳ;
1004 4043 1128 4106 Πῶς
1151 4043 1207 4095 δὲ
1241 4042 1400 4114 σαρκὶ
1433 4041 1660 4111 πλησιά-

93 4143 254 4208 ζουσα
297 4145 452 4196 ἕσται
495 4141 600 4193 ὑπὸ
629 4138 832 4208 Κυρίου
867 4134 1272 4205 φυλαττομένης
1319 4135 1380 4186 Ui
1427 4134 1570 4200 ἅγιοι
1601 4133 1658 4184 ἐν

91 4236 302 4304 τιμῇ,ή
334 4231 638 4292 ἀνάπαυσις
685 4225 862 4280 αὐτῶν
913 4227 971 4278 ὲν
1032 4224 1195 4297 δόξῃ,
1253 4225 1286 4294 ή
1334 4221 1658 4278 ἁπεντεῦθεν

93 4325 262 4377 αὑτῶν
309 4321 544 4394 ὲκδημία
585 4323 644 4372 ὲν
689 4317 1003 4386 τελειότητι,
1056 4318 1086 4368 ό
1145 4315 1342 4387 κλῆρος
1383 4314 1558 4368 αὐτῶν
1599 4316 1656 4366 ὲν

97 4411 453 4484 μακαριότητι
484 4410 618 4480 (Η),
645 4409 702 4462 ἐν
739 4410 922 4478 μοναῖς
954 4407 1154 4474 ἁγίαις,
1179 4407 1208 4458 ὁ
1233 4405 1388 4476 χορὸς
1414 4405 1528 4476 μετ’
1555 4407 1656 4472 ἀγ-

1828 2765 1993 2820 XXV.
2035 2765 2158 2822 Haec
2204 2768 2515 2832 habuimus,
2561 2784 2682 2839 qua:
2716 2771 2858 2840 apud
2933 2787 3038 2826 nos
3081 2773 3340 2830 meditata

1764 2855 1820 2910 in
1855 2872 2042 2911 eorum
2070 2859 2298 2928 gratiam
2325 2858 2472 2912 brevi
2501 2859 2804 2929 scriptione
2830 2863 3334 2932 complecteremur,

1765 2949 1857 3018 qui
1895 2963 2175 3003 sacrarum
2217 2948 2553 3005 Litterarum
2586 2953 2869 3006 veritatem
2905 2956 3182 3025 percipere
3216 2967 3338 3012 stu-

1761 3039 1919 3110 dent,
1943 3053 2118 3110 neque
2147 3047 2350 3096 temere
2395 3043 2744 3099 sermonibus
2772 3045 3053 3112 insultare,
3090 3057 3182 3102 aut
3205 3065 3340 3105 con-

1762 3131 2098 3186 tumeliosam
2135 3131 2238 3186 sibi
2273 3133 2408 3202 ipsis
2447 3134 2689 3204 linguam
2725 3135 3044 3204 producere.
3088 3138 3245 3204 Quod
3288 3143 3336 3198 si

1764 3223 1856 3292 qui
1906 3221 2166 3293 refragari
2213 3225 2424 3290 malint,
2460 3239 2530 3280 ac
2571 3228 2769 3296 spretis
2801 3229 3044 3294 utilibus,
3079 3248 3200 3300 quae
3252 3233 3340 3291 his

1765 3316 2044 3368 contraria
2085 3321 2215 3368 sunt
2255 3318 2540 3386 amplecti,
2579 3333 2610 3372 a
2641 3319 2798 3374 nobis
2831 3320 3031 3376 inlimis
3069 3338 3339 3394 usurpan-

1765 3404 1894 3460 dum
1927 3406 2057 3460 illud
2091 3407 2234 3460 erit:
2274 3407 2379 3473 Qui
2421 3409 2600 3474 audit,
2656 3410 2874 3476 audiat;
2919 3415 3010 3478 qui
3053 3427 3339 3471 conﬁrmas:

1765 3505 1875 3557 est,
1931 3505 2219 3548 contumax
2269 3508 2382 3550 esto
2400 3496 2444 3561 δ,
2483 3511 2548 3551 ac
2599 3513 2774 3568 neque
2823 3501 3106 3568 apostolis,
3160 3519 3338 3574 neque

1763 3587 1924 3641 nobis
1955 3587 2190 3657 amplius
2223 3589 2494 3644 molestus
2527 3589 2618 3644 sit.
2665 3589 2797 3655 Quae
2841 3593 2984 3646 enim
3032 3595 3336 3665 religiosis-

1765 3679 1900 3732 sima
1942 3687 1996 3732 et
2009 3679 2262 3734 Ecclesia:
2293 3678 2580 3736 fructuosa
2612 3696 2736 3736 esse
2763 3685 3109 3752 putabamus,
3136 3691 3248 3742 hac
3268 3689 3338 3745 de

1767 3771 2118 3825 sanctissima
2154 3769 2377 3841 Virgine
2400 3787 2598 3827 sumus
2631 3773 2885 3842 professi,
2915 3785 2971 3829 ut
2998 3778 3118 3844 ejus
3153 3789 3338 3849 patro-

1764 3865 1967 3919 cinium
2011 3865 2436 3934 susciperemus,
2475 3881 2596 3935 quae
2627 3867 2801 3936 gratia
2862 3867 3177 3936 plenissima
3207 3881 3332 3928 est:

1766 3961 1826 4007 ut
1855 3952 2072 4008 Gabriel
2108 3955 2322 4008 locutus
2351 3961 2442 4008 est
2471 3970 2485 4006 :
2518 3961 2644 4017 Ave,
2683 3957 2856 4026 gratia
2879 3958 3053 4026 plena,
3080 3959 3336 4016 Dominus

1766 4053 1932 4096 tecum
1956 4044 1998 4097 ⁵.
2037 4043 2191 4109 Quod
2235 4044 2280 4098 si
2325 4059 2456 4097 cum
2487 4045 2602 4113 ipsa
2635 4043 2897 4102 Dominus
2935 4057 3038 4112 est,
3062 4051 3337 4118 quomodo

1765 4137 1994 4190 alterum
2056 4138 2370 4206 conjugiqu
2440 4138 2728 4192 admisisse
2771 4141 2991 4208 potest?
3045 4141 3334 4210 Quonam,

1765 4228 2006 4296 inquam,
2041 4236 2200 4298 pacto
2225 4243 2344 4296 quae
2377 4231 2566 4282 carnis
2597 4233 3050 4284 consuetudinem
3083 4233 3331 4298 haberet,

1772 4332 1803 4370 a
1835 4315 2066 4371 Domino
2097 4319 2304 4372 servari
2339 4318 2582 4372 dicitur?
2613 4319 2904 4375 Enimvero
2935 4325 3110 4378 sancti
3143 4339 3333 4381 omnes

1763 4425 1960 4480 magno
1983 4411 2038 4463 iu
2071 4411 2276 4464 honore
2301 4421 2452 4464 sunt.
2475 4410 2680 4465 Horum
2705 4419 2790 4465 est
2817 4411 3054 4482 gloriosa
3079 4415 3296 4483 requies
3313 4455 3332 4484 ,

95 4505 280 4570 γέλων,
309 4507 344 4574 ἡ
377 4503 557 4556 δίαιτα
603 4505 661 4555 ὲν
693 4501 928 4572 οὐρανῷ,
959 4501 1020 4553 τὸ
1053 4500 1354 4572 πολίτευμα
1397 4501 1453 4552 ὲν
1486 4500 1656 4564 θείαις

1769 4501 1960 4554 horum
1983 4517 2046 4556 ex
2071 4501 2171 4554 hac
2201 4503 2308 4554 vita
2329 4501 2612 4556 discessus
2637 4501 2702 4556 ad
2735 4503 3120 4572 perfectionem
3151 4511 3332 4560 trans-

95 4591 354 4663 I‘pazpai';,
383 4593 444 4645 τὸ
471 4591 626 4654 κλέος
649 4593 708 4642 ὲν
728 4593 862 4660 τιμῇ
890 4590 1262 4661 ἁσυνεικάστῳ
1284 4590 1377 4650 καὶ
1407 4589 1657 4659 διηνεκεῖ,

97 4687 158 4739 τὰ
179 4685 412 4758 βραδεῖα
444 4687 504 4737 ὲν
527 4682 746 4754 Χριστῴ
777 4682 950 4753 Ἰησοῦ
977 4681 1055 4752 τῷ
1084 4683 1270 4754 Κυρίῳ
1295 4683 1479 4754 ἡμῶν·
1510 4683 1576 4735 δι’
1601 4677 1660 4736 οὗ

97 4776 182 4828 καὶ
211 4775 329 4846 μεθ’
357 4769 419 4828 οὗ
463 4774 590 4838 δόξα
632 4773 710 4843 τῷ
741 4773 914 4844 Πατρὶ
960 4774 1055 4826 σὺν
1085 4774 1224 4843 ἁγίῳ
1269 4771 1547 4843 Πνεύματι
1584 4775 1664 4838 είς

99 4871 312 4932 αἰῶνας.
352 4870 549 4938 Ἀμην.

99 4979 246 5032 quem
309 4965 458 5017 nulla
519 4963 836 5030 conjectura
891 4969 1070 5038 potest
1121 4962 1373 5032 assequi,
1431 4963 1649 5032 praemia

1758 4595 1866 4648 itus
1899 4603 2020 4658 est,
2056 4594 2366 4649 eoi-uindem
2402 4595 2460 4648 in
2495 4593 2750 4650 felicitate
2787 4609 2943 4659 sors,
2985 4597 3038 4650 in
3090 4599 3328 4653 sanctis-

1763 4685 1915 4740 simis
1944 4685 2232 4740 domiciliis
2263 4686 2409 4742 iuter
2435 4688 2748 4758 angelorum
2791 4689 2986 4744 choros
3017 4698 3325 4755 versantur,

1773 4777 2038 4832 habitatio
2064 4777 2118 4830 in
2154 4778 2314 4840 coelo,
2347 4781 2642 4849 occupatio
2673 4780 2728 4834 in
2771 4782 2945 4836 sacris
2975 4779 3193 4836 Litteris
3219 4789 3326 4847 est,

1766 4869 1936 4924 decus
1967 4884 2032 4922 ac
2063 4869 2320 4940 splendor
2352 4873 2689 4940 sempiterno
2727 4873 2780 4926 in
2825 4873 3030 4928 honore
3055 4874 3327 4938 consistit,

1726 4963 1963 5033 denique
2010 4965 2064 5018 in
2123 4963 2343 5018 Christo
2429 4963 2558 5020 Jesu
2619 4966 2847 5021 Domino
2901 4975 3091 5019 nostro
3151 4965 3329 5035 posita

101 5071 256 5126 sunt;
307 5075 405 5130 per
450 5073 641 5128 quem,
673 5067 728 5112 et
773 5073 1006 5128 quocum
1055 5058 1222 5128 gloria
1275 5057 1418 5113 Patri
1468 5075 1590 5115 cum
1631 5068 1822 5114 sancto
1851 5058 2056 5130 Spiritu
2088 5060 2141 5112 in
2170 5061 2390 5113 saecula.
2422 5061 2613 5114 Amen.

161 5151 664 5224 Προσαγορεύουσιν
706 5151 850 5222 ὑμᾶς
889 5152 1086 5215 πάντες
1118 5154 1164 5205 οἱ
1206 5153 1440 5222 ἀδελφοί.
1478 5155 1655 5226 Προσ-

103 5241 274 5296 ιίπατε
307 5244 364 5296 δὲ
395 5243 487 5296 καὶ
518 5243 670 5297 αὐτοὶ
697 5243 902 5307 πάντας
932 5244 1058 5308 τοὺς
1091 5244 1218 5313 παρ’
1249 5246 1378 5314 ὑμῖν
1397 5245 1658 5316 ἀδελφοὺς

103 5337 310 5398 πιστοὺς
349 5335 678 5406 ὀρθοδόξους,
717 5333 1044 5403 στυγοῦντας
1093 5335 1468 5407 ὑπερηφανίαν
1494 5378 1508 5402 ,
1562 5355 1652 5407 μι-

160 5512 180 5542 ¹
214 5509 346 5582 Reg.
374 5511 648 5566 ἀπολλύει.

727 5515 748 5544 ²
769 5511 828 5566 F.
862 5512 1201 5583 ἀντέχεσθαι.
1280 5513 1300 5544 ³
1329 5513 1459 5570 Luc.
1485 5532 1544 5581 tt,
1576 5515 1664 5570 55.

159 5691 266 5760 (Η)
299 5689 364 5742 '0
414 5687 636 5756 κλῆρος
655 5685 852 5742 αὐτῶν
887 5688 958 5742 ἐν
997 5690 1398 5758 μακαριότητι.
1429 5689 1502 5745 Ex
1539 5691 1638 5745 hoc

105 5755 210 5814 loco
255 5755 602 5814 manifestam
635 5769 750 5826 est,
793 5755 1127 5828 sanctorum,
1154 5755 1239 5815 ubi
1294 5755 1356 5814 ex
1395 5763 1493 5816 hac
1537 5764 1642 5816 vita

1833 5155 2035 5210 Omnes
2072 5169 2170 5208 vos
2211 5155 2410 5207 fratres
2459 5155 2753 5222 plurimum
2798 5152 3058 5206 salutant.
3107 5147 3216 5204 Vos
3247 5149 3329 5204 vi-

1762 5246 1951 5300 cissim
1985 5247 2214 5300 salutem
2259 5244 2537 5307 omnibus,
2569 5247 2660 5313 qui
2709 5244 2850 5313 apud
2903 5259 3000 5298 vos
3031 5249 3179 5303 sunt,
3215 5239 3328 5294 fra-

1761 5339 1934 5392 tribus
1954 5339 2140 5400 dicite,
2183 5337 2283 5391 hoc
2313 5347 2398 5391 est
2431 5338 2681 5391 fidelibus
2715 5339 2944 5389 sincera:
2993 5336 3114 5390 fidei
3151 5335 3328 5388 culto-

1739 5516 1760 5547 ⁵
1783 5513 1980 5570 Ezech.
2007 5531 2087 5580 tu,
2113 5515 2202 5569 27.
2280 5516 2300 5546 ⁵
2333 5515 2465 5570 Luc.
2501 5533 2537 5582 I,
2569 5515 2658 5571 28.

1747 5691 2116 5756 disresserint,
2163 5691 2372 5746 animas
2419 5693 2628 5748 cmlestl
2682 5693 2934 5750 felicitate
2971 5693 3198 5764 perfrui,
3227 5707 3326 5750 no-

1749 5779 1854 5832 que
1884 5779 2194 5832 supremum
2224 5764 2418 5834 judicii
2453 5775 2663 5834 tempus
2691 5777 3026 5834 exspectare.
