3790 6212
502 318 607 374 739

1915 310 1971 367 ὃ.
2032 308 2367 365 ΕΙῚΡΙΙΑΝΙΙ
3602 308 3672 367 τω

502 431 675 494 ribus,
725 429 815 498 qui
878 428 1187 499 superbiam
1244 436 1583 492 aversantur,
1616 427 1708 497 qui
1746 429 2071 481 Arianorum

2179 424 2403 486 σοῦντας
2430 422 2713 475 κοινωνίαν
2751 420 3063 492 Ἀρειανῶν,
3107 421 3202 473 καί
3229 416 3571 472 Σαϐελλιανῶν
3593 423 3674 491 ἐρε-

503 521 947 576 communionem
982 526 1037 572 et
1077 518 1512 573 Sabellianorum
1571 520 1893 589 proterviam
1941 520 2073 573 ode-

504 620 652 676 runt,
692 612 786 682 qui
832 610 1363 666 consubstantialem
1399 610 1718 664 Trinitatem
1760 610 2073 680 profitentes

504 703 734 758 adorant
789 702 1036 764 Patrem,
1080 709 1133 756 et
1162 702 1381 765 Filium,
1406 710 1459 756 et
1488 701 1748 773 Spiritum
1799 710 2071 765 sanctum,

506 803 620 851 tres
668 809 961 865 personas,
1004 804 1058 848 et
1091 810 1251 848 unam
1290 796 1689 859 substantiam,
1728 810 1791 848 ac
1821 794 2074 848 divinita-

506 894 634 951 tem,
664 900 941 954 unamque
993 884 1241 954 gloriam,
1274 885 1475 955 quique
1512 885 1579 939 de
1639 885 1863 939 salutari
1895 886 2075 939 incar-

507 978 746 1031 nationis
771 975 988 1028 Domini
1020 977 1278 1045 mysterio
1308 976 1520 1029 sincere
1574 990 1637 1028 ac
1669 976 1807 1028 citra
1833 990 2076 1029 errorem

507 1070 787 1132 sentiunt,
821 1082 885 1121 ac
915 1066 1191 1121 Christum
1227 1068 1385 1135 plane
1411 1067 1684 1120 hominem
1713 1082 1834 1121 esse
1868 1065 2073 1119 factum

506 1161 921 1230 perfectumque
960 1158 1166 1228 1057
1212 1158 1411 1221 Deum,
1454 1174 1516 1211 ac
1557 1158 1854 1226 perfectum
1905 1158 2076 1210 homi—

506 1268 628 1305 nem
662 1252 1023 1312 arbitrantur,
1057 1252 1263 1320 peccati
1294 1252 1471 1304 omnis
1495 1260 1767 1320 expertem
1799 1290 1811 1310 ,
1838 1253 1927 1319 qui
1960 1265 2077 1303 cor-

510 1358 612 1408 pus
647 1343 711 1393 de
737 1339 906 1393 Maria
938 1342 1264 1408 susceperit,
1298 1357 1403 1394 una
1436 1356 1557 1395 cum
1585 1342 1763 1393 aniu‘ia
1796 1352 1844 1393 et
1875 1348 2071 1400 mente,

507 1431 853 1500 ceterisque,
886 1429 1091 1498 quibus
1125 1431 1400 1483 hominum
1432 1438 1622 1484 natura
1652 1439 1864 1483 constat
1891 1450 1903 1483 :
1939 1430 2075 1483 adeo

508 1534 564 1577 ut
591 1539 696 1576 non
723 1510 832 1575 duo
859 1523 992 1586 sint,
1035 1523 1130 1576 sed
1161 1538 1303 1577 unus
1330 1524 1607 1584 Dominus,
1637 1538 1885 1591 unusque
1908 1521 2073 1586 Deus,

508 1632 650 1669 unus
680 1630 793 1678 rex,
837 1630 979 1669 unus
1016 1614 1284 1683 pontifex,
1320 1613 1462 1669 Deus
1494 1627 1545 1668 et
1596 1615 1780 1679 homo,
1819 1615 1982 1667 homo
2012 1629 2076 1669 ac

506 1703 685 1769 Deus;
726 1720 835 1757 non
882 1704 1028 1771 duo,
1062 1703 1161 1757 sed
1208 1719 1384 1767 unus,
1427 1704 1676 1773 inquam,
1720 1720 1786 1758 ex
1836 1704 2068 1772 duplicis

2177 517 2413 586 σχελίσιν,
2439 515 2714 585 τιμῶντας
2737 514 2793 565 δὲ
2818 515 3115 583 ὁμοουσίως
3135 512 3233 580 τὴν
3258 511 3473 581 Τριὰδα,
3495 512 3673 580 Πατέρα,

2174 610 2269 662 καὶ
2298 608 2446 673 Υίὸν,
2479 608 2573 659 καὶ
2606 606 2760 673 ἆγιον
2791 603 3039 674 Πνεῦμα,
3063 605 3213 673 τρεῖς
3244 603 3563 665 ὑποστάσεις,
3588 605 3676 673 μίαν

2173 702 2380 763 οὐσίαν,
2420 700 2513 752 καὶ
2543 694 2962 767 θεότητα’μίαν,
2998 696 3091 746 καὶ
3134 692 3460 756 ἁπαξαπλῶς
3490 693 3597 761 μίαν
3621 694 3677 746 δο-

2176 792 2420 859 ξολογίαν
2442 807 2455 819 ·
2506 790 2598 843 καὶ
2629 789 2702 859 μὴ
2737 786 3138 856 σφαλλομένους
3180 784 3311 853 περί¹
3353 785 3448 851 τὴν
3488 784 3569 836 τοῦ
3597 786 3677 837 Συ-

2173 880 2337 949 τῆρος
2366 878 2521 948 ἡμῶν
2563 879 2825 947 σωτήριον
2855 875 3163 943 οἰκονομίαν
3190 871 3282 924 καὶ
3323 870 3564 941 ἐνσαρκον
3584 890 3680 945 πειρ-

2174 972 2381 1031 ουσίαν,
2406 970 2540 1023 ἁλλὰ
2567 968 2921 1029 πιστεύοντας
2947 966 3166 1029 τελείως
3203 964 3297 1034 τὴν
3332 962 3550 1033 Χριστοῦ
3572 966 3679 1016 ἐνίει-

2176 1062 2476 1135 θρώπησιν,
2504 1060 2707 1113 τέλειον
2730 1060 2881 1121 Θεὸν,
2911 1058 3111 1110 τέλειον
3134 1056 3224 1107 τὸν
3253 1053 3413 1107 αὐτὸν
3444 1053 3679 1124 ἄνθρωπον,

2175 1157 2342 1225 χωρὶς
2371 1152 2661 1223 ἁμαρτίας,
2687 1150 2923 1203 λαϐόντα
2955 1148 3086 1203 αὐτὸ
3116 1148 3178 1200 τὸ
3204 1147 3361 1215 σῶμα
3382 1144 3484 1197 άπὸ
3503 1147 3681 1214 Μαρίας,

2176 1248 2268 1298 καὶ
2302 1244 2475 1314 ψυχὴν
2506 1243 2757 1306 λαϐόντα,
2808 1240 2901 1293 καὶ
2938 1239 3064 1293 νοῦν
3102 1239 3195 1291 καὶ
3234 1238 3412 1290 πάντα
3439 1236 3487 1287 εί
3510 1236 3556 1286 τί
3582 1238 3683 1289 im

2175 1337 2490 1404 ἄνθρωπος,
2527 1334 2694 1404 χωρὶς
2739 1332 3037 1403 ἁμαρτίας.
3084 1330 3143 1383 οὐ
3178 1328 3271 1382 δύο
3301 1330 3451 1392 ὄντα,
3492 1328 3588 1381 ἀλλ’
3619 1330 3684 1382 ἔνι

2176 1429 2398 1498 Κύριον,
2436 1431 2529 1481 ἕνα
2578 1427 2730 1488 Θεὸν,
2765 1427 2863 1479 ἕνα
2897 1425 3139 1495 βασιλέα,
3168 1424 3263 1477 ἕνα
3305 1424 3570 1494 ἀρχιερέα,
3594 1424 3685 1477 Θεὸν

2177 1521 2270 1573 καὶ
2296 1519 2597 1591 ἄνθρωπον,
2630 1518 2914 1587 ἄνθρωπον
2946 1519 3035 1571 καὶ
3066 1517 3219 1577 Θεὸν,
3252 1517 3313 1568 ού
3348 1516 3459 1573 δύο.
3487 1515 3583 1567 ἁλλ’
3603 1516 3684 1577 ἕνα,

2178 1611 2543 1664 συνενωθέντα
2574 1613 2674 1663 οὐκ
2703 1613 2782 1674 είς
2825 1610 3104 1679 σύγχυσιν,
3135 1610 3241 1661 οὐδ’
3274 1611 3358 1671 είς
3391 1610 3685 1678 ἀνυπαρξιαν,

2179 1704 2290 1756 ἁλλ’
2321 1707 2400 1766 εἰς
2434 1704 2674 1773 μεγάλην
2700 1704 2919 1774 χάριτος
2940 1704 3270 1773 οἰκονομίαν.
3300 1700 3588 1771 Ἔρρωσθε.

506 1810 713 1856 natura:
774 1800 1159 1869 conjunctione
1227 1800 1513 1858 conﬂatus.
1547 1816 1651 1854 non
1720 1812 1780 1854 ut
1844 1800 2047 1869 aliquid
2104 1801 2415 1859 confusum.
2449 1810 2541 1854 aut
2582 1801 2633 1853 in
2691 1802 2917 1855 nihilum
2964 1802 3239 1855 redactum
3286 1798 3395 1860 sit,
3452 1796 3539 1850 sed
3574 1797 3688 1851 ineo

511 1898 698 1951 omnia
734 1896 845 1951 sint
879 1895 946 1949 ad
979 1910 1250 1950 summam
1276 1896 1472 1949 divinae
1505 1896 1694 1964 gratiae
1734 1896 2255 1950 administrationem
2288 1895 2546 1965 perfecta.
2574 1894 2777 1950 Valete.

579 1990 690 2045 Hoc
719 1991 961 2060 epistola:
991 1993 1241 2059 exemplo
1275 1990 1537 2053 contenti,
1573 1989 1716 2057 quod
1754 1989 1820 2042 ad
1859 1989 2073 2042 illorum

2248 1987 2337 2057 Τῷ
2384 1988 2442 2041 δὲ
2494 1988 2593 2057 τῆς
2641 1987 2929 2059 ἐπιστολῆς
2978 1987 3296 2057 ἀντιγράφω
3355 1983 3687 2062 ἀρκεσθέντες.

506 2082 866 2138 refellendum
894 2096 1139 2135 errorem
1184 2081 1438 2134 idoneum
1480 2088 1583 2145 est,
1621 2094 1684 2131 ac
1717 2080 1853 2133 satis
1884 2094 2074 2148 super-

508 2189 614 2244 que
641 2175 817 2244 egisse
839 2188 939 2227 nos
963 2173 1233 2236 arbitrati,
1268 2172 1336 2226 ab
1353 2172 1456 2224 hac
1483 2171 1673 2225 haeresi
1710 2170 2072 2236 discedemus,

511 2278 676 2334 quam
714 2264 985 2332 serpentis
1018 2277 1048 2316 e
1080 2260 1349 2314 foramine
1380 2261 1704 2331 prodeuntis
1759 2262 1949 2326 instar,
1986 2276 2076 2316 sa-

509 2354 850 2424 pientissima
894 2352 986 2407 Dei
1030 2352 1278 2407 doctrina
1327 2368 1389 2405 ac
1424 2353 1666 2422 potentia
1718 2354 1874 2423 (qua:
1930 2354 2076 2408 velut

510 2455 698 2516 styrax
725 2446 912 2499 orbem
938 2453 1207 2499 terrarum
1239 2443 1536 2513 fragrantia
1566 2460 1686 2507 sua,
1719 2445 1822 2498 hoc
1846 2453 1931 2499 est
1956 2461 2077 2500 san-

509 2546 721 2589 ctorum
764 2534 1092 2604 virginitatis
1132 2534 1387 2597 filiorum,
1424 2534 1582 2602 cujus
1625 2534 1685 2587 Β.
1728 2533 1893 2605 Virgo
1928 2536 2078 2606 prin-

510 2639 641 2693 ceps
671 2633 777 2687 est,
811 2624 1015 2678 virtute
1043 2624 1396 2693 complevit),
1420 2634 1473 2677 et
1495 2625 1647 2679 illius
1678 2626 1955 2695 praesidio,
1982 2626 2077 2696 qui

509 2730 607 2784 per
638 2713 882 2769 eamdem
918 2712 1192 2784 Virginem
1224 2715 1349 2768 huic
1374 2716 1576 2770 mundo
1620 2716 1801 2771 lumen
1849 2718 2074 2785 invexit,

510 2823 635 2862 cum
674 2807 941 2865 hactenus
977 2808 1030 2861 in
1065 2809 1238 2862 lucem
1276 2810 1603 2871 eruerimus,
1641 2818 1805 2878 atque
1834 2812 2075 2867 exitialis

510 2899 657 2953 illius
709 2899 964 2967 nequitia}
1016 2899 1167 2954 virus
1219 2900 1676 2970 patefecerimus,
1732 2904 1798 2956 ad
1849 2912 2075 2962 caeteras

511 2988 815 3044 orationem
845 2989 1304 3059 promovebimus,
1339 3006 1447 3059 (luo
1472 2991 1600 3045 huic
1623 2993 1775 3062 operi
1817 2994 2080 3062 singulari

513 3078 606 3133 Dei
653 3095 753 3149 ope
803 3088 1056 3149 suscepto
1101 3080 1259 3136 linem
1310 3081 1605 3151 aliquando
1659 3083 1876 3139 tandem
1917 3086 2074 3141 adbi—

513 3170 760 3226 beamus.

815 3283 1183 3339 ADVERSUS
1220 3283 1791 3350 COLLYRIDIANOS,

2175 2080 2353 2143 καλῶς
2398 2081 2573 2151 ἔχοντι
2604 2081 2739 2151 πρὸς
2773 2080 2870 2150 τὴν
2903 2081 3109 2133 τούτων
3141 2078 3417 2131 ἀντίθεσιν
3437 2118 3451 2139 ,
3500 2078 3591 2138 ἓως
3621 2069 3690 2128 ὧδε

2178 2172 2375 2233 ἱκανῶς
2400 2171 2541 2242 ἔχειν
2563 2170 2969 2240 δοκιμάζοντες,
3002 2170 3095 2223 καὶ
3121 2168 3328 2239 ταύτην
3358 2169 3418 2219 ἐν
3574 2168 3690 2234 ὑπερ·

2174 2262 2490 2332 ϐεϐηκότες,
2513 2262 2587 2325 ὡς
2618 2262 2846 2333 ἑρπετὸν
2874 2261 2981 2314 ἀπὸ
3004 2260 3145 2330 ὀπῆς
3174 2258 3486 2329 προκύψαν,
3510 2258 3584 2309 διὰ
3608 2273 3692 2308 m-

2175 2359 2304 2427 ετῆς
2356 2356 2491 2411 Θεοῦ
2534 2356 2881 2419 διδασκαλίας
2927 2372 2989 2408 τε
3040 2356 3134 2408 καὶ
3173 2354 3490 2423 δυνάμεως.
3530 2352 3610 2419 τῆς
3642 2350 3692 2412 ὡς

2178 2452 2443 2522 στύρακος
2486 2451 2753 2521 πνεούσης
2794 2448 3045 2519 εύοδμίαν
3077 2450 3135 2500 ὲν
3181 2448 3377 2516 κόσμῳ
3426 2446 3507 2497 ἐπ’
3550 2444 3692 2515 ἀρετῇ,

2176 2544 2270 2596 καὶ
2309 2542 2477 2611 ἁγίων
2512 2542 2715 2594 παίδων
2746 2540 2845 2609 τῆς
2880 2538 3194 2609 παρθενίας,
3236 2536 3347 2589 ἀπὸ
3395 2533 3597 2604 Μαρίας
3625 2534 3694 2602 ἁρ-

2177 2632 2411 2704 ξαμένης
2437 2633 2534 2703 τῆς
2562 2632 2743 2699 ἁγίας,
2776 2630 2864 2683 διὰ
2888 2628 2980 2683 τοῦ
3015 2628 3074 2693 ἐξ
3100 2628 3270 2696 αὐτῆς
3311 2624 3431 2695 φῶς
3454 2624 3527 2695 τῷ
3555 2626 3695 2693 κόσμῳ

2177 2726 2557 2787 ἀνατείλαντος
2579 2766 2592 2790 ,
2620 2722 2985 2790 διελέγξαντες
3004 2762 3019 2787 ,
3058 2720 3153 2773 καὶ¹
3179 2718 3269 2771 τὸν
3304 2718 3477 2771 κακὸν
3525 2716 3591 2768 ίδν
3628 2716 3695 2783 τῆς

2178 2816 2514 2888 ἐρπετώδους
2554 2814 2853 2885 μοχθηρίας
2885 2811 3063 2865 αὐτῶν
3107 2810 3497 2875 ἐπιδείξαντες,
3528 2808 3606 2860 ἐπὶ
3629 2810 3695 2868 τὰς

2178 2910 2369 2980 ἐτέρας
2414 2909 2570 2962 πάλιν
2616 2908 2954 2977 βαδίσωμεν,
2990 2906 3069 2967 εἰς
3110 2903 3395 2956 τελείωσιν
3426 2902 3521 2972 τῆς
3562 2901 3695 2967 πάσης
3756 2930 3757 2957 ῖ

2178 3002 2234 3053 ὲν
2267 3000 2385 3070 Θεῴ
2419 3001 2815 3070 πραγματείας.

2557 3286 2743 3337 ΚΑΤΑ
2783 3280 3368 3344 ΚΟΛΛΥΡΙΔΙΑΝΩΝ,

517 3372 621 3440 Qui
679 3372 869 3428 Maria:
920 3376 1242 3444 sacriﬁcia»:
1290 3373 1534 3445 offerunt,
1560 3379 1772 3433 hwresis
1796 3378 1946 3445 LIX,
1974 3381 2075 3436 sive

2185 3377 2303 3432 Τῶν
2322 3376 2396 3445 τῇ
2413 3376 2603 3443 Μαρίᾳ
2626 3375 3107 3445 προσφερόντων,
3133 3369 3521 3445 πεντηκοστὴ
3540 3369 3697 3434 ἐνάτη,

1172 3445 1434 3500 LXXIX.

584 3534 625 3587 Ι.
666 3534 797 3590 Post
846 3537 1183 3606 superiorem
1233 3540 1381 3593 illam
1435 3539 1687 3602 haeresin,
1734 3542 1977 3610 proxime
2012 3543 2091 3598 ad

514 3640 615 3681 nos
662 3627 886 3683 alterius
924 3628 1208 3697 cujusdam
1266 3632 1407 3683 fama
1462 3632 1665 3701 perlata
1716 3641 1829 3697 est,
1878 3633 1943 3687 de
1972 3651 2078 3704 qua

514 3718 677 3787 paulo
720 3727 844 3773 ante
889 3720 1216 3773 mentionem
1249 3720 1304 3773 in
1335 3721 1563 3790 epistola
1595 3721 1685 3775 illa
1724 3722 2076 3789 faciebamus,

515 3825 678 3878 quam
731 3810 798 3863 de
845 3808 1015 3863 Maria
1062 3810 1282 3881 Virgine
1322 3812 1375 3864 in
1422 3812 1678 3866 Arabiam
1726 3816 2073 3883 scripsimus.

515 3898 641 3954 Haec
669 3900 813 3953 enim
846 3901 1063 3956 haeresis
1104 3902 1157 3955 in
1196 3902 1451 3956 Arabiam
1482 3919 1511 3957 e
1537 3903 1764 3958 Thracia
1798 3922 1862 3960 ac
1916 3923 2081 3977 supe-

514 3994 658 4049 riore
686 3992 908 4064 Scythia
941 3994 1136 4048 diffusa
1194 3995 1259 4048 ad
1294 4010 1459 4050 aures
1486 4013 1661 4067 usque
1696 4006 1912 4054 nostras
1958 4014 2080 4069 per-

512 4087 680 4143 venit.
713 4086 844 4153 Qua:
878 4087 1097 4155 quidem
1147 4087 1289 4157 apud
1326 4088 1619 4157 prudentes
1651 4090 1901 4146 homines
1949 4092 2078 4146 ridi-

513 4180 636 4233 cula
673 4194 735 4233 ac
772 4178 1003 4232 ludibrio
1040 4178 1198 4249 digna
1231 4191 1505 4234 censetur.
1557 4180 1662 4235 Sed
1710 4197 1809 4238 nos
1860 4198 2080 4240 errores

512 4271 660 4325 illius
708 4271 975 4341 detegere,
1030 4285 1094 4324 ac
1144 4270 1276 4339 quid
1328 4271 1446 4340 ipsa
1498 4273 1814 4342 profiteatur
1866 4276 2081 4344 aperire

512 4363 861 4429 conabimur;
914 4378 1017 4418 nec
1050 4363 1238 4417 dubito
1290 4365 1425 4432 quin
1476 4366 1723 4420 stultitia:
1757 4368 2075 4436 plurimum,

514 4455 791 4523 sapientia:
820 4470 889 4509 ne
927 4456 1208 4509 minimum
1241 4457 1459 4525 quidem
1513 4458 1712 4513 habere
1756 4458 2074 4530 judicetur:

515 4546 820 4613 cujusmodi
863 4555 1088 4600 caeteras
1119 4562 1309 4601 omnes
1353 4547 1477 4602 huic
1508 4548 1692 4603 afﬁnes
1723 4565 1847 4605 esse
1876 4564 2079 4621 cogno-

2559 3446 2596 3510 ἡ
2641 3441 2738 3497 καὶ
2778 3441 3118 3508 ἐπτακοστὴ
3156 3441 3364 3508 ἐνάτη.

2248 3539 2325 3591 A'.
2376 3537 2534 3608 Ἑξῆς
2571 3537 2627 3589 δὲ
2660 3536 2831 3607 ταύτῃ
2879 3538 2956 3598 είς
2990 3537 3177 3605 φήμην
3231 3534 3476 3604 πέφηνεν
3518 3532 3698 3603 αἵρεσις.

2180 3631 2305 3701 περὶ
2352 3624 2420 3699 ἧς
2458 3629 2555 3699 ἤδη
2609 3629 2998 3699 ὑπεμνήσαμεν
3031 3626 3195 3697 ὀλίγῳ
3227 3628 3285 3678 ὲν
3316 3628 3388 3696 τῇ
3419 3625 3517 3695 πρὸ
3547 3624 3699 3687 ταύτης

2178 3723 2264 3776 διὰ
2286 3723 2381 3792 τῆς
2407 3722 2486 3784 εἰς
2536 3719 2791 3791 Ἀραϐίαν
2816 3718 3119 3789 γραφείσης
3148 3717 3456 3787 ἐπιστολῆς,
3491 3716 3579 3785 τῆς
3607 3716 3697 3783 mp“.

2177 3816 2274 3885 τῆς
2312 3814 2525 3882 Μαρίας
2559 3812 2804 3883 ἐχούσης.
2856 3813 2964 3864 Καὶ
2994 3812 3131 3883 αὐτη
3162 3810 3218 3863 δὲ
3263 3812 3295 3880 ἡ
3331 3812 3540 3881 αἵρεσις
3580 3808 3697 3859 πάλιν

2179 3907 2235 3957 ἐν
2267 3907 2332 3974 τῇ
2382 3904 2606 3973 Ἀραϐίᾳ
2632 3904 2739 3956 ἀπὸ
2766 3903 2863 3973 τῆς
2902 3903 3123 3974 Θρᾴκης
3154 3902 3248 3956 καὶ
3283 3902 3397 3955 τῶν
3425 3903 3530 3955 άνω
3563 3899 3697 3969 μερῶν

2178 3996 2277 4065 τῆς
2312 3994 2544 4057 Σκυθίας
2578 3994 2878 4064 ἀνεδείχθη,
2908 3994 3000 4047 καὶ
3042 3995 3118 4056 είς
3165 3992 3323 4064 ἡμῶν
3357 3993 3524 4054 ἀκοάς
3555 3990 3698 4059 ἀνηνέ-

2178 4088 2314 4159 χθη·
2347 4088 2468 4157 ἥτις
2518 4088 2635 4139 ἐστὶ
2686 4088 2780 4140 καὶ
2813 4088 2950 4157 αὕτη
2998 4087 3202 4155 γελοῖος
3253 4086 3349 4139 καὶ
3400 4084 3586 4156 χλεύης
3627 4081 3697 4150 Ept-

2178 4178 2353 4242 πλεως
2402 4177 2551 4248 παρὰ
2598 4179 2707 4239 τοῖς
2749 4180 2989 4241 συνετοῖς
3019 4176 3405 4247 εὑρισκομένη.
3451 4172 3696 4246 Ἀρξὸμεϐι

2177 4271 2305 4342 περὶ
2326 4269 2493 4339 αὐτῆς
2519 4272 2790 4339 φωρᾶσαι,
2814 4270 2906 4322 καὶ
2928 4269 2995 4322 τὰ
3019 4269 3139 4322 κατ’
3160 4268 3331 4339 αὐτὴν
3361 4265 3694 4338 διηγήσασθαι.

2176 4362 2436 4431 Εὺηθείας
2460 4362 2564 4430 γὰρ
2586 4360 2781 4430 μᾶλλον
2803 4360 3121 4432 κριθήσεται
3139 4362 3281 4432 ἥπερ
3297 4360 3559 4423 συνέσεως
3574 4357 3694 4423 αὓτη·

2176 4455 2355 4518 καθὼς
2372 4456 2463 4508 καὶ
2478 4455 2635 4508 ἄλλαι
2662 4457 2841 4524 ὁμοῖαι
2862 4453 3032 4526 ταύτῃ
3048 4449 3205 4524 ἦσαν.
3240 4455 3326 4517 Ὠς
3355 4455 3465 4526 γάρ

2174 4546 2260 4600 διὰ
2275 4547 2371 4617 τῆς
2387 4546 2520 4616 πρὸς
2534 4546 2747 4614 Μαρίαν
2763 4546 2969 4618 ὕϐρεως
2984 4547 3031 4597 οἱ
3049 4545 3293 4609 δόξαντες
3310 4544 3481 4598 ταῦτα
3500 4540 3697 4595 ὑπονοεῖν

514 4637 712 4692 vimus.
749 4637 882 4691 Nam
917 4647 974 4691 ut
1013 4640 1173 4709 paulo
1221 4649 1370 4706 ante,
1416 4641 1507 4711 qui
1553 4644 1890 4712 superiorem
1925 4643 2073 4697 illam

2179 4635 2441 4708 βλαϐερὰς
2479 4638 2731 4701 ὑπονοίας
2775 4638 3054 4708 σπείρουσι
3082 4638 3361 4706 λογισμοῖς
3396 4634 3691 4708 ἀνθρώπων

514 4737 719 4786 sectam
774 4730 1004 4799 amplexi
1048 4738 1199 4795 sunt,
1242 4732 1666 4787 contumeliosas
1699 4735 1754 4787 in
1801 4733 1861 4787 B.
1900 4733 2075 4805 Virgi-

2179 4723 2319 4777 οὖτω
2362 4726 2453 4778 καὶ
2488 4718 2635 4778 οὗτοι
2673 4727 2764 4779 ἐπὶ
2794 4725 2855 4778 τὸ
2887 4726 3074 4797 ἕτερον
3127 4726 3290 4797 μέρος
3335 4726 3615 4786 κλίναντες,
3655 4724 3696 4772 ὲν

516 4834 637 4873 nem
673 4818 954 4888 opiniones
986 4819 1263 4874 hominum
1294 4822 1523 4892 ingeniis
1559 4832 1953 4894 asperserunt;
1996 4826 2075 4881 sic

2179 4816 2440 4887 ἁκρότητι
2475 4816 2677 4887 βλάϐης
2706 4817 3213 4888 καταλαμϐάνοντες
3254 4819 3269 4848 ¹
3294 4832 3306 4845 '
3351 4818 3497 4879 ὅπως
3525 4816 3696 4868 κάκεῖνο

514 4910 603 4964 isti
643 4912 971 4965 contrariam
998 4913 1053 4965 in
1086 4921 1291 4982 partem
1339 4915 1695 4980 declinantes,
1732 4917 1946 4988 1058
1984 4934 2075 4973 ex-

2179 4909 2238 4962 τὸ
2268 4908 2418 4980 παρά
2441 4925 2549 4961 τισι
2572 4908 2677 4960 τῶν
2709 4906 2906 4972 ἔξωθεν
2936 4908 3238 4978 φιλοσόφων
3266 4908 3635 4979 ᾁδόμενον,καὶ
3655 4906 3696 4954 ἐν

515 5011 740 5057 tremam
790 5003 846 5057 in
903 5019 1100 5057 noxam
1151 5020 1216 5060 ac
1290 5007 1580 5076 perniciem
1639 5008 1972 5073 inciderunt,
2016 5019 2075 5064 ut

2179 5003 2357 5065 αὐτοῖς
2379 5000 2787 5073 πληρωθήσεται
2806 5003 2862 5054 ὲν
2880 4996 2956 5072 τῷ
2970 5001 3164 5070 λέγειν⁸
3179 4997 3695 5071 ΜακαρέτητεςἾσά

513 5096 797 5165 gentilium
837 5096 1280 5166 philosophorum
1329 5098 1542 5153 celebre
1594 5099 1725 5153 illud
1776 5100 1980 5154 dictum
2019 5102 2073 5153 in

516 5186 651 5253 ipsis
696 5186 1079 5252 comprobetur
1110 5204 1123 5240 :
1158 5185 1528 5241 Extremitates
1562 5190 1889 5257 wqualitates
1938 5205 2073 5245 esse.

517 5275 791 5345 Siquidem
828 5291 925 5345 par
952 5284 1005 5330 et
1041 5276 1179 5331 idem
1228 5292 1293 5332 ex
1336 5278 1600 5333 ambabus
1635 5279 1934 5333 lweresihus
1986 5280 2077 5334 de-

513 5370 823 5423 trimentum
858 5369 1075 5432 accidit,
1124 5385 1247 5423 cum
1294 5370 1385 5422 alii
1428 5382 1787 5426 sacrosancta:
1838 5370 2074 5440 Virginis

515 5460 831 5529 dignitatem
888 5462 1121 5527 elevant,
1171 5462 1261 5515 alii
1311 5473 1504 5531 przeler
1553 5466 1770 5516 modum
1805 5479 1869 5518 ac
1916 5465 2075 5517 ratio-

514 5564 635 5603 nem
668 5552 937 5607 attollant.
972 5552 1104 5606 Nam
1136 5554 1278 5625 quod
1312 5555 1378 5609 ad
1423 5556 1691 5625 posterius
1734 5556 1835 5610 hoc
1874 5556 2070 5625 dogma

2180 5112 2371 5160 τητες·
2403 5096 2520 5163 ’Ἱση
2554 5094 2660 5164 γὰρ
2692 5095 2775 5147 ἐπ’
2809 5094 3143 5164 ἀμφοτέραις
3182 5094 3403 5157 ταύταις
3438 5097 3547 5156 ταῖς
3584 5090 3696 5160 αἱρέ-

2186 5204 2330 5239 σεσιν
2364 5189 2395 5256 η
2437 5186 2607 5258 βλάϐη
2629 5204 2643 5218 ο
2679 5188 2787 5241 τῶν
2823 5188 2919 5258 μὲν
2951 5188 3432 5252 κατευτελιζὸντων
3456 5188 3548 5255 τὴν
3572 5183 3695 5250 ἁγίαν

2185 5277 2474 5348 Παρθένον,
2519 5277 2625 5330 τῶν
2670 5277 2727 5329 δὲ
2774 5277 2936 5331 πάλιν
2990 5278 3128 5348 ὑπὲρ
3160 5277 3219 5330 τὸ
3246 5277 3361 5330 δέον
3392 5274 3692 5340 δοξαζόντων,

2183 5365 2341 5423 υῦτοι
2385 5369 2494 5441 γὰρ
2539 5371 2587 5421 οἱ
2621 5368 2777 5423 τοῦτο
2826 5369 3162 5432 διδάσκοντες
3194 5369 3335 5433 τίνες
3383 5368 3513 5420 εἰσὶν
3542 5364 3635 5418 ἀλλ’
3669 5362 3691 5426 ἤ

2181 5464 2469 5530 γυναῖκες;
2502 5461 2779 5516 Γυναικῶν
2812 5461 2920 5532 γὰρ
2950 5462 3011 5514 τὸ
3038 5462 3190 5531 γένος
3218 5460 3503 5521 εὐόλισθον,
3540 5455 3693 5525 .7911:-

2184 5556 2274 5624 ρὺν
2316 5555 2371 5607 δὲ
2417 5554 2509 5607 καὶ
2540 5555 2791 5608 ταπεινὸν
2832 5554 2909 5625 τῷ
2962 5556 3289 5625 φρονήματι.
3343 5552 3444 5608 Καὶ
3471 5550 3587 5603 αὐτὸ
3610 5546 3692 5613 γάρ

589 5726 606 5758 ⁸
640 5725 769 5798 Reg.
803 5728 1197 5792 καταλαϐόντες
1272 5733 1290 5763 ’
1321 5730 1450 5802 Reg.
1479 5733 1833 5802 μακρότητες.
1865 5731 2075 5802 Corrigt

2179 5772 2181 5780 ,
2211 5732 2530 5805 ἀκρότητες.
