3790 6212
91 318 172 378 ’141
720 310 1078 368 ADV'ERSUS
1114 310 1454 367 HERESES
1492 309 1619 366 LIB.

1725 349 1739 364 .
1781 308 1943 364 TUM.
1983 307 2103 362 11-
2142 309 2410 366 ΠλέΕῐῖΕΞ.
2439 309 2677 368 LXXIX.

3169 318 3276 374 7ίῖ

89 435 239 500 ἔδοξεν
259 432 362 488 ἀπὺ
392 430 663 502 γυναικῶν
689 433 720 485 6
745 432 988 496 διάϐολος
1015 431 1226 503 ἐξεμεῖν
1244 449 1258 463 ·
1289 433 1364 496 ὡς
1387 432 1482 486 καὶ
1505 431 1617 486 ἄνω

1724 417 1970 500 pertinet,
2008 444 2298 502 quosnam,
2343 440 2538 501 praeter
2609 436 2982 502 mulierculas,
3027 446 3276 494 auctores

89 527 216 599 παρὰ
257 523 570 595 Κυϊντίλλῃ,
627 524 721 576 καὶ
769 521 1113 593 Μαξιμίλλῃ,
1169 521 1264 574 καὶ
1321 520 1619 593 Πρισκίλλῃ

88 617 422 690 περιγέλαστα
445 615 513 667 τά
541 613 862 682 διδάγματα,
888 611 1029 665 οὕτω
1061 613 1154 666 καὶ
1181 611 1432 666 ἐνταῦθα.
1463 611 1618 675 Τινὲς

85 712 176 781 γὰρ
203 703 730 780 γυναῖκεςδρυρικέχ
752 720 874 758 τινα
913 703 1232 774 κοσμοῦσαι,
1281 704 1398 773 ἦτοι
1429 703 1614 774 δίφρον

87 802 412 872 τετράγωνον,
455 793 772 848 ἁπλὼσασαι
803 795 892 848 ἐπ’
925 794 1084 848 αὐτὸν
1114 794 1303 866 ὀθόνην
1336 796 1393 848 ἐν
1431 794 1615 866 ἡμέρᾳ.

84 894 173 946 τινὶ
200 887 394 958 φανερᾷ
423 886 534 954 (12)
568 885 662 939 τοῦ
713 885 882 950 ἔτους,
913 887 970 938 ἐν
994 886 1228 958 ἡμέραις
1274 886 1413 939 τισὶν
1456 886 1616 956 ἄρτον

87 978 388 1052 προτιθέασι,
419 979 512 1031 καὶ
538 978 900 1050 ἀναφέρουσιν
925 981 1006 1042 εἰς
1035 979 1206 1048 ὄνομα
1237 977 1336 1048 τῆς
1377 978 1613 1048 Μαρίας.

81 1073 136 1127 Δί
173 1072 332 1124 πᾶσαι
378 1068 436 1120 δὲ
473 1068 582 1122 ἀπὸ
622 1068 715 1122 τοῦ
759 1069 924 1140 ἄρτου
976 1067 1509 1138 μεταλαμϐάνουσιν⁸
1544 1066 1620 1130 ὡς

79 1165 130 1218 ἐν
159 1163 282 1232 αὐτῇ
330 1163 396 1232 τῇ
443 1163 521 1224 είς
562 1161 660 1232 τὴν
723 1161 981 1232 Ἀραϐίαν
1016 1160 1294 1230 ἐπιστολῇ
1319 1159 1620 1230 γράφοντες

80 1258 134 1310 ὲκ
160 1255 346 1325 μέρους
391 1253 520 1320 περὶ
568 1252 756 1306 τούτου
802 1251 1180 1322 διελέχθημεν.
1213 1248 1321 1304 Νῦν
1347 1249 1404 1304 δὲ
1435 1248 1620 1318 σαφῶς

81 1349 136 1402 τὰ
160 1347 276 1414 περὶ
303 1345 470 1414 αὐτῆς
497 1343 741 1414 λέξομεν,
770 1344 864 1398 καὶ
889 1344 992 1407 τὰς
1038 1345 1157 1396 κατ’
1193 1343 1363 1413 αὐτῆς
1393 1343 1622 1414 ἀνατρο-

81 1440 192 1502 πὰς,
221 1437 348 1490 Θεὸν
385 1437 753 1508 αἰτησάμενοι,
786 1436 927 1490 κατὰ
952 1437 1012 1489 τὸ
1046 1435 1268 1488 δυνατὸν
1311 1432 1622 1505 παραθησό-

83 1533 218 1604 μεθα,
269 1531 436 1594 ὅπως,
473 1529 572 1599 τῆς
624 1525 964 1581 εἰδωλοποιοῦ
996 1525 1198 1594 ταύτης
1235 1523 1496 1596 αἱρέσεως
1525 1520 1622 1584 τὰς

81 1624 212 1696 ῥίζας
254 1622 593 1692 ἐκτεμόντες,
645 1620 752 1673 ἀπό
783 1636 942 1673 τινων
985 1618 1085 1689 τὴν
1116 1615 1375 1686 τοιαύτην
1421 1612 1624 1666 λύσσαν

79 1713 351 1770 καταλῦσαι
380 1716 436 1767 ἐν
463 1710 582 1782 Θεῷ
619 1709 956 1782 δυνηθῶμεν.

1725 536 1790 576 ac
1839 531 2098 592 patronos
2137 523 2340 579 habet?
2377 525 2528 590 Quod
2569 541 2738 596 genus
2789 528 3082 594 lubricum,
3125 539 3176 586 et
3221 530 3278 586 in

1723 629 1964 668 errorem
2015 616 2272 684 proclive,
2321 631 2384 670 ac
2434 617 2616 685 pusilli
2655 618 2943 676 admodum
2975 629 3029 675 et
3062 623 3278 692 angusti

1712 705 1878 756 animi
1907 719 2030 759 esse
2058 706 2212 760 solet.
2244 704 2462 778 Per‘eas
2484 709 2665 778 itaque
2688 708 2940 764 diabolus
2967 712 3276 768 evomuisse

1711 795 1840 848 illud
1887 795 2118 862 videtur,
2166 799 2414 870 idemque
2446 801 2546 854 hac
2579 802 2633 854 in
2663 809 2814 871 parte
2867 801 3083 868 fecisse,
3133 820 3266 872 quor

1713 901 1810 956 per
1859 885 2214 955 Quiutillam,
2271 906 2334 944 ac
2377 891 2759 955 Maximillam,
2803 903 2856 948 et
2883 893 3185 948 Priscillam
3221 896 3272 950 ir.-

1715 978 1961 1034 ridiculis
2005 979 2112 1034 illis
2142 981 2565 1038 disseminandis
2605 987 2882 1042 erroribus
2929 989 3272 1057 praestiterat.

1715 1067 1928 1123 Etenim
1995 1072 2250 1126 mulieres
2303 1075 2548 1142 quaedam
2604 1091 2866 1142 currum,
2919 1079 3032 1133 sive
3090 1079 3282 1134 sellam

1714 1159 2034 1229 quadratam
2071 1162 2422 1228 adornantes,
2455 1179 2518 1220 ac
2546 1165 2712 1221 linteo
2753 1168 2987 1238 desuper
3033 1177 3278 1234 extento,

1716 1251 1945 1306 solemni
1996 1263 2258 1323 tempore,
2305 1271 2402 1326 per
2448 1258 2654 1326 aliquot
2683 1258 2816 1314 'dies
2860 1275 3051 1329 panem
3087 1273 3283 1330 propo-

1716 1354 1872 1403 nunt.
1905 1351 1958 1398 et
1988 1345 2042 1398 in
2079 1345 2262 1400 Maria:
2294 1364 2492 1402 nomen
2540 1349 2794 1404 offerunt.
2853 1350 2988 1406 Tum
3021 1351 3089 1404 ad
3117 1365 3282 1408 unam

1716 1447 1907 1487 omnes
1935 1434 2026 1487 illo
2063 1447 2376 1492 vescuntur.
2407 1438 2479 1494 De
2501 1455 2608 1510 quo
2637 1441 2690 1494 in
2715 1443 2944 1510 epistola
2977 1443 3089 1505 illa,
3117 1457 3277 1512 quam

1717 1523 1774 1577 in
1831 1524 2086 1581 Arabiam
2151 1531 2514 1602 scripsimus,
2572 1533 2819 1586 nonnihil
2865 1533 3278 1603 disputavimus.

1717 1611 1874 1669 Nunc
1912 1633 2040 1672 vero
2071 1622 2383 1678 accuratius
2407 1624 2618 1694 singula
2649 1639 3062 1694 prosequemur,
3093 1635 3145 1680 et
3172 1641 3282 1696 qua

1720 1705 1934 1763 ratione
1973 1711 2344 1767 convincenda
2397 1715 2489 1778 sit,
2539 1715 2823 1784 implorata
2871 1715 2966 1770 Dei
3012 1733 3133 1788 ope,
3181 1731 3281 1788 pro

79 1808 200 1860 virili
229 1804 764 1870 demonstrabimus,
809 1810 872 1855 ut
905 1801 1067 1871 hujus
1113 1799 1360 1862 haeresis,
1412 1809 1533 1866 qua:
1571 1791 1892 1853 idololatriae
1933 1805 2324 1872 superstitione
2368 1807 2642 1876 implicata
2705 1817 2809 1876 est,
2849 1809 3077 1865 succisis
3142 1810 3284 1866 radi-

62 1899 230 1960 cibus,
258 1905 462 1950 tantam
491 1911 560 1949 ex
590 1895 786 1950 animis
819 1893 1179 1964 quorumdam
1221 1889 1488 1946 insaniam
1529 1900 1592 1939 ac
1631 1885 1838 1943 rabiem
1893 1893 2076 1949 divina
2112 1912 2214 1966 ope
2245 1895 2459 1953 facilius
2484 1899 2798 1955 evellamus.

143 1994 209 2044 B'.
251 1992 386 2057 Ἀγε
431 1989 628 2054 τοίνυν,
675 1988 808 2043 Θεοῦ
846 1989 1040 2054 δοῦλοι,
1089 1985 1337 2058 ἀνδρικὸν
1371 1982 1620 2054 φρόνημα

1793 1986 1855 2040 ll.
1895 1988 2054 2059 Agite
2093 2009 2240 2068 ergo,
2291 1997 2379 2056 Dei
2415 1999 2638 2060 famuli!
2694 2002 2880 2062 viriles
2905 2003 3280 2074 concipiamus

85 2082 424 2154 ἐνδυσώμεθα,
477 2081 747 2152 γυναικῶν
777 2083 835 2138 δὲ
869 2083 1070 2138 τούτων
1116 2083 1214 2153 τὴν
1267 2079 1460 2152 μανίαν
1507 2080 1621 2132 δια-

81 2176 424 2244 σκεδάσωμεν,
461 2173 534 2227 Τὸ
587 2176 692 2228 πᾶν
745 2175 855 2246 γὰρ
905 2175 1109 2246 θήλεως
1165 2178 1197 2243 ἡ
1247 2173 1490 2237 ὑπόνοια,
1529 2170 1621 2224 καὶ

81 2269 200 2330 Εὔας
231 2267 390 2320 πάλιν
433 2267 532 2338 τῆς
577 2268 944 2338 ὰπατωμένης
973 2269 1032 2320 τὸ
1061 2267 1272 2337 νόσημα
1293 2283 1306 2296 ο
1347 2265 1542 2335 μᾶλλον
1575 2264 1618 2318 δ’

80 2363 146 2414 ὅτι
172 2358 256 2412 τοῦ
289 2359 488 2426 ὄφεως,
535 2357 630 2412 τοῦ
675 2358 1010 2430 ἐρεθιστικοῦ
1055 2358 1238 2430 θηρὸς,
1289 2357 1500 2412 καὶτοῦ
1527 2355 1620 2408 λαο

80 2455 311 2520 λήσαντος
363 2451 424 2502 ἐν
458 2450 594 2521 αὐτῇ
625 2453 657 2521 ἡ
688 2451 788 2520 τῆς
841 2452 1045 2522 πλάνης
1093 2450 1401 2521 ὑπόσχεσις,
1457 2447 1620 2519 μηδὲν

83 2547 146 2607 εἰς
172 2541 322 2612 μέσον
355 2545 615 2612 φέρουσα,
641 2541 763 2595 οὐδὲ
792 2541 860 2595 τὰ
891 2542 1290 2612 ὑπισχνούμενα
1317 2538 1618 2603 τελειοῦσα,

79 2635 228 2704 ἀλλ’ἢ
261 2633 418 2703 μόνον
449 2631 674 2686 θάνατον
701 2633 1144 2705 ἀπεργαζομένη,
1187 2635 1255 2687 τὰ
1291 2633 1365 2704 μὴ
1390 2634 1518 2687 ὄντα
1545 2631 1620 2695 ὡς

83 2728 188 2778 ὄντα
214 2723 448 2777 καλοῦσα
467 2743 480 2757 ·
509 2724 604 2777 καὶ
644 2724 732 2778 διὰ
757 2726 854 2795 τῆς
886 2727 1125 2797 ὁράσεως
1156 2724 1246 2798 τοῦ
1283 2722 1436 2788 ξύλου
1487 2739 1622 2793 παρ-

81 2819 223 2887 ακοὴν
251 2816 612 2887 ἐργαζομένη,
641 2818 732 2869 καὶ
780 2816 1125 2888 ἀποστροφὴν
1170 2816 1264 2868 ἀπ’
1311 2816 1475 2886 αὐτῆς
1522 2817 1622 2886 τῆς

83 2910 328 2980 ἀληθείας,
363 2909 458 2963 καὶ
500 2909 593 2962 τοῦ
642 2909 734 2961 ἐπὶ
782 2909 950 2961 πολλά
995 2907 1312 2980 τρέπεσθαι.
1363 2907 1621 2977 Νομίζειν

83 3004 126 3054 δὲ
151 3003 284 3054 ἔσται
315 3004 475 3053 ὁποῖα
509 3003 536 3054 6
564 2999 816 3054 ἀπατεὼν
846 3000 1085 3070 ἔσπειρε,
1120 2999 1322 3069 λέγων·
1363 3001 1622 3054 Ἐσεσθε

83 3095 147 3157 ὡς
169 3093 298 3146 θεοί.
339 3091 498 3146 Οὕτω
529 3092 624 3144 καὶ
651 3090 854 3144 τούτων
879 3092 937 3144 τὸ
968 3091 1217 3161 φρόνημα
1245 3091 1621 3162 κεπφούμενον

85 3187 134 3253 τῇ
167 3183 248 3236 τοῦ
283 3183 684 3254 προειρημένου
731 3183 896 3254 θηρὸς
950 3183 1208 3254 ἐπάρσει·
1263 3177 1416 3256 ἐφ’-ᾖ
1461 3182 1621 3252 φύσει

88 3277 218 3328 πάλιν
261 3277 350 3329 τὸν
401 3276 627 3329 θάνατον
661 3277 967 3346 ἐργάζεται,
997 3277 1071 3341 ὡς
1119 3279 1214 3330 καὶ
1256 3280 1514 3343 πολλάκις
1546 3275 1623 3332 εἷ-

87 3383 182 3417 πον.
223 3367 441 3436 Πρῶτον
493 3368 590 3437 μὲν
617 3365 725 3438 γὰρ
749 3367 908 3430 εὐθὺς
953 3367 1262 3422 διασκοπεῖν
1293 3370 1384 3422 ἀπ’
1426 3369 1619 3433 αἰῶνος

87 3455 160 3506 καὶ
191 3455 339 3526 δεῦρο
360 3473 374 3487 ·
406 3455 509 3508 τίνι
535 3456 596 3508 ού
621 3455 787 3523 σαφές
813 3457 976 3519 ἐστιν,
1005 3456 1085 3508 ὅτι
1109 3456 1374 3526 δαιμόνων
1421 3458 1536 3511 ἐστὶ
1562 3458 1622 3510 τὸ

83 3547 304 3618 δίδαγμα,
319 3549 416 3602 καὶ
433 3538 646 3620 σχῆμα,
667 3550 761 3602 καὶ
779 3548 1133 3619 ἠλλοιωμένον
1161 3549 1221 3602 τὸ
1258 3549 1506 3620 ἐπιχείρη
1517 3565 1620 3618 μα;

88 3637 182 3706 Θεῷ
211 3639 302 3707 μὲν
329 3640 426 3692 ἀπ’
457 3639 650 3703 αἰῶνος
693 3639 942 3708 οὐδαμῶς
985 3639 1122 3710 γυνὴ
1166 3639 1496 3710 ἱεράτευσεν,
1523 3639 1624 3692 οὐκ

89 3731 198 3800 αὐτὴ
231 3731 362 3794 Εὕα,
396 3731 571 3784 καίτοι
599 3749 663 3800 γε
695 3735 752 3784 ἐν
784 3732 1120 3802 παρεκϐάσει
1153 3733 1435 3803 γενομένη.
1486 3732 1622 3785 Ἀλλ’

89 3822 168 3874 οὐκ
201 3823 492 3894 ἐτόλμησεν
535 3823 615 3876 ἔτι
645 3823 838 3886 ἀσεϐὲς
867 3823 1106 3878 τοιοῦτον
1149 3824 1467 3878 ἀποτελέσαι
1502 3826 1624 3876 ἐπι-

91 3914 296 3985 χείρημα
317 3932 329 3944 ·
367 3916 430 3968 ού
470 3915 566 3986 μία
597 3915 703 3970 τῶν
735 3915 940 3987 ταύτης
973 3915 1282 3988 θυγατέρων
1303 3934 1316 3946 ·
1347 3916 1519 3970 καίτοι
1561 3933 1625 3985 γε

91 4006 164 4057 τοῦ
219 4008 376 4062 Ἀϐελ
438 4010 594 4074 εύθὺς
658 4011 1114 4082 ίερουργήσαντος
1168 4010 1318 4080 Θεῷ,
1386 4010 1478 4063 καὶ
1531 4008 1622 4062 τοῦ

93 4096 204 4150 Κάῐν
233 4099 490 4163 θύσαντος
517 4099 743 4154 ἐνώπιον
771 4101 973 4172 Κυρίου
1003 4101 1212 4164 θυσίας,
1235 4101 1347 4155 ἀλλ’
1373 4101 1433 4154 οὐ
1459 4116 1624 4171 προσ-

89 4185 380 4258 δεδεγμένας
401 4206 414 4219 ·
463 4189 629 4261 Ἑνώχ
669 4208 728 4244 τε
768 4193 1246 4264 εύαρεστήσαντος,
1277 4192 1371 4244 καὶ
1399 4207 1624 4262 μετατε-

93 4276 244 4342 θέντος
263 4296 275 4309 ·
300 4281 424 4333 Νῶε
453 4280 508 4333 δὲ
539 4282 998 4352 προσενέγκαντος
1026 4283 1090 4334 ἐκ
1115 4281 1221 4334 τῶν
1254 4281 1351 4352 τῆς
1391 4279 1622 4334 κιΰωτοῢ

95 4371 511 4442 περιεσευμάτων
561 4372 1004 4444 εὐχαριστηρίους
1049 4372 1360 4446 προσφορὰς
1409 4372 1620 4444 Κυρίῳ,

95 4461 400 4534 εὐγνώμονος
456 4463 743 4528 διαθέσεως
813 4463 1253 4528 ὑποδεικνύοντος
1306 4465 1622 4535 τεκμήριονο

93 4553 447 4624 ὁμολογοῦντος
475 4556 573 4628 τὴν
603 4557 761 4628 χάριν
795 4557 874 4628 τῷ
909 4557 1190 4614 σεσωκότι.
1232 4556 1480 4628 Ἀϐραὰμ
1513 4559 1570 4611 δὲ
1597 4557 1626 4609 6

1721 2093 1970 2148 animos,
2027 2095 2086 2140 ut
2135 2092 2572 2150 muliercularum
2626 2098 2854 2152 istarum
2908 2097 3280 2154 disturbemus

1721 2175 2032 2249 amentiam.
2065 2175 2211 2232 Nihil
2239 2183 2382 2236 enim
2417 2185 2470 2237 in
2515 2193 2629 2240 toto
2665 2187 2756 2240 illo
2797 2187 3046 2256 dogmate
3087 2197 3283 2259 praeter

1721 2263 2038 2322 muliebrem
2072 2271 2380 2338 opinionem
2424 2284 2528 2340 est,
2561 2291 2622 2330 ac
2653 2276 2893 2348 deceptae
2933 2295 3125 2334 rursus
3157 2280 3283 2336 Eva:

1721 2357 2004 2427 morbum;
2037 2361 2153 2418 sive
2187 2366 2369 2434 potius
2398 2370 2684 2439 serpentis,
2717 2372 3038 2428 incitatricis
3067 2373 3134 2428 ad
3169 2390 3284 2428 ma-

1720 2445 1832 2502 lum
1867 2449 2075 2514 bestiae,
2105 2461 2302 2512 etcum
2335 2457 2450 2527 ipsa
2481 2460 2764 2515 collocuta:
2794 2463 3026 2516 mendax
3053 2463 3284 2532 promis-

1722 2541 1828 2606 sio,
1888 2560 2009 2612 quae
2054 2546 2188 2601 nihil
2219 2549 2374 2604 affert
2408 2551 2462 2605 in
2491 2553 2749 2618 medium,
2789 2569 2966 2624 neque
3013 2555 3282 2624 promissa

1719 2633 1960 2702 perficit,
2010 2636 2106 2692 sed
2151 2648 2378 2694 mortem
2413 2648 2466 2696 et
2510 2643 2733 2697 exitium
2773 2646 3100 2710 consciscit,
3151 2646 3280 2701 dum

1720 2735 1786 2775 ea
1827 2739 1948 2792 qua:
1969 2729 2396 2796 nusquamosint,
2431 2737 2689 2800 tanquam
2718 2747 2844 2786 vera
2874 2741 2928 2787 et
2964 2733 3284 2789 exsistcntia

1722 2813 1989 2869 nominat.
2017 2815 2160 2882 Quin
2180 2825 2234 2872 et
2263 2818 2394 2873 illud
2424 2818 2603 2885 eilicit,
2639 2829 2698 2875 ut
2728 2837 2794 2878 ex
2820 2823 3032 2879 arboris
3061 2839 3284 2894 conspe-

1721 2909 1810 2952 ctu
1843 2899 1900 2954 in
1928 2899 2095 2956 Deum
2125 2911 2474 2959 contumaces
2504 2906 2632 2972 sint,
2673 2914 2727 2962 et
2765 2921 2795 2960 a
2828 2908 3053 2963 veritate
3086 2909 3284 2964 abhor-

1722 3004 1905 3051 rentes
1931 2997 1996 3050 ad
2028 2997 2196 3050 multa
2225 3013 2287 3063 ac
2307 2997 2524 3054 diversa
2555 3000 2925 3055 traducantur.
2963 3001 3284 3069 Cujusmodi

1722 3103 1852 3142 vero
1882 3088 2084 3142 semina
2111 3088 2487 3144 fraudulentus
2521 3090 2610 3144 ille
2638 3089 2829 3159 jaciat,
2861 3105 2923 3143 ex
2957 3090 3075 3158 ejus
3108 3089 3284 3145 verbis

1723 3177 2023 3232 existimari
2057 3185 2273 3248 potest:
2304 3178 2492 3242 Eritis,
2539 3180 2734 3248 inquit,
2766 3182 2900 3234 sicut
2939 3180 3082 3250 dii".
3108 3181 3286 3250 Atque

1723 3269 1910 3324 eodem
1944 3270 2102 3340 plane
2141 3270 2300 3324 modo
2339 3271 2526 3326 bestiae
2560 3271 2706 3326 illius
2753 3271 3062 3340 arrogantia
3124 3279 3288 3340 atque

1725 3362 1864 3416 fastu
1909 3363 2135 3418 istorum
2173 3365 2400 3434 spiritus
2439 3363 2758 3418 efferuntur.
2797 3364 2915 3430 Qua
2941 3365 3160 3434 quidem
3189 3380 3286 3420 su-

1725 3457 1908 3526 perbia
1949 3457 2187 3525 preprie,
2224 3465 2282 3508 ut
2321 3456 2577 3520 diximus,
2619 3465 2844 3512 mortem
2879 3457 2969 3510 illa
3003 3457 3283 3510 conciliat.

1722 3545 1856 3599 Nam
1885 3554 1942 3600 ut
1969 3547 2036 3600 ab
2059 3548 2296 3616 antiquis
2323 3547 2656 3617 temporibus
2685 3547 2752 3600 ad
2781 3547 2922 3600 hanc
2945 3563 3118 3617 usque
3139 3546 3286 3602 diem

1724 3637 1906 3690 animo
1935 3643 2240 3702 repetamus
2268 3635 2448 3690 omnia
2469 3676 2484 3699 ,
2517 3636 2639 3706 quis
2663 3651 2770 3690 non
2804 3637 2946 3690 videt
2978 3637 3288 3690 daemonum

1727 3727 1940 3797 1059
1981 3729 2126 3780 illam
2159 3743 2280 3782 esse
2324 3727 2626 3781 doctrinam
2686 3742 2750 3781 ac
2794 3727 3055 3796 speciem,
3088 3733 3142 3781 et
3174 3725 3290 3782 dis-

1727 3827 2038 3890 crepantem
2085 3819 2154 3874 ab
2199 3827 2350 3874 recta
2399 3820 2610 3873 ratione
2658 3818 2952 3874 conatum?
3000 3817 3290 3888 Nunquam
3349 3881 3362 3894 γ

1725 3911 1892 3974 enim,
1920 3925 1985 3964 ex
2024 3924 2132 3978 quo
2173 3910 2410 3990 mundus
2448 3910 2700 3964 conditus
2730 3918 2834 3972 est,
2871 3907 3179 3962 sacerdotio
3206 3913 3292 3962 est

1726 4002 1913 4057 functa
1947 4003 2160 4064 mulier,
2189 4017 2252 4057 ac
2271 4019 2334 4057 ne
2365 4001 2472 4056 Eva
2502 4001 2715 4071 quidem
2747 4003 2864 4069 ipsa
2891 4018 2904 4053 :
2929 4015 3068 4069 quae,
3101 4006 3294 4054 tamet-

1727 4096 1772 4148 si
1817 4095 2198 4164 gravissimum
2247 4094 2500 4148 delictum
2545 4093 2867 4153 admiserit,
2911 4099 3023 4144 tam
3065 4089 3290 4159 impium

1730 4187 1943 4241 facinus
1969 4195 2276 4256 perpetrare
2307 4201 2580 4256 nunquam
2614 4199 2746 4241 ausa
2787 4193 2891 4245 est,
2924 4183 3018 4237 sed
3047 4197 3148 4236 nec
3185 4182 3292 4236 ulla

1731 4281 1960 4335 filiarum
2011 4281 2154 4334 illius
2202 4298 2214 4333 :
2266 4293 2574 4348 quanquam
2622 4287 2674 4330 et
2720 4275 2856 4330 Abel
2910 4273 3016 4329 Deo
3064 4273 3295 4330 subinde

1731 4387 1889 4428 sacra
1927 4372 2136 4435 fecerit,
2157 4379 2212 4427 et
2243 4370 2445 4426 Cainus
2503 4384 2684 4423 coram
2733 4367 2964 4422 Domino
3026 4365 3295 4421 sacrificia

1731 4465 1954 4519 minime
1987 4473 2170 4519 tamen
2202 4463 2280 4518 illi
2339 4469 2493 4533 grata
2526 4461 2846 4527 celebrarit;
2883 4467 2943 4515 ut
2985 4468 3038 4514 et
3075 4458 3294 4524 Enoch,

1728 4557 1822 4627 qui
1852 4555 1960 4612 Deo
1989 4557 2209 4626 placuit,
2250 4565 2298 4611 et
2332 4556 2621 4610 translatus
2647 4563 2732 4609 est
2754 4555 2794 4605 '.
2826 4551 2940 4608 Noe
2957 4568 3086 4608 vero
3113 4569 3182 4608 ex
3205 4552 3293 4617 iis,

97 4641 267 4708 δίκαιος
300 4648 572 4718 ἱερουργεῖ
601 4647 740 4718 Θεῷ,
770 4650 864 4701 καὶ
897 4647 1225 4720 Μελχισεδὲκ
1261 4651 1289 4703 ὁ
1319 4649 1494 4720 ἱερεὺς
1535 4651 1622 4702 τοῦ

1730 4667 1962 4722 quorum
1999 4652 2053 4706 in
2097 4665 2224 4704 arca
2252 4650 2404 4721 copia
2439 4647 2798 4713 redundabat,
2827 4647 2892 4703 ad
2923 4649 3160 4718 agendas
3182 4661 3299 4716 gra-

97 4733 206 4787 Θεοῦ
242 4738 331 4791 τοῦ
367 4739 612 4808 ὑψίστου,
644 4742 737 4794 καὶ
781 4741 964 4795 Ἰσαὰκ
1008 4741 1125 4812 Θεῷ
1169 4743 1502 4814 εὑρίσκεται,
1537 4745 1631 4797 καὶ

110 4826 270 4881 Ἰακὼὸ
313 4833 452 4885 κατὰ
500 4831 727 4903 δύναμιν
765 4833 1135 4905 προσήνεγκεν
1179 4835 1270 4888 ἐπὶ
1316 4833 1408 4887 τοῦ
1459 4833 1630 4898 λίθου,

101 4920 186 4973 ἀπὸ
217 4925 302 4976 τοῦ
340 4925 514 4994 φακοῦ
553 4924 776 4995 ἐπιχέας
816 4925 1011 4980 ἔλαιον,
1047 4927 1112 4980 υἱ
1144 4925 1333 4979 τούτου
1379 4926 1435 4978 δὲ
1473 4929 1626 4990 υἱεῖς,

103 5013 206 5066 Aqu
253 5017 343 5086 μὲν
395 5017 705 5088 εὑρίσκεται
747 5017 978 5088 καθεξῆς
1027 5019 1323 5088 ἱερωσύνην
1366 5019 1629 5073 ἀναδεδε-

103 5111 265 5176 γμένος
282 5130 294 5141 ·
313 5113 372 5177 ἐξ
385 5111 551 5164 αὑτοῦ
579 5111 635 5164 δὲ
664 5112 757 5165 τοῦ
779 5113 966 5181 γένους
986 5113 1035 5166 οἱ
1053 5115 1112 5166 τὸ
1146 5115 1413 5185 ἱερατικὸν
1445 5114 1631 5184 τάγμα

105 5199 510 5272 ἀναδεδεγμένον
558 5203 699 5274 φημὶ
743 5203 800 5257 δέ
849 5205 1090 5276 Μωῦσῆς
1133 5207 1161 5258 ὁ
1209 5207 1489 5278 προφήτης
1538 5206 1634 5260 καὶ

109 5291 422 5366 ἱεροφάντωρ,
458 5294 668 5366 Ἀαρών
693 5313 750 5348 τε
773 5296 868 5349 καὶ
896 5298 944 5350 οἱ
968 5297 1157 5351 τούτου
1191 5299 1397 5363 παῖδες,
1443 5299 1630 5353 Ἐλεά-

109 5379 188 5452 ζαρ
229 5401 282 5437 τε
309 5388 402 5439 καὶ
451 5387 654 5454 Φινεὲς,
701 5388 793 5441 καὶ
837 5388 1061 5462 Ἰθάμαρ
1097 5393 1126 5444 6
1153 5391 1341 5446 τούτου
1389 5391 1630 5462 ἔγγονος.

1733 4742 1839 4798 tias
1888 4742 2084 4797 obtulit
2135 4740 2280 4807 Deo,
2337 4741 2585 4812 gratique
2631 4740 2796 4793 animi
2845 4739 3298 4810 significationem

1733 4834 1902 4898 dedit,
1941 4850 2064 4888 cum
2110 4836 2162 4888 in
2207 4835 2378 4896 illum,
2421 4849 2452 4888 a
2491 4850 2600 4903 quo
2633 4841 2882 4887 servatus
2914 4840 3054 4895 erat,
3087 4843 3297 4884 memo-

1735 4943 1848 4983 rem
1893 4927 2137 4982 beneﬁcii
2181 4928 2422 4980 animum
2452 4934 2681 4980 testatus
2713 4932 2817 4980 est.
2864 4922 3085 4986 Namet
3121 4921 3298 4974 Abra-

1737 5021 1930 5076 hamus
1964 5021 2052 5075 ille
2097 5019 2278 5088 justus
2314 5018 2420 5074 Deo
2453 5017 2800 5074 sacrificavit.
2838 5013 2975 5068 Tum
3016 5011 3300 5066 Melchise-

1738 5116 1906 5171 decus
1938 5114 2192 5170 sacerdos
2223 5113 2315 5168 Dei
2343 5113 2650 5174 altissimi',
2678 5117 2732 5164 et
2776 5111 3014 5171 lsaacus,
3039 5105 3147 5184 qui
3190 5103 3302 5159 Deo

1740 5209 1984 5280 placuit:
2035 5221 2247 5262 necnon
2280 5215 2334 5260 et
2359 5205 2614 5268 Jacobus,
2648 5211 2924 5270 utcunque
2941 5199 3117 5268 potuit
3143 5213 3300 5254 sacra

1741 5317 1905 5372 super
1933 5301 2162 5371 lapidem
2197 5298 2448 5361 offerens,
2488 5313 2518 5351 e
2545 5294 2800 5350 lenticula
2826 5293 3004 5346 oleum
3035 5289 3235 5344 infudit
3258 5295 3300 5344 ⁵.

1740 5393 1910 5464 Cujus
1944 5408 1974 5448 e
2014 5389 2198 5446 liberis
2241 5399 2428 5460 postea
2472 5388 2597 5442 Levi
2651 5383 2940 5440 sacerdotii
2985 5381 3302 5453 dignitatem

165 5539 326 5595 ‘Gen.
375 5559 434 5608 ιι,
472 5541 526 5597 6.
599 5545 620 5575 ¹
650 5541 783 5598 Gen.
815 5544 992 5611 v.22;
1021 5547 1184 5602 Eccli.
1212 5563 1358 5612 κων,
1399 5547 1489 5604 16.
1560 5549 1622 5605 ³(

1731 5593 1744 5605 .
1771 5569 1879 5618 xlv,
1915 5550 2000 5606 l8.
2077 5549 2096 5581 ⁸
2126 5549 2260 5604 Gen.
2287 5562 2487 5611 xxvm,
2514 5545 2600 5600 18.

163 5677 256 5759 (12)
271 5681 361 5734 Ἐν
395 5681 582 5759 ᾑμέρᾳ
609 5681 722 5734 τινὶ
755 5682 1000 5759 φανερᾷ.
1028 5685 1260 5757 Φανερός
1295 5687 1436 5743 idem
1494 5695 1578 5743 est

1733 5699 1933 5748 certus.
1987 5694 2102 5759 Qua
2153 5691 2205 5744 in
2257 5687 2656 5758 significatione
2697 5699 2839 5757 saepe
2891 5683 2945 5738 in
3003 5675 3301 5738 Chalcedo-

113 5751 236 5802 nensi
265 5754 490 5807 concilio
521 5757 768 5822 usurpari
801 5757 958 5810 solet.
