3838 6308
526 350 638 406 743

1921 338 1980 394 S.
2014 332 2359 391 EPIPHANII

3658 331 3749 387 ἰιι

525 471 763 528 obtinuit
791 488 804 524 :
839 482 867 522 a
892 483 1002 538 quo
1031 466 1288 535 deinceps
1321 463 1595 534 propagati
1629 475 1775 526 sunt,
1803 459 1892 530 qui
1933 474 2088 514 eum-

2209 456 2301 533 {git
2327 455 2379 508 τί
2399 470 2486 523 μοι
2510 451 2578 506 τὰ
2608 451 2784 522 πλήθη
2810 451 2988 519 λέγειν
3012 452 3119 505 τῶν
3149 451 3629 524 ἱερουργησάντων
3649 450 3754 523 Θεῷ

525 563 646 618 dem
679 561 922 615 ordinem
978 557 1317 628 gradumque
1361 563 1681 617 te‘nuerunt;
1722 552 1911 621 quales
1947 550 2097 604 fuere

525 652 754 723 Moyses,
787 648 1047 720 propheta
1076 647 1238 702 simul
1295 653 1347 700 et
1378 658 1655 699 sacrorum
1692 642 1950 704 antistes,
1984 647 2096 691 tum

525 747 727 806 Aaron,
771 749 825 796 et
867 739 1102 795 Aaronis
1143 738 1260 794 ﬁlii.
1306 735 1547 793 Eleazar.
1589 733 1841 791 Phinees.
1871 739 1925 785 et
1950 730 2097 782 Itha-

525 851 647 891 mar
677 833 838 904 hujus
883 846 1071 901 nepos.
1109 828 1248 894 Quid
1286 838 1465 881 autem
1498 841 1592 879 eos
1635 839 1826 877 omnes
1864 836 2100 876 comme—

528 941 744 981 morare
775 939 1002 979 necesse
1029 931 1136 985 est,
1173 921 1265 988 qui
1299 921 1350 973 in
1382 917 1578 972 Vetere
1611 916 1960 970 Testamento
1991 912 2098 966 Deo

533 1018 874 1075 sacriﬁcasse
914 1013 1202 1086 leguntur?
1237 1009 1700 1078 Quemadmodum
1727 1005 1956 1060 Achitob
2019 1005 2098 1058 in-

526 1118 609 1163 ter
641 1119 865 1162 exteros
889 1149 903 1171 ,
950 1113 1063 1160 tum
1098 1103 1316 1162 Coritze,
1357 1099 1675 1162 Gersonitze,
1719 1104 1772 1151 et
1811 1095 2098 1158 Meraritte,

527 1202 618 1271 qui
665 1215 731 1254 ex
773 1197 1082 1252 Levitarum
1134 1193 1326 1246 ordine
1369 1191 1608 1245 inerunt.
1639 1187 1718 1241 Ad
1753 1190 1866 1241 haec
1904 1185 2100 1239 donms

2195 553 2255 604 ὲν
2292 549 2503 618 Παλαιᾷ
2529 545 2803 617 Διαθήκῃ;
2834 544 2908 606 ὡς
2955 545 3183 614 Ἀχιτὼδ
3213 547 3533 616 εὑρίσκεται
3561 547 3754 615 ἱερουρ-

2194 641 2328 711 γῶν,
2358 640 2411 692 οἵ
2442 657 2501 692 τε
2539 641 2767 708 Κορῖται
2815 637 2908 690 καὶ
2937 636 2986 689 οἱ
3017 637 3361 706 Γερσωνίται,
3396 639 3500 691 καὶ
3529 639 3759 708 Μεραρῖ-

2196 751 2283 786 ται
2311 733 2412 803 τὴν
2439 729 2728 799 Λευῖτικὴν
2773 729 3191 797 πεπιστευμένοι
3221 730 3389 790 τάξιν.
3446 732 3518 784 Ὀ
3541 748 3599 783 τε
3628 727 3758 792 οἶκος

2209 822 2358 875 Ἠλεὶ
2384 821 2475 875 καὶ
2504 821 2554 872 οἱ
2583 820 2698 890 μετ’
2726 817 2888 870 αὑτὸν
2920 818 2968 869 οἱ
2995 816 3101 869 ἀπὸ
3129 817 3226 884 τῆς
3252 820 3581 883 συγγενείας
3611 819 3757 871 αὑτοῦ

2199 915 2256 966 ὲν
2299 914 2377 983 τῷ
2419 913 2552 982 οἴκῳ
2609 910 2915 981 Ἀϐιμέλεχ,
2966 909 3058 962 καὶ
3098 907 3385 978 Ἀϐιάθαρ,
3424 909 3664 974 Χελκὶας
3707 929 3755 963 τε

2197 1005 2291 1056 καὶ
2339 1000 2546 1064 Βουζεὶ,
2597 998 2724 1069 ἄχρι
2771 996 2944 1068 Ἰησοῦ
2994 995 3087 1048 τοῦ
3135 996 3323 1066 ἱερέως
3358 993 3463 1046 τοῦ
3520 997 3757 1063 μεγάλου,

2202 1095 2404 1165 Ἔσδρα
2431 1111 2489 1146 τε
2520 1091 2612 1144 τοῦ
2641 1091 2850 1162 ἱερέως,
2883 1089 2979 1142 καὶ
3021 1088 3128 1142 τῶν
3155 1087 3345 1142 ἄλλων.
3403 1086 3523 1138 Καὶ
3548 1085 3762 1155 οὐδαμοῦ

2197 1185 2334 1254 γυνὴ
2371 1185 2415 1236 ἱε
2425 1183 2706 1254 ράτευσεν.

527 1269 608 1345 Eli
636 1292 673 1352 ί,
705 1292 932 1357 ejusque
970 1297 1339 1342 successores,
1377 1280 1468 1349 qui
1500 1295 1564 1332 ex
1599 1279 1772 1347 ipsius
1836 1273 2162 1345 cognatione
2199 1276 2252 1327 in
2301 1274 2462 1328 domo
2529 1272 2837 1328 Abimelech
2883 1279 2938 1326 et
2979 1270 3244 1324 Abiathar
3283 1269 3653 1325 exstiterunt.
3699 1269 3761 1321 uti

526 1385 812 1445 Chelcias,
851 1397 912 1435 ac
943 1380 1111 1441 Buzi,
1149 1392 1320 1447 usque
1366 1378 1432 1429 ad
1471 1374 1658 1429 Jesum
1701 1385 1957 1442 magnum
2004 1369 2367 1434 sacerdotem,
2399 1377 2452 1423 et
2481 1367 2706 1424 Esdram
2771 1367 3130 1430 sacerdotem,
3195 1373 3300 1420 etc.
3359 1362 3482 1418 Nec
3545 1378 3763 1432 unquam

528 1477 725 1533 mulier
768 1471 1076 1530 sacerdotio
1107 1470 1292 1524 functa
1324 1469 1540 1538 legitur.

597 1571 684 1626 lll.
727 1571 901 1639 Atque
923 1575 980 1621 ut
1002 1566 1070 1621 ad
1093 1564 1301 1619 Novum
1325 1561 1728 1617 Testamentum
1749 1557 2097 1619 accedamus,

529 1662 576 1717 si
609 1659 974 1716 sacerdotium
1009 1656 1330 1710 mulieribus
1355 1654 1671 1707 mandatum
1704 1650 1863 1714 foret,
1895 1661 1986 1703 aut
2008 1651 2101 1701 ca-

2275 1553 2348 1604 l".
2384 1549 2705 1620 Ἐλεύσομαι
2734 1549 2791 1602 δὲ
2824 1549 2917 1602 καὶ
2944 1549 3024 1612 εἱς
3056 1546 3152 1619 τὴν
3167 1547 3376 1618 Καινὴν
3395 1549 3762 1620 Διαθήκην.Εξ

2207 1643 2502 1716 ἱερατεύειν
2538 1645 2791 1710 γυναῖκες
2843 1641 2961 1710 Θεῷ
2987 1641 3445 1711 προσετασσοντο,
3501 1640 3534 1711 ἤ
3572 1658 3762 1693 κανονι-

530 1757 788 1811 nonieum
817 1750 1073 1822 quiddam
1102 1756 1360 1818 praestare
1390 1748 1443 1800 in
1477 1745 1720 1799 Ecclesia
1753 1746 1957 1809 liceret,
1984 1744 2103 1797 nul-

2209 1737 2297 1789 κόν
2331 1753 2384 1788 τι
2423 1733 2748 1805 ἐργάζεσθαι
2781 1734 2837 1785 ὲν
2874 1732 3184 1802 Ἐκκλησία,
3221 1732 3326 1785 ἔδει
3356 1733 3572 1802 μᾶλλον
3609 1735 3756 1804 αὐτὴν

529 1845 569 1900 li
610 1845 795 1916 potius
833 1857 995 1912 quam
1043 1839 1224 1894 Mariae
1271 1838 1401 1892 illud
1462 1839 1516 1890 in
1555 1835 1712 1897 Iove
1751 1835 2099 1890 Testamento

530 1935 796 1992 committi
860 1930 1160 1988 sacerdotis
1215 1929 1452 1983 otlicium
1501 1927 1719 1991 debuit;
1777 1926 1865 1980 cui
1914 1933 2100 1980 tantus

531 2030 707 2084 honor
741 2039 826 2082 est
866 2025 1104 2085 habitus,
1143 2031 1199 2075 ut
1239 2022 1443 2091 gremio
1483 2021 1712 2090 sinuque
1754 2035 1855 2074 suo
1919 2033 2100 2088 regem

534 2121 804 2180 omnium,
845 2132 908 2170 ac
937 2117 1215 2171 cmlestem
1250 2113 1442 2176 Deum,
1485 2111 1692 2180 Deique
1721 2109 1918 2164 Filium
1948 2111 2100 2164 exci-

534 2218 686 2284 peret
709 2229 721 2265 :
746 2209 904 2278 cujus
926 2206 1286 2270 uterus,velut
1303 2204 1586 2271 templum,
1608 2218 1671 2256 ac
1691 2202 2020 2256 domicilium
2034 2202 2101 2256 ad

534 2303 703 2358 divini
726 2299 890 2356 Verbi
919 2298 1348 2352 incarnationem
1374 2296 1639 2365 singulari
1663 2303 1746 2349 cst
1772 2295 2102 2364 benignitate

538 2396 632 2451 Dei
666 2408 864 2465 magno
924 2407 987 2446 ac
1021 2390 1288 2460 stupendo
1319 2390 1576 2459 mysterio
1615 2395 1968 2461 praeparatus.
2007 2385 2104 2442 Ve-

537 2502 657 2540 rum
688 2485 842 2554 longe
879 2481 990 2537 Deo
1025 2482 1181 2536 aliter
1221 2489 1306 2535 est
1335 2481 1548 2542 visum,
1588 2495 1650 2534 ae
1686 2495 1752 2534 ne
1793 2480 2102 2549 baptizandi

538 2580 757 2648 quidem
788 2584 1032 2646 petestas
1059 2585 1144 2629 est
1177 2574 1252 2627 illi
1288 2571 1426 2627 facta
1459 2613 1472 2636 ,
1499 2573 1711 2643 1060
1748 2588 1869 2627 cum
1900 2573 2102 2644 alioqui

540 2671 674 2739 tingi
709 2669 777 2722 ab
815 2667 905 2721 illa
939 2667 1190 2720 Christus
1230 2666 1412 2735 potius
1443 2681 1604 2734 quam
1662 2666 1728 2717 ab
1765 2663 1974 2719 Joanne
2008 2680 2104 2735 po-

537 2763 747 2816 tuisset.
783 2759 979 2815 Verum
1013 2756 1252 2814 Joannes
1301 2756 1576 2811 Zacharia:
1607 2757 1769 2825 ﬁlius,
1800 2766 1923 2827 post
1961 2773 2106 2812 com-

537 2855 768 2910 missum
817 2853 921 2909 sibi
982 2850 1291 2921 baptizandi
1341 2866 1576 2912 munus,
1633 2851 1698 2905 ad
1750 2860 2102 2920 peccatorum

538 2945 1191 3010 condonationem,vitam
1224 2943 1280 2996 in
1311 2941 1606 2997 solitudine
1642 2942 1920 2996 traduxit:
1946 2943 2104 3011 cujus

537 3046 692 3109 pater
721 3034 1085 3090 sacerdotium
1119 3033 1307 3104 gessit,
1342 3039 1398 3086 et
1423 3033 1525 3087 sub
1556 3031 1745 3085 horam
1788 3033 1994 3088 sullitus
2022 3035 2104 3088 vi-

539 3144 659 3185 sum
688 3129 814 3182 huic
835 3127 1071 3180 oblatum
1095 3127 1223 3180 est’.
1256 3124 1380 3178 Post
1400 3124 1513 3178 hate
1535 3122 1744 3186 Petrus,
1768 3133 1821 3178 et
1842 3124 2104 3192 Andreas,
2134 3140 2176 3198 ο

538 3220 794 3283 Jacohus,
839 3225 894 3274 et
943 3215 1198 3283 Joannes,
1250 3215 1531 3286 I’hilippus
1565 3225 1618 3268 et
1662 3213 2106 3283 Bartholomaeus,

545 3306 804 3373 Thomas,
829 3308 1154 3371 Thaddaeus,
1178 3316 1232 3361 et
1261 3305 1498 3361 Jacobus
1524 3306 1750 3376 Alpbaei,
1771 3316 1823 3362 et
1841 3307 2110 3364 JudasJa-

542 3405 690 3467 cobi,
711 3411 766 3457 et
799 3400 984 3456 Simon
1005 3400 1321 3461 Canauaaus,
1339 3409 1391 3453 et
1423 3399 1675 3455 Matthias
1693 3401 1758 3455 ad
1782 3403 2110 3472 supplendos

542 3495 827 3549 duodecim
848 3491 1170 3557 suifectus';
1201 3491 1298 3555 illi,
1331 3492 1572 3561 inquam.
1591 3506 1778 3546 omnes
1800 3501 1854 3547 et
1881 3493 2112 3562 apostoli

541 3588 734 3643 delecti
767 3595 919 3649 sunt,
963 3601 1027 3639 ac
1059 3593 1172 3638 toto
1200 3593 1468 3639 terrarum
1501 3584 1634 3640 orbe
1679 3600 1892 3640 sacram
1941 3585 2112 3641 Evan-

541 3681 663 3750 gelii
713 3678 1047 3733 iunctionem
1088 3677 1616 3741 administrarunt‘,
1666 3693 1788 3731 eum
1839 3677 2006 3732 Paulo
2058 3685 2112 3733 et

540 3768 810 3833 Barnaba,
861 3784 925 3823 ac
979 3769 1234 3823 caneris:
1295 3767 1568 3852 iidemque
1609 3769 1986 3838 mysteriorum
2022 3784 2110 3823 au-

541 3872 723 3917 ctores
781 3871 944 3931 atque
975 3861 1286 3914 conditores
1333 3859 1572 3924 fuerunt,
1606 3876 1712 3913 una
1743 3876 1865 3914 cum
1906 3859 2110 3917 Jacobo

540 3953 757 4009 Domini
813 3953 1000 4013 fratre,
1051 3954 1226 4021 primo
1267 3949 1767 4022 Hierosolymorum
1809 3953 2108 4022 episcopo,

541 4062 570 4098 a
601 4060 712 4116 quo
745 4052 803 4098 ut
831 4055 883 4098 et
915 4044 985 4098 ab
1015 4044 1158 4104 aliis,
1197 4057 1334 4112 quos
1363 4043 1792 4106 numeravinms,
1824 4045 2108 4111 apostolis,

538 4138 918 4207 episcoporum
976 4151 1039 4188 ac
1077 4137 1521 4205 presbyterorum
1563 4135 1945 4190 successiones
1983 4147 2111 4190 sunt

538 4231 594 4285 in
627 4230 786 4283 domo
822 4227 910 4282 Dei
954 4228 1285 4282 constitutae.
1323 4225 1431 4280 Nec
1462 4227 1603 4280 inter
1636 4228 1758 4284 illos
1787 4236 1966 4282 tamen
2000 4245 2113 4282 mu-

538 4320 641 4374 lier
675 4319 784 4372 ulla
815 4327 1065 4387 cooptata
1112 4319 1328 4388 legitur.
1375 4316 1543 4370 Erant
1581 4319 1823 4388 quidem,
1863 4327 1923 4373 ut
1957 4318 2108 4373 Scri-

537 4417 698 4478 ptura
730 4415 937 4471 narrat,
972 4405 1221 4479 Philippo
1250 4411 1592 4477 evangelistze
1633 4409 1752 4462 ﬁliae
1791 4424 1846 4464 tv
1881 4411 2128 4479 propher

2206 1827 2304 1898 τὴν
2336 1827 2551 1896 Μαρίαν
2583 1824 2854 1895 ἱερατείαν
2882 1823 3189 1876 ἐπιτελέσαι
3220 1825 3276 1876 ἐν
3299 1825 3485 1894 Καινῇ
3518 1824 3761 1894 Διαθήκῃ·

2205 1919 2303 1988 τὴν
2326 1915 2748 1982 καταξιωθεῖσαν
2773 1917 2830 1968 ὲν
2859 1915 3078 1977 κόλποις
3115 1914 3266 1977 ἰδίοις
3295 1915 3664 1978 ὑποδέξασθαι
3689 1918 3762 1968 τὸν

2207 2008 2556 2079 παμϐασιλέα
2593 2007 2724 2060 Θεὸν
2757 2006 3111 2077 ἐπουράνιον,
3142 2006 3268 2060 Υίὸν
3307 2006 3406 2058 τοῦ
3441 2006 3583 2060 Θεοῦ
3609 2024 3623 2038 ·
3647 2002 3706 2079 ἧς
3733 2011 3761 2079 ἡ

2211 2102 2410 2172 μήτρα,
2439 2099 2566 2162 ναὸς
2593 2097 2857 2168 γενομένη
2888 2099 2982 2151 καὶ
3007 2099 3451 2170 κατοικητήριον,
3475 2100 3558 2162 εἱς
3574 2099 3666 2170 τὴν
3683 2099 3762 2154 τοῦ

2209 2191 2412 2262 Κυρίου
2473 2190 2733 2261 ἕνσαρκον
2788 2191 3096 2260 οἰκονομίαν
3160 2191 3299 2244 κατὰ
3364 2191 3764 2265 φιλανθρωπίαν

2206 2281 2340 2334 Θεοῦ
2388 2282 2481 2333 καὶ
2531 2280 2831 2350 ἔκπληκτον
2903 2282 3200 2353 μυστήριον
3255 2283 3592 2356 ήτοιμάσθη.
3639 2285 3762 2337 Ἂλλ*

2207 2375 2306 2427 οὐκ
2347 2374 2653 2444 εὐδόκησεν.
2711 2373 2850 2426 Ἀλλ’
2886 2374 3006 2426 οὐδὲ
3048 2374 3329 2446 βάπτισμα
3370 2375 3584 2431 διδόναι
3620 2377 3761 2430 πεπί-

2211 2482 2460 2519 στευταιο
2510 2467 2631 2518 ἐπεὶ
2657 2464 2887 2535 ἠδύνατο
2906 2466 2935 2518 ὁ
2971 2467 3204 2536 Χριστὸς
3232 2467 3440 2537 μᾶλλον
3478 2472 3610 2538 παρ’
3642 2471 3758 2542 αὐτῇ

2211 2557 2572 2627 βαπτισθῆναι
2621 2558 2764 2627 ἤπερ
2803 2557 2953 2629 παρὰ
3003 2558 3268 2623 Ἰωάννου.
3314 2560 3481 2613 Ἀλλὰ
3535 2563 3759 2631 Ἰωάννης

2212 2650 2310 2719 μὲν
2339 2653 2466 2713 παῖς
2493 2650 2758 2720 Ζαχαρίου
2796 2651 2854 2702 ὲν
2880 2653 2946 2720 τῇ
2981 2651 3172 2722 ἐρήμῳ
3196 2652 3469 2706 διετέλεσε
3502 2654 3757 2724 βάπτισμα

2209 2743 2456 2812 ἀφέσεως
2483 2742 2765 2814 ἁμαρτιῶν
2810 2745 3269 2814 πεπιστευμένος·
3298 2747 3328 2798 ὁ
3359 2747 3422 2800 δὲ
3456 2749 3643 2800 τούτου
3678 2765 3757 2799 πα-

2209 2833 2310 2904 τὴρ
2352 2833 2472 2904 Θεῷ
2522 2834 2834 2905 ἱεράτευσε,
2883 2835 2976 2888 καὶ
3019 2838 3085 2906 τῇ
3131 2835 3249 2908 ὥρα
3289 2837 3383 2891 τοῦ
3443 2839 3758 2909 θυμιάματος

2209 2927 2471 2981 ὀπτασίαν
2505 2923 2631 2979 εἱδε.
2665 2927 2871 2999 Πέτρος
2918 2945 2978 2980 τε
3027 2929 3121 2982 καὶ⁸
3161 2930 3452 3000 Ἀνδρέας,
3494 2933 3757 2999 Ἰάκωϐος,

2211 3020 2304 3072 καὶ
2347 3020 2617 3090 Ἰωάννης.
2645 3019 2905 3084 Φίλιππος
2925 3059 2940 3082 ,
2969 3022 3063 3074 καὶ
3091 3022 3497 3094 Βαρθολομαῖος
3515 3065 3531 3088 ,
3560 3026 3755 3096 Θωμᾶς,

2210 3113 2483 3177 Θαδδαῖος,
2517 3115 2609 3166 καὶ
2640 3112 2893 3176 Ἰάκωϐος
2928 3113 3196 3182 Ἁλφαίου,
3228 3116 3323 3168 καὶ
3360 3117 3565 3181 Ἰούδας
3599 3120 3755 3172 Ἰακὼ-

2213 3205 2329 3272 6ου,
2354 3205 2448 3259 καὶ
2476 3207 2658 3277 Σίμων
2688 3208 2716 3260 ὁ
2739 3207 3063 3273 Καναναῖος,
3093 3208 3188 3260 καὶ
3212 3208 3469 3274 Ματθίας
3488 3213 3518 3264 ὁ
3547 3213 3625 3272 εἱς
3651 3213 3753 3280 πλή-

2214 3311 2380 3367 ρωσιν
2409 3294 2518 3348 τῶν
2561 3294 2764 3348 δώδεκα
2801 3295 3216 3368 ἐκλελεγμένος·
3256 3293 3398 3353 οὗτοι
3442 3301 3642 3364 πάντες
3687 3301 3762 3366 ἐξα

2210 3385 2473 3456 ελέγησαν
2501 3385 2804 3449 ἀπόστολοι,
2833 3388 2926 3440 καὶ
2952 3387 3092 3441 κατὰ
3116 3388 3212 3460 τὴν
3237 3389 3340 3458 γῆν
3371 3393 3753 3464 ἱερουργοῦντες

2211 3476 2272 3532 τὸ
2324 3476 2654 3546 Εὐαγγὲλιον
2687 3480 2806 3549 ἅμα
2836 3478 3032 3548 Παύλῳ
3069 3479 3162 3532 καὶ
3196 3481 3489 3553 Βαρνάϐᾳ,
3540 3483 3629 3536 καὶ
3665 3483 3750 3534 λοι-

2211 3571 2352 3633 ποῖς,
2376 3570 2469 3622 καὶ
2504 3571 2815 3642 μυστηρίων
2847 3571 3144 3642 ἀρχηγέται
3176 3573 3271 3625 σὺν
3302 3573 3548 3644 Ἰακώϐῳ
3569 3571 3751 3642 ἀδελφῷ

2210 3663 2303 3716 τοῦ
2332 3664 2556 3729 Κυρίου,
2589 3664 2682 3718 καὶ
2715 3665 2916 3737 πρώτῳ
2945 3667 3228 3738 ὲπισκὸπφ
3264 3668 3675 3740 Ἱεροσολύμων
3704 3668 3748 3730 ἐξ

2210 3750 2378 3827 οὗπερ
2407 3757 2706 3810 ἐπισκόπου
2745 3758 2838 3811 καὶ
2871 3758 2978 3811 τῶν
3016 3760 3428 3831 προειρημένων
3472 3761 3748 3816 ἀποστόλων

2211 3849 2620 3920 κατεστάθησαν
2645 3848 2886 3918 διαδοχαὶ
2915 3851 3230 3903 ἐπισκόπων
3253 3854 3346 3905 καὶ
3387 3853 3745 3924 πρεσϐυτέρων

2210 3941 2269 3993 ἐν
2291 3940 2424 4010 οἴκῳ
2449 3939 2605 3993 Θεοῦ.
2637 3941 2746 3992 Καὶ
2770 3938 3004 4010 οὐδαμοῦ
3033 3940 3168 4012 γυνὴ
3198 3943 3255 3995 ὲν
3279 3942 3492 4008 τούτοις
3517 3944 3748 3997 κατεστὰο

2211 4032 2298 4102 θη.
2372 4028 2551 4086 τΗσαν
2613 4032 2669 4085 δὲ
2708 4074 2724 4098 ,
2775 4034 2939 4103 φησὶ,
3004 4034 3267 4105 τέσσαρες
3319 4035 3612 4109 θυγατέρες
3679 4036 3745 4086 Φι-

2210 4126 2394 4198 λίππῳ
2463 4127 2540 4198 τῷ
2600 4128 2952 4198 εὐαγγελιστῇ
3029 4128 3505 4200 προφητεύουσαι,
3545 4131 3605 4183 οὐ
3659 4129 3745 4198 μὴν

2213 4218 2610 4292 ἱερουργοῦσαι.
2655 4221 2763 4273 Καὶ
2808 4215 2874 4289 ἦν
2908 4221 3076 4273 ’Ἅννα
3101 4222 3366 4291 προφῆτις
3403 4221 3639 4293 θυγάτηρ
3655 4222 3743 4272 Φα-

2209 4313 2369 4384 νουὴλ
2389 4353 2401 4374 ,
2433 4312 2546 4365 ἀλλ’
2584 4313 2682 4383 οὐχ
2715 4313 2982 4383 ἱερατείαν
3015 4313 3441 4385 πεπιστευμένη.
3481 4315 3618 4366 Ἔδει
3650 4312 3737 4382 γὰρ

2211 4403 2546 4476 πληροῦσθαι
2574 4404 2658 4470 τὸ,
2681 4404 3213 4472 Προφητεύσουσιν
3243 4409 3295 4459 οἱ
3323 4406 3442 4459 υἱοὶ
3467 4405 3638 4474 ὑμῶν,
3661 4402 3739 4455 καὶ

537 4499 708 4560 tissic,
750 4512 859 4550 non
901 4507 1081 4551 tamen
1115 4499 1423 4553 Sacerdotes
1459 4500 1500 4553 '.
1541 4498 1800 4553 Similiter
1852 4509 1906 4554 et
1950 4502 2104 4553 Anna

2211 4501 2268 4550 al
2292 4497 2605 4566 θυγατέρες
2630 4495 2795 4566 ὑμῶν
2828 4497 3135 4564 ἐνυπνίοις
3163 4498 3737 4565 ἐνυπνιασθήσονται.

540 4589 883 4658 prophetissa
905 4589 1004 4642 fuit
1023 4588 1311 4643 Phanuelis
1331 4589 1496 4653 ﬁlia',
1525 4606 1632 4643 non
1655 4598 1832 4644 tamen
1862 4591 2112 4644 sacerdo-

539 4680 618 4732 tio
653 4679 894 4748 praedita.
935 4679 1144 4748 Quippe
1179 4681 1386 4749 impleri
1427 4681 1571 4735 istud
1616 4682 1923 4751 oportebat,
1963 4682 2107 4750 quod

539 4783 623 4827 est
643 4774 934 4841 scriptum:
957 4772 1349 4838 l’rophetabunt
1378 4775 1478 4842 ﬁlii
1502 4775 1679 4840 vestri,
1704 4785 1752 4827 et
1770 4774 1899 4843 ﬁlim
1925 4785 2108 4830 vestrae

540 4865 747 4918 somnia
796 4865 1168 4929 somniabunt,
1213 4876 1261 4919 et
1303 4865 1652 4920 adulescentes
1697 4869 1856 4922 vestri
1887 4870 2108 4923 visiones

539 4955 800 5009 videbunt.
838 4956 1159 5028 Quanquam
1193 4974 1322 5013 vero
1356 4961 1787 5013 diaconissarum
1822 4961 1874 5014 in
1916 4959 2107 5015 Eccle-

539 5052 618 5106 sia
652 5051 786 5105 ordo
822 5053 916 5116 sit,
955 5067 1064 5105 non
1095 5061 1275 5108 tamen
1308 5053 1375 5107 ad
1414 5054 1705 5108 sacerdotii
1744 5053 2102 5117 iunctionem,

537 5151 632 5197 aut
690 5144 852 5197 ullam
905 5144 1174 5214 ejusmodi
1221 5145 1750 5200 administrationem
1818 5147 2102 5202 institutus

537 5244 658 5301 est,
707 5235 799 5289 sed
844 5243 902 5288 ut
945 5236 1231 5290 muliebris
1267 5251 1431 5292 sexus
1460 5236 1729 5291 honestati
1760 5237 2102 5302 consulatur,

538 5327 652 5383 sive
684 5337 743 5381 ut
775 5327 1031 5398 baptismi
1061 5335 1303 5399 tempore
1337 5328 1501 5392 adsit,
1536 5329 1651 5383 sive
1682 5338 1738 5383 ιιι
1775 5328 2029 5398 inspiciat
2057 5331 2103 5384 si

537 5422 667 5491 quid
701 5436 858 5490 passa
882 5422 972 5488 sit,
1007 5431 1102 5475 aut
1135 5422 1394 5478 molestiae
1427 5423 1730 5492 pertulerit,
1762 5423 1876 5477 sive
1895 5432 1953 5476 ut
1981 5437 2102 5475 cum

537 5514 852 5568 nudandum
908 5524 992 5570 est
1046 5514 1290 5572 mulieris
1343 5531 1577 5586 corpus,
1631 5516 1954 5570 interveniat
1987 5533 2000 5569 :
2037 5530 2107 5568 ne

609 5668 624 5698 ⁸
660 5668 675 5719 ι
707 5667 839 5738 lleg.
867 5670 980 5735 1,5.
1056 5672 1075 5702 ²
1107 5669 1239 5726 Luc.
1279 5672 1370 5737 1,5
1397 5688 1518 5742 sqq.
1599 5671 1619 5702 ³
1642 5672 1762 5724 Act.
1794 5685 1832 5734 l,
1857 5670 1946 5724 26.

2026 5669 2045 5700 ⁸
2077 5668 2236 5724 Rom.
2269 5686 2358 5733 xv,
2398 5668 2484 5724 16.

2212 4592 2312 4645 καὶ
2365 4594 2419 4645 οἱ
2438 4591 2747 4644 νεανίσκοι
2771 4591 2936 4661 ὑμῶν
2964 4591 3204 4660 ὁράσεις
3233 4592 3506 4661 ὄψονται.
3548 4593 3645 4645 Καὶ
3673 4592 3739 4642 ὅτι

2217 4685 2313 4753 μὲν
2345 4682 2692 4736 διακονισσῶν
2725 4683 2834 4753 (i5)
2883 4684 3066 4754 τάγμα
3105 4684 3251 4736 ἐστὶν
3293 4685 3372 4746 εἱς
3415 4685 3512 4755 τὴν
3549 4680 3738 4747 Ἐκκλη-

2214 4777 2352 4839 σίαν,
2388 4775 2504 4828 ἀλλ’
2537 4775 2656 4845 ούχὶ
2695 4776 2773 4838 είς
2797 4775 2857 4827 τὸ
2895 4774 3214 4845 ἱερατεύειν,
3247 4775 3366 4827 οὐδέ
3397 4791 3450 4827 τι
3480 4770 3737 4842 ἐπιχειρεῖν

2211 4866 2542 4933 ἐπιτρέπειν,
2568 4865 2751 4918 ἕνεκεν
2774 4865 2831 4918 δὲ
2859 4866 3183 4936 σεμνότητος
3215 4865 3308 4918 τοῦ
3340 4865 3631 4934 γυναικείου
3659 4861 3732 4928 γέ-

2213 4976 2356 5022 νους,
2388 4958 2420 5028 ἢ
2460 4959 2525 5010 δι’
2557 4957 2704 5026 ὥραν
2732 4957 2976 5029 λουτροῦ,
3028 4958 3062 5029 ἢ
3102 4958 3442 5028 ἐπισκέψεως
3471 4956 3678 5016 πάθους,
3705 4951 3731 5018 ἦ

2213 5051 2393 5113 πόνου,
2428 5053 2521 5102 καὶ
2543 5050 2631 5102 ὅτε
2660 5049 2968 5120 γυμνωθείη
3003 5051 3159 5120 σῶμα
3180 5050 3422 5118 γυναίου,
3452 5051 3532 5103 ἵνα
3559 5046 3622 5118 μὴ
3648 5041 3730 5096 ὑπὸ

2209 5141 2414 5211 ἀνδρῶν
2452 5141 2872 5211 ἱερουργούντων
2906 5140 3123 5212 θεαθείη
3143 5183 3157 5205 ,
3187 5142 3303 5196 ἀλλ’
3330 5143 3436 5196 ὑπὸ
3467 5141 3558 5211 τῆς
3580 5139 3731 5191 διακο-

2206 5233 2424 5302 νούσης,
2449 5233 2517 5286 an
2548 5234 2906 5304 ἐπιτάσσηται
2928 5234 3032 5286 ὑπὸ
3055 5233 3149 5287 τοῦ
3185 5233 3374 5306 ἱερέως
3399 5228 3726 5305 ἐπιμελεῖσθαι

2209 5326 2342 5396 πρὸς
2376 5326 2472 5397 τὴν
2501 5325 2650 5395 ὥραν
2689 5327 2781 5397 τῆς
2812 5325 3166 5397 ὲπιδεομένης
3189 5327 3444 5394 γυναικὸς
3468 5329 3520 5379 ἐν
3545 5325 3602 5392 τῇ
3630 5318 3724 5387 ὥρᾳ

2210 5419 2310 5489 τῆς
2342 5418 2435 5471 τοῦ
2478 5419 2728 5489 σώματος
2770 5419 2937 5488 αὐτῆς
2974 5418 3334 5489 γυμνώσεως,
3363 5418 3455 5471 τοῦ
3494 5417 3721 5482 τάγματος

2212 5513 2310 5583 τῆς
2342 5513 2615 5578 εὐταξίας,
2645 5515 2738 5567 καὶ
2773 5513 3230 5585 ἐκκλησιαστικῆς
3255 5514 3504 5584 εὐνομίας
3541 5512 3720 5570 tam?

2566 5669 2588 5699 '
2611 5669 2734 5724 Act.
2773 5686 2888 5735 xxx,
2921 5670 2973 5725 9.
3053 5669 3072 5699 ⁶
3102 5668 3234 5724 Luc.
3265 5684 3325 5735 ιι,
3349 5666 3435 5723 56.
3505 5665 3524 5698 ’
3553 5654 3715 5723 ἱῆ-ἇ·

605 5779 721 5850 (l3)
752 5781 859 5837 Kal
894 5782 980 5835 ὅτι
1011 5784 1124 5842 μὲν
1151 5785 1578 5840 amazonam-(Br.
1619 5785 1690 5839 De
1722 5784 2044 5840 diaconissis
2074 5787 2126 5838 in
2170 5785 2274 5838 line
2303 5783 2484 5853 operis
2510 5791 2718 5854 agetur.
