3790 6212
101 231 195 294 ηδ
674 193 1040 277 {prensus
1080 216 1423 274 "menses
1464 215 1590 272 un.
1641 216 1669 269 li

1847 215 1938 273 )M.
1981 214 2045 270 ll.
2081 247 2150 256 —-
2189 215 2464 274 ΠᾹΞΠΕΒ.
2508 216 2744 276 LXXIX.
3240 210 3347 272 746

109 350 260 421 μόνως
291 342 346 396 ἐν
374 339 558 410 μέτρῳ
602 337 823 399 κανόνος
864 334 1070 406 σφόδρα
1099 329 1532 421 ἡσςραλισμένης.
1567 327 1656 421 Διὸ

1847 343 2021 392 orum,
2043 331 2136 399 qui
2159 330 2332 384 sacris
2356 339 2679 401 operantur,
2703 333 2946 403 aspectui
2980 332 3051 387 sit
3073 333 3344 402 exposila,

103 417 209 495 οὔτε
250 431 527 503 ἐπιτρέπει
560 429 590 481 ὁ
618 427 763 491 θεῖος
800 427 956 495 λόγος
1023 425 1248 492 γυναικὶ
1295 424 1350 474 ὲν
1395 418 1661 489 ἐκκλησίᾳ

1847 417 1858 470 |
1914 434 1944 472 ιι
1989 421 2105 474 sola
2153 420 2463 476 diaconissa
2530 422 2812 487 videatur;
2867 439 2988 494 qua}
3041 423 3350 480 sacerdotio

104 532 280 594 λαλεῖν,
308 524 430 579 οὗτε
455 521 734 577 αὐθεντεῖν
771 520 982 590 ἀνδρὸς.
1028 517 1136 573 Καὶ
1173 515 1341 570 πολλὰ
1373 513 1488 584 ἔστι
1535 510 1664 578 περὶ

1847 507 2026 562 ιηιιειο
2061 509 2306 567 mulieris
2348 525 2536 567 curam
2571 513 2732 582 gerit,
2777 527 2886 584 quo
2915 522 3158 584 tempore
3182 521 3346 570 vesti-

104 623 269 678 τούτου
301 617 502 686 λέγειν.
1222 662 1224 665 .

1847 614 1870 653 s
1897 599 2136 654 exuitur.
2164 599 2283 666 Qua
2314 602 2367 657 in
2393 618 2453 658 re
2473 618 2597 658 cum
2621 603 2833 660 ordinis
2864 603 3012 660 illius
3041 604 3344 669 modestiae,

105 728 203 772 tum
246 710 632 769 ecclesiasticae
680 708 985 778 disciplinae
1025 705 1318 778 prudenter
1362 697 1654 755 admodum
1731 706 1795 746 ex
1841 691 2084 752 Canonis
2159 701 2480 770 praescripto
2524 707 2608 757 est
2667 714 2732 756 ac
2777 700 2964 770 regula
3011 702 3343 759 consultum.

103 812 370 880 propterea
448 817 518 858 ne
568 801 717 872 loqui
764 800 986 871 quidem
1025 800 1080 853 in
1120 797 1354 854 ecclesia
1394 788 1611 849 mulieri
1654 787 1715 849 ’,
1756 794 1850 839 aut
1895 789 1950 843 in
1998 789 2146 848 viros
2199 795 2584 850 auctoritatem
2649 795 2852 852 habere
2905 808 3077 850 sacrae
3128 793 3346 851 Littera

102 901 417 976 permittunt.
469 896 578 952 Sed
627 896 696 952 de
740 895 844 950 hac
899 901 1010 949 tota
1066 909 1124 948 re
1173 894 1331 963 plura
1385 880 1658 958 disputari
1704 890 1957 976 possunt.

160 1000 222 1050 A'.
263 989 684 1064 Παρατηρητέον
711 990 789 1052 δὲ,
817 989 900 1043 ὅτι
933 988 1062 1058 ἄχρι
1092 981 1450 1040 διακονισσῶν
1506 977 1664 1048 μόνον

1847 974 1918 1029 ην.
1963 978 2099 1036 Illud
2127 996 2258 1038 vero
2283 982 2576 1055 diligenter
2601 985 3006 1042 observandum
3029 993 3135 1048 est,
3168 984 3344 1040 solum

99 1090 154 1144 τὸ
184 1081 625 1155 ὲκκλησιαστικὸν
660 1079 927 1151 ὲπεδεὴθη
982 1077 1200 1147 τάγμα,
1235 1075 1413 1146 χήρας
1442 1087 1500 1124 τε
1531 1069 1665 1122 ὠνό-

1847 1069 2198 1127 οοηὶεειινιιηι
2239 1072 2474 1130 oﬂicium
2507 1077 2575 1132 ad
2619 1077 3052 1134 ecclesiasticum
3098 1077 3345 1133 ordinem

105 1195 248 1251 μασε,
293 1176 388 1229 καὶ
427 1173 634 1227 τούτων
663 1170 764 1235 τὰς
807 1169 886 1223 ἔτι
928 1167 1232 1240 γραοτέρας
1268 1161 1661 1236 πρεσϐύτιδας,

105 1267 312 1309 mximum-'1
357 1267 413 1309 δὲ
463 1263 925 1309 πηεσϐυτεηίδιε-
976 1263 1008 1309 ἦ
1061 1259 1304 1309 ίεοίσσας
1337 1253 1659 1309 προσέταξε.

1847 1161 2139 1309 ιεεεῗίυω
2179 1163 2384 1232 fuisse;
2419 1179 2483 1222 ac
2511 1166 2706 1224 viduas
2750 1167 2970 1240 quidem
3019 1169 3346 1224 nominatim

1847 1266 1959 1309 ores
1993 1269 2076 1309 as.
2111 1263 2167 1309 et
2197 1256 2340 1309 inter
2370 1259 2513 1309 illas.
2551 1275 2672 1309 mm
2716 1275 2854 1309 anns
2891 1269 3098 1309 essent.
3135 1259 3335 1309 IMI

100 1267 312 1340 οὐδαμοῦ
357 1267 413 1320 δὲ
463 1263 926 1335 πρεσϐυτερίδας,
976 1263 1009 1332 ἦ
1061 1259 1304 1328 ίερίσσας
1337 1253 1659 1328 προσέταξε.

1847 1253 2076 1320 pressas,
2111 1263 2167 1311 et
2197 1256 2340 1313 inter
2370 1259 2513 1324 illas,
2551 1275 2672 1330 quae
2716 1253 2859 1318 anus
2891 1269 3099 1326 essent,
3135 1259 3342 1331 1061

101 1365 198 1419 Καὶ
241 1361 348 1432 γὰρ
388 1358 511 1413 οὔτε
541 1357 780 1411 διάκονοι
826 1356 883 1408 ὲν
923 1356 988 1425 τῇ
1038 1350 1468 1421 ὲκκλησιαστικῇ
1514 1345 1664 1412 τάξει

1847 1344 2113 1416 esitytidas
2159 1356 2402 1414 vocatas,
2455 1366 2736 1422 nunquam
2786 1351 3198 1424 presbyteridas
3253 1359 3349 1406 aut

100 1451 478 1523 ἐπιστεύθησαν
519 1467 572 1502 τι
621 1449 916 1520 μυστήριον
969 1443 1261 1505 ἐπιτελεῖν,
1312 1439 1450 1496 ἀλλὰ
1500 1439 1662 1510 μόνον

1847 1438 2168 1494 :erdotissas
2198 1455 2322 1497 esse
2353 1440 2547 1498 factas.
2589 1442 2724 1497 Nam
2755 1459 2932 1515 neque
2960 1443 3210 1500 diaconis
3233 1443 3349 1516 qui-

100 1546 344 1603 διακονεῖν
379 1545 447 1596 τὰ
492 1539 904 1609 ἐπιτελούμενα.
951 1535 1126 1590 Πόθεν
1164 1534 1220 1587 δὲ
1255 1532 1416 1586 πάλιν
1462 1531 1593 1600 ἡμῖν
1635 1529 1664 1581 ό

1847 1545 1888 1582 rn
1921 1530 2056 1600 ipsis
2096 1532 2266 1588 ullum
2296 1533 2350 1588 in
2381 1535 2758 1592 ecclesiastico
2799 1537 2992 1593 ordine
3030 1551 3348 1593 sacramen-

100 1636 266 1699 καινὸς
299 1633 466 1705 μῦθος
504 1626 662 1694 οὗτος
693 1632 1026 1701 ὲγήγερταις
1066 1626 1236 1680 Πόθεν
1267 1623 1540 1694 γυναικῶν
1569 1620 1664 1675 τῦο

1847 1639 1882 1677 ιι
1917 1622 2178 1692 perﬁcere
2213 1627 2558 1691 conceditur,
2591 1628 2684 1684 sed
2717 1628 2819 1684 hoc
2847 1629 3135 1697 duntaxat,
3169 1638 3229 1684 ut
3256 1645 3349 1686 θοι

99 1746 215 1799 φος,
261 1727 355 1781 καί
405 1725 570 1798 μανία
606 1724 1027 1792 γυναικωνῖτιςς
1065 1719 1236 1774 Πόθεν
1280 1717 1591 1789 τρεφομένη
1623 1716 1658 1785 ἡ

97 1821 248 1877 κακία
278 1819 367 1875 διὰ
399 1819 692 1891 τῆς·πάλιν
724 1816 932 1889 θήλεος,
978 1817 1111 1886 ἡμῖν
1139 1814 1198 1866 τὸ
1235 1813 1370 1884 θῆλυ
1403 1813 1502 1882 τῆς
1530 1811 1660 1864 ὑπο-

98 1915 231 1978 νοίας
281 1914 396 1978 τοῖς
464 1913 815 1984 φρονήμασιν
870 1907 1202 1980 ὲπιχέουσα,
1271 1907 1332 1960 τὸ
1400 1905 1662 1976 σφέτερον

97 2005 408 2078 ἡδυπαθείας
439 2003 780 2077 ἐργαζομένη
805 2043 819 2068 ,
863 2001 973 2055 ἀπὸ
1020 1998 1114 2053 τοῦ
1161 1998 1522 2070 προκειμένου
1560 1996 1663 2062 ἔξω

101 2099 283 2170 βαίνειν
311 2097 416 2170 τὴν
443 2095 702 2152 τάλαιναν
729 2095 840 2149 τῶν
866 2091 1172 2165 ἀνθρώπων
1205 2091 1366 2162 φύσιν
1397 2091 1665 2160 ἐπιχειρεῖ

98 2190 445 2262 ἀναγκάζεινς
488 2188 648 2243 Ἀλλὰ
693 2188 798 2260 μὴν
830 2186 926 2240 τοῦ
969 2185 1090 2240 Ἰὼϐ
1111 2183 1414 2265 εδεξὼμεθα
1447 2183 1507 2237 τὸ
1541 2184 1667 2254 φρό-

98 2303 226 2357 νημα
260 2284 320 2338 τὺ
355 2283 576 2356 στερεὸν
601 2282 697 2336 τοῦ
726 2280 980 2352 ἀθλητοῦ,
1013 2277 1431 2349 ὲξοπλισώμεθα
1456 2277 1556 2349 τὴν
1583 2278 1666 2330 δι-

98 2378 244 2431 καίαν
269 2376 564 2448 ἀπόκρισιν
599 2377 692 2430 ἐπὶ
725 2377 837 2438 τοῖς
869 2375 1106 2445 χείλεσιν
1156 2371 1538 2434 ἀναλαϐόντες.
1575 2371 1660 2424 Ei-

100 2486 272 2539 πωμεν
303 2468 404 2521 καὶ
448 2468 601 2522 αὐτοί
625 2485 636 2498 ·
667 2468 900 2536 Ὥσπερ
933 2468 1042 2536 μία
1088 2465 1209 2519 τῶν
1242 2465 1524 2536 ἀφρόνων
1566 2482 1670 2533 γυ-

100 2560 304 2615 ναικῶν
332 2560 670 2628 ἐλάλησας.

162 2738 321 2793 Πόθεν
350 2738 464 2810 7&9
492 2739 593 2792 οὐκ
625 2738 994 2810 ἐμϐρόντητον
1021 2737 1082 2789 τὸ
1106 2735 1344 2790 τοιοῦτον
1373 2734 1673 2805 φανήσεται

102 2833 248 2888 παντὶ
293 2832 370 2904 τῷ
420 2832 639 2886 σύνεσιν
689 2829 885 2901 ἔχοντι,
919 2831 1013 2884 καὶ
1057 2831 1116 2882 ὲν
1159 2827 1279 2899 Θεῷ
1314 2825 1672 2898 κεκτημένους

101 2924 255 2980 Πόθεν
283 2923 384 2978 οὐκ
413 2921 757 2977 είδωλοποιὺν
782 2921 843 2975 τὸ
866 2921 1223 2992 ἐπιτήδευμα,
1252 2920 1347 2972 καὶ
1389 2919 1452 2972 τὸ
1494 2918 1673 2989 ὲγχεί-
1697 2960 1744 3024 c

105 3034 237 3088 ρημα
270 3015 612 3079 διαϐολικόνς
643 3013 918 3086 Προφάσει
969 3013 1078 3084 γὰρ
1119 3013 1326 3066 δικαίου
1357 3012 1444 3064 ἀεὶ
1484 3012 1673 3064 ὑπεισ-

101 3108 254 3162 δύνων
277 3107 377 3178 τὴν
404 3107 642 3162 διάνοιαν
671 3109 700 3159 ὁ
752 3105 997 3170 διάϐολος
1043 3105 1152 3157 τῶν
1199 3103 1523 3175 ἀνθρώπων.
1575 3103 1674 3173 τὴν

103 3198 283 3272 θνητὴν
321 3198 490 3270 φύσιν
546 3198 809 3252 θεοποιῶν
858 3199 940 3262 είς
992 3197 1302 3268 ὀφθαλμοὺς
1348 3194 1672 3266 ἀνθρώπιον,

103 3290 434 3365 ἀνδροείκελα
465 3291 756 3361 ἀγάλματα
782 3289 869 3344 διὰ
913 3289 1185 3350 ποικιλίας
1223 3287 1428 3358 τεχνῶν
1455 3287 1674 3357 διέγρα-

101 3383 178 3450 ψε.
225 3384 336 3438 Καὶ
381 3382 678 3455 τεθνήκασι
738 3383 837 3454 μὲν
887 3383 938 3436 oi
982 3379 1464 3453 προσκυνούμενοί,
1500 3379 1568 3432 τὰ
1619 3379 1676 3433 δὲ

100 3476 286 3530 τούτων
323 3475 620 3548 ἀγάλματα
667 3474 937 3548 μηδέποτε
973 3473 1214 3545 ζήσαντα
1276 3472 1417 3540 (οὔτε
1453 3473 1560 3544 7&9
1589 3490 1675 3525 νε-

102 3567 200 3638 κρὰ
226 3567 451 3623 δύναται
480 3566 732 3638 γενέσθαι
769 3565 839 3620 τὰ
877 3565 1149 3637 μηδέποτε
1201 3564 1460 3636 ζήσαντα)
1509 3562 1675 3634 προσο

104 3660 296 3732 κυνητὰ
338 3659 778 3732 παρεισάγουσι,
839 3656 930 3712 διὰ
999 3658 1361 3728 μοιχευσάσης
1418 3656 1674 3719 διανοίας,

104 3753 200 3806 ἀπὸ
243 3753 339 3807 τοῦ
397 3753 517 3815 ἑνὸς
564 3753 658 3806 καὶ
716 3751 876 3822 μόνου
925 3750 1090 3804 Θεοῦ·
1142 3752 1217 3815 ὡς
1265 3754 1298 3822 ἡ
1366 3751 1678 3815 πολύκοινος

104 3844 260 3915 πόρνη
295 3846 387 3897 ἐπὶ
426 3843 626 3913 πολλὴν
666 3840 894 3895 ἀτοπίαν
950 3840 1273 3913 πολυμιξίας
1316 3843 1674 3914 ἑρεθισθείσα,

104 3935 186 3986 καὶ
222 3934 282 3987 τὸ
330 3933 549 4005 σῶφρον
589 3933 1012 4005 ἀποτριψαμένη
1057 3930 1158 4000 τῆς
1206 3931 1300 3987 τοῦ
1337 3933 1454 3997 ἐνὸς
1487 3934 1678 4005 ἀνδρὸς

103 4023 362 4094 εὐνομίας.
393 4024 504 4077 Ναὶ
534 4024 641 4095 μὴν
685 4024 841 4093 ἆγιον
868 4019 937 4095 ἦν
968 4024 1030 4078 τὸ
1081 4023 1241 4095 σῶμα
1292 4025 1390 4096 τῆς
1432 4027 1674 4098 Μαρίας

101 4117 154 4170 οὗ
186 4116 286 4188 μὴν
332 4117 480 4180 θεός.
515 4117 622 4170 Ναὶ
662 4116 728 4189 δὴ
765 4116 1033 4189 παρθένος
1077 4113 1145 4188 ἦν
1185 4120 1219 4189 ὴ
1270 4117 1548 4190 Παρθένος
1586 4120 1678 4171 καὶ

103 4220 452 4281 τετιμημενη,
485 4207 601 4263 ἀλλ’
629 4210 730 4262 οὐκ
763 4209 845 4272 είς
882 4209 1417 4281 προσκύνησινήμίν
1443 4209 1673 4266 δοθεῖσα,

1764 1730 1883 1768 rum
1916 1730 2037 1785 quae
2063 1714 2440 1786 perﬁciuntur,
2471 1720 2710 1776 ministri
2753 1720 2882 1775 sint.
2926 1719 3207 1778 Uudenam
3250 1723 3350 1794 igi-

1763 1814 1854 1861 tur
1883 1823 2076 1864 recens
2107 1809 2197 1864 illa
2237 1810 2400 1867 nobis
2433 1822 2516 1867 est
2544 1813 2781 1867 excitata
2823 1812 3040 1868 fabula?
3074 1813 3228 1870 Unde
3261 1815 3349 1869 hic

1766 1899 2062 1955 mulierum
2091 1900 2290 1967 fastus,
2328 1903 2409 1957 vel
2439 1905 2724 1960 muliebris
2753 1905 2933 1974 potius
2967 1905 3160 1960 furor?
3196 1906 3350 1962 Unde

1765 2003 1896 2043 vero
1925 1990 2167 2058 nequitia
2195 1991 2306 2052 illa,
2333 2008 2500 2062 quam
2525 1994 2707 2049 denuo
2730 1997 2926 2052 mulier
2949 1997 3045 2050 alit
3091 2012 3154 2052 ac
3181 1996 3346 2062 fovet,

1766 2082 2141 2137 eﬁetuinatum
2177 2083 2323 2137 istud
2361 2083 2558 2156 dogma
2599 2086 2799 2140 animis
2848 2087 3130 2143 hominum
3175 2090 3353 2146 instil-

1769 2171 1910 2234 lans,
1950 2186 2012 2225 ac
2043 2171 2325 2227 libidinem
2355 2188 2510 2228 suam
2537 2189 2868 2244 exsequens,
2902 2175 3106 2232 infelici
3135 2181 3352 2250 generis

1769 2262 1996 2317 humani
2032 2269 2244 2318 naturae
2280 2265 2387 2318 vim
2428 2264 2632 2322 inferre
2675 2275 2942 2333 conatur,
2988 2278 3044 2323 ut
3087 2285 3117 2324 a
3151 2285 3356 2342 propo-

1771 2356 1878 2410 sito
1929 2370 2097 2427 scopo
2150 2355 2452 2412 desciscat?
2506 2358 2612 2415 Sed
2652 2376 2756 2416 nos
2796 2359 2918 2417 Jobi
2961 2365 3187 2434 spiritus
3231 2365 3357 2420 illos

1772 2448 1958 2503 animo
1985 2451 2288 2520 capiamus,
2312 2458 2366 2506 et
2397 2452 2611 2508 athleta:
2639 2453 2926 2510 fortissimi
2989 2457 3184 2513 robore
3205 2459 3356 2514 velut

1773 2541 1942 2597 armis
1979 2542 2291 2608 induamur,
2325 2558 2389 2597 ac
2432 2559 2700 2614 responso
2737 2547 2882 2602 illius
2929 2558 3186 2604 utamur:
3214 2551 3357 2606 Tan-

1774 2649 1934 2703 quam
1971 2651 2078 2688 una
2115 2649 2144 2688 ε
2169 2635 2377 2689 stolidis
2410 2637 2719 2693 mulieribus
2743 2639 2923 2695 locuta
2947 2659 3000 2696 es
3025 2647 3069 2698 '.

1847 2726 2060 2782 Etenim
2107 2743 2291 2784 nonne
2339 2728 2606 2786 furiosum
2641 2731 2770 2787 illud
2822 2747 2886 2787 ac
2928 2735 3195 2792 vecordia:
3245 2737 3358 2806 pie-

1778 2833 1909 2874 num
1945 2817 2141 2890 dogma
2175 2818 2450 2875 videbitur
2485 2821 2552 2877 iis
2583 2821 2673 2893 qui
2711 2823 2975 2880 divinitus
3013 2829 3238 2899 accepta
3272 2844 3360 2884 sa-

1781 2912 1982 2983 pientia
2024 2913 2234 2982 praediti
2272 2913 2438 2968 sunt?
2480 2913 2670 2970 Nonne
2717 2915 3026 2972 institutum
3069 2920 3200 2976 illud
3231 2937 3358 2978 cum

1779 3005 2083 3060 idololatria
2165 3007 2558 3076 conjttnctum,
2631 3023 2692 3060 ac
2758 3008 3063 3067 diaholicus
3129 3021 3361 3070 conatus

1777 3092 2178 3157 existimandus
2212 3098 2491 3156 est?l\'am
2541 3100 2791 3155 diabolus
2832 3103 2934 3155 sub
2965 3103 3194 3171 justitiae
3235 3120 3361 3175 spe-

1777 3195 1862 3248 cie
1886 3202 2149 3265 perpetuo
2180 3193 2461 3246 hominum
2499 3193 2776 3248 mentibus
2800 3194 3090 3264 ohrepens,
3122 3211 3186 3252 ac
3215 3213 3361 3253 mor-

1779 3285 1940 3340 talem
1980 3293 2230 3340 naturam
2281 3284 2483 3340 divinis
2521 3285 2823 3339 honoribus
2871 3301 3228 3354 consecrans,
3259 3289 3362 3344 hu-

1780 3391 1971 3432 manas
1997 3372 2200 3447 eﬁigies
2230 3375 2585 3431 artiﬁciorum
2620 3378 2881 3432 varietate
2932 3381 3228 3449 pet-politas
3261 3381 3360 3436 ho-

1781 3471 1988 3526 minum
2039 3470 2216 3526 oculis
2266 3470 2488 3540 objeeit.
2543 3469 2724 3537 Quare
2790 3486 2913 3525 cum
2969 3470 3047 3525 illi
3093 3471 3218 3542 ipsi,
3268 3473 3362 3544 qui

1781 3564 2102 3626 adorantur,
2138 3561 2335 3617 mortui
2389 3561 2519 3626 sint,
2561 3578 2750 3617 eorum
2803 3570 2984 3618 tamen
3046 3565 3360 3627 simulacra,

1781 3672 1901 3727 qua!
1947 3657 2072 3710 vita:
2128 3655 2262 3711 nihil
2323 3670 2563 3726 unquam
2616 3655 2924 3710 habuerunt
2969 3656 3170 3727 (neque
3217 3657 3363 3712 enim

1783 3758 1995 3803 mortua
2031 3748 2137 3803 diei
2171 3757 2401 3818 possunt
2443 3749 2551 3809 illa,
2598 3763 2717 3818 qua:
2765 3764 3044 3818 nunquam
3081 3749 3189 3803 vita
3230 3764 3368 3820 prae-

1782 3843 1894 3896 dita
1939 3841 2496 3915 fueruntl,adoranda
2549 3821 2880 3912 proponunt,
2923 3844 3002 3896 sic
3049 3851 3108 3896 ut
3148 3845 3365 3900 animus

1784 3935 2067 3989 hominum
2125 3936 2192 3988 ab
2248 3951 2357 3989 uno
2417 3935 2641 4004 soloque
2707 3934 2813 3989 Deo
2868 3933 3078 3988 nefario
3120 3935 3360 4006 quodam

1783 4030 2056 4083 adulterio
2109 4031 2423 4085 desciscat:
2456 4031 2600 4083 velut
2653 4029 2934 4088 meretrix.
2969 4044 3089 4097 quae
3136 4043 3366 4099 corpore

1784 4137 1886 4177 suo
1915 4131 2184 4193 qumstum
2225 4123 2433 4176 lacicns
2486 4121 2880 4190 multiplicibus
2908 4121 3238 4191 promiscuae
3271 4135 3365 4175 ve-

1785 4217 1934 4271 neris
1967 4215 2206 4268 stimulis
2235 4214 2446 4286 agitur,
2489 4223 2542 4268 et
2575 4213 2736 4267 unius
2789 4227 2851 4266 ac
2899 4212 3122 4283 legitimi
3175 4211 3367 4270 matri-

105 4301 227 4356 ἀλλὰ
256 4300 640 4373 προσκυνοῦσα
685 4300 778 4354 τὸν
824 4301 883 4366 ἐξ
935 4301 1104 4372 αὐτῆς
1135 4301 1300 4374 σαρκὶ
1345 4303 1669 4372 γεγεννημέ-

1847 4309 1956 4363 onii
2013 4308 2320 4364 castitatem
2367 4307 2635 4376 repudiat.
2701 4303 2962 4361 Sanctum
3014 4314 3132 4361 erat
3187 4305 3374 4361 Mariae

105 4411 202 4458 νον,
226 4395 334 4448 ἀπὸ
362 4393 612 4466 οὐρανῶν
639 4393 698 4447 δὲ
727 4395 790 4448 ἐκ
815 4393 1030 4448 κόλπων
1065 4394 1334 4466 πατρῴων
1372 4397 1678 4468 παραγενό-

109 4504 272 4558 μενον.
306 4488 421 4541 Καὶ
460 4486 549 4542 διὰ
581 4486 741 4541 τοῦτο
781 4487 842 4541 τὸ
883 4486 1216 4557 Εὐαγγέλιον
1247 4489 1677 4559 ἑπασφαλίζεται

107 4580 258 4650 ἡμᾶς,
305 4581 488 4650 λέγον,
537 4578 703 4634 αὐτοῦ
759 4579 854 4635 τοῦ
906 4581 1110 4653 Κυρίου
1160 4583 1451 4655 φήσαντος,
1487 4584 1568 4637 ὅτι
1618 4587 1680 4639 Tl

105 4671 221 4741 ἐμοὶ
258 4673 357 4728 καὶ
403 4672 526 4737 σοι,
559 4674 766 4742 rural;
797 4673 974 4730 Οὔπω
1001 4673 1136 4743 ἣκει
1163 4675 1202 4743 ἠ
1239 4674 1360 4745 ὥρα
1385 4694 1526 4746 μου.
1562 4677 1681 4732 Ἵνα

107 4764 206 4820 ἀπὺ
225 4765 340 4833 τοῦ,
366 4767 582 4834 Γύναι,
611 4767 670 4820 τί
701 4766 830 4836 ἐμοὶ
870 4766 970 4820 καὶ
993 4767 1123 4822 -σοί
1140 4783 1160 4832 ;
1214 4769 1286 4840 μή
1330 4786 1477 4834 τινες
1527 4769 1681 4842 νομί-

111 4875 230 4914 σωσι
277 4864 669 4934 περισσότερον
717 4855 858 4914 εἶναι
895 4860 993 4933 τὴν
1043 4861 1206 4930 ἁγίαν
1257 4863 1548 4940 Παρθένον,
1582 4883 1682 4932 γυ-

108 4953 256 5006 ναῖκα
301 4953 512 5023 ταύτην
555 4950 846 5024 κέκληκεν,
877 4950 954 5015 ὡς
998 4952 1378 5023 προφητεύων,
1405 4954 1514 5008 τῶν
1557 4956 1684 5026 μελ-

109 5039 297 5099 λόντων
327 5042 549 5098 ἔσεσθαι
571 5043 672 5097 ’ἐπὶ
701 5043 802 5114 τῆς
829 5043 932 5114 γῆς
964 5044 1276 5114 σχισμάτων
1313 5063 1372 5098 τε
1412 5047 1507 5101 καὶ
1535 5047 1685 5119 αἱρέ-

112 5151 235 5189 σεων
262 5123 463 5209 χάριν⁸
501 5138 588 5190 ἵνα
639 5137 715 5208 μή
772 5153 936 5202 τινες,
974 5137 1246 5209 ὑπερϐολῇ
1304 5137 1685 5209 θαυμάσαντες

109 5225 196 5298 τὴν
241 5228 425 5299 ἁγίαν,
475 5231 556 5293 εἰς
605 5228 761 5283 τοῦτο
803 5229 1116 5283 ὑποπέσωσι
1163 5230 1261 5300 τῆς
1305 5232 1570 5302 αἱρέσεως
1627 5234 1687 5287 τὸ

109 5319 469 5397 ληρολάγημαο

1787 4417 2008 4474 corpus,
2036 4403 2205 4457 fateor
2234 4418 2247 4456 :
2278 4415 2384 4456 non
2423 4409 2602 4454 tamen
2647 4400 2782 4454 deus
2814 4400 2902 4453 illa
2938 4399 3056 4454 fuit.
3091 4399 3290 4455 Eadem
3317 4411 3374 4456 et

1789 4500 1940 4567 virgo
1987 4497 2230 4560 exstitit,
2299 4494 2527 4548 minime
2565 4501 2744 4547 tamen
2802 4493 2962 4548 nobis
3021 4493 3086 4546 ad
3137 4493 3373 4549 adorano

1788 4592 1917 4647 dum
1951 4590 2247 4663 proposita,
2281 4587 2373 4644 sed
2410 4602 2534 4642 eum
2568 4586 2807 4662 adorans
2838 4586 3039 4658 ipsum,
3063 4585 3159 4657 qui
3205 4602 3237 4643 e
3275 4602 3373 4642 sua

1791 4699 1954 4741 carne
1978 4684 2216 4758 genitus,
2249 4698 2280 4739 e
2315 4683 2455 4740 ctelo
2481 4697 2545 4737 ac
2578 4688 2807 4752 paterno
2841 4681 2964 4736 sinu
2988 4679 3372 4737 descenderat.

1792 4777 1972 4844 Quare
1999 4785 2250 4832 sanctum
2280 4787 2499 4845 quoque
2533 4785 2632 4828 nos
2668 4772 3016 4842 Evangelium
3047 4771 3376 4842 praemunire

1791 4871 1986 4936 voluit,
2024 4871 2078 4926 in
2109 4886 2218 4941 quo
2251 4871 2326 4924 ita
2351 4868 2604 4925 Christus
2656 4865 2896 4935 loquitur
2932 4882 2944 4916 :
2984 4863 3128 4930 Quid
3161 4863 3291 4917 mihi
3326 4876 3374 4916 et

1795 4962 1908 5026 tibi,
1957 4960 2187 5016 mulier?
2239 4958 2488 5013 Nondum
2534 4959 2669 5012 venit
2729 4958 2860 5011 hora
2911 4972 3026 5009 mea
3061 4955 3102 5007 ⁸.
3146 4952 3246 5010 Ubi
3293 4954 3376 5007 id-

1794 5055 1943 5110 circo
1993 5053 2276 5108 mulierem
2329 5050 2660 5121 appellavit:
2697 5048 2837 5114 Quid
2890 5047 3039 5115 mihi,
3091 5045 3294 5117 inquit,
3325 5055 3375 5100 et

1795 5145 1909 5211 tibi,
1942 5145 2167 5200 mulier?
2194 5159 2260 5199 ne
2288 5142 2412 5214 quis
2440 5142 2501 5196 B.
2537 5141 2814 5212 Virginem
2848 5137 3253 5196 excellentinris
3285 5137 3379 5190 ali-

1796 5240 1956 5309 cujus
1986 5253 2108 5294 esse
2159 5246 2370 5293 natura:
2412 5235 2680 5302 crederet,
2714 5249 2888 5304 eoque
2921 5231 3188 5288 vocabulo
3217 5230 3376 5302 quasi

1796 5332 2102 5387 vaticinans
2154 5331 2218 5386 ad
2252 5345 2313 5386 ea
2347 5329 2647 5385 schismata
2675 5328 3018 5397 haeresosque
3055 5323 3378 5379 refutandae

111 5433 234 5475 usus
263 5431 368 5485 est,
407 5437 547 5494 quas
589 5426 646 5478 in
689 5425 821 5480 orbe
871 5433 1141 5481 terrarum
1195 5425 1322 5480 olim
1401 5427 1725 5485 excitandas
1767 5435 2101 5500 cognoverat
2146 5445 2159 5479 :
2207 5441 2369 5481 nemo
2420 5433 2478 5479 ut
2519 5431 2883 5480 sacrosancta:
2936 5419 3175 5492 Virginis
3223 5416 3380 5472 vehe-

110 5515 344 5570 mentiori
401 5518 638 5597 quadam
699 5518 1061 5573 admiratione
1110 5518 1321 5590 1062
1380 5530 1660 5578 permotus
1700 5538 1821 5579 sese
1854 5523 1916 5576 ad
1951 5523 2096 5578 illius
2140 5521 2362 5576 haeresis
2414 5534 2588 5591 nugas
2643 5534 2705 5572 ac
2757 5516 2946 5572 deliria
3011 5518 3377 5570 converteret.

175 5678 186 5706 '
224 5678 397 5730 lCor.
443 5693 550 5731 xw.
581 5679 668 5730 Si.
768 5680 786 5708 '
822 5677 922 5731 Job
958 5693 1016 5736 ll,
1056 5678 1136 5732 10.

420 5770 691 5830 Parnm.
731 5760 852 5831 (in?
885 5771 1077 5830 XLII.

1218 5683 1237 5709 "
1265 5677 1422 5734 Joan.
1464 5696 1521 5744 ιι,
1566 5682 1618 5735 1.

3018 5763 3093 5824 24
