3790 6212
358 249 464 308 N7

1791 231 1849 289 S,
1879 223 2229 286 .EPIPHAN‘J

3521 223 3528 227 ’
3547 213 3636 272 πε

429 367 494 426 ν.
539 367 633 423 Est
658 364 804 423 enim
836 371 950 420 tota
990 365 1097 420 ista
1144 361 1390 417 narratio
1428 373 1560 414 sane
1603 371 1766 428 quam
1814 352 1946 408 ridi-

2123 345 2198 401 E'.
2237 342 2448 414 Χλτεύης
2489 343 2595 413 γάρ
2631 341 2745 395 ὲστι
2777 339 2837 393 τὸ
2861 339 2991 404 πᾶν,
3042 337 3138 391 καὶ
3180 339 3364 407 γραῶν
3395 339 3429 392 ὀ
3459 333 3642 407 μῦθος,

359 463 508 525 cula,
560 471 613 516 et
660 458 1004 514 anicularum
1060 453 1441 510 lucubratione
1488 449 1674 520 digna.
1732 445 1946 501 Etenim

365 567 603 624 quanam
644 552 696 605 in
739 547 1036 619 Scriptura:
1084 550 1239 615 parte
1275 538 1626 597 continetur?
1655 535 1790 602 Quis
1824 548 1949 605 pro-

360 646 647 719 phetarum
695 653 935 710 unquam
994 636 1078 692 vel
1113 633 1387 689 hominem
1440 627 1694 694 adorari,
1744 624 1945 680 nedum

369 717 654 792 mulierem
726 728 1012 804 permisit?
1070 729 1393 794 Quanquam
1455 720 1601 776 enim
1683 717 1945 774 selectum

343 827 637 901 .qboddam
692 840 790 881 vas
861 833 1024 894 atque
1085 819 1347 876 eximium
1419 815 1526 877 sit,
1593 811 1949 866 nihilominus

362 922 562 977 mulier
586 927 691 982 est,
727 916 1084 988 ejusdemque
1131 925 1258 965 eum
1319 907 1534 963 caeteris
1568 912 1798 966 naturae,
1829 902 1952 957 licet

364 1015 550 1068 animo
603 1019 768 1080 atque
821 1022 986 1062 sensu
1032 1001 1387 1073 amplissimis
1425 998 1728 1053 honoribus
1761 994 1952 1050 all‘ecta

364 1106 436 1162 sit
462 1122 477 1167 ;
509 1104 735 1175 perinde
761 1117 824 1155 ac
853 1099 1189 1168 reliquorum
1215 1101 1527 1151 sanctorum
1570 1103 1825 1160 corpora,
1861 1093 1954 1140 aut

364 1202 411 1258 si
459 1195 697 1270 'quid'ad
747 1192 977 1264 gloriam
1024 1205 1088 1246 ac
1124 1187 1471 1259 splendorem
1508 1182 1778 1237 illustrius
1813 1186 1955 1270 altu.

364 1263 501 1340 lero'.
539 1263 1009 1348 Quemadmodum
1042 1272 1210 1337 Elias,
1243 1272 1337 1341 qui
1379 1271 1447 1324 ab
1481 1275 1604 1322 ortu
1654 1281 1754 1321 suo
1784 1263 1953 1332 virgi-

367 1378 592 1434 nitatem
653 1380 914 1442 perpetuo
963 1367 1223 1426 servavit,
1268 1373 1323 1420 et
1378 1364 1432 1416 in
1480 1361 1678 1416 emtum
1734 1365 1954 1413 evectus

367 1468 507 1524 cst‘.
541 1464 610 1520 Ut
648 1461 888 1518 Joannes
924 1465 1132 1530 postea,
1164 1455 1258 1524 qui
1300 1455 1354 1508 in
1401 1461 1590 1523 pectus
1626 1449 1838 1505 Domini
1871 1465 1956 1503 re-

369 1560 560 1615 cubuit
586 1560 630 1621 ⁸,
673 1569 835 1626 quem
888 1551 1146 1622 diligebat
1189 1548 1351 1603 Jesus
1388 1547 1428 1600 '.
1486 1545 1552 1600 Ut
1600 1543 1953 1599 sanctissima

375 1653 468 1706 illa
501 1648 700 1704 Thecla
726 1664 742 1703 :
769 1647 856 1700 cui
895 1653 1074 1697 tamen
1109 1643 1266 1711 longe
1309 1648 1392 1694 est
1435 1635 1812 1706 anteponenda
1841 1632 1954 1686 Ma-

2054 439 2129 502 ὡς
2163 439 2357 497 εἰπεῖν,
2394 436 2490 505 τῆς
2540 433 2804 505 αἱρέσεως
2851 432 2910 486 τὸ
2957 432 3227 502 διήγημα.
3283 428 3427 483 Ποῖα.
3474 429 3536 483 δέ
3569 445 3643 492 τις

2055 527 2245 602 Γραφὴ
2307 526 2606 597 διηγήσατο
2662 523 2790 595 περὶ
2849 522 3070 579 τούτους
3130 520 3291 585 Ποῖος
3354 517 3644 591 προφηώ

2055 620 2354 693 ἐπέτρεψεν
2406 617 2694 688 ἄνθρωπον
2750 612 3214 688 προσκυνεῖσθαι,
3277 611 3343 664 οὐ
3397 610 3511 681 μὴν
3557 625 3644 679 τυ-

2056 717 2218 767 ναῖκα
2245 711 2465 779 λέγειν;
2514 708 2822 780 Ἐξαίρετον
2877 707 2976 778 μὲν
3025 707 3133 777 γάρ
3174 709 3294 758 ἐστι
3327 703 3390 756 τὺ
3441 701 3645 765 σκεῦος,

2056 806 2193 860 ἀλλὰ.
2217 804 2376 876 γυνὴ,
2408 804 2501 856 καὶ
2531 801 2684 855 οὐδὲν
2723 800 2821 871 τὴν
2853 798 3013 870 φύσιν
3061 795 3530 869 παρηλλαγμένη,
3563 793 3649 865 τήν

2055 899 2114 954 δὲ
2174 895 2402 966 γνώμην
2429 895 2523 947 καὶ
2570 893 2670 964 τὴν
2703 891 2956 962 αἴσθησιν
2997 892 3055 944 ὲν
3110 893 3242 960 τιμῇ
3288 888 3650 958 τετιμημένη,

2059 990 2248 1062 ὥσπερ
2277 988 2347 1041 τὰ
2375 986 2604 1058 σώματα
2633 985 2742 1039 τῶν
2774 985 2966 1053 ἁγίων,
3009 986 3104 1037 καὶ
3155 983 3207 1035 εἰ
3240 1001 3292 1035 τι
3340 981 3654 1052 περισσότε-

2061 1100 2150 1155 ρον
2182 1082 2316 1153 πρὸς
2347 1079 2654 1147 δοξολογίαν
2696 1077 2938 1149 εἴποιμι·
2978 1077 3054 1138 ὼς
3101 1075 3287 1139 Ἠλίας
3337 1077 3403 1128 ὲκ
3461 1074 3656 1145 μητρὶς

2063 1173 2351 1246 παρθένος,
2385 1173 2480 1226 καὶ
2512 1170 2655 1225 οὕτω
2687 1171 2861 1240 μένων
2893 1172 2973 1233 εἰς
3014 1169 3074 1222 τὺ
3101 1168 3374 1240 διηνεκὲς,
3402 1168 3508 1220 καὶ
3541 1171 3658 1220 ἀνα.

2063 1265 2492 1338 λαμϐανόμενος,
2522 1262 2750 1316 θάνατον
2777 1260 2837 1315 δὲ
2867 1261 2965 1330 οὐχ
2995 1257 3288 1331 ὲωρακώς’
3313 1258 3393 1320 ὡς
3420 1259 3454 1308 ὁ
3492 1257 3661 1310 Ἰωάν-

2061 1376 2180 1430 νης,
2205 1361 2233 1412 ὁ
2261 1358 2354 1410 ἐπὶ
2377 1357 2437 1410 τὸ
2473 1355 2668 1426 στῆθος
2696 1354 2790 1408 τοῦ
2815 1352 3019 1424 Κυρίου
3047 1351 3362 1413 ἀναπεσὼν,
3391 1350 3455 1402 ὃν
3483 1352 3662 1418 ἠγάπα

2058 1454 2088 1506 ὁ
2129 1449 2370 1519 Ἰησοῦς’
2429 1449 2503 1511 ὡς
2555 1446 2733 1501 Θέκλα
2779 1448 2812 1516 ή
2861 1445 3012 1514 ἁγία,
3049 1445 3145 1497 καὶ⁵
3201 1443 3399 1514 Μαρία
3453 1444 3490 1510 ἡ
3531 1442 3661 1493 ἐπὶ*

2062 1543 2262 1612 ταύτης
2311 1539 2610 1610 τιμιωτέρα
2667 1539 2732 1591 δι’
2797 1537 2866 1606 ἢν
2921 1535 3256 1607 κατηξίωται
3323 1533 3660 1600 οἰκονομίαν.

2079 1633 2216 1686 Ἀλλ’
2273 1630 2395 1684 οὔτε
2438 1630 2625 1691 Ἠλίας
2679 1626 3072 1698 προσκυνητὸς,
3123 1624 3332 1695 καίπερ
3389 1625 3450 1675 ἐν
3513 1620 3662 1683 ζῶσιν

370 1746 477 1808 ria,
527 1743 598 1798 ob
653 1740 876 1795 cmleste
929 1735 1064 1790 illud
1112 1706 1464 1804 mysterium,
1517 1727 1665 1799 quod
1729 1727 1786 1780 in
1841 1725 1963 1794 ejus

2100 1741 2170 1780 ιν⁶
2198 1722 2322 1777 οὔτε
2360 1721 2615 1791 Ἰωάννης
2639 1718 3035 1791 προσκυνητδς.
3070 1715 3249 1770 καίτοι
3283 1731 3351 1782 γε
3397 1712 3492 1766 διὰ
3544 1714 3664 1776 iii-L1;

370 1846 530 1894 utero
577 1832 877 1904 perfectum
928 1836 1029 1885 est.
1083 1825 1246 1896 Atqui
1293 1840 1393 1879 nec
1451 1821 1595 1876 Eiias
1646 1817 1961 1874 adorandus

369 1939 478 1998 est,
506 1928 725 1986 tametsi
759 1925 938 1981 adhuc
977 1927 1258 1992 superstes
1310 1917 1422 1982 sit;
1480 1928 1656 1984 neque
1696 1909 1959 1968 Joannes.
2011 1981 2018 1986 η

372 2023 503 2077 licet
536 2018 792 2090 precibus
827 2021 1057 2068 mortem
1086 2024 1242 2064 suam
1277 2003 1654 2061 admirabilem
1686 2015 1750 2056 ac
1778 1998 1964 2068 singu-

375 2084 831 2166 larem-eii‘ecerit,
879 2101 962 2156 vel
1019 2099 1070 2152 id
1127 2096 1306 2166 potius
1359 2091 1546 2146 divino
1595 2089 1666 2144 sit
1701 2084 1962 2142 beneﬁcio

375 2203 734 2257 consecutus.
763 2193 867 2248 Sed
910 2205 1012 2244 nec
1043 2185 1268 2248 Thecla,
1307 2189 1402 2236 aut
1455 2180 1596 2236 alius
1636 2177 1906 2249 quispiam
1935 2190 1964 2228 e

376 2292 588 2349 sanctis
622 2289 903 2343 adoratur.
943 2281 1063 2336 Non
1093 2280 1239 2336 enim
1273 2285 1428 2332 vetus
1460 2273 1620 2329 nobis
1648 2267 1966 2340 superstitio

376 2381 774 2444 dominabitur,
807 2384 888 2440 ut,
919 2375 1042 2428 vivo
1072 2371 1180 2426 Deo
1217 2367 1500 2428 derelicto,
1531 2379 1652 2433 qua:
1689 2363 1758 2414 ab
1787 2375 1853 2416 eo
1890 2360 1965 2412 la-

377 2473 589 2530 bricata
633 2479 762 2526 sunt
801 2467 1032 2521 adorare
1076 2461 1350 2518 velimus:
1391 2457 1692 2512 Servierunl
1726 2491 1741 2518 ,
1766 2454 1963 2522 inquit,

379 2577 430 2618 et
453 2563 683 2620 venerati
713 2570 835 2616 sunt
880 2565 1179 2613 creaturam
1228 2556 1402 2621 potius
1440 2565 1598 2619 quant
1641 2545 1965 2610 Creatorem,

376 2670 430 2715 et
459 2657 598 2727 fatui
628 2653 822 2708 redditi
850 2660 970 2705 sunt
1007 2648 1049 2702 ⁸.
1082 2645 1216 2701 Nam
1265 2645 1310 2699 si
1371 2657 1438 2697 ne
1482 2639 1704 2710 angelos
1748 2638 1967 2708 quidem

384 2749 606 2806 adorari
637 2744 920 2819 permittit,
957 2747 1164 2812 quanto
1195 2732 1377 2792 minits
1414 2735 1464 2789 id
1505 2735 1674 2787 Annae
1713 2731 1835 2786 tiliae
1869 2731 1968 2784 tri-

383 2841 477 2898 bui
509 2836 845 2894 concesserit
869 2873 896 2899 ‹,
943 2845 1107 2903 quam
1139 2827 1217 2883 illi
1259 2842 1290 2882 e
1325 2824 1570 2880 Joacimo
1619 2822 1711 2877 Dei
1754 2823 1969 2878 bonitas

371 2930 642 2988 indulsit?
697 2940 862 2996 quam
922 2921 1179 2994 precibus
1247 2916 1506 2985 omnique
1560 2912 1727 2968 animi
1788 2912 1970 2968 studio

381 3037 448 3078 ac
476 3019 830 3076 contentione
887 3026 1086 3084 parens
1116 3019 1349 3078 uterque
1393 3003 1730 3076 promeruit?
1774 3003 1846 3056 ita
1889 3010 1972 3056 ta-

2067 1815 2234 1886 εὺχῆς
2266 1815 2363 1886 τὴν
2411 1813 2666 1883 κοίμησιν
2717 1809 2884 1866 αὑτοῦ
2924 1808 3230 1879 ἔκπληκτον
3265 1805 3664 1875 ἀπεργασάμε-

2070 1927 2177 1973 νος,
2216 1908 2413 1979 μᾶλλον
2453 1906 2509 1959 δὲ
2545 1907 2606 1960 tu
2633 1903 2768 1958 Θεοῦ
2811 1901 2991 1956 λαϐὼν
3025 1901 3121 1971 τὴν
3160 1899 3322 1972 χάριν
3346 1916 3358 1928 ’
3394 1898 3519 1952 ἀλλ’
3554 1896 3664 1950 οὗτε

2069 2005 2100 2072 ή
2135 2000 2331 2061 Θέκλα,
2365 1997 2486 2051 οὔτε
2520 2015 2601 2062 τις
2634 1997 2741 2050 τῶν
2772 1996 2942 2065 ἁγίων
2971 1995 3384 2065 προσκυνεῖται.
3418 1992 3502 2043 Οὐ
3569 1994 3667 2062 γὰρ

2071 2093 2349 2166 κυριεύσει
2413 2091 2571 2164 ἡμῶν
2617 2094 2650 2161 ή
2701 2090 2904 2162 ἀρχαία
2957 2088 3156 2159 πλάνη,
3222 2085 3663 2156 καταλιμπάνει-ε

2072 2188 2162 2240 τὸν
2197 2186 2395 2250 ζῶντα,
2421 2184 2516 2238 καὶ
2555 2185 2880 2254 προσκυνεῖν
2920 2181 2989 2233 τὰ
3029 2180 3121 2233 ὑπ’
3167 2178 3334 2232 αὐτοῦ
3387 2181 3664 2247 γεγονότα·

2085 2277 2486 2346 Ἐλάτρευσαν
2533 2276 2662 2348 γὰρ,
2720 2275 2816 2330 καὶ
2871 2274 3301 2339 ἐσεϐάσθησαν
3346 2271 3424 2339 τῇ
3485 2274 3668 2325 κτίσει

2074 2369 2232 2438 παρὰ
2277 2368 2384 2422 τὸν
2429 2369 2742 2430 κτίσαντα,
2792 2366 2892 2420 καὶ
2930 2364 3391 2436 ἐμωράνθησαν.
3447 2365 3518 2417 ΕΞ
3571 2365 3671 2435 γὰρ

2074 2463 2338 2532 ἀγγέλους
2372 2459 2796 2532 προσκυνεῖσθαι.
2829 2459 2890 2510 οὐ
2922 2456 3086 2519 θέλει,
3135 2457 3286 2525 πόσῳ
3344 2456 3557 2526 μᾶλλον
3585 2457 3672 2524 τήν

2074 2555 2181 2606 ἀπὸ
2215 2554 2414 2622 Ἀννης
2447 2549 2874 2620 γεγεννημένην,
2917 2549 3014 2619 τὴν
3055 2549 3118 2601 ὲκ
3160 2547 3257 2601 τοῦ
3309 2548 3578 2617 Ἰωακεὶμ
3611 2552 3672 2617 τῇ

2080 2643 2248 2712 Ἀννῃ
2279 2640 2684 2711 δεδωρημένην,
2710 2639 2810 2709 τὴν
2842 2637 2907 2691 δι’
2935 2637 3099 2707 εὐχῆς
3129 2637 3225 2688 καὶ
3263 2636 3452 2707 πάσης
3481 2639 3671 2706 ἐπιμε-

2075 2735 2224 2797 λείας
2257 2733 2398 2788 κατὰ
2446 2730 2779 2801 ἐπαγγελίαν
2830 2730 2998 2800 πατρὶ
3049 2729 3145 2782 καὶ
3199 2728 3372 2800 μητρὶ
3405 2728 3671 2786 δοθεῖσιν.

2076 2828 2137 2879 οὐ
2175 2826 2274 2897 μὲν
2306 2825 2508 2897 ἑτέρως
2537 2822 2946 2893 γεγεννημένην
2984 2820 3134 2892 παρὰ
3178 2822 3279 2892 τὴν
3312 2821 3424 2873 τῶν
3470 2822 3674 2891 ἀνθρὼ-

2078 2937 2194 2972 πων
2225 2922 2407 2987 φύσιν,
2449 2915 2603 2981 ἀλλὰ,
2642 2913 2822 2979 καθὼς
2865 2916 3084 2977 πάντες,
3128 2916 3191 2965 ὲκ
3222 2913 3554 2984 σπέρματος
3583 2915 3670 2964 ἀνθ

2076 3013 2200 3082 δρὸς
2231 3010 2326 3062 καὶ
2354 3009 2564 3079 μήτρας
2594 3007 2886 3076 γυναικὸς;
2914 3007 2978 3060 Εἰ
3008 3005 3115 3078 γὰρ
3143 3007 3238 3058 καὶ
3266 3007 3298 3074 ἡ
3327 3005 3428 3076 τῆς
3457 3005 3675 3075 Μαρπ

388 3130 511 3170 men
541 3121 734 3166 utnon
778 3108 940 3162 aliam
985 3117 1150 3175 quam
1200 3099 1382 3156 caeteri
1418 3097 1679 3152 mortales
1711 3093 1973 3152 nascendi

2101 3103 2309 3173 στορία,
2344 3101 2438 3154 καὶ⁹
2467 3098 2794 3170 παραδόσεις
2825 3098 3061 3170 ἔχουσιν,
3101 3099 3184 3150 ὅτι
3216 3097 3424 3169 ἐρρέθη
3459 3096 3544 3166 τῷ
3581 3113 3674 3148 παι

383 3205 755 3261 conditionem
786 3199 1058 3261 habuerit,
1089 3193 1206 3258 sed,
1241 3201 1300 3248 ut
1340 3191 1439 3256 illi,
1483 3205 1515 3246 e
1563 3189 1707 3243 virili
1749 3196 1873 3244 satu
1907 3202 1971 3242 ac

389 3299 579 3354 matris
611 3305 768 3350 utero
801 3291 1078 3362 prodierit.
1134 3286 1398 3354 Quamvis
1446 3291 1627 3338 autem
1670 3297 1735 3336 ex
1782 3281 1972 3336 Maria:

389 3389 622 3446 historia
652 3402 716 3442 ac
763 3384 1056 3442 traditione
1087 3379 1219 3435 illud
1249 3379 1535 3442 habeatur,
1565 3373 1812 3430 Joacimo
1851 3374 1970 3441 ejus

390 3483 529 3555 patri
574 3481 834 3536 divinitus
877 3477 979 3531 hoc
1029 3474 1088 3528 in
1135 3471 1353 3527 deserto
1397 3472 1701 3523 nuntiatum
1753 3466 1967 3523 fuisse:

397 3597 414 3626 ι
434 3573 578 3630 Uxor
595 3585 682 3628 tua
703 3569 954 3638 concepit
975 3585 989 3634 ;
1012 3585 1032 3618 ι
1055 3581 1162 3620 ιιοιι
1177 3565 1249 3618 ita
1268 3573 1446 3617 tamen
1465 3559 1844 3631 accipiendum
1865 3568 1968 3624 est,

390 3665 550 3736 quasi
580 3664 682 3717 hoc
715 3661 852 3715 citra
890 3657 1187 3726 nuptialem
1232 3652 1694 3708 consociationem
1734 3666 1798 3706 ac
1843 3650 1972 3704 viri-

393 3758 500 3813 lem
551 3762 734 3808 satum
783 3747 1062 3804 acciderit.
1111 3741 1313 3799 Verum
1359 3739 1507 3813 quod
1548 3741 1791 3795 futurum
1834 3749 1972 3804 erat,

2078 3196 2166 3267 τρὶ
2195 3194 2366 3263 αὐτῆς
2392 3193 2651 3262 Ἰωακεὶμ
2689 3195 2747 3245 ὲν
2775 3194 2843 3262 τῇ
2872 3191 3086 3262 ἐρήμῳ,
3112 3190 3193 3242 ὅτι
3226 3207 3246 3241 ι
3293 3189 3359 3242 Ἡ
3410 3189 3560 3257 Γυνή
3591 3205 3674 3241 seu

2080 3286 2432 3355 συνειληφυῖα
2451 3299 2464 3313 ·
2501 3304 2518 3335 ι
2548 3283 2646 3353 οὐχ
2681 3283 2762 3336 ὅτι
2796 3283 2932 3336 ἄνευ
2959 3282 3216 3351 συζυγίας
3248 3279 3411 3334 τοῦτο
3439 3281 3674 3348 ἐγένετο,

2079 3379 2199 3432 οὐδὲ
2246 3379 2330 3431 ὅτι
2379 3378 2505 3432 ἄνευ
2555 3376 2870 3448 σπέρματος
2908 3373 3101 3445 ἀνδρὸς
3120 3391 3132 3404 ο
3183 3372 3320 3426 ἀλλὰ
3370 3373 3433 3424 τὸ
3490 3373 3676 3442 μέλλον

2078 3471 2294 3524 ἔσεσθαι
2326 3468 2718 3541 προεθέσπιζεν
2757 3469 2785 3520 ὁ
2826 3465 3056 3535 ἄγγελος
3101 3465 3450 3529 ἀποσταλεὶς,
3487 3467 3578 3518 Evt
3608 3470 3672 3534 μή

2074 3580 2158 3627 τις
2198 3563 2424 3632 γένηται
2449 3560 2747 3630 δισταγμὸς
2779 3557 2865 3611 διὰ
2890 3558 2950 3610 τὸ
2991 3561 3049 3610 έν
3087 3557 3318 3628 ἀληθείᾳ
3345 3558 3674 3625 γεγεννημέ-

2078 3670 2188 3720 νον,
2223 3653 2316 3706 καὶ
2347 3652 2407 3706 τὸ
2446 3653 2510 3704 ὲκ
2539 3649 2674 3704 Θεοῦ
2713 3649 2813 3721 ήδη
2839 3647 3194 3719 τεταγμένον,
3236 3650 3328 3701 καὶ
3368 3649 3447 3717 τῷ
3486 3647 3672 3715 δικαίῳ

2082 3747 2407 3814 ἐπιγεγεννη
2417 3743 2595 3813 μένον.

397 3848 601 3902 missus
655 3858 688 3896 a
734 3840 844 3894 Deo
903 3831 1229 3907 signiﬁcavit
1274 3833 1543 3904 angelus,
1599 3847 1669 3887 ne
1718 3847 1824 3902 qua
1911 3831 2181 3889 dubitatio
2253 3833 2392 3888 foret
2462 3841 2685 3903 prouter
2739 3829 2892 3894 illud,
2937 3830 3084 3898 quod
3135 3845 3326 3884 revera
3394 3833 3448 3883 in
3507 3831 3668 3884 lucem

395 3939 600 3995 editum
629 3945 683 3990 et
714 3950 745 3987 a
784 3931 892 3985 Deo
929 3928 1290 3984 constitutum
1323 3939 1386 3979 ac
1421 3923 1571 3993 justo
1610 3923 1729 3978 viro
1761 3930 1950 3976 natum
1995 3923 2195 3979 fuerat.

473 4029 684 4103 1063
712 4027 798 4082 Vl.
821 4024 964 4093 Quin
980 4025 1156 4080 eidem
1178 4021 1256 4077 rei
1279 4034 1468 4076 sacras
1490 4018 1726 4074 Litteras
1744 4020 1985 4089 adstipu-

401 4127 503 4180 lari
518 4124 786 4180 videmus.
810 4118 946 4174 Nam
962 4115 1132 4173 Isaias
1157 4115 1225 4170 de
1247 4111 1386 4168 Filio
1403 4111 1496 4167 Dei
1512 4112 1592 4166 sic
1615 4111 1978 4165 vaticinatur:

402 4224 538 4274 Ecce
562 4217 705 4287 uirgo
729 4214 783 4267 in
812 4221 962 4267 utero
992 4209 1266 4279 concipiet,
1302 4216 1350 4262 et
1377 4207 1546 4275 pariet
1569 4204 1741 4275 ﬁlium
1769 4219 1786 4256 :
1817 4214 1865 4258 et
1894 4220 1982 4258 vo-

400 4312 595 4365 cabunt
641 4323 829 4362 nomen
859 4304 973 4368 eius
1006 4301 1320 4356 Emmanuel
1349 4300 1392 4357 ⁸.
1423 4298 1488 4354 Et
1530 4299 1788 4368 quoniam
1827 4297 1982 4367 geni-

2162 4021 2252 4090 ς’,
2291 4022 2401 4076 Καὶ
2435 4022 2611 4092 πάντη
2649 4020 2749 4085 τὰς
2789 4020 3010 4092 Γραφὰς
3045 4018 3264 4091 ὁρῶμεν
3290 4018 3664 4090 διηγουμένας.

2102 4113 2330 4176 Ἡσαΐας
2355 4113 2464 4182 γὰρ
2487 4112 2853 4185 προκηρύττει
2879 4113 3010 4183 ’περὶ⁵
3025 4112 3135 4165 τῶν
3161 4111 3468 4182 μελλόντων
3492 4115 3568 4176 εἰς
3582 4112 3665 4166 τὸν

2040 4271 2050 4282 κ
2091 4207 2219 4261 Υἰδν
2245 4205 2340 4262 τοῦ
2360 4206 2496 4260 Θεοῦ
2528 4206 2889 4279 πληροῦσθαι,
2907 4206 3099 4275 λέγων·
3141 4205 3296 4260 Ἰδοὺ
3321 4206 3362 4273 ἠ
3384 4206 3664 4276 παρθένος

2089 4301 2158 4353 ἐν
2178 4299 2392 4372 γαστρὶ
2409 4299 2556 4365 ἕξει,
2586 4300 2682 4353 καὶ
2706 4299 2936 4364 τέξεται
2957 4298 3115 4365 υἱὸν,
3129 4297 3228 4351 καὶ
3256 4297 3585 4352 zodiacum
3603 4302 3659 4350 τέ

403 4415 527 4458 tura
569 4404 725 4472 virgo
758 4398 1065 4462 dicebatur,
1096 4403 1150 4451 et
1196 4403 1354 4450 utero
1393 4392 1639 4447 mulieris
1685 4389 1976 4462 gestandus

2100 4392 2280 4462 ὄνομα
2305 4392 2493 4447 αὐτοῦ
2531 4393 2928 4462 Ἐμμανουήλ.
2961 4392 3071 4445 Καὶ
3095 4391 3287 4461 ἐπειδὴ
3321 4391 3578 4460 παρθένος
3599 4386 3666 4458 ἦν

402 4494 517 4558 ille,
549 4491 708 4560 cujus
729 4503 930 4543 nomen
964 4486 1105 4541 idem
1135 4494 1315 4548 sonat,
1349 4499 1411 4538 ac
1433 4483 1704 4537 nobiscum
1730 4481 1893 4546 Deus,
1918 4495 1988 4536 ne

404 4596 514 4652 qua
543 4582 596 4636 in
619 4580 906 4651 prophetae
933 4580 1118 4630 animo
1152 4577 1217 4629 de
1238 4575 1319 4629 rei
1343 4575 1574 4630 veritate
1603 4572 1872 4628 dubitatio
1904 4587 1988 4628 re-

405 4672 632 4736 sideret,
667 4669 908 4724 oblatum
939 4667 1043 4724 sibi
1070 4667 1247 4722 visum
1283 4665 1580 4734 instigante
1614 4663 1818 4735 Spiritu
1861 4678 1987 4717 san-

406 4773 496 4820 cto
542 4763 806 4834 propheta
861 4764 1104 4816 narravit
1155 4779 1167 4814 :
1220 4759 1500 4830 Ingressus
1547 4769 1646 4826 est,
1695 4761 1890 4829 inquit,
1919 4759 1988 4812 ad

402 4858 858 4930 prophetissam".
910 4855 1119 4920 Quibus
1172 4854 1354 4909 verbis
1398 4850 1667 4907 Gabrielis
1708 4853 1990 4906 introitum

403 4956 477 5012 ad
508 4952 787 5023 Virginem
818 4951 1086 5009 declarat,
1129 4947 1290 5016 cujus
1333 4946 1386 5000 in
1415 4945 1710 5014 Evangelio
1760 4945 1813 4996 tit
1841 4959 1989 4997 men-

406 5048 485 5104 tio
522 5067 533 5102 :
567 5047 658 5118 qui
727 5045 948 5116 quidem
984 5057 1013 5095 a
1048 5040 1156 5095 Deo
1208 5042 1408 5094 missus
1437 5049 1539 5100 cst,
1599 5046 1655 5089 ut.
1702 5036 1848 5090 unici
1896 5035 1984 5086 Dei

355 5122 381 5220 ’τ
405 5138 528 5197 Filii
556 5138 846 5193 adventum
882 5135 937 5189 in
977 5133 1122 5187 hunc
1154 5130 1439 5193 mundum,
1474 5137 1527 5183 et
1549 5140 1727 5182 ortum
1761 5144 1825 5204 ex
1863 5125 1974 5178 Ma-

404 5231 489 5287 ria
518 5228 852 5285 nuntiaret’.
888 5225 953 5279 Et
991 5225 1242 5292 concepit,
1274 5223 1469 5293 inquit,
1489 5231 1536 5275 et
1564 5221 1757 5289 peperit
1791 5220 1982 5288 ﬁlium.

408 5318 479 5377 Et
504 5322 638 5374 dixit
689 5320 943 5374 Dominus
976 5317 1044 5370 ad
1095 5332 1172 5369 me
1203 5331 1220 5367 :
1264 5312 1402 5368 Voca
1450 5327 1635 5365 nomen
1671 5311 1782 5378 ejus
1813 5325 1829 5362 :
1867 5307 1986 5362 Cito

407 5414 577 5481 Spolia
594 5413 825 5476 detrahe,
855 5410 1091 5464 celeriter
1101 5406 1363 5478 prredare.
1385 5406 1674 5472 Antequam
1700 5402 1837 5455 norit
1856 5418 1984 5468 puer

378 5587 381 5591 ’
485 5587 502 5618 ι
533 5584 598 5638 IV
629 5585 753 5654 Reg.
792 5586 967 5647 n.1l.
1044 5587 1063 5616 ²
1104 5585 1257 5639 Joan.
1296 5599 1415 5646 xm,
1447 5583 1534 5636 23.

411 5655 436 5692 '
471 5655 602 5711 Luc.
635 5670 671 5720 l,
714 5658 782 5709 ‘26
825 5674 941 5724 sqq.
1023 5659 1041 5682 "
1073 5654 1131 5709 F.
1164 5657 1259 5708 ἔτι.

1648 5581 1665 5610 ³
1702 5576 1858 5629 Joan.
1900 5594 2008 5642 xvi,
2045 5579 2132 5631 20.
2235 5580 2252 5606 "'
2290 5577 2444 5630 Rern.
2477 5597 2513 5640 ι,
2557 5579 2645 5632 25.

2083 4486 2116 4554 ἡ
2143 4484 2470 4554 γεννήσασα,
2513 4484 2608 4536 καὶ
2644 4481 2789 4548 Θεὸς
2811 4485 2844 4536 d
2869 4483 3000 4550 μεθ’
3034 4479 3203 4550 ἡμῶν
3236 4481 3664 4551 ἑρμηνευόμεκς

2085 4575 2143 4626 ὲν
2162 4574 2381 4642 γυναικὶ
2403 4573 2777 4643 κυῗσκόμενος·
2805 4572 2893 4625 ἵνα
2922 4572 2998 4642 μὴ
3029 4573 3086 4626 ὲν
3107 4571 3397 4641 δισταγμῷ
3422 4571 3666 4627 omnia:

2084 4667 2164 4738 τῷ
2201 4668 2455 4737 προφήτῃ
2491 4666 2719 4737 γένηται
2753 4667 2786 4735 ἡ
2821 4665 3074 4734 ἀλήθεια,
3113 4667 3214 4734 ὁρᾷ
3243 4667 3304 4717 ὲν
3334 4665 3539 4736 ὁράσει,
3568 4667 3665 4716 καὶ

2086 4761 2353 4832 διηγεῖται
2383 4762 2448 4812 ὲκ
2478 4760 2794 4830 Πνεύματος
2824 4758 2979 4826 ἁγίου
3011 4757 3455 4828 ἀναγκαζόμενος
3481 4761 3508 4812 ὁ
3529 4774 3660 4827 προ-

2091 4854 2288 4922 φήτης,
2327 4853 2416 4906 καῖ
2441 4869 2592 4922 imor
2631 4851 2737 4905 Καὶ
2767 4850 3014 4919 εἰσῆλθε
3037 4853 3188 4919 πρὸς
3210 4851 3326 4918 τὴν
3353 4847 3658 4920 apag-ﬁrm

2092 4943 2443 5014 διηγούμενος
2476 4945 2602 5014 περὶ
2629 4943 2729 5012 τῆς
2762 4941 2854 4994 τοῦ
2891 4942 3129 5012 Γαϐριὴλ,
3163 4943 3515 5012 εὺαηελικῆς
3547 4943 3660 4994 eis.

2092 5034 2230 5087 ὁδου’
2263 5035 2321 5097 ὃς
2351 5034 2630 5105 ἀπεστάλη
2668 5035 2770 5087 ὑπὸ
2811 5033 2948 5087 Θεοῦ
2991 5035 3356 5104 διηγήσασθαι
3383 5037 3474 5104 τήν
3504 5050 3664 5104 μονο-

2097 5126 2286 5194 γενοῦς
2311 5125 2441 5178 Υἱοῦ
2463 5125 2556 5178 τοῦ
2579 5124 2712 5177 Θεοῦ
2735 5124 2941 5178 εἴσοδον
2961 5128 3043 5187 εἰς
3061 5125 3151 5178 τὸν
3170 5125 3394 5194 κόσμον,
3425 5126 3509 5178 καὶ
3532 5128 3662 5190 τέν-

2095 5233 2248 5286 νησιν
2279 5216 2386 5268 ἀπὸ
2415 5215 2649 5285 Μαρίας.
2678 5215 2784 5268 Καὶ
2815 5215 2885 5266 ἐν
2918 5214 3129 5284 γαστρὶ
3158 5215 3356 5275 ἔλαϐε,
3391 5214 3528 5284 φησὶ,
3549 5212 3658 5266 ad

2091 5309 2295 5362 ἔτεκεν
2321 5309 2470 5362 υἱόν.
2502 5309 2610 5361 Καὶ
2639 5303 2768 5359 εἶπε
2789 5308 3003 5375 Κύριος
3027 5306 3176 5373 πρὸς
3190 5305 3286 5374 μέ-
3307 5305 3565 5359 Κάλεσον
3587 5301 3658 5354 τὸ

2093 5401 2276 5469 ὄνομα
2320 5401 2528 5463 αὑτοῦ,
2562 5401 2788 5466 Ταχέως
2817 5400 3187 5461 σκύλευσον,
3239 5397 3414 5462 ὀξέως
3445 5395 3658 5460 3:011:—

2748 5579 2766 5608 '
2807 5575 2911 5630 isu.
2949 5593 3043 5640 vit,
3085 5577 3164 5631 Li.
3267 5581 3287 5608 ‘
3320 5575 3412 5628 lsa.
3445 5589 3548 5634 vni,
3585 5569 3647 5626 5.
