3790 6212
103 237 204 296 749

675 235 1041 294 ADVERSUS
1079 229 1416 288 HAERESES
1455 231 1582 286 LIB.
1627 229 1716 284 Ill.
1759 227 1920 285 TOM.
1969 228 2029 282 ll.
2079 259 2148 269 —
2185 225 2456 282 uanas.
2499 225 2734 280 LXXlX.

3228 227 3330 282 750

97 339 336 427 μευσοῦ.
357 347 506 416 Πρὶν
531 349 570 417 ἢ
593 348 810 418 γνῶναι
831 349 898 402 τὸ
927 349 1168 402 παιδίω·
1192 349 1400 402 καλεῖν
1427 347 1652 414 πατέρα

1772 363 1940 402 ασθαι-ε
1962 357 2164 414 patrem
2214 355 2260 399 et
2291 353 2533 408 llidll‘eill,
2577 345 2850 413 occupabit
2886 347 3018 402 vires
3063 347 3316 404 Damasci

99 447 136 514 ἢ
172 440 412 513 μητέρα,
451 439 714 508 λήψεται
757 440 1017 509 δύναμιν
1062 439 1400 508 Δαμασκοῦ,
1445 439 1544 490 καὶ
1583 439 1657 492 τὰ

97 534 290 589 arma
317 533 668 600 Σαμαρείας,
713 533 807 584 καὶ
838 530 908 583 τά
945 531 1090 602 ἑξῆς.
1129 532 1238 584 Καὶ
1279 531 1456 584 πάντα
1483 528 1659 583 ταῦτα

98 621 240 676 οὔπω
257 616 322 692 ἦν
339 619 720 689 τετελεσμένα·
746 619 946 691 ἤμελλε
973 620 1028 672 δὲ
1051 619 1207 672 τοῦτο
1230 619 1472 688 γίνεσθαι
1501 621 1558 672 ὲν
1581 620 1658 700 τῷ

99 716 204 786 Υἱῷ
232 713 324 768 τοῦ
349 713 505 780 Θεοῦ,
546 714 639 767 καὶ
681 713 1016 786 πληροῦσθαι.
1047 713 1186 784 μετὰ
1233 714 1381 785 χίλια
1423 714 1518 785 ἐτη
1565 717 1658 767 καὶ

97 807 344 874 ἑξακόσια
374 805 544 859 πλείω
582 805 814 859 ἐλάσσω.
851 805 962 859 Καὶ
999 804 1136 876 μετὰ
1165 805 1432 870 τοσαύτας
1464 806 1659 875 γενεὰς

95 901 158 952 τὰ
187 897 464 968 μέλλοντα,
500 895 575 959 ὡς
608 896 708 966 ἥδη
745 896 1046 966 γενόμενα,
1093 895 1240 967 ἐώρα
1285 899 1314 949 ὁ
1351 897 1656 967 προφήτης.

96 985 232 1060 ’Δρα
269 987 490 1057 ψεῦσμα
529 983 629 1057 iw;
686 986 762 1058 μὴ
806 988 1052 1056 γένοιτοῑ
1099 987 1256 1041 Ἀλλὰ
1297 987 1558 1056 ἀσφαλῶς
1597 989 1659 1041 τὸ

98 1077 240 1148 παρὰ
267 1075 360 1130 τοῦ
406 1075 540 1129 Θεοῦ
579 1076 954 1146 οἰκονομηθὲν,
981 1075 1056 1140 ὡς
1090 1076 1192 1148 ήδη
1217 1075 1658 1146 τετελειωμένον,

97 1170 432 1242 ὲκηρύττετο,
460 1169 548 1222 ἵνα
583 1168 656 1240 μὴ
691 1168 966 1240 ἀπιστηθῇ
1007 1169 1040 1238 ή
1079 1167 1326 1238 ἀλήθεια·
1356 1168 1442 1221 ἵνα
1475 1167 1548 1239 μὴ
1582 1169 1662 1230 εις

95 1261 380 1332 δισταγμὸν
405 1259 536 1334 ἔλθῃ
559 1260 592 1330 ἢ
621 1263 679 1312 ὲν
711 1260 936 1331 ὑπονοίᾳ.
971 1259 1066 1313 τοῦ
1095 1261 1376 1332 προφήτου
1397 1261 1459 1314 τὸ
1487 1258 1662 1312 τοιοῦ-

95 1373 179 1412 τον
211 1355 486 1426 ἔκθαμϐον
515 1356 610 1408 καὶ
637 1353 944 1426 ἔκπληκτον
985 1357 1280 1427 μυστήριον
1322 1354 1512 1426 μέλλον
1545 1354 1664 1408 ἐσε-

99 1449 232 1501 σθαι.
257 1449 326 1500 Ἢ
355 1449 452 1517 οὐχ
479 1449 610 1518 ὁρᾷς
633 1445 764 1500 αὐτὸ
783 1445 844 1499 τὸ
872 1448 1134 1518 κήρυγμα
1159 1447 1222 1501 τὸ
1247 1449 1662 1518 ἐπιφερόμενον,

96 1543 164 1605 ὡς
187 1540 332 1609 λέγει
365 1541 530 1603 αὐτὸς
555 1543 584 1594 ὁ
609 1539 762 1608 ἅγιος
796 1541 1021 1604 Ἡσαΐας
1043 1557 1056 1572 ·
1111 1541 1200 1606 Ὡς
1241 1542 1540 1608 πρόϐατον
1563 1541 1660 1594 ἐπὶ

97 1631 334 1704 σφαγὴν
367 1632 547 1703 ἢχθη·
587 1632 684 1688 καὶ
723 1633 804 1698 ὡς
849 1632 1038 1701 ἀμνὸς
1079 1632 1360 1687 ἐναντίον
1401 1633 1508 1686 τοῦ
1547 1632 1666 1686 κεί-

1759 449 1812 492 et
1833 440 2008 508 spolia
2043 439 2308 492 Samaria:
2347 440 2386 502 ',
2417 447 2523 492 etc.
2562 436 2692 503 Quae
2731 439 2918 492 omnia
2943 441 3184 494 nondum
3233 442 3334 494 im-

1760 526 1902 595 pleta
1931 524 2174 587 fuerant,
2213 534 2376 593 atque
2409 524 2462 578 in
2485 523 2620 588 Filio
2639 525 2730 580 Dei
2763 537 2883 596 post
2913 543 3087 584 annos
3116 530 3334 584 circiter

1760 617 1908 672 mille
1935 631 1998 670 ac
2027 625 2316 672 sexcentos
2345 616 2528 679 perﬁci
2559 617 2848 672 debebant.
2875 619 3054 684 Quare
3073 635 3193 690 qua:
3213 631 3334 690 post

1760 716 1841 762 tot
1869 708 2251 777 generationes
2284 709 2546 764 eventura
2579 709 2706 762 olim
2735 722 2916 773 erant,
2949 712 3172 780 perinde
3203 727 3264 767 ac
3285 713 3332 768 si

1759 799 1904 854 facta
1932 800 2044 869 jam
2091 807 2300 864 essent,
2349 800 2610 870 pr0pheta
2652 803 2930 858 cernebat.
2975 802 3116 858 Num
3171 805 3335 875 igitur

1759 891 2106 948 mendacium
2142 893 2272 948 illud
2297 896 2452 948 erat?
2471 894 2846 964 Nequaquam.
2877 894 3071 952 Verum
3097 897 3239 967 quod
3264 898 3338 952 di-

1758 986 1900 1040 vina:
1952 986 2310 1057 providentiae
2360 988 2592 1042 consilio
2635 987 2932 1056 gerendum
3001 997 3056 1044 et
3097 989 3304 1044 admini

1761 1079 2046 1132 strandum
2081 1087 2219 1144 erat,
2253 1079 2409 1148 quasi
2453 1077 2752 1149 perfectum
2780 1078 2894 1148 jam
2941 1090 3109 1142 esset,
3139 1080 3336 1138 certis-

1762 1172 1902 1224 sime
1931 1170 2312 1242 nunliabatur,
2349 1184 2418 1225 ne
2449 1185 2556 1224 non
2605 1171 2814 1224 veritati
2846 1169 2978 1226 lides
3013 1171 3336 1240 haberetur,

1761 1276 1898 1316 neve
1922 1261 1991 1316 ad
2025 1268 2136 1314 tam
2164 1260 2494 1331 stupendum
2530 1268 2586 1314 et
2647 1261 2968 1316 inusitatum
2995 1265 3337 1334 mysterium,

1761 1354 1908 1425 quod
1958 1352 2256 1424 aliquando
2307 1350 2552 1406 futurum
2604 1361 2743 1416 erat,
2793 1354 3072 1423 prophetae
3119 1357 3349 1412 animus

1765 1447 2066 1502 haesitaret.
2125 1443 2317 1500 Nonne
2363 1445 2680 1499 vaticinium
2737 1446 2872 1500 illud
2926 1447 3339 1518 animadvertis,

1763 1539 1910 1608 quod
1941 1537 2199 1606 deinceps
2231 1536 2514 1593 subtexuit
2567 1534 2757 1602 Isaias,
2791 1552 2914 1592 cum
2949 1539 3021 1592 ita
3065 1537 3338 1607 loquitur:

1770 1633 2040 1699 Tanquam
2073 1628 2184 1682 ovis
2213 1629 2281 1681 ad
2307 1628 2619 1690 occisionem
2649 1627 2837 1680 ductus
2873 1640 2972 1697 est;
2999 1637 3046 1682 et
3077 1640 3136 1682 ut
3175 1647 3342 1701 agnus

92 1743 296 1795 ροντος
325 1726 515 1780 αὐτὸν
543 1723 800 1794 ἄφωνος,
831 1725 1020 1791 οὕτως
1039 1726 1152 1778 οὐκ
1181 1725 1407 1794 ἀνοίγει
1433 1724 1500 1778 τὸ
1523 1727 1664 1778 στό-

1772 1736 1944 1786 coram
1991 1719 2230 1773 tondente
2279 1717 2556 1782 obmutuit,
2603 1719 2678 1772 sic
2722 1735 2824 1772 non
2861 1722 3027 1787 aperit
3078 1737 3134 1775 os
3163 1737 3336 1776 suum.

94 1837 172 1888 μα
197 1817 402 1872 αὑτοῦ.
439 1818 560 1886 Τὴν
593 1817 662 1871 δὲ
695 1819 906 1888 γενεὰν
933 1817 1121 1872 αὑτοῦ
1153 1817 1247 1883 τίς
1278 1815 1662 1886 διηγήσεταις

105 1912 214 1964 Ὅτι
247 1911 472 1980 αἷρεται
505 1911 572 1964 ἐκ
613 1907 722 1975 τῆς
755 1907 866 1979 γῆς
891 1910 929 1978 ἠ
961 1908 1072 1975 ζωὴ
1106 1908 1312 1962 αὐτοῦ·
1365 1908 1462 1962 καὶ
1494 1907 1665 1961 δώσω

101 2004 232 2070 τοὺς
261 2002 565 2071 πονηροὺς
605 2001 738 2055 ἀντὶ
785 1999 894 2067 τῆς
946 1999 1143 2070 ταφῆς
1196 1999 1404 2064 αὑτοῦ,
1457 1999 1551 2052 καὶ
1595 1997 1663 2051 τὰ

103 2091 254 2161 ἑξῆςς
281 2092 394 2146 Καὶ
433 2090 618 2162 βλέπε,
659 2090 776 2154 πῶς
811 2090 878 2144 τά
914 2090 1105 2160 πρῶτα
1143 2089 1344 2160 ὕστερα
1369 2089 1658 2159 διηγεῖται,

103 2185 190 2237 καὶ
215 2182 283 2238 τά
317 2182 522 2254 ὕστερα
563 2183 636 2246 ὡς
679 2182 939 2250 γεγονότα
973 2181 1283 2253 ὲρμηνεύει,
1319 2169 1528 2252 φήσας·
1571 2180 1666 2243 Ὧς

99 2277 386 2344 πρόϐατον
413 2277 512 2330 ἐπὶ
551 2275 798 2345 σφαγὴν
833 2275 1014 2344 ἤχθη.
1057 2274 1462 2346 Παρῳχημένον
1496 2273 1552 2326 δὲ
1581 2271 1665 2325 λέ-

101 2385 244 2437 γεται
271 2364 434 2422 εἶναι.
483 2370 557 2422 Ού
601 2368 714 2440 γὰρ
755 2365 927 2432 εἶπεν,
982 2368 1226 2436 Ἀγεται.
1270 2366 1382 2420 Καὶ
1417 2363 1570 2418 οὔπω
1600 2359 1668 2434 ἦν

101 2464 274 2536 ἀχθεὶς
299 2465 326 2516 ὁ
362 2461 470 2516 ὑπὸ
514 2462 734 2514 Ἡσαΐου
767 2459 1187 2531 κηρυττόμενος·
1264 2451 1480 2526 ἐλέγετο
1502 2456 1560 2509 δὲ
1591 2453 1670 2525 τῷ

103 2559 342 2632 προφήτῃ
373 2557 450 2620 ὼς
491 2556 594 2626 ήδη
632 2553 997 2625 γεγενημένον
1033 2553 1094 2604 τὸ
1124 2551 1304 2622 ἔργον.
1351 2547 1667 2621 Ἀπαράϐα-

102 2668 184 2714 τος
213 2650 320 2722 γὰρ
363 2645 434 2720 ἦν
469 2651 504 2720 ή
543 2647 680 2701 Θεοῦ
709 2645 1088 2718 μυσταγωγία.
1124 2643 1214 2709 Ἐξ
1259 2643 1427 2723 αὐτῆς
1453 2640 1511 2695 δὲ
1538 2641 1670 2694 ὑπο..

105 2743 308 2809 ϐαίνων,
342 2740 526 2794 οὐκέτι
567 2740 644 2803 ὠς
681 2739 944 2810 γενόμενα
983 2736 1190 2804 ἔλεγεν,
1229 2735 1317 2788 ἵνα
1357 2734 1432 2805 μὴ
1464 2732 1672 2804 πλάνην

107 2835 254 2888 πάλιν
283 2813 686 2904 ἀπεργάσηται.
732 2826 910 2898 Ἀλλά,
957 2845 1142 2900 φησιν,
1182 2825 1416 2894 Αῑρειται
1455 2825 1524 2878 ὲκ
1561 2823 1672 2892 τῆς

109 2925 212 2996 τῆς
247 2925 284 2993 ἢ
321 2924 436 2992 ζωὴ
477 2923 684 2978 αὐτοῦ.
727 2923 822 2976 Ἐκ
851 2922 908 2976 δὲ
933 2921 1039 2975 τῶν
1079 2919 1174 2974 δύο
1202 2917 1526 2991 προφάσεων
1567 2915 1673 2970 δει-

1767 1813 2164 1868 Generationem
2193 1811 2320 1880 ejus
2362 1828 2518 1882 porro
2565 1813 2680 1882 quis
2729 1811 3043 1870 enarrabit?
3077 1814 3344 1880 Quoniam

1768 1906 1973 1960 tollitur
2003 1921 2030 1960 ε
2067 1914 2207 1958 terra
2239 1906 2346 1959 vita
2382 1906 2582 1972 ipsius;
2610 1913 2658 1957 et
2683 1903 2820 1958 dabo
2860 1905 3098 1960 homines
3121 1921 3344 1975 nequam

1765 2013 1860 2066 pro
1889 1998 2161 2067 sepultura
2192 1997 2306 2066 ejus
2340 1995 2397 2044 ’Ἰ
2417 1995 2582 2051 Vides
2607 2005 2666 2050 ut
2691 1997 2870 2066 priora
2897 1999 3200 2066 posteriore
3225 1999 3344 2053 loco

1769 2097 1976 2146 narret.
2007 2097 2063 2141 et
2091 2088 2398 2158 posteriora
2433 2096 2692 2156 tanquam
2719 2090 2830 2158 jam
2863 2089 3004 2144 facta
3031 2089 3142 2146 sint
3173 2105 3342 2160 expo-

1767 2185 1896 2238 nat?
1915 2181 2192 2250 Tanquam
2209 2181 2342 2245 ovis,
2369 2180 2567 2250 inquit,
2597 2179 2666 2232 ad
2685 2181 2994 2234 occisionem
3025 2181 3214 2234 ductus
3227 2192 3304 2235 est
3329 2200 3344 2235 :

1769 2272 1914 2344 quod
1932 2272 2080 2328 velut
2103 2273 2444 2343 praeteritum
2459 2272 2820 2343 signiﬁcatur.
2855 2272 2974 2326 Non
3005 2275 3150 2327 enim
3169 2275 3340 2328 dixit:

1772 2363 2028 2419 Ducetur.
2066 2363 2230 2434 Atqui
2268 2364 2508 2418 nondum
2551 2364 2749 2420 ductus
2789 2365 2878 2420 ille
2911 2363 3108 2428 fuerat,
3143 2367 3210 2421 de
3239 2383 3350 2438 quo

1771 2443 2172 2511 vaticinabatur
2217 2454 2388 2512 lsaias
2432 2477 2446 2511 :
2487 2465 2542 2511 et
2569 2464 2749 2511 tamen
2793 2473 2882 2512 res
2923 2457 3040 2528 ipsa
3087 2466 3346 2527 tanquam

1772 2548 2012 2620 perfecta
2041 2563 2070 2601 a
2097 2548 2360 2618 propheta
2385 2550 2730 2620 proponitur.
2773 2548 2910 2602 Nam
2961 2550 3346 2619 mysteriorum

1775 2641 1866 2696 illa
1907 2641 2184 2712 prophetae
2214 2641 2397 2696 oblata
2429 2641 2695 2698 divinitus
2746 2642 3020 2698 institutio
3064 2645 3344 2713 prmterire

1777 2741 1871 2789 aut
1897 2734 2098 2788 infecta
2133 2749 2256 2790 esse
2287 2749 2396 2788 non
2433 2741 2665 2804 poterat.
2707 2734 2776 2788 At
2803 2734 3064 2806 deinceps
3098 2749 3352 2807 progres-

1776 2840 1870 2882 sus
1902 2834 2098 2880 cetera
2121 2839 2232 2879 non
2259 2824 2374 2893 jam
2407 2825 2556 2879 velut
2587 2824 2728 2880 facta
2753 2825 3092 2895 pronuntiat,
3121 2841 3188 2880 ne
3213 2825 3374 2880 fratr--

1777 2916 1864 2972 dis
1891 2923 2056 2986 atque
2081 2917 2289 2972 erroris
2323 2917 2656 2987 praeberetur
2695 2919 2936 2973 occasio.
2989 2917 3206 2990 1064
3247 2917 3354 2972 Ita-

111 3035 256 3074 κνυσι
279 3017 378 3090 τὴν
401 3016 682 3088 ἀλήθειαν·
707 3016 790 3069 ὅτι
811 3014 894 3080 τὸ,
917 3013 1098 3083 ἤχθη,
1121 3013 1221 3084 ἤδη
1244 3009 1560 3074 ἐτελειοῦτο,
1577 3010 1671 3064 καὶ

1779 3023 1886 3079 que
1907 3048 1923 3072 ,
1954 3007 2205 3074 Tollitur,
2239 3008 2439 3079 inquit,
2471 3025 2500 3063 ε
2532 3017 2674 3065 terra
2710 3010 2818 3062 vita
2857 3009 3044 3075 ipsius.
3081 3009 3354 3064 Caeterum

109 3111 182 3174 τὸ,
203 3110 452 3180 stipatas,
483 3107 781 3177 μετέπειτα
800 3102 1120 3176 ἐπληροῦτο·
1159 3103 1244 3156 ἵνα
1271 3102 1380 3156 ἀπὸ
1405 3100 1502 3156 τοῦ
1523 3117 1671 3170 γεγο-

1777 3100 1992 3155 duobus
2025 3100 2135 3154 illis
2167 3101 2532 3170 argumentis,
2567 3102 2778 3155 oraculi
2807 3102 3093 3157 veritatem
3123 3101 3352 3158 demon-

109 3202 242 3256 νέναι
265 3201 470 3270 νοήσῃς
493 3198 556 3252 τὸ
585 3195 784 3266 ἀληθὲς
837 3195 930 3248 καὶ
962 3193 1024 3246 τὸ
1065 3193 1260 3262 πάγιον
1287 3193 1386 3262 τῆς
1407 3190 1504 3246 τοῦ
1533 3189 1668 3244 Θεοῦ

1778 3201 1937 3248 strat.
1968 3191 2104 3246 Nam
2141 3191 2258 3248 htec
2296 3209 2423 3258 vox,
2455 3193 2644 3248 ductus
2677 3203 2775 3259 est,
2809 3209 2922 3248 rem
2949 3195 3058 3264 jam
3091 3203 3203 3249 tum
3228 3211 3357 3266 per-

111 3294 450 3366 ἑπαγγελεας.
493 3291 626 3346 Ἀπὸ
652 3290 708 3344 δὲ
739 3289 832 3344 τοῦ
866 3287 1150 3361 μέλλοντος
1177 3285 1397 3340 ἔσεσθαι
1423 3285 1514 3339 τὸν
1544 3284 1671 3355 χρό-

1781 3285 1977 3340 tectam
2007 3283 2180 3340 fuisse
2225 3284 2534 3355 signiﬁcat;
2567 3286 2698 3340 illud
2745 3303 2898 3350 vero,
2948 3288 3174 3356 tollitur,
3213 3303 3369 3359 post-
3412 3299 3418 3306 ’

111 3402 190 3440 νον
216 3384 534 3446 άπεικάσεις
562 3379 669 3436 τῶν
695 3376 1232 3448 άποκαλυπτομένων
1266 3373 1599 3446 μυστηρίων.
1649 3415 1662 3426 .

1779 3376 2000 3432 modum
2033 3387 2120 3432 est
2151 3376 2470 3447 impletum';
2511 3385 2567 3431 ut
2599 3393 2668 3432 ex
2697 3393 2764 3431 eo
2795 3379 2941 3448 quod
2979 3379 3183 3436 factum
3221 3382 3356 3436 dici-

115 3487 210 3543 tur,
237 3477 436 3532 divinat
459 3473 872 3545 pollicitationis
895 3471 1176 3525 veritatem
1209 3483 1274 3522 ac
1299 3468 1652 3524 stabilitatem
1693 3469 1988 3541 intelligas.
2057 3469 2134 3524 Ex
2165 3485 2230 3525 eo
2265 3485 2394 3525 vero
2425 3470 2568 3540 quod
2605 3470 2846 3526 futurum
2884 3472 3260 3540 denuntiatur,
3287 3476 3357 3531 de

114 3569 514 3642 mysteriorum,
568 3580 690 3637 quae
743 3574 862 3620 tum
908 3563 1178 3633 explicata
1229 3569 1381 3624 sunt,
1427 3570 1674 3630 tempore
1711 3562 2088 3632 conjecturam
2123 3562 2305 3622 facere
2339 3565 2539 3633 possis.

176 3661 244 3716 Z’.
274 3659 432 3714 Οὕτω
473 3659 568 3712 καὶ
606 3657 700 3710 ἐπὶ
731 3659 798 3728 τῇ
825 3654 1016 3727 Μαρίᾳ
1045 3655 1073 3706 ὁ
1101 3653 1330 3722 ἄγγελος
1362 3653 1671 3724 προέλεγεν,

1863 3653 1972 3709 ΥΠ.
2015 3655 2106 3711 Sic
2132 3657 2200 3712 de
2230 3655 2397 3710 Maria
2437 3658 2686 3727 praedixit
2711 3659 2961 3728 angelus,
2989 3675 3162 3730 eaque
3185 3661 3362 3730 signi-

113 3753 236 3824 ὅπερ
261 3751 488 3824 ἔμελλεν
529 3749 906 3819 εἰσερχόμενος
935 3749 964 3802 ὁ
993 3747 1176 3817 πατὴρ
1215 3745 1419 3816 ταύτης
1467 3747 1547 3808 εἰς
1587 3745 1671 3798 τὸν

1785 3751 1996 3816 ﬁcavit,
2033 3765 2154 3819 quae
2217 3750 2366 3804 illius
2421 3756 2575 3820 pater
2615 3749 2836 3805 domum
2882 3767 3137 3837 reversus
3177 3768 3206 3806 a
3251 3753 3363 3808 Deo

114 3841 246 3899 οἷκον
277 3844 368 3898 τὸν
407 3843 539 3897 ῐδιον
583 3839 732 3910 παρὰ
773 3837 908 3892 Θεοῦ
935 3837 1280 3909 κομίζεσθαι,
1320 3837 1382 3890 τὸ
1411 3836 1478 3890 δι’
1514 3836 1671 3907 εύχῆς

1784 3851 2186 3897 consecuturus
2220 3849 2398 3908 esset;
2428 3857 2553 3911 quae
2588 3841 2848 3896 nimirum
2892 3836 3120 3914 uterque
3159 3861 3362 3915 parens
3447 3845 3454 3852 ’

115 3936 436 4010 αἰτηθὲν-διὰ
465 3935 560 4005 τῆς
591 3931 684 3988 τοῦ
709 3923 914 4002 πατρὸς
940 3929 1034 3984 καὶ
1061 3930 1265 4000 μητρὸς
1286 3931 1576 4000 αἰτήσεως·
1601 3929 1671 3980 ὅτι

1784 3934 2011 3990 summis
2036 3948 2064 3985 a
2095 3933 2204 3986 Deo
2223 3933 2478 4002 precibus
2508 3933 2829 4003 postularet.
2873 3955 2889 3986 ι
2953 3933 3121 4002 Ecce,
3163 3935 3362 4006 inquit,

121 4050 140 4082 ι
180 4031 304 4085 Ἰδοὺ
330 4031 366 4100 ἡ
393 4029 532 4099 γυνή
567 4043 660 4079 σου
693 4023 1046 4093 συνειληφυῖα
1081 4023 1139 4074 ὲν
1168 4020 1385 4092 γαστρί·
1423 4039 1440 4071 ι
1478 4019 1566 4072 ἵνα
1597 4017 1671 4087 βε-

1799 4039 1938 4077 ωιοι·
1967 4029 2058 4075 tua
2099 4017 2348 4088 concepit
2397 4021 2454 4074 in
2505 4035 2694 4091 utero;
2723 4045 2740 4077 ι
2781 4033 2840 4078 ιιι
2875 4026 2962 4081 his
2989 4027 3364 4082 verbislidelis

119 4115 698 4192 θαίωςπεραιώσῃτήν
729 4115 966 4168 διάνοιαν
987 4111 1082 4166 τοῦ
1113 4110 1306 4164 πιστοῦ
1339 4112 1396 4162 ἐν
1426 4111 1491 4179 τῇ
1517 4111 1671 4175 ὲπαγ·

1793 4115 2031 4170 hominis
2061 4122 2294 4170 mentem
2327 4115 2380 4169 in
2417 4115 2581 4185 hujus
2615 4117 2870 4186 proiuissi
2905 4119 2936 4171 li
2962 4121 3007 4172 le
3032 4120 3362 4173 corrobora-

120 4209 280 4280 γελιᾳ.
318 4207 492 4261 Τοῦτο
529 4207 586 4258 δὲ
619 4204 810 4275 γέγονέ
835 4219 976 4256 «τισιν
1009 4205 1090 4266 εἰς
1119 4201 1348 4273 πλάνην.
1403 4199 1671 4254 Ἀδύνατοι

1792 4215 1878 4262 ret
1914 4206 2094 4277 :quod
2116 4201 2294 4277 ipsum
2329 4214 2510 4263 lam'en
2531 4207 2705 4262 fraudi
2740 4210 3018 4264 nonnullis
3047 4209 3165 4264 fuit.
3199 4209 3366 4280 Atqui

121 4303 220 4372 γάρ
241 4317 362 4356 τινα
389 4297 546 4371 παρὰ
577 4299 674 4366 τὴν
708 4297 816 4348 τῶν
843 4293 1143 4366 ἀνθρώπων
1166 4292 1326 4363 φύσιν
1349 4292 1440 4344 ἐπὶ
1465 4290 1562 4360 τῆς
1583 4291 1671 4359 γῆς

1793 4301 1910 4355 ﬁeri
1949 4313 2058 4354 non
2091 4307 2290 4370 potest,
2335 4309 2394 4354 ut
2423 4301 2548 4370 quis
2581 4309 2780 4370 praeter
2809 4315 3156 4356 communem
3190 4303 3371 4357 homi-

122 4389 416 4461 γεννᾶσθαι.
459 4388 622 4458 Μύνῳ
667 4389 774 4458 γάρ
822 4385 1112 4456 διέπρεψεν
1149 4381 1317 4452 αὐτῷ·
1357 4381 1503 4452 μόνῳ
1540 4395 1671 4448 παρ-

1795 4407 1920 4445 num
1949 4398 2202 4445 naturam
2241 4399 2505 4447 nascatur
2551 4393 2604 4445 in
2650 4393 2833 4448 terris.
2873 4391 2975 4448 Uni
3021 4393 3125 4448 hoc
3169 4409 3372 4449 conve—

123 4485 384 4558 εχώρησεν
417 4484 454 4554 ὴ
483 4482 664 4554 φύσις.
687 4478 897 4542 Οὒτως,
927 4478 1001 4542 ὼς
1027 4477 1272 4546 πλάστης
1309 4475 1401 4528 καὶ
1441 4473 1671 4536 ὲξουσια

1797 4483 1983 4537 niebat
2023 4483 2138 4548 illi;
2167 4483 2262 4536 uni
2300 4491 2494 4537 natura
2531 4483 2721 4538 cessit.
2777 4483 2896 4548 Hic,
2937 4484 3186 4554 inquam,
3219 4487 3372 4541 velut

127 4579 242 4650 στὴς
257 4579 350 4631 τοῦ
369 4577 522 4648 πράγ
531 4590 718 4644 ματος,
739 4571 932 4625 ἑαυτὸν
947 4570 1055 4623 ἀπὸ
1067 4568 1346 4642 Παρθένου
1381 4567 1570 4636 ὥσπερ
1582 4563 1671 4616 ἀπὶ

1797 4573 1992 4629 artifex
2051 4589 2116 4629 ac
2155 4575 2432 4638 dominus,
2486 4575 2844 4644 semetipsum
2891 4591 2922 4631 e
2957 4575 3200 4646 Virgine,
3251 4587 3374 4633 tan-

127 4671 210 4741 τῆς
242 4674 344 4743 γῆς
402 4667 768 4727 ἁνεπλάσατο,
793 4665 925 4728 Θεὸς
951 4665 1044 4717 ἀπ’
1071 4663 1316 4734 οὐρανῶν
1337 4658 1528 4722 ἐλθὼν,
1557 4659 1671 4729 σάρ-

1797 4683 1960 4736 quam
1995 4682 2024 4722 e
2054 4675 2221 4732 terra,
2255 4665 2546 4720 formavit:
2583 4667 2725 4723 Deus
2764 4683 2794 4724 e
2821 4671 2961 4724 coelo
2995 4669 3372 4733 descendens.
3423 4653 3425 4655 1

127 4781 192 4818 κα
219 4764 577 4834 ἐνδυσάμενος
608 4763 636 4814 ὀ
663 4761 834 4828 Λόγος
864 4758 923 4822 ἐξ
963 4757 1124 4826 ἁγίας
1163 4755 1460 4824 Παρθένου·
1491 4754 1550 4806 οὐ
1585 4750 1671 4824 μὴ·

1799 4755 2320 4831 VerbumeVirgine
2345 4767 2662 4833 susceptum
2691 4743 2893 4832 corpus
2923 4763 3188 4830 induens;
3261 4779 3372 4818 non

127 4856 178 4910 δὲ
201 4854 680 4929 προσκυνουμένης
707 4853 803 4922 τῆς
830 4849 1130 4922 Παρθένου·
1157 4847 1278 4901 οὐδὲ
1303 4847 1388 4900 ἵνα
1414 4846 1546 4900 Θεὸν
1567 4843 1694 4898 ταύ-

131 4965 217 5018 την
247 4947 651 5020 ἀπεργάσηται·
713 4946 812 5015 οὐχ
854 4944 942 4996 ἵνα
979 4944 1058 5006 εἰς
1095 4942 1270 5012 ὄνομα
1315 4940 1485 5009 αὐτῆς
1527 4953 1692 5008 προσ-

133 5039 450 5110 ενέγκωμεν·
479 5039 578 5106 οὐχ
603 5036 691 5089 ἵνα
719 5036 985 5103 γυναῖκας
1016 5033 1176 5086 πάλιν
1198 5033 1398 5104 ἱερείας
1415 5030 1553 5102 μετὰ
1579 5047 1696 5084 τοσ-

135 5130 290 5195 αύτας
327 5131 522 5200 γενεάς
552 5128 826 5200 ἀποδείξῃ.
861 5125 974 5179 Οὐκ
1007 5125 1298 5196 εὐδόκησεν
1329 5127 1358 5177 ὁ
1381 5125 1512 5187 Θεὸς
1539 5123 1698 5177 τοῦτο

137 5225 188 5276 ἓν
231 5223 464 5294 Σαλώμῃ
509 5221 784 5291 γενέσθαι,
829 5221 930 5273 οὐκ
957 5221 1015 5272 ὲν
1053 5219 1192 5290 αὐτῇ
1236 5220 1302 5289 τῇ
1343 5217 1550 5289 Μαρίᾳ.
1585 5217 1698 5269 Οὐκ

139 5313 420 5387 ἐπέτρεψεν
451 5316 590 5385 αὐτῇ
619 5313 806 5367 δοῦναι
831 5310 1139 5382 βάπτισμα,
1163 5312 1266 5364 οὐκ
1287 5310 1578 5382 εὐλογῆσαι
1603 5327 1702 5379 μα-

141 5406 310 5478 θητάς.
343 5408 418 5459 ϐύ
447 5409 510 5460 τὸ
537 5408 726 5478 ἄρχειν
764 5405 859 5460 ἐπὶ
885 5405 984 5475 τῆς
1008 5405 1113 5474 γῆς
1141 5405 1446 5470 ἐκέλευσεν,
1477 5403 1509 5474 ἢ
1541 5405 1700 5474 μόνον

141 5497 369 5568 ἁγίασμα
412 5495 580 5566 αὐτὴν
629 5492 786 5563 εἶναι,
829 5495 922 5550 καὶ
966 5485 1369 5566 καταξιωθῆναι
1415 5495 1512 5567 τῆς
1539 5494 1702 5547 αὑτοῦ

207 5657 352 5712 'lsa.
383 5675 498 5722 τιτι,
537 5659 578 5712 ὅ
618 5675 737 5730 sqq.
815 5661 834 5690 ³
869 5657 968 5713 lsa.
1006 5671 1120 5719 Llll,
1167 5656 1194 5707 ’ἲ
1230 5669 1350 5725 sqq.

1803 4852 1926 4907 ideo
1959 4860 2164 4915 tamen,
2203 4861 2261 4906 ut
2283 4852 2400 4906 haec
2429 4851 2643 4906 adorari
2669 4853 2885 4918 debeat,
2925 4863 3019 4907 aut
3055 4863 3114 4908 ut
3145 4871 3264 4911 eam
3294 4858 3374 4911 di-

1803 4946 1988 5000 vinam
2022 4944 2087 4999 ad
2137 4951 2386 4998 naturam
2419 4945 2903 5016 conditionemque
2941 4947 3262 5011 transferat,
3287 4965 3382 5004 ne-

1805 5053 1912 5108 que
1949 5043 2010 5089 ut
2035 5037 2368 5114 sacriﬁcium
2413 5037 2562 5093 illius
2593 5037 2646 5090 in
2676 5052 2872 5092 nomen
2907 5038 3189 5104 offeratur,
3208 5055 3386 5110 neque

1809 5137 1965 5184 tanto
2014 5129 2304 5182 intervallo
2347 5129 2604 5183 mulieres
2655 5124 3386 5192 sacerdotesjnstituantur.

1809 5224 1924 5278 Hoc
1949 5239 2016 5278 ne
2047 5223 2100 5276 in
2148 5221 2365 5275 Salome
2395 5221 2615 5288 quidem
2652 5221 2772 5275 fieri
2801 5222 2972 5275 voluit
3001 5221 3165 5289 Deus,
3195 5239 3298 5278 nec
3332 5225 3386 5278 in

1809 5313 2000 5368 Maria.
2035 5311 2156 5366 Non
2185 5311 2234 5368 ei
2271 5311 2584 5380 baptizandi
2627 5320 2950 5382 potestatem
2975 5313 3132 5380 'l‘ecit,
3166 5329 3274 5368 non
3299 5316 3384 5369 die

1779 5405 2040 5475 ‘scipulis
2087 5403 2437 5468 benedicere,
2475 5419 2584 5458 non
2637 5406 2694 5460 in
2739 5405 2902 5462 terris
2945 5421 3179 5475 praeesse
3231 5423 3385 5462 man-

1815 5497 1994 5565 davit;
2027 5495 2122 5554 sed
2157 5496 2260 5551 hoc
2303 5511 2472 5552 unum
2514 5499 2708 5566 voluit,
2753 5508 2810 5556 ut
2863 5510 3115 5556 sanctum
3167 5501 3296 5573 quid
3337 5511 3388 5559 ct
