3838 6322
140 373 262 431 753

817 377 1185 435 ADVERSUS
1215 379 1556 436 HrERESES
1594 378 1723 436 LTB.

1896 379 2057 437 “ron.
2102 380 2142 434 ιι
2182 338 2251 421 ὲ-
2291 379 2563 435 IHZRES.
2608 375 2841 433 LXXIX.

3266 414 3271 421 .
3347 370 3452 425 τοι

139 511 245 558 τος
295 498 407 568 τὴν
446 486 673 569 πρώτην
715 500 968 565 γυναῖκα.
1008 499 1273 570 Τιμάσθω
1319 504 1350 571 ή
1395 503 1577 573 μήτηρ
1610 502 1740 573 ήμῶπ

1874 503 2009 557 resis
2040 502 2131 555 illa
2175 503 2367 572 magis,
2392 517 2521 570 qua:
2548 501 2617 556 ab
2650 514 2734 561 co,
2769 514 2798 551 a
2855 512 2964 567 quo
2996 496 3170 566 prima
3226 493 3450 563 decepta

139 584 271 641 Εὔα
304 628 322 649 .
360 589 440 649 ὡς
477 592 542 643 ἐκ
585 591 718 643 Θεοῦ
778 591 1138 663 πεπλασμένη
1172 612 1185 622 ·
1222 594 1296 665 μὴ
1349 595 1629 651 ἁκουέσθω
1678 595 1755 659 δὲ,

138 675 235 728 ἴνα
272 678 363 747 μὴ
401 679 568 752 πείσῃ
615 679 686 733 τὰ
722 682 888 735 τέκνα
927 684 1122 752 φαγεῖν
1156 684 1264 738 ἀπὸ
1297 684 1387 739 τοῦ
1433 685 1627 752 ξύλου,
1665 689 1759 742 καὶ

134 768 386 839 ἐντολὴν
420 771 755 843 παραϐῆναι.
788 776 1133 833 Μετανοείτω
1159 780 1215 833 δὲ
1238 780 1330 832 καὶ⁹
1362 777 1502 851 αὕτη
1530 778 1639 833 ἀπὸ
1670 797 1759 834 κε-

132 861 457 927 νοφωνίας.
506 864 916 937 Ἐπιστρεφέτω
970 871 1373 943 αἰσχυνομένη,
1411 870 1506 925 καὶ
1576 876 1751 948 φύλλα

136 954 340 1025 συκῆς
372 955 697 1028 ἐνδυομένη.
725 958 1071 1015 Κατανοείτω
1096 962 1153 1017 δὲ
1182 963 1352 1035 αὐτὴν
1380 965 1473 1018 καὶ
1496 965 1524 1017 δ
1562 964 1752 1035 ’Δδὰμ,

134 1043 244 1096 καὶ
300 1045 510 1115 μηκέτι
556 1049 691 1119 αὐτῇ
729 1049 1019 1107 πειθέσθω.
1075 1054 1141 1112 ’Β
1176 1054 1285 1126 γὰρ
1318 1055 1528 1125 πλάνης
1558 1055 1752 1121 πειθὼ,

136 1135 243 1187 καὶ
281 1137 555 1204 γυναικὸς
582 1139 665 1202 είς
696 1139 757 1192 τὸ
779 1142 1021 1195 ἐναντίον
1062 1143 1383 1215 συμϐουλία,
1417 1144 1649 1200 θάνατον
1675 1147 1755 1217 τῷ

135 1225 272 1297 ἰδίῳ
301 1227 535 1300 ωζῦγῳ
561 1228 855 1301 ἐργάζεται
880 1250 893 1263 ·
922 1234 984 1287 οὺ
1032 1235 1194 1305 μόνον
1224 1236 1303 1300 δὲ,
1344 1236 1482 1291 ἀλλὰ
1516 1239 1610 1291 καὶ
1641 1241 1754 1302 τοῖς

132 1317 401 1383 τέκνοις.
428 1321 782 1394 Κατέστρεψε
815 1324 878 1377 τὸ
913 1324 1138 1397 πλάσμα
1167 1325 1278 1381 Εὔα
1328 1328 1416 1383 διὰ
1452 1330 1551 1401 τῆς
1580 1346 1754 1398 παρα-

132 1409 411 1475 ϐάσεως,
446 1410 787 1481 ἑρεθισθείσα
819 1412 907 1466 διὰ
939 1412 1042 1484 τῆς
1072 1414 1166 1468 τοῦ
1202 1415 1378 1485 ὄφεως
1430 1418 1615 1488 φωνῆς
1660 1419 1753 1471 καὶ

132 1502 530 1571 ἐπαγγελίας,
584 1503 920 1575 πλανηθεῖσα
954 1505 1062 1559 άπὸ
1103 1507 1194 1560 τοῦ
1250 1509 1630 1580 κηρύγματος,
1662 1511 1753 1563 καὶ

133 1593 228 1661 ἐφ’
264 1593 475 1665 ἑτέραν
516 1594 779 1665 βαδίσασα
818 1596 1077 1651 διάνοιαν.

1869 593 2064 648 mulier
2088 601 2193 657 est,
2224 595 2482 646 manavit.
2517 592 2641 646 Evze
2664 589 2828 660 igitur
2858 590 3018 642 matri
3050 594 3252 642 nostra:
3278 587 3451 640 honor

1868 680 2155 748 habeatur,
2214 693 2400 754 utpote
2449 698 2570 753 qum
2602 698 2634 737 a
2689 683 2797 739 Deo
2830 682 3094 753 producta
3142 680 3244 747 sit;
3277 679 3372 734 sed
3401 680 3451 733 ei

1866 789 2211 845 nequaquam
2256 777 2682 845 obtemperctur,
2732 789 2801 828 ne
2840 772 3027 828 liberis
3070 771 3187 826 suis
3226 783 3452 840 persua-

1864 866 2011 929 deat,
2038 876 2181 924 ut'ex
2216 870 2411 924 arbore
2441 876 2731 924 vescantur
2763 882 2827 921 ac
2880 864 3197 919 mandatum
3223 863 3448 918 violent.

1863 958 1933 1012 At
1977 958 2127 1013 illam
2183 974 2400 1030 quoque
2436 960 2747 1014 vanissima:
2798 957 2947 1012 illius
2981 955 3133 1010 vocis
3166 954 3447 1023 poeniteat.

1866 1046 2073 1105 Redeat
2100 1050 2166 1106 ad
2197 1060 2433 1107 mentem
2475 1066 2586 1121 prae
2614 1047 2966 1114 verecundia,
3005 1054 3059 1103 et
3092 1046 3342 1103 ﬁculneis
3364 1045 3450 1101 foo-

1864 1144 1952 1198 liis
1988 1142 2318 1198 induatur‘.
2376 1146 2518 1212 Quin
2572 1152 2627 1199 et
2678 1143 2921 1199 Adamus
2976 1141 3122 1195 illam
3168 1148 3447 1211 agnoscat,

1868 1234 2084 1306 1066
2109 1249 2209 1290 nec
2248 1236 2482 1306 amplius
2508 1250 2720 1290 morem
2757 1241 2931 1305 gerat.
2961 1230 3173 1303 Quippe
3204 1230 3447 1295 fraudes.

1861 1322 2143 1378 blanditiae
2182 1332 2236 1379 et
2295 1325 2634 1378 contrarium
2687 1322 2935 1377 mulieris
2966 1320 3260 1377 consilium
3300 1336 3452 1378 mor-

1863 1420 1970 1469 tem
2028 1414 2247 1484 conjugi
2306 1415 2507 1485 pariter
2564 1429 2628 1468 ac
2681 1413 2854 1469 soboli
2901 1413 3272 1469 consciscunt.
3315 1411 3449 1467 Nam

1862 1503 1972 1558 Eva
2024 1521 2122 1575 per
2178 1506 2585 1561 contumaciam
2650 1521 2806 1561 suam
2871 1505 3115 1560 divinum
3171 1505 3451 1576 opiﬁcium

1860 1599 2080 1663 evertit,
2120 1614 2244 1652 cum
2285 1598 2555 1668 serpentis
2580 1613 2712 1654 voce
2739 1613 2803 1652 ac
2829 1597 3118 1667 promissis
3147 1598 3349 1664 illecta,
3384 1599 3451 1652 ab

1861 1704 2000 1743 sano
2044 1689 2295 1759 dogmate
2349 1690 2666 1756 deﬂectens,
2707 1691 2867 1746 aliam
2924 1690 2993 1745 ad
3046 1698 3279 1744 utentem
3328 1706 3453 1747 sese

1862 1778 2163 1833 transtulit.

209 1862 300 1917 8'.
338 1862 442 1916 Διὰ
476 1862 635 1918 τοῦτο
684 1866 713 1918 ὁ
762 1865 980 1920 πάντων
1033 1867 1314 1939 Δεσπότης
1393 1869 1488 1921 καὶ
1527 1870 1740 1939 Σωτὴρ.

1931 1869 2026 1924 ΙΧ.
2069 1869 2360 1941 Propterea
2394 1870 2658 1928 Dominus
2715 1873 2961 1929 omnium
2992 1888 3055 1928 ac
3090 1870 3363 1939 Salvator,
3387 1883 3449 1929 ut

135 1953 485 2025 βουλόμενος
518 1954 856 2026 θεραπεῦσαι
913 1957 976 2011 τὸ
1022 1958 1187 2026 ἄλγος
1210 2000 1223 2021 ,
1260 1961 1355 2012 καὶ
1400 1960 1751 2031 οἰκοδομῆσαι

130 2044 199 2096 τὸ
248 2046 758 2117 κατεστραμμένον
782 2088 797 2112 ,
833 2047 928 2102 καὶ
974 2047 1371 2120 διορθώσασθαι
1409 2049 1471 2103 τὸ
1510 2051 1753 2119 ἠλαττω-

137 2135 317 2204 μένον
344 2177 360 2200 ,
398 2135 589 2207 ἐπειδὴ
642 2137 752 2191 ἀπὸ
798 2140 1055 2209 γυναικὸς
1086 2142 1115 2195 ὁ
1149 2140 1378 2206 θάνατος
1418 2144 1497 2207 είς
1532 2142 1623 2196 τὸν
1662 2143 1752 2196 κό-

134 2246 289 2298 σμον
326 2229 635 2300 κατῆλθεν,
676 2232 741 2284 ὲκ
773 2232 1031 2298 γυναικὸς
1065 2233 1340 2304 παρθένου
1395 2235 1557 2299 αὐτὸς
1595 2236 1749 2305 εγεν-

132 2321 290 2392 νηθη
312 2363 328 2386 ,
383 2322 473 2376 ῐνα
519 2322 611 2376 τδν
661 2322 891 2378 θάνατον
929 2324 1189 2398 ἐκκλείσῃ
1213 2366 1227 2388 ,
1286 2327 1377 2381 καὶ
1410 2327 1470 2381 τὸ
1507 2327 1751 2382 ἐλλεῖπον

136 2413 424 2486 πληρώσῃ
454 2455 467 2476 ,
500 2415 594 2469 καὶ
631 2415 693 2469 τὸ
722 2414 1097 2487 ἠλαττωμένον
1126 2418 1411 2491 τελειώσῃ.
1448 2419 1749 2491 Στρέφεται

136 2506 199 2561 δὲ
234 2510 380 2580 ἡμῖν
436 2507 599 2562 πάλιν
634 2510 667 2580 ἡ
702 2509 868 2562 κακία
898 2549 912 2567 .
964 2511 1052 2564 ἵνα
1094 2510 1155 2563 τὸ
1190 2511 1482 2582 ἐλάττωμα
1530 2514 1610 2575 είς
1659 2514 1752 2568 τὸν

137 2598 363 2670 κόσμον
418 2600 735 2673 προαγάγῃ.
803 2602 941 2655 Ἀλλ’
1000 2602 1124 2656 οὔτε
1174 2604 1304 2667 νέοι,
1333 2603 1455 2658 οὔτε
1495 2605 1752 2677 γέροντες

144 2692 443 2747 πείθονται
494 2695 561 2764 τῇ
618 2694 842 2762 γυναικὶ
886 2693 974 2747 διὰ
1005 2694 1104 2764 τὴν
1137 2692 1343 2749 ἄνωθεν
1372 2695 1745 2766 σωφροσύνην.

142 2784 225 2837 Οὐ
259 2782 452 2848 παίζει
505 2786 537 2853 ὴ
572 2783 847 2853 Αἰγυπτία
899 2784 990 2838 τὸν
1028 2783 1283 2857 σώφρονα
1330 2785 1526 2857 Ἰωσὴφ
1552 2827 1566 2851 ,
1624 2785 1747 2839 οὔτε

142 2876 572 2947 παρικτρέπειο
607 2876 782 2930 καίτοι
811 2894 876 2945 γε
923 2876 1010 2930 διὰ
1049 2877 1250 2948 πολλῆς
1284 2880 1554 2949 μηχανίας
1586 2882 1751 2950 ἐργα-

147 2970 375 3041 σαμένη
404 2968 468 3022 τὸ
502 2968 676 3023 δεινὸν
709 2968 845 3039 πρὸς
892 2967 986 3023 τὸν
1032 2969 1199 3023 παῖδα
1249 2972 1347 3041 τῆς
1393 2971 1743 3042 συμϐουλίας.

156 3061 304 3115 Ἀλλ’
337 3062 401 3116 οὐ
440 3060 694 3127 παίζεται
720 3061 1009 3133 ἄνθρωπος
1036 3062 1100 3115 ὲκ
1126 3063 1442 3134 Πνεῦματος
1465 3065 1619 3132 ἁγίου
1653 3065 1748 3119 λα-

146 3154 261 3210 εὼν
292 3155 396 3226 τὴν
445 3154 726 3227 φρόνησιν.
765 3156 841 3211 Οὐ
880 3156 941 3209 τὺ
970 3156 1187 3228 σῶφρον
1215 3157 1470 3227 ἀφανίζει
1498 3198 1514 3221 ,
1552 3158 1637 3212 ῐνα
1671 3159 1746 3230 μὴ

1855 1960 1904 2015 ei
1923 1961 2098 2016 dolori
2134 1961 2468 2025 mederetur,
2500 1972 2554 2017 ct
2581 1965 2727 2034 quod
2759 1979 3013 2022 eversum
3036 1971 3155 2020 erat
3180 1965 3449 2021 instaura-

1855 2059 1959 2115 ret,
1989 2052 2134 2123 quod
2159 2051 2437 2109 defecerat
2459 2056 2794 2117 reStitueret,
2818 2055 3263 2127 quandoquidem
3296 2071 3448 2113 mors

1855 2140 1910 2195 in
1940 2141 2205 2196 mundum
2263 2159 2292 2197 a
2340 2143 2570 2200 muliere
2608 2145 2856 2202 derivata
2900 2147 3115 2211 fuerat,
3144 2162 3175 2202 e
3221 2147 3449 2204 muliere

1853 2231 2068 2303 virgine
2112 2242 2276 2290 natus
2329 2243 2436 2299 est,
2481 2252 2593 2306 quo
2626 2245 2681 2292 et
2738 2245 2971 2293 mortem
3014 2239 3349 2305 excluderet,
3394 2247 3449 2294 et

1856 2324 2004 2395 quod
2038 2340 2292 2381 mancum
2326 2334 2443 2382 erat
2471 2328 2768 2399 suppleret,
2800 2336 2854 2384 et
2886 2328 3036 2400 quod
3098 2329 3446 2386 imminutum

1854 2414 2159 2485 perliceret.
2196 2417 2367 2472 Porro
2389 2416 2580 2473 eadem
2610 2419 2808 2473 iterum
2837 2420 3082 2488 nequitia
3113 2420 3444 2477 revolvitur:

1854 2516 1912 2563 ut
1942 2507 2134 2562 vitium
2196 2524 2260 2563 ac
2292 2507 2567 2564 defectum
2597 2511 2651 2565 in
2679 2511 2867 2568 orbem
2898 2520 3170 2567 terrarum
3199 2513 3442 2569 invehat.

1856 2597 1969 2654 Sed
2017 2598 2235 2654 mulieri
2275 2616 2454 2672 neque
2483 2600 2748 2671 juvenes,
2786 2616 2963 2673 neque
3001 2618 3194 2669 senes,
3225 2613 3448 2675 propter

1851 2706 1970 2749 eam
2001 2708 2108 2763 qua
2141 2692 2406 2749 divinitus
2442 2693 2660 2763 praediti
2709 2702 2841 2748 sunt
2874 2694 3316 2764 temperantiam,
3347 2696 3446 2750 oh-

1852 2794 2179 2855 sequuutur.
2212 2782 2331 2838 Non
2370 2784 2550 2839 illudit
2594 2783 2852 2857 Egyptia
2885 2785 3083 2840 mulier
3130 2788 3445 2842 castissime

1850 2878 2088 2950 Josepho
2119 2881 2175 2943 ¹,
2226 2893 2326 2934 nec
2360 2894 2389 2932 a
2437 2886 2590 2934 recta
2641 2888 2824 2934 mente
2882 2878 3141 2947 deducit,
3190 2882 3443 2950 quamvis

1852 2985 2046 3026 omnes
2112 2969 2369 3026 adhibeat
2424 2970 2731 3037 machinas,
2787 2985 2898 3041 quo
2946 2969 3330 3027 detestandum
3384 2974 3440 3029 in

1852 3062 2256 3120 adolescentem
2305 3062 2599 3119 consilium
2637 3072 2989 3133 exsequatur.
3025 3061 3229 3118 Verum
3257 3062 3439 3119 luditi-

1851 3155 1965 3210 cari
1995 3170 2119 3210 eum
2149 3170 2313 3211 nemo
2341 3162 2541 3225 potest,
2572 3154 2667 3226 qui
2696 3170 2728 3208 a
2757 3153 2965 3226 Spiritu
2990 3160 3185 3209 sancto
3208 3155 3444 3226 pruden-

144 3248 249 3317 τὴν
276 3248 562 3317 εὐγένειαν
590 3248 974 3323 κατευτελίσῃο
1002 3250 1404 3321 καταλιμπάνει
1434 3250 1503 3305 τὰ
1529 3251 1740 3322 ἱμάτια.

1855 3246 1982 3303 tiam
2015 3248 2306 3318 acceperit.
2358 3244 2598 3302 Proinde
2642 3260 2821 3317 neque
2855 3245 3237 3301 castimoniam
3282 3261 3439 3302 suam

147 3339 247 3391 καὶ
277 3337 345 3391 τὸ
378 3337 537 3411 σῶμα
582 3338 682 3393 οὐκ
721 3339 1045 3394 ἀπόλλυσιν·
1098 3341 1482 3414 ἀποδιδράσκει
1537 3342 1631 3396 τὸν
1658 3342 1747 3397 τό-

149 3446 277 3495 πον,
306 3431 398 3485 ἵνα
432 3430 507 3503 μὴ
549 3430 692 3502 πέσῃ
723 3434 788 3501 τῇ
823 3431 1043 3500 παγίδιο
1078 3434 1216 3504 πρὸς
1267 3432 1455 3504 καιρὸν
1488 3436 1747 3505 τιμωρεῖ-

150 3536 241 3575 ται
264 3560 281 3583 ,
312 3520 396 3582 εἰς
432 3520 525 3573 τὸν
574 3521 748 3575 αἰῶνα
781 3521 1054 3592 βασιλεύει
1075 3538 1088 3553 ο
1122 3524 1180 3575 ὲν
1209 3522 1570 3594 δεσμωτηρίῳ
1616 3524 1746 3594 βάλ-

145 3614 308 3668 λεται
336 3651 350 3675 ,
390 3612 507 3667 ἀλλ’
545 3613 764 3684 αἱρετὸν
792 3615 850 3667 ὲν
884 3609 1100 3687 φυλακῇ
1136 3614 1466 3686 καταμένειν
1495 3655 1510 3677 ,
1555 3616 1650 3671 καὶ
1688 3618 1748 3670 ὲν

148 3704 331 3776 γωνίᾳ
386 3702 655 3774 ὑπαίθρου
686 3747 699 3769 ,
755 3704 788 3775 ἥ
849 3704 990 3776 μετὰ
1046 3705 1302 3774 γυναικὸς
1358 3706 1599 3778 μαχίμου
1654 3708 1748 3761 καὶ

148 3792 534 3863 γλωσσώὸους.
583 3794 696 3847 Καὶ
734 3790 877 3848 πόσα
908 3792 1024 3847 ἐστι
1052 3793 1270 3862 λέγεινι
1327 3794 1485 3848 Ἤτοι
1524 3794 1635 3865 γὰρ
1672 3792 1748 3858 ὡς

148 3883 329 3955 αὐτὴν
356 3880 794 3953 προσκυνοῦντες
818 3881 918 3955 τὴν
945 3883 1185 3954 Μαρίαν,
1207 3883 1346 3955 αὐτῇ
1378 3883 1749 3955 προσφέρουσι

150 3974 252 4048 τὴν
288 3974 581 4046 κολλυρίδα
615 3975 672 4027 αἱ
719 3975 889 4047 ἀργαὶ
936 3970 1096 4029 αὗται
1135 3976 1427 4043 γυναῖκες’
1457 3976 1574 4046 ῆτοι
1606 3974 1747 4048 ὑπὲρ

152 4066 330 4135 αὐτῆς
390 4063 725 4136 προσφέρειν
776 4064 1114 4136 ἐπιχειροῦσι
1176 4064 1275 4136 τὴν
1340 4064 1750 4137 προειρημένην

148 4156 366 4227 ταύτην
401 4154 611 4227 σαθρὰν
638 4156 925 4227 κάρπωσιν
946 4171 961 4185 ⁸
995 4157 1057 4210 τὸ
1091 4158 1199 4210 πᾶν
1232 4159 1382 4210 ἐστιν
1414 4156 1621 4227 ἠλίθιον
1655 4156 1750 4210 καὶ

154 4246 441 4316 ἀλλότριον
462 4284 477 4307 ,
509 4245 604 4299 καὶ
632 4245 696 4299 ὲκ
726 4244 1000 4317 δαιμόνων
1026 4248 1296 4317 κινήσεως
1315 4287 1329 4312 ,
1371 4245 1640 4318 φρύαγμά
1688 4261 1747 4297 τε

155 4337 250 4390 καὶ
296 4336 512 4405 ἀπάτη.

1849 3338 1989 3410 eripi
2049 3338 2153 3393 sibi
2212 3338 2441 3409 patitur,
2499 3352 2567 3391 ne
2619 3335 2895 3391 nobilitati
2930 3352 3046 3392 sum
3082 3336 3439 3408 ignominiam

1848 3431 2123 3501 imponat;
2172 3429 2499 3484 vestimenta
2556 3428 2838 3499 relinquit,
2881 3437 2937 3485 et
2969 3430 3219 3500 corporis
3260 3430 3439 3501 jactu-

1850 3535 1965 3575 ram
2006 3535 2114 3576 non
2141 3519 2303 3585 facit;
2342 3515 2523 3574 locum
2550 3520 2701 3574 illum
2729 3519 2956 3585 deserit,
2990 3536 3059 3576 ne
3088 3520 3147 3574 in
3184 3521 3441 3592 laqueum

1850 3612 2092 3679 incidat;
2132 3626 2326 3682 pinnas
2372 3613 2475 3667 luit
2524 3613 2591 3667 ad
2625 3623 2843 3683 tempus
2869 3652 2884 3678 ,
2921 3613 3017 3668 sed
3061 3612 3120 3667 in
3170 3620 3436 3668 eternqu

1848 3710 2073 3773 regnat;
2104 3701 2157 3755 in
2209 3716 2487 3759 carcerem
2526 3702 2849 3773 conjicitur,
2894 3704 2989 3760 sed
3024 3703 3198 3760 multo
3226 3705 3438 3775 optabi-

1850 3790 1959 3845 lius
2018 3799 2103 3846 est
2148 3791 2202 3847 in
2265 3793 2516 3848 custodia
2564 3810 2820 3857 manere,
2864 3803 2920 3850 et
2960 3793 3016 3850 in
3069 3795 3273 3866 angulo
3331 3795 3437 3851 sub

1851 3881 1965 3945 dio,
2005 3896 2170 3953 quam
2205 3898 2330 3938 cum
2376 3884 2607 3941 muliere
2663 3886 3012 3943 contentiosa
3057 3894 3114 3941 et
3147 3886 3363 3957 loquaci
3391 3888 3433 3940 ³.

1850 3970 2025 4039 Quam
2057 3974 2228 4030 multa
2257 3990 2423 4044 porro
2472 3974 2740 4033 adversus
2772 3977 2917 4032 illam
2968 3979 3205 4035 haeresin
3254 3980 3441 4049 dispu-

1852 4064 1956 4120 tari
1999 4068 2266 4135 possunt!
2314 4064 2449 4120 Nam
2510 4075 2606 4121 aut
2633 4066 2861 4124 Mariam
2914 4068 3087 4139 ipsam
3140 4070 3434 4125 adorantes

1852 4154 2171 4224 collyridem
2214 4155 2342 4210 huic
2384 4156 2576 4211 otiosze
2608 4157 2865 4214 mulieres
2897 4158 3164 4227 oﬂ‘erunt;
3204 4170 3297 4215 aut
3333 4176 3435 4231 pro

1853 4244 1971 4315 ipsa
2003 4244 2299 4299 absurdam
2344 4245 2490 4299 illam
2544 4254 2599 4301 et
2634 4246 2923 4302 ridiculam
2979 4248 3316 4305 oblationem
3349 4252 3434 4305 in-

1854 4342 2109 4397 stituunt.
2138 4340 2441 4412 Utrumque
2473 4357 2601 4398 vero
2633 4342 2893 4399 stolidum
2929 4352 3035 4410 est,
3049 4353 3103 4402 et
3134 4346 3432 4402 adaemone

1854 4431 2161 4503 profectum
2211 4431 2349 4487 nihil
2384 4440 2581 4504 praeter
2609 4434 3033 4490 ostentationem
3074 4434 3431 4509 fraudemque

1853 4522 2110 4583 continet.

227 4603 351 4656 ἰνα
381 4601 439 4654 δὲ
490 4600 564 4670 μὴ
599 4599 1042 4671 παρεκτείνωμαι
1077 4599 1153 4669 τῷ
1184 4599 1326 4669 λόγῳ
1352 4638 1366 4661 ,
1409 4598 1635 4669 ἀρκέσει
1675 4597 1740 4652 τὰ

1920 4612 1998 4669 Ne
2037 4615 2139 4668 sim
2193 4615 2428 4686 longior,
2474 4631 2596 4687 qua:
2637 4627 2766 4674 sunt
2796 4617 3063 4676 hactenus
3090 4618 3236 4675 dicta
3280 4620 3431 4677 sum-

153 4692 425 4767 ειρημένα
457 4692 607 4763 ἡμῖν.
650 4690 715 4743 Ἡ
742 4689 928 4761 Μαρία
956 4691 1013 4742 ὲν
1052 4692 1183 4761 τιμῇ
1211 4729 1225 4753 ,
1258 4693 1286 4743 ὁ
1327 4690 1529 4762 Κύριος
1571 4706 1743 4762 προσ-

153 4783 444 4841 κυνείσθω.
499 4783 689 4837 Οὑδενὶ
735 4782 843 4853 γὰρ
897 4780 1223 4853 ἐργάζονται
1271 4784 1319 4836 οἱ
1369 4782 1564 4837 δίκαιοι
1602 4783 1740 4837 πλά-

152 4893 271 4948 νην.
314 4874 699 4942 Ἀπείραστος
736 4873 846 4943 γάρ
874 4873 1046 4927 ἐστιν
1100 4876 1131 4926 ό
1164 4872 1309 4939 Θεὸς
1351 4874 1584 4929 κακῶν·
1620 4894 1740 4931 πει-

154 4968 309 5039 ράζει
344 4966 402 5019 δὲ
434 4965 599 5029 αὐτὸς
638 4965 861 5030 οὐδένα,
893 4964 1015 5018 οὐδὲ
1069 4967 1118 5017 οἱ
1149 4965 1314 5019 αὑτοῦ
1352 4966 1564 5033 δοῦλοι,
1604 4969 1741 5041 πρὸς

150 5062 389 5130 ἀπάτην.
444 5059 741 5123 Ἕκαστος
794 5056 862 5111 δὲ
917 5056 1248 5127 πειράζεται
1297 5059 1367 5113 ἐκ
1420 5058 1531 5127 τῆς
1582 5060 1738 5129 ιδίας

148 5151 469 5221 ἐπιθυμίας
523 5150 921 5219 ἐξελκόμενος
965 5150 1064 5204 καί
1116 5148 1558 5220 δελεαζόμενος.
1597 5149 1742 5207 Εἶτα

156 5247 187 5313 ἠ
246 5244 538 5314 ἐπιθυμία
600 5244 785 5298 τίκτει
842 5244 1160 5314 ἁμαρτίαν.
1231 5244 1291 5302 Ἠ
1360 5244 1428 5298 δὲ
1484 5246 1740 5316 ἁμαρτία

150 5332 637 5392 ἀποτελεσθεῖσα
670 5334 933 5390 ἀποκυεῖ
963 5334 1241 5389 θάνατον.

229 5426 461 5491 Ὶκανῶς
490 5426 547 5480 δὲ
598 5426 742 5499 ἔχειν
788 5428 918 5499 περὶ
963 5430 1179 5483 πάντων
1240 5428 1443 5481 τούτων
1482 5428 1739 5499 νομίσαν-

152 5538 262 5582 τες,
312 5520 617 5592 ἀγαπητοὶ,
679 5523 775 5577 καὶ
817 5521 1042 5593 ταύτην,
1082 5523 1159 5585 ὡς
1210 5523 1406 5587 εἰπεῖν,
1468 5522 1565 5592 τὴν
1607 5540 1737 5576 καν-

150 5612 369 5682 Oapi‘éa,
432 5612 529 5683 τὴν
589 5612 666 5683 τῷ
734 5614 862 5665 εῖδει
926 5615 1024 5684 μὲν
1075 5613 1454 5685 χρυσίζουσαν,
1528 5631 1739 5685 πτερωο

246 5772 266 5805 ⁸
307 5770 440 5825 Gen.
473 5787 549 5837 ιιι,
586 5772 634 5824 7.
733 5774 751 5801 ¹
782 5771 915 5827 Gen.
948 5788 1135 5839 xxxix,
1168 5773 1196 5825 7
1234 5788 1350 5843 sqq.

1432 5772 1449 5803 ’
1474 5770 1633 5826 Prov.
1669 5774 1864 5838 xx1,9.
1945 5772 1961 5803 ⁸
1994 5770 2107 5826 Jac.
2140 5789 2176 5839 t,
2221 5772 2297 5828 15.

1849 4707 2014 4763 cient.
2051 4706 2220 4762 Maria
2247 4709 2299 4763 in
2326 4708 2537 4765 honore
2566 4710 2657 4777 sit,
2690 4709 2957 4768 Dominus
2989 4711 3269 4769 adoretur.
3292 4712 3428 4770 Nam

1841 4799 1979 4869 justi
2035 4799 2242 4854 nemini
2298 4802 2505 4857 erroris
2555 4803 2902 4858 occasionem
2954 4802 3218 4873 praebent.
3286 4804 3429 4857 Deus

1845 4892 1985 4946 enim
2039 4908 2203 4963 neque
2254 4892 2415 4947 malis
2448 4900 2683 4947 tentatur
2711 4892 2753 4958 δ,
2786 4908 2889 4948 nec
2939 4892 3110 4947 ullum
3151 4893 3269 4964 ipse
3294 4933 3310 4959 ,
3345 4894 3429 4948 vel

1844 4985 1964 5054 ejus
2011 4987 2155 5040 servi
2206 4985 2670 5041 circumveniendi
2720 4999 2893 5040 causa
2936 4992 3195 5039 tentant:
3253 4983 3428 5038 Unus-

1844 5068 2061 5143 quisque
2092 5089 2210 5127 vero
2241 5091 2274 5127 a
2324 5075 2541 5144 propria
2574 5073 2998 5142 concupiscentia
3041 5080 3275 5127 tentatur
3301 5076 3424 5127 abs-

1847 5170 2044 5217 tractus
2092 5162 2304 5234 1067
2360 5173 2410 5217 et
2455 5162 2685 5217 illectus.
2732 5162 2932 5217 Deinde
3004 5162 3427 5232 concupiscentia

1844 5261 2113 5320 peccatum
2146 5252 2307 5319 parit.
2337 5251 2621 5306 Peccatum
2652 5266 2791 5318 vero,
2837 5266 2954 5304 cum
3004 5260 3425 5308 consummatum

1845 5343 2027 5411 fuerit,
2058 5350 2269 5413 generat
2298 5352 2518 5397 mortem
2549 5344 2570 5374 ⁸

1919 5434 2285 5500 Quamobrem
2319 5450 2443 5490 cum
2470 5435 2758 5505 hucusque
2784 5436 2919 5491 satis
2957 5435 3024 5491 de
3065 5434 3133 5492 iis
3168 5437 3425 5492 omnibus

1849 5524 2182 5595 disputatum
2218 5539 2249 5578 a
2300 5525 2457 5579 nobis
2504 5526 2853 5591 arbitremur,
2898 5536 3254 5599 posteaquam
3289 5543 3423 5583 cau-

1848 5613 2155 5682 tharidem,
2193 5622 2251 5669 ut
2293 5615 2364 5670 ita
2401 5614 2610 5685 dicam,
2645 5617 2830 5683 istam,
2880 5620 3061 5675 colore
3116 5619 3293 5686 fulvo,
3325 5619 3428 5675 alio

2379 5776 2397 5805 '
2433 5772 2563 5828 ibid.
2606 5772 2688 5838 Η,
2732 5773 2814 5829 15.
