3790 6212
405 310 509 366 769

1829 328 1885 384 s.
1929 329 2274 390 EPlPuANll
3581 334 3671 388 τα

405 429 584 498 gregis
630 428 861 485 studiosi
907 435 1131 502 quidam
1170 439 1540 510 scripserunt,
1575 460 1639 497 ac
1668 444 1759 498 Dei
1800 446 1971 502 laudo:

2149 452 2280 520 ιίων,
2308 457 2400 510 καὶ
2429 454 2707 525 εὐφημίας
2735 454 2886 518 τινας
2919 454 3080 526 δῆθεν
3101 458 3182 520 εἰς
3210 455 3301 509 τὸν
3328 455 3469 509 θεὸν
3502 459 3672 510 ποιού-

401 518 735 571 concinunt:
792 522 998 590 quibus
1057 541 1255 598 magno
1302 547 1437 588 sane
1476 548 1665 590 errore
1707 536 1878 592 Deum
1929 554 1988 595 se

409 608 625 675 placare
665 624 727 664 ac
781 614 1079 672 conciliare
1107 620 1214 675 sibi
1248 630 1467 692 putant.
1506 624 1705 681 Verum
1741 629 1985 697 inscitia,

405 716 527 771 quae
552 702 824 759 obcaecata
853 723 1068 780 semper
1098 721 1203 778 est,
1237 716 1353 771 hanc
1380 720 1565 773 omnia
1597 722 1819 779 miseris
1850 724 1982 785 illis.

402 790 508 861 prae
546 796 713 850 animi
754 799 897 854 fastu
930 810 983 856 ct
1010 803 1330 873 insolentia,
1368 805 1546 867 facere
1568 811 1876 884 persuadet.
1906 817 1986 871 Ac

400 887 538 943 forte
577 898 704 945 ante
735 892 957 965 aliquod
1006 905 1219 966 tempus
1261 916 1429 955 unum
1474 919 1538 957 ex
1582 905 1691 962 illis
1739 906 1986 963 :ediliciis

397 978 463 1033 de
503 982 643 1034 cmlo
675 991 878 1038 tactum
905 998 985 1040 est
1012 1008 1022 1041 :
1064 990 1286 1045 ubinam
1318 1009 1446 1048 vero
1469 997 1737 1065 gentium,
1771 1000 1983 1071 liquido

398 1070 639 1133 nondum
672 1084 925 1140 constat;
962 1086 1127 1149 atque
1161 1082 1309 1138 haud
1344 1086 1462 1141 scio
1491 1102 1559 1142 an
1604 1090 1657 1143 in
1699 1070 1984 1147 Plitenicia

395 1162 695 1239 contigisse
726 1164 871 1221 istud
889 1168 1180 1227 audierim.
1216 1174 1359 1239 Quin
1389 1178 1560 1232 etiam
1582 1183 1833 1237 nonnulli
1872 1199 1987 1238 ma-

395 1258 662 1326 gistratus
707 1260 988 1333 religionis
1031 1265 1230 1322 ardore
1264 1267 1560 1340 ﬂagrantes
1597 1290 1761 1343 quam
1800 1278 1974 1346 pluri-

394 1364 512 1406 mos
545 1366 609 1405 ex
647 1352 755 1407 illis
792 1355 1152 1423 occiderunt,
1196 1375 1261 1415 eo
1304 1362 1450 1431 quod
1494 1367 1781 1422 veritatem
1821 1368 1982 1423 adul-

395 1442 625 1498 terando
663 1458 1103 1517 corrumperent,
1140 1459 1194 1505 et
1230 1454 1487 1512 Ecclesia:
1528 1472 1733 1515 morem
1765 1475 1978 1533 pracpo-

393 1542 541 1588 stera
569 1536 804 1606 quadam
850 1540 1161 1599 imitatione
1189 1545 1456 1602 auderent
1490 1551 1817 1619 exprimere,
1857 1570 1981 1609 cum

392 1640 568 1696 neque
600 1628 901 1685 Christiani
936 1634 1153 1690 interim
1202 1648 1408 1703 essent,
1454 1657 1631 1711 neque
1666 1642 1980 1701 Judzeorum

390 1727 594 1773 sectam
627 1720 1035 1789 proﬁterentur.
1061 1725 1419 1798 Lupicianus.
1453 1734 1668 1801 opinor,
1695 1735 1803 1790 dux
1839 1754 1981 1795 unus

2094 567 2245 619 μενοι
2274 549 2371 619 (ὡς
2391 547 2845 618 καταλεγματίων
2870 549 2965 601 καὶ
2988 547 3324 619 εὐφημιῶν),
3348 547 3543 619 ὥσπερ
3558 548 3674 603 Θεὸν

2090 638 2479 711 ὲξιλεούμενοι,
2510 638 2753 703 Δἑαυτοὺς
2782 639 3088 694 ἀπατῶσιν.
3137 640 3202 693 Ἦ
3234 639 3293 693 δὲ
3318 640 3573 709 ἀγνωσία
3591 659 3672 695 τυ-

2092 730 2196 801 φλή
2230 748 2314 795 τις
2338 726 2494 796 οὖσα,
2528 730 2707 785 πάντα
2736 728 2909 783 ταῦτα
2937 729 3161 801 δοκήσει
3189 732 3430 801 οἰήσεως
3448 735 3563 795 τοῖς
3584 749 3667 785 πε-

2091 822 2455 894 πλανημένοις
2487 820 2923 893 παρασκευάζει.
2959 822 3473 894 Ἐκεραυνοὸολὴθη
3497 823 3555 876 δὲ
3580 826 3673 894 πρὸ

2088 916 2281 988 χρόνον
2318 914 2375 969 ἓν
2396 914 2507 977 τῷν
2536 914 2798 969 τοιούτων
2831 916 3407 986 κατασκευασμάτων
3448 917 3557 971 οὐκ
3579 916 3672 987 ἔχω

2082 1000 2143 1054 δὲ
2182 1002 2360 1067 λέγειν
2386 1003 2445 1055 ὲν
2471 1002 2613 1074 ποίῳ
2646 1002 2815 1073 τόπῳο
2847 1005 2986 1074 τάχα
3016 1004 3073 1059 δὲ
3096 1005 3156 1059 ὲν
3178 1008 3243 1077 τῇ
3275 1006 3513 1081 Φοινίκῃ
3536 1008 3673 1061 τοῦτο

2086 1094 2425 1168 ἠκούσαμεν.
2468 1094 2630 1148 Ἀ).λά
2669 1097 2763 1149 καί
2802 1113 2948 1160 τινες
2981 1096 3415 1170 τῶν’ἁρχόντων
3449 1099 3671 1168 ζηλωταὶ

2088 1170 2317 1251 πολλοὺς
2339 1189 2405 1240 ὲκ
2430 1186 2637 1241 τούτων
2659 1187 3013 1252 ἀπέκτειναν,
3041 1188 3132 1243 διὰ
3153 1190 3215 1242 τὸ
3237 1191 3671 1261 παραχαράττειν

2085 1279 2183 1348 τὴν
2212 1276 2492 1349 ἀλήθειαν,
2529 1279 2623 1333 καὶ
2645 1278 3061 1350 ἀντιμιμεῖσθαι
3097 1280 3438 1352 Ἐκκλησίας
3466 1281 3668 1353 τρόπον,

2089 1369 2164 1441 μὴ
2199 1370 2358 1435 ὅντας
2394 1370 2784 1437 Χριστιανοὺς,
2831 1372 2969 1442 μήτε
3003 1371 3065 1436 ἐξ
3113 1372 3393 1426 Ἰουδαίων
3426 1375 3670 1445 ὁρμωμέ-

2086 1479 2229 1525 νους.
2254 1459 2415 1532 Οἶμαι
2433 1461 2487 1516 δὲ
2532 1463 2901 1528 Λουπικιανὸς
2927 1466 2956 1517 ὁ
2978 1464 3363 1537 στρατηλάτης
3386 1460 3474 1527 εἷς
3499 1461 3670 1535 {iuerint

2084 1556 2209 1619 τοὺς
2234 1554 2431 1618 αὐτοὺς
2474 1554 2800 1626 Εὐφημίτας
2828 1555 2938 1609 τῶν
2979 1556 3253 1628 Ἑλλήνων
3280 1567 3666 1629 τιμωρησαρέ.

2085 1642 2285 1707 vom-‘35,
2325 1639 2393 1715 ἧς
2435 1644 2769 1715 προφάσεως
2804 1644 2948 1717 ἐφύη
2995 1644 3160 1699 πάλιν
3213 1646 3407 1708 αὐτοῖς
3462 1645 3669 1717 δευτέρα

2085 1734 2278 1806 πλάνη.
2312 1735 2588 1800 Λαϐόντες
2609 1737 2719 1807 γάρ
2749 1754 2897 1800 τινες
2917 1736 2988 1791 τὰ
3018 1735 3130 1791 τῶν
3155 1736 3280 1791 τότε
3310 1737 3669 1792 ἀποκτανθέν-

388 1823 454 1862 ex
485 1808 572 1865 his
613 1810 737 1875 fuit,
765 1813 860 1883 qui
897 1814 950 1869 in
989 1816 1343 1887 Euphemitas
1392 1823 1702 1881 istiusmodi
1738 1829 1971 1897 gentiles

2149 1845 2187 1877 ιν
2223 1825 2451 1897 σώματα
2493 1827 2581 1882 διὰ
2621 1828 2722 1899 τὴν
2763 1829 3026 1898 τοιαύτην
3067 1828 3397 1899 Ἑλληνικὴν
3432 1829 3667 1900 ἀνομίαν,

391 1900 944 1960 animadverterunt:
975 1924 1081 1979 qua
1115 1926 1181 1965 ex
1215 1913 1507 1971 oecasione
1541 1932 1683 1971 nova
1717 1917 1859 1973 facta
1893 1930 1976 1976 est

388 1992 596 2049 erroris
624 1998 891 2053 accessio.
919 2000 1155 2065 Quidam
1198 2004 1347 2059 enim
1384 2021 1575 2061 eorum
1616 2010 1711 2079 qui
1742 2010 1813 2067 ob
1841 2028 1973 2081 gen-

388 2081 545 2137 tilem
582 2084 743 2141 istam
776 2087 1111 2159 impietatem
1153 2093 1431 2151 interfecti
1456 2096 1698 2164 fuerant,
1736 2117 1971 2173 corpora

392 2175 562 2231 certis
590 2176 643 2231 in
672 2178 807 2234 locis
830 2182 1178 2254 sepelieutes,
1209 2176 1319 2242 illic
1345 2190 1565 2245 easdem
1600 2192 1725 2248 illas
1788 2194 1975 2250 laudes

2083 1920 2177 1972 καὶ
2205 1918 2476 1988 θάψαντες
2498 1919 2555 1972 ἕν
2590 1937 2700 1972 τισι
2731 1921 2937 1984 τόποις,
2975 1922 3091 1974 ἐκεῖ
3126 1921 3291 1975 πάλιν
3322 1921 3395 1975 τά
3431 1920 3574 1974 αὐτά
3595 1921 3667 1975 £5-

2082 2014 2240 2084 φημά
2274 2032 2335 2066 τε
2370 2013 2698 2080 ἐπιτελοῦσι,
2736 2015 2830 2068 καὶ
2859 2014 3284 2086 Μαρτυριανοὶις
3326 2016 3566 2079 ἑαυτοὺς
3588 2016 3670 2067 ἑπ-

2081 2105 2389 2177 ωνόμασαν,
2424 2105 2583 2177 δῆθεν
2622 2106 2711 2160 διὰ
2742 2108 2870 2171 τοὺς
2913 2106 3055 2179 ὑπὲρ
3103 2105 3215 2159 τῶν
3250 2105 3500 2160 εἰδώλων
3536 2124 3665 2179 μαρο

2080 2198 2446 2268 τυρήσαντας.

390 2270 731 2342 hymnosque
788 2273 1084 2333 decantant
1117 2288 1171 2334 et
1214 2280 1577 2354 Blartyrianos
1651 2289 1916 2358 appellari
1987 2306 2046 2345 se
2088 2291 2300 2355 volunt,
2345 2300 2570 2363 propter
2625 2291 2749 2346 illos
2785 2291 3076 2357 videlicet,
3112 2292 3209 2363 qui
3270 2292 3346 2348 ob
3407 2290 3667 2348 idolorum

388 2364 596 2417 cultum
631 2368 954 2438 martyrium
988 2368 1253 2426 fecerant.

463 2452 680 2527 1069
728 2455 816 2512 ΙΙΙ.
867 2458 972 2515 Sed
1007 2476 1196 2518 eorum
1243 2481 1436 2523 rursus
1478 2470 1569 2525 alii
1606 2472 1772 2528 altius
1807 2472 1971 2543 quid-

387 2542 511 2597 dam
570 2561 670 2616 pro
715 2548 962 2605 stultitia:
1005 2568 1119 2608 sum
1161 2564 1324 2626 captu
1360 2562 1737 2632 concipientes
1766 2542 1972 2627 animo,

388 2650 453 2689 ac
494 2637 630 2692 nihil
663 2649 861 2710 praeter
904 2652 1142 2701 mentem
1194 2664 1351 2705 suam
1396 2652 1452 2706 in
1482 2654 1772 2711 consilium
1820 2657 1974 2713 adhi-

389 2729 602 2797 bentes,
635 2732 854 2803 jactare
885 2735 1030 2793 istud
1060 2740 1181 2796 ausi
1223 2751 1381 2798 sunt:
1408 2742 1664 2813 Satanas,
1693 2748 1971 2819 inquiunt,

386 2834 619 2893 magnus
659 2827 882 2895 quidam
914 2837 1020 2896 est,
1043 2846 1107 2887 ac
1145 2831 1308 2905 longe
1358 2837 1717 2905 fortissimus,
1755 2850 1810 2897 et
1831 2844 1973 2898 mala

385 2929 549 2983 quam
570 2917 808 2987 plurima
832 2921 1147 2981 hominibus
1181 2926 1397 2999 infligit.
1426 2930 1539 2985 Cur
1565 2933 1731 3003 igitur
1761 2950 1872 2991 non
1905 2937 1971 2990 ad

384 3005 535 3062 hunc
573 3011 760 3080 potius
784 3013 1163 3085 confugimus,
1215 3028 1269 3074 et
1298 3036 1422 3077 eum
1455 3024 1772 3090 adoramus,
1806 3035 1989 3098 atque

385 3098 595 3157 honore
635 3103 1137 3178 praedicationeque
1177 3126 1523 3179 veneramur,
1571 3125 1629 3170 ut
1666 3119 1970 3175 adulatorio

2149 2470 2222 2524 I".
2254 2467 2435 2525 Ἀλλοι
2481 2472 2537 2524 δὲ
2590 2469 2752 2523 πάλιν
2798 2472 2863 2525 ἐκ
2902 2470 3106 2526 τούτων
3150 2470 3231 2525 ἔτι
3279 2470 3588 2543 eaeisqu
3622 2490 3669 2525 τι

2075 2562 2467 2635 διανοούμενοι.
2501 2562 2577 2626 ὡς
2628 2562 2770 2617 κατά
2814 2564 2914 2632 τὴν
2964 2561 3143 2619 αὐτῶν
3201 2562 3489 2635 εὐήθειαν,
3544 2581 3671 2633 cup.-

2077 2657 2256 2729 δούλῳ
2290 2660 2360 2730 τῇ
2407 2657 2618 2729 διανοίᾳ
2660 2655 2958 2731 χρώμενοι,
3009 2652 3191 2712 εἷπον
3249 2674 3269 2709 ι
3318 2658 3381 2711 '0
3431 2658 3670 2718 Σατανᾶς

2081 2749 2255 2820 μέγας
2277 2749 2416 2812 ἐστὶ,
2438 2749 2533 2802 καὶ
2559 2747 2923 2819 ἰσχυρότερος.
2948 2748 3043 2802 καὶ
3067 2746 3240 2801 πολλά
3262 2746 3512 2800 ἐπιτελεῖ
3535 2748 3671 2801 κακὰ

2079 2845 2191 2906 τοῖς
2217 2840 2548 2913 ἀνθρώποις.
2584 2840 2683 2894 Διά
2710 2839 2763 2893 τί
2788 2840 2850 2892 οὐ
2885 2839 3087 2909 μᾶλλον
3116 2839 3254 2910 πρὸς
3282 2837 3481 2891 τοῦτον
3512 2854 3669 2891 καταε

2082 2932 2375 3003 φεύγομεν,
2424 2932 2518 2985 καὶ
2549 2930 2697 3002 αὐτῷ
2736 2929 3176 3001 προσκυνοῦμεν,
3216 2930 3384 2984 αὐτόν
3415 2947 3477 2983 τε
3507 2929 3669 2999 τιμῶ-

2082 3041 2206 3097 μεν,
2239 3024 2335 3079 καὶ
2366 3023 2528 3078 αὑτὸν
2565 3020 2942 3094 εὐφημοῦμεν,
2974 3022 3062 3077 ἵνα
3098 3022 3187 3076 διὰ
3218 3022 3318 3092 τῆς
3352 3020 3668 3075 κολακευτεο

2079 3118 2183 3189 κῆς
2223 3116 2517 3188 θεραπείας
2563 3116 2638 3188 μὴ
2686 3116 2959 3189 ὲνεργήσῃ
2994 3116 3127 3187 ἡμῖν
3158 3113 3229 3168 τὰ
3272 3116 3515 3187 πονηρὰ,
3560 3114 3668 3168 ἀλλ’

386 3191 482 3246 illo
504 3192 656 3248 cultu
692 3197 1023 3256 conciliatus
1056 3217 1255 3258 nocere
1279 3204 1521 3271 desinat,
1580 3209 1690 3267 imo
1716 3226 1844 3267 vero
1875 3228 1971 3268 no-

2179 3208 2383 3263 δούλων
2422 3208 2584 3263 αὐτοῦ
2631 3208 2790 3280 ἡμῶν
2829 3206 3154 3277 γεγονότων,
3190 3206 3347 3276 φασὶ,
3384 3207 3629 3277 φείδεται
3652 3208 3667 3238 ¹

386 3291 600 3351 strum,
658 3284 948 3357 inquiunt,
995 3295 1151 3362 quasi
1207 3312 1491 3353 servorum
1517 3316 1765 3369 suorum,
1804 3304 1973 3359 ratio-

383 3390 510 3432 nem
562 3374 759 3433 habeat
834 3388 887 3435 et
940 3381 1230 3454 ignoscat?
1295 3386 1441 3457 Ergo
1500 3388 1578 3443 illi
1643 3388 1972 3447 Satanianos

383 3467 716 3540 semetipsos
747 3474 1042 3543 appellant.
1077 3476 1321 3544 Quorum
1365 3480 1600 3539 haeresin
1651 3498 1773 3537 cum
1807 3500 1971 3554 supe—

384 3561 625 3617 rioribus
662 3563 801 3637 illis,
854 3566 922 3623 de
974 3569 1177 3639 quibus
1215 3570 1475 3643 deinceps
1525 3575 1703 3629 acturi
1755 3592 1970 3640 sumus,

384 3642 824 3726 coniungendam
864 3660 1197 3729 putavimus.
1234 3663 1504 3729 Quoniam
1531 3667 1751 3738 utrique
1774 3683 1803 3721 a
1831 3670 1976 3723 veri-

383 3749 495 3796 tate
522 3742 898 3802 desciscentes
930 3748 1073 3803 idem
1107 3749 1255 3809 foras
1286 3754 1593 3824 prodeundi
1640 3765 1695 3812 et
1747 3760 1850 3813 sub
1880 3759 1971 3813 dio

386 3833 647 3900 precandi
698 3850 762 3891 ac
807 3839 1041 3894 canendi
1089 3840 1406 3898 institutum
1450 3852 1657 3902 tenent.
1702 3848 1967 3903 Caeterum

386 3920 501 3975 ham
559 3922 742 3977 omnia
793 3924 1014 3983 ludibrii
1055 3936 1113 3983 et
1171 3930 1496 4001 ineptiarum
1542 3935 1722 4004 plena,
1782 3936 1967 3993 damni

384 4009 520 4064 nihil
548 4010 843 4067 admodum
878 4015 1175 4083 habebant,
1209 4036 1387 4091 neque
1411 4037 1440 4076 a
1472 4025 1702 4079 veritate
1732 4034 1968 4081 mentem

384 4101 659 4158 abducere
680 4112 936 4175 poterant
974 4126 987 4163 :
1029 4124 1139 4164 non
1171 4110 1318 4166 enim
1354 4112 1674 4179 Christiani,
1707 4117 1802 4172 sed
1835 4118 1968 4173 meri

382 4195 635 4265 gentiles,
687 4197 1049 4255 habebantur.
1073 4200 1141 4256 At
1172 4204 1266 4273 qui
1307 4204 1468 4261 hodie
1515 4205 1829 4263 Massaliani
1871 4226 1965 4263 vo-

382 4296 614 4351 cantur,
648 4288 841 4345 iisdem
892 4291 1139 4348 moribus
1184 4307 1248 4349 ac
1278 4294 1479 4352 ritibus
1512 4296 1713 4355 addicti
1738 4339 1751 4359 .
1791 4315 1969 4373 neque

381 4376 623 4441 initium,
683 4395 861 4451 neque
895 4380 1082 4448 tinem,
1130 4398 1308 4455 neque
1345 4393 1532 4456 caput,
1581 4396 1676 4441 aut
1727 4389 1966 4445 radicem

382 4467 584 4522 habent
612 4468 809 4536 ullam;
862 4471 958 4527 sed
1015 4472 1135 4529 sine
1170 4473 1525 4532 fundamento
1591 4492 1653 4531 ac
1692 4478 1967 4550 principio

2078 3300 2274 3371 ὴμῶνς
2334 3300 2446 3355 Καὶ
2502 3298 2648 3353 οὕτω
2697 3298 2794 3353 καὶ
2838 3294 2984 3354 οὗτοι
3021 3298 3393 3362 Σατανιανοὺς
3448 3297 3668 3361 ἑαυτοὺς

2074 3391 2458 3462 ἐπωνόμασαν.
2499 3389 2668 3461 Ὁμοῦ
2696 3389 2756 3445 δὲ
2784 3388 2991 3444 τούτων
3017 3391 3118 3461 τὴν
3148 3388 3365 3462 αἵρεσιν
3402 3389 3465 3443 ἐν
3496 3388 3662 3457 τούτῳ

2076 3479 2455 3552 συνεθήκαμεν
2482 3481 2577 3533 καὶ
2603 3482 2732 3544 τοὺς
2761 3480 3221 3552 προειρημένους,
3256 3480 3556 3552 μέλλοντας
3582 3481 3662 3549 ὑφ’

2074 3568 2232 3641 ἡμῶν
2260 3572 2377 3625 νυνὶ
2403 3569 2681 3640 λέγεσθαι.
2719 3571 2937 3641 Ἐπειδὴ
2973 3571 3082 3642 γὰρ
3110 3572 3181 3625 τὰ
3205 3571 3296 3625 ἴσα
3323 3574 3383 3625 ὲν
3418 3571 3663 3642 ὑπαίθρῳ

2073 3661 2414 3733 ἐξαγόμενοι,
2446 3662 2551 3729 ἔξω
2595 3662 2891 3734 βεϐηκότες
2920 3663 3021 3732 τῆς
3052 3662 3339 3736 ἀληθείας,
3370 3666 3463 3717 ἐπὶ
3497 3665 3557 3718 τὸ
3580 3663 3660 3717 εὖ·

2071 3754 2285 3824 χεσθαι,
2340 3756 2435 3810 καὶ
2484 3756 2675 3827 ὑμνεῖν
2724 3755 3119 3831 ὲσχολάκασιν’
3162 3756 3300 3811 ἀλλά
3338 3758 3521 3811 πάντα
3571 3757 3659 3828 μὲν

2072 3843 2243 3907 ταῦτα
2271 3844 2642 3916 περιγέλαστα
2678 3844 2808 3899 ὅντα
2842 3845 3053 3916 ἀϐλαϐῆ
3086 3845 3373 3917 ἐτύγχανε,
3409 3848 3487 3918 μὴ
3512 3847 3659 3903 δυνά-

2077 3952 2213 4006 μενα
2254 3938 2638 4008 παρεκκλίνειν
2680 3937 2770 3991 τὸν
2815 3936 2941 3991 νοῦν
2987 3939 3098 3992 ἀπὸ
3130 3940 3231 4012 τῆς
3271 3940 3567 4010 ἀληθείας
3603 3941 3657 3993 οὗ

2074 4026 2180 4100 γὰρ
2201 4031 2281 4092 είς
2303 4029 2473 4099 ὄνομα
2500 4029 2738 4102 Χριστοῦ
2764 4031 3013 4099 ἐλέγοντο
3046 4027 3207 4095 εἶναι,
3237 4031 3378 4088 ἀλλά
3404 4034 3657 4104 Ἕλληνες

2071 4118 2135 4173 τὸ
2166 4104 2308 4174 πᾶνο
2341 4121 2436 4175 νῦν
2469 4122 2524 4175 δὲ
2574 4122 2671 4176 ἀπ’
2709 4123 2937 4177 ἐκείνων
2980 4123 3088 4177 τῶν
3125 4123 3347 4195 τρόπων
3392 4120 3541 4183 οὗτοι
3570 4125 3657 4179 νῦν

2072 4211 2397 4283 καλούμενοι
2439 4213 2836 4276 Μασσαλιανοὶ,
2874 4207 2953 4267 ὧν
2981 4213 3107 4268 οὔτε
3145 4216 3310 4288 ἀρχὴ,
3336 4216 3467 4271 οὗτε
3492 4219 3654 4281 τέλος,

2071 4302 2193 4357 οὔτε
2221 4305 2456 4375 κεφαλὴ,
2491 4305 2616 4359 οὕτε
2665 4307 2821 4387 ῥίζω
2852 4307 2988 4369 ἀλλὰ
3021 4306 3090 4362 τὰ
3120 4308 3298 4362 πάντα
3330 4311 3471 4364 εἰσὶν
3501 4314 3655 4382 datr,-

2075 4414 2269 4468 ρικτοι,
2300 4398 2394 4451 καὶ
2421 4398 2773 4469 ἄναρχοι,καὶ
2800 4400 3163 4472 ἠπατημένοι,
3191 4401 3267 4473 μὴ
3288 4401 3509 4473 ἔχοντες
3531 4404 3657 4465 ὅλως

2071 4488 2378 4561 στηριγμὺν
2420 4489 2772 4564 όνόματος,ἦ
2819 4490 3044 4562 θεσμοῦ,
3090 4491 3123 4562 ἢ
3167 4491 3395 4558 θέσεως,
3430 4494 3465 4562 ἢ
3508 4512 3657 4564 νομο·

381 4572 611 4627 prorsus
654 4558 916 4615 inconditi
937 4571 1087 4627 sunt,
1120 4570 1173 4618 et
1194 4565 1518 4635 gravissimo
1547 4567 1600 4622 in
1627 4584 1813 4625 errore
1839 4586 1963 4625 ver-

2149 4579 2277 4643 ςίας.
2325 4579 2554 4633 Δοκοῦσι
2600 4581 2781 4634 τοίνυν
2828 4574 2977 4635 οὗτοι
3024 4584 3316 4638 ὲπιτοαυτὸ
3362 4585 3558 4658 ἄνδρες
3602 4604 3652 4639 τε

381 4657 623 4709 santur:
667 4657 862 4722 utpote
907 4653 1001 4723 qui
1035 4654 1189 4710 nullo
1229 4672 1408 4728 neque
1450 4659 1727 4725 nominis,
1785 4676 1964 4732 neque

382 4740 709 4809 sanctionis,
774 4758 953 4814 neque
1007 4745 1283 4817 regionis,
1332 4764 1511 4821 neque
1556 4751 1734 4824 legum
1780 4751 1964 4808 ﬁrma-

379 4839 565 4905 mento
603 4832 974 4891 continentur.
1008 4832 1090 4889 illi
1115 4835 1281 4908 igitur
1313 4838 1369 4894 in
1416 4856 1585 4896 unum
1625 4843 1799 4897 coacti
1850 4851 1961 4898 tam

376 4923 674 4994 viri,quam
698 4926 978 4991 mulieres,
995 4928 1218 4987 credere
1243 4930 1297 4986 in
1314 4931 1595 4988 Christum
1615 4935 1889 5003 videntur,
1906 4952 1970 4992 ac

381 5031 441 5071 se
464 5016 669 5072 mundo
716 5020 1138 5077 renuntiasseet
1166 5039 1268 5079 sua
1297 5024 1481 5079 omnia
1498 5025 1813 5083 deseruisse
1838 5044 1967 5099 pros

380 5113 622 5160 ﬁtentur.
650 5104 788 5161 Tum
825 5124 953 5164 vero
986 5112 1301 5179 promiscue
1334 5129 1500 5170 sexus
1529 5116 1813 5188 utriusque
1842 5118 1969 5174 dor-

380 5197 614 5255 mientes
645 5215 838 5256 omnes
870 5200 924 5256 in
957 5204 1380 5272 spatiosissimis
1410 5208 1547 5262 vicis
1589 5226 1685 5278 per
1718 5218 1967 5275 aestatem

334 5312 339 5365 2!
375 5287 592 5360 jaceat;
618 5290 763 5361 quod
786 5306 845 5348 se
867 5293 1165 5364 quidquam
1191 5297 1246 5353 iu
1274 5304 1419 5353 terra
1445 5299 1727 5368 possidere
1750 5317 1965 5374 negent.

340 5406 347 5463 γ
383 5377 559 5441 soluti
608 5400 771 5455 porro
824 5396 888 5443 ac
926 5391 1045 5458 vagi
1087 5398 1239 5455 sunt,
1292 5399 1346 5445 et
1406 5407 1602 5449 manus
1650 5394 1715 5448 ad
1769 5397 1966 5466 stipem

340 5486 343 5495 λ
380 5473 688 5545 porrigunt,
723 5478 947 5549 perinde
979 5495 1041 5536 ac
1069 5482 1213 5535 victu
1239 5486 1291 5537 et
1320 5484 1668 5553 possessione
1696 5498 1962 5546 carentes.

381 5561 489 5618 Sed
522 5579 709 5620 eorum
740 5584 1022 5627 sermones
1053 5574 1410 5630 stoliditatem
1437 5592 1655 5632 omnem
1679 5590 1961 5649 superant.

449 5720 467 5752 ⁸
500 5718 559 5775 F.
589 5724 855 5791 φεξδηται.

2074 4671 2167 4724 καὶ
2206 4674 2462 4740 γυναῖκες
2492 4673 2652 4746 δῆθεν
2695 4675 2776 4740 είς
2810 4676 3045 4747 Χριστὸν
3078 4680 3527 4745 πεπιστευκέναι,
3568 4681 3652 4732 λέο

2072 4781 2280 4832 γοντες,
2320 4762 2397 4829 ὡς
2438 4764 2841 4838 ἁποταξάμενοι
2877 4767 2955 4839 τῷ
2987 4769 3198 4841 κόσμῳ,
3232 4771 3327 4825 καὶ
3358 4771 3469 4825 τῶν
3519 4772 3653 4825 ἰδίων

2069 4855 2556 4928 ἀνακεχωρηκότες
2577 4876 2590 4890 ·
2613 4859 2749 4929 ὁμοῦ
2766 4861 2821 4915 δὲ
2841 4861 3044 4935 ἀναμὶξ
3068 4863 3261 4935 ἄνδρες
3286 4864 3406 4935 ἅμα
3420 4864 3649 4933 γυναιέ.

2070 4947 2163 5001 καὶ
2188 4952 2446 5017 γυναῖκες
2470 4950 2587 5023 ἅμα
2600 4953 2859 5026 ἀνδράσιν
2880 4955 3169 5023 επιτοαυτὺ
3197 4955 3573 5023 καθεύδοντες,
3599 4961 3649 5011 ἐς

2069 5038 2272 5109 ῥύμαις
2312 5040 2411 5111 μὲν
2454 5042 2762 5109 πλατείαις,
2790 5046 3026 5117 ὁπηνίκα
3055 5047 3248 5119 θέρους
3277 5048 3398 5119 ὥρα
3423 5050 3531 5119 εἴη,
3568 5049 3649 5103 διὰ

2067 5127 2127 5180 τὸ
2156 5126 2230 5199 μὴ
2260 5128 2429 5199 ἔχειν,
2464 5133 2620 5203 φησὶ,
2652 5136 2838 5205 κτῆμα
2867 5138 2960 5190 ἐπὶ
2985 5137 3085 5207 τῆς
3108 5138 3236 5208 γῆς.
3277 5140 3573 5192 lubitum:
3594 5139 3645 5191 δέ

2068 5220 2193 5284 εἱσι,
2228 5222 2321 5276 καὶ
2353 5223 2657 5279 ὲκτείνουσι
2684 5230 2874 5301 χεῖρας
2902 5234 3175 5299 μεταιτεῖν
3205 5231 3283 5294 ὡς
3314 5232 3538 5289 ἀϐίωτοι
3564 5237 3646 5285 καὶ

2069 5311 2207 5384 ἀκτή
2218 5330 2397 5382 μονες.
2423 5315 2487 5367 Oi
2508 5315 2562 5368 δὲ
2584 5316 2731 5386 λόγοι
2755 5319 2935 5372 αὐτῶν
2962 5320 3215 5389 ἀφρόνων
3240 5323 3527 5382 ἐπέκεινα,
3558 5324 3645 5376 ’ον

2066 5404 2110 5457 δ’
2142 5403 2206 5458 ἄν
2233 5424 2355 5460 τινα
2383 5408 2738 5483 ὲπερωτήσῃς
2766 5410 2825 5475 ἐξ
2858 5411 3037 5464 αὐτῶν
3073 5409 3421 5483 ὁρμώμενον,
3452 5413 3643 5465 ἐκεῖνον

2066 5495 2254 5550 ἑαυτὸν
2283 5500 2502 5568 φάσκει,
2538 5499 2648 5557 οἷον
2680 5503 2724 5557 δ’
2756 5504 2821 5558 ἂν
2859 5503 3081 5566 ἐθέλοις.
3124 5504 3284 5557 Ἤτοι
3310 5504 3423 5576 γὰρ
3448 5506 3641 5575 προφήο

2066 5605 2161 5658 την
2228 5589 2421 5654 εἴποις,
2493 5592 2757 5661 λέξουσιν,
2830 5594 2909 5646 ὅτι
2969 5593 3267 5663 Προφήτης
3327 5594 3479 5663 εἰμί’
3536 5592 3639 5663 ﬂeet
