3790 6212
57 330 172 388 τοι

53 445 310 518 Χριστὸν
371 447 438 502 ἀν
478 447 772 528 ὀνομάσῃς.

53 537 192 608 ἦτοι
227 541 593 616 πατριάρχην,
622 544 686 600 τὸ
714 547 850 602 αὐτὸ
873 552 1067 608 ἑαυτὸν
1100 555 1360 627 ὀνομάζει
1389 537 1624 627 ἀναιδῶς
1647 582 1660 596 ·

57 627 197 727 ἦτοι
237 632 494 727 ἀγγελον,
527 636 624 692 καὶ
667 638 861 696 ἑαυτὸν
893 642 1060 714 λέγει.
1103 648 1214 702 Καὶ
1265 650 1451 716 ἁπλῶς
1491 652 1539 708 ὣ
1563 655 1665 727 τῆς

51 719 176 812 τῶν
223 721 530 794 ἀνθρώπων
579 733 1089 808 ματαιοφροσύνηςι
1125 737 1402 812 Νηστείαν
1446 743 1504 798 δὲ
1553 719 1662 800 οὐδ’

51 809 210 907 ὅλως
237 814 479 872 σῐδασιν·
505 819 644 880 ἀλλὰ
669 821 830 896 δῆθεν
859 829 942 892 είς
969 829 1070 900 τὴν
1091 809 1258 904 ερχῆν
1279 835 1660 907 ὲσχολακότες,

49 905 158 1001 παὶ
185 907 300 1001 ἀπὸ
322 908 472 984 ὥρας
507 912 788 988 δευτέρας,
823 919 856 992 ἢ
891 922 1164 998 τρίτης,ἢ
1203 927 1302 982 καὶ
1337 929 1440 1001 τὴν
1468 905 1660 1000 νύκτα,

49 996 158 1086 tibi
211 999 460 1070 φθάσωσι
507 1009 762 1064 πεινᾶσαι
781 1049 798 1077 ,
847 1013 1028 1070 πάντα
1078 996 1254 1082 ἀδεῶς
1273 1017 1278 1022 ’
1297 996 1660 1092 ἐργάζονται,

47 1091 342 1189 ἐσθίοντες
397 1101 492 1154 καὶ
528 1102 798 1170 πίνοντες.
830 1108 968 1180 Περὶ
1007 1110 1066 1164 δὲ
1107 1113 1466 1187 αίσχρότητος
1497 1116 1531 1189 ἢ
1567 1118 1662 1172 λαο

47 1187 254 1280 γνείας
279 1193 342 1246 οὐ
369 1193 514 1250 πάνυ
548 1214 599 1252 τι
627 1199 864 1272 δύναμαι
889 1205 1116 1260 εἰδέναι.
1149 1207 1297 1280 Πλὴν
1326 1210 1448 1265 οὐδὲ
1467 1187 1658 1268 τούτου

46 1279 202 1372 εἰσιν
227 1283 570 1354 ἀποδέοντες,
603 1291 840 1362 μάλιστα
865 1298 1158 1352 ὲπιτοαυτὺ
1183 1279 1338 1372 κοινῇ
1371 1303 1434 1358 τὸ
1469 1306 1654 1362 κοιτά-

47 1371 174 1436 ζειν
219 1376 520 1450 ἐσχηκότες
561 1383 680 1455 ἅμα
707 1389 925 1456 γυναιξὶ
961 1391 1058 1444 καὶ
1095 1371 1374 1464 ἀνδράσιν.
1409 1390 1568 1452 Οὗτοι
1595 1397 1654 1452 δὲ

47 1469 148 1562 ttat
177 1469 242 1562 εν
290 1470 590 1548 ’Δντιοχείᾳ
617 1479 755 1534 είσὶν
777 1481 886 1536 ἀπὸ
912 1484 1014 1554 τῆς
1035 1485 1228 1557 Μέσης
1257 1485 1367 1541 τῶν
1390 1491 1656 1562 ποταμῶν

43 1558 396 1634 ὁρμώμενοι.

737 338 1108 400 ADVERSUS
1145 345 1488 406 IIERESES
1527 351 1656 408 LIB.
1697 354 1786 411 Ill.
1825 353 1988 414 TOM.
2027 356 2090 414 11.
2129 389 2198 400 —

1271 347 1488 406 RESES
1527 351 1656 408 LIB.
1697 354 1786 411 ill.
1825 353 1988 414 TOM.
2027 356 2090 414 11.
2129 389 2198 400 —
2239 358 2512 416 11ιΕΙῖΕ5.
2553 361 2761 418 LXXX.

3255 365 3362 423 τις

829 458 1050 553 etiam,
1099 463 1180 516 ὅτι
1233 466 1470 537 Χριστός
1521 471 1670 543 ειμι·
1700 478 1749 536 Α
1777 474 2173 548 Quemcunque
2200 477 2326 534 enin

1859 491 2173 548 temcunque
2200 477 2348 534 enim
2375 491 2444 534 ex
2475 477 2586 536 illis
2623 479 3070 553 interrogaveris,
3107 485 3266 540 talem
3299 502 3356 543 se

1763 567 1981 638 qualem
2027 570 2292 636 volueris,
2319 589 2322 591 ν
2351 585 2480 626 esse
2535 570 2816 628 fatebitur.
2874 573 3002 630 Sive
3029 577 3354 648 prephetam

1762 659 1991 728 dixeris,
2031 663 2330 733 prophetas
2375 677 2438 720 se
2481 678 2607 720 esse
2641 664 2864 734 dicent;
2921 667 3040 724 sive
3074 668 3354 748 Christum

1763 754 2038 819 nomines,
2081 755 2364 814 Christum
2411 773 2472 815 se
2515 773 2642 815 esse
2669 759 2904 830 quilibet
2957 764 3350 833 respondebit;

1761 844 1879 901 sive
1901 847 2296 916 patriarcham,
2331 849 2438 906 hoc
2469 851 2652 923 ipsum
2693 851 2800 909 sibi
2831 867 3032 910 nomen
3063 854 3351 925 impuden-

1761 945 1846 992 ter
1883 930 2186 1008 attribuet;
2223 940 2340 998 sive
2370 943 2628 1015 angelum
2658 943 2919 1016 denique,
2953 945 3118 1002 talem
3147 961 3208 1003 se
3241 964 3350 1004 non

1759 1028 2032 1086 dubitabit
2069 1047 2342 1090 asserere.
2381 1031 2429 1091 0
2472 1035 2810 1108 singularem
2851 1038 3134 1095 hominum
3164 1055 3355 1096 vecor-

1757 1121 1941 1178 diam!
1981 1122 2140 1190 Quod
2197 1129 2266 1182 ad
2306 1126 2581 1198 jejunium
2616 1143 2748 1186 vero
2781 1138 3014 1200 spectat,
3077 1133 3180 1188 hoc
3207 1133 3350 1204 apud

1757 1210 1882 1266 illos
1919 1213 2134 1270 nullum
2179 1222 2267 1271 est
2301 1215 2551 1274 omnino.
2587 1215 2792 1274 Verum
2845 1220 2949 1276 toti
2993 1219 3253 1277 videlicet
3293 1225 3350 1278 in

1754 1305 2033 1362 orationes
2055 1305 2272 1374 intenti,
2296 1323 2329 1364 a
2359 1309 2602 1366 secunda
2629 1312 2860 1368 tertiave
2890 1313 3045 1379 hora,
3071 1315 3157 1370 vel
3181 1316 3348 1371 etiam

1757 1403 1950 1463 noctu,
1989 1399 2038 1454 si
2073 1400 2344 1466 esuriant,
2388 1401 2605 1474 1070
2639 1401 2780 1458 nihil
2817 1419 2927 1460 non
2956 1419 3058 1476 pro
3088 1421 3186 1461 sua
3223 1407 3352 1462 libi-

1756 1490 1888 1546 dine
1933 1489 2163 1559 faciunt,
2219 1506 2286 1548 ac
2318 1493 2444 1550 cibo
2488 1501 2734 1566 potaque
2781 1511 2842 1552 se
2879 1497 3238 1570 ingurgitant.
3275 1496 3350 1554 De

1755 1582 1976 1640 illorum
2001 1585 2349 1656 turpitudine
2378 1601 2444 1643 ac
2474 1587 2696 1659 ﬂagitiis
2729 1588 2867 1644 nihil
2897 1597 3050 1646 certo
3080 1593 3344 1661 comperi.

45 1655 160 1756 Sed
203 1659 280 1714 ab
323 1661 394 1718 iis
444 1679 791 1738 nequaquam
831 1671 1136 1732 abhorrere
1159 1677 1246 1731 vel
1283 1691 1476 1734 eorum
1524 1681 1869 1739 consuetudo
1898 1683 2215 1754 persuadet,
2269 1699 2380 1756 qua
2431 1687 2746 1756 promiscue
2803 1686 2910 1741 viri
2969 1702 3094 1742 cum
3151 1687 3346 1744 mulie-

45 1753 212 1812 ribus
255 1758 482 1814 cubant.
534 1759 804 1820 Caaterum
865 1769 1174 1826 Antiochia:
1226 1789 1450 1846 quoque
1502 1775 1663 1832 sedes
1697 1753 1924 1844 habent,
1961 1793 2074 1850 quo
2102 1793 2133 1834 e
2166 1753 2562 1849 Mesopotamia
2592 1794 2714 1836 sese
2735 1780 3107 1836 contulerunt.

118 1851 199 1904 A'.
233 1849 439 1948 ’ΪΕσχον
468 1853 524 1908 δὲ
557 1856 616 1910 τὸ
641 1856 914 1931 βλαϐερὸν
939 1861 1100 1918 τοῦτο
1129 1866 1385 1939 φρόνημα
1423 1868 1532 1925 ἀπὸ
1555 1871 1615 1942 τῆ

1955 1872 2072 1929 11οο
2103 1889 2234 1930 vero
2281 1873 2443 1944 longe
2485 1873 3016 1945 perniciosissimum
3047 1875 3244 1948 dogma
3273 1892 3344 1932 ex
3417 1905 3423 1910 -

45 1938 330 2034 ἀμετρίας
377 1945 476 2016 τῆς
519 1965 681 2004 τινων
731 1951 978 2024 ἀδελφῶν
1023 1938 1302 2026 ἀφελείας.
1339 1961 1498 2028 Τινὲς
1539 1938 1650 2034 γὰρ

46 2031 158 2086 τῶν
188 2035 484 2126 ῆμετέρων
511 2040 758 2112 ἀδελφῶν
785 2045 881 2099 καὶ
911 2047 1228 2119 ὀρθοδόξων,
1259 2053 1335 2126 μὴ
1359 2031 1653 2122 γινώσδιον-

47 2139 140 2188 τες
169 2124 240 2179 τὸ
276 2129 476 2201 μέτρον
515 2133 616 2205 τῆς
653 2135 713 2188 ὲν
741 2137 966 2210 Χριστῷ
1014 2142 1310 2210 πολιτείας,
1325 2124 1401 2200 ⁷τὸ
1429 2147 1650 2202 κελεῦον

49 2215 466 2308 ἐποτᾶσσεσθαι
483 2221 564 2292 τῷ
593 2224 806 2298 κόσμῳ,
829 2228 1128 2300 κτημάτων
1145 2249 1206 2286 τε
1237 2233 1382 2288 ίδίων
1408 2237 1500 2290 καὶ
1521 2253 1654 2308 χρη-

281 2307 696 2383 ἀποξενοῦσθαι,
725 2319 926 2374 πωλεῖν
949 2339 1010 2375 τε
1039 2325 1110 2378 τά
1138 2323 1272 2392 ἴδια,
1300 2328 1394 2382 καὶ
1429 2305 1650 2400 μεταδι-

45 2397 198 2490 δόναι
239 2407 500 2475 πτωχοῖς,
541 2406 842 2480 λαμϐάνειν
869 2412 928 2467 δὲ
966 2417 1058 2470 τὸν
1095 2418 1350 2490 σταυρὸν,
1398 2397 1492 2476 καὶ
1521 2424 1649 2478 ἀκο-

47 2489 268 2549 λουθεῖν
289 2496 348 2552 ὲν
373 2497 622 2573 ἀληθεία,
655 2502 730 2576 μὴ
757 2504 947 2576 ἀργὸν,
989 2508 1126 2580 μήτε
1157 2489 1355 2582 ἀεργὸν
1376 2515 1468 2568 καὶ⁸
1493 2515 1650 2569 ἀκαι-

49 2585 318 2677 ροφάγον,
371 2592 508 2664 μηδὲ
536 2594 554 2626 ί
582 2594 660 2665 τῷ
692 2598 898 2670 κηφῆνι
933 2599 1046 2656 τῶν
1089 2602 1384 2673 μελισσῶν,
1421 2607 1648 2677 ἐργάζε-

50 2676 174 2731 σθαι
208 2679 274 2736 δὲ
299 2684 421 2748 ταῖς
455 2685 616 2751 ίδίαις
663 2689 852 2761 χερσίν
877 2706 892 2723 ·
923 2691 1114 2767 ὥσπερ
1139 2697 1234 2750 καὶ
1265 2699 1294 2751 ὁ
1328 2676 1484 2768 ἅγιος
1510 2701 1649 2754 ἀπό-

49 2771 242 2866 στολος
291 2775 506 2842 Παῦλος
551 2779 967 2866 ἀποταξάμενος
1011 2787 1092 2860 τῷ
1127 2791 1338 2861 κόσμῳ,
1368 2793 1542 2866 κήρυξ
1590 2795 1649 2849 δὲ

47 2863 120 2918 ὢν
149 2865 559 2958 τῆς-ἀληθείας,
589 2865 652 2925 οὗ
681 2875 739 2927 αξ
765 2879 946 2948 χεῖρες
972 2880 1035 2933 οὐ
1072 2881 1234 2951 μόνον
1266 2863 1454 2956 έαυτῷή
1473 2887 1649 2958 ἐπήρ·

48 2973 196 3022 tow,
225 2957 370 3014 ἀλλά
397 2961 492 3015 καὶ
517 2963 632 3028 τοῖς
657 2965 907 3022 συνοῦσιν
930 2969 1080 3042 αὑτῷ
1099 2989 1114 3004 ·
1146 2973 1248 3028 οὐκ
1271 2969 1392 3028 οὖσι
1421 2975 1478 3028 δὲ
1506 2957 1648 3031 ἑκεί-

47 3067 160 3115 νοις
203 3051 424 3124 ἀργοῖς,
460 3055 576 3110 ἀλλ’
605 3057 724 3129 ἅμα
754 3061 1136 3136 συμπαροῦσιν
1175 3066 1324 3140 αὐτῷ
1364 3069 1422 3122 ἐν
1451 3071 1516 3142 τῇ
1551 3071 1644 3142 ἐρ-

51 3142 234 3215 γασίᾳ·
261 3145 322 3210 ὃς
337 3163 438 3201 που
463 3151 732 3221 καυχᾶται
747 3151 944 3222 ὶέγων,
963 3154 1204 3212 διδάσκει
1225 3157 1282 3212 δὲ
1305 3159 1640 3230 σαφέστατα·

1755 1965 1926 2021 nimia
1958 1963 2324 2036 quorumdam
2359 1965 2591 2020 fratrum
2627 1966 2899 2038 imperitia
2933 1969 3195 2024 manavit.
3235 1967 3342 2035 Qui

1751 2074 1879 2114 cum
1910 2066 2061 2114 recte
2091 2057 2298 2129 aiioqui
2330 2057 2398 2114 de
2427 2057 2534 2114 fide
2562 2061 2853 2125 sentirent,
2885 2061 3012 2114 vita:
3037 2075 3102 2115 ex
3133 2059 3340 2116 Christi

1753 2149 1972 2205 Domini
2003 2150 2328 2221 praescripto
2362 2149 2713 2207 instituenda;
2739 2151 2960 2206 modum
2993 2167 3341 2224 nequaquam

1753 2243 2142 2299 intellexerunt
2171 2261 2186 2298 :
2229 2249 2506 2313 quatenus
2539 2243 2858 2300 renuntiare
2907 2243 3133 2316 mundo,
3147 2260 3209 2301 ac
3241 2245 3342 2300 bo—

1753 2335 1842 2390 nis
1873 2349 1933 2390 se
1957 2349 2075 2390 suis
2101 2341 2156 2391 et
2192 2333 2554 2391 facultatibus
2595 2333 2874 2400 abdicare,
2921 2335 3171 2392 fortunas
3210 2351 3342 2393 snas

1751 2425 1991 2482 vendere
2029 2440 2096 2482 ac
2151 2426 2486 2497 pauperibus
2517 2425 2793 2499 dilargiri,
2851 2441 3072 2484 crucem
3104 2427 3261 2492 ferre,
3279 2445 3343 2485 ac
3393 2423 3406 2494 ς

1753 2517 1899 2574 serio
1937 2517 2094 2592 sequi
2121 2533 2182 2575 se
2221 2517 2545 2572 mandavit:
2591 2533 2702 2573 non
2733 2527 2792 2574 ut
2830 2519 3012 2586 iners,
3048 2527 3104 2575 et
3129 2511 3404 2586 otiosnsig,

1751 2609 2027 2682 quispiam
2102 2617 2282 2673 esset,
2326 2618 2421 2664 aut
2469 2609 2855 2681 intempestive
2903 2611 3256 2680 heliuaretur,
3277 2628 3344 2668 ac

1751 2701 2164 2758 fucoruminter
2191 2717 2322 2773 apes
2358 2701 2556 2758 similis
2595 2701 2773 2757 foret:
2807 2702 2940 2772 quin
2973 2703 3082 2758 imo
3127 2704 3244 2757 suis
3285 2711 3342 2758 ut

1751 2794 2008 2850 manibus
2033 2809 2171 2864 opus
2209 2792 2435 2864 faceret,
2470 2807 2536 2848 ac
2573 2793 2796 2849 beatum
2827 2793 3138 2849 imitaretur
3159 2794 3340 2863 Apos-

1749 2870 1942 2953 toium,
1983 2888 2104 2959 qui,
2131 2886 2397 2942 mundum
2431 2886 2614 2943 valete
2637 2885 2863 2959 jubens,
2883 2903 3063 2958 praeco
3093 2889 3342 2945 veritatis

1746 2977 1978 3042 exstitit,
2005 2977 2168 3047 cujus
2200 2992 2397 3033 manus
2441 2993 2553 3032 non
2601 2975 2709 3048 ipsi
2757 2979 2958 3042 solum,
3012 2977 3108 3034 sed
3147 2987 3202 3034 et
3250 2979 3340 3046 iis.

1747 3069 1841 3141 qui
1881 3085 2007 3125 cum
2047 3069 2143 3125 illo
2185 3078 2374 3135 erant,
2428 3071 2744 3127 necessaria
2802 3072 3233 3143 suppeditabant
3265 3075 3287 3106 '
3323 3092 3338 3129 :

1749 3177 1876 3216 eum
1917 3169 1972 3218 et
2021 3162 2129 3234 ipsi
2157 3163 2378 3218 interim
2409 3163 2636 3219 minimc
2667 3174 2948 3240 cessarent
2970 3204 2985 3230 ,
3037 3165 3132 3220 sed
3161 3181 3342 3236 operte

59 3233 121 3288 '0
156 3235 254 3308 μὴ
287 3239 707 3313 ἐργαζόμενος,
743 3245 902 3316 μηδὲ
945 3247 1210 3304 ἐσθιέτω.
1253 3253 1410 3318 Τινὲς
1435 3253 1491 3307 δὲ
1532 3273 1556 3308 τ

1847 3233 2270 3326 ticipesessent,
2295 3263 2355 3311 ut
2388 3256 2629 3326 quodam
2659 3261 2777 3328 ipse
2810 3235 2934 3313 loco
2958 3257 3229 3330 gioriatur
3275 3275 3340 3314 ac

53 3331 473 3404 πρωιρημὲνων
511 3335 784 3408 ἀδελφῶν,
811 3339 886 3405 ὡς
911 3340 1022 3396 ἀπὸ
1049 3342 1144 3398 τοῦ
1185 3346 1347 3417 Μάνη
1386 3345 1638 3419 μεμαθηὲ

53 3423 206 3488 κάτες
227 3425 398 3496 τάχα,
435 3427 504 3482 ἵν’
529 3427 706 3496 οὕτως
746 3431 910 3496 εἴπω,
941 3435 1036 3488 τοῦ
1069 3437 1177 3490 ἀπὸ
1215 3439 1478 3510 Περσίδος
1511 3441 1642 3494 ἀνα-

51 3515 370 3588 ϐεϐηκότος,
403 3520 561 3575 ἅτινα
596 3522 698 3578 οὐκ
725 3525 893 3598 ἐχρῆν
920 3525 1096 3593 οὕτως
1127 3527 1286 3585 εἶναι.
1322 3531 1552 3586 Σκοπείν
1585 3534 1642 3588 δὲ

55 3607 254 3677 μᾶλλον
276 3611 403 3675 τοὺς
425 3612 702 3678 τοιούτους
723 3618 1094 3688 παραγγέλλει
1116 3621 1145 3672 ὁ
1173 3619 1314 3684 θεῖος
1337 3621 1492 3692 λόγος
1514 3623 1644 3688 τοὺς

56 3699 218 3770 μηδὲν
252 3701 676 3776 ἐργαζομένους.
720 3709 1046 3784 Πεπλάνηκε
1080 3712 1191 3785 γάρ
1223 3731 1386 3769 τινων
1407 3715 1507 3788 τὴν
1528 3715 1642 3788 οτη-

54 3809 134 3846 σιν
157 3793 188 3846 ὀ
211 3793 375 3864 λόγος
403 3797 432 3850 6
463 3798 615 3871 παρὰ
643 3799 722 3872 τῷ
743 3802 958 3874 Σωτῆρι
983 3806 1372 3878 γεγραμμένος
1389 3822 1404 3837 ·
1448 3807 1644 3879 Ἐργά-

52 3881 218 3942 ζεσθε
257 3885 348 3955 μὴ
396 3885 513 3956 τὴν
543 3887 784 3957 ,βρῶσιν
819 3891 936 3960 τὴν
978 3895 1437 3967 ἀπολλυμένην,
1481 3899 1644 3953 ἀλλὰ

50 3977 366 4046 μένουσαν
387 3983 476 4047 εὶς
499 3981 654 4051 ζωὴν
670 3983 930 4042 αἰώνιον.
959 3987 1258 4059 Νομίζουσι
1282 3989 1339 4044 δὲ
1366 3989 1464 4064 τὴν
1483 3991 1645 4054 ἀπολ-

53 4071 292 4144 λυμένην
336 4070 478 4127 εἶναι
509 4075 609 4148 τὴν
635 4077 806 4152 καλὴν
849 4081 1136 4153 ἐργασίαν,
1169 4080 1238 4164 ἧς
1268 4087 1350 4150 είς
1371 4086 1644 4141 δικαιοσύ-

53 4183 146 4236 νην
173 4167 380 4239 ἔχομεν
402 4167 494 4224 τὸν
522 4169 797 4242 κάματον·
825 4175 947 4247 ἥτις
972 4176 1276 4247 ἐπληροῦτο
1306 4179 1364 4232 ὲν
1393 4180 1645 4252 Ἀϐρααμ

53 4255 136 4310 διὰ
161 4257 262 4312 τοῦ
307 4259 530 4332 μόσχου,
562 4263 656 4318 καὶ
692 4267 758 4336 τῇ
793 4269 1178 4340 καματουργίᾳ
1209 4271 1307 4340 τῆς
1355 4271 1529 4343 χήρας
1557 4273 1644 4326 διὰ

55 4348 142 4402 τοῦ
180 4349 388 4418 Ἠλίου,
421 4355 516 4408 καὶ
539 4355 597 4408 ὲν
625 4360 692 4429 τῇ
724 4357 958 4432 ἐργασία
985 4360 1081 4414 τοῦ
1121 4361 1241 4415 ’1ὼὸ
1283 4363 1370 4417 διὰ
1405 4363 1515 4416 τῶν
1545 4363 1643 4418 αὐ-

55 4443 140 4496 τοῦ
175 4445 408 4511 παίδων,
460 4449 556 4502 καὶ
605 4451 922 4522 κτημάτων,
969 4453 1066 4508 καὶ
1116 4455 1332 4510 πάντων
1389 4455 1499 4512 τῶν
1545 4461 1642 4515 τοῦ

57 4535 184 4590 Θεοῦ
229 4537 437 4594 δούλων
482 4539 592 4594 τῶν
639 4543 721 4606 είς
761 4543 1112 4616 δικαιοσύνην
1159 4549 1476 4618 καμνόντων
1523 4553 1640 4614 ταῖς

60 4629 208 4694 ιδίαις
235 4633 450 4704 χερσὶν,
492 4635 572 4698 εἰς
612 4636 674 4689 τὸ
701 4637 965 4709 ἐπαρκεῖν
1003 4639 1098 4692 καὶ
1125 4643 1239 4703 τοῖς
1270 4641 1604 4714 ἐνδεομένοις
1626 4658 1640 4671 ·

57 4721 230 4788 καθὼς
265 4725 360 4778 καὶ
400 4727 459 4779 ὲν
488 4725 705 4799 ἑκάστῳ
734 4731 1082 4804 μοναστηρίῳ
1115 4732 1172 4785 ἐν
1209 4751 1268 4786 τε
1298 4735 1364 4805 τῇ
1399 4733 1506 4788 τῶν
1548 4737 1642 4788 Ai-

57 4815 292 4880 τυπτίων
324 4814 480 4890 χώρᾳ.
517 4818 611 4872 καὶ
645 4820 704 4873 ἐν
746 4822 950 4886 πάσαις
977 4821 1185 4896 χώραις
1222 4823 1366 4880 οὕτω
1405 4827 1642 4898 κάμνου-

63 4919 138 4960 σιν
163 4909 242 4970 εἰς
271 4907 620 4982 δικαιοσύνην
642 4930 656 4944 '
683 4913 760 4976 ὡς
787 4915 819 4985 ἠ
855 4913 1098 4984 μέλιττα,
1130 4917 1285 4988 χερσὶ
1315 4918 1414 4989 μὲν
1442 4919 1642 4990 ἔχουσα

59 4995 141 5049 τὸν
168 4999 342 5071 κηρὸν
377 5000 480 5071 τῆς
510 5003 793 5075 ἐργασίας,
831 5005 930 5077 τὴν
969 5007 1026 5061 δὲ
1051 5007 1261 5078 ψεκάδα
1298 5009 1389 5063 τοῦ
1427 5010 1642 5081 μέλιτος

61 5085 112 5138 ὲν
138 5086 214 5158 τῷ
243 5089 495 5160 στόματι,
527 5092 666 5163 μετά
697 5095 792 5166 τῆς
827 5095 962 5160 ίδίας
987 5097 1298 5171 ὑμνηγόρου
1335 5099 1520 5169 φωνῆς
1550 5101 1639 5155 τὸν

25 5173 159 5234 ’τῶν
227 5183 446 5237 πάντων
487 5186 764 5258 Δεσπότην
816 5189 957 5244 κατὰ
1027 5187 1122 5262 τὴν
1196 5192 1332 5246 ἰδίαν
1388 5193 1638 5266 αἴσθησιν

63 5269 316 5343 ὑμνοῦσα,
333 5275 410 5340 ὡς
439 5277 534 5331 καὶ
555 5277 812 5352 Σαλομὼν
841 5287 1134 5355 μαρτυρεῖ·
1159 5286 1241 5338 ὅτι
1263 5285 1385 5354 Τὴν
1413 5288 1640 5357 σοφίαν

64 5367 360 5436 τιμήσασα
396 5371 689 5442 προήχθη.
727 5375 884 5429 Οῦτω
931 5378 1024 5430 καὶ
1075 5379 1124 5431 οἱ
1159 5379 1252 5432 τοῦ
1283 5379 1417 5434 Θεοῦ
1459 5381 1636 5435 δοῦλοι

65 5459 106 5510 οἱ
127 5461 336 5532 ἀληθῶς
365 5465 458 5518 ἐπὶ
489 5465 590 5536 τῆς
619 5471 846 5539 στερεᾶς
878 5471 1079 5543 πέτρας
1121 5473 1220 5544 τῆς
1257 5475 1514 5546 ἀληθείας
1545 5493 1659 5532 τε-,

69 5548 462 5626 ὃεμελιωμένοι,
505 5558 597 5611 καὶ
625 5559 716 5613 τὸν
759 5556 906 5616 οἷκον
937 5564 1116 5617 αὐτῶν
1143 5565 1399 5636 dispulit“);
1430 5568 1634 5622 οἰκοδο-

133 5711 146 5740 ¹
180 5709 338 5767 Deest
361 5717 616 5769 ἐοικέναι.
733 5719 889 5772 Ἀρι..
927 5737 1018 5774 xx.
1055 5722 1140 5776 51.

75 5795 187 5850 nn,
229 5785 312 5838 13.
392 5788 410 5818 ⁷
443 5787 547 5842 Job
584 5803 623 5854 ι,
655 5787 706 5843 4.

1671 4597 1720 4656 D

1257 5723 1276 5752 ³
1307 5723 1344 5775 ll
1375 5724 1566 5782 Thess.
1605 5739 1684 5790 ill,
1723 5727 1803 5782 10.

1743 3349 1968 3405 disertis
2017 3348 2154 3404 illud
2202 3349 2387 3406 verbis
2431 3350 2724 3421 prmcipit:
2780 3351 2888 3418 Qui
2920 3368 3022 3406 non
3067 3363 3338 3423 aper-amr,

1743 3459 1849 3496 non
1879 3441 2162 3496 manducet
2184 3443 2224 3498 ³.
2268 3441 2376 3498 Sed
2409 3443 2508 3508 illi,
2550 3459 2691 3515 quos
2727 3443 2861 3508 dixi,
2909 3443 3110 3502 fratres
3162 3449 3340 3502 nostri

1745 3533 1894 3590 haud
1921 3537 2039 3592 scio
2089 3551 2160 3590 an
2189 3551 2220 3590 a
2245 3535 2424 3602 Mane,
2462 3536 2553 3607 qui
2593 3537 2722 3592 illuc
2749 3553 2779 3592 e
2809 3535 3028 3593 Perside
3062 3538 3340 3609 profectus

1743 3636 1863 3692 est,
1906 3627 2008 3684 ista
2049 3627 2365 3694 didicerint,
2403 3629 2629 3701 qum-ab
2669 3629 2818 3684 omni
2859 3630 3072 3687 ratione
3107 3647 3339 3702 prorsus

1751 3721 1928 3776 aliena
1960 3731 2108 3777 sunt.
2160 3721 2297 3777 Cum
2343 3737 2374 3776 e
2420 3722 2701 3777 contrario
2735 3722 3171 3780 animadvertere
3213 3724 3340 3782 illus

1744 3811 1928 3867 divina
1977 3810 2264 3882 Scriptura
2306 3811 2540 3881 jubeat,
2570 3813 2664 3882 qui
2699 3812 2834 3867 nihil
2878 3814 3062 3884 operis
3102 3813 3337 3871 faciunt.

1747 3903 1950 3960 Verum
1989 3905 2386 3960 nonnullorum
2421 3906 2704 3962 mentibus
2730 3907 2936 3962 dictum
2969 3907 3104 3964 illud
3139 3908 3339 3964 Serva—

1745 3997 1881 4052 toris
1903 3997 2196 4068 imposuit:
2222 3997 2529 4065 Operamini
2549 4016 2650 4053 non
2671 4001 2842 4054 cibum
2859 4002 2949 4072 qui
2965 4002 3123 4071 peril,
3145 4001 3342 4073 sedqui

1744 4099 2014 4157 permanet
2041 4089 2095 4142 in
2115 4090 2275 4144 vitam
2304 4099 2558 4145 (sternam
2588 4090 2629 4144 ⁸.
2651 4091 2719 4144 At
2737 4091 2814 4146 iiii
2835 4101 3149 4162 pereuntem
3179 4093 3340 4147 illum

1745 4182 1928 4234 cibum
2013 4181 2081 4236 ad
2135 4183 2453 4252 praeclaram
2497 4183 2645 4236 illam
2691 4197 2912 4252 operam
2984 4183 3344 4256 laboremque

1745 4270 2011 4336 referunt,
2045 4289 2204 4343 quem
2237 4274 2294 4328 in
2321 4273 2694 4329 consectanda
2725 4273 2936 4344 jnstitia
2970 4275 3333 4332 sustinemus.

1745 4369 1877 4431 Quae
1910 4363 2132 4434 quidem
2181 4379 2347 4436 opera
2387 4366 2440 4420 in
2478 4365 2791 4424 Abrahamo
2825 4373 2938 4422 tum
2972 4367 3180 4440 eluxit,
3210 4385 3342 4430 cunt

1745 4459 1792 4514 is
1853 4459 2086 4513 vitulum
2132 4461 2492 4530 appararet“;
2538 4475 2753 4516 necnon
2799 4470 2854 4516 et
2897 4461 2951 4516 in
2985 4461 3170 4530 vidua,
3218 4479 3338 4534 quae

1747 4552 1876 4608 Eliae
1904 4567 2068 4609 causa
2102 4553 2371 4609 laboravit
2394 4553 2450 4622 ⁶;
2481 4561 2534 4610 et
2575 4553 2631 4608 in
2665 4553 2806 4609 Jobo
2845 4553 3104 4626 denique,
3147 4557 3244 4626 qui
3273 4559 3334 4612 in

1746 4646 1932 4702 liberis
1973 4646 2115 4702 idem
2159 4647 2275 4704 suis
2319 4647 2668 4719 fortunisque
2713 4649 2966 4720 praestitit
2992 4649 3033 4706 ⁷.
3067 4648 3339 4706 Praeterea

1746 4740 1930 4797 nullus
1981 4749 2066 4797 est
2117 4739 2212 4796 Dei
2265 4741 2538 4803 famulus,
2586 4741 2682 4814 qui
2727 4757 2839 4797 non
2885 4741 2952 4797 ad
2980 4743 3340 4799 obtinendam

1739 4833 2007 4903 justitiam
2039 4834 2295 4889 manibus
2313 4835 2429 4890 suis
2446 4849 2584 4906 opus
2604 4843 2880 4904 exerceat,
2905 4851 3015 4908 quo
3036 4837 3090 4891 in
3113 4845 3342 4908 egentes

1745 4925 2023 4982 beneficus
2068 4941 2193 4983 esse
2239 4927 2435 4997 possit.
2466 4926 2624 4994 Quod
2661 4928 2714 4982 in
2760 4944 3092 5000 unoquoque
3139 4944 3334 4992 mona-

1746 5016 1936 5080 sterio,
1969 5024 2078 5072 tam
2112 5017 2166 5071 in
2191 5016 2451 5088 Egypto,
2481 5033 2646 5089 quam
2667 5019 2720 5072 in
2741 5018 2866 5074 aliis
2895 5018 3193 5088 pr0vinciis
3219 5017 3340 5074 ﬁeri:

1749 5107 2045 5171 cernimus,
2078 5108 2167 5164 ubi
2192 5108 2422 5177 justitiaa
2451 5109 2626 5180 gratia
2649 5109 2730 5165 sic
2745 5110 2812 5164 ad
2836 5125 2974 5180 opus
3004 5109 3334 5164 incumbunt

1748 5213 1958 5260 omnes.
1989 5207 2266 5272 tamquam
2292 5216 2421 5271 apes
2443 5201 2715 5272 quzedam,
2737 5218 2859 5272 qua:
2875 5218 3058 5258 ceram
3075 5201 3330 5275 pedibus.

1748 5290 1924 5346 stillas
1954 5292 2131 5348 mellis
2161 5309 2257 5348 ore
2281 5301 2714 5366 comportantes,
2740 5311 3087 5352 communem
3119 5297 3335 5352 univer-

1746 5397 1932 5438 sorum
1958 5385 2165 5456 1071
2193 5385 2483 5443 Dominum
2505 5404 2604 5460 pro
2631 5404 2800 5446 sensu
2835 5405 2937 5446 suo
2953 5399 3118 5462 atque
3145 5399 3330 5462 captu.

1745 5477 1983 5548 quodam
2003 5481 2152 5558 velut
2165 5481 2314 5537 vocis
2332 5493 2494 5538 cantu
2520 5498 2584 5540 ac
2620 5485 3008 5555 praedicatione
3030 5485 3330 5552 celebrant,

1745 5577 1906 5641 prout
1939 5578 2170 5628 testatur
2207 5573 2466 5632 Salomon
2495 5597 2507 5631 :
2560 5577 2908 5648 Sapientiam,
2945 5579 3138 5650 inquit,
3167 5579 3333 5634 Itono-

1907 5733 1926 5762 ³
1952 5726 2107 5784 Joan.
2136 5748 2210 5799 γι,
2251 5733 2344 5790 27.
2451 5735 2470 5765 ⁵⁵
2501 5735 2634 5791 Con.
2694 5751 2842 5801 mn,
2883 5736 2930 5791 7.
3048 5737 3066 5764 ⁶
3097 5735 3163 5790 lii
3195 5733 3324 5802 Reg.
