3854 6344
465 379 568 434 763

1883 375 1940 430 S.
1981 371 2329 429 EPIPHANll

3542 426 3554 433 .
3654 374 3748 429 76l

463 511 588 548 rans
622 505 868 564 provecta
897 504 974 550 est
1003 498 1044 549 ¹.
1077 493 1186 549 Nec
1215 495 1375 550 aliter
1401 495 1544 551 servi
1567 495 1642 549 illi
1673 493 1766 550 Dei
1799 496 1852 550 in
1875 496 2046 550 solida

2180 493 2402 558 ιοῦντες,
2438 495 2598 557 ἰδίαις
2640 494 2797 565 χερσὶ
2843 494 2940 558 τὰς
2989 494 3192 559 λεπτάς
3241 494 3427 548 αὐτῶν
3485 495 3752 566 ἐργασίας

463 585 712 640 veritatis
747 591 923 655 petra,
957 584 1103 639 velut
1147 583 1519 647 fundamento,
1556 582 1805 648 stabiliti,
1848 597 1914 637 ac
1950 584 2047 639 do-

467 693 611 732 mum
639 692 797 733 suam
839 678 1050 731 ﬁrmam
1089 685 1252 746 atque
1273 675 1653 732 inconcussam
1677 683 2044 738 exstruentes,

465 785 564 840 pro
613 785 678 824 ea
709 785 874 840 quam
904 769 1232 839 prolitentur
1269 777 1408 831 arte,
1449 767 1850 824 minutissimas
1879 782 2046 836 quas—

467 877 574 930 que
619 875 818 932 operas
867 860 1070 932 singuli
1104 860 1358 914 manibus
1399 860 1516 915 suis
1561 864 1836 913 exercent.
1882 855 2047 910 lidem

467 968 595 1009 vero
634 954 943 1007 universam
984 968 1121 1022 pene
1162 950 1503 1020 Scripturam
1540 966 1636 1005 ore
1670 949 2049 1020 pronuntiant,

463 1044 698 1113 impigre
735 1057 799 1097 ac
849 1051 1073 1099 strenue
1111 1051 1207 1096 aut
1244 1043 1456 1097 orando
1496 1051 1588 1096 aut
1623 1042 1862 1111 psalmos
1902 1054 2052 1095 emo-

467 1135 705 1190 dulanda
733 1135 1080 1205 pervigilant,
1113 1135 1388 1190 solemnes
1431 1135 1499 1190 de
1555 1149 1708 1188 more
1739 1140 2046 1188 conventus

469 1243 533 1282 ac
561 1227 856 1297 quotannis
901 1227 1232 1280 constitutos
1274 1225 1516 1290 obeunt;
1563 1232 1735 1280 statas
1775 1223 1960 1288 horas,
2000 1231 2056 1277 et

471 1319 698 1374 alternis
755 1318 947 1388 spatiis
994 1318 1260 1371 continuo
1300 1316 1608 1386 descriptas
1653 1316 1932 1386 perpetuis
1989 1316 2056 1367 ad

475 1408 642 1465 Deum
678 1407 970 1462 fundendis
1011 1407 1302 1476 precibus,
1345 1421 1559 1460 summa
1595 1421 1721 1459 cum
1752 1403 2059 1471 abjeetione

474 1501 639 1556 animi
680 1515 744 1555 ac
780 1500 1072 1555 laboriosis
1113 1500 1406 1570 gemitibus
1459 1499 1789 1569 transigunt,
1828 1514 1951 1552 cum
1977 1498 2060 1552 in-

476 1601 625 1650 terea
655 1595 921 1663 propriis,
952 1593 1033 1668 uti
1066 1592 1200 1658 dixi,
1233 1590 1512 1656 manibus,
1542 1591 1798 1662 adjuncta
1827 1591 2061 1661 spiritali

474 1686 891 1749 exercitatione,
936 1699 1076 1754 Opus
1101 1684 1426 1750 instituant,
1467 1700 1537 1738 nc
1565 1690 1660 1737 aut
1695 1683 1879 1753 inopia
1913 1683 2063 1737 labo—

476 1786 616 1840 rent,
652 1786 746 1831 aut
779 1777 834 1830 in
875 1777 1143 1831 humanas
1179 1777 1560 1830 simulationes
1591 1775 1856 1838 incidant,
1888 1773 1968 1828 sic
2007 1780 2064 1828 ut

2149 584 2474 658 ἐργάζονται
2499 585 2641 639 κατά
2673 585 2769 657 τὴν
2799 586 3028 640 ἑκάστου
3052 585 3266 656 τέχνην.
3306 585 3402 639 Ἐν
3433 585 3680 657 στόματι
3703 587 3756 638 δὲ

2151 677 2336 748 σχεδὸν
2358 679 2537 731 πᾶσαν
2559 676 2709 731 θείαν
2724 677 2947 750 Γραφὴν
2970 677 3434 746 ἀπαγγέλλουσιν,
3464 677 3687 749 ἀκμητί
3703 695 3755 731 τε

2150 772 2245 824 καὶ
2262 770 2470 833 ἀόκνως
2493 771 2691 841 συχνὰς
2718 770 3106 834 ποιοῦνταιτάς
3118 771 3458 842 ἀγρυπνίας,
3480 769 3648 822 τοῦτο
3663 771 3757 840 μὲν

2151 867 2208 917 ἐν
2225 864 2430 933 εὐχαῖς,
2445 862 2599 916 τοῦτο
2613 862 2670 914 δὲ
2689 865 2744 916 ἐν
2759 862 3117 933 ψαλμῳδίαιις⁸
3133 863 3430 935 ἐνδελεχῶς
3452 863 3518 915 δὲ
3531 863 3640 926 τὰς
3655 879 3760 914 συν·

2153 953 2396 1016 ελεύσεις
2412 954 2509 1017 τὰς
2563 954 2621 1020 ἐξ
2658 953 2812 1017 ἔθους
2847 953 3123 1025 ἐνθέσμως
3163 954 3544 1025 τεταγμένας·
3583 953 3758 1023 διημε-

2156 1045 2369 1116 ρεύουσί
2409 1061 2469 1100 τε
2491 1030 2720 1098 πάντοτε
2765 1045 2865 1108 τάς
2909 1044 3270 1115 ἀδιαλήπτους
3290 1044 3446 1100 κατὰ
3483 1043 3758 1114 διάστημα

2155 1133 2438 1206 ὦρας,τάς
2465 1133 2629 1204 εύχάς
2645 1132 2765 1203 Θεῷ
2779 1133 3209 1200 ἀκαταγνώστως
3233 1134 3369 1204 μετὰ
3397 1151 3759 1203 ταπεινονᾳρο-

2161 1223 2325 1293 σύνης
2351 1222 2554 1292 πολλῆς
2575 1222 2668 1276 καὶ
2689 1223 2931 1294 οἰμωγῆς
2948 1223 3370 1294 ἐπιπόνου(6εῷ)
3391 1224 3758 1294 ἀναπέμπον-

2159 1315 2406 1377 τες,ταίς
2428 1329 2487 1364 τε
2517 1313 2673 1376 ἰδίαις
2701 1316 2905 1385 χερσὶν,
2938 1313 3012 1378 ὡς
3038 1313 3193 1386 ἔφην,
3225 1315 3601 1387 ἐργαζόμενοι
3631 1319 3757 1387 μετά

2161 1405 2258 1458 καὶ
2279 1405 2377 1474 τῆς
2399 1405 2773 1476 πνευματικῆς
2788 1406 3047 1474 ἐργασίας
3061 1422 3074 1436 ·
3099 1407 3186 1459 ἵνα
3206 1407 3280 1478 μὴ
3297 1406 3548 1468 ἐπιδεεῖς
3564 1407 3758 1474 γένων⁴

2161 1513 2270 1560 ται,
2318 1497 2414 1549 καὶ
2441 1498 2521 1560 εἰς
2565 1496 2882 1568 ὑποκρίσεις
2927 1496 3275 1568 ἀνθρωπίνας
3320 1497 3645 1568 ἐμπέσωσι.
3675 1498 3757 1551 καὶ

2163 1585 2346 1641 οὐκέτι
2366 1587 2443 1657 τῷ
2471 1586 2758 1640 ἀσεϐοῦντι
2784 1586 3070 1658 δυνάμενοι
3096 1587 3165 1641 τά
3189 1588 3367 1659 ἀληθῆ
3400 1589 3620 1656 λέγειν,
3644 1589 3758 1643 οὗτε

2167 1674 2322 1742 ἐκτὸς
2357 1677 2530 1749 ῥύπου
2566 1673 2706 1731 εἶναι
2733 1678 2841 1730 τῶν
2867 1677 2976 1730 ἀπὸ
3003 1678 3217 1741 ἀδικίας
3251 1678 3580 1750 ἀνθρώπων
3607 1678 3756 1732 πλον-

2160 1769 2300 1822 .σίων
2344 1771 2438 1826 καὶ
2468 1769 2937 1825 πλεονεκτούντων
2974 1772 3101 1835 τοὺς
3148 1770 3415 1840 πένητας,
3448 1770 3584 1824 οὔτε
3616 1771 3758 1833 ἐκτὸς

477 1867 658 1936 impiis
690 1867 858 1920 libere
882 1865 1165 1920 veritatem
1197 1865 1379 1934 eloqui
1422 1879 1530 1918 non
1567 1865 1836 1929 audeant;
1881 1879 2059 1934 neque

2180 1862 2349 1914 ςιτίων
2381 1861 2584 1915 τούτων
2617 1861 2882 1931 γίνεσθαι,
2916 1863 2990 1934 μὴ
3012 1862 3327 1932 δυναμένοις
3353 1865 3392 1894 ¹¹
3433 1865 3508 1917 ἐκ
3543 1863 3758 1917 δικαίων

477 1960 545 2012 ah
575 1972 764 2012 eorum
793 1957 1097 2022 hominum,
1124 1956 1217 2026 qui
1243 1971 1338 2025 per
1387 1955 1539 2010 nel‘as
1565 1970 1627 2009 ac
1651 1970 1948 2025 pauperum
1972 1956 2057 2008 in-

472 2047 672 2118 juriam
708 2044 1019 2115 locupletati
1053 2053 1181 2099 sunt
1213 2044 1537 2113 contagione
1571 2058 1635 2097 ac
1667 2045 1897 2098 maculis
1945 2045 2058 2098 viu-

478 2141 663 2194 dicare
707 2154 828 2193 sese
870 2139 1118 2206 possint:
1160 2153 1262 2193 nec
1301 2139 1517 2192 illorum
1557 2137 1795 2206 denique
1833 2136 2059 2192 cibariis

2167 1953 2344 2007 πόνων
2357 1957 2452 2025 τὴν
2474 1958 2749 2028 ἐφήμερον
2765 1955 2907 2027 ἐχειν
2928 1955 3154 2027 τροφὴν,
3184 1956 3298 2010 ἀλλ’
3316 1957 3754 2028 ἀναγκαζόμενοι

2166 2048 2253 2101 διὰ
2286 2049 2348 2102 τὸ
2386 2050 2563 2114 ἐνδεὲς
2608 2051 2708 2122 τῆς
2741 2050 2968 2122 ἀεργίας
2995 2049 3273 2121 τραπέζης
3327 2049 3614 2104 πλουσίων
3643 2066 3756 2121 μετ-

2169 2140 2334 2212 έχειν.

479 2251 689 2297 carere,
721 2234 867 2304 quod
898 2235 1065 2303 justis
1094 2233 1375 2288 laboribus
1416 2233 1797 2300 quotidianum
1827 2232 1932 2287 sibi
1971 2234 2175 2288 vietum
2235 2251 2555 2306 comparare
2615 2244 2926 2306 nequeant,
2971 2238 3066 2292 sed
3112 2237 3184 2293 ob
3244 2239 3523 2308 inopiam,
3559 2252 3624 2292 ex
3655 2236 3756 2290 otio

479 2334 533 2379 et
561 2325 757 2402 inertia
789 2323 1116 2390 derivatam,
1152 2324 1219 2376 ad
1251 2323 1532 2378 beatorum
1566 2338 1785 2378 mensas
1806 2323 2100 2395 confugere
2132 2333 2421 2397 cegantur.

557 2419 619 2475 ν.
666 2420 1032 2487 Quamobrem
1090 2419 1336 2473 divinum
1380 2434 1481 2473 nos
1529 2419 1812 2473 oraculum
1853 2419 2011 2475 docet
2050 2437 2062 2470 :

486 2508 568 2564 Ne
601 2511 941 2571 concupiscas
965 2510 1106 2574 cibos
1135 2509 1380 2564 divitum.
1411 2511 1483 2564 Hi
1510 2511 1648 2562 enim
1676 2527 1795 2564 cum
1826 2512 2066 2566 ntendaci

481 2606 590 2660 vita
639 2604 905 2673 conjuncti
947 2605 1143 2656 sunt’.
1197 2603 1334 2658 Tum
1367 2604 1472 2658 alio
1513 2605 1564 2659 in
1595 2606 1714 2658 loco
1759 2605 2056 2675 ejusmodi,

482 2698 672 2768 quales
720 2697 954 2767 appositi
1006 2695 1228 2759 fuerint,
1263 2697 1505 2753 vicissim
1547 2699 1933 2768 praeparandos
1967 2700 2064 2754 ad—

489 2798 675 2844 monet
708 2809 722 2844 :
753 2790 906 2856 Quod
939 2789 985 2842 si
1017 2789 1341 2844 insatiabilis
1371 2807 1447 2855 es,
1494 2791 1640 2845 illius
1685 2791 1824 2846 cibos
1857 2809 1920 2847 ne
1951 2810 2074 2847 cou-

2256 2423 2331 2474 E'.
2369 2421 2462 2474 Διὸ
2494 2422 2857 2495 παραγγέλλει
2899 2423 2928 2475 ὁ
2975 2423 3115 2488 θεῖος
3158 2423 3336 2494 λόγος,
3371 2425 3637 2492 φάσκων·
3670 2424 3754 2492 Μὴ

2171 2511 2440 2581 ἐπιθύμει
2481 2510 2812 2582 βρωμάτων
2843 2513 2972 2587 ⁴τῶν
3015 2516 3348 2568 πλουσίων.
3408 2515 3609 2569 Ταῦτα
3657 2515 3751 2582 γὰρ

2171 2602 2369 2671 ἔχεται
2396 2601 2546 2662 ζωῆς
2571 2601 2856 2670 ψευδοῦς.
2883 2604 2994 2658 Καὶ
3022 2603 3182 2657 πάλιν
3220 2606 3279 2658 ἐν
3315 2604 3467 2676 ἄλλῳ
3485 2606 3655 2674 τόπῳ,
3682 2606 3752 2657 ὅτι

2171 2695 2428 2758 τοιαύτας
2463 2699 2568 2753 ἔδει.
2607 2686 3754 2768 παρασκευάζειν·Ειδὲάπληστότεροςεί,

2187 2788 2686 2861 μὴὲπιθύμειτῶν
2714 2786 2898 2842 αὐτοῦ
2928 2782 3275 2856 βρωμάτων
3309 2787 3369 2840 ἐν
3413 2786 3631 2849 τούτοις
3657 2795 3751 2857 γὰρ

485 2882 726 2950 cupiscas
761 2883 802 2933 ³.
834 2880 949 2947 Qua
986 2881 1039 2934 in
1071 2896 1132 2937 re
1162 2882 1481 2952 prmelaram
1517 2881 1668 2952 pueri
1691 2883 1768 2937 illi
1801 2883 2067 2956 Babylone

2180 2874 2541 2945 ἐδοξάσθησαν
2564 2883 2614 2929 οι
2640 2875 2828 2939 παῖδες
2855 2876 2904 2929 οἰ
2934 2878 2990 2928 ἐν
3011 2878 3078 2946 τῇ
3110 2875 3413 2942 Βαϐυλῶνι,
3447 2876 3747 2946 ἀρνησάμε·

486 2974 711 3044 gloriam
767 2973 947 3044 adepti
1007 2982 1158 3036 sunt,
1194 2974 1287 3044 qui
1334 2975 1618 3045 repudiata
1668 2977 1812 3045 regis
1862 2991 2067 3040 mensa,

2180 2985 2254 3022 νοι
2287 2969 2566 3039 τράπεζαν
2602 2969 2884 3040 βασιλέως,
2920 2969 3016 3023 καί⁵
3054 2969 3416 3041 αἱρησάμενοι
3451 2970 3750 3039 σπέρμασιν

483 3065 777 3137 exquisitis
828 3065 992 3134 hujus
1035 3066 1214 3136 epulis
1275 3066 1549 3136 legumina
1610 3069 1967 3136 prmtulerunt
2011 3085 2067 3124 ac

2180 3059 2482 3130 ἀρκεῖσθαι,
2532 3060 2565 3131 ἢ
2598 3060 2865 3132 τραπέζῃ,
2897 3061 2993 3114 καὶ
3028 3058 3302 3131 βρώμασι,
3350 3061 3627 3130 χρήμασι,
3666 3058 3746 3109 καὶ

487 3159 708 3214 divitias
740 3158 1194 3227 Splentloremque
1227 3159 1746 3227 contempserunt‘.
1777 3158 1888 3213 Nec
1917 3161 2067 3215 aliter

2180 3151 2304 3225 δόξῃ
2333 3151 2754 3223 ἀποταξάμενοι,
2775 3151 2850 3216 ὡς
2872 3151 3114 3222 Μωῠσῆς
3141 3151 3340 3222 μᾶλλον
3368 3152 3549 3204 εἵλετο
3573 3166 3750 3218 συγκα-

487 3249 723 3320 Moyses,
753 3249 844 3318 qui
869 3247 1052 3302 vexari
1085 3247 1357 3318 allligiquc
1389 3264 1511 3303 cum
1543 3250 1743 3319 papulo
1773 3249 1888 3314 Dei,
1913 3266 2074 3320 quam

488 3340 829 3412 Egyptiacis
864 3340 1136 3395 thesauris
1173 3339 1375 3409 perfrui
1400 3341 1590 3394 maluit
1621 3342 1661 3396 ⁸.
1686 3340 1787 3407 Qui
1823 3341 2070 3412 quidem,

487 3433 617 3487 dum
678 3431 793 3486 suis
849 3430 965 3500 ipse
1019 3431 1275 3486 manibus
1328 3445 1466 3501 opus
1519 3441 1758 3496 exercet,
1813 3433 2074 3502 prepheta

428 3513 432 3518 ’
490 3524 666 3578 lactus
695 3531 797 3578 est.
857 3521 949 3578 Ille
993 3523 1142 3577 enim
1202 3523 1318 3593 ipse
1359 3524 1558 3578 nobilis
1591 3533 1644 3578 et
1685 3539 1714 3576 a
1769 3524 1878 3578 ﬁlia
1934 3528 2076 3586 regis

489 3617 801 3688 adeptatus,
856 3625 913 3670 ut
974 3632 1043 3671 ne
1090 3617 1298 3670 otiosus
1346 3631 1484 3686 pane
1530 3627 1863 3679 vesceretur,
1909 3618 2077 3688 opilio

489 3711 824 3765 constitutus
872 3715 976 3764 est.
1037 3707 1179 3761 l-lem
1241 3716 1297 3762 et
1344 3716 1496 3778 pater
1543 3719 1728 3764 noster
1768 3709 1937 3765 Iacob
1979 3725 2079 3764 nos

492 3803 698 3866 docuit,
735 3816 857 3854 cum
891 3800 1173 3854 Labanum
1206 3800 1513 3870 alloquens,
1584 3799 1658 3854 Da
1689 3803 1841 3866 mihi,
1881 3803 2076 3872 inquit,

491 3896 676 3966 operis
710 3893 937 3963 aliquid,
959 3893 1236 3963 proprium
1272 3903 1330 3947 ut
1364 3895 1565 3947 victum
1607 3910 1840 3949 meream
1857 3897 1896 3950 ⁸.
1927 3894 2080 3952 Unde

493 3994 547 4042 et
582 4001 612 4040 a
643 4000 834 4041 socero
857 3985 1039 4038 ovium
1079 3982 1262 4038 itidem
1294 3983 1548 4054 gregibus
1592 3985 1906 4054 praeﬁcitur.
1948 3984 2082 4052 Quae

495 4079 703 4134 idcirco
741 4077 952 4147 1072
999 4077 1141 4130 farta
1189 4084 1316 4132 sunt
1354 4076 1557 4142 omnia,
1596 4093 1663 4131 ne
1697 4078 1872 4131 sancti
1906 4078 2080 4133 homi-

494 4187 593 4228 nes
645 4185 840 4242 panem
899 4168 1058 4224 otiosi
1121 4168 1488 4224 comederent.
1543 4169 1822 4238 Apostolis
1873 4185 1998 4225 vero
2048 4186 2078 4224 a

493 4259 727 4315 Domino
767 4267 1098 4330 praeceptum
1140 4256 1282 4312 istu:l
1311 4266 1429 4313 est:
1468 4266 1526 4311 ut
1557 4259 1728 4313 divini
1763 4260 1910 4315 verbi
1943 4277 2080 4331 pra:-

493 4353 767 4408 Jicatione
791 4350 1030 4406 contenti
1062 4360 1267 4414 essent,
1294 4367 1360 4406 ne
1391 4367 1454 4406 ex
1489 4351 1608 4404 aliis
1635 4352 1770 4407 alias
1800 4353 1853 4406 in
1913 4354 2078 4409 urbes

493 4462 559 4501 ac
598 4447 716 4501 loca
765 4443 1096 4515 praedicandi
1140 4459 1306 4499 causa
1360 4445 1676 4516 migrantes,
1710 4446 1878 4500 variis
1915 4447 2077 4501 rebus

435 4541 438 4545 ’
494 4536 933 4592 distraherentur
964 4574 979 4588 .
1017 4533 1219 4604 Dignus
1256 4544 1331 4588 est
1364 4535 1500 4587 enim
1537 4536 1809 4602 operarius
1851 4537 2081 4590 mercede

496 4642 594 4680 sua
618 4626 670 4691 ";
700 4631 753 4678 et
780 4642 794 4678 :
832 4623 1030 4683 Sufﬁcit
1060 4625 1300 4690 operario
1327 4624 1636 4676 alimentum
1657 4641 1809 4677 situm
1837 4624 1878 4678 ⁸.
1904 4623 2078 4692 Quam

495 4719 742 4775 eamdem
772 4718 841 4771 oh
866 4732 1088 4771 causam
1108 4718 1421 4784 pastoribus
1449 4731 1548 4786 pro
1580 4717 1892 4771 incredibili
1927 4718 2079 4786 ipso-

499 4828 620 4868 rum
677 4811 730 4864 in
795 4808 1169 4879 gubernandis
1225 4809 1441 4879 pepulis
1495 4810 1874 4877 occupatione,
1919 4821 2080 4881 atque

497 4904 868 4962 ecclesiastica
894 4901 1304 4972 procuratione,
1345 4901 1874 4970 administrandique
1895 4902 2079 4958 labore

497 5007 761 5073 perpetuo
782 4995 1025 5051 divinum
1059 4993 1163 5048 hoc
1183 4993 1463 5049 oraculum
1497 4993 1694 5047 edicit:
1726 4994 1856 5060 Quis
1873 5011 2076 5065 gregem

498 5092 690 5163 pascit,
741 5099 792 5145 et
820 5089 967 5143 illius
1009 5087 1147 5141 lacte
1183 5103 1284 5141 non
1326 5087 1529 5141 alitur?
1567 5088 1700 5152 Quis
1743 5088 1956 5156 plantat
2007 5090 2081 5142 vi-

499 5202 670 5249 ncant,
689 5193 737 5239 et
753 5183 864 5253 ejus
882 5181 1058 5252 {ructu
1083 5197 1186 5235 non
1217 5180 1440 5235 vescitur
1460 5181 1480 5211 ⁹
1511 5175 1781 5251 ?Deiude,
1823 5179 2080 5253 Operam,

502 5279 712 5346 inquit,
754 5286 1047 5330 navantem
1101 5274 1394 5346 agricolam
1437 5280 1565 5326 ante
1611 5288 1802 5330 omnes
1855 5290 1952 5345 par
2001 5282 2085 5330 est

501 5370 715 5426 fructus
743 5369 906 5424 edere
933 5369 1010 5422 "z
1037 5375 1094 5422 ut
1124 5384 1191 5422 ne.
1220 5367 1618 5438 presbyterum,
1648 5367 1732 5420 vel
1763 5367 2079 5438 episcopum

501 5459 819 5530 quotidiano
840 5459 964 5516 cibo
992 5458 1324 5530 indigentem
1345 5459 1657 5512 constituat.
1677 5455 1759 5512 Ob
1781 5457 1832 5512 id
1852 5458 2080 5528 populos

504 5551 846 5617 adhortatur,
870 5559 929 5607 ut
947 5567 1069 5622 quae
1093 5551 1158 5604 ad
1184 5549 1409 5606 alendos
1427 5548 1743 5605 sacerdotes
1768 5549 2078 5606 necessaria

588 5665 601 5695 ¹
635 5663 796 5718 Prov.
829 5679 903 5721 vt,
933 5665 985 5715 8.
1063 5665 1082 5694 ’
1114 5660 1271 5715 Prov.
1303 5678 1460 5720 χχιιι.
1491 5661 1543 5714 3.
1622 5660 1640 5691 ³
1672 5660 1804 5716 ibid.
1839 5660 1891 5714 4.

509 5752 658 5796 uix,
725 5735 812 5788 15.
903 5734 920 5764 ⁷
955 5732 1142 5788 Matth.
1180 5749 1230 5796 κ,
1280 5732 1377 5798 10;
1406 5731 1535 5786 Luc.
1574 5748 1625 5796 κ,
1661 5732 1713 5788 7.

505 5808 548 5840 ⁸⁸
595 5803 657 5861 l".
691 5804 865 5874 λόγον.

1992 5661 2010 5692 ⁸
2051 5659 2187 5714 Dan.
2223 5678 2258 5727 ι,
2293 5664 2326 5717 8
2377 5678 2497 5732 sqq.

1797 5732 1857 5784 ⁸1
1894 5731 2033 5786 Tim.
2070 5748 2141 5797 ιἰ,
2179 5734 2231 5788 8.
2311 5735 2330 5765 ’
2363 5733 2381 5786 Ι
2419 5731 2547 5790 Cor.
2577 5749 2650 5800 ιι,
2693 5735 2746 5786 7.

2180 3244 2494 3315 κουχεῖσθαι
2526 3243 2603 3315 τῷ
2633 3243 2747 3315 λαῷ
2777 3242 2870 3298 τοῦ
2899 3243 3032 3297 Θεοῦ
3074 3245 3219 3316 ἥπερ
3245 3243 3547 3298 ἀπολαύειν
3579 3242 3680 3294 τῶν
3699 3242 3749 3291 ἐν

2178 3338 2438 3409 Αἰγύπτῳ
2491 3336 2802 3409 θησαυρῶν,
2831 3335 3197 3407 ἐργαζόμενος
3248 3336 3305 3389 δὲ
3360 3336 3525 3399 ἰδίαις
3580 3333 3749 3406 χερσὶν

2179 3430 2337 3501 ἔτυχε
2359 3429 2714 3502 προφητείας.
2745 3428 3042 3500 Προϐἀτων
3069 3427 3178 3497 γὰρ
3215 3420 3371 3490 οὗτος
3396 3426 3604 3498 ποιμὴν
3632 3441 3750 3478 κστ·

2181 3523 2330 3592 ἑστη,
2355 3525 2384 3576 ὁ
2418 3522 2642 3592 εὐγενὴς
2673 3522 2767 3575 καὶ
2802 3521 2921 3585 υίὸς
2948 3520 3219 3590 θυγατρὸς
3253 3519 3543 3589 βασιλέως.
3576 3520 3656 3571 ἵνα
3682 3516 3748 3584 μὴ

2179 3615 2348 3686 ἀργὸν
2394 3614 2551 3688 ἐσθίῃ
2579 3615 2743 3686 ἄρτον
2764 3630 2776 3643 ο
2807 3613 2882 3678 ὡς
2914 3613 3006 3667 καί⁵
3047 3613 3285 3668 διδάσκει
3323 3614 3352 3665 ὁ
3397 3612 3583 3682 πατὴρ
3610 3606 3746 3679 ἡμῶν

2182 3706 2410 3770 Ἰακὼϐ,
2451 3707 2624 3776 λέγων
2658 3707 2874 3762 Λάϐανο
2903 3706 3001 3770 Δός
3036 3722 3123 3776 μοι
3163 3707 3447 3778 ἐργασίαν,
3479 3707 3566 3758 ἴνα
3600 3701 3741 3772 ἐργά-

2181 3799 2362 3871 ζωμαι
2415 3798 2508 3853 τοῦ
2550 3799 2679 3852 ἰδίου
2713 3799 2900 3870 ἄρτου.
2939 3799 3050 3852 Kal.
3077 3796 3238 3863 αὐτὸς
3268 3799 3432 3852 πάλιν
3467 3795 3743 3867 ποιμαίνειν

2181 3892 2580 3963 προστέτακται
2620 3893 2773 3963 παρὰ
2820 3892 2916 3946 τοῦ
2947 3892 3075 3945 ἰδίου
3123 3891 3408 3963 πενθεροῦ,
3445 3894 3532 3946 ἵνα
3568 3889 3634 3961 μὴ
3659 3889 3738 3956 ἀρ·

2179 3985 2267 4052 γοὶ
2311 3993 2477 4056 ἄρτον
2531 3985 2785 4038 ἐσθίωσιν
2831 3987 2880 4038 οἰ
2931 3985 3149 4040 δίκαιοι.
3192 3985 3314 4048 Τοῖς
3351 3985 3410 4038 δέ
3453 3981 3742 4048 ἀποστόλοις

2179 4075 2394 4147 εἴρηται
2453 4076 2738 4148 ἀρκεῖσθαι
2784 4076 2863 4148 τῷ
2909 4076 3053 4146 λόγῳ
3085 4076 3126 4109 ’⁸
3171 4076 3482 4148 κηρύττειν,
3545 4076 3623 4126 ἵνα
3675 4070 3733 4140 μὴ

2179 4169 2515 4240 ἀσχολῶνται
2545 4169 2652 4224 ἀπὸ
2683 4171 2889 4234 πόλεως
2914 4172 2995 4234 εἰς
3023 4170 3195 4234 πόλιν,
3229 4170 3323 4224 καί
3345 4170 3457 4224 ἀπὸ
3493 4169 3645 4222 τόπου
3671 4165 3734 4221 εἰς

2179 4265 2362 4328 τόπον,
2412 4263 2505 4316 ἐπὶ
2553 4265 2613 4317 τὸ
2672 4265 2936 4336 κήρυγμα
2992 4265 3092 4336 τὴν
3147 4263 3370 4335 πορείαν
3435 4261 3728 4329 ποιούμενοι.

2184 4355 2385 4422 ’Ἄξιος
2437 4356 2547 4427 γὰρ
2608 4360 2640 4412 ὁ
2692 4355 2944 4428 ἐργάτης
2991 4357 3098 4411 τοῦ
3144 4354 3366 4426 μισθοῦ
3387 4353 3603 4410 αὑτοῦ·
3637 4349 3729 4405 καὶ.

2197 4449 2473 4526 ’Λρκετὸιή
2523 4448 2604 4515 τῷ
2655 4449 3021 4520 ἐργαζομένῳ
3065 4450 3104 4516 ή
3154 4449 3344 4519 τροφὴ
3399 4447 3597 4503 αὐτοῦ.
3644 4441 3728 4494 Καὶ

2185 4542 2298 4604 τοῖς
2322 4557 2380 4592 τε
2417 4541 2672 4613 ποιμέσιν
2704 4541 2967 4605 ὡσαύτως
2999 4541 3086 4594 διὰ
3116 4541 3216 4613 τὴν
3254 4540 3362 4594 τῶν
3390 4541 3533 4594 λαῶν
3566 4534 3730 4605 συχνὴν

2187 4630 2465 4700 ἀσχολίαν,
2527 4632 2620 4684 καὶ
2679 4631 2778 4698 τὴν
2833 4631 3296 4702 ἐκκλησιαστικὴν
3347 4629 3618 4699 διοίκησιν.
3655 4621 3727 4675 καί

2187 4721 2434 4792 ἐνδελεχῆ
2469 4722 2829 4796 λειτουργίαν,
2863 4723 3028 4795 φησὶν
3060 4727 3088 4778 ὁ
3121 4723 3263 4789 θεῖος
3296 4724 3482 4794 λόγος⁸
3514 4724 3598 4787 Τίς
3627 4732 3727 4770 :tct-

2181 4813 2381 4881 μαίνει
2411 4815 2698 4884 ποίμνην,
2732 4815 2828 4868 καί
2855 4815 2923 4870 ἐκ
2957 4816 3064 4870 τοῦ
3097 4817 3398 4886 γάλακτος
3432 4812 3612 4881 αὐτῆς
3634 4810 3723 4862 οὐκ

2187 4906 2410 4969 semet;
2443 4909 2517 4960 Ἢ
2539 4908 2628 4973 τίς
2656 4909 2896 4977 φυτεύει
2917 4909 3260 4977 ἀμπελῶνα,
3287 4910 3386 4964 καὶ
3411 4910 3480 4963 ἐκ
3502 4903 3598 4962 τοῦ
3617 4917 3722 4968 καρ-

2181 4998 2298 5051 ποῦ
2329 4999 2516 5053 αὑτοῦ
2557 5001 2628 5054 οὐ
2661 5000 3138 5070 μεταλαμϐάνει;
3176 5001 3287 5055 Καί
3335 5019 3498 5072 φησι·
3530 4998 3620 5051 Τὸν
3652 5009 3723 5046 κο-

2184 5090 2392 5145 πιῶντα
2423 5092 2666 5163 γεωργὸν
2695 5094 2777 5147 δεῖ
2821 5093 3038 5166 πρῶτον
3083 5093 3192 5147 τῶν
3225 5095 3451 5167 καρπῶν
3490 5088 3719 5165 μετα-λαμ·

2187 5182 2368 5236 ϐἀνειν
2390 5199 2402 5212 ’
2435 5184 2523 5239 ῐνα
2566 5183 2657 5238 τὸν
2701 5163 3095 5258 πρεσϐύτερον,
3133 5185 3164 5256 ἢ
3210 5163 3312 5239 τὸν*
3348 5163 3624 5239 ἐπίσκοπον
3661 5172 3719 5243 μὴ
3755 5163 3764 5176 ³

2188 5274 2578 5348 ἐλαττούμενον
2632 5279 2732 5349 τῆς
2779 5277 3059 5349 ἐφημέρου
3112 5277 3320 5349 τροφῆς
3377 5273 3711 5342 καταστήσειί’

2190 5370 2631 5441 προτρεπόμενος
2679 5369 2840 5434 λαοὺς
2892 5372 2956 5425 ὲκ
2983 5370 3204 5425 δικαίων
3244 5371 3422 5425 πόνων
3467 5369 3627 5438 νέμειν
3665 5356 3722 5409 τὰ

2193 5461 2330 5532 πρὸς
2367 5463 2572 5535 τροφὴν
2606 5465 2717 5527 τοῖς
2748 5463 2953 5534 ἱερεῦσι
2973 5463 3060 5516 διά
3089 5463 3352 5535 ἀπαρχῶν
3396 5481 3453 5517 τε
3482 5461 3563 5514 καὶ
3583 5465 3711 5522 προπ-

2191 5553 2391 5625 φορῶν,
2443 5553 2670 5608 καὶτῶν
2711 5553 2916 5608 ἄλλων·
2959 5547 3034 5608 ὧν
3073 5553 3320 5619 ἐξουσίαν
3349 5552 3550 5622 ἔχοντες
3584 5546 3624 5596 οξ
3663 5539 3712 5589 ἐκ

2575 5664 2594 5694 ⁵
2629 5661 2803 5718 Exod.
2847 5679 2906 5722 ιι.
2953 5664 3054 5727 ·Ιὸ;
3091 5661 3253 5717 Hebr.
3300 5677 3379 5724 XI,
3421 5662 3514 5726 IL,
3565 5651 3703 5707 ‘Gi’n'

2829 5735 2870 5766 ¹⁰
2896 5734 3026 5789 ibid.
3075 5735 3157 5788 15.
3237 5735 3273 5765 ¹²
3305 5733 3428 5786 Cor.
3461 5730 3690 5797 δυνάμενοι
