  <div class='ocr_page' id='page_1' title='image "/cluster/home/n/w/nwhite01/storage/ocr_20150623/42/hvd.32044011752995/382.png"; bbox 0 0 3790 6212; ppageno 0'>
   <div class='ocr_carea' id='block_1_1' title="bbox 31 342 132 400">
    <p class='ocr_par' dir='ltr' id='par_1_1' title="bbox 31 342 132 400">
     <span class='ocr_line' id='line_1_1' title="bbox 31 342 132 400; baseline 0 -1"><span class='ocrx_word' id='word_1_1' title='bbox 31 342 132 400; x_wconf 72' lang='lat'><strong>755</strong></span> 
     </span>
    </p>
   </div>
   <div class='ocr_carea' id='block_1_2' title="bbox 639 346 2640 420">
    <p class='ocr_par' dir='ltr' id='par_1_2' title="bbox 639 346 2640 420">
     <span class='ocr_line' id='line_1_2' title="bbox 639 346 2640 420; baseline 0.009 -18"><span class='ocrx_word' id='word_1_2' title='bbox 639 346 1010 408; x_wconf 77' lang='lat' dir='ltr'><strong>ADVERSUS</strong></span> <span class='ocrx_word' id='word_1_3' title='bbox 1053 351 1397 412; x_wconf 63' lang='lat' dir='ltr'><strong>HERESES</strong></span> <span class='ocrx_word' id='word_1_4' title='bbox 1437 356 1566 415; x_wconf 86' lang='lat' dir='ltr'><strong>LIB.</strong></span> <span class='ocrx_word' id='word_1_5' title='bbox 1594 359 1682 416; x_wconf 88' lang='lat' dir='ltr'><strong>Ill.</strong></span> <span class='ocrx_word' id='word_1_6' title='bbox 1727 357 1890 417; x_wconf 81' lang='grc' dir='ltr'><strong>ΪΟΜ.</strong></span> <span class='ocrx_word' id='word_1_7' title='bbox 1929 363 2081 419; x_wconf 88' lang='lat' dir='ltr'><strong>Il.--</strong></span> <span class='ocrx_word' id='word_1_8' title='bbox 2113 363 2388 420; x_wconf 64' lang='lat' dir='ltr'><strong>HA‘IIIES.</strong></span> <span class='ocrx_word' id='word_1_9' title='bbox 2431 363 2640 420; x_wconf 72' lang='lat' dir='ltr'><strong>LXXX.</strong></span> 
     </span>
    </p>
   </div>
   <div class='ocr_carea' id='block_1_3' title="bbox 3209 371 3316 432">
    <p class='ocr_par' dir='ltr' id='par_1_3' title="bbox 3209 371 3316 432">
     <span class='ocr_line' id='line_1_3' title="bbox 3209 371 3316 432; baseline 0.028 -3"><span class='ocrx_word' id='word_1_10' title='bbox 3209 371 3316 432; x_wconf 80' lang='lat'><strong>736</strong></span> 
     </span>
    </p>
   </div>
   <div class='ocr_carea' id='block_1_4' title="bbox 27 467 1611 563">
    <p class='ocr_par' dir='ltr' id='par_1_4' title="bbox 27 467 1611 550">
     <span class='ocr_line' id='line_1_4' title="bbox 27 467 1611 550; baseline 0.011 -31"><span class='ocrx_word' id='word_1_11' title='bbox 27 467 164 520; x_wconf 77' lang='grc' dir='ltr'>Θεοῦ</span> <span class='ocrx_word' id='word_1_12' title='bbox 199 469 328 533; x_wconf 68' lang='grc' dir='ltr'>τοὺς</span> <span class='ocrx_word' id='word_1_13' title='bbox 375 467 537 533; x_wconf 74' lang='grc' dir='ltr'>λαοὺς</span> <span class='ocrx_word' id='word_1_14' title='bbox 572 471 788 542; x_wconf 80' lang='grc' dir='ltr'><strong>ὁδηγεῖν</strong></span> <span class='ocrx_word' id='word_1_15' title='bbox 835 479 1318 550; x_wconf 77' lang='grc' dir='ltr'><strong>προστεταγμένοι,</strong></span> <span class='ocrx_word' id='word_1_16' title='bbox 1343 482 1464 535; x_wconf 79' lang='grc' dir='ltr'>οὐδὲ</span> <span class='ocrx_word' id='word_1_17' title='bbox 1493 484 1611 537; x_wconf 82' lang='grc' dir='ltr'>τού·</span> 
     </span>
    </p>
   </div>
   <div class='ocr_carea' id='block_1_5' title="bbox 1794 467 3307 563">
    <p class='ocr_par' dir='ltr' id='par_1_5' title="bbox 1794 487 3307 563">
     <span class='ocr_line' id='line_1_5' title="bbox 1794 487 3307 563; baseline 0.005 -23"><span class='ocrx_word' id='word_1_18' title='bbox 1794 495 1865 553; x_wconf 86' lang='grc' dir='ltr'>ιιι,</span> <span class='ocrx_word' id='word_1_19' title='bbox 1881 487 2206 558; x_wconf 78' lang='lat' dir='ltr'><strong>justissimis</strong></span> <span class='ocrx_word' id='word_1_20' title='bbox 2235 489 2351 545; x_wconf 84' lang='lat' dir='ltr'><strong>suis</strong></span> <span class='ocrx_word' id='word_1_21' title='bbox 2378 489 2658 546; x_wconf 88' lang='lat' dir='ltr'><strong>laboribus</strong></span> <span class='ocrx_word' id='word_1_22' title='bbox 2683 491 2911 562; x_wconf 69' lang='lat' dir='ltr'><strong>qnazsita</strong></span> <span class='ocrx_word' id='word_1_23' title='bbox 2933 487 3307 563; x_wconf 73' lang='lat' dir='ltr'><strong>suppeditent,</strong></span> 
     </span>
    </p>
   </div>
   <div class='ocr_carea' id='block_1_6' title="bbox 27 561 1620 648">
    <p class='ocr_par' dir='ltr' id='par_1_6' title="bbox 27 561 1620 648">
     <span class='ocr_line' id='line_1_6' title="bbox 27 561 1620 648; baseline 0.011 -36"><span class='ocrx_word' id='word_1_24' title='bbox 27 577 138 622; x_wconf 86' lang='grc' dir='ltr'>τοις</span> <span class='ocrx_word' id='word_1_25' title='bbox 187 561 484 632; x_wconf 82' lang='grc' dir='ltr'>κέχρηνται</span> <span class='ocrx_word' id='word_1_26' title='bbox 537 567 878 640; x_wconf 82' lang='grc' dir='ltr'><strong>κατακόρως,</strong></span> <span class='ocrx_word' id='word_1_27' title='bbox 912 571 961 622; x_wconf 76' lang='lat' dir='ltr'><strong>et</strong></span> <span class='ocrx_word' id='word_1_28' title='bbox 1001 568 1120 642; x_wconf 84' lang='grc' dir='ltr'><strong>Θεῷ</strong></span> <span class='ocrx_word' id='word_1_29' title='bbox 1165 572 1386 638; x_wconf 82' lang='grc' dir='ltr'><strong>τελείως</strong></span> <span class='ocrx_word' id='word_1_30' title='bbox 1429 575 1620 648; x_wconf 82' lang='grc' dir='ltr'>εὐαρε-</span> 
     </span>
    </p>
   </div>
   <div class='ocr_carea' id='block_1_7' title="bbox 11 653 683 738">
    <p class='ocr_par' dir='ltr' id='par_1_7' title="bbox 11 653 683 738">
     <span class='ocr_line' id='line_1_7' title="bbox 11 653 683 738; baseline 0.012 -34"><span class='ocrx_word' id='word_1_31' title='bbox 11 735 14 738; x_wconf 13' lang='grc' dir='ltr'><strong><em>Δ</em></strong></span> <span class='ocrx_word' id='word_1_32' title='bbox 32 655 174 705; x_wconf 81' lang='grc' dir='ltr'>στείν</span> <span class='ocrx_word' id='word_1_33' title='bbox 201 653 683 726; x_wconf 76' lang='grc' dir='ltr'>ἐπαγγελλόμενοι.</span> 
     </span>
    </p>
   </div>
   <div class='ocr_carea' id='block_1_8' title="bbox 27 747 3410 839">
    <p class='ocr_par' dir='ltr' id='par_1_8' title="bbox 27 747 3410 839">
     <span class='ocr_line' id='line_1_8' title="bbox 27 747 3410 839; baseline 0.008 -41"><span class='ocrx_word' id='word_1_34' title='bbox 27 747 392 814; x_wconf 76' lang='lat' dir='ltr'><strong>regendorum</strong></span> <span class='ocrx_word' id='word_1_35' title='bbox 439 765 468 803; x_wconf 92' lang='lat' dir='ltr'><strong>a</strong></span> <span class='ocrx_word' id='word_1_36' title='bbox 523 751 630 807; x_wconf 89' lang='lat' dir='ltr'><strong>Deo</strong></span> <span class='ocrx_word' id='word_1_37' title='bbox 665 754 990 824; x_wconf 88' lang='lat' dir='ltr'><strong>populorum</strong></span> <span class='ocrx_word' id='word_1_38' title='bbox 1039 766 1124 815; x_wconf 88' lang='lat' dir='ltr'><strong>est</strong></span> <span class='ocrx_word' id='word_1_39' title='bbox 1173 760 1468 828; x_wconf 87' lang='lat' dir='ltr'><strong>commissa</strong></span> <span class='ocrx_word' id='word_1_40' title='bbox 1538 762 1844 832; x_wconf 84' lang='lat' dir='ltr'><strong>provincia,</strong></span> <span class='ocrx_word' id='word_1_41' title='bbox 1905 765 2098 820; x_wconf 88' lang='lat' dir='ltr'><strong>horum</strong></span> <span class='ocrx_word' id='word_1_42' title='bbox 2163 775 2344 822; x_wconf 87' lang='lat' dir='ltr'><strong>tamen</strong></span> <span class='ocrx_word' id='word_1_43' title='bbox 2391 767 2515 823; x_wconf 85' lang='lat' dir='ltr'><strong>usui</strong></span> <span class='ocrx_word' id='word_1_44' title='bbox 2559 767 2718 838; x_wconf 86' lang='lat' dir='ltr'><strong>plene</strong></span> <span class='ocrx_word' id='word_1_45' title='bbox 2795 767 3121 839; x_wconf 74' lang='lat' dir='ltr'><strong>penitusque</strong></span> <span class='ocrx_word' id='word_1_46' title='bbox 3199 785 3310 825; x_wconf 88' lang='lat' dir='ltr'><strong>non</strong></span> <span class='ocrx_word' id='word_1_47' title='bbox 3407 775 3410 778; x_wconf 81' lang='grc'><strong>’</strong></span> 
     </span>
    </p>
   </div>
   <div class='ocr_carea' id='block_1_9' title="bbox 1725 577 3310 655">
    <p class='ocr_par' dir='ltr' id='par_1_9' title="bbox 1725 577 3310 655">
     <span class='ocr_line' id='line_1_9' title="bbox 1725 577 3310 655; baseline 0.006 -24"><span class='ocrx_word' id='word_1_48' title='bbox 1725 577 2022 635; x_wconf 84' lang='lat' dir='ltr'><strong>ot&#39;fcrendis</strong></span> <span class='ocrx_word' id='word_1_49' title='bbox 2073 581 2361 651; x_wconf 88' lang='lat' dir='ltr'><strong>primitiis,</strong></span> <span class='ocrx_word' id='word_1_50' title='bbox 2415 581 2786 638; x_wconf 74' lang='lat' dir='ltr'><strong>oblationibus</strong></span> <span class='ocrx_word' id='word_1_51' title='bbox 2857 598 2921 638; x_wconf 90' lang='lat' dir='ltr'><strong>ac</strong></span> <span class='ocrx_word' id='word_1_52' title='bbox 2975 585 3204 655; x_wconf 84' lang='lat' dir='ltr'><strong>reliquis</strong></span> <span class='ocrx_word' id='word_1_53' title='bbox 3255 585 3310 640; x_wconf 92' lang='lat' dir='ltr'><strong>id</strong></span> 
     </span>
    </p>
   </div>
   <div class='ocr_carea' id='block_1_10' title="bbox 1724 667 3312 743">
    <p class='ocr_par' dir='ltr' id='par_1_10' title="bbox 1724 667 3312 743">
     <span class='ocr_line' id='line_1_10' title="bbox 1724 667 3312 743; baseline 0.004 -19"><span class='ocrx_word' id='word_1_54' title='bbox 1724 685 1914 740; x_wconf 76' lang='lat' dir='ltr'><strong>genus.</strong></span> <span class='ocrx_word' id='word_1_55' title='bbox 1959 667 2090 736; x_wconf 66' lang='lat' dir='ltr'><strong>Quae</strong></span> <span class='ocrx_word' id='word_1_56' title='bbox 2117 687 2240 726; x_wconf 91' lang='lat' dir='ltr'><strong>cum</strong></span> <span class='ocrx_word' id='word_1_57' title='bbox 2293 670 2348 725; x_wconf 91' lang='lat' dir='ltr'><strong>in</strong></span> <span class='ocrx_word' id='word_1_58' title='bbox 2395 679 2664 742; x_wconf 76' lang='lat' dir='ltr'><strong>potestate</strong></span> <span class='ocrx_word' id='word_1_59' title='bbox 2692 687 2791 726; x_wconf 85' lang='lat' dir='ltr'><strong>sua</strong></span> <span class='ocrx_word' id='word_1_60' title='bbox 2823 672 3080 738; x_wconf 76' lang='lat' dir='ltr'><strong>habeant,</strong></span> <span class='ocrx_word' id='word_1_61' title='bbox 3111 673 3312 743; x_wconf 85' lang='lat' dir='ltr'><strong>quibus</strong></span> 
     </span>
    </p>
   </div>
   <div class='ocr_carea' id='block_1_11' title="bbox 29 839 1852 924">
    <p class='ocr_par' dir='ltr' id='par_1_11' title="bbox 29 839 1852 924">
     <span class='ocr_line' id='line_1_11' title="bbox 29 839 1852 924; baseline 0.009 -30"><span class='ocrx_word' id='word_1_62' title='bbox 29 839 341 912; x_wconf 78' lang='lat' dir='ltr'><strong>indulgent,</strong></span> <span class='ocrx_word' id='word_1_63' title='bbox 388 845 482 911; x_wconf 88' lang='lat' dir='ltr'><strong>qui</strong></span> <span class='ocrx_word' id='word_1_64' title='bbox 523 843 634 900; x_wconf 89' lang='lat' dir='ltr'><strong>Deo</strong></span> <span class='ocrx_word' id='word_1_65' title='bbox 681 847 924 918; x_wconf 80' lang='lat' dir='ltr'><strong>perfecte</strong></span> <span class='ocrx_word' id='word_1_66' title='bbox 967 852 1184 921; x_wconf 90' lang='lat' dir='ltr'><strong>placere</strong></span> <span class='ocrx_word' id='word_1_67' title='bbox 1229 869 1288 910; x_wconf 92' lang='lat' dir='ltr'><strong>se</strong></span> <span class='ocrx_word' id='word_1_68' title='bbox 1327 855 1467 910; x_wconf 84' lang='lat' dir='ltr'><strong>velle</strong></span> <span class='ocrx_word' id='word_1_69' title='bbox 1498 854 1852 924; x_wconf 85' lang='lat' dir='ltr'><strong>profitentur.</strong></span> 
     </span>
    </p>
   </div>
   <div class='ocr_carea' id='block_1_12' title="bbox 97 935 1620 1018">
    <p class='ocr_par' dir='ltr' id='par_1_12' title="bbox 97 935 1620 1018">
     <span class='ocr_line' id='line_1_12' title="bbox 97 935 1620 1018; baseline 0.01 -32"><span class='ocrx_word' id='word_1_70' title='bbox 97 936 192 1000; x_wconf 70' lang='grc' dir='ltr'><strong>ς’.</strong></span> <span class='ocrx_word' id='word_1_71' title='bbox 235 935 349 987; x_wconf 75' lang='grc' dir='ltr'>Καὶ</span> <span class='ocrx_word' id='word_1_72' title='bbox 379 935 488 1008; x_wconf 83' lang='grc' dir='ltr'>γὰρ</span> <span class='ocrx_word' id='word_1_73' title='bbox 523 937 582 1004; x_wconf 64' lang='lat' dir='ltr'><strong>eg</strong></span> <span class='ocrx_word' id='word_1_74' title='bbox 601 939 778 995; x_wconf 81' lang='grc' dir='ltr'>αὐτῶν</span> <span class='ocrx_word' id='word_1_75' title='bbox 804 941 900 994; x_wconf 91' lang='grc' dir='ltr'><strong>τοῦ</strong></span> <span class='ocrx_word' id='word_1_76' title='bbox 933 943 1070 998; x_wconf 86' lang='grc' dir='ltr'>Θεοῦ</span> <span class='ocrx_word' id='word_1_77' title='bbox 1107 945 1316 1018; x_wconf 81' lang='grc' dir='ltr'><strong>ἱερέων,</strong></span> <span class='ocrx_word' id='word_1_78' title='bbox 1344 949 1439 1001; x_wconf 73' lang='grc' dir='ltr'><strong>καὶ</strong></span> <span class='ocrx_word' id='word_1_79' title='bbox 1465 947 1620 1001; x_wconf 77' lang='grc' dir='ltr'>αὐτοὶ</span> 
     </span>
    </p>
   </div>
   <div class='ocr_carea' id='block_1_13' title="bbox 33 1025 1617 1110">
    <p class='ocr_par' dir='ltr' id='par_1_13' title="bbox 33 1025 1617 1110">
     <span class='ocr_line' id='line_1_13' title="bbox 33 1025 1617 1110; baseline 0.011 -34"><span class='ocrx_word' id='word_1_80' title='bbox 33 1025 166 1094; x_wconf 82' lang='grc' dir='ltr'><strong>μετὰ</strong></span> <span class='ocrx_word' id='word_1_81' title='bbox 217 1026 316 1079; x_wconf 85' lang='grc' dir='ltr'><strong>τοῦ</strong></span> <span class='ocrx_word' id='word_1_82' title='bbox 367 1027 728 1101; x_wconf 83' lang='grc' dir='ltr'><strong>κηρύγματος</strong></span> <span class='ocrx_word' id='word_1_83' title='bbox 772 1033 868 1086; x_wconf 87' lang='grc' dir='ltr'><strong>τοῦ</strong></span> <span class='ocrx_word' id='word_1_84' title='bbox 922 1035 1082 1104; x_wconf 83' lang='grc' dir='ltr'>λόγου</span> <span class='ocrx_word' id='word_1_85' title='bbox 1147 1039 1474 1110; x_wconf 83' lang='grc' dir='ltr'><strong>μιμούμενοι</strong></span> <span class='ocrx_word' id='word_1_86' title='bbox 1527 1039 1617 1094; x_wconf 83' lang='grc' dir='ltr'>τὸν</span> 
     </span>
    </p>
   </div>
   <div class='ocr_carea' id='block_1_14' title="bbox 29 1117 1618 1203">
    <p class='ocr_par' dir='ltr' id='par_1_14' title="bbox 29 1117 1618 1203">
     <span class='ocr_line' id='line_1_14' title="bbox 29 1117 1618 1203; baseline 0.008 -32"><span class='ocrx_word' id='word_1_87' title='bbox 29 1117 180 1185; x_wconf 74' lang='grc' dir='ltr'>ἅγιον</span> <span class='ocrx_word' id='word_1_88' title='bbox 203 1119 386 1173; x_wconf 81' lang='grc' dir='ltr'>αὐτῶν</span> <span class='ocrx_word' id='word_1_89' title='bbox 423 1122 559 1193; x_wconf 87' lang='grc' dir='ltr'><strong>μετά</strong></span> <span class='ocrx_word' id='word_1_90' title='bbox 587 1123 678 1178; x_wconf 80' lang='grc' dir='ltr'><strong>τὸν</strong></span> <span class='ocrx_word' id='word_1_91' title='bbox 700 1123 834 1179; x_wconf 82' lang='grc' dir='ltr'>Θεὸν</span> <span class='ocrx_word' id='word_1_92' title='bbox 867 1128 924 1180; x_wconf 80' lang='grc' dir='ltr'>ὲν</span> <span class='ocrx_word' id='word_1_93' title='bbox 951 1129 1174 1201; x_wconf 82' lang='grc' dir='ltr'><strong>Χριστῷ</strong></span> <span class='ocrx_word' id='word_1_94' title='bbox 1202 1131 1436 1203; x_wconf 83' lang='grc' dir='ltr'><strong>πατέρα,</strong></span> <span class='ocrx_word' id='word_1_95' title='bbox 1473 1149 1546 1202; x_wconf 87' lang='grc' dir='ltr'><strong>φη</strong></span> <span class='ocrx_word' id='word_1_96' title='bbox 1557 1132 1618 1203; x_wconf 76' lang='grc' dir='ltr'>μὶ</span> 
     </span>
    </p>
   </div>
   <div class='ocr_carea' id='block_1_15' title="bbox 29 1209 1618 1290">
    <p class='ocr_par' dir='ltr' id='par_1_15' title="bbox 29 1209 1618 1290">
     <span class='ocr_line' id='line_1_15' title="bbox 29 1209 1618 1290; baseline 0.01 -29"><span class='ocrx_word' id='word_1_97' title='bbox 29 1209 82 1262; x_wconf 77' lang='grc' dir='ltr'>δὲ</span> <span class='ocrx_word' id='word_1_98' title='bbox 113 1209 332 1264; x_wconf 85' lang='grc' dir='ltr'>Παῦλον</span> <span class='ocrx_word' id='word_1_99' title='bbox 373 1214 657 1290; x_wconf 24' lang='grc' dir='ltr'>τὸν-ἅγιον</span> <span class='ocrx_word' id='word_1_100' title='bbox 688 1217 1008 1284; x_wconf 80' lang='grc' dir='ltr'>ἀπόστολον,</span> <span class='ocrx_word' id='word_1_101' title='bbox 1054 1223 1150 1275; x_wconf 76' lang='grc' dir='ltr'>καὶ</span> <span class='ocrx_word' id='word_1_102' title='bbox 1183 1223 1356 1287; x_wconf 78' lang='grc' dir='ltr'>αὐτοὶ,</span> <span class='ocrx_word' id='word_1_103' title='bbox 1391 1224 1531 1278; x_wconf 87' lang='grc' dir='ltr'><strong>κατά</strong></span> <span class='ocrx_word' id='word_1_104' title='bbox 1555 1223 1618 1277; x_wconf 84' lang='grc' dir='ltr'>τὺ</span> 
     </span>
    </p>
   </div>
   <div class='ocr_carea' id='block_1_16' title="bbox 29 1301 1616 1380">
    <p class='ocr_par' dir='ltr' id='par_1_16' title="bbox 29 1301 1616 1380">
     <span class='ocr_line' id='line_1_16' title="bbox 29 1301 1616 1380; baseline 0.011 -27"><span class='ocrx_word' id='word_1_105' title='bbox 29 1301 270 1368; x_wconf 73' lang='grc' dir='ltr'>δυνατὸν,</span> <span class='ocrx_word' id='word_1_106' title='bbox 327 1307 375 1358; x_wconf 83' lang='grc' dir='ltr'><strong>εί</strong></span> <span class='ocrx_word' id='word_1_107' title='bbox 420 1309 513 1360; x_wconf 79' lang='grc' dir='ltr'>καὶ</span> <span class='ocrx_word' id='word_1_108' title='bbox 567 1307 640 1379; x_wconf 78' lang='grc' dir='ltr'>μὴ</span> <span class='ocrx_word' id='word_1_109' title='bbox 694 1310 914 1376; x_wconf 87' lang='grc' dir='ltr'>πάντες,</span> <span class='ocrx_word' id='word_1_110' title='bbox 975 1313 1090 1366; x_wconf 86' lang='grc' dir='ltr'>ἀλλ’</span> <span class='ocrx_word' id='word_1_111' title='bbox 1124 1318 1173 1368; x_wconf 86' lang='grc' dir='ltr'>οῑ</span> <span class='ocrx_word' id='word_1_112' title='bbox 1219 1315 1441 1380; x_wconf 87' lang='grc' dir='ltr'>πλείους</span> <span class='ocrx_word' id='word_1_113' title='bbox 1494 1319 1616 1380; x_wconf 81' lang='grc' dir='ltr'>ταῖς</span> 
     </span>
    </p>
   </div>
   <div class='ocr_carea' id='block_1_17' title="bbox 35 1393 1614 1480">
    <p class='ocr_par' dir='ltr' id='par_1_17' title="bbox 35 1393 1614 1480">
     <span class='ocr_line' id='line_1_17' title="bbox 35 1393 1614 1480; baseline 0.011 -35"><span class='ocrx_word' id='word_1_114' title='bbox 35 1393 186 1458; x_wconf 80' lang='grc' dir='ltr'>ἰδίαις</span> <span class='ocrx_word' id='word_1_115' title='bbox 220 1399 412 1468; x_wconf 81' lang='grc' dir='ltr'>χερσὶν</span> <span class='ocrx_word' id='word_1_116' title='bbox 440 1401 819 1472; x_wconf 80' lang='grc' dir='ltr'>ἐργαζόμενοι,</span> <span class='ocrx_word' id='word_1_117' title='bbox 848 1406 965 1459; x_wconf 78' lang='grc' dir='ltr'>οἷαν</span> <span class='ocrx_word' id='word_1_118' title='bbox 993 1407 1038 1458; x_wconf 86' lang='grc' dir='ltr'>δ’</span> <span class='ocrx_word' id='word_1_119' title='bbox 1068 1408 1345 1476; x_wconf 81' lang='grc' dir='ltr'><strong>ἀναλόγως</strong></span> <span class='ocrx_word' id='word_1_120' title='bbox 1369 1409 1614 1480; x_wconf 84' lang='grc' dir='ltr'>συμπρέ-</span> 
     </span>
    </p>
   </div>
   <div class='ocr_carea' id='block_1_18' title="bbox 31 1488 1612 1574">
    <p class='ocr_par' dir='ltr' id='par_1_18' title="bbox 31 1488 1612 1574">
     <span class='ocr_line' id='line_1_18' title="bbox 31 1488 1612 1574; baseline 0.012 -36"><span class='ocrx_word' id='word_1_121' title='bbox 31 1505 230 1540; x_wconf 80' lang='grc' dir='ltr'>πουσαν</span> <span class='ocrx_word' id='word_1_122' title='bbox 266 1488 348 1560; x_wconf 85' lang='grc' dir='ltr'>τῷ</span> <span class='ocrx_word' id='word_1_123' title='bbox 377 1489 669 1563; x_wconf 81' lang='grc' dir='ltr'>ἀξιώματι,</span> <span class='ocrx_word' id='word_1_124' title='bbox 698 1497 914 1567; x_wconf 73' lang='grc' dir='ltr'>καὶτῆς</span> <span class='ocrx_word' id='word_1_125' title='bbox 949 1499 1414 1572; x_wconf 80' lang='grc' dir='ltr'>ἐκκλησιαστικῆς</span> <span class='ocrx_word' id='word_1_126' title='bbox 1450 1519 1612 1574; x_wconf 78' lang='grc' dir='ltr'>φρον-</span> 
     </span>
    </p>
   </div>
   <div class='ocr_carea' id='block_1_19' title="bbox 31 1579 1611 1665">
    <p class='ocr_par' dir='ltr' id='par_1_19' title="bbox 31 1579 1611 1665">
     <span class='ocr_line' id='line_1_19' title="bbox 31 1579 1611 1665; baseline 0.01 -33"><span class='ocrx_word' id='word_1_127' title='bbox 31 1579 162 1644; x_wconf 82' lang='grc' dir='ltr'>τὶδος</span> <span class='ocrx_word' id='word_1_128' title='bbox 195 1581 506 1656; x_wconf 73' lang='grc' dir='ltr'>ὲνδελεχείᾳ</span> <span class='ocrx_word' id='word_1_129' title='bbox 549 1585 759 1659; x_wconf 76' lang='grc' dir='ltr'>εὕροιεν</span> <span class='ocrx_word' id='word_1_130' title='bbox 783 1588 1001 1660; x_wconf 84' lang='grc' dir='ltr'>τέχνην,</span> <span class='ocrx_word' id='word_1_131' title='bbox 1038 1593 1187 1658; x_wconf 84' lang='grc' dir='ltr'>ὅπως</span> <span class='ocrx_word' id='word_1_132' title='bbox 1233 1593 1372 1665; x_wconf 88' lang='grc' dir='ltr'><strong>μετά</strong></span> <span class='ocrx_word' id='word_1_133' title='bbox 1397 1593 1492 1649; x_wconf 85' lang='grc' dir='ltr'><strong>τοῦ</strong></span> <span class='ocrx_word' id='word_1_134' title='bbox 1523 1595 1611 1648; x_wconf 85' lang='grc' dir='ltr'>λό-</span> 
     </span>
    </p>
   </div>
   <div class='ocr_carea' id='block_1_20' title="bbox 31 1671 1611 1761">
    <p class='ocr_par' dir='ltr' id='par_1_20' title="bbox 31 1671 1611 1761">
     <span class='ocr_line' id='line_1_20' title="bbox 31 1671 1611 1761; baseline 0.012 -39"><span class='ocrx_word' id='word_1_135' title='bbox 31 1688 120 1737; x_wconf 81' lang='grc' dir='ltr'><strong>γου</strong></span> <span class='ocrx_word' id='word_1_136' title='bbox 150 1671 244 1725; x_wconf 76' lang='grc' dir='ltr'><strong>καὶ</strong></span> <span class='ocrx_word' id='word_1_137' title='bbox 274 1674 372 1727; x_wconf 89' lang='grc' dir='ltr'><strong>τοῦ</strong></span> <span class='ocrx_word' id='word_1_138' title='bbox 407 1675 760 1748; x_wconf 82' lang='grc' dir='ltr'>κηρύγματος</span> <span class='ocrx_word' id='word_1_139' title='bbox 790 1683 822 1751; x_wconf 79' lang='grc' dir='ltr'><strong>ἡ</strong></span> <span class='ocrx_word' id='word_1_140' title='bbox 853 1683 1153 1754; x_wconf 81' lang='grc' dir='ltr'>συνείδησις</span> <span class='ocrx_word' id='word_1_141' title='bbox 1176 1686 1362 1761; x_wconf 86' lang='grc' dir='ltr'>χαίρῃ,</span> <span class='ocrx_word' id='word_1_142' title='bbox 1400 1688 1492 1741; x_wconf 80' lang='grc' dir='ltr'><strong>καὶ</strong></span> <span class='ocrx_word' id='word_1_143' title='bbox 1522 1687 1611 1742; x_wconf 87' lang='grc' dir='ltr'>διὰ</span> 
     </span>
    </p>
   </div>
   <div class='ocr_carea' id='block_1_21' title="bbox 1797 947 3310 1018">
    <p class='ocr_par' dir='ltr' id='par_1_21' title="bbox 1797 947 3310 1018">
     <span class='ocr_line' id='line_1_21' title="bbox 1797 947 3310 1018; baseline 0.003 -16"><span class='ocrx_word' id='word_1_144' title='bbox 1797 947 1888 1003; x_wconf 78' lang='lat' dir='ltr'><strong>VI.</strong></span> <span class='ocrx_word' id='word_1_145' title='bbox 1929 947 2010 1004; x_wconf 92' lang='lat' dir='ltr'><strong>Illi</strong></span> <span class='ocrx_word' id='word_1_146' title='bbox 2043 951 2190 1005; x_wconf 91' lang='lat' dir='ltr'><strong>enim</strong></span> <span class='ocrx_word' id='word_1_147' title='bbox 2224 951 2440 1007; x_wconf 87' lang='lat' dir='ltr'><strong>tametsi</strong></span> <span class='ocrx_word' id='word_1_148' title='bbox 2473 965 2504 1006; x_wconf 90' lang='lat' dir='ltr'><strong>e</strong></span> <span class='ocrx_word' id='word_1_149' title='bbox 2537 951 2884 1006; x_wconf 87' lang='lat' dir='ltr'><strong>sacerdotum</strong></span> <span class='ocrx_word' id='word_1_150' title='bbox 2919 965 3148 1006; x_wconf 90' lang='lat' dir='ltr'><strong>numero</strong></span> <span class='ocrx_word' id='word_1_151' title='bbox 3177 952 3310 1018; x_wconf 90' lang='lat' dir='ltr'><strong>sint,</strong></span> 
     </span>
    </p>
   </div>
   <div class='ocr_carea' id='block_1_22' title="bbox 1725 1041 3316 1100">
    <p class='ocr_par' dir='ltr' id='par_1_22' title="bbox 1725 1041 3316 1100">
     <span class='ocr_line' id='line_1_22' title="bbox 1725 1041 3316 1100; baseline 0.003 -5"><span class='ocrx_word' id='word_1_152' title='bbox 1725 1041 1791 1095; x_wconf 90' lang='lat' dir='ltr'><strong>ad</strong></span> <span class='ocrx_word' id='word_1_153' title='bbox 1853 1041 2189 1096; x_wconf 88' lang='lat' dir='ltr'><strong>sanctissimi</strong></span> <span class='ocrx_word' id='word_1_154' title='bbox 2253 1043 2338 1097; x_wconf 88' lang='lat' dir='ltr'><strong>sui</strong></span> <span class='ocrx_word' id='word_1_155' title='bbox 2398 1041 2704 1098; x_wconf 90' lang='lat' dir='ltr'><strong>secundum</strong></span> <span class='ocrx_word' id='word_1_156' title='bbox 2763 1041 2932 1096; x_wconf 89' lang='lat' dir='ltr'><strong>Deum</strong></span> <span class='ocrx_word' id='word_1_157' title='bbox 2989 1043 3042 1097; x_wconf 92' lang='lat' dir='ltr'><strong>in</strong></span> <span class='ocrx_word' id='word_1_158' title='bbox 3091 1043 3316 1100; x_wconf 84' lang='lat' dir='ltr'><strong>Christo</strong></span> 
     </span>
    </p>
   </div>
   <div class='ocr_carea' id='block_1_23' title="bbox 1723 1132 3312 1208">
    <p class='ocr_par' dir='ltr' id='par_1_23' title="bbox 1723 1132 3312 1208">
     <span class='ocr_line' id='line_1_23' title="bbox 1723 1132 3312 1208; baseline 0.003 -22"><span class='ocrx_word' id='word_1_159' title='bbox 1723 1132 1896 1203; x_wconf 87' lang='lat' dir='ltr'><strong>patris</strong></span> <span class='ocrx_word' id='word_1_160' title='bbox 1947 1133 2306 1188; x_wconf 86' lang='lat' dir='ltr'><strong>imitationem</strong></span> <span class='ocrx_word' id='word_1_161' title='bbox 2355 1133 2606 1205; x_wconf 69' lang='lat' dir='ltr'><strong>(Paulum</strong></span> <span class='ocrx_word' id='word_1_162' title='bbox 2671 1134 2980 1204; x_wconf 83' lang='lat' dir='ltr'><strong>apostolum</strong></span> <span class='ocrx_word' id='word_1_163' title='bbox 3045 1135 3312 1208; x_wconf 78' lang='lat' dir='ltr'><strong>intelligo)</strong></span> 
     </span>
    </p>
   </div>
   <div class='ocr_carea' id='block_1_24' title="bbox 1721 1227 3315 1298">
    <p class='ocr_par' dir='ltr' id='par_1_24' title="bbox 1721 1227 3315 1298">
     <span class='ocr_line' id='line_1_24' title="bbox 1721 1227 3315 1298; baseline -0.001 -15"><span class='ocrx_word' id='word_1_164' title='bbox 1721 1244 1832 1283; x_wconf 87' lang='lat' dir='ltr'><strong>non</strong></span> <span class='ocrx_word' id='word_1_165' title='bbox 1861 1243 2053 1283; x_wconf 91' lang='lat' dir='ltr'><strong>omnes</strong></span> <span class='ocrx_word' id='word_1_166' title='bbox 2083 1229 2326 1298; x_wconf 87' lang='lat' dir='ltr'><strong>quidem,</strong></span> <span class='ocrx_word' id='word_1_167' title='bbox 2367 1227 2462 1282; x_wconf 88' lang='lat' dir='ltr'><strong>sed</strong></span> <span class='ocrx_word' id='word_1_168' title='bbox 2495 1227 2742 1298; x_wconf 87' lang='lat' dir='ltr'><strong>plerique</strong></span> <span class='ocrx_word' id='word_1_169' title='bbox 2795 1235 2978 1280; x_wconf 90' lang='lat' dir='ltr'><strong>tamen</strong></span> <span class='ocrx_word' id='word_1_170' title='bbox 3019 1227 3086 1280; x_wconf 89' lang='lat' dir='ltr'><strong>ad</strong></span> <span class='ocrx_word' id='word_1_171' title='bbox 3132 1241 3315 1282; x_wconf 80' lang='lat' dir='ltr'><strong>susce-</strong></span> 
     </span>
    </p>
   </div>
   <div class='ocr_carea' id='block_1_25' title="bbox 1719 1321 3312 1393">
    <p class='ocr_par' dir='ltr' id='par_1_25' title="bbox 1719 1321 3312 1393">
     <span class='ocr_line' id='line_1_25' title="bbox 1719 1321 3312 1393; baseline -0.003 -17"><span class='ocrx_word' id='word_1_172' title='bbox 1719 1331 1868 1393; x_wconf 90' lang='lat' dir='ltr'><strong>ptam</strong></span> <span class='ocrx_word' id='word_1_173' title='bbox 1893 1322 2064 1376; x_wconf 87' lang='lat' dir='ltr'><strong>divini</strong></span> <span class='ocrx_word' id='word_1_174' title='bbox 2087 1321 2239 1376; x_wconf 88' lang='lat' dir='ltr'><strong>verbi</strong></span> <span class='ocrx_word' id='word_1_175' title='bbox 2271 1321 2713 1391; x_wconf 64' lang='lat' dir='ltr'><strong>praedicationem</strong></span> <span class='ocrx_word' id='word_1_176' title='bbox 2733 1327 3015 1373; x_wconf 83' lang='lat' dir='ltr'><strong>externam</strong></span> <span class='ocrx_word' id='word_1_177' title='bbox 3051 1333 3312 1372; x_wconf 87' lang='lat' dir='ltr'><strong>manuum</strong></span> 
     </span>
    </p>
   </div>
   <div class='ocr_carea' id='block_1_26' title="bbox 1719 1411 3313 1485">
    <p class='ocr_par' dir='ltr' id='par_1_26' title="bbox 1719 1411 3313 1485">
     <span class='ocr_line' id='line_1_26' title="bbox 1719 1411 3313 1485; baseline -0.003 -16"><span class='ocrx_word' id='word_1_178' title='bbox 1719 1429 1942 1485; x_wconf 86' lang='lat' dir='ltr'><strong>Operam</strong></span> <span class='ocrx_word' id='word_1_179' title='bbox 1991 1413 2333 1483; x_wconf 75' lang='lat' dir='ltr'><strong>adiungunt;</strong></span> <span class='ocrx_word' id='word_1_180' title='bbox 2399 1427 2792 1483; x_wconf 84' lang='lat' dir='ltr'><strong>quamcunque</strong></span> <span class='ocrx_word' id='word_1_181' title='bbox 2849 1411 3068 1465; x_wconf 89' lang='lat' dir='ltr'><strong>demum</strong></span> <span class='ocrx_word' id='word_1_182' title='bbox 3137 1419 3313 1464; x_wconf 85' lang='lat' dir='ltr'><strong>artem</strong></span> 
     </span>
    </p>
   </div>
   <div class='ocr_carea' id='block_1_27' title="bbox 1718 1501 3314 1577">
    <p class='ocr_par' dir='ltr' id='par_1_27' title="bbox 1718 1501 3314 1577">
     <span class='ocr_line' id='line_1_27' title="bbox 1718 1501 3314 1577; baseline -0.002 -17"><span class='ocrx_word' id='word_1_183' title='bbox 1718 1507 1898 1577; x_wconf 92' lang='lat' dir='ltr'><strong>adepti</strong></span> <span class='ocrx_word' id='word_1_184' title='bbox 1938 1505 2066 1572; x_wconf 89' lang='lat' dir='ltr'><strong>sint,</strong></span> <span class='ocrx_word' id='word_1_185' title='bbox 2091 1521 2210 1574; x_wconf 77' lang='lat' dir='ltr'><strong>qua:</strong></span> <span class='ocrx_word' id='word_1_186' title='bbox 2229 1519 2329 1560; x_wconf 91' lang='lat' dir='ltr'><strong>nec</strong></span> <span class='ocrx_word' id='word_1_187' title='bbox 2345 1521 2375 1560; x_wconf 95' lang='lat' dir='ltr'><strong>e</strong></span> <span class='ocrx_word' id='word_1_188' title='bbox 2391 1505 2657 1574; x_wconf 82' lang='lat' dir='ltr'><strong>dignitate</strong></span> <span class='ocrx_word' id='word_1_189' title='bbox 2677 1519 2798 1568; x_wconf 90' lang='lat' dir='ltr'><strong>sua,</strong></span> <span class='ocrx_word' id='word_1_190' title='bbox 2837 1517 2940 1557; x_wconf 88' lang='lat' dir='ltr'><strong>nec</strong></span> <span class='ocrx_word' id='word_1_191' title='bbox 2963 1503 3032 1558; x_wconf 88' lang='lat' dir='ltr'><strong>ab</strong></span> <span class='ocrx_word' id='word_1_192' title='bbox 3054 1501 3314 1558; x_wconf 67' lang='lat' dir='ltr'><strong>Ecclesiae</strong></span> 
     </span>
    </p>
   </div>
   <div class='ocr_carea' id='block_1_28' title="bbox 1717 1593 3310 1671">
    <p class='ocr_par' dir='ltr' id='par_1_28' title="bbox 1717 1593 3310 1671">
     <span class='ocr_line' id='line_1_28' title="bbox 1717 1593 3310 1671; baseline -0.006 -16"><span class='ocrx_word' id='word_1_193' title='bbox 1717 1613 1850 1655; x_wconf 89' lang='lat' dir='ltr'><strong>cura</strong></span> <span class='ocrx_word' id='word_1_194' title='bbox 1863 1615 2024 1671; x_wconf 87' lang='lat' dir='ltr'><strong>quam</strong></span> <span class='ocrx_word' id='word_1_195' title='bbox 2043 1608 2360 1670; x_wconf 87' lang='lat' dir='ltr'><strong>perpetuam</strong></span> <span class='ocrx_word' id='word_1_196' title='bbox 2388 1605 2604 1668; x_wconf 82' lang='lat' dir='ltr'><strong>gerunt,</strong></span> <span class='ocrx_word' id='word_1_197' title='bbox 2625 1595 2948 1658; x_wconf 80' lang='lat' dir='ltr'><strong>abhorreat,</strong></span> <span class='ocrx_word' id='word_1_198' title='bbox 2975 1601 3035 1647; x_wconf 93' lang='lat' dir='ltr'><strong>ut</strong></span> <span class='ocrx_word' id='word_1_199' title='bbox 3063 1593 3310 1663; x_wconf 87' lang='lat' dir='ltr'><strong>ipsorum</strong></span> 
     </span>
    </p>
   </div>
   <div class='ocr_carea' id='block_1_29' title="bbox 1717 1685 3312 1760">
    <p class='ocr_par' dir='ltr' id='par_1_29' title="bbox 1717 1685 3312 1760">
     <span class='ocr_line' id='line_1_29' title="bbox 1717 1685 3312 1760; baseline -0.004 -14"><span class='ocrx_word' id='word_1_200' title='bbox 1717 1692 2080 1759; x_wconf 86' lang='lat' dir='ltr'><strong>conscientia,</strong></span> <span class='ocrx_word' id='word_1_201' title='bbox 2119 1697 2318 1760; x_wconf 87' lang='lat' dir='ltr'><strong>praeter</strong></span> <span class='ocrx_word' id='word_1_202' title='bbox 2369 1690 2520 1744; x_wconf 89' lang='lat' dir='ltr'><strong>illum</strong></span> <span class='ocrx_word' id='word_1_203' title='bbox 2569 1689 2740 1742; x_wconf 78' lang='lat' dir='ltr'><strong>divini</strong></span> <span class='ocrx_word' id='word_1_204' title='bbox 2785 1686 2936 1740; x_wconf 85' lang='lat' dir='ltr'><strong>verbi</strong></span> <span class='ocrx_word' id='word_1_205' title='bbox 2973 1685 3312 1755; x_wconf 68' lang='lat' dir='ltr'><strong>prmtlicandi</strong></span> 
     </span>
    </p>
   </div>
   <div class='ocr_carea' id='block_1_30' title="bbox 35 1765 1611 1852">
    <p class='ocr_par' dir='ltr' id='par_1_30' title="bbox 35 1765 1607 1850">
     <span class='ocr_line' id='line_1_30' title="bbox 35 1765 1607 1850; baseline 0.013 -38"><span class='ocrx_word' id='word_1_206' title='bbox 35 1765 220 1832; x_wconf 79' lang='grc' dir='ltr'>χειρῶν</span> <span class='ocrx_word' id='word_1_207' title='bbox 245 1765 395 1819; x_wconf 81' lang='grc' dir='ltr'>ίδίων</span> <span class='ocrx_word' id='word_1_208' title='bbox 419 1769 863 1840; x_wconf 73' lang='grc' dir='ltr'>καρποφοροῦσα,</span> <span class='ocrx_word' id='word_1_209' title='bbox 886 1775 980 1826; x_wconf 77' lang='grc' dir='ltr'><strong>καὶ</strong></span> <span class='ocrx_word' id='word_1_210' title='bbox 1005 1776 1169 1848; x_wconf 79' lang='grc' dir='ltr'>ἑαυτῇ</span> <span class='ocrx_word' id='word_1_211' title='bbox 1197 1779 1607 1850; x_wconf 81' lang='grc' dir='ltr'>ἐπαρκουμένη,</span> 
     </span>
    </p>
   </div>
   <div class='ocr_carea' id='block_1_31' title="bbox 1794 1765 3312 1852">
    <p class='ocr_par' dir='ltr' id='par_1_31' title="bbox 1794 1775 3312 1852">
     <span class='ocr_line' id='line_1_31' title="bbox 1794 1775 3312 1852; baseline 0 -22"><span class='ocrx_word' id='word_1_212' title='bbox 1794 1797 1973 1844; x_wconf 75' lang='lat' dir='ltr'><strong>.orem,</strong></span> <span class='ocrx_word' id='word_1_213' title='bbox 2025 1782 2370 1852; x_wconf 89' lang='lat' dir='ltr'><strong>pr0priarum</strong></span> <span class='ocrx_word' id='word_1_214' title='bbox 2411 1795 2671 1834; x_wconf 90' lang='lat' dir='ltr'><strong>manuum</strong></span> <span class='ocrx_word' id='word_1_215' title='bbox 2717 1777 2956 1831; x_wconf 88' lang='lat' dir='ltr'><strong>fructum</strong></span> <span class='ocrx_word' id='word_1_216' title='bbox 3001 1775 3204 1836; x_wconf 85' lang='lat' dir='ltr'><strong>ferens,</strong></span> <span class='ocrx_word' id='word_1_217' title='bbox 3245 1789 3312 1831; x_wconf 87' lang='lat' dir='ltr'><strong>ac</strong></span> 
     </span>
    </p>
   </div>
   <div class='ocr_carea' id='block_1_32' title="bbox 32 1856 1614 1941">
    <p class='ocr_par' dir='ltr' id='par_1_32' title="bbox 32 1856 1614 1941">
     <span class='ocr_line' id='line_1_32' title="bbox 32 1856 1614 1941; baseline 0.012 -36"><span class='ocrx_word' id='word_1_218' title='bbox 32 1857 132 1916; x_wconf 77' lang='grc' dir='ltr'>τοῖς</span> <span class='ocrx_word' id='word_1_219' title='bbox 179 1873 240 1906; x_wconf 86' lang='grc' dir='ltr'><strong>τε</strong></span> <span class='ocrx_word' id='word_1_220' title='bbox 293 1856 542 1926; x_wconf 77' lang='grc' dir='ltr'><strong>ἀδελφοῖς</strong></span> <span class='ocrx_word' id='word_1_221' title='bbox 592 1862 686 1914; x_wconf 72' lang='grc' dir='ltr'><strong>καὶ</strong></span> <span class='ocrx_word' id='word_1_222' title='bbox 727 1863 1058 1934; x_wconf 81' lang='grc' dir='ltr'>ἐνδεομένοις</span> <span class='ocrx_word' id='word_1_223' title='bbox 1099 1867 1198 1939; x_wconf 81' lang='grc' dir='ltr'><strong>τὴν</strong></span> <span class='ocrx_word' id='word_1_224' title='bbox 1249 1869 1386 1939; x_wconf 87' lang='grc' dir='ltr'><strong>μετά</strong></span> <span class='ocrx_word' id='word_1_225' title='bbox 1425 1873 1614 1941; x_wconf 87' lang='grc' dir='ltr'>χεῖρας</span> 
     </span>
    </p>
   </div>
   <div class='ocr_carea' id='block_1_33' title="bbox 31 1947 1615 2032">
    <p class='ocr_par' dir='ltr' id='par_1_33' title="bbox 31 1947 1615 2032">
     <span class='ocr_line' id='line_1_33' title="bbox 31 1947 1615 2032; baseline 0.012 -35"><span class='ocrx_word' id='word_1_226' title='bbox 31 1947 370 2016; x_wconf 83' lang='grc' dir='ltr'>οἰκονομίαν·</span> <span class='ocrx_word' id='word_1_227' title='bbox 402 1951 666 2023; x_wconf 85' lang='grc' dir='ltr'>ἀπαρχῶν</span> <span class='ocrx_word' id='word_1_228' title='bbox 697 1953 774 2018; x_wconf 84' lang='grc' dir='ltr'><strong>δὲ,</strong></span> <span class='ocrx_word' id='word_1_229' title='bbox 811 1956 973 2026; x_wconf 67' lang='grc' dir='ltr'>φημὶ,</span> <span class='ocrx_word' id='word_1_230' title='bbox 1020 1959 1114 2011; x_wconf 72' lang='grc' dir='ltr'><strong>καὶ</strong></span> <span class='ocrx_word' id='word_1_231' title='bbox 1143 1961 1490 2032; x_wconf 81' lang='grc' dir='ltr'>προσφορῶν,</span> <span class='ocrx_word' id='word_1_232' title='bbox 1521 1963 1615 2016; x_wconf 61' lang='grc' dir='ltr'><strong>καὶ¹</strong></span> 
     </span>
    </p>
   </div>
   <div class='ocr_carea' id='block_1_34' title="bbox 34 2037 1614 2129">
    <p class='ocr_par' dir='ltr' id='par_1_34' title="bbox 34 2037 1614 2129">
     <span class='ocr_line' id='line_1_34' title="bbox 34 2037 1614 2129; baseline 0.015 -41"><span class='ocrx_word' id='word_1_233' title='bbox 34 2037 86 2101; x_wconf 68' lang='grc' dir='ltr'>ἐξ</span> <span class='ocrx_word' id='word_1_234' title='bbox 113 2039 292 2092; x_wconf 83' lang='grc' dir='ltr'>αὐτῶν</span> <span class='ocrx_word' id='word_1_235' title='bbox 335 2041 446 2114; x_wconf 71' lang='lat'><strong>(2&#39;5)</strong></span> <span class='ocrx_word' id='word_1_236' title='bbox 477 2043 586 2096; x_wconf 84' lang='grc' dir='ltr'>τῶν</span> <span class='ocrx_word' id='word_1_237' title='bbox 607 2046 692 2099; x_wconf 81' lang='grc' dir='ltr'><strong>διὰ</strong></span> <span class='ocrx_word' id='word_1_238' title='bbox 720 2048 920 2120; x_wconf 85' lang='grc' dir='ltr'>χειρῶν</span> <span class='ocrx_word' id='word_1_239' title='bbox 953 2051 1330 2123; x_wconf 73' lang='grc' dir='ltr'>εἰργασμένων</span> <span class='ocrx_word' id='word_1_240' title='bbox 1353 2055 1420 2108; x_wconf 81' lang='grc' dir='ltr'>δι’</span> <span class='ocrx_word' id='word_1_241' title='bbox 1445 2056 1614 2129; x_wconf 84' lang='grc' dir='ltr'>ὑπερ-</span> 
     </span>
    </p>
   </div>
   <div class='ocr_carea' id='block_1_35' title="bbox 37 2129 1613 2214">
    <p class='ocr_par' dir='ltr' id='par_1_35' title="bbox 37 2129 1613 2214">
     <span class='ocr_line' id='line_1_35' title="bbox 37 2129 1613 2214; baseline 0.013 -34"><span class='ocrx_word' id='word_1_242' title='bbox 37 2129 182 2200; x_wconf 67' lang='grc' dir='ltr'>ϐολὴν</span> <span class='ocrx_word' id='word_1_243' title='bbox 211 2130 512 2197; x_wconf 80' lang='grc' dir='ltr'>διαθέσεως</span> <span class='ocrx_word' id='word_1_244' title='bbox 551 2135 686 2207; x_wconf 85' lang='grc' dir='ltr'>πρὸς</span> <span class='ocrx_word' id='word_1_245' title='bbox 706 2137 858 2204; x_wconf 78' lang='grc' dir='ltr'>Θεὸν,</span> <span class='ocrx_word' id='word_1_246' title='bbox 890 2142 984 2194; x_wconf 76' lang='grc' dir='ltr'><strong>καὶ</strong></span> <span class='ocrx_word' id='word_1_247' title='bbox 1012 2144 1126 2206; x_wconf 86' lang='grc' dir='ltr'>τοῖς</span> <span class='ocrx_word' id='word_1_248' title='bbox 1154 2144 1324 2208; x_wconf 84' lang='grc' dir='ltr'>πέλας</span> <span class='ocrx_word' id='word_1_249' title='bbox 1348 2147 1613 2214; x_wconf 79' lang='grc' dir='ltr'>ἑκουσίως</span> 
     </span>
    </p>
   </div>
   <div class='ocr_carea' id='block_1_36' title="bbox 37 2223 1608 2307">
    <p class='ocr_par' dir='ltr' id='par_1_36' title="bbox 37 2223 1608 2307">
     <span class='ocr_line' id='line_1_36' title="bbox 37 2223 1608 2307; baseline 0.013 -34"><span class='ocrx_word' id='word_1_250' title='bbox 37 2223 420 2290; x_wconf 67' lang='grc' dir='ltr'>μεταδιδοῦσα*</span> <span class='ocrx_word' id='word_1_251' title='bbox 449 2227 628 2281; x_wconf 88' lang='grc' dir='ltr'>καίτοι</span> <span class='ocrx_word' id='word_1_252' title='bbox 672 2247 737 2298; x_wconf 90' lang='grc' dir='ltr'><strong>γε</strong></span> <span class='ocrx_word' id='word_1_253' title='bbox 789 2231 862 2302; x_wconf 79' lang='grc' dir='ltr'>μὴ</span> <span class='ocrx_word' id='word_1_254' title='bbox 907 2233 1369 2307; x_wconf 80' lang='grc' dir='ltr'>ἀναγκαζομένων</span> <span class='ocrx_word' id='word_1_255' title='bbox 1408 2238 1608 2305; x_wconf 84' lang='grc' dir='ltr'>αὐτῶν,</span> 
     </span>
    </p>
   </div>
   <div class='ocr_carea' id='block_1_37' title="bbox 37 2314 1612 2399">
    <p class='ocr_par' dir='ltr' id='par_1_37' title="bbox 37 2314 1612 2399">
     <span class='ocr_line' id='line_1_37' title="bbox 37 2314 1612 2399; baseline 0.013 -36"><span class='ocrx_word' id='word_1_256' title='bbox 37 2314 162 2382; x_wconf 79' lang='grc' dir='ltr'>μήτε</span> <span class='ocrx_word' id='word_1_257' title='bbox 197 2319 702 2390; x_wconf 86' lang='grc' dir='ltr'>κατακρινομένων,</span> <span class='ocrx_word' id='word_1_258' title='bbox 732 2322 866 2377; x_wconf 86' lang='grc' dir='ltr'><strong>ἀλλά</strong></span> <span class='ocrx_word' id='word_1_259' title='bbox 891 2325 1239 2399; x_wconf 81' lang='grc' dir='ltr'>δικαιοσύνης</span> <span class='ocrx_word' id='word_1_260' title='bbox 1267 2328 1466 2394; x_wconf 80' lang='grc' dir='ltr'>πόνους</span> <span class='ocrx_word' id='word_1_261' title='bbox 1518 2333 1612 2386; x_wconf 73' lang='grc' dir='ltr'><strong>καὶ</strong></span> 
     </span>
    </p>
   </div>
   <div class='ocr_carea' id='block_1_38' title="bbox 35 2406 1612 2487">
    <p class='ocr_par' dir='ltr' id='par_1_38' title="bbox 35 2406 1612 2487">
     <span class='ocr_line' id='line_1_38' title="bbox 35 2406 1612 2487; baseline 0.014 -31"><span class='ocrx_word' id='word_1_262' title='bbox 35 2406 280 2474; x_wconf 78' lang='grc' dir='ltr'>ἐργασίαν</span> <span class='ocrx_word' id='word_1_263' title='bbox 317 2411 779 2486; x_wconf 78' lang='grc' dir='ltr'>ἐκκλησιαστικὴν</span> <span class='ocrx_word' id='word_1_264' title='bbox 813 2418 1066 2487; x_wconf 81' lang='grc' dir='ltr'>ἑχόντων,</span> <span class='ocrx_word' id='word_1_265' title='bbox 1107 2421 1200 2474; x_wconf 78' lang='grc' dir='ltr'><strong>καὶ</strong></span> <span class='ocrx_word' id='word_1_266' title='bbox 1230 2424 1371 2476; x_wconf 84' lang='grc' dir='ltr'>κατὰ</span> <span class='ocrx_word' id='word_1_267' title='bbox 1405 2424 1612 2478; x_wconf 90' lang='grc' dir='ltr'>δικαιο-</span> 
     </span>
    </p>
   </div>
   <div class='ocr_carea' id='block_1_39' title="bbox 40 2495 1610 2582">
    <p class='ocr_par' dir='ltr' id='par_1_39' title="bbox 40 2495 1610 2582">
     <span class='ocr_line' id='line_1_39' title="bbox 40 2495 1610 2582; baseline 0.013 -34"><span class='ocrx_word' id='word_1_268' title='bbox 40 2495 188 2567; x_wconf 86' lang='grc' dir='ltr'>σύνην</span> <span class='ocrx_word' id='word_1_269' title='bbox 207 2501 560 2570; x_wconf 82' lang='grc' dir='ltr'>σιτουμένων,</span> <span class='ocrx_word' id='word_1_270' title='bbox 579 2504 645 2557; x_wconf 84' lang='grc' dir='ltr'>δι’</span> <span class='ocrx_word' id='word_1_271' title='bbox 668 2505 974 2580; x_wconf 70' lang='grc' dir='ltr'>ὑπερϐολὴν</span> <span class='ocrx_word' id='word_1_272' title='bbox 990 2509 1045 2562; x_wconf 84' lang='grc' dir='ltr'>δὲ</span> <span class='ocrx_word' id='word_1_273' title='bbox 1061 2511 1437 2582; x_wconf 84' lang='grc' dir='ltr'>προαιρέσεως</span> <span class='ocrx_word' id='word_1_274' title='bbox 1451 2512 1610 2568; x_wconf 88' lang='grc' dir='ltr'>τοῦτο</span> 
     </span>
    </p>
   </div>
   <div class='ocr_carea' id='block_1_40' title="bbox 39 2589 1608 2674">
    <p class='ocr_par' dir='ltr' id='par_1_40' title="bbox 39 2589 1608 2674">
     <span class='ocr_line' id='line_1_40' title="bbox 39 2589 1608 2674; baseline 0.013 -35"><span class='ocrx_word' id='word_1_275' title='bbox 39 2589 202 2642; x_wconf 77' lang='grc' dir='ltr'>αὐτῶν</span> <span class='ocrx_word' id='word_1_276' title='bbox 258 2591 577 2649; x_wconf 78' lang='grc' dir='ltr'>ποιούντων.</span> <span class='ocrx_word' id='word_1_277' title='bbox 625 2595 909 2652; x_wconf 85' lang='grc' dir='ltr'>Ἐπιποθεί</span> <span class='ocrx_word' id='word_1_278' title='bbox 955 2599 1063 2672; x_wconf 80' lang='grc' dir='ltr'>γὰρ</span> <span class='ocrx_word' id='word_1_279' title='bbox 1117 2602 1298 2657; x_wconf 79' lang='grc' dir='ltr'>αὐτῶν</span> <span class='ocrx_word' id='word_1_280' title='bbox 1341 2605 1374 2674; x_wconf 84' lang='grc' dir='ltr'><strong>ἡ</strong></span> <span class='ocrx_word' id='word_1_281' title='bbox 1426 2603 1608 2670; x_wconf 81' lang='grc' dir='ltr'>ἔνθεος</span> 
     </span>
    </p>
   </div>
   <div class='ocr_carea' id='block_1_41' title="bbox 39 2677 1608 2763">
    <p class='ocr_par' dir='ltr' id='par_1_41' title="bbox 39 2677 1608 2763">
     <span class='ocr_line' id='line_1_41' title="bbox 39 2677 1608 2763; baseline 0.011 -33"><span class='ocrx_word' id='word_1_282' title='bbox 39 2677 188 2748; x_wconf 56' lang='grc' dir='ltr'>ψυχὴ,</span> <span class='ocrx_word' id='word_1_283' title='bbox 219 2681 312 2733; x_wconf 74' lang='grc' dir='ltr'>καὶ</span> <span class='ocrx_word' id='word_1_284' title='bbox 343 2682 404 2734; x_wconf 83' lang='grc' dir='ltr'>ἐν</span> <span class='ocrx_word' id='word_1_285' title='bbox 435 2682 585 2755; x_wconf 76' lang='grc' dir='ltr'>φόϐῳ</span> <span class='ocrx_word' id='word_1_286' title='bbox 614 2684 750 2738; x_wconf 83' lang='grc' dir='ltr'>Θεοῦ</span> <span class='ocrx_word' id='word_1_287' title='bbox 783 2689 1178 2763; x_wconf 83' lang='grc' dir='ltr'>ὲστηριγμένη,</span> <span class='ocrx_word' id='word_1_288' title='bbox 1211 2695 1305 2747; x_wconf 72' lang='grc' dir='ltr'><strong>καὶ</strong></span> <span class='ocrx_word' id='word_1_289' title='bbox 1335 2695 1398 2747; x_wconf 83' lang='grc' dir='ltr'>ἐκ</span> <span class='ocrx_word' id='word_1_290' title='bbox 1433 2694 1608 2748; x_wconf 87' lang='grc' dir='ltr'>Πνεύ-</span> 
     </span>
    </p>
   </div>
   <div class='ocr_carea' id='block_1_42' title="bbox 43 2773 1608 2859">
    <p class='ocr_par' dir='ltr' id='par_1_42' title="bbox 43 2773 1608 2859">
     <span class='ocr_line' id='line_1_42' title="bbox 43 2773 1608 2859; baseline 0.012 -37"><span class='ocrx_word' id='word_1_291' title='bbox 43 2787 194 2838; x_wconf 79' lang='grc' dir='ltr'>ματος</span> <span class='ocrx_word' id='word_1_292' title='bbox 217 2773 374 2842; x_wconf 81' lang='grc' dir='ltr'>ἁγίου</span> <span class='ocrx_word' id='word_1_293' title='bbox 395 2775 495 2847; x_wconf 85' lang='grc' dir='ltr'><strong>τὴν</strong></span> <span class='ocrx_word' id='word_1_294' title='bbox 524 2776 726 2845; x_wconf 84' lang='grc' dir='ltr'>γνῶσιν</span> <span class='ocrx_word' id='word_1_295' title='bbox 753 2783 1088 2853; x_wconf 82' lang='grc' dir='ltr'>κεκτημένη,</span> <span class='ocrx_word' id='word_1_296' title='bbox 1113 2783 1344 2839; x_wconf 86' lang='grc' dir='ltr'>πλούτου</span> <span class='ocrx_word' id='word_1_297' title='bbox 1373 2787 1608 2859; x_wconf 81' lang='grc' dir='ltr'>ἐπουρα-</span> 
     </span>
    </p>
   </div>
   <div class='ocr_carea' id='block_1_43' title="bbox 41 2863 1603 2947">
    <p class='ocr_par' dir='ltr' id='par_1_43' title="bbox 41 2863 1603 2947">
     <span class='ocr_line' id='line_1_43' title="bbox 41 2863 1603 2947; baseline 0.015 -34"><span class='ocrx_word' id='word_1_298' title='bbox 41 2863 140 2914; x_wconf 82' lang='grc' dir='ltr'>νίου</span> <span class='ocrx_word' id='word_1_299' title='bbox 167 2864 255 2917; x_wconf 87' lang='grc' dir='ltr'><strong>τοῦ</strong></span> <span class='ocrx_word' id='word_1_300' title='bbox 289 2866 432 2920; x_wconf 75' lang='grc' dir='ltr'>κατὰ</span> <span class='ocrx_word' id='word_1_301' title='bbox 460 2867 810 2944; x_wconf 84' lang='grc' dir='ltr'>δικαιοσύνην</span> <span class='ocrx_word' id='word_1_302' title='bbox 838 2874 978 2943; x_wconf 87' lang='grc' dir='ltr'><strong>μετὰ</strong></span> <span class='ocrx_word' id='word_1_303' title='bbox 1004 2876 1247 2939; x_wconf 80' lang='grc' dir='ltr'>ἐπαίνου,</span> <span class='ocrx_word' id='word_1_304' title='bbox 1273 2879 1368 2932; x_wconf 81' lang='grc' dir='ltr'><strong>καὶ</strong></span> <span class='ocrx_word' id='word_1_305' title='bbox 1393 2880 1603 2947; x_wconf 83' lang='grc' dir='ltr'>κλέους,</span> 
     </span>
    </p>
   </div>
   <div class='ocr_carea' id='block_1_44' title="bbox 45 2955 1608 3039">
    <p class='ocr_par' dir='ltr' id='par_1_44' title="bbox 45 2955 1608 3039">
     <span class='ocr_line' id='line_1_44' title="bbox 45 2955 1608 3039; baseline 0.013 -33"><span class='ocrx_word' id='word_1_306' title='bbox 45 2955 125 3006; x_wconf 65' lang='grc' dir='ltr'><strong>καὶ</strong></span> <span class='ocrx_word' id='word_1_307' title='bbox 159 2957 460 3026; x_wconf 70' lang='grc' dir='ltr'>ἀριστείας,</span> <span class='ocrx_word' id='word_1_308' title='bbox 511 2961 605 3016; x_wconf 87' lang='grc' dir='ltr'><strong>τοῦ</strong></span> <span class='ocrx_word' id='word_1_309' title='bbox 654 2963 743 3017; x_wconf 83' lang='grc' dir='ltr'>διὰ</span> <span class='ocrx_word' id='word_1_310' title='bbox 782 2965 940 3020; x_wconf 84' lang='grc' dir='ltr'>Θείων</span> <span class='ocrx_word' id='word_1_311' title='bbox 976 2967 1282 3039; x_wconf 81' lang='grc' dir='ltr'>δογμάτων,</span> <span class='ocrx_word' id='word_1_312' title='bbox 1326 2973 1420 3026; x_wconf 77' lang='grc' dir='ltr'><strong>καὶ</strong></span> <span class='ocrx_word' id='word_1_313' title='bbox 1457 2971 1608 3038; x_wconf 84' lang='grc' dir='ltr'>θείας</span> 
     </span>
    </p>
   </div>
   <div class='ocr_carea' id='block_1_45' title="bbox 49 3046 1606 3132">
    <p class='ocr_par' dir='ltr' id='par_1_45' title="bbox 49 3046 1606 3132">
     <span class='ocr_line' id='line_1_45' title="bbox 49 3046 1606 3132; baseline 0.013 -36"><span class='ocrx_word' id='word_1_314' title='bbox 49 3046 254 3116; x_wconf 80' lang='grc' dir='ltr'>μελέτης</span> <span class='ocrx_word' id='word_1_315' title='bbox 288 3050 452 3117; x_wconf 87' lang='grc' dir='ltr'>ἁγίας</span> <span class='ocrx_word' id='word_1_316' title='bbox 481 3051 726 3122; x_wconf 81' lang='grc' dir='ltr'>Γραφῆς,</span> <span class='ocrx_word' id='word_1_317' title='bbox 755 3055 849 3108; x_wconf 82' lang='grc' dir='ltr'>καὶ</span> <span class='ocrx_word' id='word_1_318' title='bbox 878 3056 1075 3126; x_wconf 87' lang='grc' dir='ltr'>λογίων</span> <span class='ocrx_word' id='word_1_319' title='bbox 1099 3059 1255 3124; x_wconf 85' lang='grc' dir='ltr'>Θεοῦ,</span> <span class='ocrx_word' id='word_1_320' title='bbox 1279 3060 1606 3132; x_wconf 83' lang='grc' dir='ltr'>ψαλμῳδιῶν</span> 
     </span>
    </p>
   </div>
   <div class='ocr_carea' id='block_1_46' title="bbox 47 3135 1678 3226">
    <p class='ocr_par' dir='ltr' id='par_1_46' title="bbox 47 3135 1678 3226">
     <span class='ocr_line' id='line_1_46' title="bbox 47 3135 1678 3226; baseline 0.012 -36"><span class='ocrx_word' id='word_1_321' title='bbox 47 3155 97 3191; x_wconf 81' lang='grc' dir='ltr'><strong>τι</strong></span> <span class='ocrx_word' id='word_1_322' title='bbox 125 3141 212 3194; x_wconf 73' lang='grc' dir='ltr'>καὶ</span> <span class='ocrx_word' id='word_1_323' title='bbox 265 3143 562 3211; x_wconf 83' lang='grc' dir='ltr'>συνάξεων,</span> <span class='ocrx_word' id='word_1_324' title='bbox 599 3148 770 3216; x_wconf 88' lang='grc' dir='ltr'>ἁγίων</span> <span class='ocrx_word' id='word_1_325' title='bbox 808 3150 1072 3221; x_wconf 85' lang='grc' dir='ltr'>νηστειῶν</span> <span class='ocrx_word' id='word_1_326' title='bbox 1128 3170 1187 3205; x_wconf 89' lang='grc' dir='ltr'><strong>τε</strong></span> <span class='ocrx_word' id='word_1_327' title='bbox 1218 3155 1312 3208; x_wconf 79' lang='grc' dir='ltr'><strong>καὶ</strong></span> <span class='ocrx_word' id='word_1_328' title='bbox 1361 3157 1606 3226; x_wconf 88' lang='grc' dir='ltr'>ἁγνείας,</span> <span class='ocrx_word' id='word_1_329' title='bbox 1635 3135 1678 3194; x_wconf 75' lang='lat' dir='ltr'>c</span> 
     </span>
    </p>
   </div>
   <div class='ocr_carea' id='block_1_47' title="bbox 49 3230 1608 3310">
    <p class='ocr_par' dir='ltr' id='par_1_47' title="bbox 49 3230 1608 3310">
     <span class='ocr_line' id='line_1_47' title="bbox 49 3230 1608 3310; baseline 0.013 -29"><span class='ocrx_word' id='word_1_330' title='bbox 49 3230 129 3282; x_wconf 74' lang='grc' dir='ltr'><strong>καὶ</strong></span> <span class='ocrx_word' id='word_1_331' title='bbox 152 3232 442 3298; x_wconf 84' lang='grc' dir='ltr'>πολιτείας,</span> <span class='ocrx_word' id='word_1_332' title='bbox 480 3237 573 3288; x_wconf 73' lang='grc' dir='ltr'>καὶ</span> <span class='ocrx_word' id='word_1_333' title='bbox 602 3238 702 3306; x_wconf 81' lang='grc' dir='ltr'>τῆς</span> <span class='ocrx_word' id='word_1_334' title='bbox 731 3237 820 3291; x_wconf 87' lang='grc' dir='ltr'><strong>διὰ</strong></span> <span class='ocrx_word' id='word_1_335' title='bbox 857 3240 1075 3310; x_wconf 81' lang='grc' dir='ltr'>χειρῶν,</span> <span class='ocrx_word' id='word_1_336' title='bbox 1108 3241 1292 3297; x_wconf 77' lang='grc' dir='ltr'>ἕνεκεν</span> <span class='ocrx_word' id='word_1_337' title='bbox 1331 3246 1608 3300; x_wconf 89' lang='grc' dir='ltr'>δικαιοσύ-</span> 
     </span>
    </p>
   </div>
   <div class='ocr_carea' id='block_1_48' title="bbox 49 3325 1612 3410">
    <p class='ocr_par' dir='ltr' id='par_1_48' title="bbox 49 3325 1612 3410">
     <span class='ocr_line' id='line_1_48' title="bbox 49 3325 1612 3410; baseline 0.012 -36"><span class='ocrx_word' id='word_1_338' title='bbox 49 3337 150 3392; x_wconf 84' lang='grc' dir='ltr'>νης,</span> <span class='ocrx_word' id='word_1_339' title='bbox 197 3325 330 3394; x_wconf 77' lang='grc' dir='ltr'>μετὰ</span> <span class='ocrx_word' id='word_1_340' title='bbox 375 3327 746 3398; x_wconf 82' lang='grc' dir='ltr'>προαιρέσεως</span> <span class='ocrx_word' id='word_1_341' title='bbox 793 3332 1078 3402; x_wconf 81' lang='grc' dir='ltr'>ἐργασίας.</span> <span class='ocrx_word' id='word_1_342' title='bbox 1117 3334 1276 3389; x_wconf 86' lang='grc' dir='ltr'>Ἀλλά</span> <span class='ocrx_word' id='word_1_343' title='bbox 1328 3338 1422 3390; x_wconf 78' lang='grc' dir='ltr'>καὶ</span> <span class='ocrx_word' id='word_1_344' title='bbox 1469 3337 1612 3410; x_wconf 83' lang='grc' dir='ltr'>ἁλλῳ</span> 
     </span>
    </p>
   </div>
   <div class='ocr_carea' id='block_1_49' title="bbox 49 3414 1610 3498">
    <p class='ocr_par' dir='ltr' id='par_1_49' title="bbox 49 3414 1610 3498">
     <span class='ocr_line' id='line_1_49' title="bbox 49 3414 1610 3498; baseline 0.01 -32"><span class='ocrx_word' id='word_1_345' title='bbox 49 3414 746 3490; x_wconf 72' lang='grc' dir='ltr'>τύπιρ(25⁹)προελήφθησαν</span> <span class='ocrx_word' id='word_1_346' title='bbox 763 3423 812 3474; x_wconf 77' lang='grc' dir='ltr'>οἱ</span> <span class='ocrx_word' id='word_1_347' title='bbox 836 3423 991 3476; x_wconf 71' lang='grc' dir='ltr'>αὐτοὶ</span> <span class='ocrx_word' id='word_1_348' title='bbox 1005 3424 1176 3496; x_wconf 85' lang='grc' dir='ltr'>τίμιοι</span> <span class='ocrx_word' id='word_1_349' title='bbox 1195 3426 1354 3498; x_wconf 85' lang='grc' dir='ltr'>ἡμῶν</span> <span class='ocrx_word' id='word_1_350' title='bbox 1371 3428 1610 3497; x_wconf 73' lang='grc' dir='ltr'>ἀδελφοὶ,</span> 
     </span>
    </p>
   </div>
   <div class='ocr_carea' id='block_1_50' title="bbox 50 3511 1611 3591">
    <p class='ocr_par' dir='ltr' id='par_1_50' title="bbox 50 3511 1611 3591">
     <span class='ocr_line' id='line_1_50' title="bbox 50 3511 1611 3591; baseline 0.006 -28"><span class='ocrx_word' id='word_1_351' title='bbox 50 3511 92 3563; x_wconf 85' lang='grc' dir='ltr'>οἱ</span> <span class='ocrx_word' id='word_1_352' title='bbox 113 3511 238 3564; x_wconf 83' lang='grc' dir='ltr'><strong>κατά</strong></span> <span class='ocrx_word' id='word_1_353' title='bbox 265 3511 694 3582; x_wconf 82' lang='grc' dir='ltr'>Μεσοποταμίαν</span> <span class='ocrx_word' id='word_1_354' title='bbox 723 3515 782 3566; x_wconf 82' lang='grc' dir='ltr'>ἐν</span> <span class='ocrx_word' id='word_1_355' title='bbox 813 3517 1198 3588; x_wconf 84' lang='grc' dir='ltr'>μοναστηρίοις</span> <span class='ocrx_word' id='word_1_356' title='bbox 1253 3519 1611 3591; x_wconf 84' lang='grc' dir='ltr'>ὑπάρχοντες,</span> 
     </span>
    </p>
   </div>
   <div class='ocr_carea' id='block_1_51' title="bbox 53 3600 1612 3679">
    <p class='ocr_par' dir='ltr' id='par_1_51' title="bbox 53 3600 1612 3679">
     <span class='ocr_line' id='line_1_51' title="bbox 53 3600 1612 3679; baseline 0.009 -29"><span class='ocrx_word' id='word_1_357' title='bbox 53 3600 204 3654; x_wconf 80' lang='grc' dir='ltr'>εἴτουν</span> <span class='ocrx_word' id='word_1_358' title='bbox 229 3601 531 3671; x_wconf 68' lang='grc' dir='ltr'>Μάνδραις</span> <span class='ocrx_word' id='word_1_359' title='bbox 559 3604 944 3676; x_wconf 83' lang='grc' dir='ltr'>καλουμέναις,</span> <span class='ocrx_word' id='word_1_360' title='bbox 979 3606 1196 3679; x_wconf 85' lang='grc' dir='ltr'>κώμαις</span> <span class='ocrx_word' id='word_1_361' title='bbox 1223 3611 1237 3640; x_wconf 73' lang='grc' dir='ltr'>ί</span> <span class='ocrx_word' id='word_1_362' title='bbox 1265 3615 1612 3679; x_wconf 88' lang='grc' dir='ltr'>γυναικικαίς</span> 
     </span>
    </p>
   </div>
   <div class='ocr_carea' id='block_1_52' title="bbox 53 3694 1608 3776">
    <p class='ocr_par' dir='ltr' id='par_1_52' title="bbox 53 3694 1608 3776">
     <span class='ocr_line' id='line_1_52' title="bbox 53 3694 1608 3776; baseline 0.009 -30"><span class='ocrx_word' id='word_1_363' title='bbox 53 3694 480 3767; x_wconf 72' lang='grc' dir='ltr'>προϐαλλόμενοι,</span> <span class='ocrx_word' id='word_1_364' title='bbox 523 3697 616 3750; x_wconf 79' lang='grc' dir='ltr'>καὶ</span> <span class='ocrx_word' id='word_1_365' title='bbox 650 3699 840 3770; x_wconf 82' lang='grc' dir='ltr'>σάκκῳ</span> <span class='ocrx_word' id='word_1_366' title='bbox 871 3705 1142 3772; x_wconf 78' lang='grc' dir='ltr'>προφανεῖ</span> <span class='ocrx_word' id='word_1_367' title='bbox 1185 3705 1608 3776; x_wconf 82' lang='grc' dir='ltr'>ὲπερειδόμενοι.</span> 
     </span>
    </p>
   </div>
   <div class='ocr_carea' id='block_1_53' title="bbox 57 3788 1614 3872">
    <p class='ocr_par' dir='ltr' id='par_1_53' title="bbox 57 3788 1614 3872">
     <span class='ocr_line' id='line_1_53' title="bbox 57 3788 1614 3872; baseline 0.01 -33"><span class='ocrx_word' id='word_1_368' title='bbox 57 3789 182 3840; x_wconf 83' lang='grc' dir='ltr'>Ἔδει</span> <span class='ocrx_word' id='word_1_369' title='bbox 211 3788 266 3841; x_wconf 82' lang='grc' dir='ltr'>δὲ</span> <span class='ocrx_word' id='word_1_370' title='bbox 309 3789 378 3843; x_wconf 85' lang='grc' dir='ltr'><strong>τὰ</strong></span> <span class='ocrx_word' id='word_1_371' title='bbox 407 3790 508 3858; x_wconf 82' lang='grc' dir='ltr'><strong>τῆς</strong></span> <span class='ocrx_word' id='word_1_372' title='bbox 559 3791 720 3858; x_wconf 81' lang='grc' dir='ltr'>ἁγίας</span> <span class='ocrx_word' id='word_1_373' title='bbox 751 3793 1030 3864; x_wconf 83' lang='grc' dir='ltr'>Παρθένου</span> <span class='ocrx_word' id='word_1_374' title='bbox 1072 3797 1277 3869; x_wconf 71' lang='grc' dir='ltr'>μητρὸς</span> <span class='ocrx_word' id='word_1_375' title='bbox 1319 3800 1474 3870; x_wconf 74' lang='grc' dir='ltr'>ἡμῶν</span> <span class='ocrx_word' id='word_1_376' title='bbox 1513 3800 1614 3872; x_wconf 80' lang='grc' dir='ltr'>τῆς</span> 
     </span>
    </p>
   </div>
   <div class='ocr_carea' id='block_1_54' title="bbox 69 3879 1612 3964">
    <p class='ocr_par' dir='ltr' id='par_1_54' title="bbox 69 3879 1612 3964">
     <span class='ocr_line' id='line_1_54' title="bbox 69 3879 1612 3964; baseline 0.009 -33"><span class='ocrx_word' id='word_1_377' title='bbox 69 3879 372 3952; x_wconf 80' lang='grc' dir='ltr'>Ἐκκλησίας</span> <span class='ocrx_word' id='word_1_378' title='bbox 421 3881 687 3964; x_wconf 77' lang='grc' dir='ltr'>ὑπὰρχειν</span> <span class='ocrx_word' id='word_1_379' title='bbox 742 3884 908 3938; x_wconf 81' lang='grc' dir='ltr'>τέκνα</span> <span class='ocrx_word' id='word_1_380' title='bbox 958 3887 1150 3957; x_wconf 75' lang='grc' dir='ltr'>σεμνὰ,</span> <span class='ocrx_word' id='word_1_381' title='bbox 1205 3891 1448 3962; x_wconf 81' lang='grc' dir='ltr'>οίκουρὰ,</span> <span class='ocrx_word' id='word_1_382' title='bbox 1493 3893 1612 3964; x_wconf 82' lang='grc' dir='ltr'><strong>Θεῷ</strong></span> 
     </span>
    </p>
   </div>
   <div class='ocr_carea' id='block_1_55' title="bbox 57 3969 1611 4050">
    <p class='ocr_par' dir='ltr' id='par_1_55' title="bbox 57 3969 1611 4050">
     <span class='ocr_line' id='line_1_55' title="bbox 57 3969 1611 4050; baseline 0.01 -27"><span class='ocrx_word' id='word_1_383' title='bbox 57 3969 355 4042; x_wconf 79' lang='grc' dir='ltr'>λατρεύοντα</span> <span class='ocrx_word' id='word_1_384' title='bbox 403 3975 647 4046; x_wconf 85' lang='grc' dir='ltr'>κρυφίως</span> <span class='ocrx_word' id='word_1_385' title='bbox 684 3975 762 4048; x_wconf 82' lang='grc' dir='ltr'>τῷ</span> <span class='ocrx_word' id='word_1_386' title='bbox 791 3975 954 4030; x_wconf 77' lang='grc' dir='ltr'>εἰδότι</span> <span class='ocrx_word' id='word_1_387' title='bbox 981 3978 1048 4032; x_wconf 83' lang='grc' dir='ltr'>τὰ</span> <span class='ocrx_word' id='word_1_388' title='bbox 1084 3980 1315 4050; x_wconf 87' lang='grc' dir='ltr'>κρύφια,</span> <span class='ocrx_word' id='word_1_389' title='bbox 1349 3985 1444 4038; x_wconf 76' lang='grc' dir='ltr'><strong>καὶ</strong></span> <span class='ocrx_word' id='word_1_390' title='bbox 1473 3985 1611 4038; x_wconf 83' lang='grc' dir='ltr'>ἀπο-</span> 
     </span>
    </p>
   </div>
   <div class='ocr_carea' id='block_1_56' title="bbox 57 4060 1612 4142">
    <p class='ocr_par' dir='ltr' id='par_1_56' title="bbox 57 4060 1612 4142">
     <span class='ocr_line' id='line_1_56' title="bbox 57 4060 1612 4142; baseline 0.009 -28"><span class='ocrx_word' id='word_1_391' title='bbox 57 4060 224 4115; x_wconf 73' lang='grc' dir='ltr'>διδόντι</span> <span class='ocrx_word' id='word_1_392' title='bbox 249 4065 306 4117; x_wconf 83' lang='grc' dir='ltr'>ὲν</span> <span class='ocrx_word' id='word_1_393' title='bbox 335 4069 450 4128; x_wconf 87' lang='grc' dir='ltr'>τοῖς</span> <span class='ocrx_word' id='word_1_394' title='bbox 489 4069 764 4135; x_wconf 81' lang='grc' dir='ltr'>φανεροῖς,</span> <span class='ocrx_word' id='word_1_395' title='bbox 802 4067 944 4121; x_wconf 87' lang='grc' dir='ltr'>κατὰ</span> <span class='ocrx_word' id='word_1_396' title='bbox 976 4069 1038 4121; x_wconf 80' lang='grc' dir='ltr'><strong>τὸ</strong></span> <span class='ocrx_word' id='word_1_397' title='bbox 1082 4073 1488 4142; x_wconf 85' lang='grc' dir='ltr'>γεγραμμένον,</span> <span class='ocrx_word' id='word_1_398' title='bbox 1518 4075 1612 4129; x_wconf 77' lang='grc' dir='ltr'>καὶ</span> 
     </span>
    </p>
   </div>
   <div class='ocr_carea' id='block_1_57' title="bbox 59 4155 1614 4234">
    <p class='ocr_par' dir='ltr' id='par_1_57' title="bbox 59 4155 1614 4234">
     <span class='ocr_line' id='line_1_57' title="bbox 59 4155 1614 4234; baseline 0.008 -27"><span class='ocrx_word' id='word_1_399' title='bbox 59 4155 380 4228; x_wconf 75' lang='grc' dir='ltr'>εὐσχημόνως</span> <span class='ocrx_word' id='word_1_400' title='bbox 418 4159 506 4212; x_wconf 76' lang='grc' dir='ltr'>διὰ</span> <span class='ocrx_word' id='word_1_401' title='bbox 542 4159 668 4223; x_wconf 74' lang='grc' dir='ltr'>τοὺς</span> <span class='ocrx_word' id='word_1_402' title='bbox 709 4160 834 4225; x_wconf 81' lang='grc' dir='ltr'>ἔξω,</span> <span class='ocrx_word' id='word_1_403' title='bbox 866 4161 961 4214; x_wconf 74' lang='grc' dir='ltr'><strong>καὶ</strong></span> <span class='ocrx_word' id='word_1_404' title='bbox 998 4161 1072 4234; x_wconf 84' lang='grc' dir='ltr'><strong>μὴ</strong></span> <span class='ocrx_word' id='word_1_405' title='bbox 1113 4163 1393 4234; x_wconf 85' lang='grc' dir='ltr'>βούλεσθαι</span> <span class='ocrx_word' id='word_1_406' title='bbox 1427 4165 1614 4220; x_wconf 78' lang='grc' dir='ltr'>λαϐεῖν</span> 
     </span>
    </p>
   </div>
   <div class='ocr_carea' id='block_1_58' title="bbox 59 4246 1612 4329">
    <p class='ocr_par' dir='ltr' id='par_1_58' title="bbox 59 4246 1612 4329">
     <span class='ocr_line' id='line_1_58' title="bbox 59 4246 1612 4329; baseline 0.008 -30"><span class='ocrx_word' id='word_1_407' title='bbox 59 4246 148 4300; x_wconf 77' lang='grc' dir='ltr'><strong>ἀπὸ</strong></span> <span class='ocrx_word' id='word_1_408' title='bbox 178 4247 277 4302; x_wconf 86' lang='grc' dir='ltr'><strong>τῶν</strong></span> <span class='ocrx_word' id='word_1_409' title='bbox 319 4250 574 4322; x_wconf 81' lang='grc' dir='ltr'>ὁρώντων</span> <span class='ocrx_word' id='word_1_410' title='bbox 599 4253 692 4306; x_wconf 81' lang='grc' dir='ltr'><strong>τὸν</strong></span> <span class='ocrx_word' id='word_1_411' title='bbox 733 4252 920 4322; x_wconf 83' lang='grc' dir='ltr'>μισθὸν</span> <span class='ocrx_word' id='word_1_412' title='bbox 951 4256 1046 4308; x_wconf 74' lang='grc' dir='ltr'>καὶ</span> <span class='ocrx_word' id='word_1_413' title='bbox 1075 4255 1174 4326; x_wconf 80' lang='grc' dir='ltr'><strong>τὴν</strong></span> <span class='ocrx_word' id='word_1_414' title='bbox 1212 4257 1392 4329; x_wconf 87' lang='grc' dir='ltr'>χάριν.</span> <span class='ocrx_word' id='word_1_415' title='bbox 1431 4259 1612 4312; x_wconf 83' lang='grc' dir='ltr'>Ἀλλό-</span> 
     </span>
    </p>
   </div>
   <div class='ocr_carea' id='block_1_59' title="bbox 62 4343 1614 4420">
    <p class='ocr_par' dir='ltr' id='par_1_59' title="bbox 62 4343 1614 4420">
     <span class='ocr_line' id='line_1_59' title="bbox 62 4343 1614 4420; baseline 0.01 -31"><span class='ocrx_word' id='word_1_416' title='bbox 62 4353 186 4407; x_wconf 79' lang='grc' dir='ltr'>τριον</span> <span class='ocrx_word' id='word_1_417' title='bbox 226 4343 331 4414; x_wconf 84' lang='grc' dir='ltr'>γάρ</span> <span class='ocrx_word' id='word_1_418' title='bbox 389 4344 508 4396; x_wconf 79' lang='grc' dir='ltr'>ἐστι</span> <span class='ocrx_word' id='word_1_419' title='bbox 539 4345 638 4415; x_wconf 82' lang='grc' dir='ltr'>τῆς</span> <span class='ocrx_word' id='word_1_420' title='bbox 693 4345 988 4414; x_wconf 82' lang='grc' dir='ltr'>καθολικῆς</span> <span class='ocrx_word' id='word_1_421' title='bbox 1039 4345 1363 4420; x_wconf 82' lang='grc' dir='ltr'>Ἐκκλησίᾰς</span> <span class='ocrx_word' id='word_1_422' title='bbox 1412 4351 1614 4416; x_wconf 83' lang='grc' dir='ltr'>σάκκος</span> 
     </span>
    </p>
   </div>
   <div class='ocr_carea' id='block_1_60' title="bbox 61 4434 1615 4516">
    <p class='ocr_par' dir='ltr' id='par_1_60' title="bbox 61 4434 1615 4516">
     <span class='ocr_line' id='line_1_60' title="bbox 61 4434 1615 4516; baseline -0.003 -26"><span class='ocrx_word' id='word_1_423' title='bbox 61 4434 332 4500; x_wconf 74' lang='grc' dir='ltr'>προφανὴς.</span> <span class='ocrx_word' id='word_1_424' title='bbox 360 4437 456 4489; x_wconf 73' lang='grc' dir='ltr'>καὶ</span> <span class='ocrx_word' id='word_1_425' title='bbox 487 4437 630 4509; x_wconf 88' lang='grc' dir='ltr'>κόμη</span> <span class='ocrx_word' id='word_1_426' title='bbox 677 4439 1051 4512; x_wconf 85' lang='grc' dir='ltr'>ὲκτεμνομένη</span> <span class='ocrx_word' id='word_1_427' title='bbox 1079 4442 1098 4473; x_wconf 80' lang='grc'><strong><em>⁸</em></strong></span> <span class='ocrx_word' id='word_1_428' title='bbox 1128 4441 1236 4495; x_wconf 84' lang='grc' dir='ltr'><strong>ἀπὸ</strong></span> <span class='ocrx_word' id='word_1_429' title='bbox 1277 4442 1370 4496; x_wconf 84' lang='grc' dir='ltr'><strong>τοῦ</strong></span> <span class='ocrx_word' id='word_1_430' title='bbox 1405 4444 1615 4516; x_wconf 85' lang='grc' dir='ltr'>κηρύγ-</span> 
     </span>
    </p>
   </div>
   <div class='ocr_carea' id='block_1_61' title="bbox 67 4520 1612 4606">
    <p class='ocr_par' dir='ltr' id='par_1_61' title="bbox 67 4520 1612 4606">
     <span class='ocr_line' id='line_1_61' title="bbox 67 4520 1612 4606; baseline 0.01 -31"><span class='ocrx_word' id='word_1_431' title='bbox 67 4539 209 4589; x_wconf 80' lang='grc' dir='ltr'>ματος</span> <span class='ocrx_word' id='word_1_432' title='bbox 231 4525 318 4580; x_wconf 73' lang='grc' dir='ltr'><strong>τοῦ</strong></span> <span class='ocrx_word' id='word_1_433' title='bbox 348 4520 687 4587; x_wconf 75' lang='grc' dir='ltr'>Ἀποστόλουο</span> <span class='ocrx_word' id='word_1_434' title='bbox 744 4531 914 4600; x_wconf 76' lang='grc' dir='ltr'>Ἀνὴρ</span> <span class='ocrx_word' id='word_1_435' title='bbox 937 4533 1069 4602; x_wconf 77' lang='grc' dir='ltr'>γὰρ,</span> <span class='ocrx_word' id='word_1_436' title='bbox 1100 4535 1284 4605; x_wconf 77' lang='grc' dir='ltr'>φησὶν,</span> <span class='ocrx_word' id='word_1_437' title='bbox 1313 4538 1426 4590; x_wconf 81' lang='grc' dir='ltr'>οὐκ</span> <span class='ocrx_word' id='word_1_438' title='bbox 1453 4539 1612 4606; x_wconf 72' lang='grc' dir='ltr'>ὀφεί-</span> 
     </span>
    </p>
   </div>
   <div class='ocr_carea' id='block_1_62' title="bbox 63 4616 1396 4697">
    <p class='ocr_par' dir='ltr' id='par_1_62' title="bbox 63 4616 1396 4697">
     <span class='ocr_line' id='line_1_62' title="bbox 63 4616 1396 4697; baseline 0.013 -31"><span class='ocrx_word' id='word_1_439' title='bbox 63 4616 138 4667; x_wconf 73' lang='grc' dir='ltr'><strong>λει</strong></span> <span class='ocrx_word' id='word_1_440' title='bbox 165 4617 364 4689; x_wconf 77' lang='grc' dir='ltr'>κομᾷν,</span> <span class='ocrx_word' id='word_1_441' title='bbox 403 4621 582 4676; x_wconf 71' lang='grc' dir='ltr'>εἰκὼν</span> <span class='ocrx_word' id='word_1_442' title='bbox 601 4623 698 4676; x_wconf 76' lang='grc' dir='ltr'><strong>καί</strong></span> <span class='ocrx_word' id='word_1_443' title='bbox 727 4623 881 4689; x_wconf 81' lang='grc' dir='ltr'>δόξα</span> <span class='ocrx_word' id='word_1_444' title='bbox 914 4625 1062 4679; x_wconf 84' lang='grc' dir='ltr'>Θεοῦ</span> <span class='ocrx_word' id='word_1_445' title='bbox 1090 4626 1396 4697; x_wconf 71' lang='grc' dir='ltr'>ὑπάρχων.</span> 
     </span>
    </p>
   </div>
   <div class='ocr_carea' id='block_1_63' title="bbox 1717 1868 3310 1945">
    <p class='ocr_par' dir='ltr' id='par_1_63' title="bbox 1717 1868 3310 1945">
     <span class='ocr_line' id='line_1_63' title="bbox 1717 1868 3310 1945; baseline -0.006 -15"><span class='ocrx_word' id='word_1_446' title='bbox 1717 1891 1841 1930; x_wconf 92' lang='lat' dir='ltr'><strong>cum</strong></span> <span class='ocrx_word' id='word_1_447' title='bbox 1875 1875 1980 1930; x_wconf 90' lang='lat' dir='ltr'><strong>sibi</strong></span> <span class='ocrx_word' id='word_1_448' title='bbox 2043 1875 2169 1945; x_wconf 83' lang='lat' dir='ltr'><strong>ipsi,</strong></span> <span class='ocrx_word' id='word_1_449' title='bbox 2222 1882 2334 1928; x_wconf 91' lang='lat' dir='ltr'><strong>tum</strong></span> <span class='ocrx_word' id='word_1_450' title='bbox 2387 1871 2649 1926; x_wconf 82' lang='lat' dir='ltr'><strong>fratribus</strong></span> <span class='ocrx_word' id='word_1_451' title='bbox 2694 1877 2748 1925; x_wconf 84' lang='lat' dir='ltr'><strong>et</strong></span> <span class='ocrx_word' id='word_1_452' title='bbox 2783 1868 3075 1940; x_wconf 82' lang='lat' dir='ltr'><strong>egentibus</strong></span> <span class='ocrx_word' id='word_1_453' title='bbox 3124 1868 3310 1938; x_wconf 81' lang='lat' dir='ltr'><strong>operis</strong></span> 
     </span>
    </p>
   </div>
   <div class='ocr_carea' id='block_1_64' title="bbox 1716 1961 3310 2036">
    <p class='ocr_par' dir='ltr' id='par_1_64' title="bbox 1716 1961 3310 2036">
     <span class='ocr_line' id='line_1_64' title="bbox 1716 1961 3310 2036; baseline -0.004 -14"><span class='ocrx_word' id='word_1_454' title='bbox 1716 1967 1800 2022; x_wconf 89' lang='lat' dir='ltr'><strong>sui</strong></span> <span class='ocrx_word' id='word_1_455' title='bbox 1820 1975 2090 2036; x_wconf 67' lang='lat' dir='ltr'><strong>quaestum</strong></span> <span class='ocrx_word' id='word_1_456' title='bbox 2118 1964 2459 2034; x_wconf 88' lang='lat' dir='ltr'><strong>impertiens,</strong></span> <span class='ocrx_word' id='word_1_457' title='bbox 2485 1965 2763 2034; x_wconf 87' lang='lat' dir='ltr'><strong>voluptate</strong></span> <span class='ocrx_word' id='word_1_458' title='bbox 2794 1961 3179 2032; x_wconf 82' lang='lat' dir='ltr'><strong>perfundatur,</strong></span> <span class='ocrx_word' id='word_1_459' title='bbox 3207 1961 3310 2015; x_wconf 86' lang='lat' dir='ltr'><strong>hoc</strong></span> 
     </span>
    </p>
   </div>
   <div class='ocr_carea' id='block_1_65' title="bbox 1714 2053 3306 2129">
    <p class='ocr_par' dir='ltr' id='par_1_65' title="bbox 1714 2053 3306 2129">
     <span class='ocr_line' id='line_1_65' title="bbox 1714 2053 3306 2129; baseline -0.005 -15"><span class='ocrx_word' id='word_1_460' title='bbox 1714 2067 1799 2114; x_wconf 91' lang='lat' dir='ltr'><strong>est</strong></span> <span class='ocrx_word' id='word_1_461' title='bbox 1821 2067 1927 2112; x_wconf 88' lang='lat' dir='ltr'><strong>tam</strong></span> <span class='ocrx_word' id='word_1_462' title='bbox 1953 2058 2222 2129; x_wconf 88' lang='lat' dir='ltr'><strong>primitias</strong></span> <span class='ocrx_word' id='word_1_463' title='bbox 2244 2067 2298 2112; x_wconf 90' lang='lat' dir='ltr'><strong>et</strong></span> <span class='ocrx_word' id='word_1_464' title='bbox 2344 2059 2669 2118; x_wconf 89' lang='lat' dir='ltr'><strong>oblationes,</strong></span> <span class='ocrx_word' id='word_1_465' title='bbox 2696 2071 2858 2126; x_wconf 90' lang='lat' dir='ltr'><strong>quam</strong></span> <span class='ocrx_word' id='word_1_466' title='bbox 2881 2053 3024 2124; x_wconf 88' lang='lat' dir='ltr'><strong>quod</strong></span> <span class='ocrx_word' id='word_1_467' title='bbox 3045 2059 3306 2108; x_wconf 85' lang='lat' dir='ltr'><strong>manuum</strong></span> 
     </span>
    </p>
   </div>
   <div class='ocr_carea' id='block_1_66' title="bbox 1715 2141 3311 2218">
    <p class='ocr_par' dir='ltr' id='par_1_66' title="bbox 1715 2141 3311 2218">
     <span class='ocr_line' id='line_1_66' title="bbox 1715 2141 3311 2218; baseline -0.005 -13"><span class='ocrx_word' id='word_1_468' title='bbox 1715 2165 1938 2206; x_wconf 87' lang='lat' dir='ltr'><strong>suarum</strong></span> <span class='ocrx_word' id='word_1_469' title='bbox 1975 2165 2139 2218; x_wconf 90' lang='lat' dir='ltr'><strong>opera</strong></span> <span class='ocrx_word' id='word_1_470' title='bbox 2176 2149 2359 2203; x_wconf 87' lang='lat' dir='ltr'><strong>lucelli</strong></span> <span class='ocrx_word' id='word_1_471' title='bbox 2400 2148 2705 2216; x_wconf 63' lang='lat' dir='ltr'><strong>quaesierit,</strong></span> <span class='ocrx_word' id='word_1_472' title='bbox 2743 2161 2867 2200; x_wconf 93' lang='lat' dir='ltr'><strong>cum</strong></span> <span class='ocrx_word' id='word_1_473' title='bbox 2885 2143 3150 2215; x_wconf 86' lang='lat' dir='ltr'><strong>proximis</strong></span> <span class='ocrx_word' id='word_1_474' title='bbox 3191 2141 3311 2197; x_wconf 85' lang='lat' dir='ltr'><strong>suis</strong></span> 
     </span>
    </p>
   </div>
   <div class='ocr_carea' id='block_1_67' title="bbox 1716 2233 3306 2311">
    <p class='ocr_par' dir='ltr' id='par_1_67' title="bbox 1716 2233 3306 2311">
     <span class='ocr_line' id='line_1_67' title="bbox 1716 2233 3306 2311; baseline -0.004 -16"><span class='ocrx_word' id='word_1_475' title='bbox 1716 2241 1861 2296; x_wconf 91' lang='lat' dir='ltr'><strong>ultro</strong></span> <span class='ocrx_word' id='word_1_476' title='bbox 1908 2255 2006 2311; x_wconf 90' lang='lat' dir='ltr'><strong>pro</strong></span> <span class='ocrx_word' id='word_1_477' title='bbox 2052 2239 2267 2294; x_wconf 88' lang='lat' dir='ltr'><strong>ardenti</strong></span> <span class='ocrx_word' id='word_1_478' title='bbox 2314 2239 2366 2293; x_wconf 92' lang='lat' dir='ltr'><strong>in</strong></span> <span class='ocrx_word' id='word_1_479' title='bbox 2429 2238 2599 2292; x_wconf 90' lang='lat' dir='ltr'><strong>Deum</strong></span> <span class='ocrx_word' id='word_1_480' title='bbox 2652 2250 2840 2290; x_wconf 90' lang='lat' dir='ltr'><strong>amore</strong></span> <span class='ocrx_word' id='word_1_481' title='bbox 2915 2233 3306 2290; x_wconf 88' lang='lat' dir='ltr'><strong>communicet.</strong></span> 
     </span>
    </p>
   </div>
   <div class='ocr_carea' id='block_1_68' title="bbox 1711 2326 3310 2404">
    <p class='ocr_par' dir='ltr' id='par_1_68' title="bbox 1711 2326 3310 2404">
     <span class='ocr_line' id='line_1_68' title="bbox 1711 2326 3310 2404; baseline -0.006 -16"><span class='ocrx_word' id='word_1_482' title='bbox 1711 2333 1876 2404; x_wconf 81' lang='lat' dir='ltr'><strong>Atqui</strong></span> <span class='ocrx_word' id='word_1_483' title='bbox 1939 2333 2086 2387; x_wconf 89' lang='lat' dir='ltr'><strong>nulla</strong></span> <span class='ocrx_word' id='word_1_484' title='bbox 2161 2333 2226 2384; x_wconf 82' lang='lat' dir='ltr'><strong>ad</strong></span> <span class='ocrx_word' id='word_1_485' title='bbox 2297 2331 2350 2385; x_wconf 89' lang='lat' dir='ltr'><strong>id</strong></span> <span class='ocrx_word' id='word_1_486' title='bbox 2417 2328 2689 2401; x_wconf 82' lang='lat' dir='ltr'><strong>agendum</strong></span> <span class='ocrx_word' id='word_1_487' title='bbox 2746 2327 3072 2383; x_wconf 85' lang='lat' dir='ltr'><strong>necessitate</strong></span> <span class='ocrx_word' id='word_1_488' title='bbox 3132 2326 3310 2380; x_wconf 90' lang='lat' dir='ltr'><strong>coacti</strong></span> 
     </span>
    </p>
   </div>
   <div class='ocr_carea' id='block_1_69' title="bbox 1711 2417 3312 2494">
    <p class='ocr_par' dir='ltr' id='par_1_69' title="bbox 1711 2417 3312 2494">
     <span class='ocr_line' id='line_1_69' title="bbox 1711 2417 3312 2494; baseline -0.006 -15"><span class='ocrx_word' id='word_1_489' title='bbox 1711 2425 2063 2494; x_wconf 86' lang='lat' dir='ltr'><strong>damnatique</strong></span> <span class='ocrx_word' id='word_1_490' title='bbox 2113 2430 2260 2479; x_wconf 89' lang='lat' dir='ltr'><strong>sunt.</strong></span> <span class='ocrx_word' id='word_1_491' title='bbox 2293 2421 2401 2476; x_wconf 90' lang='lat' dir='ltr'><strong>Sed</strong></span> <span class='ocrx_word' id='word_1_492' title='bbox 2459 2437 2585 2476; x_wconf 91' lang='lat' dir='ltr'><strong>cum</strong></span> <span class='ocrx_word' id='word_1_493' title='bbox 2638 2419 2983 2491; x_wconf 70' lang='lat' dir='ltr'><strong>iustissimos</strong></span> <span class='ocrx_word' id='word_1_494' title='bbox 3035 2419 3174 2473; x_wconf 87' lang='lat' dir='ltr'><strong>alios</strong></span> <span class='ocrx_word' id='word_1_495' title='bbox 3230 2417 3312 2471; x_wconf 83' lang='lat' dir='ltr'><strong>la-</strong></span> 
     </span>
    </p>
   </div>
   <div class='ocr_carea' id='block_1_70' title="bbox 1711 2513 3308 2585">
    <p class='ocr_par' dir='ltr' id='par_1_70' title="bbox 1711 2513 3308 2585">
     <span class='ocr_line' id='line_1_70' title="bbox 1711 2513 3308 2585; baseline -0.006 -10"><span class='ocrx_word' id='word_1_496' title='bbox 1711 2520 1872 2575; x_wconf 88' lang='lat' dir='ltr'><strong>bores</strong></span> <span class='ocrx_word' id='word_1_497' title='bbox 1934 2527 1987 2573; x_wconf 90' lang='lat' dir='ltr'><strong>et</strong></span> <span class='ocrx_word' id='word_1_498' title='bbox 2028 2515 2435 2572; x_wconf 87' lang='lat' dir='ltr'><strong>ecclesiasticas</strong></span> <span class='ocrx_word' id='word_1_499' title='bbox 2476 2515 2866 2585; x_wconf 89' lang='lat' dir='ltr'><strong>occupationes</strong></span> <span class='ocrx_word' id='word_1_500' title='bbox 2927 2513 3206 2576; x_wconf 90' lang='lat' dir='ltr'><strong>habeant,</strong></span> <span class='ocrx_word' id='word_1_501' title='bbox 3250 2518 3308 2567; x_wconf 85' lang='lat' dir='ltr'><strong>et</strong></span> 
     </span>
    </p>
   </div>
   <div class='ocr_carea' id='block_1_71' title="bbox 1710 2603 3305 2680">
    <p class='ocr_par' dir='ltr' id='par_1_71' title="bbox 1710 2603 3305 2680">
     <span class='ocr_line' id='line_1_71' title="bbox 1710 2603 3305 2680; baseline -0.005 -18"><span class='ocrx_word' id='word_1_502' title='bbox 1710 2625 1811 2680; x_wconf 90' lang='lat' dir='ltr'><strong>pro</strong></span> <span class='ocrx_word' id='word_1_503' title='bbox 1881 2624 1947 2663; x_wconf 93' lang='lat' dir='ltr'><strong>eo</strong></span> <span class='ocrx_word' id='word_1_504' title='bbox 1994 2615 2159 2678; x_wconf 89' lang='lat' dir='ltr'><strong>atque</strong></span> <span class='ocrx_word' id='word_1_505' title='bbox 2205 2619 2420 2677; x_wconf 61' lang='lat' dir='ltr'><strong>aequum</strong></span> <span class='ocrx_word' id='word_1_506' title='bbox 2464 2612 2568 2669; x_wconf 90' lang='lat' dir='ltr'><strong>est,</strong></span> <span class='ocrx_word' id='word_1_507' title='bbox 2613 2605 2684 2658; x_wconf 90' lang='lat' dir='ltr'><strong>ali</strong></span> <span class='ocrx_word' id='word_1_508' title='bbox 2728 2604 2968 2658; x_wconf 83' lang='lat' dir='ltr'><strong>indidem</strong></span> <span class='ocrx_word' id='word_1_509' title='bbox 3030 2603 3305 2667; x_wconf 87' lang='lat' dir='ltr'><strong>debeant,</strong></span> 
     </span>
    </p>
   </div>
   <div class='ocr_carea' id='block_1_72' title="bbox 1710 2693 3308 2770">
    <p class='ocr_par' dir='ltr' id='par_1_72' title="bbox 1710 2693 3308 2770">
     <span class='ocr_line' id='line_1_72' title="bbox 1710 2693 3308 2770; baseline -0.004 -14"><span class='ocrx_word' id='word_1_510' title='bbox 1710 2699 2047 2756; x_wconf 88' lang='lat' dir='ltr'><strong>abundantia</strong></span> <span class='ocrx_word' id='word_1_511' title='bbox 2079 2699 2315 2770; x_wconf 89' lang='lat' dir='ltr'><strong>quadam</strong></span> <span class='ocrx_word' id='word_1_512' title='bbox 2379 2697 2602 2752; x_wconf 87' lang='lat' dir='ltr'><strong>virtutis</strong></span> <span class='ocrx_word' id='word_1_513' title='bbox 2651 2703 2705 2750; x_wconf 91' lang='lat' dir='ltr'><strong>et</strong></span> <span class='ocrx_word' id='word_1_514' title='bbox 2734 2696 2960 2766; x_wconf 69' lang='lat' dir='ltr'><strong>prolixae</strong></span> <span class='ocrx_word' id='word_1_515' title='bbox 3003 2693 3308 2750; x_wconf 83' lang='lat' dir='ltr'><strong>voluntatis</strong></span> 
     </span>
    </p>
   </div>
   <div class='ocr_carea' id='block_1_73' title="bbox 1709 2783 3310 2861">
    <p class='ocr_par' dir='ltr' id='par_1_73' title="bbox 1709 2783 3310 2861">
     <span class='ocr_line' id='line_1_73' title="bbox 1709 2783 3310 2861; baseline -0.005 -13"><span class='ocrx_word' id='word_1_516' title='bbox 1709 2783 1764 2848; x_wconf 77' lang='lat' dir='ltr'><strong>id</strong></span> <span class='ocrx_word' id='word_1_517' title='bbox 1788 2793 1892 2850; x_wconf 90' lang='lat' dir='ltr'><strong>sibi</strong></span> <span class='ocrx_word' id='word_1_518' title='bbox 1921 2791 2106 2848; x_wconf 89' lang='lat' dir='ltr'><strong>oneris</strong></span> <span class='ocrx_word' id='word_1_519' title='bbox 2125 2791 2434 2861; x_wconf 88' lang='lat' dir='ltr'><strong>imponunt.</strong></span> <span class='ocrx_word' id='word_1_520' title='bbox 2464 2787 2680 2844; x_wconf 87' lang='lat' dir='ltr'><strong>Etenim</strong></span> <span class='ocrx_word' id='word_1_521' title='bbox 2700 2787 2921 2843; x_wconf 88' lang='lat' dir='ltr'><strong>divinus</strong></span> <span class='ocrx_word' id='word_1_522' title='bbox 2946 2786 3161 2841; x_wconf 91' lang='lat' dir='ltr'><strong>illorum</strong></span> <span class='ocrx_word' id='word_1_523' title='bbox 3187 2785 3310 2840; x_wconf 85' lang='lat' dir='ltr'><strong>ani-</strong></span> 
     </span>
    </p>
   </div>
   <div class='ocr_carea' id='block_1_74' title="bbox 1709 2875 3308 2948">
    <p class='ocr_par' dir='ltr' id='par_1_74' title="bbox 1709 2875 3308 2948">
     <span class='ocr_line' id='line_1_74' title="bbox 1709 2875 3308 2948; baseline -0.005 -9"><span class='ocrx_word' id='word_1_524' title='bbox 1709 2899 1855 2948; x_wconf 88' lang='lat' dir='ltr'><strong>mus,</strong></span> <span class='ocrx_word' id='word_1_525' title='bbox 1880 2893 1934 2938; x_wconf 89' lang='lat' dir='ltr'><strong>et</strong></span> <span class='ocrx_word' id='word_1_526' title='bbox 1957 2885 2014 2938; x_wconf 89' lang='lat' dir='ltr'><strong>in</strong></span> <span class='ocrx_word' id='word_1_527' title='bbox 2043 2881 2136 2937; x_wconf 87' lang='lat' dir='ltr'><strong>Dei</strong></span> <span class='ocrx_word' id='word_1_528' title='bbox 2175 2883 2374 2936; x_wconf 90' lang='lat' dir='ltr'><strong>timore</strong></span> <span class='ocrx_word' id='word_1_529' title='bbox 2405 2879 2702 2944; x_wconf 90' lang='lat' dir='ltr'><strong>stabilitus,</strong></span> <span class='ocrx_word' id='word_1_530' title='bbox 2735 2877 3025 2947; x_wconf 83' lang='lat' dir='ltr'><strong>infusaque</strong></span> <span class='ocrx_word' id='word_1_531' title='bbox 3051 2891 3081 2930; x_wconf 90' lang='lat' dir='ltr'><strong>a</strong></span> <span class='ocrx_word' id='word_1_532' title='bbox 3101 2875 3308 2946; x_wconf 87' lang='lat' dir='ltr'><strong>Spiritu</strong></span> 
     </span>
    </p>
   </div>
   <div class='ocr_carea' id='block_1_75' title="bbox 1712 2969 3306 3048">
    <p class='ocr_par' dir='ltr' id='par_1_75' title="bbox 1712 2969 3306 3048">
     <span class='ocr_line' id='line_1_75' title="bbox 1712 2969 3306 3048; baseline -0.006 -17"><span class='ocrx_word' id='word_1_533' title='bbox 1712 2975 1922 3048; x_wconf 79' lang='lat'><strong>1073</strong></span> <span class='ocrx_word' id='word_1_534' title='bbox 1961 2981 2151 3030; x_wconf 87' lang='lat' dir='ltr'><strong>sancto</strong></span> <span class='ocrx_word' id='word_1_535' title='bbox 2198 2972 2426 3028; x_wconf 89' lang='lat' dir='ltr'><strong>scientia</strong></span> <span class='ocrx_word' id='word_1_536' title='bbox 2457 2971 2736 3042; x_wconf 87' lang='lat' dir='ltr'><strong>praeditus,</strong></span> <span class='ocrx_word' id='word_1_537' title='bbox 2787 2969 3089 3024; x_wconf 65' lang='lat' dir='ltr'><strong>caelestium</strong></span> <span class='ocrx_word' id='word_1_538' title='bbox 3119 2983 3306 3038; x_wconf 89' lang='lat' dir='ltr'><strong>opum,</strong></span> 
     </span>
    </p>
   </div>
   <div class='ocr_carea' id='block_1_76' title="bbox 1709 3059 3306 3138">
    <p class='ocr_par' dir='ltr' id='par_1_76' title="bbox 1709 3059 3306 3138">
     <span class='ocr_line' id='line_1_76' title="bbox 1709 3059 3306 3138; baseline -0.005 -16"><span class='ocrx_word' id='word_1_539' title='bbox 1709 3083 1830 3138; x_wconf 74' lang='lat' dir='ltr'><strong>quae</strong></span> <span class='ocrx_word' id='word_1_540' title='bbox 1855 3067 1907 3120; x_wconf 89' lang='lat' dir='ltr'><strong>in</strong></span> <span class='ocrx_word' id='word_1_541' title='bbox 1934 3064 2148 3136; x_wconf 90' lang='lat' dir='ltr'><strong>justitia</strong></span> <span class='ocrx_word' id='word_1_542' title='bbox 2179 3063 2374 3134; x_wconf 75' lang='lat' dir='ltr'><strong>posita:</strong></span> <span class='ocrx_word' id='word_1_543' title='bbox 2397 3070 2547 3126; x_wconf 80' lang='lat' dir='ltr'><strong>sunt,</strong></span> <span class='ocrx_word' id='word_1_544' title='bbox 2577 3059 2851 3116; x_wconf 89' lang='lat' dir='ltr'><strong>desiderio</strong></span> <span class='ocrx_word' id='word_1_545' title='bbox 2883 3068 3098 3115; x_wconf 82' lang='lat' dir='ltr'><strong>tenetur</strong></span> <span class='ocrx_word' id='word_1_546' title='bbox 3127 3079 3140 3114; x_wconf 90' lang='lat'>:</span> <span class='ocrx_word' id='word_1_547' title='bbox 3166 3073 3306 3129; x_wconf 83' lang='lat' dir='ltr'><strong>quas</strong></span> 
     </span>
    </p>
   </div>
   <div class='ocr_carea' id='block_1_77' title="bbox 1720 3151 3310 3226">
    <p class='ocr_par' dir='ltr' id='par_1_77' title="bbox 1720 3151 3310 3226">
     <span class='ocr_line' id='line_1_77' title="bbox 1720 3151 3310 3226; baseline -0.006 -12"><span class='ocrx_word' id='word_1_548' title='bbox 1720 3175 1846 3214; x_wconf 93' lang='lat' dir='ltr'><strong>cum</strong></span> <span class='ocrx_word' id='word_1_549' title='bbox 1885 3156 2046 3212; x_wconf 88' lang='lat' dir='ltr'><strong>laude</strong></span> <span class='ocrx_word' id='word_1_550' title='bbox 2100 3163 2155 3212; x_wconf 90' lang='lat' dir='ltr'><strong>et</strong></span> <span class='ocrx_word' id='word_1_551' title='bbox 2189 3154 2386 3226; x_wconf 84' lang='lat' dir='ltr'><strong>gloria,</strong></span> <span class='ocrx_word' id='word_1_552' title='bbox 2427 3153 2775 3224; x_wconf 81' lang='lat' dir='ltr'><strong>egregiisque</strong></span> <span class='ocrx_word' id='word_1_553' title='bbox 2817 3151 2978 3207; x_wconf 85' lang='lat' dir='ltr'><strong>factis</strong></span> <span class='ocrx_word' id='word_1_554' title='bbox 3022 3167 3054 3207; x_wconf 89' lang='lat' dir='ltr'><strong>e</strong></span> <span class='ocrx_word' id='word_1_555' title='bbox 3106 3151 3310 3206; x_wconf 90' lang='lat' dir='ltr'><strong>divinis</strong></span> 
     </span>
    </p>
   </div>
   <div class='ocr_carea' id='block_1_78' title="bbox 1715 3243 3306 3320">
    <p class='ocr_par' dir='ltr' id='par_1_78' title="bbox 1715 3243 3306 3320">
     <span class='ocr_line' id='line_1_78' title="bbox 1715 3243 3306 3320; baseline -0.008 -14"><span class='ocrx_word' id='word_1_556' title='bbox 1715 3249 2063 3320; x_wconf 80' lang='lat' dir='ltr'><strong>dogmatibus</strong></span> <span class='ocrx_word' id='word_1_557' title='bbox 2097 3261 2160 3302; x_wconf 90' lang='lat' dir='ltr'><strong>ac</strong></span> <span class='ocrx_word' id='word_1_558' title='bbox 2189 3261 2472 3302; x_wconf 90' lang='lat' dir='ltr'><strong>sacrarum</strong></span> <span class='ocrx_word' id='word_1_559' title='bbox 2495 3244 2826 3299; x_wconf 85' lang='lat' dir='ltr'><strong>Litterarum</strong></span> <span class='ocrx_word' id='word_1_560' title='bbox 2854 3252 2909 3299; x_wconf 89' lang='lat' dir='ltr'><strong>et</strong></span> <span class='ocrx_word' id='word_1_561' title='bbox 2957 3243 3306 3297; x_wconf 86' lang='lat' dir='ltr'><strong>oraculorum</strong></span> 
     </span>
    </p>
   </div>
   <div class='ocr_carea' id='block_1_79' title="bbox 1717 3335 3306 3409">
    <p class='ocr_par' dir='ltr' id='par_1_79' title="bbox 1717 3335 3306 3409">
     <span class='ocr_line' id='line_1_79' title="bbox 1717 3335 3306 3409; baseline -0.005 -12"><span class='ocrx_word' id='word_1_562' title='bbox 1717 3343 1810 3399; x_wconf 88' lang='lat' dir='ltr'><strong>Dei</strong></span> <span class='ocrx_word' id='word_1_563' title='bbox 1835 3340 2211 3404; x_wconf 90' lang='lat' dir='ltr'><strong>meditatione,</strong></span> <span class='ocrx_word' id='word_1_564' title='bbox 2231 3349 2396 3409; x_wconf 91' lang='lat' dir='ltr'><strong>atque</strong></span> <span class='ocrx_word' id='word_1_565' title='bbox 2411 3352 2441 3392; x_wconf 92' lang='lat' dir='ltr'><strong>e</strong></span> <span class='ocrx_word' id='word_1_566' title='bbox 2458 3339 2796 3406; x_wconf 91' lang='lat' dir='ltr'><strong>psalmorum</strong></span> <span class='ocrx_word' id='word_1_567' title='bbox 2819 3335 3306 3398; x_wconf 83' lang='lat' dir='ltr'><strong>concentionibus,</strong></span> 
     </span>
    </p>
   </div>
   <div class='ocr_carea' id='block_1_80' title="bbox 1714 3417 3310 3491">
    <p class='ocr_par' dir='ltr' id='par_1_80' title="bbox 1714 3417 3310 3491">
     <span class='ocr_line' id='line_1_80' title="bbox 1714 3417 3310 3491; baseline -0.007 -1"><span class='ocrx_word' id='word_1_568' title='bbox 1714 3443 1769 3491; x_wconf 86' lang='lat' dir='ltr'><strong>et</strong></span> <span class='ocrx_word' id='word_1_569' title='bbox 1818 3431 2205 3489; x_wconf 85' lang='lat' dir='ltr'><strong>ecclesiasticis</strong></span> <span class='ocrx_word' id='word_1_570' title='bbox 2272 3427 2657 3490; x_wconf 86' lang='lat' dir='ltr'><strong>conventibus,</strong></span> <span class='ocrx_word' id='word_1_571' title='bbox 2711 3417 2927 3482; x_wconf 89' lang='lat' dir='ltr'><strong>necnon</strong></span> <span class='ocrx_word' id='word_1_572' title='bbox 2989 3433 3044 3480; x_wconf 90' lang='lat' dir='ltr'><strong>et</strong></span> <span class='ocrx_word' id='word_1_573' title='bbox 3103 3424 3310 3480; x_wconf 89' lang='lat' dir='ltr'><strong>sanctis</strong></span> 
     </span>
    </p>
   </div>
   <div class='ocr_carea' id='block_1_81' title="bbox 1711 3516 3292 3597">
    <p class='ocr_par' dir='ltr' id='par_1_81' title="bbox 1711 3516 3292 3597">
     <span class='ocr_line' id='line_1_81' title="bbox 1711 3516 3292 3597; baseline -0.008 -15"><span class='ocrx_word' id='word_1_574' title='bbox 1711 3525 1960 3597; x_wconf 84' lang='lat' dir='ltr'><strong>jejuniis.</strong></span> <span class='ocrx_word' id='word_1_575' title='bbox 2006 3523 2282 3586; x_wconf 87' lang='lat' dir='ltr'><strong>castitate,</strong></span> <span class='ocrx_word' id='word_1_576' title='bbox 2318 3519 2734 3590; x_wconf 80' lang='lat' dir='ltr'><strong>religiosissimo</strong></span> <span class='ocrx_word' id='word_1_577' title='bbox 2767 3516 2984 3574; x_wconf 86' lang='lat' dir='ltr'><strong>vivendi</strong></span> <span class='ocrx_word' id='word_1_578' title='bbox 3020 3516 3292 3581; x_wconf 82' lang='lat' dir='ltr'><strong>instituto,</strong></span> 
     </span>
    </p>
   </div>
   <div class='ocr_carea' id='block_1_82' title="bbox 1716 3609 3306 3689">
    <p class='ocr_par' dir='ltr' id='par_1_82' title="bbox 1716 3609 3306 3689">
     <span class='ocr_line' id='line_1_82' title="bbox 1716 3609 3306 3689; baseline -0.01 -15"><span class='ocrx_word' id='word_1_579' title='bbox 1716 3635 1781 3676; x_wconf 89' lang='lat' dir='ltr'><strong>ac</strong></span> <span class='ocrx_word' id='word_1_580' title='bbox 1813 3623 2007 3689; x_wconf 90' lang='lat' dir='ltr'><strong>sponte</strong></span> <span class='ocrx_word' id='word_1_581' title='bbox 2041 3613 2145 3670; x_wconf 90' lang='lat' dir='ltr'><strong>sibi</strong></span> <span class='ocrx_word' id='word_1_582' title='bbox 2176 3613 2381 3668; x_wconf 89' lang='lat' dir='ltr'><strong>indicta</strong></span> <span class='ocrx_word' id='word_1_583' title='bbox 2409 3612 2478 3665; x_wconf 90' lang='lat' dir='ltr'><strong>ob</strong></span> <span class='ocrx_word' id='word_1_584' title='bbox 2511 3625 2754 3665; x_wconf 88' lang='lat' dir='ltr'><strong>amorem</strong></span> <span class='ocrx_word' id='word_1_585' title='bbox 2783 3609 3016 3678; x_wconf 85' lang='lat' dir='ltr'><strong>justitiae</strong></span> <span class='ocrx_word' id='word_1_586' title='bbox 3045 3621 3306 3660; x_wconf 89' lang='lat' dir='ltr'><strong>manuum</strong></span> 
     </span>
    </p>
   </div>
   <div class='ocr_carea' id='block_1_83' title="bbox 1715 3697 3309 3782">
    <p class='ocr_par' dir='ltr' id='par_1_83' title="bbox 1715 3697 3309 3782">
     <span class='ocr_line' id='line_1_83' title="bbox 1715 3697 3309 3782; baseline -0.009 -16"><span class='ocrx_word' id='word_1_587' title='bbox 1715 3725 1881 3782; x_wconf 87' lang='lat' dir='ltr'><strong>opera</strong></span> <span class='ocrx_word' id='word_1_588' title='bbox 1932 3713 2366 3778; x_wconf 89' lang='lat' dir='ltr'><strong>consequuntur.</strong></span> <span class='ocrx_word' id='word_1_589' title='bbox 2404 3703 2502 3758; x_wconf 82' lang='lat' dir='ltr'><strong>Est</strong></span> <span class='ocrx_word' id='word_1_590' title='bbox 2544 3713 2598 3757; x_wconf 91' lang='lat' dir='ltr'><strong>et</strong></span> <span class='ocrx_word' id='word_1_591' title='bbox 2646 3703 2749 3756; x_wconf 91' lang='lat' dir='ltr'><strong>alia</strong></span> <span class='ocrx_word' id='word_1_592' title='bbox 2793 3701 3041 3772; x_wconf 82' lang='lat' dir='ltr'><strong>quaedam</strong></span> <span class='ocrx_word' id='word_1_593' title='bbox 3089 3697 3309 3754; x_wconf 88' lang='lat' dir='ltr'><strong>vivendi</strong></span> 
     </span>
    </p>
   </div>
   <div class='ocr_carea' id='block_1_84' title="bbox 1715 3789 3302 3868">
    <p class='ocr_par' dir='ltr' id='par_1_84' title="bbox 1715 3789 3302 3868">
     <span class='ocr_line' id='line_1_84' title="bbox 1715 3789 3302 3868; baseline -0.009 -12"><span class='ocrx_word' id='word_1_594' title='bbox 1715 3800 1889 3856; x_wconf 86' lang='lat' dir='ltr'><strong>forma</strong></span> <span class='ocrx_word' id='word_1_595' title='bbox 1955 3815 2018 3854; x_wconf 89' lang='lat' dir='ltr'><strong>ac</strong></span> <span class='ocrx_word' id='word_1_596' title='bbox 2072 3797 2394 3868; x_wconf 86' lang='lat' dir='ltr'><strong>disciplina,</strong></span> <span class='ocrx_word' id='word_1_597' title='bbox 2455 3809 2564 3863; x_wconf 85' lang='lat' dir='ltr'><strong>qua</strong></span> <span class='ocrx_word' id='word_1_598' title='bbox 2629 3791 2939 3848; x_wconf 89' lang='lat' dir='ltr'><strong>istiusmodi</strong></span> <span class='ocrx_word' id='word_1_599' title='bbox 3001 3789 3302 3845; x_wconf 87' lang='lat' dir='ltr'><strong>venerandi</strong></span> 
     </span>
    </p>
   </div>
   <div class='ocr_carea' id='block_1_85' title="bbox 1717 3881 3311 3956">
    <p class='ocr_par' dir='ltr' id='par_1_85' title="bbox 1717 3881 3311 3956">
     <span class='ocr_line' id='line_1_85' title="bbox 1717 3881 3311 3956; baseline -0.008 -8"><span class='ocrx_word' id='word_1_600' title='bbox 1717 3893 1892 3948; x_wconf 90' lang='lat' dir='ltr'><strong>nostri</strong></span> <span class='ocrx_word' id='word_1_601' title='bbox 1925 3891 2122 3947; x_wconf 91' lang='lat' dir='ltr'><strong>fratres</strong></span> <span class='ocrx_word' id='word_1_602' title='bbox 2155 3897 2418 3950; x_wconf 87' lang='lat' dir='ltr'><strong>utuntur,</strong></span> <span class='ocrx_word' id='word_1_603' title='bbox 2465 3887 2560 3956; x_wconf 91' lang='lat' dir='ltr'><strong>qui</strong></span> <span class='ocrx_word' id='word_1_604' title='bbox 2595 3885 2650 3939; x_wconf 90' lang='lat' dir='ltr'><strong>in</strong></span> <span class='ocrx_word' id='word_1_605' title='bbox 2687 3883 3078 3954; x_wconf 81' lang='lat' dir='ltr'><strong>Mes0potamia</strong></span> <span class='ocrx_word' id='word_1_606' title='bbox 3103 3881 3159 3936; x_wconf 91' lang='lat' dir='ltr'><strong>in</strong></span> <span class='ocrx_word' id='word_1_607' title='bbox 3192 3895 3311 3936; x_wconf 85' lang='lat' dir='ltr'><strong>mo-</strong></span> 
     </span>
    </p>
   </div>
   <div class='ocr_carea' id='block_1_86' title="bbox 1716 3973 3402 4055">
    <p class='ocr_par' dir='ltr' id='par_1_86' title="bbox 1716 3973 3402 4055">
     <span class='ocr_line' id='line_1_86' title="bbox 1716 3973 3402 4055; baseline -0.008 -13"><span class='ocrx_word' id='word_1_608' title='bbox 1716 3985 1992 4046; x_wconf 77' lang='lat' dir='ltr'><strong>nasteriis,</strong></span> <span class='ocrx_word' id='word_1_609' title='bbox 2019 3999 2157 4055; x_wconf 89' lang='lat' dir='ltr'><strong>quas</strong></span> <span class='ocrx_word' id='word_1_610' title='bbox 2193 3980 2446 4036; x_wconf 80' lang='lat' dir='ltr'><strong>Mandras</strong></span> <span class='ocrx_word' id='word_1_611' title='bbox 2473 3979 2771 4050; x_wconf 89' lang='lat' dir='ltr'><strong>appellant,</strong></span> <span class='ocrx_word' id='word_1_612' title='bbox 2816 3976 3154 4032; x_wconf 88' lang='lat' dir='ltr'><strong>domicilium</strong></span> <span class='ocrx_word' id='word_1_613' title='bbox 3185 3973 3312 4029; x_wconf 83' lang='lat' dir='ltr'><strong>fixe-</strong></span> <span class='ocrx_word' id='word_1_614' title='bbox 3387 3985 3402 3994; x_wconf 80' lang='lat'><strong>&#39;</strong></span> 
     </span>
    </p>
   </div>
   <div class='ocr_carea' id='block_1_87' title="bbox 1715 4069 3307 4143">
    <p class='ocr_par' dir='ltr' id='par_1_87' title="bbox 1715 4069 3307 4143">
     <span class='ocr_line' id='line_1_87' title="bbox 1715 4069 3307 4143; baseline -0.008 -12"><span class='ocrx_word' id='word_1_615' title='bbox 1715 4085 1865 4134; x_wconf 87' lang='lat' dir='ltr'><strong>runt.</strong></span> <span class='ocrx_word' id='word_1_616' title='bbox 1891 4075 1995 4143; x_wconf 88' lang='lat' dir='ltr'><strong>Qui</strong></span> <span class='ocrx_word' id='word_1_617' title='bbox 2014 4083 2068 4130; x_wconf 90' lang='lat' dir='ltr'><strong>et</strong></span> <span class='ocrx_word' id='word_1_618' title='bbox 2091 4087 2276 4130; x_wconf 90' lang='lat' dir='ltr'><strong>comas</strong></span> <span class='ocrx_word' id='word_1_619' title='bbox 2303 4070 2626 4125; x_wconf 85' lang='lat' dir='ltr'><strong>muliebrem</strong></span> <span class='ocrx_word' id='word_1_620' title='bbox 2646 4070 2700 4124; x_wconf 90' lang='lat' dir='ltr'><strong>in</strong></span> <span class='ocrx_word' id='word_1_621' title='bbox 2719 4069 2942 4124; x_wconf 89' lang='lat' dir='ltr'><strong>modum</strong></span> <span class='ocrx_word' id='word_1_622' title='bbox 2959 4069 3307 4138; x_wconf 86' lang='lat' dir='ltr'><strong>promittunt,</strong></span> 
     </span>
    </p>
   </div>
   <div class='ocr_carea' id='block_1_88' title="bbox 1715 4155 3310 4233">
    <p class='ocr_par' dir='ltr' id='par_1_88' title="bbox 1715 4155 3310 4233">
     <span class='ocr_line' id='line_1_88' title="bbox 1715 4155 3310 4233; baseline -0.009 -12"><span class='ocrx_word' id='word_1_623' title='bbox 1715 4175 1769 4222; x_wconf 90' lang='lat' dir='ltr'><strong>et</strong></span> <span class='ocrx_word' id='word_1_624' title='bbox 1801 4165 2038 4220; x_wconf 85' lang='lat' dir='ltr'><strong>cilicium</strong></span> <span class='ocrx_word' id='word_1_625' title='bbox 2073 4162 2358 4233; x_wconf 89' lang='lat' dir='ltr'><strong>propalam</strong></span> <span class='ocrx_word' id='word_1_626' title='bbox 2407 4159 2684 4214; x_wconf 86' lang='lat' dir='ltr'><strong>affectant.</strong></span> <span class='ocrx_word' id='word_1_627' title='bbox 2724 4155 2828 4212; x_wconf 89' lang='lat' dir='ltr'><strong>Sed</strong></span> <span class='ocrx_word' id='word_1_628' title='bbox 2861 4157 3119 4211; x_wconf 87' lang='lat' dir='ltr'><strong>nimirum</strong></span> <span class='ocrx_word' id='word_1_629' title='bbox 3146 4169 3310 4224; x_wconf 79' lang='lat' dir='ltr'><strong>Opor-</strong></span> 
     </span>
    </p>
   </div>
   <div class='ocr_carea' id='block_1_89' title="bbox 1719 4246 3308 4324">
    <p class='ocr_par' dir='ltr' id='par_1_89' title="bbox 1719 4246 3308 4324">
     <span class='ocr_line' id='line_1_89' title="bbox 1719 4246 3308 4324; baseline -0.007 -11"><span class='ocrx_word' id='word_1_630' title='bbox 1719 4259 1866 4314; x_wconf 86' lang='lat' dir='ltr'><strong>tebat</strong></span> <span class='ocrx_word' id='word_1_631' title='bbox 1893 4263 2098 4313; x_wconf 86' lang='lat' dir='ltr'><strong>sanctae</strong></span> <span class='ocrx_word' id='word_1_632' title='bbox 2139 4253 2382 4324; x_wconf 82' lang='lat' dir='ltr'><strong>Virginis</strong></span> <span class='ocrx_word' id='word_1_633' title='bbox 2440 4267 2504 4307; x_wconf 92' lang='lat' dir='ltr'><strong>ac</strong></span> <span class='ocrx_word' id='word_1_634' title='bbox 2565 4258 2772 4306; x_wconf 82' lang='lat' dir='ltr'><strong>nostrae</strong></span> <span class='ocrx_word' id='word_1_635' title='bbox 2822 4248 3014 4304; x_wconf 85' lang='lat' dir='ltr'><strong>matris</strong></span> <span class='ocrx_word' id='word_1_636' title='bbox 3048 4246 3308 4302; x_wconf 67' lang='lat' dir='ltr'><strong>Ecclesiae</strong></span> 
     </span>
    </p>
   </div>
   <div class='ocr_carea' id='block_1_90' title="bbox 1715 4337 3310 4418">
    <p class='ocr_par' dir='ltr' id='par_1_90' title="bbox 1715 4337 3310 4418">
     <span class='ocr_line' id='line_1_90' title="bbox 1715 4337 3310 4418; baseline -0.008 -13"><span class='ocrx_word' id='word_1_637' title='bbox 1715 4351 1922 4405; x_wconf 77' lang='lat' dir='ltr'><strong>liberos</strong></span> <span class='ocrx_word' id='word_1_638' title='bbox 1974 4363 2097 4404; x_wconf 87' lang='lat' dir='ltr'><strong>esse</strong></span> <span class='ocrx_word' id='word_1_639' title='bbox 2139 4346 2520 4418; x_wconf 89' lang='lat' dir='ltr'><strong>perhonestos,</strong></span> <span class='ocrx_word' id='word_1_640' title='bbox 2563 4343 2787 4400; x_wconf 90' lang='lat' dir='ltr'><strong>domum</strong></span> <span class='ocrx_word' id='word_1_641' title='bbox 2819 4347 3127 4404; x_wconf 86' lang='lat' dir='ltr'><strong>servantes,</strong></span> <span class='ocrx_word' id='word_1_642' title='bbox 3179 4337 3310 4394; x_wconf 84' lang='lat' dir='ltr'><strong>Deo-</strong></span> 
     </span>
    </p>
   </div>
   <div class='ocr_carea' id='block_1_91' title="bbox 1717 4431 3308 4516">
    <p class='ocr_par' dir='ltr' id='par_1_91' title="bbox 1717 4431 3308 4516">
     <span class='ocr_line' id='line_1_91' title="bbox 1717 4431 3308 4516; baseline -0.009 -18"><span class='ocrx_word' id='word_1_643' title='bbox 1717 4460 1842 4516; x_wconf 89' lang='lat' dir='ltr'><strong>que,</strong></span> <span class='ocrx_word' id='word_1_644' title='bbox 1884 4443 1976 4514; x_wconf 87' lang='lat' dir='ltr'><strong>qui</strong></span> <span class='ocrx_word' id='word_1_645' title='bbox 2007 4440 2192 4497; x_wconf 88' lang='lat' dir='ltr'><strong>abdita</strong></span> <span class='ocrx_word' id='word_1_646' title='bbox 2235 4440 2562 4509; x_wconf 91' lang='lat' dir='ltr'><strong>occultaque</strong></span> <span class='ocrx_word' id='word_1_647' title='bbox 2584 4436 2736 4493; x_wconf 84' lang='lat' dir='ltr'><strong>novit</strong></span> <span class='ocrx_word' id='word_1_648' title='bbox 2792 4449 2854 4490; x_wconf 90' lang='lat' dir='ltr'><strong>ac</strong></span> <span class='ocrx_word' id='word_1_649' title='bbox 2881 4433 3060 4505; x_wconf 88' lang='lat' dir='ltr'><strong>palam</strong></span> <span class='ocrx_word' id='word_1_650' title='bbox 3085 4431 3308 4503; x_wconf 71' lang='lat' dir='ltr'><strong>praemia</strong></span> 
     </span>
    </p>
   </div>
   <div class='ocr_carea' id='block_1_92' title="bbox 1719 4525 3301 4611">
    <p class='ocr_par' dir='ltr' id='par_1_92' title="bbox 1719 4525 3301 4611">
     <span class='ocr_line' id='line_1_92' title="bbox 1719 4525 3301 4611; baseline -0.008 -18"><span class='ocrx_word' id='word_1_651' title='bbox 1719 4537 1997 4611; x_wconf 86' lang='lat' dir='ltr'><strong>persolvit,</strong></span> <span class='ocrx_word' id='word_1_652' title='bbox 2037 4535 2113 4589; x_wconf 91' lang='lat' dir='ltr'><strong>uti</strong></span> <span class='ocrx_word' id='word_1_653' title='bbox 2162 4532 2428 4604; x_wconf 89' lang='lat' dir='ltr'><strong>scriptum</strong></span> <span class='ocrx_word' id='word_1_654' title='bbox 2455 4539 2559 4598; x_wconf 90' lang='lat' dir='ltr'><strong>est,</strong></span> <span class='ocrx_word' id='word_1_655' title='bbox 2599 4530 2658 4584; x_wconf 90' lang='lat' dir='ltr'><strong>in</strong></span> <span class='ocrx_word' id='word_1_656' title='bbox 2703 4526 2889 4584; x_wconf 88' lang='lat' dir='ltr'><strong>abdito</strong></span> <span class='ocrx_word' id='word_1_657' title='bbox 2920 4526 2942 4559; x_wconf 71' lang='grc'>⁸</span> <span class='ocrx_word' id='word_1_658' title='bbox 2975 4525 3301 4587; x_wconf 84' lang='lat' dir='ltr'><strong>servientes,</strong></span> 
     </span>
    </p>
   </div>
   <div class='ocr_carea' id='block_1_93' title="bbox 1719 4619 3301 4702">
    <p class='ocr_par' dir='ltr' id='par_1_93' title="bbox 1719 4619 3301 4702">
     <span class='ocr_line' id='line_1_93' title="bbox 1719 4619 3301 4702; baseline -0.009 -16"><span class='ocrx_word' id='word_1_659' title='bbox 1719 4631 1883 4702; x_wconf 88' lang='lat' dir='ltr'><strong>idque</strong></span> <span class='ocrx_word' id='word_1_660' title='bbox 1911 4629 2128 4693; x_wconf 89' lang='lat' dir='ltr'><strong>decore,</strong></span> <span class='ocrx_word' id='word_1_661' title='bbox 2160 4633 2382 4698; x_wconf 88' lang='lat' dir='ltr'><strong>propter</strong></span> <span class='ocrx_word' id='word_1_662' title='bbox 2411 4631 2652 4690; x_wconf 82' lang='lat' dir='ltr'><strong>exteros,</strong></span> <span class='ocrx_word' id='word_1_663' title='bbox 2684 4631 2739 4679; x_wconf 91' lang='lat' dir='ltr'><strong>et</strong></span> <span class='ocrx_word' id='word_1_664' title='bbox 2776 4623 3036 4678; x_wconf 83' lang='lat' dir='ltr'><strong>honeste:</strong></span> <span class='ocrx_word' id='word_1_665' title='bbox 3071 4619 3208 4673; x_wconf 90' lang='lat' dir='ltr'><strong>adeo</strong></span> <span class='ocrx_word' id='word_1_666' title='bbox 3239 4625 3301 4672; x_wconf 87' lang='lat' dir='ltr'><strong>ut</strong></span> 
     </span>
    </p>
   </div>
   <div class='ocr_carea' id='block_1_94' title="bbox 66 4710 3304 4796">
    <p class='ocr_par' dir='ltr' id='par_1_94' title="bbox 66 4710 3304 4796">
     <span class='ocr_line' id='line_1_94' title="bbox 66 4710 3304 4796; baseline 0.001 -37"><span class='ocrx_word' id='word_1_667' title='bbox 66 4710 240 4796; x_wconf 79' lang='lat' dir='ltr'><strong>nullam</strong></span> <span class='ocrx_word' id='word_1_668' title='bbox 269 4715 335 4768; x_wconf 89' lang='lat' dir='ltr'><strong>ab</strong></span> <span class='ocrx_word' id='word_1_669' title='bbox 360 4715 700 4772; x_wconf 87' lang='lat' dir='ltr'><strong>intuentibus</strong></span> <span class='ocrx_word' id='word_1_670' title='bbox 731 4719 1063 4784; x_wconf 86' lang='lat' dir='ltr'><strong>mercedem,</strong></span> <span class='ocrx_word' id='word_1_671' title='bbox 1118 4730 1212 4776; x_wconf 88' lang='lat' dir='ltr'><strong>aut</strong></span> <span class='ocrx_word' id='word_1_672' title='bbox 1253 4723 1482 4792; x_wconf 83' lang='lat' dir='ltr'><strong>gratiam</strong></span> <span class='ocrx_word' id='word_1_673' title='bbox 1514 4732 1914 4796; x_wconf 79' lang='lat' dir='ltr'><strong>exspectarent.</strong></span> <span class='ocrx_word' id='word_1_674' title='bbox 1959 4721 2056 4778; x_wconf 89' lang='lat' dir='ltr'><strong>Est</strong></span> <span class='ocrx_word' id='word_1_675' title='bbox 2093 4723 2238 4778; x_wconf 91' lang='lat' dir='ltr'><strong>enim</strong></span> <span class='ocrx_word' id='word_1_676' title='bbox 2284 4719 2354 4775; x_wconf 89' lang='lat' dir='ltr'><strong>ab</strong></span> <span class='ocrx_word' id='word_1_677' title='bbox 2391 4717 2651 4773; x_wconf 82' lang='lat' dir='ltr'><strong>Ecclesiae</strong></span> <span class='ocrx_word' id='word_1_678' title='bbox 2688 4713 2974 4770; x_wconf 83' lang='lat' dir='ltr'><strong>catholicae</strong></span> <span class='ocrx_word' id='word_1_679' title='bbox 3004 4718 3059 4768; x_wconf 88' lang='lat' dir='ltr'><strong>et</strong></span> <span class='ocrx_word' id='word_1_680' title='bbox 3087 4715 3304 4781; x_wconf 88' lang='lat' dir='ltr'><strong>aposto-</strong></span> 
     </span>
    </p>
   </div>
   <div class='ocr_carea' id='block_1_95' title="bbox 65 4793 3306 4886">
    <p class='ocr_par' dir='ltr' id='par_1_95' title="bbox 65 4793 3306 4886">
     <span class='ocr_line' id='line_1_95' title="bbox 65 4793 3306 4886; baseline 0.003 -40"><span class='ocrx_word' id='word_1_681' title='bbox 65 4793 213 4852; x_wconf 79' lang='lat' dir='ltr'><strong>lorum</strong></span> <span class='ocrx_word' id='word_1_682' title='bbox 236 4805 478 4861; x_wconf 84' lang='lat' dir='ltr'><strong>doctrina</strong></span> <span class='ocrx_word' id='word_1_683' title='bbox 514 4823 742 4878; x_wconf 76' lang='lat' dir='ltr'><strong>prorsus</strong></span> <span class='ocrx_word' id='word_1_684' title='bbox 769 4809 1032 4873; x_wconf 87' lang='lat' dir='ltr'><strong>alienum,</strong></span> <span class='ocrx_word' id='word_1_685' title='bbox 1072 4812 1310 4868; x_wconf 90' lang='lat' dir='ltr'><strong>cilicium</strong></span> <span class='ocrx_word' id='word_1_686' title='bbox 1357 4817 1534 4885; x_wconf 90' lang='lat' dir='ltr'><strong>palam</strong></span> <span class='ocrx_word' id='word_1_687' title='bbox 1577 4793 1688 4886; x_wconf 77' lang='lat' dir='ltr'><strong>prae</strong></span> <span class='ocrx_word' id='word_1_688' title='bbox 1727 4833 1786 4874; x_wconf 88' lang='lat' dir='ltr'><strong>se</strong></span> <span class='ocrx_word' id='word_1_689' title='bbox 1829 4815 1992 4879; x_wconf 91' lang='lat' dir='ltr'><strong>ferre,</strong></span> <span class='ocrx_word' id='word_1_690' title='bbox 2026 4829 2090 4869; x_wconf 89' lang='lat' dir='ltr'><strong>ac</strong></span> <span class='ocrx_word' id='word_1_691' title='bbox 2117 4827 2328 4870; x_wconf 91' lang='lat' dir='ltr'><strong>comam</strong></span> <span class='ocrx_word' id='word_1_692' title='bbox 2359 4809 2706 4868; x_wconf 87' lang='lat' dir='ltr'><strong>submittere.</strong></span> <span class='ocrx_word' id='word_1_693' title='bbox 2769 4805 2866 4862; x_wconf 90' lang='lat' dir='ltr'><strong>Vir</strong></span> <span class='ocrx_word' id='word_1_694' title='bbox 2908 4804 3072 4871; x_wconf 79' lang='lat' dir='ltr'><strong>enim,</strong></span> <span class='ocrx_word' id='word_1_695' title='bbox 3125 4803 3306 4874; x_wconf 87' lang='lat' dir='ltr'><strong>inquit</strong></span> 
     </span>
    </p>
   </div>
   <div class='ocr_carea' id='block_1_96' title="bbox 67 4889 3348 4981">
    <p class='ocr_par' dir='ltr' id='par_1_96' title="bbox 67 4889 3348 4981">
     <span class='ocr_line' id='line_1_96' title="bbox 67 4889 3348 4981; baseline 0.007 -35"><span class='ocrx_word' id='word_1_696' title='bbox 67 4895 348 4964; x_wconf 76' lang='lat' dir='ltr'><strong>Apostolus,</strong></span> <span class='ocrx_word' id='word_1_697' title='bbox 385 4917 590 4955; x_wconf 86' lang='lat' dir='ltr'><strong>comam</strong></span> <span class='ocrx_word' id='word_1_698' title='bbox 621 4904 824 4957; x_wconf 81' lang='lat' dir='ltr'><strong>nutrire</strong></span> <span class='ocrx_word' id='word_1_699' title='bbox 864 4921 967 4958; x_wconf 82' lang='lat' dir='ltr'><strong>non</strong></span> <span class='ocrx_word' id='word_1_700' title='bbox 991 4905 1162 4970; x_wconf 81' lang='lat' dir='ltr'><strong>debet,</strong></span> <span class='ocrx_word' id='word_1_701' title='bbox 1211 4925 1330 4961; x_wconf 84' lang='lat' dir='ltr'><strong>cum</strong></span> <span class='ocrx_word' id='word_1_702' title='bbox 1360 4911 1536 4980; x_wconf 81' lang='lat' dir='ltr'><strong>imago</strong></span> <span class='ocrx_word' id='word_1_703' title='bbox 1567 4910 1661 4966; x_wconf 89' lang='lat' dir='ltr'><strong>Dei</strong></span> <span class='ocrx_word' id='word_1_704' title='bbox 1700 4911 1768 4966; x_wconf 80' lang='lat' dir='ltr'><strong>sit</strong></span> <span class='ocrx_word' id='word_1_705' title='bbox 1800 4919 1850 4965; x_wconf 82' lang='lat' dir='ltr'><strong>et</strong></span> <span class='ocrx_word' id='word_1_706' title='bbox 1881 4910 2056 4981; x_wconf 79' lang='lat' dir='ltr'><strong>gloria</strong></span> <span class='ocrx_word' id='word_1_707' title='bbox 2079 4909 2121 4962; x_wconf 82' lang='grc'><strong>⁸.</strong></span> <span class='ocrx_word' id='word_1_708' title='bbox 2485 4927 2492 4934; x_wconf 89' lang='grc'><strong>·</strong></span> <span class='ocrx_word' id='word_1_709' title='bbox 2889 4905 2894 4910; x_wconf 66' lang='grc'><em>’</em></span> <span class='ocrx_word' id='word_1_710' title='bbox 3343 4889 3348 4894; x_wconf 38' lang='grc'><em>’</em></span> 
     </span>
    </p>
   </div>
   <div class='ocr_carea' id='block_1_97' title="bbox 123 4987 1618 5067">
    <p class='ocr_par' dir='ltr' id='par_1_97' title="bbox 123 4987 1618 5067">
     <span class='ocr_line' id='line_1_97' title="bbox 123 4987 1618 5067; baseline 0.006 -26"><span class='ocrx_word' id='word_1_711' title='bbox 123 4987 188 5042; x_wconf 90' lang='grc' dir='ltr'><strong>Ζ’.</strong></span> <span class='ocrx_word' id='word_1_712' title='bbox 219 4987 282 5042; x_wconf 71' lang='lat' dir='ltr'><strong>Tt</strong></span> <span class='ocrx_word' id='word_1_713' title='bbox 305 4990 362 5043; x_wconf 80' lang='grc' dir='ltr'>δὲ</span> <span class='ocrx_word' id='word_1_714' title='bbox 399 4993 580 5062; x_wconf 85' lang='grc' dir='ltr'>χεῖρον</span> <span class='ocrx_word' id='word_1_715' title='bbox 613 4991 634 5022; x_wconf 84' lang='grc'>³</span> <span class='ocrx_word' id='word_1_716' title='bbox 669 4994 760 5045; x_wconf 68' lang='grc' dir='ltr'>καὶ</span> <span class='ocrx_word' id='word_1_717' title='bbox 787 4993 1047 5048; x_wconf 77' lang='grc' dir='ltr'>ἐναντίον.</span> <span class='ocrx_word' id='word_1_718' title='bbox 1077 4997 1140 5048; x_wconf 85' lang='lat' dir='ltr'><strong>Ol</strong></span> <span class='ocrx_word' id='word_1_719' title='bbox 1185 4997 1282 5067; x_wconf 82' lang='grc' dir='ltr'>μὲν</span> <span class='ocrx_word' id='word_1_720' title='bbox 1313 4997 1374 5050; x_wconf 79' lang='grc' dir='ltr'>τὸ</span> <span class='ocrx_word' id='word_1_721' title='bbox 1408 4999 1618 5066; x_wconf 85' lang='grc' dir='ltr'>γένειον</span> 
     </span>
    </p>
   </div>
   <div class='ocr_carea' id='block_1_98' title="bbox 33 5078 1617 5170">
    <p class='ocr_par' dir='ltr' id='par_1_98' title="bbox 33 5078 1617 5170">
     <span class='ocr_line' id='line_1_98' title="bbox 33 5078 1617 5170; baseline 0.01 -42"><span class='ocrx_word' id='word_1_722' title='bbox 33 5165 36 5170; x_wconf 27' lang='grc' dir='ltr'><strong>Ι</strong></span> <span class='ocrx_word' id='word_1_723' title='bbox 69 5078 148 5148; x_wconf 79' lang='grc' dir='ltr'>τὴν</span> <span class='ocrx_word' id='word_1_724' title='bbox 170 5079 368 5154; x_wconf 81' lang='grc' dir='ltr'>μορφὴν</span> <span class='ocrx_word' id='word_1_725' title='bbox 423 5083 518 5136; x_wconf 86' lang='grc' dir='ltr'><strong>τοῦ</strong></span> <span class='ocrx_word' id='word_1_726' title='bbox 561 5084 754 5158; x_wconf 75' lang='grc' dir='ltr'>ἀνδρὸς</span> <span class='ocrx_word' id='word_1_727' title='bbox 781 5085 1166 5156; x_wconf 87' lang='grc' dir='ltr'>ἀποτέμνουσι,</span> <span class='ocrx_word' id='word_1_728' title='bbox 1201 5087 1394 5158; x_wconf 86' lang='grc' dir='ltr'>τρίχας</span> <span class='ocrx_word' id='word_1_729' title='bbox 1425 5089 1482 5142; x_wconf 84' lang='grc' dir='ltr'><strong>δὲ</strong></span> <span class='ocrx_word' id='word_1_730' title='bbox 1517 5091 1617 5160; x_wconf 78' lang='grc' dir='ltr'>τῆς</span> 
     </span>
    </p>
   </div>
   <div class='ocr_carea' id='block_1_99' title="bbox 71 5170 1612 5250">
    <p class='ocr_par' dir='ltr' id='par_1_99' title="bbox 71 5170 1612 5250">
     <span class='ocr_line' id='line_1_99' title="bbox 71 5170 1612 5250; baseline 0.009 -30"><span class='ocrx_word' id='word_1_731' title='bbox 71 5170 278 5242; x_wconf 80' lang='grc' dir='ltr'>κεφαλῆς</span> <span class='ocrx_word' id='word_1_732' title='bbox 333 5175 592 5238; x_wconf 83' lang='grc' dir='ltr'>πολλάκις</span> <span class='ocrx_word' id='word_1_733' title='bbox 645 5177 875 5247; x_wconf 82' lang='grc' dir='ltr'>κομῶσι.</span> <span class='ocrx_word' id='word_1_734' title='bbox 933 5179 1042 5232; x_wconf 75' lang='grc' dir='ltr'><strong>Καὶ</strong></span> <span class='ocrx_word' id='word_1_735' title='bbox 1085 5179 1214 5250; x_wconf 79' lang='grc' dir='ltr'>περὶ</span> <span class='ocrx_word' id='word_1_736' title='bbox 1263 5179 1360 5248; x_wconf 78' lang='grc' dir='ltr'><strong>μὲν</strong></span> <span class='ocrx_word' id='word_1_737' title='bbox 1393 5177 1488 5232; x_wconf 77' lang='grc' dir='ltr'>οὖν</span> <span class='ocrx_word' id='word_1_738' title='bbox 1518 5175 1612 5234; x_wconf 81' lang='grc' dir='ltr'><strong>τοῦ</strong></span> 
     </span>
    </p>
   </div>
   <div class='ocr_carea' id='block_1_100' title="bbox 71 5264 1622 5342">
    <p class='ocr_par' dir='ltr' id='par_1_100' title="bbox 71 5264 1622 5342">
     <span class='ocr_line' id='line_1_100' title="bbox 71 5264 1622 5342; baseline 0.008 -29"><span class='ocrx_word' id='word_1_739' title='bbox 71 5264 246 5326; x_wconf 83' lang='grc' dir='ltr'>γενείου</span> <span class='ocrx_word' id='word_1_740' title='bbox 272 5265 380 5337; x_wconf 70' lang='grc'><strong>(24)</strong></span> <span class='ocrx_word' id='word_1_741' title='bbox 407 5269 464 5320; x_wconf 84' lang='grc' dir='ltr'>ὲν</span> <span class='ocrx_word' id='word_1_742' title='bbox 491 5269 612 5332; x_wconf 81' lang='grc' dir='ltr'>ταῖς</span> <span class='ocrx_word' id='word_1_743' title='bbox 627 5269 913 5334; x_wconf 83' lang='grc' dir='ltr'>Διατὰξεσι</span> <span class='ocrx_word' id='word_1_744' title='bbox 941 5269 1052 5323; x_wconf 81' lang='grc' dir='ltr'><strong>τῶν</strong></span> <span class='ocrx_word' id='word_1_745' title='bbox 1092 5271 1406 5325; x_wconf 76' lang='grc' dir='ltr'>ἀποστόλων</span> <span class='ocrx_word' id='word_1_746' title='bbox 1426 5272 1622 5342; x_wconf 79' lang='grc' dir='ltr'>φάσκει</span> 
     </span>
    </p>
   </div>
   <div class='ocr_carea' id='block_1_101' title="bbox 1797 4988 3350 5065">
    <p class='ocr_par' dir='ltr' id='par_1_101' title="bbox 1797 4988 3350 5065">
     <span class='ocr_line' id='line_1_101' title="bbox 1797 4988 3350 5065; baseline -0.006 -13"><span class='ocrx_word' id='word_1_747' title='bbox 1797 4998 1909 5054; x_wconf 83' lang='lat' dir='ltr'><strong>VII.</strong></span> <span class='ocrx_word' id='word_1_748' title='bbox 1969 4996 2078 5053; x_wconf 86' lang='lat' dir='ltr'><strong>Sed</strong></span> <span class='ocrx_word' id='word_1_749' title='bbox 2123 4996 2366 5052; x_wconf 90' lang='lat' dir='ltr'><strong>deterius</strong></span> <span class='ocrx_word' id='word_1_750' title='bbox 2414 4993 2668 5065; x_wconf 86' lang='lat' dir='ltr'><strong>quiddam</strong></span> <span class='ocrx_word' id='word_1_751' title='bbox 2720 5007 2785 5046; x_wconf 91' lang='lat' dir='ltr'><strong>ac</strong></span> <span class='ocrx_word' id='word_1_752' title='bbox 2841 4988 3176 5045; x_wconf 90' lang='lat' dir='ltr'><strong>contrarium</strong></span> <span class='ocrx_word' id='word_1_753' title='bbox 3236 4989 3350 5058; x_wconf 84' lang='lat' dir='ltr'><strong>ah</strong></span> 
     </span>
    </p>
   </div>
   <div class='ocr_carea' id='block_1_102' title="bbox 1723 5081 3308 5158">
    <p class='ocr_par' dir='ltr' id='par_1_102' title="bbox 1723 5081 3308 5158">
     <span class='ocr_line' id='line_1_102' title="bbox 1723 5081 3308 5158; baseline -0.008 -15"><span class='ocrx_word' id='word_1_754' title='bbox 1723 5089 1830 5144; x_wconf 90' lang='lat' dir='ltr'><strong>illis</strong></span> <span class='ocrx_word' id='word_1_755' title='bbox 1871 5087 2079 5158; x_wconf 84' lang='lat' dir='ltr'><strong>geritur</strong></span> <span class='ocrx_word' id='word_1_756' title='bbox 2115 5105 2127 5140; x_wconf 94' lang='lat'><strong>:</strong></span> <span class='ocrx_word' id='word_1_757' title='bbox 2157 5085 2426 5156; x_wconf 91' lang='lat' dir='ltr'><strong>siquidem</strong></span> <span class='ocrx_word' id='word_1_758' title='bbox 2471 5084 2562 5138; x_wconf 90' lang='lat' dir='ltr'><strong>isti</strong></span> <span class='ocrx_word' id='word_1_759' title='bbox 2605 5081 2855 5142; x_wconf 89' lang='lat' dir='ltr'><strong>barbam,</strong></span> <span class='ocrx_word' id='word_1_760' title='bbox 2891 5081 2996 5134; x_wconf 90' lang='lat' dir='ltr'><strong>hoc</strong></span> <span class='ocrx_word' id='word_1_761' title='bbox 3041 5085 3128 5134; x_wconf 90' lang='lat' dir='ltr'><strong>est</strong></span> <span class='ocrx_word' id='word_1_762' title='bbox 3175 5091 3308 5147; x_wconf 72' lang='lat' dir='ltr'><strong>pro~</strong></span> 
     </span>
    </p>
   </div>
   <div class='ocr_carea' id='block_1_103' title="bbox 1729 5171 3310 5251">
    <p class='ocr_par' dir='ltr' id='par_1_103' title="bbox 1729 5171 3310 5251">
     <span class='ocr_line' id='line_1_103' title="bbox 1729 5171 3310 5251; baseline -0.007 -16"><span class='ocrx_word' id='word_1_763' title='bbox 1729 5181 1908 5251; x_wconf 88' lang='lat' dir='ltr'><strong>priam</strong></span> <span class='ocrx_word' id='word_1_764' title='bbox 1945 5179 2047 5234; x_wconf 91' lang='lat' dir='ltr'><strong>viri</strong></span> <span class='ocrx_word' id='word_1_765' title='bbox 2083 5177 2340 5238; x_wconf 83' lang='lat' dir='ltr'><strong>formam.</strong></span> <span class='ocrx_word' id='word_1_766' title='bbox 2369 5183 2658 5242; x_wconf 84' lang='lat' dir='ltr'><strong>resecant;</strong></span> <span class='ocrx_word' id='word_1_767' title='bbox 2686 5173 2916 5245; x_wconf 88' lang='lat' dir='ltr'><strong>capillos</strong></span> <span class='ocrx_word' id='word_1_768' title='bbox 2948 5185 3082 5228; x_wconf 89' lang='lat' dir='ltr'><strong>vero</strong></span> <span class='ocrx_word' id='word_1_769' title='bbox 3111 5177 3172 5225; x_wconf 92' lang='lat' dir='ltr'><strong>ut</strong></span> <span class='ocrx_word' id='word_1_770' title='bbox 3192 5171 3310 5241; x_wconf 77' lang='lat' dir='ltr'><strong>plu-</strong></span> 
     </span>
    </p>
   </div>
   <div class='ocr_carea' id='block_1_104' title="bbox 1731 5263 3305 5342">
    <p class='ocr_par' dir='ltr' id='par_1_104' title="bbox 1731 5263 3305 5342">
     <span class='ocr_line' id='line_1_104' title="bbox 1731 5263 3305 5342; baseline -0.005 -14"><span class='ocrx_word' id='word_1_771' title='bbox 1731 5275 1927 5328; x_wconf 85' lang='lat' dir='ltr'><strong>rimum</strong></span> <span class='ocrx_word' id='word_1_772' title='bbox 1961 5271 2288 5342; x_wconf 81' lang='lat' dir='ltr'><strong>prolixiores</strong></span> <span class='ocrx_word' id='word_1_773' title='bbox 2319 5269 2547 5332; x_wconf 84' lang='lat' dir='ltr'><strong>habent.</strong></span> <span class='ocrx_word' id='word_1_774' title='bbox 2589 5267 2753 5337; x_wconf 88' lang='lat' dir='ltr'><strong>Atqui</strong></span> <span class='ocrx_word' id='word_1_775' title='bbox 2787 5265 2936 5336; x_wconf 90' lang='lat' dir='ltr'><strong>quod</strong></span> <span class='ocrx_word' id='word_1_776' title='bbox 2979 5263 3048 5319; x_wconf 86' lang='lat' dir='ltr'><strong>ad</strong></span> <span class='ocrx_word' id='word_1_777' title='bbox 3079 5264 3305 5322; x_wconf 82' lang='lat' dir='ltr'><strong>barbam</strong></span> 
     </span>
    </p>
   </div>
   <div class='ocr_carea' id='block_1_105' title="bbox 129 5377 1611 5462">
    <p class='ocr_par' dir='ltr' id='par_1_105' title="bbox 129 5377 1608 5462">
     <span class='ocr_line' id='line_1_105' title="bbox 129 5377 1608 5462; baseline 0.008 -30"><span class='ocrx_word' id='word_1_778' title='bbox 129 5377 143 5408; x_wconf 85' lang='grc'>¹</span> <span class='ocrx_word' id='word_1_779' title='bbox 173 5377 226 5434; x_wconf 88' lang='lat' dir='ltr'><strong>F.</strong></span> <span class='ocrx_word' id='word_1_780' title='bbox 265 5383 454 5456; x_wconf 85' lang='grc' dir='ltr'>κόμας.</span> <span class='ocrx_word' id='word_1_781' title='bbox 528 5389 550 5419; x_wconf 77' lang='grc'>¹</span> <span class='ocrx_word' id='word_1_782' title='bbox 581 5383 641 5441; x_wconf 84' lang='lat' dir='ltr'><strong>F.</strong></span> <span class='ocrx_word' id='word_1_783' title='bbox 673 5387 1045 5459; x_wconf 81' lang='grc' dir='ltr'>ἐκτεινομένη.</span> <span class='ocrx_word' id='word_1_784' title='bbox 1121 5390 1142 5420; x_wconf 82' lang='grc'>³</span> <span class='ocrx_word' id='word_1_785' title='bbox 1171 5387 1231 5444; x_wconf 83' lang='lat' dir='ltr'><strong>F.</strong></span> <span class='ocrx_word' id='word_1_786' title='bbox 1271 5389 1299 5441; x_wconf 83' lang='grc' dir='ltr'><strong>ὃ</strong></span> <span class='ocrx_word' id='word_1_787' title='bbox 1323 5389 1380 5444; x_wconf 78' lang='grc' dir='ltr'><strong>δὲ</strong></span> <span class='ocrx_word' id='word_1_788' title='bbox 1409 5393 1608 5462; x_wconf 84' lang='grc' dir='ltr'>χεῖρον,</span> 
     </span>
    </p>
   </div>
   <div class='ocr_carea' id='block_1_106' title="bbox 1794 5377 2986 5462">
    <p class='ocr_par' dir='ltr' id='par_1_106' title="bbox 1794 5379 2986 5452">
     <span class='ocr_line' id='line_1_106' title="bbox 1794 5379 2986 5452; baseline -0.007 -9"><span class='ocrx_word' id='word_1_789' title='bbox 1794 5390 1860 5444; x_wconf 74' lang='grc' dir='ltr'>ἔτι</span> <span class='ocrx_word' id='word_1_790' title='bbox 1890 5390 1968 5445; x_wconf 81' lang='grc' dir='ltr'>δέ.</span> <span class='ocrx_word' id='word_1_791' title='bbox 2045 5388 2068 5419; x_wconf 72' lang='grc'><strong>⁸</strong></span> <span class='ocrx_word' id='word_1_792' title='bbox 2097 5387 2285 5442; x_wconf 85' lang='lat' dir='ltr'><strong>Matth.</strong></span> <span class='ocrx_word' id='word_1_793' title='bbox 2312 5401 2388 5452; x_wconf 84' lang='lat' dir='ltr'><strong>vt,</strong></span> <span class='ocrx_word' id='word_1_794' title='bbox 2415 5385 2469 5442; x_wconf 89' lang='lat'><strong>6.</strong></span> <span class='ocrx_word' id='word_1_795' title='bbox 2551 5385 2571 5416; x_wconf 79' lang='grc'><strong><em>⁵</em></strong></span> <span class='ocrx_word' id='word_1_796' title='bbox 2609 5382 2631 5438; x_wconf 92' lang='lat' dir='ltr'><strong>I</strong></span> <span class='ocrx_word' id='word_1_797' title='bbox 2660 5381 2785 5439; x_wconf 88' lang='lat' dir='ltr'><strong>Cor.</strong></span> <span class='ocrx_word' id='word_1_798' title='bbox 2817 5397 2896 5447; x_wconf 76' lang='grc' dir='ltr'>ιι,</span> <span class='ocrx_word' id='word_1_799' title='bbox 2931 5379 2986 5435; x_wconf 90' lang='grc'><strong>7.</strong></span> 
     </span>
    </p>
   </div>
   <div class='ocr_carea' id='block_1_107' title="bbox 99 5512 1612 5594">
    <p class='ocr_par' dir='ltr' id='par_1_107' title="bbox 99 5512 1612 5594">
     <span class='ocr_line' id='line_1_107' title="bbox 99 5512 1612 5594; baseline -0.002 -14"><span class='ocrx_word' id='word_1_800' title='bbox 99 5512 230 5594; x_wconf 63' lang='grc'><strong>,(95)</strong></span> <span class='ocrx_word' id='word_1_801' title='bbox 257 5520 362 5574; x_wconf 83' lang='lat' dir='ltr'><strong>Kal</strong></span> <span class='ocrx_word' id='word_1_802' title='bbox 437 5523 505 5588; x_wconf 84' lang='grc' dir='ltr'><strong>ἐξ</strong></span> <span class='ocrx_word' id='word_1_803' title='bbox 542 5522 760 5594; x_wconf 77' lang='grc' dir='ltr'><strong>αὐτῶν.</strong></span> <span class='ocrx_word' id='word_1_804' title='bbox 813 5520 926 5576; x_wconf 87' lang='lat' dir='ltr'><strong>[mo</strong></span> <span class='ocrx_word' id='word_1_805' title='bbox 981 5537 1374 5592; x_wconf 89' lang='lat' dir='ltr'><strong>nonnunquam</strong></span> <span class='ocrx_word' id='word_1_806' title='bbox 1413 5521 1466 5594; x_wconf 88' lang='lat' dir='ltr'><strong>id</strong></span> <span class='ocrx_word' id='word_1_807' title='bbox 1498 5523 1612 5577; x_wconf 86' lang='lat' dir='ltr'><strong>cle-</strong></span> 
     </span>
    </p>
   </div>
   <div class='ocr_carea' id='block_1_108' title="bbox 77 5592 1608 5664">
    <p class='ocr_par' dir='ltr' id='par_1_108' title="bbox 77 5592 1608 5664">
     <span class='ocr_line' id='line_1_108' title="bbox 77 5592 1608 5664; baseline 0.006 -27"><span class='ocrx_word' id='word_1_808' title='bbox 77 5592 198 5664; x_wconf 60' lang='lat' dir='ltr'><strong>ricis</strong></span> <span class='ocrx_word' id='word_1_809' title='bbox 212 5601 440 5664; x_wconf 78' lang='lat' dir='ltr'><strong>veterum</strong></span> <span class='ocrx_word' id='word_1_810' title='bbox 493 5592 850 5664; x_wconf 79' lang='lat' dir='ltr'><strong>conciliorum</strong></span> <span class='ocrx_word' id='word_1_811' title='bbox 881 5594 1185 5664; x_wconf 75' lang='lat' dir='ltr'><strong>canonibus</strong></span> <span class='ocrx_word' id='word_1_812' title='bbox 1207 5593 1608 5664; x_wconf 64' lang='lat' dir='ltr'><strong>praescriptum,</strong></span> 
     </span>
    </p>
   </div>
   <div class='ocr_carea' id='block_1_109' title="bbox 79 5655 1608 5734">
    <p class='ocr_par' dir='ltr' id='par_1_109' title="bbox 79 5655 1608 5734">
     <span class='ocr_line' id='line_1_109' title="bbox 79 5655 1608 5734; baseline 0.01 -33"><span class='ocrx_word' id='word_1_813' title='bbox 79 5655 397 5734; x_wconf 41' lang='lat' dir='ltr'><strong>lit-Carjbag.</strong></span> <span class='ocrx_word' id='word_1_814' title='bbox 453 5679 525 5722; x_wconf 76' lang='grc' dir='ltr'>ιιι.</span> <span class='ocrx_word' id='word_1_815' title='bbox 591 5679 713 5719; x_wconf 87' lang='lat' dir='ltr'><strong>can.</strong></span> <span class='ocrx_word' id='word_1_816' title='bbox 783 5663 861 5718; x_wconf 82' lang='lat'><strong>5|.</strong></span> <span class='ocrx_word' id='word_1_817' title='bbox 932 5663 1166 5718; x_wconf 77' lang='lat' dir='ltr'><strong>Clericus</strong></span> <span class='ocrx_word' id='word_1_818' title='bbox 1210 5655 1608 5734; x_wconf 58' lang='lat' dir='ltr'><strong>&#39;quanmntlibct</strong></span> 
     </span>
    </p>
   </div>
   <div class='ocr_carea' id='block_1_110' title="bbox 82 5726 1610 5809">
    <p class='ocr_par' dir='ltr' id='par_1_110' title="bbox 82 5726 1610 5809">
     <span class='ocr_line' id='line_1_110' title="bbox 82 5726 1610 5809; baseline 0.007 -33"><span class='ocrx_word' id='word_1_819' title='bbox 82 5726 207 5809; x_wconf 33' lang='lat' dir='ltr'><strong>rabie.</strong></span> <span class='ocrx_word' id='word_1_820' title='bbox 244 5730 328 5784; x_wconf 74' lang='lat' dir='ltr'><strong>De:</strong></span> <span class='ocrx_word' id='word_1_821' title='bbox 351 5726 593 5809; x_wconf 63' lang='lat' dir='ltr'><strong>cruditas</strong></span> <span class='ocrx_word' id='word_1_822' title='bbox 613 5735 876 5809; x_wconf 44' lang='lat' dir='ltr'><strong>artiﬁcio.</strong></span> <span class='ocrx_word' id='word_1_823' title='bbox 895 5735 1082 5809; x_wconf 65' lang='lat' dir='ltr'><strong>victam</strong></span> <span class='ocrx_word' id='word_1_824' title='bbox 1109 5726 1332 5798; x_wconf 68' lang='lat' dir='ltr'><strong>quierat.</strong></span> <span class='ocrx_word' id='word_1_825' title='bbox 1363 5735 1446 5809; x_wconf 37' lang='lat' dir='ltr'><strong>.lle</strong></span> <span class='ocrx_word' id='word_1_826' title='bbox 1503 5751 1610 5786; x_wconf 82' lang='grc' dir='ltr'>ιιιυ-</span> 
     </span>
    </p>
   </div>
   <div class='ocr_carea' id='block_1_111' title="bbox 83 5797 1606 5874">
    <p class='ocr_par' dir='ltr' id='par_1_111' title="bbox 83 5797 1606 5874">
     <span class='ocr_line' id='line_1_111' title="bbox 83 5797 1606 5874; baseline 0.008 -28"><span class='ocrx_word' id='word_1_827' title='bbox 83 5797 238 5854; x_wconf 79' lang='lat' dir='ltr'><strong>nachis</strong></span> <span class='ocrx_word' id='word_1_828' title='bbox 255 5807 552 5866; x_wconf 80' lang='lat' dir='ltr'><strong>veromulto</strong></span> <span class='ocrx_word' id='word_1_829' title='bbox 575 5804 628 5860; x_wconf 85' lang='lat' dir='ltr'><strong>id</strong></span> <span class='ocrx_word' id='word_1_830' title='bbox 663 5797 842 5871; x_wconf 76' lang='lat' dir='ltr'><strong>ipsum</strong></span> <span class='ocrx_word' id='word_1_831' title='bbox 865 5797 1058 5874; x_wconf 55' lang='lat' dir='ltr'><strong>&#39;magis</strong></span> <span class='ocrx_word' id='word_1_832' title='bbox 1090 5797 1316 5862; x_wconf 79' lang='lat' dir='ltr'><strong>aliirmat</strong></span> <span class='ocrx_word' id='word_1_833' title='bbox 1347 5803 1606 5874; x_wconf 76' lang='lat' dir='ltr'><strong>Augusti—</strong></span> 
     </span>
    </p>
   </div>
   <div class='ocr_carea' id='block_1_112' title="bbox 1723 5519 2812 5592">
    <p class='ocr_par' dir='ltr' id='par_1_112' title="bbox 1723 5519 2812 5592">
     <span class='ocr_line' id='line_1_112' title="bbox 1723 5519 2812 5592; baseline -0.004 -17"><span class='ocrx_word' id='word_1_834' title='bbox 1723 5537 1828 5576; x_wconf 91' lang='lat' dir='ltr'><strong>nus</strong></span> <span class='ocrx_word' id='word_1_835' title='bbox 1855 5521 1998 5576; x_wconf 83' lang='lat' dir='ltr'><strong>libro</strong></span> <span class='ocrx_word' id='word_1_836' title='bbox 2029 5519 2395 5592; x_wconf 10' lang='lat' dir='ltr'><strong>singulariide</strong></span> <span class='ocrx_word' id='word_1_837' title='bbox 2419 5534 2478 5576; x_wconf 88' lang='lat' dir='ltr'><strong>ea</strong></span> <span class='ocrx_word' id='word_1_838' title='bbox 2505 5535 2564 5575; x_wconf 89' lang='lat' dir='ltr'><strong>re</strong></span> <span class='ocrx_word' id='word_1_839' title='bbox 2586 5519 2812 5592; x_wconf 72' lang='lat' dir='ltr'><strong>scripto.</strong></span> 
     </span>
    </p>
   </div>
   <div class='ocr_carea' id='block_1_113' title="bbox 1794 5585 3302 5661">
    <p class='ocr_par' dir='ltr' id='par_1_113' title="bbox 1794 5585 3302 5661">
     <span class='ocr_line' id='line_1_113' title="bbox 1794 5585 3302 5661; baseline -0.003 -17"><span class='ocrx_word' id='word_1_840' title='bbox 1794 5592 1928 5661; x_wconf 51' lang='grc' dir='ltr'>(κδ’)</span> <span class='ocrx_word' id='word_1_841' title='bbox 1946 5585 2146 5648; x_wconf 72' lang='grc' dir='ltr'><strong>Ἀυῖνιᾰ</strong></span> <span class='ocrx_word' id='word_1_842' title='bbox 2157 5593 2254 5645; x_wconf 82' lang='grc' dir='ltr'><strong>καὶ</strong></span> <span class='ocrx_word' id='word_1_843' title='bbox 2277 5591 2446 5661; x_wconf 30' lang='grc' dir='ltr'>ἄλλῌῳ</span> <span class='ocrx_word' id='word_1_844' title='bbox 2473 5592 2660 5658; x_wconf 82' lang='grc' dir='ltr'>τύπῳ.</span> <span class='ocrx_word' id='word_1_845' title='bbox 2683 5585 2993 5661; x_wconf 71' lang='lat' dir='ltr'><strong>Meminitin</strong></span> <span class='ocrx_word' id='word_1_846' title='bbox 3011 5585 3302 5661; x_wconf 59' lang='lat' dir='ltr'><strong>Ancora-to.</strong></span> 
     </span>
    </p>
   </div>
   <div class='ocr_carea' id='block_1_114' title="bbox 1791 5655 3304 5732">
    <p class='ocr_par' dir='ltr' id='par_1_114' title="bbox 1791 5655 3304 5732">
     <span class='ocr_line' id='line_1_114' title="bbox 1791 5655 3304 5732; baseline -0.004 -16"><span class='ocrx_word' id='word_1_847' title='bbox 1791 5665 1845 5732; x_wconf 75' lang='grc'>(2</span> <span class='ocrx_word' id='word_1_848' title='bbox 1859 5663 1900 5726; x_wconf 75' lang='lat' dir='ltr'><strong>I)</strong></span> <span class='ocrx_word' id='word_1_849' title='bbox 1913 5655 1920 5661; x_wconf 71' lang='grc'><em>’</em></span> <span class='ocrx_word' id='word_1_850' title='bbox 1934 5663 2038 5716; x_wconf 76' lang='grc' dir='ltr'><strong>Καὶ</strong></span> <span class='ocrx_word' id='word_1_851' title='bbox 2059 5663 2190 5730; x_wconf 77' lang='grc' dir='ltr'>περὶ</span> <span class='ocrx_word' id='word_1_852' title='bbox 2203 5661 2320 5732; x_wconf 78' lang='grc' dir='ltr'><strong>μὲν</strong></span> <span class='ocrx_word' id='word_1_853' title='bbox 2340 5655 2457 5732; x_wconf 53' lang='grc' dir='ltr'><strong>οὖν</strong></span> <span class='ocrx_word' id='word_1_854' title='bbox 2471 5661 2578 5732; x_wconf 72' lang='grc' dir='ltr'><strong>τοῦ</strong></span> <span class='ocrx_word' id='word_1_855' title='bbox 2590 5655 3040 5732; x_wconf 36' lang='grc' dir='ltr'>γενείουιίιοο-ιιε</span> <span class='ocrx_word' id='word_1_856' title='bbox 3069 5663 3152 5711; x_wconf 84' lang='lat' dir='ltr'><strong>est</strong></span> <span class='ocrx_word' id='word_1_857' title='bbox 3171 5656 3262 5710; x_wconf 88' lang='lat' dir='ltr'><strong>lib.</strong></span> <span class='ocrx_word' id='word_1_858' title='bbox 3286 5671 3304 5710; x_wconf 84' lang='grc' dir='ltr'><strong>ι</strong></span> 
     </span>
    </p>
   </div>
   <div class='ocr_carea' id='block_1_115' title="bbox 1718 5728 3300 5802">
    <p class='ocr_par' dir='ltr' id='par_1_115' title="bbox 1718 5728 3300 5802">
     <span class='ocr_line' id='line_1_115' title="bbox 1718 5728 3300 5802; baseline -0.004 -15"><span class='ocrx_word' id='word_1_859' title='bbox 1718 5728 1942 5787; x_wconf 72' lang='lat' dir='ltr'><strong>(Ini-mit.</strong></span> <span class='ocrx_word' id='word_1_860' title='bbox 1971 5728 2166 5802; x_wconf 48' lang='lat' dir='ltr'><strong>aposti,</strong></span> <span class='ocrx_word' id='word_1_861' title='bbox 2193 5728 2313 5802; x_wconf 79' lang='lat' dir='ltr'><strong>cap.</strong></span> <span class='ocrx_word' id='word_1_862' title='bbox 2349 5733 2400 5788; x_wconf 74' lang='grc'><strong>5.</strong></span> <span class='ocrx_word' id='word_1_863' title='bbox 2448 5728 2619 5788; x_wconf 84' lang='lat' dir='ltr'><strong>Notus</strong></span> <span class='ocrx_word' id='word_1_864' title='bbox 2644 5745 2798 5786; x_wconf 87' lang='lat' dir='ltr'><strong>conc.</strong></span> <span class='ocrx_word' id='word_1_865' title='bbox 2831 5728 3086 5802; x_wconf 10' lang='lat' dir='ltr'><strong>Ciarthag.</strong></span> <span class='ocrx_word' id='word_1_866' title='bbox 3123 5739 3300 5802; x_wconf 81' lang='lat' dir='ltr'><strong>canon</strong></span> 
     </span>
    </p>
   </div>
   <div class='ocr_carea' id='block_1_116' title="bbox 1716 5794 3298 5872">
    <p class='ocr_par' dir='ltr' id='par_1_116' title="bbox 1716 5794 3298 5872">
     <span class='ocr_line' id='line_1_116' title="bbox 1716 5794 3298 5872; baseline -0.009 -12"><span class='ocrx_word' id='word_1_867' title='bbox 1716 5807 1804 5871; x_wconf 66' lang='grc' dir='ltr'>Η,</span> <span class='ocrx_word' id='word_1_868' title='bbox 1837 5794 2072 5860; x_wconf 69' lang='lat' dir='ltr'><strong>Clericus</strong></span> <span class='ocrx_word' id='word_1_869' title='bbox 2119 5794 2210 5861; x_wconf 77' lang='lat' dir='ltr'><strong>nec</strong></span> <span class='ocrx_word' id='word_1_870' title='bbox 2249 5794 2454 5860; x_wconf 66' lang='lat' dir='ltr'><strong>comam</strong></span> <span class='ocrx_word' id='word_1_871' title='bbox 2489 5803 2706 5872; x_wconf 74' lang='lat' dir='ltr'><strong>nutriat,</strong></span> <span class='ocrx_word' id='word_1_872' title='bbox 2733 5817 2824 5857; x_wconf 79' lang='lat' dir='ltr'><strong>nec</strong></span> <span class='ocrx_word' id='word_1_873' title='bbox 2863 5794 3080 5854; x_wconf 63' lang='lat' dir='ltr'><strong>barbari:</strong></span> <span class='ocrx_word' id='word_1_874' title='bbox 3117 5794 3298 5848; x_wconf 77' lang='lat' dir='ltr'><strong>radat.</strong></span> 
     </span>
    </p>
   </div>
  </div>
