  <div class='ocr_page' id='page_1' title='image "/cluster/home/n/w/nwhite01/storage/ocr_20150623/42/hvd.32044011752995/383.png"; bbox 0 0 3810 6216; ppageno 0'>
   <div class='ocr_carea' id='block_1_1' title="bbox 444 341 564 407">
    <p class='ocr_par' dir='ltr' id='par_1_1' title="bbox 444 341 564 407">
     <span class='ocr_line' id='line_1_1' title="bbox 444 341 564 407; baseline -0.092 0"><span class='ocrx_word' id='word_1_1' title='bbox 444 341 564 407; x_wconf 80' lang='lat'><strong>.767</strong></span> 
     </span>
    </p>
   </div>
   <div class='ocr_carea' id='block_1_2' title="bbox 1896 334 3736 418">
    <p class='ocr_par' dir='ltr' id='par_1_2' title="bbox 1896 334 3736 418">
     <span class='ocr_line' id='line_1_2' title="bbox 1896 334 3736 418; baseline -0.01 -21"><span class='ocrx_word' id='word_1_2' title='bbox 1896 342 1954 397; x_wconf 90' lang='lat' dir='ltr'><strong>S.</strong></span> <span class='ocrx_word' id='word_1_3' title='bbox 1994 338 2345 396; x_wconf 73' lang='lat' dir='ltr'><strong>EPIPHANII</strong></span> 
     </span>
    </p>
   </div>
   <div class='ocr_carea' id='block_1_3' title="bbox 460 450 2041 530">
    <p class='ocr_par' dir='ltr' id='par_1_3' title="bbox 460 458 2041 530">
     <span class='ocr_line' id='line_1_3' title="bbox 460 458 2041 530; baseline -0.001 -17"><span class='ocrx_word' id='word_1_4' title='bbox 460 460 677 525; x_wconf 83' lang='lat' dir='ltr'><strong>attinet,</strong></span> <span class='ocrx_word' id='word_1_5' title='bbox 710 460 764 515; x_wconf 92' lang='lat' dir='ltr'><strong>in</strong></span> <span class='ocrx_word' id='word_1_6' title='bbox 797 460 1173 530; x_wconf 80' lang='lat' dir='ltr'><strong>apostolorum</strong></span> <span class='ocrx_word' id='word_1_7' title='bbox 1198 458 1702 516; x_wconf 86' lang='lat' dir='ltr'><strong>Constitutionibus</strong></span> <span class='ocrx_word' id='word_1_8' title='bbox 1734 459 1922 513; x_wconf 89' lang='lat' dir='ltr'><strong>divino</strong></span> <span class='ocrx_word' id='word_1_9' title='bbox 1946 473 2041 513; x_wconf 20' lang='lat' dir='ltr'><strong>seri</strong></span> 
     </span>
    </p>
   </div>
   <div class='ocr_carea' id='block_1_4' title="bbox 2156 450 3739 530">
    <p class='ocr_par' dir='ltr' id='par_1_4' title="bbox 2161 450 3739 524">
     <span class='ocr_line' id='line_1_4' title="bbox 2161 450 3739 524; baseline -0.004 -14"><span class='ocrx_word' id='word_1_10' title='bbox 2161 458 2188 510; x_wconf 85' lang='grc' dir='ltr'><strong>ό</strong></span> <span class='ocrx_word' id='word_1_11' title='bbox 2228 457 2369 521; x_wconf 85' lang='grc' dir='ltr'>θεῖος</span> <span class='ocrx_word' id='word_1_12' title='bbox 2401 454 2559 523; x_wconf 83' lang='grc' dir='ltr'>λόγος</span> <span class='ocrx_word' id='word_1_13' title='bbox 2590 454 2685 508; x_wconf 74' lang='grc' dir='ltr'>καὶ</span> <span class='ocrx_word' id='word_1_14' title='bbox 2710 454 2743 524; x_wconf 80' lang='grc' dir='ltr'><strong>ὴ</strong></span> <span class='ocrx_word' id='word_1_15' title='bbox 2766 452 3083 509; x_wconf 82' lang='grc' dir='ltr'>διδασκαλία</span> <span class='ocrx_word' id='word_1_16' title='bbox 3101 452 3178 524; x_wconf 82' lang='grc' dir='ltr'><strong>μὴ</strong></span> <span class='ocrx_word' id='word_1_17' title='bbox 3212 450 3483 523; x_wconf 72' lang='grc' dir='ltr'>φθείρειν,</span> <span class='ocrx_word' id='word_1_18' title='bbox 3516 452 3739 505; x_wconf 52' lang='lat' dir='ltr'><strong>courier.</strong></span> 
     </span>
    </p>
   </div>
   <div class='ocr_carea' id='block_1_5' title="bbox 461 552 2054 625">
    <p class='ocr_par' dir='ltr' id='par_1_5' title="bbox 461 552 2054 625">
     <span class='ocr_line' id='line_1_5' title="bbox 461 552 2054 625; baseline 0.001 -20"><span class='ocrx_word' id='word_1_19' title='bbox 461 565 623 606; x_wconf 87' lang='lat' dir='ltr'><strong>mone</strong></span> <span class='ocrx_word' id='word_1_20' title='bbox 666 566 731 608; x_wconf 88' lang='lat' dir='ltr'><strong>ac</strong></span> <span class='ocrx_word' id='word_1_21' title='bbox 766 553 1025 625; x_wconf 76' lang='lat' dir='ltr'><strong>dogmate</strong></span> <span class='ocrx_word' id='word_1_22' title='bbox 1065 552 1472 624; x_wconf 86' lang='lat' dir='ltr'><strong>praescribitur,</strong></span> <span class='ocrx_word' id='word_1_23' title='bbox 1517 569 1586 607; x_wconf 92' lang='lat' dir='ltr'><strong>ne</strong></span> <span class='ocrx_word' id='word_1_24' title='bbox 1620 568 1684 608; x_wconf 89' lang='lat' dir='ltr'><strong>ea</strong></span> <span class='ocrx_word' id='word_1_25' title='bbox 1733 566 2054 623; x_wconf 88' lang='lat' dir='ltr'><strong>corrumpa-</strong></span> 
     </span>
    </p>
   </div>
   <div class='ocr_carea' id='block_1_6' title="bbox 459 643 2052 715">
    <p class='ocr_par' dir='ltr' id='par_1_6' title="bbox 459 643 2052 715">
     <span class='ocr_line' id='line_1_6' title="bbox 459 643 2052 715; baseline 0.001 -18"><span class='ocrx_word' id='word_1_26' title='bbox 459 651 552 697; x_wconf 86' lang='lat' dir='ltr'><strong>tur</strong></span> <span class='ocrx_word' id='word_1_27' title='bbox 583 664 598 700; x_wconf 90' lang='lat'><strong>:</strong></span> <span class='ocrx_word' id='word_1_28' title='bbox 637 645 739 701; x_wconf 87' lang='lat' dir='ltr'><strong>hoc</strong></span> <span class='ocrx_word' id='word_1_29' title='bbox 785 656 871 702; x_wconf 88' lang='lat' dir='ltr'><strong>est</strong></span> <span class='ocrx_word' id='word_1_30' title='bbox 921 661 988 700; x_wconf 93' lang='lat' dir='ltr'><strong>ne</strong></span> <span class='ocrx_word' id='word_1_31' title='bbox 1024 645 1192 699; x_wconf 84' lang='lat' dir='ltr'><strong>barba</strong></span> <span class='ocrx_word' id='word_1_32' title='bbox 1220 654 1483 715; x_wconf 82' lang='lat' dir='ltr'><strong>ponatur,</strong></span> <span class='ocrx_word' id='word_1_33' title='bbox 1534 659 1672 700; x_wconf 89' lang='lat' dir='ltr'><strong>neve</strong></span> <span class='ocrx_word' id='word_1_34' title='bbox 1707 643 2052 699; x_wconf 83' lang='lat' dir='ltr'><strong>meretricius</strong></span> 
     </span>
    </p>
   </div>
   <div class='ocr_carea' id='block_1_7' title="bbox 459 733 2049 806">
    <p class='ocr_par' dir='ltr' id='par_1_7' title="bbox 459 733 2049 806">
     <span class='ocr_line' id='line_1_7' title="bbox 459 733 2049 806; baseline -0.003 -13"><span class='ocrx_word' id='word_1_35' title='bbox 459 735 643 793; x_wconf 87' lang='lat' dir='ltr'><strong>cultus</strong></span> <span class='ocrx_word' id='word_1_36' title='bbox 667 744 723 791; x_wconf 88' lang='lat' dir='ltr'><strong>et</strong></span> <span class='ocrx_word' id='word_1_37' title='bbox 745 744 978 792; x_wconf 81' lang='lat' dir='ltr'><strong>ornatus</strong></span> <span class='ocrx_word' id='word_1_38' title='bbox 1007 744 1328 806; x_wconf 88' lang='lat' dir='ltr'><strong>usurpetur,</strong></span> <span class='ocrx_word' id='word_1_39' title='bbox 1352 750 1414 790; x_wconf 90' lang='lat' dir='ltr'><strong>ac</strong></span> <span class='ocrx_word' id='word_1_40' title='bbox 1444 751 1512 790; x_wconf 85' lang='lat' dir='ltr'><strong>ne</strong></span> <span class='ocrx_word' id='word_1_41' title='bbox 1564 751 1659 806; x_wconf 88' lang='lat' dir='ltr'><strong>per</strong></span> <span class='ocrx_word' id='word_1_42' title='bbox 1679 733 2049 805; x_wconf 79' lang='lat' dir='ltr'><strong>arrogantiam</strong></span> 
     </span>
    </p>
   </div>
   <div class='ocr_carea' id='block_1_8' title="bbox 459 827 2053 900">
    <p class='ocr_par' dir='ltr' id='par_1_8' title="bbox 459 827 2053 900">
     <span class='ocr_line' id='line_1_8' title="bbox 459 827 2053 900; baseline -0.001 -17"><span class='ocrx_word' id='word_1_43' title='bbox 459 836 515 883; x_wconf 91' lang='lat' dir='ltr'><strong>et</strong></span> <span class='ocrx_word' id='word_1_44' title='bbox 540 828 745 883; x_wconf 83' lang='lat' dir='ltr'><strong>fastum</strong></span> <span class='ocrx_word' id='word_1_45' title='bbox 776 827 1030 884; x_wconf 74' lang='lat' dir='ltr'><strong>affectata</strong></span> <span class='ocrx_word' id='word_1_46' title='bbox 1058 827 1306 898; x_wconf 63' lang='lat' dir='ltr'><strong>quaedam</strong></span> <span class='ocrx_word' id='word_1_47' title='bbox 1333 827 1563 897; x_wconf 73' lang='lat' dir='ltr'><strong>iustitiae</strong></span> <span class='ocrx_word' id='word_1_48' title='bbox 1591 827 1803 900; x_wconf 81' lang='lat' dir='ltr'><strong>species</strong></span> <span class='ocrx_word' id='word_1_49' title='bbox 1840 827 1894 880; x_wconf 91' lang='lat' dir='ltr'><strong>in</strong></span> <span class='ocrx_word' id='word_1_50' title='bbox 1926 842 2053 882; x_wconf 88' lang='lat' dir='ltr'><strong>con-</strong></span> 
     </span>
    </p>
   </div>
   <div class='ocr_carea' id='block_1_9' title="bbox 461 919 2049 993">
    <p class='ocr_par' dir='ltr' id='par_1_9' title="bbox 461 919 2049 993">
     <span class='ocr_line' id='line_1_9' title="bbox 461 919 2049 993; baseline -0.002 -18"><span class='ocrx_word' id='word_1_51' title='bbox 461 936 654 993; x_wconf 84' lang='lat' dir='ltr'><strong>gressu</strong></span> <span class='ocrx_word' id='word_1_52' title='bbox 710 936 775 976; x_wconf 86' lang='lat' dir='ltr'><strong>ac</strong></span> <span class='ocrx_word' id='word_1_53' title='bbox 825 922 1229 977; x_wconf 89' lang='lat' dir='ltr'><strong>consuetudine</strong></span> <span class='ocrx_word' id='word_1_54' title='bbox 1294 920 1646 990; x_wconf 77' lang='lat' dir='ltr'><strong>praeferatur.</strong></span> <span class='ocrx_word' id='word_1_55' title='bbox 1710 919 1849 974; x_wconf 88' lang='lat' dir='ltr'><strong>Illud</strong></span> <span class='ocrx_word' id='word_1_56' title='bbox 1901 921 2049 975; x_wconf 90' lang='lat' dir='ltr'><strong>enim</strong></span> 
     </span>
    </p>
   </div>
   <div class='ocr_carea' id='block_1_10' title="bbox 461 1008 2050 1083">
    <p class='ocr_par' dir='ltr' id='par_1_10' title="bbox 461 1008 2050 1083">
     <span class='ocr_line' id='line_1_10' title="bbox 461 1008 2050 1083; baseline -0.003 -14"><span class='ocrx_word' id='word_1_57' title='bbox 461 1009 735 1071; x_wconf 69' lang='lat' dir='ltr'><strong>Nazaraais</strong></span> <span class='ocrx_word' id='word_1_58' title='bbox 773 1011 1041 1067; x_wconf 80' lang='lat' dir='ltr'><strong>duntaxat</strong></span> <span class='ocrx_word' id='word_1_59' title='bbox 1080 1012 1153 1067; x_wconf 92' lang='lat' dir='ltr'><strong>ob</strong></span> <span class='ocrx_word' id='word_1_60' title='bbox 1186 1011 1415 1083; x_wconf 81' lang='lat' dir='ltr'><strong>ﬁguram</strong></span> <span class='ocrx_word' id='word_1_61' title='bbox 1449 1010 1805 1081; x_wconf 78' lang='lat' dir='ltr'><strong>congruebat.</strong></span> <span class='ocrx_word' id='word_1_62' title='bbox 1837 1008 2050 1081; x_wconf 83' lang='lat' dir='ltr'><strong>Quippe</strong></span> 
     </span>
    </p>
   </div>
   <div class='ocr_carea' id='block_1_11' title="bbox 462 1102 2049 1174">
    <p class='ocr_par' dir='ltr' id='par_1_11' title="bbox 462 1102 2049 1174">
     <span class='ocr_line' id='line_1_11' title="bbox 462 1102 2049 1174; baseline -0.003 -16"><span class='ocrx_word' id='word_1_63' title='bbox 462 1109 674 1159; x_wconf 84' lang='lat' dir='ltr'><strong>veteres</strong></span> <span class='ocrx_word' id='word_1_64' title='bbox 718 1118 817 1174; x_wconf 89' lang='lat' dir='ltr'><strong>per</strong></span> <span class='ocrx_word' id='word_1_65' title='bbox 856 1102 1167 1158; x_wconf 81' lang='lat' dir='ltr'><strong>futurarum</strong></span> <span class='ocrx_word' id='word_1_66' title='bbox 1209 1117 1395 1157; x_wconf 88' lang='lat' dir='ltr'><strong>rerum</strong></span> <span class='ocrx_word' id='word_1_67' title='bbox 1443 1102 1801 1157; x_wconf 87' lang='lat' dir='ltr'><strong>adumbratas</strong></span> <span class='ocrx_word' id='word_1_68' title='bbox 1855 1102 2049 1172; x_wconf 82' lang='lat' dir='ltr'><strong>imagi-</strong></span> 
     </span>
    </p>
   </div>
   <div class='ocr_carea' id='block_1_12' title="bbox 461 1194 2050 1262">
    <p class='ocr_par' dir='ltr' id='par_1_12' title="bbox 461 1194 2050 1262">
     <span class='ocr_line' id='line_1_12' title="bbox 461 1194 2050 1262; baseline -0.003 -11"><span class='ocrx_word' id='word_1_69' title='bbox 461 1208 560 1251; x_wconf 88' lang='lat' dir='ltr'><strong>nes</strong></span> <span class='ocrx_word' id='word_1_70' title='bbox 594 1194 833 1250; x_wconf 87' lang='lat' dir='ltr'><strong>traducti</strong></span> <span class='ocrx_word' id='word_1_71' title='bbox 879 1202 1031 1261; x_wconf 89' lang='lat' dir='ltr'><strong>sunt,</strong></span> <span class='ocrx_word' id='word_1_72' title='bbox 1061 1195 1211 1249; x_wconf 88' lang='lat' dir='ltr'><strong>velut</strong></span> <span class='ocrx_word' id='word_1_73' title='bbox 1248 1209 1372 1248; x_wconf 91' lang='lat' dir='ltr'><strong>cum</strong></span> <span class='ocrx_word' id='word_1_74' title='bbox 1405 1207 1619 1248; x_wconf 87' lang='lat' dir='ltr'><strong>comam</strong></span> <span class='ocrx_word' id='word_1_75' title='bbox 1655 1209 1722 1247; x_wconf 79' lang='lat' dir='ltr'><strong>ex</strong></span> <span class='ocrx_word' id='word_1_76' title='bbox 1765 1200 1893 1247; x_wconf 87' lang='lat' dir='ltr'><strong>voto</strong></span> <span class='ocrx_word' id='word_1_77' title='bbox 1922 1207 2050 1262; x_wconf 88' lang='lat' dir='ltr'><strong>pro-</strong></span> 
     </span>
    </p>
   </div>
   <div class='ocr_carea' id='block_1_13' title="bbox 461 1286 2049 1350">
    <p class='ocr_par' dir='ltr' id='par_1_13' title="bbox 461 1286 2049 1350">
     <span class='ocr_line' id='line_1_13' title="bbox 461 1286 2049 1350; baseline 0.001 -9"><span class='ocrx_word' id='word_1_78' title='bbox 461 1286 774 1343; x_wconf 89' lang='lat' dir='ltr'><strong>missiorem</strong></span> <span class='ocrx_word' id='word_1_79' title='bbox 808 1287 1141 1350; x_wconf 87' lang='lat' dir='ltr'><strong>habuerunt,</strong></span> <span class='ocrx_word' id='word_1_80' title='bbox 1196 1286 1373 1342; x_wconf 90' lang='lat' dir='ltr'><strong>donec</strong></span> <span class='ocrx_word' id='word_1_81' title='bbox 1424 1286 1610 1340; x_wconf 90' lang='lat' dir='ltr'><strong>mundi</strong></span> <span class='ocrx_word' id='word_1_82' title='bbox 1651 1296 1838 1341; x_wconf 84' lang='lat' dir='ltr'><strong>votum</strong></span> <span class='ocrx_word' id='word_1_83' title='bbox 1885 1286 2049 1342; x_wconf 91' lang='lat' dir='ltr'><strong>adve-</strong></span> 
     </span>
    </p>
   </div>
   <div class='ocr_carea' id='block_1_14' title="bbox 462 1377 2048 1450">
    <p class='ocr_par' dir='ltr' id='par_1_14' title="bbox 462 1377 2048 1450">
     <span class='ocr_line' id='line_1_14' title="bbox 462 1377 2048 1450; baseline 0.001 -16"><span class='ocrx_word' id='word_1_84' title='bbox 462 1378 566 1446; x_wconf 85' lang='lat' dir='ltr'><strong>nit,</strong></span> <span class='ocrx_word' id='word_1_85' title='bbox 617 1387 673 1435; x_wconf 87' lang='lat' dir='ltr'><strong>et</strong></span> <span class='ocrx_word' id='word_1_86' title='bbox 721 1380 1004 1450; x_wconf 85' lang='lat' dir='ltr'><strong>impletum</strong></span> <span class='ocrx_word' id='word_1_87' title='bbox 1055 1387 1160 1443; x_wconf 82' lang='lat' dir='ltr'><strong>est,</strong></span> <span class='ocrx_word' id='word_1_88' title='bbox 1210 1379 1315 1432; x_wconf 90' lang='lat' dir='ltr'><strong>hoc</strong></span> <span class='ocrx_word' id='word_1_89' title='bbox 1366 1385 1451 1434; x_wconf 85' lang='lat' dir='ltr'><strong>est</strong></span> <span class='ocrx_word' id='word_1_90' title='bbox 1496 1380 1750 1449; x_wconf 85' lang='lat' dir='ltr'><strong>apparuit</strong></span> <span class='ocrx_word' id='word_1_91' title='bbox 1792 1377 2048 1435; x_wconf 81' lang='lat' dir='ltr'><strong>Christus</strong></span> 
     </span>
    </p>
   </div>
   <div class='ocr_carea' id='block_1_15' title="bbox 464 1468 2048 1537">
    <p class='ocr_par' dir='ltr' id='par_1_15' title="bbox 464 1468 2048 1537">
     <span class='ocr_line' id='line_1_15' title="bbox 464 1468 2048 1537; baseline -0.001 -11"><span class='ocrx_word' id='word_1_92' title='bbox 464 1472 732 1528; x_wconf 76' lang='lat' dir='ltr'><strong>Dominus</strong></span> <span class='ocrx_word' id='word_1_93' title='bbox 761 1472 961 1527; x_wconf 89' lang='lat' dir='ltr'><strong>unicus</strong></span> <span class='ocrx_word' id='word_1_94' title='bbox 987 1470 1082 1527; x_wconf 90' lang='lat' dir='ltr'><strong>Dei</strong></span> <span class='ocrx_word' id='word_1_95' title='bbox 1122 1468 1331 1537; x_wconf 83' lang='lat' dir='ltr'><strong>Filius;</strong></span> <span class='ocrx_word' id='word_1_96' title='bbox 1369 1478 1423 1525; x_wconf 91' lang='lat' dir='ltr'><strong>et</strong></span> <span class='ocrx_word' id='word_1_97' title='bbox 1456 1470 1801 1525; x_wconf 83' lang='lat' dir='ltr'><strong>innotescere</strong></span> <span class='ocrx_word' id='word_1_98' title='bbox 1842 1470 2048 1525; x_wconf 90' lang='lat' dir='ltr'><strong>mundo</strong></span> 
     </span>
    </p>
   </div>
   <div class='ocr_carea' id='block_1_16' title="bbox 461 1560 2045 1632">
    <p class='ocr_par' dir='ltr' id='par_1_16' title="bbox 461 1560 2045 1632">
     <span class='ocr_line' id='line_1_16' title="bbox 461 1560 2045 1632; baseline -0.001 -14"><span class='ocrx_word' id='word_1_99' title='bbox 461 1561 629 1632; x_wconf 77' lang='lat' dir='ltr'><strong>ccepit</strong></span> <span class='ocrx_word' id='word_1_100' title='bbox 668 1562 759 1616; x_wconf 91' lang='lat' dir='ltr'><strong>ille</strong></span> <span class='ocrx_word' id='word_1_101' title='bbox 808 1561 927 1632; x_wconf 89' lang='lat' dir='ltr'><strong>ipse</strong></span> <span class='ocrx_word' id='word_1_102' title='bbox 969 1561 1343 1629; x_wconf 88' lang='lat' dir='ltr'><strong>sempiternus</strong></span> <span class='ocrx_word' id='word_1_103' title='bbox 1367 1560 1610 1631; x_wconf 85' lang='lat' dir='ltr'><strong>quidem,</strong></span> <span class='ocrx_word' id='word_1_104' title='bbox 1645 1561 1738 1615; x_wconf 87' lang='lat' dir='ltr'><strong>sed</strong></span> <span class='ocrx_word' id='word_1_105' title='bbox 1785 1561 1854 1617; x_wconf 90' lang='lat' dir='ltr'><strong>ab</strong></span> <span class='ocrx_word' id='word_1_106' title='bbox 1896 1563 2045 1616; x_wconf 89' lang='lat' dir='ltr'><strong>omni</strong></span> 
     </span>
    </p>
   </div>
   <div class='ocr_carea' id='block_1_17' title="bbox 459 1653 2048 1724">
    <p class='ocr_par' dir='ltr' id='par_1_17' title="bbox 459 1653 2048 1724">
     <span class='ocr_line' id='line_1_17' title="bbox 459 1653 2048 1724; baseline -0.002 -15"><span class='ocrx_word' id='word_1_107' title='bbox 459 1667 659 1724; x_wconf 83' lang='lat' dir='ltr'><strong>genere</strong></span> <span class='ocrx_word' id='word_1_108' title='bbox 714 1653 998 1708; x_wconf 88' lang='lat' dir='ltr'><strong>hominum</strong></span> <span class='ocrx_word' id='word_1_109' title='bbox 1059 1666 1410 1723; x_wconf 85' lang='lat' dir='ltr'><strong>nequaquam</strong></span> <span class='ocrx_word' id='word_1_110' title='bbox 1461 1653 1715 1723; x_wconf 85' lang='lat' dir='ltr'><strong>agnitus;</strong></span> <span class='ocrx_word' id='word_1_111' title='bbox 1760 1667 1951 1708; x_wconf 88' lang='lat' dir='ltr'><strong>verum</strong></span> <span class='ocrx_word' id='word_1_112' title='bbox 2017 1666 2048 1706; x_wconf 91' lang='lat' dir='ltr'><strong>a</strong></span> 
     </span>
    </p>
   </div>
   <div class='ocr_carea' id='block_1_18' title="bbox 457 1743 2048 1817">
    <p class='ocr_par' dir='ltr' id='par_1_18' title="bbox 457 1743 2048 1817">
     <span class='ocr_line' id='line_1_18' title="bbox 457 1743 2048 1817; baseline 0 -17"><span class='ocrx_word' id='word_1_113' title='bbox 457 1743 787 1817; x_wconf 84' lang='lat' dir='ltr'><strong>quibusdam</strong></span> <span class='ocrx_word' id='word_1_114' title='bbox 815 1744 1104 1812; x_wconf 75' lang='lat' dir='ltr'><strong>duntaxat,</strong></span> <span class='ocrx_word' id='word_1_115' title='bbox 1132 1745 1227 1816; x_wconf 88' lang='lat' dir='ltr'><strong>qui</strong></span> <span class='ocrx_word' id='word_1_116' title='bbox 1261 1746 1316 1799; x_wconf 93' lang='lat' dir='ltr'><strong>in</strong></span> <span class='ocrx_word' id='word_1_117' title='bbox 1351 1745 1531 1815; x_wconf 85' lang='lat' dir='ltr'><strong>ipsum</strong></span> <span class='ocrx_word' id='word_1_118' title='bbox 1580 1744 1949 1808; x_wconf 84' lang='lat' dir='ltr'><strong>crediderant,</strong></span> <span class='ocrx_word' id='word_1_119' title='bbox 1988 1753 2048 1800; x_wconf 94' lang='lat' dir='ltr'><strong>ut</strong></span> 
     </span>
    </p>
   </div>
   <div class='ocr_carea' id='block_1_19' title="bbox 2160 542 3739 620">
    <p class='ocr_par' dir='ltr' id='par_1_19' title="bbox 2160 542 3739 620">
     <span class='ocr_line' id='line_1_19' title="bbox 2160 542 3739 620; baseline -0.013 -14"><span class='ocrx_word' id='word_1_120' title='bbox 2160 549 2237 620; x_wconf 82' lang='grc' dir='ltr'><strong>μὴ</strong></span> <span class='ocrx_word' id='word_1_121' title='bbox 2265 548 2483 619; x_wconf 79' lang='grc' dir='ltr'><strong>τέμνειν</strong></span> <span class='ocrx_word' id='word_1_122' title='bbox 2506 546 2700 619; x_wconf 79' lang='grc' dir='ltr'>τρίχας</span> <span class='ocrx_word' id='word_1_123' title='bbox 2741 546 2984 615; x_wconf 76' lang='grc' dir='ltr'><strong>γενείου,</strong></span> <span class='ocrx_word' id='word_1_124' title='bbox 3045 544 3193 615; x_wconf 49' lang='grc' dir='ltr'><strong>μηδὲν</strong></span> <span class='ocrx_word' id='word_1_125' title='bbox 3216 542 3530 614; x_wconf 79' lang='grc' dir='ltr'>ἑταιρισμῷ</span> <span class='ocrx_word' id='word_1_126' title='bbox 3592 559 3739 595; x_wconf 67' lang='grc' dir='ltr'>κατα.</span> 
     </span>
    </p>
   </div>
   <div class='ocr_carea' id='block_1_20' title="bbox 2156 636 3741 711">
    <p class='ocr_par' dir='ltr' id='par_1_20' title="bbox 2156 636 3741 711">
     <span class='ocr_line' id='line_1_20' title="bbox 2156 636 3741 711; baseline -0.002 -18"><span class='ocrx_word' id='word_1_127' title='bbox 2156 638 2443 711; x_wconf 83' lang='grc' dir='ltr'>κομεῖσθαι</span> <span class='ocrx_word' id='word_1_128' title='bbox 2463 639 2505 703; x_wconf 89' lang='grc'>³,</span> <span class='ocrx_word' id='word_1_129' title='bbox 2524 640 2659 711; x_wconf 85' lang='grc' dir='ltr'>μήτε</span> <span class='ocrx_word' id='word_1_130' title='bbox 2680 638 3060 710; x_wconf 80' lang='grc' dir='ltr'><strong>ὑπερηφανίας</strong></span> <span class='ocrx_word' id='word_1_131' title='bbox 3086 637 3398 707; x_wconf 75' lang='grc' dir='ltr'><strong>ὑπόδειγμα</strong></span> <span class='ocrx_word' id='word_1_132' title='bbox 3412 636 3741 704; x_wconf 64' lang='grc' dir='ltr'>δικαιοσύνης</span> 
     </span>
    </p>
   </div>
   <div class='ocr_carea' id='block_1_21' title="bbox 2154 727 3741 805">
    <p class='ocr_par' dir='ltr' id='par_1_21' title="bbox 2154 727 3741 805">
     <span class='ocr_line' id='line_1_21' title="bbox 2154 727 3741 805; baseline -0.003 -20"><span class='ocrx_word' id='word_1_133' title='bbox 2154 733 2254 805; x_wconf 75' lang='grc' dir='ltr'>τὴν</span> <span class='ocrx_word' id='word_1_134' title='bbox 2319 731 2680 805; x_wconf 80' lang='grc' dir='ltr'>προσέλευσιν</span> <span class='ocrx_word' id='word_1_135' title='bbox 2734 729 2901 801; x_wconf 73' lang='grc' dir='ltr'>ἔχειν.</span> <span class='ocrx_word' id='word_1_136' title='bbox 2954 729 3208 799; x_wconf 85' lang='grc' dir='ltr'>Ἐπρεπε</span> <span class='ocrx_word' id='word_1_137' title='bbox 3256 727 3368 799; x_wconf 82' lang='grc' dir='ltr'>γὰρ</span> <span class='ocrx_word' id='word_1_138' title='bbox 3408 727 3741 797; x_wconf 55' lang='lat' dir='ltr'><strong>hiande</strong></span> 
     </span>
    </p>
   </div>
   <div class='ocr_carea' id='block_1_22' title="bbox 2115 819 3740 895">
    <p class='ocr_par' dir='ltr' id='par_1_22' title="bbox 2115 819 3740 895">
     <span class='ocr_line' id='line_1_22' title="bbox 2115 819 3740 895; baseline -0.003 -17"><span class='ocrx_word' id='word_1_139' title='bbox 2115 874 2127 886; x_wconf 91' lang='grc'><strong>,</strong></span> <span class='ocrx_word' id='word_1_140' title='bbox 2152 824 2313 878; x_wconf 86' lang='grc' dir='ltr'>τοῦτο</span> <span class='ocrx_word' id='word_1_141' title='bbox 2347 823 2509 895; x_wconf 89' lang='grc' dir='ltr'>μόνον</span> <span class='ocrx_word' id='word_1_142' title='bbox 2558 821 2648 877; x_wconf 83' lang='grc' dir='ltr'>διὰ</span> <span class='ocrx_word' id='word_1_143' title='bbox 2690 821 2786 876; x_wconf 85' lang='grc' dir='ltr'>τὸν</span> <span class='ocrx_word' id='word_1_144' title='bbox 2828 821 3021 876; x_wconf 87' lang='grc' dir='ltr'>τύπον.</span> <span class='ocrx_word' id='word_1_145' title='bbox 3057 821 3228 891; x_wconf 85' lang='grc' dir='ltr'>Τύπῳ</span> <span class='ocrx_word' id='word_1_146' title='bbox 3251 819 3363 892; x_wconf 81' lang='grc' dir='ltr'><strong>γὰρ</strong></span> <span class='ocrx_word' id='word_1_147' title='bbox 3390 819 3633 891; x_wconf 75' lang='grc' dir='ltr'><strong>ἡγοῦντο</strong></span> <span class='ocrx_word' id='word_1_148' title='bbox 3661 822 3687 889; x_wconf 62' lang='grc' dir='ltr'><strong>ξ</strong></span> <span class='ocrx_word' id='word_1_149' title='bbox 3704 826 3740 873; x_wconf 69' lang='grc' dir='ltr'>οἱ</span> 
     </span>
    </p>
   </div>
   <div class='ocr_carea' id='block_1_23' title="bbox 2154 912 3741 985">
    <p class='ocr_par' dir='ltr' id='par_1_23' title="bbox 2154 912 3741 985">
     <span class='ocr_line' id='line_1_23' title="bbox 2154 912 3741 985; baseline -0.001 -18"><span class='ocrx_word' id='word_1_150' title='bbox 2154 913 2380 969; x_wconf 76' lang='grc' dir='ltr'>παλαιοὶ</span> <span class='ocrx_word' id='word_1_151' title='bbox 2420 913 2515 968; x_wconf 87' lang='grc' dir='ltr'><strong>τοῦ</strong></span> <span class='ocrx_word' id='word_1_152' title='bbox 2576 913 2866 985; x_wconf 76' lang='grc' dir='ltr'>μέλλοντος</span> <span class='ocrx_word' id='word_1_153' title='bbox 2908 912 3150 978; x_wconf 80' lang='grc' dir='ltr'>ἔσεσθαι,</span> <span class='ocrx_word' id='word_1_154' title='bbox 3181 912 3402 983; x_wconf 76' lang='grc' dir='ltr'>ἔχοντες</span> <span class='ocrx_word' id='word_1_155' title='bbox 3446 913 3633 982; x_wconf 78' lang='grc' dir='ltr'>κόμην</span> <span class='ocrx_word' id='word_1_156' title='bbox 3668 916 3741 966; x_wconf 66' lang='grc' dir='ltr'><strong>ἐπὶ</strong></span> 
     </span>
    </p>
   </div>
   <div class='ocr_carea' id='block_1_24' title="bbox 2152 1001 3738 1078">
    <p class='ocr_par' dir='ltr' id='par_1_24' title="bbox 2152 1001 3738 1078">
     <span class='ocr_line' id='line_1_24' title="bbox 2152 1001 3738 1078; baseline -0.002 -18"><span class='ocrx_word' id='word_1_157' title='bbox 2152 1006 2255 1077; x_wconf 85' lang='grc' dir='ltr'>τῆς</span> <span class='ocrx_word' id='word_1_158' title='bbox 2301 1005 2546 1077; x_wconf 78' lang='grc' dir='ltr'><strong>κεφαλῆς</strong></span> <span class='ocrx_word' id='word_1_159' title='bbox 2583 1005 2672 1060; x_wconf 80' lang='grc' dir='ltr'><strong>διὰ</strong></span> <span class='ocrx_word' id='word_1_160' title='bbox 2692 1005 2790 1078; x_wconf 82' lang='grc' dir='ltr'>τὴν</span> <span class='ocrx_word' id='word_1_161' title='bbox 2839 1005 3024 1078; x_wconf 82' lang='grc' dir='ltr'>εὐχὴν,</span> <span class='ocrx_word' id='word_1_162' title='bbox 3056 1006 3163 1069; x_wconf 75' lang='grc' dir='ltr'>ἓως</span> <span class='ocrx_word' id='word_1_163' title='bbox 3202 1006 3327 1060; x_wconf 86' lang='grc' dir='ltr'>ὅτου</span> <span class='ocrx_word' id='word_1_164' title='bbox 3354 1001 3532 1076; x_wconf 78' lang='grc' dir='ltr'>ἦλθεν</span> <span class='ocrx_word' id='word_1_165' title='bbox 3558 1007 3593 1076; x_wconf 78' lang='grc' dir='ltr'>ἢ</span> <span class='ocrx_word' id='word_1_166' title='bbox 3630 1008 3738 1075; x_wconf 67' lang='grc' dir='ltr'>εὐχή</span> 
     </span>
    </p>
   </div>
   <div class='ocr_carea' id='block_1_25' title="bbox 2154 1096 3739 1170">
    <p class='ocr_par' dir='ltr' id='par_1_25' title="bbox 2154 1096 3739 1170">
     <span class='ocr_line' id='line_1_25' title="bbox 2154 1096 3739 1170; baseline -0.002 -18"><span class='ocrx_word' id='word_1_167' title='bbox 2154 1098 2247 1152; x_wconf 85' lang='grc' dir='ltr'><strong>τοῦ</strong></span> <span class='ocrx_word' id='word_1_168' title='bbox 2300 1097 2532 1169; x_wconf 85' lang='grc' dir='ltr'>κόσμου,</span> <span class='ocrx_word' id='word_1_169' title='bbox 2594 1098 2690 1151; x_wconf 73' lang='grc' dir='ltr'>καὶ</span> <span class='ocrx_word' id='word_1_170' title='bbox 2735 1096 3027 1170; x_wconf 70' lang='grc' dir='ltr'><strong>ἐτελειώθη</strong></span> <span class='ocrx_word' id='word_1_171' title='bbox 3051 1113 3067 1127; x_wconf 80' lang='grc'><em>’</em></span> <span class='ocrx_word' id='word_1_172' title='bbox 3106 1097 3317 1169; x_wconf 80' lang='grc' dir='ltr'>κεφαλὴ</span> <span class='ocrx_word' id='word_1_173' title='bbox 3352 1098 3414 1150; x_wconf 80' lang='grc' dir='ltr'><strong>δὲ</strong></span> <span class='ocrx_word' id='word_1_174' title='bbox 3456 1097 3739 1167; x_wconf 62' lang='grc' dir='ltr'>πέφηνενό</span> 
     </span>
    </p>
   </div>
   <div class='ocr_carea' id='block_1_26' title="bbox 2152 1187 3739 1261">
    <p class='ocr_par' dir='ltr' id='par_1_26' title="bbox 2152 1187 3739 1261">
     <span class='ocr_line' id='line_1_26' title="bbox 2152 1187 3739 1261; baseline -0.002 -19"><span class='ocrx_word' id='word_1_175' title='bbox 2152 1190 2388 1261; x_wconf 81' lang='grc' dir='ltr'>Χριστὸς</span> <span class='ocrx_word' id='word_1_176' title='bbox 2447 1191 2476 1243; x_wconf 86' lang='grc' dir='ltr'>ὁ</span> <span class='ocrx_word' id='word_1_177' title='bbox 2531 1188 2826 1261; x_wconf 81' lang='grc' dir='ltr'>μονογενὴς</span> <span class='ocrx_word' id='word_1_178' title='bbox 2856 1188 2985 1253; x_wconf 80' lang='grc' dir='ltr'>Υἱὸς</span> <span class='ocrx_word' id='word_1_179' title='bbox 3024 1187 3117 1242; x_wconf 88' lang='grc' dir='ltr'><strong>τοῦ</strong></span> <span class='ocrx_word' id='word_1_180' title='bbox 3164 1187 3335 1252; x_wconf 87' lang='grc' dir='ltr'>Θεοῦ,</span> <span class='ocrx_word' id='word_1_181' title='bbox 3380 1188 3482 1242; x_wconf 66' lang='grc' dir='ltr'>καὶ</span> <span class='ocrx_word' id='word_1_182' title='bbox 3514 1188 3739 1259; x_wconf 68' lang='grc' dir='ltr'>ἐγνώσθη</span> 
     </span>
    </p>
   </div>
   <div class='ocr_carea' id='block_1_27' title="bbox 2153 1279 3741 1353">
    <p class='ocr_par' dir='ltr' id='par_1_27' title="bbox 2153 1279 3741 1353">
     <span class='ocr_line' id='line_1_27' title="bbox 2153 1279 3741 1353; baseline -0.002 -17"><span class='ocrx_word' id='word_1_183' title='bbox 2153 1281 2230 1353; x_wconf 81' lang='grc' dir='ltr'>τῷ</span> <span class='ocrx_word' id='word_1_184' title='bbox 2259 1284 2448 1352; x_wconf 81' lang='grc' dir='ltr'>κόσμῳ</span> <span class='ocrx_word' id='word_1_185' title='bbox 2481 1283 2511 1335; x_wconf 89' lang='grc' dir='ltr'>ὁ</span> <span class='ocrx_word' id='word_1_186' title='bbox 2548 1281 2625 1335; x_wconf 83' lang='grc' dir='ltr'>ὢν</span> <span class='ocrx_word' id='word_1_187' title='bbox 2664 1280 2754 1335; x_wconf 79' lang='grc' dir='ltr'><strong>ἀεὶ</strong></span> <span class='ocrx_word' id='word_1_188' title='bbox 2799 1280 2895 1335; x_wconf 75' lang='grc' dir='ltr'>καὶ</span> <span class='ocrx_word' id='word_1_189' title='bbox 2928 1279 3003 1353; x_wconf 77' lang='grc' dir='ltr'><strong>μὴ</strong></span> <span class='ocrx_word' id='word_1_190' title='bbox 3054 1280 3467 1352; x_wconf 75' lang='grc' dir='ltr'><strong>γινωσκόμενος</strong></span> <span class='ocrx_word' id='word_1_191' title='bbox 3498 1279 3651 1351; x_wconf 74' lang='grc' dir='ltr'>παρὰ</span> <span class='ocrx_word' id='word_1_192' title='bbox 3686 1284 3741 1350; x_wconf 57' lang='grc' dir='ltr'>τῇ</span> 
     </span>
    </p>
   </div>
   <div class='ocr_carea' id='block_1_28' title="bbox 2156 1369 3741 1445">
    <p class='ocr_par' dir='ltr' id='par_1_28' title="bbox 2156 1369 3741 1445">
     <span class='ocr_line' id='line_1_28' title="bbox 2156 1369 3741 1445; baseline -0.003 -20"><span class='ocrx_word' id='word_1_193' title='bbox 2156 1373 2306 1445; x_wconf 83' lang='grc' dir='ltr'><strong>πάσῃ</strong></span> <span class='ocrx_word' id='word_1_194' title='bbox 2355 1369 2822 1444; x_wconf 79' lang='grc' dir='ltr'>ἀνθρωπότητι,ἢ</span> <span class='ocrx_word' id='word_1_195' title='bbox 2876 1370 3038 1441; x_wconf 90' lang='grc' dir='ltr'>μόνον</span> <span class='ocrx_word' id='word_1_196' title='bbox 3087 1370 3252 1435; x_wconf 73' lang='grc' dir='ltr'>ἐνίοις</span> <span class='ocrx_word' id='word_1_197' title='bbox 3293 1372 3409 1432; x_wconf 83' lang='grc' dir='ltr'>τοῖς</span> <span class='ocrx_word' id='word_1_198' title='bbox 3464 1371 3551 1433; x_wconf 76' lang='grc' dir='ltr'>εἰς</span> <span class='ocrx_word' id='word_1_199' title='bbox 3602 1369 3741 1422; x_wconf 69' lang='grc' dir='ltr'>αὐτὸν</span> 
     </span>
    </p>
   </div>
   <div class='ocr_carea' id='block_1_29' title="bbox 2154 1460 3741 1534">
    <p class='ocr_par' dir='ltr' id='par_1_29' title="bbox 2154 1460 3741 1534">
     <span class='ocr_line' id='line_1_29' title="bbox 2154 1460 3741 1534; baseline -0.001 -19"><span class='ocrx_word' id='word_1_200' title='bbox 2154 1460 2576 1519; x_wconf 60' lang='grc' dir='ltr'><strong>⁸πεπιστευκόσιν</strong></span> <span class='ocrx_word' id='word_1_201' title='bbox 2596 1478 2609 1492; x_wconf 88' lang='grc'><strong>·</strong></span> <span class='ocrx_word' id='word_1_202' title='bbox 2656 1462 2748 1526; x_wconf 77' lang='grc' dir='ltr'>ἶν’,</span> <span class='ocrx_word' id='word_1_203' title='bbox 2792 1463 2920 1516; x_wconf 83' lang='grc' dir='ltr'>ὅταν</span> <span class='ocrx_word' id='word_1_204' title='bbox 2962 1460 3182 1533; x_wconf 84' lang='grc' dir='ltr'><strong>γνῶμεν</strong></span> <span class='ocrx_word' id='word_1_205' title='bbox 3240 1462 3342 1534; x_wconf 81' lang='grc' dir='ltr'>τὴν</span> <span class='ocrx_word' id='word_1_206' title='bbox 3374 1460 3649 1531; x_wconf 70' lang='grc' dir='ltr'>κεφαλὴν,</span> <span class='ocrx_word' id='word_1_207' title='bbox 3682 1464 3741 1531; x_wconf 68' lang='grc' dir='ltr'><strong>μὴ</strong></span> 
     </span>
    </p>
   </div>
   <div class='ocr_carea' id='block_1_30' title="bbox 2154 1550 3741 1624">
    <p class='ocr_par' dir='ltr' id='par_1_30' title="bbox 2154 1550 3741 1624">
     <span class='ocr_line' id='line_1_30' title="bbox 2154 1550 3741 1624; baseline -0.001 -18"><span class='ocrx_word' id='word_1_208' title='bbox 2154 1551 2603 1624; x_wconf 79' lang='grc' dir='ltr'><strong>καταισχύνωμεν</strong></span> <span class='ocrx_word' id='word_1_209' title='bbox 2662 1551 2760 1624; x_wconf 80' lang='grc' dir='ltr'>τὴν</span> <span class='ocrx_word' id='word_1_210' title='bbox 2823 1550 3089 1623; x_wconf 80' lang='grc' dir='ltr'>κεφαλήν.</span> <span class='ocrx_word' id='word_1_211' title='bbox 3160 1553 3236 1605; x_wconf 79' lang='grc' dir='ltr'>οὐ</span> <span class='ocrx_word' id='word_1_212' title='bbox 3282 1550 3393 1622; x_wconf 83' lang='grc' dir='ltr'><strong>γὰρ</strong></span> <span class='ocrx_word' id='word_1_213' title='bbox 3426 1550 3622 1604; x_wconf 72' lang='grc' dir='ltr'>ἕνεκεν</span> <span class='ocrx_word' id='word_1_214' title='bbox 3662 1553 3741 1620; x_wconf 66' lang='grc' dir='ltr'>τῆς</span> 
     </span>
    </p>
   </div>
   <div class='ocr_carea' id='block_1_31' title="bbox 2155 1643 3740 1716">
    <p class='ocr_par' dir='ltr' id='par_1_31' title="bbox 2155 1643 3740 1716">
     <span class='ocr_line' id='line_1_31' title="bbox 2155 1643 3740 1716; baseline -0.002 -16"><span class='ocrx_word' id='word_1_215' title='bbox 2155 1645 2292 1710; x_wconf 74' lang='grc' dir='ltr'>ιδίας</span> <span class='ocrx_word' id='word_1_216' title='bbox 2323 1644 2564 1716; x_wconf 82' lang='grc' dir='ltr'><strong>κεφαλῆς</strong></span> <span class='ocrx_word' id='word_1_217' title='bbox 2602 1645 2775 1714; x_wconf 82' lang='grc' dir='ltr'>λέγει,</span> <span class='ocrx_word' id='word_1_218' title='bbox 2798 1644 2914 1701; x_wconf 85' lang='grc' dir='ltr'>ἀλλ’</span> <span class='ocrx_word' id='word_1_219' title='bbox 2960 1643 3071 1701; x_wconf 80' lang='grc' dir='ltr'><strong>ἀπὸ</strong></span> <span class='ocrx_word' id='word_1_220' title='bbox 3101 1643 3203 1715; x_wconf 83' lang='grc' dir='ltr'><strong>τῆς</strong></span> <span class='ocrx_word' id='word_1_221' title='bbox 3238 1644 3378 1709; x_wconf 74' lang='grc' dir='ltr'>ιδίας</span> <span class='ocrx_word' id='word_1_222' title='bbox 3404 1646 3494 1707; x_wconf 84' lang='grc' dir='ltr'><strong>είς</strong></span> <span class='ocrx_word' id='word_1_223' title='bbox 3528 1646 3740 1716; x_wconf 63' lang='grc' dir='ltr'>Χριστὸν</span> 
     </span>
    </p>
   </div>
   <div class='ocr_carea' id='block_1_32' title="bbox 2153 1728 3741 1811">
    <p class='ocr_par' dir='ltr' id='par_1_32' title="bbox 2153 1728 3741 1811">
     <span class='ocr_line' id='line_1_32' title="bbox 2153 1728 3741 1811; baseline -0.002 -21"><span class='ocrx_word' id='word_1_224' title='bbox 2153 1738 2449 1811; x_wconf 83' lang='grc' dir='ltr'><strong>ἐνσκήπτει</strong></span> <span class='ocrx_word' id='word_1_225' title='bbox 2480 1737 2543 1791; x_wconf 80' lang='grc' dir='ltr'><strong>τὸ</strong></span> <span class='ocrx_word' id='word_1_226' title='bbox 2585 1737 2685 1807; x_wconf 79' lang='grc' dir='ltr'>τῆς</span> <span class='ocrx_word' id='word_1_227' title='bbox 2710 1734 2910 1807; x_wconf 77' lang='grc' dir='ltr'>χλεύης</span> <span class='ocrx_word' id='word_1_228' title='bbox 2944 1733 3105 1807; x_wconf 73' lang='grc' dir='ltr'>ἔργον</span> <span class='ocrx_word' id='word_1_229' title='bbox 3244 1737 3465 1805; x_wconf 83' lang='grc' dir='ltr'>φησινὸ</span> <span class='ocrx_word' id='word_1_230' title='bbox 3506 1735 3741 1787; x_wconf 64' lang='grc' dir='ltr'>Ἀπόστο-</span> 
     </span>
    </p>
   </div>
   <div class='ocr_carea' id='block_1_33' title="bbox 458 1805 2041 1909">
    <p class='ocr_par' dir='ltr' id='par_1_33' title="bbox 458 1805 2041 1909">
     <span class='ocr_line' id='line_1_33' title="bbox 458 1805 2041 1909; baseline -0.003 -16"><span class='ocrx_word' id='word_1_231' title='bbox 458 1805 681 1909; x_wconf 67' lang='grc' dir='ltr'>έοεηίιο</span> <span class='ocrx_word' id='word_1_232' title='bbox 733 1836 919 1907; x_wconf 86' lang='lat' dir='ltr'><strong>capite</strong></span> <span class='ocrx_word' id='word_1_233' title='bbox 960 1805 1168 1891; x_wconf 77' lang='lat' dir='ltr'><strong>nullam</strong></span> <span class='ocrx_word' id='word_1_234' title='bbox 1216 1835 1347 1891; x_wconf 88' lang='lat' dir='ltr'><strong>huic</strong></span> <span class='ocrx_word' id='word_1_235' title='bbox 1371 1805 1753 1906; x_wconf 47' lang='lat' dir='ltr'><strong>.ignominiam</strong></span> <span class='ocrx_word' id='word_1_236' title='bbox 1797 1836 2041 1905; x_wconf 87' lang='lat' dir='ltr'><strong>impona-</strong></span> 
     </span>
    </p>
   </div>
   <div class='ocr_carea' id='block_1_34' title="bbox 2156 1805 3743 1909">
    <p class='ocr_par' dir='ltr' id='par_1_34' title="bbox 2156 1805 3743 1900">
     <span class='ocr_line' id='line_1_34' title="bbox 2156 1805 3743 1900; baseline -0.004 -15"><span class='ocrx_word' id='word_1_237' title='bbox 2156 1805 2486 1899; x_wconf 54' lang='lat' dir='ltr'><strong>m-aen‘;</strong></span> <span class='ocrx_word' id='word_1_238' title='bbox 2535 1830 2574 1897; x_wconf 69' lang='grc' dir='ltr'><strong>ἡ</strong></span> <span class='ocrx_word' id='word_1_239' title='bbox 2623 1805 2811 1900; x_wconf 50' lang='lat' dir='ltr'><strong>eum</strong></span> <span class='ocrx_word' id='word_1_240' title='bbox 2846 1805 2918 1883; x_wconf 64' lang='grc' dir='ltr'><strong>σὺ</strong></span> <span class='ocrx_word' id='word_1_241' title='bbox 2969 1805 3451 1897; x_wconf 52' lang='lat' dir='ltr'><strong>samem,</strong></span> <span class='ocrx_word' id='word_1_242' title='bbox 3478 1826 3574 1879; x_wconf 81' lang='grc' dir='ltr'>ὅτι</span> <span class='ocrx_word' id='word_1_243' title='bbox 3610 1827 3743 1896; x_wconf 65' lang='grc' dir='ltr'><strong>ἀνὴρ</strong></span> 
     </span>
    </p>
   </div>
   <div class='ocr_carea' id='block_1_35' title="bbox 458 1925 2049 1998">
    <p class='ocr_par' dir='ltr' id='par_1_35' title="bbox 458 1925 2049 1998">
     <span class='ocr_line' id='line_1_35' title="bbox 458 1925 2049 1998; baseline -0.001 -16"><span class='ocrx_word' id='word_1_244' title='bbox 458 1943 602 1984; x_wconf 91' lang='lat' dir='ltr'><strong>mus.</strong></span> <span class='ocrx_word' id='word_1_245' title='bbox 635 1925 774 1981; x_wconf 81' lang='lat' dir='ltr'><strong>Nam</strong></span> <span class='ocrx_word' id='word_1_246' title='bbox 804 1941 915 1982; x_wconf 91' lang='lat' dir='ltr'><strong>non</strong></span> <span class='ocrx_word' id='word_1_247' title='bbox 947 1933 1058 1980; x_wconf 88' lang='lat' dir='ltr'><strong>tam</strong></span> <span class='ocrx_word' id='word_1_248' title='bbox 1088 1927 1157 1982; x_wconf 91' lang='lat' dir='ltr'><strong>de</strong></span> <span class='ocrx_word' id='word_1_249' title='bbox 1181 1928 1404 1997; x_wconf 87' lang='lat' dir='ltr'><strong>proprio</strong></span> <span class='ocrx_word' id='word_1_250' title='bbox 1431 1925 1648 1998; x_wconf 65' lang='grc'>1074,</span> <span class='ocrx_word' id='word_1_251' title='bbox 1672 1925 1942 1997; x_wconf 87' lang='lat' dir='ltr'><strong>cujusque</strong></span> <span class='ocrx_word' id='word_1_252' title='bbox 1963 1940 2049 1980; x_wconf 87' lang='lat' dir='ltr'><strong>ca-</strong></span> 
     </span>
    </p>
   </div>
   <div class='ocr_carea' id='block_1_36' title="bbox 459 2008 2045 2082">
    <p class='ocr_par' dir='ltr' id='par_1_36' title="bbox 459 2008 2045 2082">
     <span class='ocr_line' id='line_1_36' title="bbox 459 2008 2045 2082; baseline -0.001 -17"><span class='ocrx_word' id='word_1_253' title='bbox 459 2010 569 2082; x_wconf 88' lang='lat' dir='ltr'><strong>pite</strong></span> <span class='ocrx_word' id='word_1_254' title='bbox 606 2010 853 2082; x_wconf 90' lang='lat' dir='ltr'><strong>loquitur</strong></span> <span class='ocrx_word' id='word_1_255' title='bbox 887 2008 1205 2081; x_wconf 83' lang='lat' dir='ltr'><strong>Apostolus,</strong></span> <span class='ocrx_word' id='word_1_256' title='bbox 1243 2026 1414 2081; x_wconf 88' lang='lat' dir='ltr'><strong>quam</strong></span> <span class='ocrx_word' id='word_1_257' title='bbox 1467 2011 1536 2065; x_wconf 89' lang='lat' dir='ltr'><strong>ab</strong></span> <span class='ocrx_word' id='word_1_258' title='bbox 1571 2025 1637 2066; x_wconf 91' lang='lat' dir='ltr'><strong>eo</strong></span> <span class='ocrx_word' id='word_1_259' title='bbox 1671 2009 1725 2063; x_wconf 92' lang='lat' dir='ltr'><strong>in</strong></span> <span class='ocrx_word' id='word_1_260' title='bbox 1769 2010 2045 2065; x_wconf 87' lang='lat' dir='ltr'><strong>Christum</strong></span> 
     </span>
    </p>
   </div>
   <div class='ocr_carea' id='block_1_37' title="bbox 458 2102 2048 2175">
    <p class='ocr_par' dir='ltr' id='par_1_37' title="bbox 458 2102 2048 2175">
     <span class='ocr_line' id='line_1_37' title="bbox 458 2102 2048 2175; baseline 0.001 -18"><span class='ocrx_word' id='word_1_261' title='bbox 458 2102 639 2175; x_wconf 87' lang='lat' dir='ltr'><strong>ipsum</strong></span> <span class='ocrx_word' id='word_1_262' title='bbox 688 2102 985 2158; x_wconf 91' lang='lat' dir='ltr'><strong>ludibrium</strong></span> <span class='ocrx_word' id='word_1_263' title='bbox 1026 2104 1533 2174; x_wconf 87' lang='lat' dir='ltr'><strong>contumeliamque</strong></span> <span class='ocrx_word' id='word_1_264' title='bbox 1567 2103 1820 2158; x_wconf 85' lang='lat' dir='ltr'><strong>derivat:</strong></span> <span class='ocrx_word' id='word_1_265' title='bbox 1856 2102 2048 2159; x_wconf 81' lang='lat' dir='ltr'><strong>Nonne</strong></span> 
     </span>
    </p>
   </div>
   <div class='ocr_carea' id='block_1_38' title="bbox 459 2195 2049 2266">
    <p class='ocr_par' dir='ltr' id='par_1_38' title="bbox 459 2195 2049 2266">
     <span class='ocr_line' id='line_1_38' title="bbox 459 2195 2049 2266; baseline 0.001 -15"><span class='ocrx_word' id='word_1_266' title='bbox 459 2196 657 2266; x_wconf 89' lang='lat' dir='ltr'><strong>inquit,</strong></span> <span class='ocrx_word' id='word_1_267' title='bbox 702 2204 899 2251; x_wconf 85' lang='lat' dir='ltr'><strong>natura</strong></span> <span class='ocrx_word' id='word_1_268' title='bbox 942 2197 1061 2266; x_wconf 83' lang='lat' dir='ltr'><strong>ipsa</strong></span> <span class='ocrx_word' id='word_1_269' title='bbox 1101 2211 1196 2251; x_wconf 79' lang='lat' dir='ltr'><strong>nos</strong></span> <span class='ocrx_word' id='word_1_270' title='bbox 1229 2195 1419 2261; x_wconf 85' lang='lat' dir='ltr'><strong>docet,</strong></span> <span class='ocrx_word' id='word_1_271' title='bbox 1449 2196 1592 2266; x_wconf 84' lang='lat' dir='ltr'><strong>quod</strong></span> <span class='ocrx_word' id='word_1_272' title='bbox 1638 2197 1717 2251; x_wconf 84' lang='lat' dir='ltr'><strong>vir</strong></span> <span class='ocrx_word' id='word_1_273' title='bbox 1754 2213 1961 2252; x_wconf 88' lang='lat' dir='ltr'><strong>comam</strong></span> <span class='ocrx_word' id='word_1_274' title='bbox 2000 2200 2049 2253; x_wconf 80' lang='lat' dir='ltr'><strong>si</strong></span> 
     </span>
    </p>
   </div>
   <div class='ocr_carea' id='block_1_39' title="bbox 459 2285 2051 2360">
    <p class='ocr_par' dir='ltr' id='par_1_39' title="bbox 459 2285 2051 2360">
     <span class='ocr_line' id='line_1_39' title="bbox 459 2285 2051 2360; baseline 0.003 -19"><span class='ocrx_word' id='word_1_275' title='bbox 459 2287 688 2351; x_wconf 80' lang='lat' dir='ltr'><strong>nutriat,</strong></span> <span class='ocrx_word' id='word_1_276' title='bbox 719 2287 1014 2359; x_wconf 78' lang='lat' dir='ltr'><strong>ignominia</strong></span> <span class='ocrx_word' id='word_1_277' title='bbox 1049 2296 1127 2343; x_wconf 83' lang='lat' dir='ltr'><strong>est</strong></span> <span class='ocrx_word' id='word_1_278' title='bbox 1152 2287 1234 2341; x_wconf 81' lang='lat' dir='ltr'><strong>illi</strong></span> <span class='ocrx_word' id='word_1_279' title='bbox 1260 2288 1303 2340; x_wconf 82' lang='lat'><strong>&#39;?</strong></span> <span class='ocrx_word' id='word_1_280' title='bbox 1350 2285 1510 2353; x_wconf 84' lang='lat' dir='ltr'><strong>Quod</strong></span> <span class='ocrx_word' id='word_1_281' title='bbox 1554 2288 1777 2359; x_wconf 85' lang='lat' dir='ltr'><strong>quidem</strong></span> <span class='ocrx_word' id='word_1_282' title='bbox 1826 2289 2051 2360; x_wconf 83' lang='lat' dir='ltr'><strong>ignomi-</strong></span> 
     </span>
    </p>
   </div>
   <div class='ocr_carea' id='block_1_40' title="bbox 460 2377 2046 2451">
    <p class='ocr_par' dir='ltr' id='par_1_40' title="bbox 460 2377 2046 2451">
     <span class='ocr_line' id='line_1_40' title="bbox 460 2377 2046 2451; baseline 0.002 -18"><span class='ocrx_word' id='word_1_283' title='bbox 460 2377 567 2435; x_wconf 73' lang='lat' dir='ltr'><strong>niae</strong></span> <span class='ocrx_word' id='word_1_284' title='bbox 609 2393 785 2451; x_wconf 88' lang='lat' dir='ltr'><strong>genus</strong></span> <span class='ocrx_word' id='word_1_285' title='bbox 823 2378 1103 2437; x_wconf 88' lang='lat' dir='ltr'><strong>laudabile</strong></span> <span class='ocrx_word' id='word_1_286' title='bbox 1152 2394 1264 2435; x_wconf 92' lang='lat' dir='ltr'><strong>non</strong></span> <span class='ocrx_word' id='word_1_287' title='bbox 1318 2388 1425 2444; x_wconf 91' lang='lat' dir='ltr'><strong>est,</strong></span> <span class='ocrx_word' id='word_1_288' title='bbox 1471 2386 1531 2434; x_wconf 90' lang='lat' dir='ltr'><strong>ut</strong></span> <span class='ocrx_word' id='word_1_289' title='bbox 1580 2380 1673 2434; x_wconf 91' lang='lat' dir='ltr'><strong>illa</strong></span> <span class='ocrx_word' id='word_1_290' title='bbox 1715 2394 1837 2449; x_wconf 61' lang='lat' dir='ltr'><strong>quae</strong></span> <span class='ocrx_word' id='word_1_291' title='bbox 1872 2380 2046 2436; x_wconf 88' lang='lat' dir='ltr'><strong>dicit:</strong></span> 
     </span>
    </p>
   </div>
   <div class='ocr_carea' id='block_1_41' title="bbox 459 2471 2051 2544">
    <p class='ocr_par' dir='ltr' id='par_1_41' title="bbox 459 2471 2051 2544">
     <span class='ocr_line' id='line_1_41' title="bbox 459 2471 2051 2544; baseline 0.001 -17"><span class='ocrx_word' id='word_1_292' title='bbox 459 2471 824 2544; x_wconf 84' lang='lat' dir='ltr'><strong>Ignominiam</strong></span> <span class='ocrx_word' id='word_1_293' title='bbox 852 2472 1261 2543; x_wconf 87' lang='lat' dir='ltr'><strong>contempsisti.</strong></span> <span class='ocrx_word' id='word_1_294' title='bbox 1294 2471 1482 2543; x_wconf 86' lang='lat' dir='ltr'><strong>Neque</strong></span> <span class='ocrx_word' id='word_1_295' title='bbox 1510 2472 1658 2528; x_wconf 90' lang='lat' dir='ltr'><strong>enim</strong></span> <span class='ocrx_word' id='word_1_296' title='bbox 1694 2472 1852 2543; x_wconf 88' lang='lat' dir='ltr'><strong>quasi</strong></span> <span class='ocrx_word' id='word_1_297' title='bbox 1884 2474 2051 2543; x_wconf 76' lang='lat' dir='ltr'><strong>quod~</strong></span> 
     </span>
    </p>
   </div>
   <div class='ocr_carea' id='block_1_42' title="bbox 460 2563 2047 2637">
    <p class='ocr_par' dir='ltr' id='par_1_42' title="bbox 460 2563 2047 2637">
     <span class='ocr_line' id='line_1_42' title="bbox 460 2563 2047 2637; baseline 0 -18"><span class='ocrx_word' id='word_1_298' title='bbox 460 2566 584 2619; x_wconf 92' lang='lat' dir='ltr'><strong>dam</strong></span> <span class='ocrx_word' id='word_1_299' title='bbox 627 2563 851 2620; x_wconf 83' lang='lat' dir='ltr'><strong>virtutis</strong></span> <span class='ocrx_word' id='word_1_300' title='bbox 899 2564 1159 2632; x_wconf 80' lang='lat' dir='ltr'><strong>oﬂicium,</strong></span> <span class='ocrx_word' id='word_1_301' title='bbox 1192 2563 1287 2620; x_wconf 90' lang='lat' dir='ltr'><strong>Dei</strong></span> <span class='ocrx_word' id='word_1_302' title='bbox 1332 2565 1466 2620; x_wconf 87' lang='lat' dir='ltr'><strong>illud</strong></span> <span class='ocrx_word' id='word_1_303' title='bbox 1508 2580 1675 2622; x_wconf 89' lang='lat' dir='ltr'><strong>causa</strong></span> <span class='ocrx_word' id='word_1_304' title='bbox 1720 2567 2047 2637; x_wconf 87' lang='lat' dir='ltr'><strong>suscipitur,</strong></span> 
     </span>
    </p>
   </div>
   <div class='ocr_carea' id='block_1_43' title="bbox 460 2656 2050 2729">
    <p class='ocr_par' dir='ltr' id='par_1_43' title="bbox 460 2656 2050 2729">
     <span class='ocr_line' id='line_1_43' title="bbox 460 2656 2050 2729; baseline 0.004 -20"><span class='ocrx_word' id='word_1_305' title='bbox 460 2658 678 2714; x_wconf 83' lang='lat' dir='ltr'><strong>tametsi</strong></span> <span class='ocrx_word' id='word_1_306' title='bbox 707 2656 779 2715; x_wconf 87' lang='lat' dir='ltr'><strong>ad</strong></span> <span class='ocrx_word' id='word_1_307' title='bbox 806 2656 974 2713; x_wconf 89' lang='lat' dir='ltr'><strong>Deum</strong></span> <span class='ocrx_word' id='word_1_308' title='bbox 1001 2657 1282 2729; x_wconf 86' lang='lat' dir='ltr'><strong>pertinere</strong></span> <span class='ocrx_word' id='word_1_309' title='bbox 1316 2657 1589 2713; x_wconf 85' lang='lat' dir='ltr'><strong>videatur.</strong></span> <span class='ocrx_word' id='word_1_310' title='bbox 1624 2657 1729 2715; x_wconf 86' lang='lat' dir='ltr'><strong>Sed</strong></span> <span class='ocrx_word' id='word_1_311' title='bbox 1764 2674 1793 2712; x_wconf 91' lang='lat' dir='ltr'><strong>a</strong></span> <span class='ocrx_word' id='word_1_312' title='bbox 1823 2669 2050 2715; x_wconf 89' lang='lat' dir='ltr'><strong>conten-</strong></span> 
     </span>
    </p>
   </div>
   <div class='ocr_carea' id='block_1_44' title="bbox 460 2748 2053 2822">
    <p class='ocr_par' dir='ltr' id='par_1_44' title="bbox 460 2748 2053 2822">
     <span class='ocr_line' id='line_1_44' title="bbox 460 2748 2053 2822; baseline 0.003 -18"><span class='ocrx_word' id='word_1_313' title='bbox 460 2750 609 2805; x_wconf 87' lang='lat' dir='ltr'><strong>tione</strong></span> <span class='ocrx_word' id='word_1_314' title='bbox 649 2763 715 2804; x_wconf 90' lang='lat' dir='ltr'><strong>ac</strong></span> <span class='ocrx_word' id='word_1_315' title='bbox 755 2749 1060 2821; x_wconf 89' lang='lat' dir='ltr'><strong>pertinacia</strong></span> <span class='ocrx_word' id='word_1_316' title='bbox 1102 2748 1411 2820; x_wconf 83' lang='lat' dir='ltr'><strong>profectum</strong></span> <span class='ocrx_word' id='word_1_317' title='bbox 1470 2758 1577 2819; x_wconf 86' lang='lat' dir='ltr'><strong>est,</strong></span> <span class='ocrx_word' id='word_1_318' title='bbox 1636 2766 1763 2806; x_wconf 91' lang='lat' dir='ltr'><strong>cum</strong></span> <span class='ocrx_word' id='word_1_319' title='bbox 1794 2751 1908 2822; x_wconf 90' lang='lat' dir='ltr'><strong>jam</strong></span> <span class='ocrx_word' id='word_1_320' title='bbox 1934 2753 2053 2822; x_wconf 58' lang='lat' dir='ltr'><strong>prid</strong></span> 
     </span>
    </p>
   </div>
   <div class='ocr_carea' id='block_1_45' title="bbox 459 2840 2049 2914">
    <p class='ocr_par' dir='ltr' id='par_1_45' title="bbox 459 2840 2049 2914">
     <span class='ocr_line' id='line_1_45' title="bbox 459 2840 2049 2914; baseline 0.003 -18"><span class='ocrx_word' id='word_1_321' title='bbox 459 2841 580 2897; x_wconf 89' lang='lat' dir='ltr'><strong>dem</strong></span> <span class='ocrx_word' id='word_1_322' title='bbox 621 2841 758 2913; x_wconf 90' lang='lat' dir='ltr'><strong>legis</strong></span> <span class='ocrx_word' id='word_1_323' title='bbox 800 2842 996 2898; x_wconf 88' lang='lat' dir='ltr'><strong>umbra</strong></span> <span class='ocrx_word' id='word_1_324' title='bbox 1062 2840 1345 2914; x_wconf 76' lang='lat' dir='ltr'><strong>ﬁguraque</strong></span> <span class='ocrx_word' id='word_1_325' title='bbox 1393 2853 1803 2914; x_wconf 76' lang='lat' dir='ltr'><strong>praetergressa,</strong></span> <span class='ocrx_word' id='word_1_326' title='bbox 1848 2846 2049 2900; x_wconf 83' lang='lat' dir='ltr'><strong>veritas</strong></span> 
     </span>
    </p>
   </div>
   <div class='ocr_carea' id='block_1_46' title="bbox 461 2933 2051 3007">
    <p class='ocr_par' dir='ltr' id='par_1_46' title="bbox 461 2933 2051 3007">
     <span class='ocr_line' id='line_1_46' title="bbox 461 2933 2051 3007; baseline 0.001 -19"><span class='ocrx_word' id='word_1_327' title='bbox 461 2934 579 3006; x_wconf 88' lang='lat' dir='ltr'><strong>ipsa</strong></span> <span class='ocrx_word' id='word_1_328' title='bbox 618 2934 963 2992; x_wconf 84' lang='lat' dir='ltr'><strong>successerit.</strong></span> <span class='ocrx_word' id='word_1_329' title='bbox 998 2933 1181 3003; x_wconf 85' lang='lat' dir='ltr'><strong>Quare</strong></span> <span class='ocrx_word' id='word_1_330' title='bbox 1213 2934 1298 2991; x_wconf 87' lang='lat' dir='ltr'><strong>sic</strong></span> <span class='ocrx_word' id='word_1_331' title='bbox 1334 2934 1633 3007; x_wconf 84' lang='lat' dir='ltr'><strong>Apostolus</strong></span> <span class='ocrx_word' id='word_1_332' title='bbox 1659 2937 1905 2992; x_wconf 80' lang='lat' dir='ltr'><strong>decernit</strong></span> <span class='ocrx_word' id='word_1_333' title='bbox 1941 2955 1955 2993; x_wconf 90' lang='lat'><strong>:</strong></span> <span class='ocrx_word' id='word_1_334' title='bbox 1989 2936 2051 2991; x_wconf 81' lang='lat' dir='ltr'><strong>Si</strong></span> 
     </span>
    </p>
   </div>
   <div class='ocr_carea' id='block_1_47' title="bbox 458 3025 2052 3095">
    <p class='ocr_par' dir='ltr' id='par_1_47' title="bbox 458 3025 2052 3095">
     <span class='ocr_line' id='line_1_47' title="bbox 458 3025 2052 3095; baseline 0.002 -15"><span class='ocrx_word' id='word_1_335' title='bbox 458 3027 574 3095; x_wconf 76' lang='lat' dir='ltr'><strong>quis</strong></span> <span class='ocrx_word' id='word_1_336' title='bbox 613 3025 821 3081; x_wconf 75' lang='lat' dir='ltr'><strong>videtur</strong></span> <span class='ocrx_word' id='word_1_337' title='bbox 852 3027 1210 3082; x_wconf 68' lang='lat' dir='ltr'><strong>contentiosa:</strong></span> <span class='ocrx_word' id='word_1_338' title='bbox 1257 3043 1397 3091; x_wconf 71' lang='lat' dir='ltr'><strong>esse,</strong></span> <span class='ocrx_word' id='word_1_339' title='bbox 1429 3044 1525 3083; x_wconf 81' lang='lat' dir='ltr'><strong>nos</strong></span> <span class='ocrx_word' id='word_1_340' title='bbox 1567 3028 1725 3083; x_wconf 89' lang='lat' dir='ltr'><strong>talem</strong></span> <span class='ocrx_word' id='word_1_341' title='bbox 1766 3044 2052 3083; x_wconf 83' lang='lat' dir='ltr'><strong>consuem-</strong></span> 
     </span>
    </p>
   </div>
   <div class='ocr_carea' id='block_1_48' title="bbox 458 3117 2050 3187">
    <p class='ocr_par' dir='ltr' id='par_1_48' title="bbox 458 3117 2050 3187">
     <span class='ocr_line' id='line_1_48' title="bbox 458 3117 2050 3187; baseline 0.004 -16"><span class='ocrx_word' id='word_1_342' title='bbox 458 3117 638 3174; x_wconf 82' lang='lat' dir='ltr'><strong>dinem</strong></span> <span class='ocrx_word' id='word_1_343' title='bbox 670 3134 776 3174; x_wconf 86' lang='lat' dir='ltr'><strong>non</strong></span> <span class='ocrx_word' id='word_1_344' title='bbox 798 3117 1073 3183; x_wconf 75' lang='lat' dir='ltr'><strong>habemus,</strong></span> <span class='ocrx_word' id='word_1_345' title='bbox 1108 3133 1201 3173; x_wconf 80' lang='lat' dir='ltr'><strong>nec</strong></span> <span class='ocrx_word' id='word_1_346' title='bbox 1227 3117 1483 3175; x_wconf 79' lang='lat' dir='ltr'><strong>Ecclesia:</strong></span> <span class='ocrx_word' id='word_1_347' title='bbox 1512 3118 1609 3175; x_wconf 84' lang='lat' dir='ltr'><strong>Dei</strong></span> <span class='ocrx_word' id='word_1_348' title='bbox 1628 3121 1670 3177; x_wconf 80' lang='lat'><strong>&#39;.</strong></span> <span class='ocrx_word' id='word_1_349' title='bbox 1694 3119 1904 3187; x_wconf 87' lang='lat' dir='ltr'><strong>Quibus</strong></span> <span class='ocrx_word' id='word_1_350' title='bbox 1928 3137 2050 3177; x_wconf 88' lang='lat' dir='ltr'><strong>ver-</strong></span> 
     </span>
    </p>
   </div>
   <div class='ocr_carea' id='block_1_49' title="bbox 2150 1918 3742 1997">
    <p class='ocr_par' dir='ltr' id='par_1_49' title="bbox 2150 1918 3742 1997">
     <span class='ocr_line' id='line_1_49' title="bbox 2150 1918 3742 1997; baseline -0.006 -16"><span class='ocrx_word' id='word_1_351' title='bbox 2150 1926 2271 1997; x_wconf 81' lang='grc' dir='ltr'><strong>μὲν</strong></span> <span class='ocrx_word' id='word_1_352' title='bbox 2297 1925 2408 1980; x_wconf 84' lang='grc' dir='ltr'><strong>ἐὰν</strong></span> <span class='ocrx_word' id='word_1_353' title='bbox 2438 1923 2615 1995; x_wconf 83' lang='grc' dir='ltr'>κομᾷ,</span> <span class='ocrx_word' id='word_1_354' title='bbox 2637 1923 2844 1993; x_wconf 83' lang='grc' dir='ltr'><strong>ἀτιμία</strong></span> <span class='ocrx_word' id='word_1_355' title='bbox 2871 1919 3032 1987; x_wconf 84' lang='grc' dir='ltr'><strong>αὑτῷ</strong></span> <span class='ocrx_word' id='word_1_356' title='bbox 3054 1922 3226 1976; x_wconf 77' lang='grc' dir='ltr'>ἐστιν</span> <span class='ocrx_word' id='word_1_357' title='bbox 3242 1937 3262 1985; x_wconf 86' lang='grc'><strong><em>;</em></strong></span> <span class='ocrx_word' id='word_1_358' title='bbox 3293 1918 3451 1991; x_wconf 82' lang='grc' dir='ltr'>Δῦτη</span> <span class='ocrx_word' id='word_1_359' title='bbox 3478 1920 3541 1973; x_wconf 79' lang='grc' dir='ltr'><strong>δὲ</strong></span> <span class='ocrx_word' id='word_1_360' title='bbox 3569 1922 3603 1991; x_wconf 78' lang='grc' dir='ltr'><strong>ἠ</strong></span> <span class='ocrx_word' id='word_1_361' title='bbox 3646 1922 3742 1973; x_wconf 73' lang='grc' dir='ltr'>ἀτι-</span> 
     </span>
    </p>
   </div>
   <div class='ocr_carea' id='block_1_50' title="bbox 2161 2014 3742 2091">
    <p class='ocr_par' dir='ltr' id='par_1_50' title="bbox 2161 2014 3742 2091">
     <span class='ocr_line' id='line_1_50' title="bbox 2161 2014 3742 2091; baseline -0.005 -18"><span class='ocrx_word' id='word_1_362' title='bbox 2161 2020 2259 2091; x_wconf 85' lang='grc' dir='ltr'>μία</span> <span class='ocrx_word' id='word_1_363' title='bbox 2287 2020 2388 2072; x_wconf 85' lang='grc' dir='ltr'>οὐκ</span> <span class='ocrx_word' id='word_1_364' title='bbox 2414 2016 2695 2088; x_wconf 77' lang='grc' dir='ltr'>ἐπαινετὴ,</span> <span class='ocrx_word' id='word_1_365' title='bbox 2728 2016 2803 2080; x_wconf 80' lang='grc' dir='ltr'><strong>ὡς</strong></span> <span class='ocrx_word' id='word_1_366' title='bbox 2833 2014 3039 2086; x_wconf 75' lang='grc' dir='ltr'>ἐκείνη,</span> <span class='ocrx_word' id='word_1_367' title='bbox 3068 2014 3329 2084; x_wconf 77' lang='grc' dir='ltr'><strong>λέγουσα,</strong></span> <span class='ocrx_word' id='word_1_368' title='bbox 3358 2015 3448 2068; x_wconf 87' lang='grc' dir='ltr'><strong>ὃτι</strong></span> <span class='ocrx_word' id='word_1_369' title='bbox 3487 2014 3742 2085; x_wconf 67' lang='grc' dir='ltr'>Αἰσχύνης</span> 
     </span>
    </p>
   </div>
   <div class='ocr_carea' id='block_1_51' title="bbox 2158 2106 3743 2183">
    <p class='ocr_par' dir='ltr' id='par_1_51' title="bbox 2158 2106 3743 2183">
     <span class='ocr_line' id='line_1_51' title="bbox 2158 2106 3743 2183; baseline -0.004 -17"><span class='ocrx_word' id='word_1_370' title='bbox 2158 2111 2588 2183; x_wconf 81' lang='grc' dir='ltr'>κατεφρόνησας.</span> <span class='ocrx_word' id='word_1_371' title='bbox 2631 2110 2704 2163; x_wconf 83' lang='grc' dir='ltr'><strong>Οὐ</strong></span> <span class='ocrx_word' id='word_1_372' title='bbox 2730 2108 2838 2180; x_wconf 82' lang='grc' dir='ltr'>γὰρ</span> <span class='ocrx_word' id='word_1_373' title='bbox 2871 2107 2961 2162; x_wconf 81' lang='grc' dir='ltr'><strong>διὰ</strong></span> <span class='ocrx_word' id='word_1_374' title='bbox 2986 2106 3123 2162; x_wconf 81' lang='grc' dir='ltr'>Θεὸν</span> <span class='ocrx_word' id='word_1_375' title='bbox 3163 2110 3196 2179; x_wconf 83' lang='grc' dir='ltr'>ὴ</span> <span class='ocrx_word' id='word_1_376' title='bbox 3227 2107 3425 2179; x_wconf 81' lang='grc' dir='ltr'>ἀρετὴ.</span> <span class='ocrx_word' id='word_1_377' title='bbox 3456 2108 3566 2162; x_wconf 69' lang='grc' dir='ltr'>κᾶν</span> <span class='ocrx_word' id='word_1_378' title='bbox 3586 2125 3645 2161; x_wconf 79' lang='grc' dir='ltr'><strong>τε</strong></span> <span class='ocrx_word' id='word_1_379' title='bbox 3672 2109 3743 2160; x_wconf 65' lang='grc' dir='ltr'>δα</span> 
     </span>
    </p>
   </div>
   <div class='ocr_carea' id='block_1_52' title="bbox 2156 2198 3743 2272">
    <p class='ocr_par' dir='ltr' id='par_1_52' title="bbox 2156 2198 3743 2272">
     <span class='ocr_line' id='line_1_52' title="bbox 2156 2198 3743 2272; baseline -0.004 -16"><span class='ocrx_word' id='word_1_380' title='bbox 2156 2202 2289 2257; x_wconf 82' lang='grc' dir='ltr'><strong>Θεὸν</strong></span> <span class='ocrx_word' id='word_1_381' title='bbox 2340 2200 2718 2272; x_wconf 78' lang='grc' dir='ltr'><strong>ὑποληφθείη·</strong></span> <span class='ocrx_word' id='word_1_382' title='bbox 2785 2198 2923 2254; x_wconf 75' lang='grc' dir='ltr'>ἀλλὰ</span> <span class='ocrx_word' id='word_1_383' title='bbox 2981 2198 3073 2253; x_wconf 80' lang='grc' dir='ltr'><strong>διὰ</strong></span> <span class='ocrx_word' id='word_1_384' title='bbox 3105 2198 3451 2268; x_wconf 70' lang='grc' dir='ltr'>φιλονεικίαν</span> <span class='ocrx_word' id='word_1_385' title='bbox 3502 2199 3534 2250; x_wconf 80' lang='grc' dir='ltr'>ὁ</span> <span class='ocrx_word' id='word_1_386' title='bbox 3567 2200 3743 2270; x_wconf 58' lang='lat' dir='ltr'><strong>apem;</strong></span> 
     </span>
    </p>
   </div>
   <div class='ocr_carea' id='block_1_53' title="bbox 2158 2292 3741 2370">
    <p class='ocr_par' dir='ltr' id='par_1_53' title="bbox 2158 2292 3741 2370">
     <span class='ocr_line' id='line_1_53' title="bbox 2158 2292 3741 2370; baseline -0.001 -21"><span class='ocrx_word' id='word_1_387' title='bbox 2158 2295 2523 2370; x_wconf 76' lang='grc' dir='ltr'><strong>παρελθόντος</strong></span> <span class='ocrx_word' id='word_1_388' title='bbox 2552 2292 2649 2348; x_wconf 87' lang='grc' dir='ltr'><strong>τοῦ</strong></span> <span class='ocrx_word' id='word_1_389' title='bbox 2670 2294 2815 2348; x_wconf 82' lang='grc' dir='ltr'>κατὰ</span> <span class='ocrx_word' id='word_1_390' title='bbox 2843 2292 3007 2366; x_wconf 78' lang='grc' dir='ltr'>νόμον</span> <span class='ocrx_word' id='word_1_391' title='bbox 3041 2292 3238 2357; x_wconf 82' lang='grc' dir='ltr'>τύπον,</span> <span class='ocrx_word' id='word_1_392' title='bbox 3257 2294 3355 2348; x_wconf 78' lang='grc' dir='ltr'>καὶ</span> <span class='ocrx_word' id='word_1_393' title='bbox 3374 2292 3545 2347; x_wconf 66' lang='grc' dir='ltr'>ἐλθού</span> <span class='ocrx_word' id='word_1_394' title='bbox 3554 2309 3651 2363; x_wconf 83' lang='grc' dir='ltr'><strong>σης</strong></span> <span class='ocrx_word' id='word_1_395' title='bbox 3664 2294 3741 2362; x_wconf 62' lang='lat' dir='ltr'><strong>r35</strong></span> 
     </span>
    </p>
   </div>
   <div class='ocr_carea' id='block_1_54' title="bbox 2157 2382 3740 2458">
    <p class='ocr_par' dir='ltr' id='par_1_54' title="bbox 2157 2382 3740 2458">
     <span class='ocr_line' id='line_1_54' title="bbox 2157 2382 3740 2458; baseline -0.001 -18"><span class='ocrx_word' id='word_1_396' title='bbox 2157 2386 2436 2458; x_wconf 81' lang='grc' dir='ltr'>ἀληθείας.</span> <span class='ocrx_word' id='word_1_397' title='bbox 2473 2387 2638 2456; x_wconf 83' lang='grc' dir='ltr'>Λέγει</span> <span class='ocrx_word' id='word_1_398' title='bbox 2666 2386 2724 2440; x_wconf 83' lang='grc' dir='ltr'><strong>δέ</strong></span> <span class='ocrx_word' id='word_1_399' title='bbox 2742 2402 2756 2416; x_wconf 91' lang='grc'><strong>·</strong></span> <span class='ocrx_word' id='word_1_400' title='bbox 2793 2386 2868 2441; x_wconf 76' lang='lat' dir='ltr'><strong>Et</strong></span> <span class='ocrx_word' id='word_1_401' title='bbox 2891 2402 2982 2452; x_wconf 83' lang='grc' dir='ltr'>τις</span> <span class='ocrx_word' id='word_1_402' title='bbox 3006 2384 3177 2440; x_wconf 78' lang='grc' dir='ltr'>δοκεῖ</span> <span class='ocrx_word' id='word_1_403' title='bbox 3198 2386 3568 2455; x_wconf 69' lang='grc' dir='ltr'><strong>φιλόνεικος</strong></span> <span class='ocrx_word' id='word_1_404' title='bbox 3589 2382 3740 2449; x_wconf 73' lang='grc' dir='ltr'>εἶναι,</span> 
     </span>
    </p>
   </div>
   <div class='ocr_carea' id='block_1_55' title="bbox 2157 2475 3743 2550">
    <p class='ocr_par' dir='ltr' id='par_1_55' title="bbox 2157 2475 3743 2550">
     <span class='ocr_line' id='line_1_55' title="bbox 2157 2475 3743 2550; baseline -0.003 -16"><span class='ocrx_word' id='word_1_405' title='bbox 2157 2479 2328 2550; x_wconf 75' lang='grc' dir='ltr'><strong>ἡμεῖς</strong></span> <span class='ocrx_word' id='word_1_406' title='bbox 2378 2479 2664 2546; x_wconf 81' lang='grc' dir='ltr'><strong>τοιαύτην</strong></span> <span class='ocrx_word' id='word_1_407' title='bbox 2700 2476 3036 2544; x_wconf 73' lang='grc' dir='ltr'>συνήθειαν</span> <span class='ocrx_word' id='word_1_408' title='bbox 3084 2477 3196 2530; x_wconf 81' lang='grc' dir='ltr'>οὐκ</span> <span class='ocrx_word' id='word_1_409' title='bbox 3238 2475 3497 2547; x_wconf 72' lang='grc' dir='ltr'>ἔχομεν,</span> <span class='ocrx_word' id='word_1_410' title='bbox 3528 2477 3663 2530; x_wconf 77' lang='grc' dir='ltr'>οὔτε</span> <span class='ocrx_word' id='word_1_411' title='bbox 3696 2479 3743 2528; x_wconf 73' lang='grc' dir='ltr'>αἱ</span> 
     </span>
    </p>
   </div>
   <div class='ocr_carea' id='block_1_56' title="bbox 2170 2566 3744 2641">
    <p class='ocr_par' dir='ltr' id='par_1_56' title="bbox 2170 2566 3744 2641">
     <span class='ocr_line' id='line_1_56' title="bbox 2170 2566 3744 2641; baseline -0.003 -15"><span class='ocrx_word' id='word_1_412' title='bbox 2170 2571 2528 2640; x_wconf 70' lang='grc' dir='ltr'>Ἐκκλησίαι</span> <span class='ocrx_word' id='word_1_413' title='bbox 2553 2570 2660 2626; x_wconf 86' lang='grc' dir='ltr'><strong>τοῦ</strong></span> <span class='ocrx_word' id='word_1_414' title='bbox 2700 2568 2871 2625; x_wconf 82' lang='grc' dir='ltr'>Θεοῦ.</span> <span class='ocrx_word' id='word_1_415' title='bbox 2928 2567 3304 2641; x_wconf 64' lang='grc' dir='ltr'>Παμξὲὁαλεν</span> <span class='ocrx_word' id='word_1_416' title='bbox 3355 2566 3459 2622; x_wconf 73' lang='grc' dir='ltr'>οὖν</span> <span class='ocrx_word' id='word_1_417' title='bbox 3514 2570 3642 2632; x_wconf 70' lang='grc' dir='ltr'>τοὺς</span> <span class='ocrx_word' id='word_1_418' title='bbox 3688 2570 3744 2622; x_wconf 69' lang='grc' dir='ltr'>τὰ</span> 
     </span>
    </p>
   </div>
   <div class='ocr_carea' id='block_1_57' title="bbox 2157 2660 3744 2735">
    <p class='ocr_par' dir='ltr' id='par_1_57' title="bbox 2157 2660 3744 2735">
     <span class='ocr_line' id='line_1_57' title="bbox 2157 2660 3744 2735; baseline -0.003 -18"><span class='ocrx_word' id='word_1_419' title='bbox 2157 2662 2381 2717; x_wconf 87' lang='grc' dir='ltr'>τοιαῦτα</span> <span class='ocrx_word' id='word_1_420' title='bbox 2436 2660 2863 2735; x_wconf 74' lang='grc' dir='ltr'>ἐργαζομένους,</span> <span class='ocrx_word' id='word_1_421' title='bbox 2906 2663 3000 2716; x_wconf 70' lang='grc' dir='ltr'>καὶ</span> <span class='ocrx_word' id='word_1_422' title='bbox 3034 2661 3347 2726; x_wconf 77' lang='grc' dir='ltr'>ποιοῦντας,</span> <span class='ocrx_word' id='word_1_423' title='bbox 3377 2664 3440 2715; x_wconf 83' lang='grc' dir='ltr'>ἐν</span> <span class='ocrx_word' id='word_1_424' title='bbox 3458 2662 3744 2732; x_wconf 61' lang='grc' dir='ltr'>φιλονεικίᾳ</span> 
     </span>
    </p>
   </div>
   <div class='ocr_carea' id='block_1_58' title="bbox 2156 2754 3744 2826">
    <p class='ocr_par' dir='ltr' id='par_1_58' title="bbox 2156 2754 3744 2826">
     <span class='ocr_line' id='line_1_58' title="bbox 2156 2754 3744 2826; baseline -0.001 -16"><span class='ocrx_word' id='word_1_425' title='bbox 2156 2773 2216 2810; x_wconf 89' lang='grc' dir='ltr'><strong>τε</strong></span> <span class='ocrx_word' id='word_1_426' title='bbox 2245 2756 2424 2820; x_wconf 78' lang='grc' dir='ltr'>ὄντας,</span> <span class='ocrx_word' id='word_1_427' title='bbox 2460 2755 2569 2809; x_wconf 80' lang='grc' dir='ltr'><strong>ἀπό</strong></span> <span class='ocrx_word' id='word_1_428' title='bbox 2597 2772 2656 2808; x_wconf 82' lang='grc' dir='ltr'><strong>τε</strong></span> <span class='ocrx_word' id='word_1_429' title='bbox 2681 2754 2774 2809; x_wconf 88' lang='grc' dir='ltr'><strong>τοῦ</strong></span> <span class='ocrx_word' id='word_1_430' title='bbox 2804 2754 3007 2826; x_wconf 81' lang='grc' dir='ltr'>θεσμοῦ</span> <span class='ocrx_word' id='word_1_431' title='bbox 3043 2755 3148 2809; x_wconf 83' lang='grc' dir='ltr'><strong>τῶν</strong></span> <span class='ocrx_word' id='word_1_432' title='bbox 3185 2754 3516 2809; x_wconf 81' lang='grc' dir='ltr'><strong>ἀποστόλων</strong></span> <span class='ocrx_word' id='word_1_433' title='bbox 3539 2755 3635 2808; x_wconf 73' lang='grc' dir='ltr'>καὶ</span> <span class='ocrx_word' id='word_1_434' title='bbox 3657 2756 3744 2809; x_wconf 66' lang='grc' dir='ltr'><strong>ἀπὸ</strong></span> 
     </span>
    </p>
   </div>
   <div class='ocr_carea' id='block_1_59' title="bbox 2157 2847 3745 2927">
    <p class='ocr_par' dir='ltr' id='par_1_59' title="bbox 2157 2847 3745 2927">
     <span class='ocr_line' id='line_1_59' title="bbox 2157 2847 3745 2927; baseline 0.007 -27"><span class='ocrx_word' id='word_1_435' title='bbox 2157 2849 2257 2920; x_wconf 83' lang='grc' dir='ltr'><strong>τῆς</strong></span> <span class='ocrx_word' id='word_1_436' title='bbox 2300 2848 2395 2901; x_wconf 90' lang='grc' dir='ltr'><strong>τοῦ</strong></span> <span class='ocrx_word' id='word_1_437' title='bbox 2430 2848 2563 2902; x_wconf 88' lang='grc' dir='ltr'><strong>Θεοῦ</strong></span> <span class='ocrx_word' id='word_1_438' title='bbox 2609 2847 2956 2921; x_wconf 79' lang='grc' dir='ltr'>Ἐκκλησίας.</span> <span class='ocrx_word' id='word_1_439' title='bbox 3001 2848 3164 2903; x_wconf 76' lang='grc' dir='ltr'>Ἀλλὰ</span> <span class='ocrx_word' id='word_1_440' title='bbox 3188 2851 3370 2909; x_wconf 82' lang='grc' dir='ltr'>ταῦτα</span> <span class='ocrx_word' id='word_1_441' title='bbox 3402 2857 3745 2927; x_wconf 56' lang='lat' dir='ltr'><strong>ﬂverny</strong></span> 
     </span>
    </p>
   </div>
   <div class='ocr_carea' id='block_1_60' title="bbox 2162 2937 3745 3020">
    <p class='ocr_par' dir='ltr' id='par_1_60' title="bbox 2162 2937 3745 3020">
     <span class='ocr_line' id='line_1_60' title="bbox 2162 2937 3745 3020; baseline 0.005 -29"><span class='ocrx_word' id='word_1_442' title='bbox 2162 2956 2261 3010; x_wconf 85' lang='grc' dir='ltr'>μεν</span> <span class='ocrx_word' id='word_1_443' title='bbox 2314 2937 2493 3007; x_wconf 84' lang='grc' dir='ltr'>λέγειν</span> <span class='ocrx_word' id='word_1_444' title='bbox 2525 2937 2615 2992; x_wconf 71' lang='grc' dir='ltr'><strong>διὰ</strong></span> <span class='ocrx_word' id='word_1_445' title='bbox 2669 2938 2769 3010; x_wconf 77' lang='grc' dir='ltr'>τὴν</span> <span class='ocrx_word' id='word_1_446' title='bbox 2828 2939 3104 3011; x_wconf 81' lang='grc' dir='ltr'>πρόφασιν</span> <span class='ocrx_word' id='word_1_447' title='bbox 3161 2942 3272 2997; x_wconf 81' lang='grc' dir='ltr'><strong>τῶν</strong></span> <span class='ocrx_word' id='word_1_448' title='bbox 3336 2950 3745 3020; x_wconf 59' lang='grc' dir='ltr'>προειρημένων</span> 
     </span>
    </p>
   </div>
   <div class='ocr_carea' id='block_1_61' title="bbox 2158 3028 3745 3101">
    <p class='ocr_par' dir='ltr' id='par_1_61' title="bbox 2158 3028 3745 3101">
     <span class='ocr_line' id='line_1_61' title="bbox 2158 3028 3745 3101; baseline 0.005 -15"><span class='ocrx_word' id='word_1_449' title='bbox 2158 3028 2582 3094; x_wconf 82' lang='grc' dir='ltr'>Μασσαλιανῶν,</span> <span class='ocrx_word' id='word_1_450' title='bbox 2630 3031 2715 3083; x_wconf 82' lang='grc' dir='ltr'>ὅτι</span> <span class='ocrx_word' id='word_1_451' title='bbox 2743 3031 2837 3083; x_wconf 73' lang='grc' dir='ltr'><strong>καὶ</strong></span> <span class='ocrx_word' id='word_1_452' title='bbox 2882 3030 3059 3098; x_wconf 73' lang='grc' dir='ltr'>αὐτοὶ,</span> <span class='ocrx_word' id='word_1_453' title='bbox 3108 3032 3370 3101; x_wconf 80' lang='grc' dir='ltr'>λαὸόντες</span> <span class='ocrx_word' id='word_1_454' title='bbox 3415 3038 3639 3093; x_wconf 74' lang='grc' dir='ltr'>ἐκεῖθεν</span> <span class='ocrx_word' id='word_1_455' title='bbox 3666 3040 3745 3093; x_wconf 74' lang='grc' dir='ltr'><strong>τοῦ</strong></span> 
     </span>
    </p>
   </div>
   <div class='ocr_carea' id='block_1_62' title="bbox 2159 3120 3747 3202">
    <p class='ocr_par' dir='ltr' id='par_1_62' title="bbox 2159 3120 3747 3202">
     <span class='ocr_line' id='line_1_62' title="bbox 2159 3120 3747 3202; baseline 0.006 -25"><span class='ocrx_word' id='word_1_456' title='bbox 2159 3122 2511 3194; x_wconf 75' lang='grc' dir='ltr'>φρονήματος</span> <span class='ocrx_word' id='word_1_457' title='bbox 2563 3120 2663 3195; x_wconf 79' lang='grc' dir='ltr'>τὴν</span> <span class='ocrx_word' id='word_1_458' title='bbox 2722 3122 2899 3183; x_wconf 86' lang='grc' dir='ltr'>νόσον.</span> <span class='ocrx_word' id='word_1_459' title='bbox 2946 3124 3043 3178; x_wconf 78' lang='grc' dir='ltr'>καὶ</span> <span class='ocrx_word' id='word_1_460' title='bbox 3097 3124 3477 3198; x_wconf 74' lang='grc' dir='ltr'>ἐκτραπέντες</span> <span class='ocrx_word' id='word_1_461' title='bbox 3509 3133 3615 3202; x_wconf 72' lang='grc' dir='ltr'>τὴν</span> <span class='ocrx_word' id='word_1_462' title='bbox 3645 3132 3747 3186; x_wconf 60' lang='lat' dir='ltr'><strong>se.</strong></span> 
     </span>
    </p>
   </div>
   <div class='ocr_carea' id='block_1_63' title="bbox 460 3185 2041 3293">
    <p class='ocr_par' dir='ltr' id='par_1_63' title="bbox 460 3185 2041 3281">
     <span class='ocr_line' id='line_1_63' title="bbox 460 3185 2041 3281; baseline 0.003 -16"><span class='ocrx_word' id='word_1_463' title='bbox 460 3210 547 3267; x_wconf 86' lang='lat' dir='ltr'><strong>bis</strong></span> <span class='ocrx_word' id='word_1_464' title='bbox 578 3223 695 3275; x_wconf 89' lang='lat' dir='ltr'><strong>eos,</strong></span> <span class='ocrx_word' id='word_1_465' title='bbox 726 3210 822 3281; x_wconf 87' lang='lat' dir='ltr'><strong>qui</strong></span> <span class='ocrx_word' id='word_1_466' title='bbox 848 3209 955 3267; x_wconf 88' lang='lat' dir='ltr'><strong>tale</strong></span> <span class='ocrx_word' id='word_1_467' title='bbox 982 3209 1191 3281; x_wconf 87' lang='lat' dir='ltr'><strong>aliquid</strong></span> <span class='ocrx_word' id='word_1_468' title='bbox 1223 3209 1459 3279; x_wconf 81' lang='lat' dir='ltr'><strong>faciunt,</strong></span> <span class='ocrx_word' id='word_1_469' title='bbox 1492 3219 1547 3269; x_wconf 89' lang='lat' dir='ltr'><strong>et</strong></span> <span class='ocrx_word' id='word_1_470' title='bbox 1583 3185 1929 3270; x_wconf 81' lang='lat' dir='ltr'><strong>contentiose</strong></span> <span class='ocrx_word' id='word_1_471' title='bbox 1962 3230 2041 3270; x_wconf 90' lang='lat' dir='ltr'><strong>re-</strong></span> 
     </span>
    </p>
   </div>
   <div class='ocr_carea' id='block_1_64' title="bbox 2156 3185 3747 3293">
    <p class='ocr_par' dir='ltr' id='par_1_64' title="bbox 2156 3185 3747 3293">
     <span class='ocr_line' id='line_1_64' title="bbox 2156 3185 3747 3293; baseline 0.007 -28"><span class='ocrx_word' id='word_1_472' title='bbox 2156 3185 2654 3280; x_wconf 44' lang='grc' dir='ltr'>νοιαν,“ὲξιὶ›κειλαν</span> <span class='ocrx_word' id='word_1_473' title='bbox 2686 3216 2752 3284; x_wconf 83' lang='grc' dir='ltr'>τῇ</span> <span class='ocrx_word' id='word_1_474' title='bbox 2777 3213 3005 3285; x_wconf 68' lang='grc' dir='ltr'>ἀληθείᾳ</span> <span class='ocrx_word' id='word_1_475' title='bbox 3024 3231 3041 3250; x_wconf 75' lang='lat'><strong><em>°</em></strong></span> <span class='ocrx_word' id='word_1_476' title='bbox 3062 3216 3158 3270; x_wconf 74' lang='grc' dir='ltr'><strong>καὶ</strong></span> <span class='ocrx_word' id='word_1_477' title='bbox 3185 3185 3428 3293; x_wconf 73' lang='grc' dir='ltr'>κατέστη</span> <span class='ocrx_word' id='word_1_478' title='bbox 3454 3185 3682 3293; x_wconf 38' lang='lat' dir='ltr'><strong>vcinam;</strong></span> <span class='ocrx_word' id='word_1_479' title='bbox 3702 3185 3747 3277; x_wconf 57' lang='grc' dir='ltr'><strong>ξι</strong></span> 
     </span>
    </p>
   </div>
   <div class='ocr_carea' id='block_1_65' title="bbox 463 3298 2049 3374">
    <p class='ocr_par' dir='ltr' id='par_1_65' title="bbox 463 3298 2049 3374">
     <span class='ocr_line' id='line_1_65' title="bbox 463 3298 2049 3374; baseline 0.004 -20"><span class='ocrx_word' id='word_1_480' title='bbox 463 3298 769 3370; x_wconf 68' lang='lat' dir='ltr'><strong>frangantur,</strong></span> <span class='ocrx_word' id='word_1_481' title='bbox 798 3300 867 3356; x_wconf 84' lang='lat' dir='ltr'><strong>ab</strong></span> <span class='ocrx_word' id='word_1_482' title='bbox 897 3301 1278 3371; x_wconf 86' lang='lat' dir='ltr'><strong>apostolorum</strong></span> <span class='ocrx_word' id='word_1_483' title='bbox 1324 3302 1511 3374; x_wconf 81' lang='lat' dir='ltr'><strong>regula</strong></span> <span class='ocrx_word' id='word_1_484' title='bbox 1551 3318 1617 3359; x_wconf 91' lang='lat' dir='ltr'><strong>ac</strong></span> <span class='ocrx_word' id='word_1_485' title='bbox 1674 3304 1770 3361; x_wconf 89' lang='lat' dir='ltr'><strong>Dei</strong></span> <span class='ocrx_word' id='word_1_486' title='bbox 1800 3303 2049 3362; x_wconf 87' lang='lat' dir='ltr'><strong>Ecclesia</strong></span> 
     </span>
    </p>
   </div>
   <div class='ocr_carea' id='block_1_66' title="bbox 2156 3305 3349 3377">
    <p class='ocr_par' dir='ltr' id='par_1_66' title="bbox 2156 3305 3349 3377">
     <span class='ocr_line' id='line_1_66' title="bbox 2156 3305 3349 3377; baseline 0.005 -17"><span class='ocrx_word' id='word_1_487' title='bbox 2156 3305 2423 3377; x_wconf 87' lang='grc' dir='ltr'><strong>δεινότητι</strong></span> <span class='ocrx_word' id='word_1_488' title='bbox 2445 3307 2641 3377; x_wconf 82' lang='grc' dir='ltr'>ἀργίας</span> <span class='ocrx_word' id='word_1_489' title='bbox 2669 3308 2763 3361; x_wconf 74' lang='grc' dir='ltr'>καὶ</span> <span class='ocrx_word' id='word_1_490' title='bbox 2793 3308 2901 3361; x_wconf 83' lang='grc' dir='ltr'><strong>τῶν</strong></span> <span class='ocrx_word' id='word_1_491' title='bbox 2935 3308 3110 3363; x_wconf 73' lang='grc' dir='ltr'>ἄλλων</span> <span class='ocrx_word' id='word_1_492' title='bbox 3137 3311 3349 3367; x_wconf 84' lang='grc' dir='ltr'>κακῶν.</span> 
     </span>
    </p>
   </div>
   <div class='ocr_carea' id='block_1_67' title="bbox 454 3395 3745 3472">
    <p class='ocr_par' dir='ltr' id='par_1_67' title="bbox 454 3395 3745 3472">
     <span class='ocr_line' id='line_1_67' title="bbox 454 3395 3745 3472; baseline 0.005 -21"><span class='ocrx_word' id='word_1_493' title='bbox 454 3395 890 3452; x_wconf 81' lang='lat' dir='ltr'><strong>summovendos</strong></span> <span class='ocrx_word' id='word_1_494' title='bbox 942 3403 1115 3468; x_wconf 89' lang='lat' dir='ltr'><strong>putat.</strong></span> <span class='ocrx_word' id='word_1_495' title='bbox 1162 3396 1289 3453; x_wconf 61' lang='lat' dir='ltr'><strong>Haec</strong></span> <span class='ocrx_word' id='word_1_496' title='bbox 1333 3397 1501 3469; x_wconf 88' lang='lat' dir='ltr'><strong>igitur</strong></span> <span class='ocrx_word' id='word_1_497' title='bbox 1546 3401 1750 3465; x_wconf 86' lang='lat' dir='ltr'><strong>omnia,</strong></span> <span class='ocrx_word' id='word_1_498' title='bbox 1779 3410 2005 3472; x_wconf 89' lang='lat' dir='ltr'><strong>accepta</strong></span> <span class='ocrx_word' id='word_1_499' title='bbox 2049 3417 2080 3457; x_wconf 93' lang='lat' dir='ltr'><strong>a</strong></span> <span class='ocrx_word' id='word_1_500' title='bbox 2145 3401 2491 3459; x_wconf 76' lang='lat' dir='ltr'><strong>Massalianis</strong></span> <span class='ocrx_word' id='word_1_501' title='bbox 2541 3405 2859 3471; x_wconf 74' lang='lat' dir='ltr'><strong>occasione,</strong></span> <span class='ocrx_word' id='word_1_502' title='bbox 2891 3406 3078 3463; x_wconf 89' lang='lat' dir='ltr'><strong>dicere</strong></span> <span class='ocrx_word' id='word_1_503' title='bbox 3134 3411 3525 3466; x_wconf 82' lang='lat' dir='ltr'><strong>necessarium</strong></span> <span class='ocrx_word' id='word_1_504' title='bbox 3572 3415 3745 3469; x_wconf 78' lang='lat' dir='ltr'><strong>habui-</strong></span> 
     </span>
    </p>
   </div>
   <div class='ocr_carea' id='block_1_68' title="bbox 461 3488 3744 3573">
    <p class='ocr_par' dir='ltr' id='par_1_68' title="bbox 461 3488 3744 3573">
     <span class='ocr_line' id='line_1_68' title="bbox 461 3488 3744 3573; baseline 0.006 -30"><span class='ocrx_word' id='word_1_505' title='bbox 461 3502 608 3554; x_wconf 85' lang='lat' dir='ltr'><strong>mus,</strong></span> <span class='ocrx_word' id='word_1_506' title='bbox 641 3488 787 3558; x_wconf 90' lang='lat' dir='ltr'><strong>quod</strong></span> <span class='ocrx_word' id='word_1_507' title='bbox 817 3497 872 3546; x_wconf 91' lang='lat' dir='ltr'><strong>et</strong></span> <span class='ocrx_word' id='word_1_508' title='bbox 902 3491 1005 3561; x_wconf 89' lang='lat' dir='ltr'><strong>ipsi</strong></span> <span class='ocrx_word' id='word_1_509' title='bbox 1052 3492 1294 3548; x_wconf 88' lang='lat' dir='ltr'><strong>indidem</strong></span> <span class='ocrx_word' id='word_1_510' title='bbox 1345 3502 1632 3550; x_wconf 89' lang='lat' dir='ltr'><strong>contracto</strong></span> <span class='ocrx_word' id='word_1_511' title='bbox 1675 3497 1954 3566; x_wconf 89' lang='lat' dir='ltr'><strong>opinionis</strong></span> <span class='ocrx_word' id='word_1_512' title='bbox 1998 3497 2148 3554; x_wconf 87' lang='lat' dir='ltr'><strong>illius</strong></span> <span class='ocrx_word' id='word_1_513' title='bbox 2203 3500 2400 3554; x_wconf 87' lang='lat' dir='ltr'><strong>morbo</strong></span> <span class='ocrx_word' id='word_1_514' title='bbox 2459 3501 2757 3572; x_wconf 90' lang='lat' dir='ltr'><strong>animoque</strong></span> <span class='ocrx_word' id='word_1_515' title='bbox 2808 3500 3118 3573; x_wconf 84' lang='lat' dir='ltr'><strong>depravati,</strong></span> <span class='ocrx_word' id='word_1_516' title='bbox 3162 3519 3193 3558; x_wconf 93' lang='lat' dir='ltr'><strong>a</strong></span> <span class='ocrx_word' id='word_1_517' title='bbox 3262 3510 3509 3564; x_wconf 86' lang='lat' dir='ltr'><strong>veritate</strong></span> <span class='ocrx_word' id='word_1_518' title='bbox 3542 3510 3744 3567; x_wconf 78' lang='lat' dir='ltr'><strong>decide.</strong></span> 
     </span>
    </p>
   </div>
   <div class='ocr_carea' id='block_1_69' title="bbox 459 3585 2893 3664">
    <p class='ocr_par' dir='ltr' id='par_1_69' title="bbox 459 3585 2893 3664">
     <span class='ocr_line' id='line_1_69' title="bbox 459 3585 2893 3664; baseline 0.006 -28"><span class='ocrx_word' id='word_1_519' title='bbox 459 3590 591 3637; x_wconf 86' lang='lat' dir='ltr'><strong>runt</strong></span> <span class='ocrx_word' id='word_1_520' title='bbox 619 3599 633 3636; x_wconf 91' lang='lat'><strong>:</strong></span> <span class='ocrx_word' id='word_1_521' title='bbox 667 3585 811 3642; x_wconf 89' lang='lat' dir='ltr'><strong>unde</strong></span> <span class='ocrx_word' id='word_1_522' title='bbox 858 3600 999 3642; x_wconf 89' lang='lat' dir='ltr'><strong>nova</strong></span> <span class='ocrx_word' id='word_1_523' title='bbox 1045 3596 1131 3644; x_wconf 89' lang='lat' dir='ltr'><strong>est</strong></span> <span class='ocrx_word' id='word_1_524' title='bbox 1181 3588 1409 3646; x_wconf 63' lang='lat' dir='ltr'><strong>haeresis</strong></span> <span class='ocrx_word' id='word_1_525' title='bbox 1440 3606 1507 3646; x_wconf 79' lang='lat' dir='ltr'><strong>ex</strong></span> <span class='ocrx_word' id='word_1_526' title='bbox 1538 3590 1650 3646; x_wconf 91' lang='lat' dir='ltr'><strong>otio</strong></span> <span class='ocrx_word' id='word_1_527' title='bbox 1678 3601 1733 3646; x_wconf 91' lang='lat' dir='ltr'><strong>et</strong></span> <span class='ocrx_word' id='word_1_528' title='bbox 1764 3591 1980 3662; x_wconf 88' lang='lat' dir='ltr'><strong>ignavia</strong></span> <span class='ocrx_word' id='word_1_529' title='bbox 2005 3593 2330 3664; x_wconf 69' lang='lat' dir='ltr'><strong>caeterisque</strong></span> <span class='ocrx_word' id='word_1_530' title='bbox 2364 3595 2614 3664; x_wconf 90' lang='lat' dir='ltr'><strong>pestibus</strong></span> <span class='ocrx_word' id='word_1_531' title='bbox 2639 3593 2893 3651; x_wconf 81' lang='lat' dir='ltr'><strong>conﬂata.</strong></span> 
     </span>
    </p>
   </div>
   <div class='ocr_carea' id='block_1_70' title="bbox 532 3677 2047 3755">
    <p class='ocr_par' dir='ltr' id='par_1_70' title="bbox 532 3677 2047 3755">
     <span class='ocr_line' id='line_1_70' title="bbox 532 3677 2047 3755; baseline 0.009 -24"><span class='ocrx_word' id='word_1_532' title='bbox 532 3677 669 3735; x_wconf 78' lang='lat' dir='ltr'><strong>VIII.</strong></span> <span class='ocrx_word' id='word_1_533' title='bbox 716 3677 839 3737; x_wconf 72' lang='lat' dir='ltr'><strong>Hrec</strong></span> <span class='ocrx_word' id='word_1_534' title='bbox 868 3690 1140 3755; x_wconf 71' lang='lat' dir='ltr'><strong>suntquae</strong></span> <span class='ocrx_word' id='word_1_535' title='bbox 1166 3682 1235 3740; x_wconf 86' lang='lat' dir='ltr'><strong>de</strong></span> <span class='ocrx_word' id='word_1_536' title='bbox 1266 3684 1579 3743; x_wconf 89' lang='lat' dir='ltr'><strong>istiusmodi</strong></span> <span class='ocrx_word' id='word_1_537' title='bbox 1608 3687 1924 3745; x_wconf 87' lang='lat' dir='ltr'><strong>hominibus</strong></span> <span class='ocrx_word' id='word_1_538' title='bbox 1955 3705 2047 3745; x_wconf 88' lang='lat' dir='ltr'><strong>ac-</strong></span> 
     </span>
    </p>
   </div>
   <div class='ocr_carea' id='block_1_71' title="bbox 461 3770 2046 3851">
    <p class='ocr_par' dir='ltr' id='par_1_71' title="bbox 461 3770 2046 3851">
     <span class='ocr_line' id='line_1_71' title="bbox 461 3770 2046 3851; baseline 0.009 -26"><span class='ocrx_word' id='word_1_539' title='bbox 461 3770 730 3841; x_wconf 85' lang='lat' dir='ltr'><strong>cepimus,</strong></span> <span class='ocrx_word' id='word_1_540' title='bbox 768 3774 859 3843; x_wconf 92' lang='lat' dir='ltr'><strong>qui</strong></span> <span class='ocrx_word' id='word_1_541' title='bbox 894 3775 1101 3831; x_wconf 90' lang='lat' dir='ltr'><strong>mundo</strong></span> <span class='ocrx_word' id='word_1_542' title='bbox 1146 3775 1215 3831; x_wconf 89' lang='lat' dir='ltr'><strong>ad</strong></span> <span class='ocrx_word' id='word_1_543' title='bbox 1246 3776 1548 3835; x_wconf 91' lang='lat' dir='ltr'><strong>ludibrium</strong></span> <span class='ocrx_word' id='word_1_544' title='bbox 1580 3781 1817 3851; x_wconf 64' lang='lat' dir='ltr'><strong>expositi</strong></span> <span class='ocrx_word' id='word_1_545' title='bbox 1858 3782 2046 3838; x_wconf 90' lang='lat' dir='ltr'><strong>viden-</strong></span> 
     </span>
    </p>
   </div>
   <div class='ocr_carea' id='block_1_72' title="bbox 462 3862 2044 3937">
    <p class='ocr_par' dir='ltr' id='par_1_72' title="bbox 462 3862 2044 3937">
     <span class='ocr_line' id='line_1_72' title="bbox 462 3862 2044 3937; baseline 0.012 -23"><span class='ocrx_word' id='word_1_546' title='bbox 462 3869 575 3925; x_wconf 87' lang='lat' dir='ltr'><strong>tur,</strong></span> <span class='ocrx_word' id='word_1_547' title='bbox 602 3862 807 3933; x_wconf 90' lang='lat' dir='ltr'><strong>quique</strong></span> <span class='ocrx_word' id='word_1_548' title='bbox 838 3864 1051 3935; x_wconf 91' lang='lat' dir='ltr'><strong>plebeia</strong></span> <span class='ocrx_word' id='word_1_549' title='bbox 1119 3866 1326 3937; x_wconf 86' lang='lat' dir='ltr'><strong>ingenii</strong></span> <span class='ocrx_word' id='word_1_550' title='bbox 1358 3870 1444 3925; x_wconf 91' lang='lat' dir='ltr'><strong>sui</strong></span> <span class='ocrx_word' id='word_1_551' title='bbox 1484 3884 1647 3927; x_wconf 90' lang='lat' dir='ltr'><strong>sensa</strong></span> <span class='ocrx_word' id='word_1_552' title='bbox 1682 3882 1736 3928; x_wconf 92' lang='lat' dir='ltr'><strong>et</strong></span> <span class='ocrx_word' id='word_1_553' title='bbox 1762 3890 2044 3933; x_wconf 78' lang='lat' dir='ltr'><strong>sermones</strong></span> 
     </span>
    </p>
   </div>
   <div class='ocr_carea' id='block_1_73' title="bbox 461 3962 2042 4032">
    <p class='ocr_par' dir='ltr' id='par_1_73' title="bbox 461 3962 2042 4032">
     <span class='ocr_line' id='line_1_73' title="bbox 461 3962 2042 4032; baseline 0.008 -19"><span class='ocrx_word' id='word_1_554' title='bbox 461 3965 742 4025; x_wconf 89' lang='lat' dir='ltr'><strong>evomunt,</strong></span> <span class='ocrx_word' id='word_1_555' title='bbox 773 3974 838 4013; x_wconf 93' lang='lat' dir='ltr'><strong>ac</strong></span> <span class='ocrx_word' id='word_1_556' title='bbox 886 3975 986 4016; x_wconf 92' lang='lat' dir='ltr'><strong>nec</strong></span> <span class='ocrx_word' id='word_1_557' title='bbox 1030 3962 1141 4016; x_wconf 90' lang='lat' dir='ltr'><strong>ulla</strong></span> <span class='ocrx_word' id='word_1_558' title='bbox 1188 3962 1447 4020; x_wconf 84' lang='lat' dir='ltr'><strong>ﬁrmitate</strong></span> <span class='ocrx_word' id='word_1_559' title='bbox 1490 3966 1785 4032; x_wconf 71' lang='lat' dir='ltr'><strong>cohaerent,</strong></span> <span class='ocrx_word' id='word_1_560' title='bbox 1834 3977 1887 4024; x_wconf 93' lang='lat' dir='ltr'><strong>et</strong></span> <span class='ocrx_word' id='word_1_561' title='bbox 1925 3986 2042 4025; x_wconf 91' lang='lat' dir='ltr'><strong>om-</strong></span> 
     </span>
    </p>
   </div>
   <div class='ocr_carea' id='block_1_74' title="bbox 460 4048 2038 4124">
    <p class='ocr_par' dir='ltr' id='par_1_74' title="bbox 460 4048 2038 4124">
     <span class='ocr_line' id='line_1_74' title="bbox 460 4048 2038 4124; baseline 0.01 -22"><span class='ocrx_word' id='word_1_562' title='bbox 460 4048 595 4103; x_wconf 91' lang='lat' dir='ltr'><strong>nino</strong></span> <span class='ocrx_word' id='word_1_563' title='bbox 619 4051 898 4120; x_wconf 87' lang='lat' dir='ltr'><strong>desperati</strong></span> <span class='ocrx_word' id='word_1_564' title='bbox 928 4061 1081 4118; x_wconf 93' lang='lat' dir='ltr'><strong>sunt,</strong></span> <span class='ocrx_word' id='word_1_565' title='bbox 1108 4062 1276 4124; x_wconf 89' lang='lat' dir='ltr'><strong>atque</strong></span> <span class='ocrx_word' id='word_1_566' title='bbox 1308 4063 1464 4110; x_wconf 77' lang='lat' dir='ltr'><strong>extra</strong></span> <span class='ocrx_word' id='word_1_567' title='bbox 1498 4056 1589 4112; x_wconf 86' lang='lat' dir='ltr'><strong>Dei</strong></span> <span class='ocrx_word' id='word_1_568' title='bbox 1623 4060 2038 4117; x_wconf 84' lang='lat' dir='ltr'><strong>aediﬁcationem</strong></span> 
     </span>
    </p>
   </div>
   <div class='ocr_carea' id='block_1_75' title="bbox 458 4142 2039 4224">
    <p class='ocr_par' dir='ltr' id='par_1_75' title="bbox 458 4142 2039 4224">
     <span class='ocr_line' id='line_1_75' title="bbox 458 4142 2039 4224; baseline 0.009 -29"><span class='ocrx_word' id='word_1_569' title='bbox 458 4142 763 4198; x_wconf 91' lang='lat' dir='ltr'><strong>constituti.</strong></span> <span class='ocrx_word' id='word_1_570' title='bbox 802 4144 983 4210; x_wconf 81' lang='lat' dir='ltr'><strong>Quare</strong></span> <span class='ocrx_word' id='word_1_571' title='bbox 1022 4146 1214 4216; x_wconf 90' lang='lat' dir='ltr'><strong>paucis</strong></span> <span class='ocrx_word' id='word_1_572' title='bbox 1260 4146 1371 4203; x_wconf 88' lang='lat' dir='ltr'><strong>illis</strong></span> <span class='ocrx_word' id='word_1_573' title='bbox 1401 4147 1667 4206; x_wconf 83' lang='lat' dir='ltr'><strong>adversus</strong></span> <span class='ocrx_word' id='word_1_574' title='bbox 1710 4167 1806 4208; x_wconf 94' lang='lat' dir='ltr'><strong>eos</strong></span> <span class='ocrx_word' id='word_1_575' title='bbox 1848 4153 2039 4224; x_wconf 89' lang='lat' dir='ltr'><strong>dispu-</strong></span> 
     </span>
    </p>
   </div>
   <div class='ocr_carea' id='block_1_76' title="bbox 459 4233 2039 4314">
    <p class='ocr_par' dir='ltr' id='par_1_76' title="bbox 459 4233 2039 4314">
     <span class='ocr_line' id='line_1_76' title="bbox 459 4233 2039 4314; baseline 0.01 -28"><span class='ocrx_word' id='word_1_576' title='bbox 459 4233 610 4301; x_wconf 86' lang='lat' dir='ltr'><strong>tatis,</strong></span> <span class='ocrx_word' id='word_1_577' title='bbox 645 4236 711 4289; x_wconf 92' lang='lat' dir='ltr'><strong>ad</strong></span> <span class='ocrx_word' id='word_1_578' title='bbox 743 4237 962 4292; x_wconf 81' lang='lat' dir='ltr'><strong>eosdem</strong></span> <span class='ocrx_word' id='word_1_579' title='bbox 991 4237 1359 4296; x_wconf 81' lang='lat' dir='ltr'><strong>confutandos</strong></span> <span class='ocrx_word' id='word_1_580' title='bbox 1390 4243 1788 4314; x_wconf 80' lang='lat' dir='ltr'><strong>aggrediemur.</strong></span> <span class='ocrx_word' id='word_1_581' title='bbox 1820 4244 2039 4302; x_wconf 84' lang='lat' dir='ltr'><strong>Princi-</strong></span> 
     </span>
    </p>
   </div>
   <div class='ocr_carea' id='block_1_77' title="bbox 2227 3688 3740 3766">
    <p class='ocr_par' dir='ltr' id='par_1_77' title="bbox 2227 3688 3740 3766">
     <span class='ocr_line' id='line_1_77' title="bbox 2227 3688 3740 3766; baseline 0.004 -21"><span class='ocrx_word' id='word_1_582' title='bbox 2227 3688 2310 3747; x_wconf 75' lang='lat' dir='ltr'><strong>Il&#39;.</strong></span> <span class='ocrx_word' id='word_1_583' title='bbox 2344 3690 2529 3745; x_wconf 86' lang='grc' dir='ltr'>Ταῦτά</span> <span class='ocrx_word' id='word_1_584' title='bbox 2562 3692 2710 3745; x_wconf 76' lang='grc' dir='ltr'>ἐστιν</span> <span class='ocrx_word' id='word_1_585' title='bbox 2768 3691 2805 3746; x_wconf 78' lang='grc' dir='ltr'>ἃ</span> <span class='ocrx_word' id='word_1_586' title='bbox 2844 3692 2972 3763; x_wconf 76' lang='grc' dir='ltr'>περὶ</span> <span class='ocrx_word' id='word_1_587' title='bbox 3016 3692 3221 3747; x_wconf 75' lang='grc' dir='ltr'>τούτοιν</span> <span class='ocrx_word' id='word_1_588' title='bbox 3264 3696 3363 3748; x_wconf 74' lang='grc' dir='ltr'>καὶ</span> <span class='ocrx_word' id='word_1_589' title='bbox 3403 3696 3597 3749; x_wconf 81' lang='grc' dir='ltr'>αὐτῶν</span> <span class='ocrx_word' id='word_1_590' title='bbox 3626 3699 3740 3766; x_wconf 65' lang='grc' dir='ltr'>ἀκη-</span> 
     </span>
    </p>
   </div>
   <div class='ocr_carea' id='block_1_78' title="bbox 2154 3783 3740 3856">
    <p class='ocr_par' dir='ltr' id='par_1_78' title="bbox 2154 3783 3740 3856">
     <span class='ocr_line' id='line_1_78' title="bbox 2154 3783 3740 3856; baseline 0 -18"><span class='ocrx_word' id='word_1_591' title='bbox 2154 3783 2380 3855; x_wconf 85' lang='grc' dir='ltr'>κόαμεν,</span> <span class='ocrx_word' id='word_1_592' title='bbox 2411 3783 2521 3838; x_wconf 85' lang='grc' dir='ltr'><strong>τῶν</strong></span> <span class='ocrx_word' id='word_1_593' title='bbox 2550 3786 2629 3848; x_wconf 81' lang='grc' dir='ltr'>εὶς</span> <span class='ocrx_word' id='word_1_594' title='bbox 2656 3783 2856 3855; x_wconf 81' lang='grc' dir='ltr'>χλεύην</span> <span class='ocrx_word' id='word_1_595' title='bbox 2884 3784 2963 3856; x_wconf 74' lang='grc' dir='ltr'>τῷ</span> <span class='ocrx_word' id='word_1_596' title='bbox 2991 3784 3183 3856; x_wconf 84' lang='grc' dir='ltr'>κόσμῳ</span> <span class='ocrx_word' id='word_1_597' title='bbox 3210 3789 3639 3853; x_wconf 77' lang='grc' dir='ltr'>καταστάντων,</span> <span class='ocrx_word' id='word_1_598' title='bbox 3664 3792 3740 3841; x_wconf 73' lang='grc' dir='ltr'>καὶ</span> 
     </span>
    </p>
   </div>
   <div class='ocr_carea' id='block_1_79' title="bbox 2154 3874 3738 3947">
    <p class='ocr_par' dir='ltr' id='par_1_79' title="bbox 2154 3874 3738 3947">
     <span class='ocr_line' id='line_1_79' title="bbox 2154 3874 3738 3947; baseline 0.003 -19"><span class='ocrx_word' id='word_1_599' title='bbox 2154 3874 2467 3946; x_wconf 71' lang='grc' dir='ltr'>συρφετώδη</span> <span class='ocrx_word' id='word_1_600' title='bbox 2524 3875 2651 3929; x_wconf 83' lang='grc' dir='ltr'>νοῦν</span> <span class='ocrx_word' id='word_1_601' title='bbox 2691 3876 2782 3929; x_wconf 78' lang='grc' dir='ltr'>καὶ</span> <span class='ocrx_word' id='word_1_602' title='bbox 2818 3875 3009 3945; x_wconf 82' lang='grc' dir='ltr'>λόγους</span> <span class='ocrx_word' id='word_1_603' title='bbox 3038 3876 3405 3947; x_wconf 83' lang='grc' dir='ltr'>ὲξεμούντων,</span> <span class='ocrx_word' id='word_1_604' title='bbox 3429 3881 3738 3934; x_wconf 56' lang='lat' dir='ltr'><strong>deuoratur:</strong></span> 
     </span>
    </p>
   </div>
   <div class='ocr_carea' id='block_1_80' title="bbox 2149 3969 3736 4042">
    <p class='ocr_par' dir='ltr' id='par_1_80' title="bbox 2149 3969 3736 4042">
     <span class='ocr_line' id='line_1_80' title="bbox 2149 3969 3736 4042; baseline 0.003 -20"><span class='ocrx_word' id='word_1_605' title='bbox 2149 3969 2206 4022; x_wconf 83' lang='grc' dir='ltr'>δὲ</span> <span class='ocrx_word' id='word_1_606' title='bbox 2252 3969 2441 4032; x_wconf 72' lang='grc' dir='ltr'>ὄντων,</span> <span class='ocrx_word' id='word_1_607' title='bbox 2474 3969 2567 4022; x_wconf 77' lang='grc' dir='ltr'>καὶ</span> <span class='ocrx_word' id='word_1_608' title='bbox 2599 3970 2958 4035; x_wconf 82' lang='grc' dir='ltr'>ἀνελπίστων,</span> <span class='ocrx_word' id='word_1_609' title='bbox 2986 3970 3083 4023; x_wconf 72' lang='grc' dir='ltr'>καὶ</span> <span class='ocrx_word' id='word_1_610' title='bbox 3126 3973 3226 4042; x_wconf 82' lang='grc' dir='ltr'>τῆς</span> <span class='ocrx_word' id='word_1_611' title='bbox 3256 3972 3354 4024; x_wconf 88' lang='grc' dir='ltr'><strong>τοῦ</strong></span> <span class='ocrx_word' id='word_1_612' title='bbox 3380 3972 3527 4026; x_wconf 85' lang='grc' dir='ltr'>Θεοῦ</span> <span class='ocrx_word' id='word_1_613' title='bbox 3554 3974 3736 4027; x_wconf 58' lang='lat' dir='ltr'><strong>olm-</strong></span> 
     </span>
    </p>
   </div>
   <div class='ocr_carea' id='block_1_81' title="bbox 2152 4059 3737 4134">
    <p class='ocr_par' dir='ltr' id='par_1_81' title="bbox 2152 4059 3737 4134">
     <span class='ocr_line' id='line_1_81' title="bbox 2152 4059 3737 4134; baseline -0.001 -17"><span class='ocrx_word' id='word_1_614' title='bbox 2152 4060 2256 4131; x_wconf 78' lang='grc' dir='ltr'><strong>μῆς</strong></span> <span class='ocrx_word' id='word_1_615' title='bbox 2306 4060 2410 4124; x_wconf 74' lang='grc' dir='ltr'><strong>ἔξω</strong></span> <span class='ocrx_word' id='word_1_616' title='bbox 2441 4060 2773 4132; x_wconf 78' lang='grc' dir='ltr'>βεϐηκότων,</span> <span class='ocrx_word' id='word_1_617' title='bbox 2810 4059 2974 4116; x_wconf 83' lang='grc' dir='ltr'>Ὅθεν</span> <span class='ocrx_word' id='word_1_618' title='bbox 3027 4061 3122 4114; x_wconf 77' lang='grc' dir='ltr'>καὶ</span> <span class='ocrx_word' id='word_1_619' title='bbox 3175 4063 3302 4134; x_wconf 74' lang='grc' dir='ltr'>περὶ</span> <span class='ocrx_word' id='word_1_620' title='bbox 3346 4063 3567 4117; x_wconf 84' lang='grc' dir='ltr'>τούτων</span> <span class='ocrx_word' id='word_1_621' title='bbox 3601 4065 3737 4131; x_wconf 73' lang='grc' dir='ltr'>ὀλίγα</span> 
     </span>
    </p>
   </div>
   <div class='ocr_carea' id='block_1_82' title="bbox 2146 4150 3732 4227">
    <p class='ocr_par' dir='ltr' id='par_1_82' title="bbox 2146 4150 3732 4227">
     <span class='ocr_line' id='line_1_82' title="bbox 2146 4150 3732 4227; baseline 0.002 -20"><span class='ocrx_word' id='word_1_622' title='bbox 2146 4153 2510 4217; x_wconf 82' lang='grc' dir='ltr'>διαλαϐόντες,</span> <span class='ocrx_word' id='word_1_623' title='bbox 2539 4150 2788 4217; x_wconf 83' lang='grc' dir='ltr'>αὗθιςείς</span> <span class='ocrx_word' id='word_1_624' title='bbox 2822 4154 3134 4226; x_wconf 80' lang='grc' dir='ltr'>ἀνατροπὴν</span> <span class='ocrx_word' id='word_1_625' title='bbox 3160 4154 3346 4209; x_wconf 78' lang='grc' dir='ltr'>αὐτῶν</span> <span class='ocrx_word' id='word_1_626' title='bbox 3373 4157 3732 4227; x_wconf 69' lang='grc' dir='ltr'>ἐργασόμεθα.</span> 
     </span>
    </p>
   </div>
   <div class='ocr_carea' id='block_1_83' title="bbox 2148 4242 3733 4317">
    <p class='ocr_par' dir='ltr' id='par_1_83' title="bbox 2148 4242 3733 4317">
     <span class='ocr_line' id='line_1_83' title="bbox 2148 4242 3733 4317; baseline 0.003 -21"><span class='ocrx_word' id='word_1_627' title='bbox 2148 4242 2253 4297; x_wconf 73' lang='grc' dir='ltr'><strong>Καὶ</strong></span> <span class='ocrx_word' id='word_1_628' title='bbox 2296 4243 2511 4315; x_wconf 82' lang='grc' dir='ltr'>πρῶτον</span> <span class='ocrx_word' id='word_1_629' title='bbox 2566 4243 2685 4314; x_wconf 82' lang='grc' dir='ltr'>μὲν,</span> <span class='ocrx_word' id='word_1_630' title='bbox 2724 4245 2806 4298; x_wconf 83' lang='grc' dir='ltr'><strong>ὅτι</strong></span> <span class='ocrx_word' id='word_1_631' title='bbox 2840 4248 3098 4313; x_wconf 86' lang='grc' dir='ltr'>γυναῖκες</span> <span class='ocrx_word' id='word_1_632' title='bbox 3130 4246 3151 4277; x_wconf 87' lang='grc'><em>³</em></span> <span class='ocrx_word' id='word_1_633' title='bbox 3187 4244 3329 4316; x_wconf 86' lang='grc' dir='ltr'><strong>μετά</strong></span> <span class='ocrx_word' id='word_1_634' title='bbox 3368 4247 3591 4317; x_wconf 79' lang='grc' dir='ltr'>ἀνδρῶν</span> <span class='ocrx_word' id='word_1_635' title='bbox 3629 4250 3733 4300; x_wconf 56' lang='grc' dir='ltr'><strong>ἐπα</strong></span> 
     </span>
    </p>
   </div>
   <div class='ocr_carea' id='block_1_84' title="bbox 460 4324 2041 4408">
    <p class='ocr_par' dir='ltr' id='par_1_84' title="bbox 460 4324 2041 4405">
     <span class='ocr_line' id='line_1_84' title="bbox 460 4324 2041 4405; baseline 0.011 -28"><span class='ocrx_word' id='word_1_636' title='bbox 460 4324 548 4393; x_wconf 91' lang='lat' dir='ltr'><strong>pio</strong></span> <span class='ocrx_word' id='word_1_637' title='bbox 590 4327 848 4384; x_wconf 82' lang='lat' dir='ltr'><strong>mulieres</strong></span> <span class='ocrx_word' id='word_1_638' title='bbox 886 4344 1012 4384; x_wconf 89' lang='lat' dir='ltr'><strong>cum</strong></span> <span class='ocrx_word' id='word_1_639' title='bbox 1074 4331 1209 4387; x_wconf 85' lang='lat' dir='ltr'><strong>viris</strong></span> <span class='ocrx_word' id='word_1_640' title='bbox 1243 4334 1560 4402; x_wconf 88' lang='lat' dir='ltr'><strong>promiscue</strong></span> <span class='ocrx_word' id='word_1_641' title='bbox 1608 4338 1844 4405; x_wconf 87' lang='lat' dir='ltr'><strong>versari,</strong></span> <span class='ocrx_word' id='word_1_642' title='bbox 1893 4339 2041 4393; x_wconf 89' lang='lat' dir='ltr'><strong>nulla</strong></span> 
     </span>
    </p>
   </div>
   <div class='ocr_carea' id='block_1_85' title="bbox 2156 4324 3731 4408">
    <p class='ocr_par' dir='ltr' id='par_1_85' title="bbox 2156 4332 3731 4408">
     <span class='ocr_line' id='line_1_85' title="bbox 2156 4332 3731 4408; baseline 0.001 -19"><span class='ocrx_word' id='word_1_643' title='bbox 2156 4335 2345 4390; x_wconf 83' lang='grc' dir='ltr'>τοαυτὸ</span> <span class='ocrx_word' id='word_1_644' title='bbox 2376 4332 2513 4389; x_wconf 79' lang='grc' dir='ltr'>εἶναι</span> <span class='ocrx_word' id='word_1_645' title='bbox 2545 4337 2671 4390; x_wconf 76' lang='grc' dir='ltr'>οὗτε</span> <span class='ocrx_word' id='word_1_646' title='bbox 2701 4337 2809 4390; x_wconf 77' lang='grc' dir='ltr'><strong>ἀπὸ</strong></span> <span class='ocrx_word' id='word_1_647' title='bbox 2841 4336 3081 4401; x_wconf 82' lang='grc' dir='ltr'>παλαιᾶς</span> <span class='ocrx_word' id='word_1_648' title='bbox 3128 4336 3427 4408; x_wconf 85' lang='grc' dir='ltr'>συνηθείας</span> <span class='ocrx_word' id='word_1_649' title='bbox 3452 4339 3570 4391; x_wconf 84' lang='grc' dir='ltr'>τῶν</span> <span class='ocrx_word' id='word_1_650' title='bbox 3594 4340 3731 4407; x_wconf 62' lang='grc' dir='ltr'>φύσει</span> 
     </span>
    </p>
   </div>
   <div class='ocr_carea' id='block_1_86' title="bbox 456 4419 2046 4502">
    <p class='ocr_par' dir='ltr' id='par_1_86' title="bbox 456 4419 2046 4502">
     <span class='ocr_line' id='line_1_86' title="bbox 456 4419 2046 4502; baseline 0.009 -31"><span class='ocrx_word' id='word_1_651' title='bbox 456 4432 525 4471; x_wconf 81' lang='lat' dir='ltr'><strong>ex</strong></span> <span class='ocrx_word' id='word_1_652' title='bbox 573 4419 745 4474; x_wconf 82' lang='lat' dir='ltr'><strong>veteri</strong></span> <span class='ocrx_word' id='word_1_653' title='bbox 803 4435 993 4476; x_wconf 90' lang='lat' dir='ltr'><strong>eorum</strong></span> <span class='ocrx_word' id='word_1_654' title='bbox 1050 4425 1474 4492; x_wconf 81' lang='lat' dir='ltr'><strong>consuetudine,</strong></span> <span class='ocrx_word' id='word_1_655' title='bbox 1537 4430 1628 4499; x_wconf 86' lang='lat' dir='ltr'><strong>qui</strong></span> <span class='ocrx_word' id='word_1_656' title='bbox 1675 4430 1733 4484; x_wconf 91' lang='lat' dir='ltr'><strong>in</strong></span> <span class='ocrx_word' id='word_1_657' title='bbox 1789 4430 2046 4502; x_wconf 70' lang='lat' dir='ltr'><strong>coniugio</strong></span> 
     </span>
    </p>
   </div>
   <div class='ocr_carea' id='block_1_87' title="bbox 457 4513 2044 4586">
    <p class='ocr_par' dir='ltr' id='par_1_87' title="bbox 457 4513 2044 4586">
     <span class='ocr_line' id='line_1_87' title="bbox 457 4513 2044 4586; baseline 0.011 -21"><span class='ocrx_word' id='word_1_658' title='bbox 457 4515 731 4578; x_wconf 74' lang='lat' dir='ltr'><strong>vixerunt,</strong></span> <span class='ocrx_word' id='word_1_659' title='bbox 778 4513 1101 4585; x_wconf 83' lang='lat' dir='ltr'><strong>deprompta</strong></span> <span class='ocrx_word' id='word_1_660' title='bbox 1169 4516 1400 4586; x_wconf 72' lang='lat' dir='ltr'><strong>iustitiae</strong></span> <span class='ocrx_word' id='word_1_661' title='bbox 1451 4530 1504 4575; x_wconf 87' lang='lat' dir='ltr'><strong>et</strong></span> <span class='ocrx_word' id='word_1_662' title='bbox 1549 4523 1853 4579; x_wconf 88' lang='lat' dir='ltr'><strong>honestatis</strong></span> <span class='ocrx_word' id='word_1_663' title='bbox 1901 4526 2044 4582; x_wconf 88' lang='lat' dir='ltr'><strong>ratio</strong></span> 
     </span>
    </p>
   </div>
   <div class='ocr_carea' id='block_1_88' title="bbox 458 4604 2043 4674">
    <p class='ocr_par' dir='ltr' id='par_1_88' title="bbox 458 4604 2043 4674">
     <span class='ocr_line' id='line_1_88' title="bbox 458 4604 2043 4674; baseline 0.01 -17"><span class='ocrx_word' id='word_1_664' title='bbox 458 4604 683 4674; x_wconf 84' lang='lat' dir='ltr'><strong>patitur.</strong></span> <span class='ocrx_word' id='word_1_665' title='bbox 715 4604 821 4660; x_wconf 87' lang='lat' dir='ltr'><strong>Sed</strong></span> <span class='ocrx_word' id='word_1_666' title='bbox 848 4622 993 4663; x_wconf 88' lang='lat' dir='ltr'><strong>unus</strong></span> <span class='ocrx_word' id='word_1_667' title='bbox 1020 4609 1290 4665; x_wconf 82' lang='lat' dir='ltr'><strong>duntaxat</strong></span> <span class='ocrx_word' id='word_1_668' title='bbox 1322 4628 1447 4667; x_wconf 85' lang='lat' dir='ltr'><strong>cum</strong></span> <span class='ocrx_word' id='word_1_669' title='bbox 1480 4630 1587 4668; x_wconf 84' lang='lat' dir='ltr'><strong>una</strong></span> <span class='ocrx_word' id='word_1_670' title='bbox 1613 4617 1928 4673; x_wconf 84' lang='lat' dir='ltr'><strong>consociari</strong></span> <span class='ocrx_word' id='word_1_671' title='bbox 1954 4618 2043 4674; x_wconf 52' lang='lat' dir='ltr'><strong>de-</strong></span> 
     </span>
    </p>
   </div>
   <div class='ocr_carea' id='block_1_89' title="bbox 458 4695 2039 4774">
    <p class='ocr_par' dir='ltr' id='par_1_89' title="bbox 458 4695 2039 4774">
     <span class='ocr_line' id='line_1_89' title="bbox 458 4695 2039 4774; baseline 0.009 -24"><span class='ocrx_word' id='word_1_672' title='bbox 458 4695 572 4761; x_wconf 85' lang='lat' dir='ltr'><strong>bet,</strong></span> <span class='ocrx_word' id='word_1_673' title='bbox 607 4703 666 4750; x_wconf 91' lang='lat' dir='ltr'><strong>ut</strong></span> <span class='ocrx_word' id='word_1_674' title='bbox 708 4697 953 4756; x_wconf 86' lang='lat' dir='ltr'><strong>Adamus</strong></span> <span class='ocrx_word' id='word_1_675' title='bbox 989 4715 1114 4755; x_wconf 90' lang='lat' dir='ltr'><strong>cum</strong></span> <span class='ocrx_word' id='word_1_676' title='bbox 1148 4700 1281 4770; x_wconf 84' lang='lat' dir='ltr'><strong>Eva,</strong></span> <span class='ocrx_word' id='word_1_677' title='bbox 1337 4701 1474 4758; x_wconf 90' lang='lat' dir='ltr'><strong>Sara</strong></span> <span class='ocrx_word' id='word_1_678' title='bbox 1530 4721 1654 4760; x_wconf 89' lang='lat' dir='ltr'><strong>cum</strong></span> <span class='ocrx_word' id='word_1_679' title='bbox 1705 4708 2039 4774; x_wconf 87' lang='lat' dir='ltr'><strong>Abrahamo,</strong></span> 
     </span>
    </p>
   </div>
   <div class='ocr_carea' id='block_1_90' title="bbox 458 4784 2041 4866">
    <p class='ocr_par' dir='ltr' id='par_1_90' title="bbox 458 4784 2041 4866">
     <span class='ocr_line' id='line_1_90' title="bbox 458 4784 2041 4866; baseline 0.01 -27"><span class='ocrx_word' id='word_1_680' title='bbox 458 4784 705 4846; x_wconf 79' lang='lat' dir='ltr'><strong>Rebecca</strong></span> <span class='ocrx_word' id='word_1_681' title='bbox 758 4803 882 4843; x_wconf 82' lang='lat' dir='ltr'><strong>cum</strong></span> <span class='ocrx_word' id='word_1_682' title='bbox 932 4791 1121 4847; x_wconf 89' lang='lat' dir='ltr'><strong>Isaaco</strong></span> <span class='ocrx_word' id='word_1_683' title='bbox 1173 4794 1424 4865; x_wconf 87' lang='lat' dir='ltr'><strong>copulata</strong></span> <span class='ocrx_word' id='word_1_684' title='bbox 1484 4796 1702 4866; x_wconf 84' lang='lat' dir='ltr'><strong>legitur.</strong></span> <span class='ocrx_word' id='word_1_685' title='bbox 1752 4798 1888 4855; x_wconf 84' lang='lat' dir='ltr'><strong>Nam</strong></span> <span class='ocrx_word' id='word_1_686' title='bbox 1938 4802 2041 4857; x_wconf 83' lang='lat' dir='ltr'><strong>etsi</strong></span> 
     </span>
    </p>
   </div>
   <div class='ocr_carea' id='block_1_91' title="bbox 456 4879 2037 4959">
    <p class='ocr_par' dir='ltr' id='par_1_91' title="bbox 456 4879 2037 4959">
     <span class='ocr_line' id='line_1_91' title="bbox 456 4879 2037 4959; baseline 0.009 -27"><span class='ocrx_word' id='word_1_687' title='bbox 456 4879 676 4950; x_wconf 89' lang='lat' dir='ltr'><strong>quidam</strong></span> <span class='ocrx_word' id='word_1_688' title='bbox 712 4896 743 4937; x_wconf 94' lang='lat' dir='ltr'><strong>e</strong></span> <span class='ocrx_word' id='word_1_689' title='bbox 778 4879 1032 4938; x_wconf 84' lang='lat' dir='ltr'><strong>Patribus</strong></span> <span class='ocrx_word' id='word_1_690' title='bbox 1079 4884 1219 4941; x_wconf 91' lang='lat' dir='ltr'><strong>duas</strong></span> <span class='ocrx_word' id='word_1_691' title='bbox 1251 4894 1435 4944; x_wconf 85' lang='lat' dir='ltr'><strong>tresve</strong></span> <span class='ocrx_word' id='word_1_692' title='bbox 1483 4905 1683 4946; x_wconf 87' lang='lat' dir='ltr'><strong>uxores</strong></span> <span class='ocrx_word' id='word_1_693' title='bbox 1728 4891 2037 4959; x_wconf 70' lang='lat' dir='ltr'><strong>habuerint,</strong></span> 
     </span>
    </p>
   </div>
   <div class='ocr_carea' id='block_1_92' title="bbox 2152 4427 3731 4501">
    <p class='ocr_par' dir='ltr' id='par_1_92' title="bbox 2152 4427 3731 4501">
     <span class='ocr_line' id='line_1_92' title="bbox 2152 4427 3731 4501; baseline -0.001 -19"><span class='ocrx_word' id='word_1_694' title='bbox 2152 4427 2423 4498; x_wconf 76' lang='grc' dir='ltr'>συζυγιῶν</span> <span class='ocrx_word' id='word_1_695' title='bbox 2476 4430 2833 4501; x_wconf 82' lang='grc' dir='ltr'>κεκτημένων</span> <span class='ocrx_word' id='word_1_696' title='bbox 2882 4432 2912 4485; x_wconf 85' lang='grc' dir='ltr'>ὁ</span> <span class='ocrx_word' id='word_1_697' title='bbox 2946 4428 3152 4493; x_wconf 86' lang='grc' dir='ltr'>δίκαιος</span> <span class='ocrx_word' id='word_1_698' title='bbox 3184 4429 3361 4499; x_wconf 75' lang='grc' dir='ltr'>ὁρίζει</span> <span class='ocrx_word' id='word_1_699' title='bbox 3401 4428 3591 4498; x_wconf 85' lang='grc' dir='ltr'>λόγος,</span> <span class='ocrx_word' id='word_1_700' title='bbox 3618 4431 3731 4486; x_wconf 66' lang='grc' dir='ltr'><strong>ἐὸλὰ</strong></span> 
     </span>
    </p>
   </div>
   <div class='ocr_carea' id='block_1_93' title="bbox 2148 4520 3730 4595">
    <p class='ocr_par' dir='ltr' id='par_1_93' title="bbox 2148 4520 3730 4595">
     <span class='ocr_line' id='line_1_93' title="bbox 2148 4520 3730 4595; baseline 0.002 -22"><span class='ocrx_word' id='word_1_701' title='bbox 2148 4521 2289 4595; x_wconf 79' lang='grc' dir='ltr'>ἀνὴρ</span> <span class='ocrx_word' id='word_1_702' title='bbox 2317 4520 2489 4591; x_wconf 73' lang='grc' dir='ltr'>γυνὴθ</span> <span class='ocrx_word' id='word_1_703' title='bbox 2508 4521 2801 4574; x_wconf 74' lang='grc' dir='ltr'>ὲπιτοαυτδ</span> <span class='ocrx_word' id='word_1_704' title='bbox 2823 4520 2923 4576; x_wconf 71' lang='grc' dir='ltr'>ἕνα</span> <span class='ocrx_word' id='word_1_705' title='bbox 2950 4521 3087 4592; x_wconf 81' lang='grc' dir='ltr'>πρὸς</span> <span class='ocrx_word' id='word_1_706' title='bbox 3116 4520 3215 4593; x_wconf 74' lang='grc' dir='ltr'>τὴν</span> <span class='ocrx_word' id='word_1_707' title='bbox 3258 4522 3395 4591; x_wconf 81' lang='grc' dir='ltr'>μίαν</span> <span class='ocrx_word' id='word_1_708' title='bbox 3420 4540 3435 4553; x_wconf 75' lang='grc' dir='ltr'><strong>ο</strong></span> <span class='ocrx_word' id='word_1_709' title='bbox 3462 4523 3547 4586; x_wconf 80' lang='grc' dir='ltr'>ὡς</span> <span class='ocrx_word' id='word_1_710' title='bbox 3581 4524 3730 4591; x_wconf 67' lang='grc' dir='ltr'><strong>’Δδὲμ</strong></span> 
     </span>
    </p>
   </div>
   <div class='ocr_carea' id='block_1_94' title="bbox 2149 4613 3727 4687">
    <p class='ocr_par' dir='ltr' id='par_1_94' title="bbox 2149 4613 3727 4687">
     <span class='ocr_line' id='line_1_94' title="bbox 2149 4613 3727 4687; baseline 0.005 -22"><span class='ocrx_word' id='word_1_711' title='bbox 2149 4613 2284 4686; x_wconf 78' lang='grc' dir='ltr'>πρὸς</span> <span class='ocrx_word' id='word_1_712' title='bbox 2314 4613 2410 4684; x_wconf 79' lang='grc' dir='ltr'>τὴν</span> <span class='ocrx_word' id='word_1_713' title='bbox 2440 4614 2607 4677; x_wconf 75' lang='grc' dir='ltr'>Εὔαν,</span> <span class='ocrx_word' id='word_1_714' title='bbox 2635 4615 2711 4678; x_wconf 86' lang='grc' dir='ltr'><strong>ὼς</strong></span> <span class='ocrx_word' id='word_1_715' title='bbox 2752 4615 2938 4685; x_wconf 57' lang='lat' dir='ltr'><strong>saepe:</strong></span> <span class='ocrx_word' id='word_1_716' title='bbox 2972 4614 3108 4685; x_wconf 81' lang='grc' dir='ltr'>πρὸς</span> <span class='ocrx_word' id='word_1_717' title='bbox 3151 4614 3243 4669; x_wconf 83' lang='grc' dir='ltr'>τὸν</span> <span class='ocrx_word' id='word_1_718' title='bbox 3295 4615 3560 4687; x_wconf 75' lang='grc' dir='ltr'>Ἀϐραὰμ.</span> <span class='ocrx_word' id='word_1_719' title='bbox 3585 4614 3727 4685; x_wconf 67' lang='grc' dir='ltr'>εἶχεν.</span> 
     </span>
    </p>
   </div>
   <div class='ocr_carea' id='block_1_95' title="bbox 2146 4704 3729 4778">
    <p class='ocr_par' dir='ltr' id='par_1_95' title="bbox 2146 4704 3729 4778">
     <span class='ocr_line' id='line_1_95' title="bbox 2146 4704 3729 4778; baseline 0.001 -20"><span class='ocrx_word' id='word_1_720' title='bbox 2146 4704 2221 4768; x_wconf 81' lang='grc' dir='ltr'><strong>ὡς</strong></span> <span class='ocrx_word' id='word_1_721' title='bbox 2263 4705 2526 4761; x_wconf 78' lang='grc' dir='ltr'>Ῥεϐέκκα</span> <span class='ocrx_word' id='word_1_722' title='bbox 2550 4706 2631 4775; x_wconf 82' lang='grc' dir='ltr'>τῷ</span> <span class='ocrx_word' id='word_1_723' title='bbox 2659 4705 2845 4761; x_wconf 78' lang='grc' dir='ltr'>Ἰσαὰκ</span> <span class='ocrx_word' id='word_1_724' title='bbox 2864 4707 3122 4777; x_wconf 84' lang='grc' dir='ltr'>συνῆπτο.</span> <span class='ocrx_word' id='word_1_725' title='bbox 3148 4708 3210 4761; x_wconf 83' lang='lat' dir='ltr'><strong>El</strong></span> <span class='ocrx_word' id='word_1_726' title='bbox 3231 4709 3343 4778; x_wconf 82' lang='grc' dir='ltr'>γὰρ</span> <span class='ocrx_word' id='word_1_727' title='bbox 3363 4710 3461 4762; x_wconf 85' lang='grc' dir='ltr'><strong>καί</strong></span> <span class='ocrx_word' id='word_1_728' title='bbox 3478 4726 3623 4771; x_wconf 83' lang='grc' dir='ltr'>τινες</span> <span class='ocrx_word' id='word_1_729' title='bbox 3638 4710 3729 4761; x_wconf 63' lang='grc' dir='ltr'>τῶν</span> 
     </span>
    </p>
   </div>
   <div class='ocr_carea' id='block_1_96' title="bbox 2147 4797 3725 4870">
    <p class='ocr_par' dir='ltr' id='par_1_96' title="bbox 2147 4797 3725 4870">
     <span class='ocr_line' id='line_1_96' title="bbox 2147 4797 3725 4870; baseline 0.001 -20"><span class='ocrx_word' id='word_1_730' title='bbox 2147 4797 2408 4869; x_wconf 81' lang='grc' dir='ltr'>Πατέρων</span> <span class='ocrx_word' id='word_1_731' title='bbox 2461 4797 2556 4852; x_wconf 89' lang='grc' dir='ltr'>δύο</span> <span class='ocrx_word' id='word_1_732' title='bbox 2589 4799 2684 4851; x_wconf 71' lang='grc' dir='ltr'>καὶ</span> <span class='ocrx_word' id='word_1_733' title='bbox 2713 4801 2859 4869; x_wconf 79' lang='grc' dir='ltr'>τρεῖς</span> <span class='ocrx_word' id='word_1_734' title='bbox 2891 4800 3153 4868; x_wconf 84' lang='grc' dir='ltr'>γυναῖκας</span> <span class='ocrx_word' id='word_1_735' title='bbox 3184 4801 3519 4870; x_wconf 74' lang='grc' dir='ltr'>ἐσχήκασιν,</span> <span class='ocrx_word' id='word_1_736' title='bbox 3552 4803 3647 4854; x_wconf 76' lang='grc' dir='ltr'>οὐκ</span> <span class='ocrx_word' id='word_1_737' title='bbox 3681 4802 3725 4851; x_wconf 76' lang='lat' dir='ltr'><strong>iv</strong></span> 
     </span>
    </p>
   </div>
   <div class='ocr_carea' id='block_1_97' title="bbox 2145 4886 3725 4963">
    <p class='ocr_par' dir='ltr' id='par_1_97' title="bbox 2145 4886 3725 4963">
     <span class='ocr_line' id='line_1_97' title="bbox 2145 4886 3725 4963; baseline -0.001 -21"><span class='ocrx_word' id='word_1_738' title='bbox 2145 4890 2245 4961; x_wconf 81' lang='grc' dir='ltr'><strong>μιᾷ</strong></span> <span class='ocrx_word' id='word_1_739' title='bbox 2269 4889 2417 4960; x_wconf 74' lang='grc' dir='ltr'>οἰκίᾳ</span> <span class='ocrx_word' id='word_1_740' title='bbox 2443 4891 2497 4944; x_wconf 81' lang='grc' dir='ltr'>αἱ</span> <span class='ocrx_word' id='word_1_741' title='bbox 2531 4894 2789 4958; x_wconf 83' lang='grc' dir='ltr'>γυναῖκες</span> <span class='ocrx_word' id='word_1_742' title='bbox 2822 4886 2984 4962; x_wconf 83' lang='grc' dir='ltr'>ἦσαν.</span> <span class='ocrx_word' id='word_1_743' title='bbox 3010 4892 3227 4963; x_wconf 84' lang='grc' dir='ltr'>Χοίρων</span> <span class='ocrx_word' id='word_1_744' title='bbox 3263 4892 3378 4963; x_wconf 82' lang='grc' dir='ltr'>γὰρ</span> <span class='ocrx_word' id='word_1_745' title='bbox 3411 4893 3475 4947; x_wconf 81' lang='grc' dir='ltr'>τὸ</span> <span class='ocrx_word' id='word_1_746' title='bbox 3505 4893 3725 4947; x_wconf 51' lang='lat'><strong>10:05?”</strong></span> 
     </span>
    </p>
   </div>
   <div class='ocr_carea' id='block_1_98' title="bbox 455 4969 2041 5055">
    <p class='ocr_par' dir='ltr' id='par_1_98' title="bbox 455 4969 2039 5054">
     <span class='ocr_line' id='line_1_98' title="bbox 455 4969 2039 5054; baseline 0.011 -30"><span class='ocrx_word' id='word_1_747' title='bbox 455 4985 563 5025; x_wconf 90' lang='lat' dir='ltr'><strong>non</strong></span> <span class='ocrx_word' id='word_1_748' title='bbox 590 4969 647 5025; x_wconf 90' lang='lat' dir='ltr'><strong>in</strong></span> <span class='ocrx_word' id='word_1_749' title='bbox 689 4970 881 5027; x_wconf 86' lang='lat' dir='ltr'><strong>eadem</strong></span> <span class='ocrx_word' id='word_1_750' title='bbox 910 4972 1016 5029; x_wconf 59' lang='lat' dir='ltr'><strong>illa‘.</strong></span> <span class='ocrx_word' id='word_1_751' title='bbox 1040 4973 1204 5030; x_wconf 90' lang='lat' dir='ltr'><strong>domo</strong></span> <span class='ocrx_word' id='word_1_752' title='bbox 1239 4975 1481 5035; x_wconf 83' lang='lat' dir='ltr'><strong>fuerunt.</strong></span> <span class='ocrx_word' id='word_1_753' title='bbox 1520 4979 1652 5034; x_wconf 74' lang='lat' dir='ltr'><strong>Nam</strong></span> <span class='ocrx_word' id='word_1_754' title='bbox 1689 4981 1803 5037; x_wconf 61' lang='lat' dir='ltr'><strong>haec</strong></span> <span class='ocrx_word' id='word_1_755' title='bbox 1834 4984 2039 5054; x_wconf 84' lang='lat' dir='ltr'><strong>alioqui</strong></span> 
     </span>
    </p>
   </div>
   <div class='ocr_carea' id='block_1_99' title="bbox 2156 4969 3721 5055">
    <p class='ocr_par' dir='ltr' id='par_1_99' title="bbox 2156 4976 3721 5055">
     <span class='ocr_line' id='line_1_99' title="bbox 2156 4976 3721 5055; baseline 0.003 -20"><span class='ocrx_word' id='word_1_756' title='bbox 2156 4978 2301 5049; x_wconf 77' lang='grc' dir='ltr'>εἶδος,</span> <span class='ocrx_word' id='word_1_757' title='bbox 2326 4983 2420 5036; x_wconf 74' lang='grc' dir='ltr'>καὶ</span> <span class='ocrx_word' id='word_1_758' title='bbox 2445 4982 2659 5051; x_wconf 79' lang='grc' dir='ltr'>κτηνῶν</span> <span class='ocrx_word' id='word_1_759' title='bbox 2689 4984 2722 5053; x_wconf 84' lang='grc' dir='ltr'>ἡ</span> <span class='ocrx_word' id='word_1_760' title='bbox 2757 4982 2981 5053; x_wconf 86' lang='grc' dir='ltr'>τοιαύτη</span> <span class='ocrx_word' id='word_1_761' title='bbox 3013 4984 3299 5053; x_wconf 78' lang='grc' dir='ltr'>συνάφεια.</span> <span class='ocrx_word' id='word_1_762' title='bbox 3329 4976 3502 5038; x_wconf 75' lang='grc' dir='ltr'>Οὗτοι</span> <span class='ocrx_word' id='word_1_763' title='bbox 3523 4986 3578 5039; x_wconf 77' lang='grc' dir='ltr'><strong>δὲ</strong></span> <span class='ocrx_word' id='word_1_764' title='bbox 3603 4985 3721 5055; x_wconf 70' lang='grc' dir='ltr'>μᾶλ-</span> 
     </span>
    </p>
   </div>
   <div class='ocr_carea' id='block_1_100' title="bbox 454 5065 2039 5146">
    <p class='ocr_par' dir='ltr' id='par_1_100' title="bbox 454 5065 2039 5146">
     <span class='ocr_line' id='line_1_100' title="bbox 454 5065 2039 5146; baseline 0.01 -28"><span class='ocrx_word' id='word_1_765' title='bbox 454 5065 627 5119; x_wconf 80' lang='lat' dir='ltr'><strong>iurma</strong></span> <span class='ocrx_word' id='word_1_766' title='bbox 659 5067 1085 5138; x_wconf 86' lang='lat' dir='ltr'><strong>conjunctioque</strong></span> <span class='ocrx_word' id='word_1_767' title='bbox 1126 5071 1308 5140; x_wconf 86' lang='lat' dir='ltr'><strong>porcis</strong></span> <span class='ocrx_word' id='word_1_768' title='bbox 1350 5088 1414 5128; x_wconf 92' lang='lat' dir='ltr'><strong>ac</strong></span> <span class='ocrx_word' id='word_1_769' title='bbox 1479 5075 1795 5146; x_wconf 42' lang='lat' dir='ltr'><strong>pecudibus.</strong></span> <span class='ocrx_word' id='word_1_770' title='bbox 1836 5094 2039 5134; x_wconf 80' lang='lat' dir='ltr'><strong>conve-</strong></span> 
     </span>
    </p>
   </div>
   <div class='ocr_carea' id='block_1_101' title="bbox 454 5156 2039 5237">
    <p class='ocr_par' dir='ltr' id='par_1_101' title="bbox 454 5156 2039 5237">
     <span class='ocr_line' id='line_1_101' title="bbox 454 5156 2039 5237; baseline 0.01 -28"><span class='ocrx_word' id='word_1_771' title='bbox 454 5158 554 5214; x_wconf 89' lang='lat' dir='ltr'><strong>nit.</strong></span> <span class='ocrx_word' id='word_1_772' title='bbox 585 5156 653 5214; x_wconf 84' lang='lat' dir='ltr'><strong>At</strong></span> <span class='ocrx_word' id='word_1_773' title='bbox 678 5159 917 5216; x_wconf 65' lang='lat' dir='ltr'><strong>haeretici</strong></span> <span class='ocrx_word' id='word_1_774' title='bbox 950 5162 1125 5217; x_wconf 92' lang='lat' dir='ltr'><strong>nostri</strong></span> <span class='ocrx_word' id='word_1_775' title='bbox 1156 5163 1421 5233; x_wconf 87' lang='lat' dir='ltr'><strong>majorem</strong></span> <span class='ocrx_word' id='word_1_776' title='bbox 1452 5167 1615 5223; x_wconf 90' lang='lat' dir='ltr'><strong>nobis</strong></span> <span class='ocrx_word' id='word_1_777' title='bbox 1641 5174 1923 5237; x_wconf 89' lang='lat' dir='ltr'><strong>stuporem</strong></span> <span class='ocrx_word' id='word_1_778' title='bbox 1953 5170 2039 5225; x_wconf 78' lang='lat' dir='ltr'><strong>ai-</strong></span> 
     </span>
    </p>
   </div>
   <div class='ocr_carea' id='block_1_102' title="bbox 454 5250 2036 5324">
    <p class='ocr_par' dir='ltr' id='par_1_102' title="bbox 454 5250 2036 5324">
     <span class='ocr_line' id='line_1_102' title="bbox 454 5250 2036 5324; baseline 0.009 -19"><span class='ocrx_word' id='word_1_779' title='bbox 454 5250 656 5318; x_wconf 79' lang='lat' dir='ltr'><strong>ferunt,</strong></span> <span class='ocrx_word' id='word_1_780' title='bbox 702 5254 797 5324; x_wconf 87' lang='lat' dir='ltr'><strong>qui</strong></span> <span class='ocrx_word' id='word_1_781' title='bbox 841 5269 967 5309; x_wconf 92' lang='lat' dir='ltr'><strong>cum</strong></span> <span class='ocrx_word' id='word_1_782' title='bbox 1002 5256 1142 5312; x_wconf 89' lang='lat' dir='ltr'><strong>nihil</strong></span> <span class='ocrx_word' id='word_1_783' title='bbox 1192 5273 1254 5314; x_wconf 88' lang='lat' dir='ltr'><strong>se</strong></span> <span class='ocrx_word' id='word_1_784' title='bbox 1300 5274 1425 5313; x_wconf 89' lang='lat' dir='ltr'><strong>cum</strong></span> <span class='ocrx_word' id='word_1_785' title='bbox 1465 5260 1791 5318; x_wconf 89' lang='lat' dir='ltr'><strong>mulieribus</strong></span> <span class='ocrx_word' id='word_1_786' title='bbox 1832 5262 2036 5319; x_wconf 87' lang='lat' dir='ltr'><strong>habere</strong></span> 
     </span>
    </p>
   </div>
   <div class='ocr_carea' id='block_1_103' title="bbox 451 5349 2034 5424">
    <p class='ocr_par' dir='ltr' id='par_1_103' title="bbox 451 5349 2034 5424">
     <span class='ocr_line' id='line_1_103' title="bbox 451 5349 2034 5424; baseline 0.007 -28"><span class='ocrx_word' id='word_1_787' title='bbox 451 5358 741 5401; x_wconf 88' lang='lat' dir='ltr'><strong>commune</strong></span> <span class='ocrx_word' id='word_1_788' title='bbox 788 5349 1180 5419; x_wconf 82' lang='lat' dir='ltr'><strong>proﬁteantur,</strong></span> <span class='ocrx_word' id='word_1_789' title='bbox 1237 5366 1268 5406; x_wconf 91' lang='lat' dir='ltr'><strong>e</strong></span> <span class='ocrx_word' id='word_1_790' title='bbox 1314 5353 1591 5408; x_wconf 88' lang='lat' dir='ltr'><strong>contrario</strong></span> <span class='ocrx_word' id='word_1_791' title='bbox 1629 5361 1809 5408; x_wconf 86' lang='lat' dir='ltr'><strong>tamen</strong></span> <span class='ocrx_word' id='word_1_792' title='bbox 1852 5354 2034 5424; x_wconf 86' lang='lat' dir='ltr'><strong>turpia</strong></span> 
     </span>
    </p>
   </div>
   <div class='ocr_carea' id='block_1_104' title="bbox 453 5441 2034 5518">
    <p class='ocr_par' dir='ltr' id='par_1_104' title="bbox 453 5441 2034 5518">
     <span class='ocr_line' id='line_1_104' title="bbox 453 5441 2034 5518; baseline 0.009 -31"><span class='ocrx_word' id='word_1_793' title='bbox 453 5453 679 5508; x_wconf 73' lang='lat' dir='ltr'><strong>quaeque</strong></span> <span class='ocrx_word' id='word_1_794' title='bbox 703 5453 766 5494; x_wconf 88' lang='lat' dir='ltr'><strong>ac</strong></span> <span class='ocrx_word' id='word_1_795' title='bbox 808 5441 1037 5497; x_wconf 85' lang='lat' dir='ltr'><strong>ridicula</strong></span> <span class='ocrx_word' id='word_1_796' title='bbox 1072 5443 1373 5515; x_wconf 88' lang='lat' dir='ltr'><strong>impensius</strong></span> <span class='ocrx_word' id='word_1_797' title='bbox 1399 5454 1712 5518; x_wconf 86' lang='lat' dir='ltr'><strong>perpetrant</strong></span> <span class='ocrx_word' id='word_1_798' title='bbox 1751 5455 1806 5501; x_wconf 85' lang='lat' dir='ltr'><strong>et</strong></span> <span class='ocrx_word' id='word_1_799' title='bbox 1853 5456 2034 5501; x_wconf 80' lang='lat' dir='ltr'><strong>extre—</strong></span> 
     </span>
    </p>
   </div>
   <div class='ocr_carea' id='block_1_105' title="bbox 2138 5074 3721 5149">
    <p class='ocr_par' dir='ltr' id='par_1_105' title="bbox 2138 5074 3721 5149">
     <span class='ocr_line' id='line_1_105' title="bbox 2138 5074 3721 5149; baseline 0.001 -22"><span class='ocrx_word' id='word_1_800' title='bbox 2138 5074 2228 5128; x_wconf 86' lang='grc' dir='ltr'><strong>λον</strong></span> <span class='ocrx_word' id='word_1_801' title='bbox 2254 5076 2335 5138; x_wconf 80' lang='grc' dir='ltr'>εἰς</span> <span class='ocrx_word' id='word_1_802' title='bbox 2372 5074 2634 5145; x_wconf 77' lang='grc' dir='ltr'>ἔκπληξιν</span> <span class='ocrx_word' id='word_1_803' title='bbox 2657 5077 2803 5146; x_wconf 81' lang='grc' dir='ltr'><strong>ἡμᾶς</strong></span> <span class='ocrx_word' id='word_1_804' title='bbox 2838 5076 3207 5143; x_wconf 80' lang='grc' dir='ltr'>ἀναγκάζουσι</span> <span class='ocrx_word' id='word_1_805' title='bbox 3224 5076 3441 5149; x_wconf 80' lang='grc' dir='ltr'>φέρειν,</span> <span class='ocrx_word' id='word_1_806' title='bbox 3474 5076 3721 5145; x_wconf 73' lang='grc' dir='ltr'>ἐπαγγελ-</span> 
     </span>
    </p>
   </div>
   <div class='ocr_carea' id='block_1_106' title="bbox 2143 5168 3718 5241">
    <p class='ocr_par' dir='ltr' id='par_1_106' title="bbox 2143 5168 3718 5241">
     <span class='ocr_line' id='line_1_106' title="bbox 2143 5168 3718 5241; baseline 0 -20"><span class='ocrx_word' id='word_1_807' title='bbox 2143 5168 2386 5240; x_wconf 80' lang='grc' dir='ltr'>λομένων</span> <span class='ocrx_word' id='word_1_808' title='bbox 2418 5168 2597 5222; x_wconf 80' lang='grc' dir='ltr'>αὐτῶν</span> <span class='ocrx_word' id='word_1_809' title='bbox 2642 5169 2778 5240; x_wconf 83' lang='grc' dir='ltr'><strong>πρὸς</strong></span> <span class='ocrx_word' id='word_1_810' title='bbox 2821 5171 3087 5239; x_wconf 85' lang='grc' dir='ltr'>γυναῖκας</span> <span class='ocrx_word' id='word_1_811' title='bbox 3135 5168 3439 5239; x_wconf 74' lang='grc' dir='ltr'>συνάφειαν</span> <span class='ocrx_word' id='word_1_812' title='bbox 3477 5171 3553 5241; x_wconf 77' lang='grc' dir='ltr'><strong>μὴ</strong></span> <span class='ocrx_word' id='word_1_813' title='bbox 3575 5170 3718 5240; x_wconf 73' lang='grc' dir='ltr'>ἔχειν,</span> 
     </span>
    </p>
   </div>
   <div class='ocr_carea' id='block_1_107' title="bbox 2144 5260 3719 5335">
    <p class='ocr_par' dir='ltr' id='par_1_107' title="bbox 2144 5260 3719 5335">
     <span class='ocr_line' id='line_1_107' title="bbox 2144 5260 3719 5335; baseline -0.003 -20"><span class='ocrx_word' id='word_1_814' title='bbox 2144 5261 2452 5315; x_wconf 82' lang='grc' dir='ltr'>τούναντίον</span> <span class='ocrx_word' id='word_1_815' title='bbox 2506 5261 2712 5333; x_wconf 84' lang='grc' dir='ltr'>μᾶλλον</span> <span class='ocrx_word' id='word_1_816' title='bbox 2768 5264 2866 5335; x_wconf 83' lang='grc' dir='ltr'>τὴν</span> <span class='ocrx_word' id='word_1_817' title='bbox 2900 5260 3100 5333; x_wconf 88' lang='grc' dir='ltr'>χλεύην</span> <span class='ocrx_word' id='word_1_818' title='bbox 3150 5261 3615 5334; x_wconf 78' lang='grc' dir='ltr'>ἀπεργαζόμενα,</span> <span class='ocrx_word' id='word_1_819' title='bbox 3641 5261 3719 5315; x_wconf 70' lang='grc' dir='ltr'>καὶ</span> 
     </span>
    </p>
   </div>
   <div class='ocr_carea' id='block_1_108' title="bbox 2143 5354 3715 5426">
    <p class='ocr_par' dir='ltr' id='par_1_108' title="bbox 2143 5354 3715 5426">
     <span class='ocr_line' id='line_1_108' title="bbox 2143 5354 3715 5426; baseline -0.001 -20"><span class='ocrx_word' id='word_1_820' title='bbox 2143 5354 2241 5425; x_wconf 78' lang='grc' dir='ltr'>τὴν</span> <span class='ocrx_word' id='word_1_821' title='bbox 2281 5354 2491 5408; x_wconf 81' lang='grc' dir='ltr'>τελείαν</span> <span class='ocrx_word' id='word_1_822' title='bbox 2551 5354 2732 5410; x_wconf 78' lang='grc' dir='ltr'>αὐτῶν</span> <span class='ocrx_word' id='word_1_823' title='bbox 2784 5355 3181 5426; x_wconf 80' lang='grc' dir='ltr'>ἐνδεικνύμενοι</span> <span class='ocrx_word' id='word_1_824' title='bbox 3222 5355 3513 5425; x_wconf 73' lang='grc' dir='ltr'>αἰσχύνην.</span> <span class='ocrx_word' id='word_1_825' title='bbox 3543 5355 3715 5421; x_wconf 67' lang='grc' dir='ltr'>Εἱγὲρ</span> 
     </span>
    </p>
   </div>
   <div class='ocr_carea' id='block_1_109' title="bbox 2146 5445 3713 5521">
    <p class='ocr_par' dir='ltr' id='par_1_109' title="bbox 2146 5445 3713 5521">
     <span class='ocr_line' id='line_1_109' title="bbox 2146 5445 3713 5521; baseline -0.011 -4"><span class='ocrx_word' id='word_1_826' title='bbox 2146 5448 2238 5502; x_wconf 51' lang='grc' dir='ltr'>καὶ</span> <span class='ocrx_word' id='word_1_827' title='bbox 2272 5448 2518 5519; x_wconf 78' lang='grc' dir='ltr'>γαμετὰς</span> <span class='ocrx_word' id='word_1_828' title='bbox 2547 5445 2690 5519; x_wconf 60' lang='grc' dir='ltr'>εἶχον</span> <span class='ocrx_word' id='word_1_829' title='bbox 2718 5451 2765 5501; x_wconf 86' lang='grc' dir='ltr'><strong>οί</strong></span> <span class='ocrx_word' id='word_1_830' title='bbox 2794 5448 3046 5511; x_wconf 84' lang='grc' dir='ltr'>τοιοῦτοι,</span> <span class='ocrx_word' id='word_1_831' title='bbox 3074 5448 3374 5521; x_wconf 76' lang='grc' dir='ltr'>σποράδην,</span> <span class='ocrx_word' id='word_1_832' title='bbox 3402 5449 3505 5502; x_wconf 69' lang='grc' dir='ltr'>οὐκ</span> <span class='ocrx_word' id='word_1_833' title='bbox 3538 5447 3713 5516; x_wconf 51' lang='lat' dir='ltr'><strong>ﬁnali</strong></span> 
     </span>
    </p>
   </div>
   <div class='ocr_carea' id='block_1_110' title="bbox 526 5688 2041 5777">
    <p class='ocr_par' dir='ltr' id='par_1_110' title="bbox 526 5688 2028 5777">
     <span class='ocr_line' id='line_1_110' title="bbox 526 5688 2028 5777; baseline 0.014 -37"><span class='ocrx_word' id='word_1_834' title='bbox 526 5688 735 5777; x_wconf 54' lang='lat' dir='ltr'><strong>&#39;IC‘M&#39;.</strong></span> <span class='ocrx_word' id='word_1_835' title='bbox 767 5708 848 5775; x_wconf 27' lang='grc' dir='ltr'>νει,</span> <span class='ocrx_word' id='word_1_836' title='bbox 884 5695 966 5777; x_wconf 47' lang='grc'>1⁸4.</span> <span class='ocrx_word' id='word_1_837' title='bbox 1035 5699 1052 5726; x_wconf 81' lang='grc'>¹</span> <span class='ocrx_word' id='word_1_838' title='bbox 1098 5700 1335 5755; x_wconf 41' lang='lat'><strong>“£11.19.</strong></span> <span class='ocrx_word' id='word_1_839' title='bbox 1403 5703 1418 5731; x_wconf 76' lang='grc'>⁸</span> <span class='ocrx_word' id='word_1_840' title='bbox 1452 5702 1510 5758; x_wconf 74' lang='grc' dir='ltr'><strong>ῐ⁷.</strong></span> <span class='ocrx_word' id='word_1_841' title='bbox 1541 5706 2028 5777; x_wconf 48' lang='grc' dir='ltr'>κατακεκλεῖσθαι.</span> 
     </span>
    </p>
   </div>
   <div class='ocr_carea' id='block_1_111' title="bbox 2156 5688 3699 5777">
    <p class='ocr_par' dir='ltr' id='par_1_111' title="bbox 2156 5702 3699 5776">
     <span class='ocr_line' id='line_1_111' title="bbox 2156 5702 3699 5776; baseline -0.005 -18"><span class='ocrx_word' id='word_1_842' title='bbox 2156 5704 2205 5759; x_wconf 66' lang='grc'><strong>[⁵.</strong></span> <span class='ocrx_word' id='word_1_843' title='bbox 2242 5706 2453 5776; x_wconf 65' lang='grc' dir='ltr'>ἤγοντο.</span> <span class='ocrx_word' id='word_1_844' title='bbox 2516 5707 2533 5736; x_wconf 74' lang='grc'>⁸</span> <span class='ocrx_word' id='word_1_845' title='bbox 2572 5704 2629 5761; x_wconf 84' lang='lat' dir='ltr'><strong>F.</strong></span> <span class='ocrx_word' id='word_1_846' title='bbox 2664 5708 2942 5774; x_wconf 80' lang='grc' dir='ltr'>γυναῖκας.</span> <span class='ocrx_word' id='word_1_847' title='bbox 3013 5705 3031 5733; x_wconf 73' lang='grc'><strong>⁸</strong></span> <span class='ocrx_word' id='word_1_848' title='bbox 3078 5702 3134 5758; x_wconf 86' lang='lat' dir='ltr'><strong>F.</strong></span> <span class='ocrx_word' id='word_1_849' title='bbox 3190 5702 3278 5756; x_wconf 63' lang='lat'><strong>&#39;49.&quot;</strong></span> <span class='ocrx_word' id='word_1_850' title='bbox 3325 5706 3482 5775; x_wconf 52' lang='grc' dir='ltr'>γυνή.</span> <span class='ocrx_word' id='word_1_851' title='bbox 3515 5703 3567 5755; x_wconf 82' lang='lat' dir='ltr'><strong>Et</strong></span> <span class='ocrx_word' id='word_1_852' title='bbox 3598 5716 3699 5755; x_wconf 75' lang='lat' dir='ltr'><strong>mm</strong></span> 
     </span>
    </p>
   </div>
   <div class='ocr_carea' id='block_1_112' title="bbox 452 5751 999 5832">
    <p class='ocr_par' dir='ltr' id='par_1_112' title="bbox 452 5751 999 5832">
     <span class='ocr_line' id='line_1_112' title="bbox 452 5751 999 5832; baseline 0.016 -23"><span class='ocrx_word' id='word_1_853' title='bbox 452 5751 530 5822; x_wconf 76' lang='grc' dir='ltr'>εἷς</span> <span class='ocrx_word' id='word_1_854' title='bbox 562 5759 698 5832; x_wconf 75' lang='grc' dir='ltr'>πρὸς</span> <span class='ocrx_word' id='word_1_855' title='bbox 727 5762 823 5832; x_wconf 70' lang='grc' dir='ltr'>τὴν</span> <span class='ocrx_word' id='word_1_856' title='bbox 836 5751 999 5832; x_wconf 57' lang='grc' dir='ltr'>μίαν.</span> 
     </span>
    </p>
   </div>
  </div>
