3810 6216
68 230 184 288 7‘39
726 233 1097 291 ADVERSUS
1134 234 1480 291 ΗᾸΞΒΕΞΕΒ
1517 235 1601 293 Lll

1821 239 1986 297 ΤΟΜ.
2028 243 2093 297 ll.
2135 274 2203 283 —
2242 239 2517 299 HIERES.
2560 244 2775 301 LXXX.
3266 248 3368 305 770

62 350 280 416 ταύτας
313 338 891 425 ὤφειλονκειιτῆσθαι.
927 353 993 406 Et
1031 353 1089 406 δὲ
1120 354 1214 409 καὶ
1245 354 1382 408 είσὶν
1412 356 1470 407 ὲν
1505 355 1601 422 συζ

1799 372 1916 412 nam
1945 373 2100 414 suam
2133 357 2493 430 ignominiam
2524 361 2849 419 ostendunt.
2880 360 3099 420 Etenim
3140 364 3186 419 si
3231 381 3375 423 uxo-.

60 441 191 511 τίς.
220 441 324 495 οὐκ
368 441 475 494 ἔδει
512 441 708 505 αὐτοὺς
739 440 800 495 τὺ
824 442 887 495 ἐκ
909 441 1046 495 Θεοῦ
1078 442 1444 514 καταδειχθὲν,
1478 443 1601 517 ἀνδρ

1799 463 1877 503 res
1908 448 2173 506 haberem
2205 450 2306 514 illi,
2355 452 2669 525 separatim.
2683 467 2789 508 non
2817 455 3130 524 promiscue
3160 456 3364 514 habere

66 532 213 602 πρὸς
256 532 499 601 ιγυναῖκα
554 533 875 601 συνάφειαν,
930 532 1068 603 μετά
1107 533 1543 607 εὐσχημοσύνης,
1574 553 1601 589 κ

1800 541 1902 597 llas
1942 543 2257 613 oportebat.
2308 543 2391 610 Si,
2442 544 2694 615 inquam,
2730 546 2991 619 coniugio
3033 557 3222 607 essent
3266 551 3365 607 eb-

65 626 430 695 σεμνὸτητος,
466 627 559 679 καὶ
586 627 925 698 ἐπιστήμης,
958 629 1053 680 καὶ
1090 628 1150 692 ἐξ
1184 627 1321 692 ἰδίας
1355 627 1600 702 ὲλευθερί

1799 634 1986 703 ιιιὶοιί,
2015 635 2173 691 nefas
2220 644 2343 692 erat
2366 636 2470 692 viri
2505 652 2632 693 cum
2665 639 2895 696 muliere
2934 643 3361 712 copulationem,

60 718 163 769 ἐπὶ
196 717 262 770 τὸ
305 717 467 787 μέσον
491 717 758 789 φέροντας
778 724 1051 790 φωρᾶσαι.
1082 721 1143 774 Et
1170 719 1225 772 δὲ
1250 724 1343 774 καὶ
1365 721 1667 794 ἀπέσχοντο

60 808 354 875 γυναικῶν
408 811 465 863 ὲν
518 810 711 882 ἁγνείᾳ
736 811 882 874 τινὲς
916 811 1068 876 ὄντες
1110 813 1201 865 καὶ
1243 814 1302 867 έν
1341 814 1663 887 ἐγκρατείᾳ.
1695 888 1701 893 ,

58 901 370 972 ἐξύϐρισαν
424 901 485 955 τὸ
526 902 734 956 δίκαιον
761 902 847 957 διὰ
885 903 985 974 τῆς
1017 905 1297 974 ἀνοησίας,
1348 907 1527 961 καὶτὸ
1566 907 1665 975 τῆς

55 994 277 1063 ἀρετῆς
311 994 609 1065 πολίτευμα
635 994 723 1049 διὰ
747 995 847 1067 τῆς
882 997 941 1049 ὲν
980 996 1259 1069 ἀφροσύνῃ
1294 997 1548 1066 ἀφειδοῦς
1574 999 1665 1071 ἐρ-

56 1088 272 1153 γασίας
296 1102 309 1116 ·
339 1088 399 1141 οὐ
443 1088 551 1141 τῶν
590 1089 903 1142 ἀποστόλων
950 1088 1113 1144 τοῦτο
1165 1091 1548 1163 πεπραχότων,
1597 1093 1659 1144 οὐ

56 1180 181 1233 τῶν
225 1181 331 1252 πρὸ
376 1180 483 1234 τῶν
512 1181 826 1234 ἀποστόλων
866 1181 1161 1253 προφητῶν
1193 1184 1353 1237 τοῦτο
1395 1182 1659 1249 διαταξα-

60 1272 274 1337 μένων.

1775 742 1939 797 quam
1971 727 2116 785 Deus
2153 744 2279 786 cum
2314 731 2467 786 omni
2505 732 2796 799 modestia,
2825 735 3096 804 gravitate
3154 736 3363 808 1075

1773 833 1837 873 ac
1878 819 2166 890 prudentia
2206 821 2556 893 coniunctam
2601 823 2865 888 instituit,
2905 834 3102 895 sponte
3155 842 3253 883 sua
3308 828 3362 881 in

1778 911 2019 967 medium
2052 913 2302 983 proferre
2351 928 2416 970 ac
2468 914 2797 986 patefacere.
2838 914 3048 983 Quodsi
3094 932 3124 971 a
3166 919 3359 973 mulie-

1773 1004 1926 1060 ribus
1959 1006 2238 1062 abstinent
2265 1008 2541 1074 nonnulli,
2586 1007 2681 1079 qui
2714 1009 3100 1065 castimoniam
3150 1009 3256 1065 sibi
3297 1024 3361 1066 ac

1770 1099 2189 1167 temperantiam
2240 1100 2561 1173 indixerint,
2616 1116 2784 1170 quam
2844 1102 3048 1157 habent
3089 1100 3360 1171 justitiam

1770 1202 1866 1257 per
1896 1205 2169 1245 summam
2199 1191 2557 1247 stoliditatem
2596 1200 2651 1247 et
2685 1193 2934 1248 honestas
2965 1194 3092 1248 vita:
3116 1192 3363 1266 discipli-

1772 1295 1920 1347 nam,
1958 1297 2056 1353 per
2096 1284 2566 1341 inconsideratam
2599 1286 2745 1340 illam
2782 1300 3154 1357 vesanamque
3190 1286 3360 1342 licen~

56 1367 199 1416 tiam
235 1363 598 1434 ignominiose
641 1363 976 1420 traducunt;
1007 1366 1145 1421 nihil
1188 1366 1334 1423 enim
1378 1366 1651 1438 ejusmodi
1686 1380 1781 1426 aut
1829 1376 2066 1445 apostoli
2138 1392 2384 1447 unquam
2438 1376 2712 1444 fecerunt,
2774 1384 2869 1432 aut
2912 1385 3039 1433 ante
3082 1379 3358 1448 apostolos

56 1458 351 1527 prophetae
377 1459 803 1516 constituerunt.

136 1553 222 1607 8'.
246 1555 487 1627 Μωῦσῆς
502 1556 634 1625 γοῦν
649 1557 785 1631 ὲντῇ
812 1560 1030 1632 ἐρήμῳ,
1047 1559 1336 1616 ἀναλαϐὼν
1363 1560 1464 1633 τὴν
1484 1562 1657 1635 ὑμνη-

1839 1560 1933 1617 IX.
1962 1560 2075 1617 lino
2113 1577 2241 1619 vero
2292 1562 2511 1636 Moyses
2562 1564 2617 1619 in
2667 1565 2890 1621 deserto
2923 1580 3144 1622 carmen
3193 1583 3355 1623 suum

56 1645 287 1714 γορεαν,
342 1647 457 1719 ᾄδει
498 1647 577 1719 τῷ
601 1648 721 1721 Θεῷ
750 1648 923 1723 ᾆσμα,
965 1652 1204 1707 ἀνελθὼν
1230 1652 1336 1708 ἀπὸ
1361 1654 1601 1727 θαλάσση

1800 1655 2388 1720 oncincns,canticum
2427 1658 2537 1712 Deo
2560 1655 2876 1713 modulatur
2904 1672 2934 1711 a
2970 1659 3107 1712 mari
3139 1658 3354 1730 digres-

55 1739 324 1805 φάσκων·
361 1741 635 1810 ’ᾼσωμεν
666 1740 748 1808 τῷ
776 1745 1004 1813 Κυρίῳ·
1053 1745 1317 1813 ἐνδόξως
1358 1746 1469 1816 γὰρ
1499 1747 1658 1802 δεδό-

52 1832 287 1893 ξασται
304 1848 316 1860 ·
345 1832 534 1887 ἵππον
572 1834 670 1888 καὶ
696 1835 1004 1904 ἀναϐάτην
1032 1836 1283 1907 ἓρῤιψεν
1305 1841 1393 1905 εὶς
1426 1840 1656 1895 θάλασ-

51 1940 211 1978 σαν.
253 1925 423 1996 ὐμοῦ
453 1926 509 1979 δὲ
536 1926 852 1997 ἐπεφώνουν
873 1929 1024 2000 αύτῷ
1049 1932 1098 1985 οἱ
1129 1915 1349 2004 ἄνδρες,
1368 1933 1465 1987 καὶ
1497 1933 1654 1988 οὐδα-

56 2018 174 2087 μοῦ
210 2022 466 2087 γυναῖκες
485 2037 499 2050 ο
532 2019 619 2074 ἵνα
651 2019 748 2092 τὴν
786 2020 1046 2076 εὔτακτον
1077 2023 1227 2096 δείξῃ
1264 2024 1535 2079 διάθεσινσ
1568 2027 1655 2081 ἵνα

50 2111 118 2163 τὸ
152 2112 356 2184 σεμνὸν
397 2112 497 2183 τῆς
522 2113 777 2179 εὐταξίας
807 2116 903 2170 τοῦ
933 2118 1098 2189 νόμου
1137 2117 1229 2172 τοῦ
1252 2117 1388 2172 Θεοῦ
1418 2119 1652 2192 κηρύξῃ.

50 2200 201 2258 Εἶτα
261 2204 553 2277 μετέπειτά
606 2224 773 2279 φησιο
830 2209 941 2264 Καὶ
974 2211 1255 2266 λαϐοῦσα
1304 2213 1542 2283 Μαριὰμ
1583 2213 1655 2268 τὸ

54 2299 407 2366 τύμπανον,
431 2295 579 2368 ἦρχε
596 2300 717 2355 τῶν
741 2301 1059 2371 γυναικῶν,
1075 2303 1174 2358 καὶ
1202 2303 1412 2373 ἔλεγεν
1429 2322 1441 2335 ·
1466 2306 1657 2377 ’ᾼσω-

52 2406 179 2455 μεν
230 2389 314 2457 τῷ
366 2392 566 2460 Κυρίῳ
588 2408 602 2422 ⁸
651 2392 914 2460 ἐνδόξως
967 2394 1077 2463 γὰρ
1121 2393 1499 2461 δεδόξασται.
1544 2397 1657 2452 Καὶ

50 2490 327 2554 γυναῖκες
356 2487 493 2558 ὁμοῦ
525 2486 842 2557 ἐπεφώνουν
867 2491 936 2561 τῇ
969 2490 1281 2562 ὀμοτρὸπῳ,
1307 2492 1401 2545 καὶ
1426 2491 1535 2546 ἀπὸ
1556 2490 1651 2546 τοῦ

49 2575 236 2631 αὑτοῦ
286 2578 477 2645 γένους
515 2578 864 2651 ὑπαρχούσῃ,
920 2580 1014 2633 καὶ
1066 2580 1124 2634 ἐν
1162 2598 1271 2634 τινι
1315 2582 1653 2655 προαγούσῃ,

48 2672 148 2725 διὰ
207 2671 312 2742 τὴν
359 2672 772 2742 ἀνεπιστήμονα
814 2672 909 2725 καὶ
936 2671 1035 2744 τήν
1067 2671 1382 2745 συρφετώδη
1414 2674 1654 2730 διάνοιαν

50 2765 172 2816 τῶν
218 2764 422 2834 ἀναμὶξ
463 2764 847 2835 ἐργαζομένων
880 2763 1397 2835 ὲτεροδιδασκαλίας.
1434 2768 1570 2839 Περὶ
1597 2768 1654 2822 δὲ

51 2853 163 2923 τῆς
191 2853 546 2919 ἀναστάσεὼς
598 2871 764 2926 φησιν
790 2854 820 2907 ὁ
855 2858 1176 2929 προφήτης·
1212 2855 1323 2913 Καὶ
1360 2858 1655 2927 κόψονται

52 2945 215 2998 κατὰ
252 2945 479 3014 φυλὴν,
521 2947 690 3016 φυλὴ
730 2947 1046 3004 κατέναντι
1080 2949 1319 3019 φυλῆς·
1352 2950 1521 3019 φυλὴ
1548 2950 1664 3005 τοῦ.

1765 1763 1884 1804 sus.
1919 1745 2226 1812 Cantemus,
2269 1748 2467 1818 inquit,
2504 1746 2772 1812 Domino;
2805 1748 3032 1818 gloriose
3060 1749 3202 1804 enim
3239 1767 3355 1803 ma-

1763 1840 2046 1910 gniﬁcatus
2060 1849 2138 1894 est
2160 1855 2179 1894 :
2205 1856 2396 1911 equum
2410 1851 2461 1894 et
2477 1855 2812 1895 ascensorem
2844 1838 3033 1909 dejecit
3061 1842 3117 1895 in
3137 1858 3283 1897 mare
3305 1843 3352 1897 ⁸.

1763 1932 1927 2002 Atqui
1996 1940 2113 1986 tum
2169 1932 2305 1987 viris
2360 1932 2761 1996 accinentibus,
2817 1933 3077 1989 mulieres
3124 1934 3194 1989 ab
3244 1934 3350 1989 illis

1767 2023 2080 2088 abfuerunt,
2114 2031 2174 2077 ut
2204 2024 2466 2094 pudorem
2527 2022 2969 2093 modestiamque
3001 2022 3351 2078 demonstra-

1766 2125 1870 2184 ret,
1914 2125 2059 2174 etut
2091 2117 2289 2173 divina
2322 2116 2463 2187 legis
2517 2114 2837 2187 gravitatem
2891 2129 2958 2169 ac
3003 2113 3350 2184 disciplinam

1765 2212 2098 2267 ostenderet.
2132 2209 2317 2281 Pergit
2342 2222 2474 2264 vero
2495 2208 2736 2265 deinde:
2772 2205 2954 2262 Maria
3000 2222 3160 2277 porro
3215 2217 3353 2278 tym-

1763 2320 1963 2376 panum
2026 2318 2275 2366 suntens,
2336 2301 2560 2371 pra'ibat
2620 2296 2930 2354 mulieribus
2986 2306 3036 2351 et
3095 2297 3305 2352 dicebat
3334 2314 3352 2351 :
3446 2358 3449 2361 _

1765 2395 2051 2453 Cantemus
2083 2394 2330 2458 Domino,
2366 2393 2595 2464 gloriose
2621 2392 2762 2446 enim
2804 2390 3177 2461 magniﬁcatus
3205 2400 3281 2445 est
3307 2391 3351 2449 ⁸.

1763 2487 1865 2543 Cui
1912 2486 2170 2542 mulieres
2212 2485 2331 2556 pari
2385 2484 2550 2539 modo
2608 2480 2990 2545 succinebant,
3047 2494 3169 2551 quae
3197 2488 3250 2536 et
3286 2495 3351 2535 ex

1762 2584 1953 2641 eodem
1993 2590 2111 2638 erat
2144 2595 2363 2652 genere,
2395 2587 2448 2634 et
2485 2576 2894 2648 quodammodo
2927 2588 3097 2644 supra
3124 2582 3352 2629 caeteras

1762 2675 2057 2740 eminebat,
2094 2680 2153 2728 ut
2183 2672 2268 2728 vel
2298 2688 2363 2727 ex
2396 2669 2952 2739 lme-nnoimperitum
2982 2676 3051 2723 ac
3080 2665 3349 2738 plebeium

1763 2770 1980 2824 illorum
2039 2764 2329 2821 consilium
2380 2764 2809 2830 institutumque
2872 2757 3197 2823 refellatur,
3255 2760 3350 2828 qui

1762 2859 2034 2932 peregrini
2061 2857 2338 2928 dogmatis
2380 2855 2634 2926 pudenda
2667 2854 2758 2907 illa
2799 2863 2865 2906 ae
2898 2850 3109 2906 nefaria
3148 2864 3348 2920 perpe-

1763 2962 1932 3008 trant.
1964 2950 2044 3006 Ad
2069 2950 2184 3005 haec
2214 2949 2281 3004 de
2313 2946 2718 3003 resurrectione
2756 2944 3021 3015 propheta
3054 2944 3137 2999 sic
3165 2944 3347 3014 loqui-

52 3035 272 3093 Νάθαν
309 3040 437 3093 καθ’
470 3038 718 3107 ἑαυτὴν,
752 3041 850 3094 καὶ
885 3042 946 3095 αι
991 3041 1273 3111 γυναῖκες
1296 3041 1498 3097 αὐτῶν
1522 3060 1598 3097 κα

1799 3061 1847 3101 ιι·
1878 3065 1891 3100 :
1927 3042 1996 3098 Et
2034 3040 2282 3114 plangent
2338 3039 2624 3094 tributim:
2660 3037 2833 3091 tribus
2874 3052 2939 3091 ea:
2986 3035 3206 3090 adverso
3249 3038 3348 3089 tri-

53 3129 319 3197 ἑαυτάς·
374 3131 543 3200 φυλὴ
606 3133 715 3188 τοῦ
750 3132 939 3188 Ἰούδα
986 3134 1117 3189 καθ’
1158 3134 1404 3204 ἑαυτὴν,
1451 3136 1550 3190 καί
1590 3139 1651 3190 at

54 3222 347 3293 γυναῖκες
391 3222 593 3278 αὐτῶν
644 3226 773 3281 καθ’
800 3226 1035 3294 ἑαυτὰς.
1070 3228 1163 3282 καὶ
1192 3227 1258 3281 τὰ
1302 3228 1448 3300 ἑξῆς.
1496 3228 1655 3282 Οὕτω

54 3316 156 3369 καὶ
172 3317 222 3368 oi
252 3315 543 3370 ἀπόστολοι
558 3316 905 3371 διατάσσουσι
927 3320 993 3390 τῇ
1029 3318 1326 3391 Ἐκκλησία
1345 3333 1358 3349 ·
1392 3317 1538 3373 οὕτω
1558 3319 1653 3373 καὶ

53 3410 84 3460 6
131 3407 343 3479 Κύριος
381 3407 625 3475 διέταξεν
672 3410 731 3461 ἐν
778 3408 859 3480 τῷ
904 3409 1242 3482 Εὑαγγελίῳ,
1287 3410 1399 3464 ἀπὸ
1431 3412 1562 3481 μιᾶς
1593 3411 1654 3463 τὸ

55 3500 374 3571 ὑπόδειγμα
402 3503 533 3572 ἡμῖν
563 3500 871 3573 κηρύττων,
895 3506 1075 3574 φήσας
1109 3507 1176 3575 τῇ
1219 3504 1386 3575 μητρὶ
1417 3501 1584 3557 αὐτοῦ
1611 3504 1650 3568 ⁸,

54 3591 158 3657 Μή
175 3610 299 3663 μου
331 3592 545 3647 ἅπτου.
599 3594 776 3647 Οὔπω
813 3594 924 3664 γὰρ
970 3593 1315 3663 ἀναϐέϐηκα
1345 3594 1497 3664 πρὸς
1547 3595 1655 3648 τὸν

58 3682 319 3749 Πατέρα.
356 3682 542 3747 Οὕτως
562 3684 590 3736 ὁ
620 3682 795 3748 Γιεζεὶ
815 3684 1178 3757 προσέρχεται
1198 3688 1264 3757 τῇ
1285 3683 1651 3755 Σουναμίτιδι,

56 3774 458 3843 ἀπωθούμενος
511 3774 746 3847 ταύτηνσ
783 3776 871 3829 ἵνα
927 3778 1002 3848 μὴ
1046 3777 1287 3851 ἀφανίσῃ
1334 3778 1398 3831 τὸ
1425 3777 1650 3848 τάγμαο

57 3870 153 3920 ἵνα
185 3866 263 3938 μὴ
290 3866 487 3937 ὑϐρίσῃ
517 3866 608 3919 τὸν
636 3866 835 3938 θεσμὸν
859 3866 967 3919 τῶν
989 3867 1305 3939 προφητῶν.
1349 3868 1407 3921 '0
1436 3868 1494 3921 δὲ
1520 3885 1654 3940 προ-

57 3962 270 4032 φήτης.
318 3958 601 4030 Πνεύματι
647 3960 788 4031 ἀγίῳ
815 3961 1133 4035 φερόμενος,
1182 3960 1487 4015 κατώδυνον
1510 3961 1654 4033 ἐώρα

54 4055 166 4128 τὴν
208 4054 554 4123 Σουναμίτιν.
592 4053 955 4127 Παραμυθίας
991 4054 1048 4108 δὲ
1105 4053 1264 4126 χάριν
1309 4053 1653 4127 ὑπερϐέϐηκε

56 4148 167 4219 τὴν
216 4146 391 4213 τάξιν,
425 4147 519 4201 καὶ
572 4147 859 4215 ἀνεδέξατο
896 4148 1033 4219 πρὸς
1082 4146 1181 4218 τήν
1218 4146 1367 4219 ὥραν
1395 4163 1654 4218 παραμυ-

61 4241 201 4294 θίειν
229 4241 251 4270 ‘
285 4240 381 4310 τῆς
409 4240 671 4309 γυναικὸς
698 4241 877 4311 χάριν,
899 4239 1012 4293 ἴσον
1034 4238 1380 4311 ἡγησάμενος
1407 4238 1468 4292 τὸ
1491 4237 1656 4292 ἅπτε-

61 4333 192 4387 σθαι
221 4333 331 4386 τῶν
358 4331 524 4387 αὐτοῦ
556 4332 733 4387 ποδῶν
770 4332 923 4406 παρά
966 4332 1254 4403 συνήθειαν
1287 4331 1386 4403 τὴν
1399 4333 1653 4400 γυναῖκα,

1755 3139 1850 3195 bus
1866 3154 1885 3193 :
1909 3136 2076 3191 tribus
2102 3134 2320 3189 Notium
2338 3148 2430 3202 per
2446 3147 2576 3201 sese,
2592 3139 2640 3185 et
2655 3143 2844 3184 uxores
2863 3127 3080 3183 illorum
3096 3127 3313 3182 uorsim
3330 3143 3348 3181 :

1755 3230 1924 3286 tribus
1956 3228 2103 3283 Iuda
2129 3244 2220 3299 per
2236 3242 2367 3291 sese,
2396 3236 2446 3280 et
2469 3239 2659 3279 uxores
2697 3223 2912 3277 illorum
2925 3219 3214 3286 seorsim',
3239 3226 3346 3275 etc.

1759 3318 1852 3375 Sic
1881 3327 1937 3375 et
1970 3318 2205 3390 apostoli
2236 3316 2500 3371 Ecclesia:
2530 3313 3021 3384 prmscripserunt;
3051 3323 3267 3364 necnon
3294 3315 3348 3363 et

1756 3409 2021 3467 Dominus
2051 3409 2109 3462 in
2154 3407 2448 3477 Evangelio
2494 3404 2776 3459 mandavit
2820 3409 2875 3456 et
2914 3402 2969 3456 in
3020 3415 3128 3455 una
3189 3399 3350 3459 nobis

1752 3501 2061 3571 exemplum
2106 3499 2357 3570 praebuit,
2384 3513 2508 3552 cum
2539 3497 2615 3550 ita
2650 3494 2832 3549 Mariae
2868 3493 3009 3549 dixit
3048 3510 3063 3547 :
3096 3491 3226 3547 Noti
3269 3509 3350 3547 me

1755 3600 1983 3663 tangere.
2046 3588 2295 3643 Nondum
2318 3589 2458 3642 enim
2486 3584 2701 3640 escendi
2736 3583 2804 3637 ad
2854 3581 3071 3636 Patrem
3098 3595 3269 3634 meum:
3296 3580 3336 3633 '.

1756 3685 1835 3741 Ita
1866 3698 2030 3756 porro
2046 3681 2198 3738 Giczi
2239 3680 2310 3736 ad
2341 3677 2739 3735 Sunamitidem
2771 3674 3041 3730 accedens
3087 3672 3345 3763 feminam

1755 3776 1988 3847 repellit,
2040 3788 2108 3829 ne
2143 3771 2391 3828 ordinem
2436 3769 2665 3823 violaret
2724 3781 2787 3821 ac
2828 3760 3220 3836 prophetarum
3262 3760 3348 3814 in«

1755 3869 1951 3926 stituto
1979 3863 2370 3923 contumeliam
2404 3862 2606 3915 faceret
2639 3858 2685 3911 '.
2728 3856 2797 3912 At
2830 3854 3100 3927 propheta
3138 3851 3346 3925 Spiritu

1756 3968 1950 4019 sancto
1970 3958 2271 4015 instinctus
2304 3954 2495 4011 dolore
2527 3950 2837 4007 confectam
2866 3963 2994 4005 esse
3046 3944 3346 4001 Sunamiti-

1755 4054 1877 4109 dem
1913 4048 2134 4122 agnovit
2171 4066 2184 4103 :
2224 4045 2457 4116 ideoque
2484 4050 2544 4098 ut
2579 4056 2699 4098 eam
2746 4037 3149 4101 consolaretur,
3183 4030 3345 4088 oﬂicil

1755 4148 1927 4217 legem
1961 4141 2242 4213 paululum
2278 4146 2660 4205 transgressus
2708 4138 2813 4194 est,
2851 4143 2920 4182 ac
2947 4134 3171 4197 propter
3194 4123 3341 4177 illius

1758 4237 2038 4299 solatium,
2070 4233 2218 4304 quod
2251 4231 2320 4284 ab
2346 4244 2410 4284 ea
2445 4226 2626 4289 fiebat,
2652 4222 2719 4277 ad
2749 4230 2967 4291 tempus
3013 4226 3100 4273 est
3120 4230 3339 4287 passus.

1708 4371 1714 4376 ι
1758 4345 1883 4387 cum
1912 4328 2077 4399 pedes
2112 4339 2244 4382 suos
2285 4337 2317 4376 a
2347 4320 2574 4376 muliere
2631 4324 2829 4387 praeter
2886 4307 3340 4367 consuetudinem

57 4430 165 4500 τῆς
200 4428 375 4497 αὐτῆς
415 4429 474 4482 ὲν
510 4430 577 4498 τῇ
621 4426 832 4497 διανοίᾳ
854 4402 1162 4488 ’κακώσεως
1201 4441 1261 4477 τε
1312 4402 1407 4477 καὶ
1453 4424 1595 4495 λύπη

1799 4419 2060 4483 ttrectari,
2101 4413 2399 4471 calamitati
2454 4410 2630 4481 ipsius
2683 4422 2751 4462 ac
2801 4402 2975 4459 luctui
3033 4414 3131 4472 par
3180 4406 3343 4500 atque

62 4521 177 4573 Kal
236 4519 291 4571 τί
351 4536 443 4590 μοι
493 4517 663 4572 πολλὰ
710 4517 892 4586 λέγειν
936 4517 1066 4588 περὶ
1104 4514 1329 4579 τούτων,
1375 4513 1484 4568 τῶν
1529 4516 1656 4579 τοὺς

62 4612 237 4676 κύνας
294 4598 664 4682 μιμουμένων,
712 4610 958 4684 καὶτοὺς
1001 4608 1100 4673 ὕας
1159 4607 1659 4679 ζηλούντων;ῐῐερ“ι

62 4706 122 4759 δε
181 4702 279 4756 τοῦ
338 4705 512 4756 εἰπεῖν
566 4703 758 4756 ἑαυτὸν
803 4700 1060 4771 Χριστὸν,
1103 4701 1208 4753 τίνι
1243 4699 1441 4770 μανίας
1462 4698 1523 4751 ὃν
1560 4699 1660 4753 οὐκ

62 4795 259 4865 ὀφθείη
293 4794 355 4848 τὸ
372 4788 546 4865 δόγμα
571 4793 678 4846 τῶν
705 4793 922 4847 σύνεσιν
951 4792 1304 4863 κεκτημένων
1331 4807 1345 4854 ;
1385 4790 1418 4861 ή
1447 4789 1648 4859 λέγειν,

62 4891 150 4942 ὅτι
204 4889 499 4959 Προφήτης
548 4885 659 4955 ἐγώ
694 4902 708 4952 ;
764 4887 830 4939 Τί
860 4886 969 4955 γὰρ
1003 4882 1341 4955 προφητείας
1402 4881 1530 4952 παρ’
1556 4881 1652 4933 αύ-

62 4983 179 5044 τοῖς
202 4977 344 5044 εἶδος
383 4979 739 5050 φαινόμενον;
777 4978 846 5029 Ἢ
894 4978 1045 5030 ποῖον
1077 4973 1312 5045 Χριστοῦ
1341 4972 1651 5043 θαυμαστὸν

66 5076 229 5145 ἔργον
250 5073 493 5141 γίνεται;
528 5070 662 5125 Είδὲ
690 5070 852 5134 αὐτὸς
872 5068 1129 5141 Χριστὸς,
1154 5069 1233 5131 είς
1269 5069 1419 5120 ποῖον
1445 5065 1650 5138 Κύριον

66 5164 271 5237 ἠλπικέ
297 5181 357 5217 τε
386 5165 481 5219 καὶ
519 5164 882 5227 mnia-tennis;
916 5163 981 5215 Ti
1028 5160 1097 5214 τά
1126 5161 1223 5231 τῆς
1260 5159 1467 5229 πλάνης
1498 5175 1651 5211 κενο-

68 5254 409 5329 ςωνήματας
466 5256 532 5309 Τί
570 5255 677 5308 τῶν
746 5257 992 5326 ἀνοήτων
1045 5254 1116 5306 τά
1152 5253 1428 5322 δόγματα;
1495 5250 1652 5303 Ἀλλά

68 5352 296 5421 ἀρκέσει
324 5352 419 5403 καὶ
452 5352 581 5421 περὶ
607 5349 811 5419 ταύτης
840 5347 907 5401 τά
941 5348 1020 5410 είς
1052 5347 1222 5416 αὐτὴν
1259 5343 1545 5415 εἰρημένα.

1756 4513 1965 4585 aequale
1992 4525 2116 4566 esse
2161 4508 2428 4564 crederet.
2466 4502 2665 4559 Verum
2698 4497 2831 4570 quid
2862 4510 2964 4569 ego
3016 4493 3229 4550 diutius
3286 4490 3341 4545 in

1759 4607 1867 4662 illis
1907 4602 2212 4660 refutandis
2257 4602 2540 4665 immoror,
2576 4594 2793 4665 1076
2828 4590 2926 4662 qui
2975 4602 3176 4644 canum
3210 4600 3342 4657 por-

1759 4711 2019 4753 corumve
2047 4693 2367 4766 spurcitiam
2413 4686 2739 4747 imitantur?
2767 4682 2923 4751 Quod
2973 4686 3158 4736 autem
3187 4675 3345 4733 Chri-

1760 4797 1904 4847 stum
1935 4804 1995 4845 se
2026 4803 2149 4844 esse
2169 4785 2399 4857 quilibet
2423 4798 2487 4838 ex
2521 4780 2642 4838 istis
2677 4777 2914 4842 asserit;
2946 4774 3071 4846 quis
3101 4771 3343 4843 prudens

1761 4898 1869 4937 non
1898 4881 2029 4936 illud
2068 4877 2292 4933 insania:
2322 4874 2698 4946 plenissinmm
2730 4864 3065 4924 arbitretur?
3096 4871 3189 4916 aut
3218 4875 3342 4914 cum

1761 4991 1819 5031 se
1847 4974 2140 5045 prophetas
2181 4985 2304 5027 esse
2364 4966 2634 5023 narrant?
2665 4961 2819 5031 Quod
2865 4960 3010 5015 enim
3047 4952 3345 5027 prophetim

1760 5083 1934 5138 genus
2000 5064 2142 5135 apud
2202 5063 2325 5118 illos
2384 5059 2641 5131 apparet?
2676 5054 2963 5122 Quodnam
3010 5062 3159 5112 vero,
3199 5052 3344 5138 utha

1755 5136 1977 5215 Christo
2000 5156 2298 5228 quondam,
2334 5151 2656 5209 admirabile
2695 5154 2781 5204 est
2838 5145 2908 5200 ab
2932 5142 3041 5198 illis
3064 5152 3205 5210 opus
3228 5136 3343 5191 edi-

1757 5250 2093 5319 tum?Quod
2150 5251 2198 5305 si
2247 5249 2482 5319 ipsemet
2537 5250 2623 5299 est
2681 5239 2957 5303 Christus,
2996 5245 3225 5304 ecquem
3285 5228 3340 5281 in

1759 5344 2049 5399 Dominum
2109 5340 2347 5413 speravit
2387 5353 2450 5392 ac
2472 5334 2740 5391 credidit?
2768 5332 2899 5398 Quae
2937 5334 3065 5386 sunt
3094 5324 3201 5380 illae
3230 5327 3324 5377 tan

68 5419 191 5497 dem
222 5442 429 5499 erroris
491 5419 1332 5511 ineptiae?quisve-stolidarum
1363 5435 1644 5488 hominum
1703 5435 1999 5507 dogmata?
2062 5435 2168 5490 Sed
2221 5434 2487 5486 adversus
2539 5429 2700 5483 istam
2772 5423 3003 5513 lucresoin
3061 5419 3344 5484 hucusque

68 5541 381 5612 disputasse
414 5540 550 5594 satis
580 5548 682 5594 est.

142 5658 155 5685 ⁸
193 5654 561 5708 llallucinatin
591 5663 691 5706 est.
771 5655 788 5682 '
820 5650 944 5705 Cor.
986 5647 1355 5722 παραμυθίας.
1436 5645 1454 5675 ³
1492 5642 1601 5695 Ero

1820 5641 1869 5694 1.
1946 5641 1968 5673 ⁸
2009 5636 2139 5692 ibid.
2171 5635 2260 5699 20,
2291 5633 2381 5686 2|.
2459 5631 2477 5661 ⁵
2509 5627 2676 5682 Zach.
2718 5641 2813 5689 xu,
2851 5624 2932 5685 ΓΞ,
2974 5621 3059 5676 ~13.
3138 5620 3156 5649 ⁸
3185 5616 3322 5669 Jcau

356 5728 371 5756 ⁷
402 5722 465 5779 ιν
498 5726 627 5795 llcg.
669 5741 740 5788 l\',
778 5724 808 5776 4
852 5737 970 5791 sqq.

74 5728 275 5793 “.17.
