3854 6314
509 254 599 309 771

506 466 668 520 ﬁnem
699 464 976 534 imponam
1012 484 1024 518 :
1062 464 1117 519 in
1149 478 1260 534 quo
1290 462 1623 534 singularem
1646 476 1775 533 erga
1800 477 1902 517 nos
1921 462 2093 518 divini

505 542 749 612 numinis
777 570 936 627 opem
990 570 1053 610 ac
1087 555 1433 626 praesentiam
1467 570 1660 609 sumus
1682 557 1911 625 experti,
1947 556 2094 627 quod

507 664 571 704 ex
621 656 737 702 toto
777 649 962 702 animo
1018 660 1083 701 ac
1126 655 1308 702 mente
1352 646 1628 711 conﬁteri,
1661 646 1949 717 eidemque
1990 638 2104 702 Do-'

506 741 657 794 mino
684 741 888 810 gratias
940 754 1104 809 agere
1154 739 1456 807 debemus;
1499 739 1942 809 quandoquidem
1998 741 2092 795 illo

503 831 727 899 juvante
749 829 1013 900 quidquid
1066 836 1347 899 receptum
1390 844 1420 881 a
1454 830 1617 899 nobis
1646 831 2093 900 promissumque

509 921 632 987 fuit,
668 920 902 975 feliciter
931 919 1000 973 ad
1046 920 1251 974 exitum
1292 918 1649 989 perduximus
1681 935 1695 970 :
1730 933 1795 973 ac
1826 934 1949 974 cum
1979 920 2092 974 hae-

508 1029 661 1069 reses
728 1027 919 1069 omnes
997 1012 1354 1082 exposuimus
1426 1011 1917 1081 refutavimusque,
1975 1021 2090 1065 tum

509 1100 639 1174 quid
676 1104 745 1158 ab
776 1117 1105 1173 unaquaque
1136 1109 1357 1171 geratur
1389 1116 1489 1171 pro
1532 1103 1730 1155 virium
1780 1109 2092 1157 nostrarum

510 1196 884 1251 imbecillitate
910 1194 1288 1262 patefecimus.
1326 1193 1595 1247 Caeterum
1645 1209 1770 1248 cum
1817 1194 2093 1264 octoginta

510 1291 811 1353 lnnreseon,
854 1301 993 1356 quas
1024 1287 1078 1339 in
1107 1285 1293 1338 orbem
1345 1293 1614 1338 terrarum
1662 1284 2006 1339 introductas
2027 1285 2093 1339 ad

511 1379 652 1432 hanc
670 1379 810 1433 diem
837 1377 1167 1437 audivimus,
1182 1388 1523 1444 quarumque
1546 1391 1829 1429 numerum
1846 1376 2097 1445 etappel-

510 1469 761 1529 lationes,
794 1466 1176 1520 nonnullarum
1206 1463 1372 1517 etiam
1402 1465 1642 1530 decreta,
1674 1472 1728 1519 et
1774 1452 2095 1534 argumenta

512 1560 935 1627 aﬁ‘ectionesque
974 1557 1369 1626 cognovimus;
1421 1571 1566 1621 cum,
1602 1557 1844 1625 inquam,
1880 1557 2092 1610 illarum

512 1651 752 1721 origines
774 1664 1079 1718 causasque
1103 1648 1249 1701 nulla
1277 1662 1355 1711 re,
1379 1649 1556 1716 quoad
1583 1646 1697 1701 ﬁeri
1728 1648 1924 1716 potuit,
1957 1662 2095 1715 pra:-

511 1742 760 1798 termissa
775 1741 1143 1800 docuerimus,
1160 1739 1503 1793 vehementer
1517 1737 1647 1791 illud
1664 1737 1919 1791 admirari
1935 1738 2100 1809 subit,

513 1833 655 1901 quod
676 1833 729 1886 in
747 1832 920 1886 sacris
940 1829 1161 1884 Litteris
1178 1827 1521 1883 continetur:
1543 1827 1832 1898 Sexaginta
1862 1837 1984 1881 sunt
2002 1844 2101 1881 re-

511 1926 676 1999 gium,
692 1922 1067 1991 etocluaginta
1092 1922 1394 1975 concubina:
1414 1937 1432 1985 ,'
1456 1929 1505 1974 et
1527 1919 1951 1984 adolescentulis,
1969 1935 2101 1989 qua-

513 2033 631 2070 rum
654 2014 830 2070 nullus
847 2024 923 2067 est
949 2029 1199 2069 numerus
1215 2029 1232 2067 .'
1249 2028 1353 2065 una
1379 2021 1452 2067 est
1470 2011 1711 2066 columba
1723 2028 1858 2075 mea,
1871 2013 2099 2081 perfecta

522 2125 639 2163 mea
668 2108 710 2160 ί.
740 2105 816 2161 De
869 2105 955 2159 his
1001 2105 1168 2175 igitur
1205 2105 1481 2174 octoginta
1512 2103 2099 2174 pellicibusdiactenus

511 2201 759 2270 egimus;
797 2196 1170 2259 Barbarismo,
1239 2195 1601 2259 llellenismo,
1640 2196 1971 2267 Scythismo,
2004 2196 2101 2253 Ju-

513 2289 726 2344 daismo
757 2295 812 2342 et
862 2286 1264 2351 Samaritismo,
1308 2302 1429 2356 qua:
1490 2302 1722 2341 uxorum
1767 2288 1989 2341 minime
2018 2290 2098 2342 le-

512 2378 828 2450 gitimarum
857 2377 1078 2431 nomina
1111 2385 1239 2431 sunt
1282 2395 1296 2431 :
1326 2376 1636 2446 cujusmodi
1666 2393 1844 2447 neque
1874 2378 1944 2431 ab
1974 2392 2100 2446 rege

512 2470 693 2523 dotem
719 2477 1072 2538 acceperunt,
1105 2481 1281 2537 neque
1309 2468 1361 2520 in
1399 2468 1712 2524 testamenti
1743 2469 1944 2523 tabulis
1975 2483 2099 2523 cum

513 2560 643 2617 ﬁliis
672 2560 914 2617 haeredes
945 2562 1166 2631 scriptae
1195 2569 1343 2617 sunt.
1375 2561 1589 2617 Etenim
1617 2563 1664 2617 si
1697 2563 1919 2633 proprie
1953 2564 2097 2633 loqui

512 2654 773 2719 velimus,
805 2668 946 2707 Lxxv
974 2661 1103 2707 sunt
1132 2652 1392 2719 haereses,
1430 2668 1657 2723 quarum
1690 2662 1898 2709 matres
1939 2655 2099 2725 quin-

513 2764 621 2819 que
641 2754 770 2802 sunt
802 2762 814 2797 :
850 2752 981 2816 puta
1021 2743 1411 2809 Hellenismus,
1443 2747 1559 2799 sive
1598 2745 1882 2815 gentilium
1925 2754 2096 2811 secta,

514 2856 543 2893 a
575 2857 680 2912 qua
704 2841 935 2911 gentiles
964 2838 1184 2893 oriundi
1233 2846 1393 2904 sunt;
1434 2835 1771 2902 .lndaismus,
1816 2837 1960 2893 unde
2015 2836 2101 2891 lu-

513 2933 637 2999 dzi,
682 2942 738 2987 et
772 2932 1044 2997 haereses;
1074 2945 1137 2983 ac
1174 2929 1499 2983 Samaritica
1536 2938 1709 2995 secta,
1739 2928 1883 2984 unde
1906 2928 2101 2983 Sama-

514 3025 764 3080 ritismus
796 3036 851 3079 et
879 3022 1355 3077 Christianismus.
1404 3021 1487 3075 Ab
1521 3020 1608 3076 his
1633 3022 1781 3076 velut
1812 3022 1949 3074 rami
1974 3021 2098 3090 qni-

513 3117 637 3172 dam
668 3122 932 3185 separatae
960 3114 1197 3168 haereses
1220 3112 1425 3167 avulsa:
1446 3120 1595 3167 sunt.
1625 3112 1756 3178 Quae
1783 3114 1912 3168 licet
1940 3112 2099 3167 Chri-
2126 3104 2166 3162 C

515 3210 587 3264 sti
616 3222 813 3262 nomen
844 3220 954 3274 pra:
986 3219 1045 3259 se
1085 3203 1287 3266 ferant,
1330 3203 1463 3257 nihil
1492 3212 1672 3258 tamen
1707 3204 1775 3258 ad
1800 3204 1950 3258 illum
1974 3219 2097 3274 per-

516 3304 729 3354 tinent:
759 3298 854 3353 sed
884 3297 1081 3367 partim
1138 3295 1353 3364 longius
1394 3296 1461 3350 ab
1495 3296 1588 3351 illo
1627 3295 1868 3362 distant;
1903 3297 2098 3367 partim

521 3390 731 3461 1077
777 3388 1057 3442 minimam
1100 3386 1171 3441 ob
1200 3401 1424 3442 causam
1458 3387 1525 3442 ab
1554 3389 1704 3442 onmi
1742 3390 1887 3445 illius
1929 3388 2099 3445 haere-

516 3484 686 3535 ditate
734 3480 940 3535 alienas
981 3493 1044 3532 ac
1094 3478 1411 3550 peregrinas
1459 3496 1518 3535 se
1558 3479 1784 3546 faciunt,
1820 3496 1928 3535 una
1975 3496 2098 3536 cum

518 3576 761 3644 ipsarum
796 3572 1007 3637 liberis,
1048 3587 1173 3627 cum
1198 3571 1452 3627 videlicet
1485 3587 1832 3642 nequaquam
1860 3571 2100 3643 legitime

517 3669 650 3729 sint,
681 3664 777 3720 sed
812 3665 956 3717 inter
993 3672 1253 3719 externas
1303 3665 1629 3726 habeantur,
1672 3672 1736 3717 ac‘
1771 3664 1949 3717 solum
1990 3664 2097 3719 sibi

518 3757 893 3811 Christianum
951 3770 1148 3808 nomen
1193 3754 1486 3809 vindicent.
1525 3753 1657 3819 Quae
1695 3768 1818 3807 cum
1864 3754 1937 3806 ita
1966 3754 2096 3817 sint,

516 3850 723 3903 veritas
748 3847 905 3901 nobis
936 3848 1049 3916 ipsa
1078 3844 1407 3902 declaranda
1443 3852 1713 3915 superest,
1744 3854 1907 3912 atque
1939 3845 2099 3899 unica

518 3940 777 3994 nimirum
822 3938 911 3992 illa
961 3937 1237 4001 columba,
1271 3952 1389 4006 qua:
1422 3952 1452 3989 a
1487 3950 1691 4006 sponso
1738 3935 2095 3991 collaudatur.

588 4030 681 4086 Χι.
712 4030 981 4096 Quocirca
1042 4045 1167 4084 cum
1201 4030 1373 4083 otium
1406 4029 1551 4083 nacti
1588 4028 1784 4095 simus,
1821 4038 1943 4099 post
1981 4028 2099 4084 eni-

518 4140 617 4179 xas
643 4124 710 4178 ad
747 4123 914 4178 Deum
958 4137 1166 4192 preces,
1202 4130 1258 4175 ut
1310 4120 1682 4192 disputatione
1730 4122 1970 4185 brevem,
2017 4122 2098 4177 sic

519 4218 786 4287 majorum
840 4216 1129 4269 traditione
1178 4220 1385 4267 certam
1434 4213 1681 4269 veritatis
1722 4212 2094 4269 defensionem

518 4309 781 4378 deinceps
830 4306 1205 4361 instituemus.
1248 4303 1381 4369 Quae
1425 4302 1648 4373 quidem
1698 4319 1809 4357 non
1853 4310 2098 4374 tempore

476 4446 479 4449 γ
519 4400 819 4469 posterior,
852 4398 960 4450 imo
989 4412 1119 4451 vero
1158 4395 1307 4465 prior
1328 4396 1583 4450 omnibus
1613 4395 1855 4459 exstitit,
1888 4386 2097 4466 nosque

517 4492 586 4546 de
610 4506 676 4545 ea
702 4498 828 4545 ante
854 4490 1087 4543 haereses
1106 4502 1320 4549 omnes.
1352 4503 1473 4541 cum
1508 4488 1574 4542 de
1603 4486 1807 4542 Christi
1839 4487 2093 4542 incarna-

520 4581 667 4634 tione
707 4580 1126 4643 dissereremus,
1163 4578 1495 4631 mentionem
1529 4577 1685 4631 initio
1713 4578 1965 4633 fecimus.
1996 4577 2093 4632 Ea-

518 4670 639 4725 detn
661 4685 825 4739 porro
850 4686 995 4723 nunc
1025 4686 1147 4722 cum
1188 4686 1379 4722 omnes
1405 4668 1697 4735 antecedit,
1728 4678 1841 4722 tum
1873 4671 2093 4725 Christo

522 4764 751 4816 Domino
778 4770 901 4828 post
930 4762 1051 4829 ejus
1074 4762 1531 4821 incarnationem,
1557 4762 1702 4815 velut
1726 4778 1926 4828 sponsa
1954 4780 2095 4831 ιιιιαξο

518 4853 642 4906 dam
674 4852 1045 4913 sanctissima,
1078 4851 1371 4918 conjuncta
1401 4860 1484 4904 est
1512 4867 1524 4903 :
1552 4866 1672 4918 qua:
1709 4859 1762 4904 et
1796 4852 1925 4905 olim
1963 4868 2086 4907 cum

518 4945 729 4999 Adamo
776 4944 1034 5005 formata,
1072 4952 1123 4997 et
1155 4944 1209 4995 in
1242 4942 1372 5005 illis,
1403 4945 1493 5011 qui
1538 4944 1909 4997 Abrahatnum
1956 4960 2091 5013 prae-

518 5044 823 5099 cesserunt,
856 5034 1142 5103 praedicata
1173 5034 1432 5106 patribus,
1450 5043 1500 5088 et
1556 5044 1679 5104 post
1718 5036 2088 5091 Abrahmnum

521 5127 680 5183 ﬁdem
740 5128 953 5195 merita,
980 5136 1033 5180 et
1081 5143 1176 5197 per
1229 5126 1466 5198 Moysem
1514 5128 1779 5197 patefacta
1841 5137 1895 5184 et
1939 5131 2083 5200 apud

518 5220 712 5275 Isaiam
746 5220 1087 5290 praeilicta,ct
1128 5219 1179 5273 in
1231 5217 1450 5274 Christo
1503 5220 1874 5276 demonstrata
1901 5261 1915 5289 ,
1965 5240 2088 5279 cum

519 5325 692 5380 eoque
720 5312 881 5365 simul
907 5314 1201 5371 exsistens,
1236 5312 1537 5380 posteriore
1562 5330 1591 5366 τι
1619 5316 1777 5370 nobis
1797 5318 1913 5369 loco
1939 5331 2090 5371 com-

521 5403 882 5456 mendabitur.
926 5401 1060 5457 Nam
1115 5404 1368 5457 athletam
1416 5414 1627 5475 oportet
1678 5409 1913 5476 primum
1970 5425 2088 5463 om-

522 5494 669 5545 nium
708 5494 760 5547 in
783 5496 1083 5549 certamine
1129 5512 1191 5550 ac
1237 5495 1423 5550 labore
1461 5499 1780 5570 ueterisque
1800 5504 2088 5572 generibus

598 5650 612 5681 ⁸
648 5652 802 5706 Cant.
838 5670 907 5717 vi,
941 5654 993 5707 7.
1072 5660 1088 5687 ¹
1125 5656 1248 5710 ll.rc
1284 5659 1570 5730 drprat‘ala
1622 5663 1828 5717 leviter.

1911 247 1969 303 S.
2012 248 2353 305 EPIPUANH

500 408 509 417 -
580 372 644 427 Χ.
681 372 785 432 Hic
834 388 936 443 ego
993 368 1273 445 pestremo
1306 372 1406 427 toti
1456 385 1487 424 a
1523 384 1609 425 me
1643 369 1796 440 operi
1831 379 2090 440 suscepto
2118 379 2165 435 Α

3677 256 3768 311 ’ΠΞ

2265 374 2320 428 ι’.
2349 374 2461 428 Καὶ
2498 375 2601 439 ἕως
2634 368 2735 432 ὧδε
2782 376 2953 447 ἐχέτω
2984 377 3045 430 τὸ
3078 379 3375 449 σφραγῖσαι
3405 380 3505 431 καὶ
3566 378 3770 433 τελειῶ-

2201 484 2291 520 σαι
2316 467 2415 539 τὴν
2444 470 2625 521 πᾶσαν
2648 468 2806 539 ἡμῶν
2836 470 2967 541 περὶ
2997 469 3202 523 τούτων
3235 472 3626 541 πραγματείαν
3644 491 3657 501 ο
3694 474 3773 525 ταῦ

2196 558 2332 611 Θεοῦ
2367 560 2499 629 ἡμῖν
2546 558 2901 629 ἐπιφανέντος
2931 561 3023 613 καὶ
3077 559 3458 631 βοηθήσαντος,
3489 563 3571 622 ὡς
3595 563 3771 633 ὁμολο-

2194 653 2314 720 γεῖν
2343 650 2497 703 ἔστιν’
2519 652 2583 703 ὲκ
2605 651 2787 721 πάσης
2799 652 2999 721 ψυχῆς,
3034 651 3127 703 καὶ
3153 650 3407 715 διανοίας,
3442 653 3776 723 εὐχαριστεῖν

2196 741 2346 812 αὐτῷ
2371 742 2450 813 τῷ
2477 744 2687 814 Κυρίῳ,
2711 744 2876 796 ὅτιτὸ
2899 743 3241 814 ἐπάγγελμα,
3268 744 3296 796 ὂ
3312 744 3770 814 ἐπηγγειλάμεθα,

2196 838 2253 889 ὲν
2292 835 2440 905 αὐτῷ
2485 835 2564 906 τῷ
2600 834 2786 906 Κυρίῳ
2835 836 3257 908 κατηξιώθημεν
3292 836 3618 889 τελειῶσαι·
3651 838 3775 889 κατά

2196 927 2460 998 αἱρέσεων
2517 926 2595 989 δὲ,
2630 926 2793 998 φημὶ,
2851 929 2953 997 τὴν
3019 927 3269 998 διήγησιν
3324 928 3419 982 καὶ
3475 928 3771 998 ἀνατροπὴν

2196 1018 2577 1089 ποιησάμενοι,
2608 1019 2722 1089 ἃμα
2750 1036 2808 1071 τε
2837 1021 2932 1072 καὶ
2951 1019 3400 1088 ἀποκαλύψαντες
3422 1021 3562 1088 παρ’
3586 1021 3770 1088 ἑκάστῃ

2194 1113 2248 1164 τί
2272 1112 2590 1183 πράττεται,
2626 1112 2702 1175 ὡς
2744 1111 2884 1164 κατά
2924 1112 3023 1182 τὴν
3061 1113 3335 1182 ἡμετέραν
3361 1112 3663 1163 ὑπόστασιν
3686 1110 3771 1179 τῆς

2196 1204 2455 1268 ἀσθενοῦς
2499 1204 2934 1275 ἀνθρωπότητος.
2979 1205 3120 1267 Ἕως
3163 1205 3271 1274 γὰρ
3305 1203 3546 1256 ἐνταῦθα
3595 1203 3766 1270 ὀγδοή-

2197 1312 2363 1348 κοντα
2421 1294 2725 1366 αἱρέσεων,
2784 1288 2857 1346 ὧν
2911 1294 3257 1365 ὲνηχήθημεν
3314 1293 3393 1363 τῷ
3448 1294 3770 1363 κόσμῳ,καὶ

2197 1386 2441 1457 ἔγνωμεν
2493 1386 2583 1439 τὸν
2630 1386 2865 1457 ἀριθμὸν
2895 1387 2989 1439 καὶ
3016 1386 3115 1449 τάς
3158 1387 3452 1456 ὀνομασίας
3490 1386 3586 1438 καί
3629 1403 3771 1437 τινων

2196 1479 2294 1542 τὰς
2325 1480 2534 1549 ῥήσεις,
2560 1478 2861 1550 προφάσεις
2881 1496 2937 1531 τε
2964 1480 3057 1532 καὶ
3081 1479 3312 1548 σχέσεις,
3338 1477 3437 1541 τὰς
3466 1478 3648 1547 ὁρμάς
3691 1478 3771 1529 καὶ

2196 1568 2265 1621 τά
2307 1568 2457 1620 αἴτια
2517 1568 2943 1640 ἀπαραλείπτως
3002 1568 3418 1632 ὑποδείξαντες,
3475 1567 3768 1637 θαυμασμῷ

2200 1662 2487 1733 φερόμενοι
2514 1659 2944 1730 ἐκπεπλήγμεθα
2974 1658 3033 1711 τὸ
3068 1661 3124 1711 ὲν
3156 1662 3222 1729 τῇ
3249 1658 3369 1729 θεία
3402 1659 3601 1729 Γραφῇ
3637 1659 3768 1726 εἰρη-

2136 1742 2177 1797 Β
2211 1755 2389 1824 μένον,
2432 1753 2514 1806 ὅτι
2543 1749 2871 1817 Ἐξήκοντά
2892 1753 3008 1805 εἱσι
3035 1750 3424 1814 βασίλισσαι,
3452 1750 3555 1802 καὶ
3582 1748 3769 1818 ἀνδρή-

2201 1863 2384 1900 κοντα
2428 1845 2738 1900 παλλακαί
2760 1861 2773 1875 ο
2826 1843 2925 1897 καὶ
2980 1843 3271 1909 νεάνιδες,
3329 1838 3419 1896 ὧν
3465 1844 3582 1897 οὐκ
3619 1842 3770 1895 ἔστιν

2200 1938 2465 2006 ἀριθμός⁶
2500 1937 2609 2005 μία
2658 1934 2787 1989 ἐστὶ
2854 1934 3172 2002 περιστερά
3202 1952 3342 2003 μου,
3402 1936 3606 1988 τελεία
3642 1953 3762 2003 μου.

2208 2029 2301 2092 Ὣς
2339 2024 2433 2082 οὖν
2466 2028 2595 2099 περὶ
2625 2028 2731 2081 τῶν
2767 2028 3059 2081 παλλακῶν
3087 2028 3291 2083 τούτων
3320 2029 3429 2082 τῶν
3455 2030 3767 2099 ὀγδοήκοντα

2201 2122 2482 2193 εἰρηκότες
2525 2122 2800 2192 ἀπαρχῆς,
2827 2119 3233 2189 βαρϐαρισμοῦ,
3271 2120 3366 2174 καὶ
3405 2118 3761 2191 Ἑλληνισμοῦ,

2201 2216 2295 2266 καὶ
2322 2212 2653 2283 Σκυθισμοῦ,
2688 2214 2780 2265 καὶ
2809 2211 3165 2281 Ἱουδαῖσμοῦ,
3199 2213 3294 2265 καὶ
3315 2212 3761 2284 Σαμαρειτισμοῦ,

2199 2304 2492 2374 ὀνομασίας
2527 2304 2635 2357 τῶν
2676 2304 2775 2357 οὐκ
2820 2304 2995 2357 οὐσῶν
3029 2304 3306 2375 ὲνθέσμων
3333 2305 3630 2374 γυναικῶν,
3660 2305 3758 2357 οὐδὲ

2201 2397 2306 2451 ἀπὺ
2324 2398 2416 2450 τοῦ
2449 2396 2709 2467 βασιλέως
2734 2398 3230 2468 πεπροικισμένων,
3267 2398 3385 2451 οὐδὲ
3413 2401 3474 2450 ὲν
3504 2398 3759 2469 διαθήκαις

2199 2487 2307 2541 τῶν
2344 2488 2552 2542 τέκνων
2594 2488 2774 2542 αὐτῶν
2829 2487 3191 2559 κληρονομεῖν
3237 2490 3587 2560 δυναμένων·
3624 2489 3755 2556 φύσει

2205 2581 2302 2652 μὲν
2331 2582 2439 2653 γάρ
2466 2582 2603 2633 εἰσιν
2623 2580 2993 2651 ἐϐδομήκοντα
3018 2581 3201 2643 πέντε,
3234 2581 3330 2633 καὶ
3350 2581 3562 2633 τούτοιν
3597 2580 3649 2632 αἱ
3674 2597 3759 2648 μη-

2198 2673 2355 2742 τέρες
2406 2674 2568 2726 πέντε
2619 2672 2806 2743 ὥσπερ
2844 2671 3221 2743 Ἑλληνισμὸς,
3273 2672 3364 2740 ἀφ’
3398 2667 3465 2726 οῦ
3501 2670 3754 2739 Ἕλληνες,

2202 2764 2294 2817 καὶ
2334 2764 2686 2834 Ἰουδαῖσμδς.
2722 2764 2813 2831 ἀφ’
2846 2758 2908 2817 οὗ
2959 2763 3220 2824 Ἰουδαῖοι,
3267 2762 3362 2814 καὶ
3391 2762 3653 2832 αἱρέσεις,
3680 2760 3757 2810 καὶ

2201 2855 2594 2927 Σαμαρειτικὴ,
2634 2856 2727 2924 ἀφ’
2770 2846 2831 2908 οὗ
2882 2854 3345 2928 Σαμαρειτισμὸς,
3394 2857 3496 2907 καὶ
3529 2855 3758 2924 Χριστια-

2198 2947 2410 3018 νισμὺς,
2434 2948 2527 3017 ἀφ’
2561 2944 2622 3001 οῦ
2667 2946 3091 3017 ἐξεκλάσθησαν,
3128 2948 3315 3017 ὥσπερ
3343 2946 3550 3009 κλάδοι,
3573 2946 3623 2997 αἱ
3645 2947 3756 3010 diem

2204 3038 2469 3109 ρισθεῖσαι
2504 3038 2764 3111 αἱρέσεις,
2792 3042 2871 3103 εἰς
2905 3040 3073 3109 ὄνομα
3104 3038 3340 3111 Χριστοῦ
3375 3039 3674 3108 κληθεῖσαι,
3696 3034 3755 3103 μὴ

2200 3125 2357 3183 οὖσαι
2389 3129 2446 3183 δὲ
2473 3130 2660 3193 αὑτοῦ,
2684 3131 2797 3184 ἀλλ’
2825 3132 2881 3183 αἱ
2919 3131 3014 3200 μὲν
3042 3130 3149 3182 ἀπὸ
3175 3129 3408 3200 μήκοθεν
3456 3127 3619 3182 αὐτοῦ
3644 3126 3755 3177 πολὺ

2199 3220 2506 3284 διεστῶσαι,
2536 3221 2665 3274 αἰδὲ
2694 3222 2782 3274 διά
2800 3239 2851 3273 τι
2882 3222 3159 3290 ἐλάχιστον
3182 3221 3655 3292 ἀποκληρονόμους
3682 3216 3757 3266 καὶ

2202 3309 2360 3374 ξένας
2413 3309 2577 3364 αὑτοῦ
2636 3312 2838 3374 ἑαυτάς
2888 3311 3318 3380 καταστήσασαι,
3367 3312 3466 3364 καί
3499 3311 3564 3364 τὰ
3602 3307 3754 3361 αὐτῶν

2200 3401 2367 3457 τέκνα
2397 3402 2506 3455 τῶν
2534 3404 2633 3456 οὐκ
2668 3403 2844 3456 οὐσῶν
2895 3402 3195 3471 ὲνθέσμων,
3228 3401 3331 3466 ἔξω
3363 3403 3419 3455 δὲ
3452 3398 3753 3471 βεδηκυιῶν,

2204 3495 2365 3565 μόνον
2397 3495 2454 3548 δὲ
2509 3495 2569 3547 τὸ
2610 3496 2780 3566 ὄνομα
2836 3496 3284 3566 ὲπικεκλημένων
3324 3493 3595 3565 Χριστοῦο
3623 3508 3752 3561 περι-

2201 3587 2551 3658 λειφθήσεται
2580 3590 2711 3659 ἡμῖν
2734 3591 2767 3659 ή
2803 3590 2933 3660 περὶ
2979 3588 3236 3659 ἀληθείας
3285 3587 3579 3653 ἀπόδειξις,
3606 3583 3751 3650 αὐτῆς

2200 3696 2260 3732 τε
2301 3681 2401 3750 τῆς
2448 3682 2775 3751 περιστερᾶς
2814 3680 2915 3750 τῆς
2945 3681 3259 3751 μονωτάτης
3280 3680 3384 3733 ὑπὸ
3410 3678 3507 3733 τοῦ
3546 3676 3746 3747 νυμφίου

2202 3770 2422 3824 ὲπαινου
2430 3771 2617 3841 μένης.

2273 4038 2373 4091 lA'.
2407 4038 2518 4091 Καὶ
2546 4040 2603 4091 ὲν
2653 4039 2816 4109 σχολῇ
2849 4036 3005 4108 ἡμῶν
3049 4038 3393 4109 γενομένων,
3434 4039 3533 4091 καὶ
3573 4032 3744 4103 σφόδρα

2206 4129 2597 4183 ἱκετευσάντων
2630 4129 2782 4191 Θεὸν,
2806 4130 3067 4200 σύντομον
3089 4131 3185 4199 μὲν
3207 4132 3271 4200 τῇ
3295 4129 3538 4201 διαλογῇ,
3561 4122 3741 4191 ἀειραλῆ

2200 4222 2255 4274 δὲ
2281 4224 2347 4293 τῇ
2381 4221 2671 4291 παραδόσει
2706 4222 2798 4273 καὶ
2831 4220 2971 4291 ὑπὲρ
3006 4220 3257 4291 ἀληθείας
3286 4220 3577 4288 ἀπολογίαν
3602 4218 3651 4269 ὲν
3681 4211 3741 4281 τῷ

2202 4314 2327 4384 ἑξῆς
2383 4314 2743 4385 ποιησόμεθαί
2788 4313 2888 4366 οὐκ
2944 4313 3110 4382 αὐτῆς
3161 4314 3391 4383 ὑστέρας
3416 4312 3596 4382 οὔσης,
3631 4304 3736 4359 an:

2129 4448 2174 4502 Β
2202 4404 2445 4477 πρώτης.
2500 4406 2610 4458 Καὶ
2655 4406 2755 4475 ἤδη
2789 4406 2846 4459 δὲ
2872 4406 2969 4475 τῆς
3005 4407 3110 4477 πρὸ
3150 4406 3258 4459 τῶν
3295 4406 3561 4476 αἱρέσεων
3600 4406 3647 4455 ἐν

2199 4496 2427 4566 ὲνδημίᾳ
2455 4497 2691 4568 Χριστοῦ
2723 4498 2980 4550 ἀνωτάτω
3006 4499 3134 4568 ἡμῖν
3157 4497 3609 4568 ὑπομνησθείσης,
3633 4489 3736 4542 ’νῦν

2197 4588 2253 4641 δὲ
2317 4586 2540 4660 πρώτην
2583 4584 2769 4652 οὖσαν,
2820 4590 2913 4641 καὶ
2958 4590 3178 4661 Χριστῷ
3231 4593 3575 4662 συνημμένην
3606 4588 3734 4654 ἁγίαν

2199 4679 2417 4751 νύμφην
2475 4681 2584 4734 ἀπὸ
2636 4685 2735 4752 τῆς
2788 4682 3054 4753 ὲνσάρκου
3109 4682 3271 4737 αὑτοῦ
3298 4685 3613 4753 παρουσίας,
3644 4677 3733 4749 [καὶ

2198 4771 2259 4823 τὸ
2305 4773 2398 4843 τῆς
2444 4772 2606 4827 αὑτοῦ
2656 4774 3001 4847 παρουσίας,]
3055 4776 3176 4845 ἥτις
3208 4777 3322 4829 ἐστὶ
3363 4777 3459 4829 σὺν
3490 4775 3562 4845 τῷ
3598 4767 3734 4835 Ἀδὰμ

2202 4862 2579 4935 πεπλασμένη,
2610 4865 2704 4918 καὶ
2736 4868 2793 4918 ὲν
2826 4870 2938 4929 τοῖς
2971 4868 3077 4939 πρὸ
3105 4867 3198 4920 τοῦ
3226 4867 3472 4937 Ἀϐραάμ
3506 4861 3728 4934 πατριάρ-

2199 4970 2319 5022 χαις
2352 4957 2764 5028 κεκηρυγμένη,
2787 4960 2879 5011 καὶ
2913 4960 3051 5030 μετὰ
3077 4959 3171 5012 τοῦ
3212 4960 3458 5033 Ἀϐραάμ
3483 4969 3729 5013 πεπιστευ-

2202 5045 2360 5115 μένην
2408 5048 2503 5099 καὶ
2561 5048 2648 5102 διὰ
2704 5052 2980 5114 Μωῡσὲως
3045 5052 3512 5121 ἁποκαλυιρθεῖσα,
3557 5048 3635 5101 καὶ
3684 5042 3726 5092 ἐν

2212 5136 2410 5209 Ἡσαΐᾳ
2440 5144 2914 5214 προφητευομὲνη,
2954 5148 3011 5197 ὲν
3044 5144 3264 5215 Χριστῷ
3295 5144 3351 5197 δὲ
3380 5139 3724 5211 άναδειχθεῖπ.

2202 5232 2294 5284 καὶ
2319 5234 2415 5285 σῦν
2466 5233 2686 5307 Χριστῷ
2722 5239 3061 5309 ὑπάρχουσα,
3090 5242 3147 5292 ὲν
3177 5240 3386 5311 ὑστέρῳ
3415 5241 3472 5293 δὲ
3503 5236 3582 5307 ὑφ’
3605 5228 3724 5302 ἡμῶν

2198 5321 2672 5398 ὲΥκωμιαέξεδμένη.
2730 5332 2823 5380 Δεῖ
2849 5332 2958 5400 γὰρ
3002 5332 3091 5383 τὸν
3124 5332 3517 5400 ἀγωνιζόμενον
3554 5325 3722 5396 πρῶτον

2196 5414 2504 5471 ἐνίστασθαι
2530 5418 2607 5489 τῷ
2634 5421 2823 5488 ἀγῶνι,
2856 5422 2932 5493 τῷ
2960 5440 3019 5475 τε
3054 5426 3282 5494 καμάτῳ
3313 5425 3405 5477 καὶ
3442 5427 3546 5485 τοῖς
3585 5410 3715 5472 ἄλλοις

2196 5507 2288 5561 τοῦ
2342 5510 2552 5578 ἀγῶνος
2586 5513 2976 5586 παλαίσμασιν,
3025 5518 3110 5571 ἴνα
3146 5518 3367 5589 ὕστερον
3395 5520 3485 5575 τὸν
3510 5516 3715 5585 στέφανον
