3810 6216
61 219 182 278 7ῗό
678 215 1052 273 ADVERSUS
1085 216 1429 273 [IERESES
1461 217 1594 275 LIB.
1635 219 1724 276 Ill.
1760 217 1924 276 ΤΟΜ.
1969 218 2034 274 ll.
2076 247 2142 261 ——
2185 217 2550 275 EXPOSITIO
2591 219 2790 277 FIDEI.
3247 223 3352 282 77b

55 340 446 412 κομισάμενος
489 338 628 410 μετά
656 338 752 392 τοῦ
775 337 1054 408 στεφάνου
1103 340 1161 392 ὲν
1203 339 1559 409 άγαλλιάσειᾱ

1855 341 2038 406 arceri,
2071 347 2132 394 ut
2167 346 2359 408 postea
2393 352 2654 393 coronam
2690 339 2946 396 auferens
2968 340 3024 394 in
3056 340 3240 398 laetitia
3284 358 3359 404 ac,

51 433 250 505 τελοίη
275 448 289 463 ·
345 432 406 486 οὐ
446 431 542 486 τοῦ
567 431 834 502 στεφάνου
876 431 1107 486 ὑστάτου
1153 432 1328 496 ὄντος,
1363 432 1500 488 ἀλλὰ
1529 451 1555 486 11

1845 438 2046 506 luptate
2103 434 2284 506 degat.
2341 432 2402 486 In
2433 448 2542 502 quo
2592 431 2810 502 quidem
2851 449 3056 490 corona
3092 434 3207 504 ipsa
3239 451 3349 492 non

53 525 326 596 κειμένου
361 524 458 596 μὲν
499 524 600 594 τῆς
647 523 848 596 πάλης,
873 525 1098 600 ὕστερον
1139 529 1196 582 δὲ
1245 528 1526 600 διδομένου

1845 537 2036 586 strema
2067 529 2313 584 onmium
2339 535 2444 588 est,
2478 525 2573 582 sed
2608 527 2768 580 luctae
2814 541 2878 581 ac
2903 529 3186 584 certamini
3223 543 3349 600 pro-

1 651 8 680 ;
53 616 246 687 χαράν
301 616 394 670 καὶ
415 617 494 680 εἰς
527 616 854 684 άγαλλίασιν
893 617 970 689 τῷ
1007 620 1330 692 κεκμηκότι.
1369 621 1505 675 Ταῦτ

1843 621 1963 684 sita,
2000 630 2278 691 postremo
2303 621 2352 673 ei
2379 620 2472 689 qui
2511 619 2564 672 in
2603 632 2826 672 arenam
2872 618 3238 682 descenderit,
3279 620 3347 674 ad

51 725 130 760 πε
141 709 198 779 ρὶ
231 709 434 762 τούτων
462 709 764 778 εἰρηκότες,
795 710 888 762 ἐπὶ
907 711 1032 774 τοὺς
1059 713 1490 783 προειρημένους
1517 731 1555 766 π

1841 713 2098 781 luptatem
2147 710 2674 778 delectationemque
2731 709 3009 762 tribuitur.
3047 711 3180 775 Qua:
3219 727 3345 766 cum

52 799 315 871 ἐ-λθωμεν
369 801 582 868 λόγους,
625 801 798 868 δεῖξαι
849 802 966 865 πῶς
1021 803 1351 876 ὀγδοήκοντα
1407 807 1505 876 μὲν
1537 825 1556 860 ε

1862 819 1922 858 se
1951 803 2212 869 habeant,
2255 803 2322 856 ad
2362 802 2670 858 inStitutum
2692 814 3000 855 sermonem
3019 802 3343 870 redeamus;

51 893 369 954 παλλακαὶ,
391 892 432 958 ξ’
463 893 518 946 δὲ
546 893 874 962 βασίλισσαι,
897 894 1013 958 πῶς
1049 896 1148 966 μία
1174 899 1206 968 ή
1235 897 1524 969 παρθένος,

1837 911 1923 966 lue
1979 895 2420 950 demonstremus
2463 896 2660 965 ipsum,
2705 893 2982 964 quomodo
3027 910 3154 949 cum
3187 905 3341 951 octo-

47 984 230 1055 ἁγνὴ,
291 985 386 1038 καὶ
415 983 600 1054 νύμφη
647 983 803 1054 ὁμοῦ,
852 984 948 1038 καὶ
977 987 1296 1058 περιστερά,
1323 990 1416 1042 καὶ
1455 991 1551 1060 ἁμι

1844 999 1908 1044 ita
1938 990 2160 1060 pellices
2191 989 2300 1045 sint
2327 1004 2390 1042 ac
2435 988 2720 1058 sexaginta
2751 988 2972 1058 reginae,
3005 987 3168 1042 unica
3193 989 3348 1060 virgo

51 1075 226 1140 πόλις
253 1075 312 1130 δὲ
362 1076 492 1145 ἁγία
539 1074 698 1140 Θεοῦ,
729 1077 824 1130 καὶ
853 1079 1059 1143 πίστις,
1093 1080 1193 1133 καὶ
1223 1081 1518 1151 ἑδραίωμα
1544 1100 1555 1134 1

1869 1089 1923 1137 et
1981 1090 2134 1136 casta
2186 1082 2486 1150 eademque
2538 1095 2766 1150 sponsa,
2813 1078 3062 1134 columba
3095 1120 3109 1144 ,
3181 1094 3343 1151 agna,

47 1167 378 1236 ἀληθείας.
408 1168 508 1222 καί
535 1168 722 1237 πέτρα
761 1170 1006 1239 στερεά·
1033 1172 1123 1240 ἐφ’
1143 1167 1218 1242 ἧς
1273 1175 1458 1228 πύλαι
1503 1175 1551 1242 fit

1837 1177 1948 1226 acta
1979 1169 2072 1224 Dei
2093 1171 2308 1234 civitas,
2345 1169 2996 1238 ﬁdes,acﬁrmameutum
3035 1171 3271 1226 ueritatis
3297 1173 3341 1236 ³,

47 1260 180 1314 οὐκ
206 1259 716 1328 ἁντισχύσουσιν.
763 1259 928 1332 Ὁμοῦ
973 1260 1082 1334 γὰρ
1113 1263 1171 1314 ὲν
1211 1264 1344 1318 πᾶσι
1369 1263 1502 1318 Θεὸν
1535 1266 1551 1318 ἔ

1837 1279 1916 1314 ma
1946 1271 2115 1328 petra,
2145 1273 2330 1316 contra
2375 1277 2532 1331 quam
2585 1271 2752 1331 parua
2803 1263 2962 1330 inferi
2995 1280 3099 1316 non
3133 1279 3341 1330 prava-

49 1349 418 1421 καλούμενοι,
449 1353 542 1405 καὶ
562 1352 1042 1424 ἐπικαλεσάμενοι,
1077 1355 1337 1426 ἐτύχομεν
1363 1357 1462 1428 τῆς
1481 1359 1552 1412 ὲπ

1841 1356 2000 1408 unt’.
2049 1353 2185 1408 Nam
2229 1354 2336 1408 huc
2377 1369 2552 1422 usque
2586 1354 2792 1420 divina,
2842 1370 3002 1425 quam
3037 1355 3345 1424 imploravi-

47 1442 258 1508 γελίας
303 1442 589 1514 πληρῶσαι
615 1442 714 1515 τὴν
740 1444 1054 1516 ὑπόσχεσιν,
1087 1445 1185 1518 τὴν
1213 1448 1354 1502 κατὰ
1385 1449 1551 1520 αίρέσι

1871 1463 1904 1512 ι,
1937 1461 2038 1516 ope
2065 1463 2129 1502 ac
2160 1447 2420 1517 praesidio
2453 1445 2595 1510 freti,
2623 1447 2727 1502 hoc
2763 1449 3000 1503 assecuti
3036 1463 3250 1514 sumus,
3287 1459 3375 1504 ut...

47 1531 282 1596 πασῶν,
326 1533 506 1604 φημί·
552 1529 694 1606 ᾗτινι
741 1535 1048 1609 ἐπαγγελίᾳ.
1095 1539 1192 1592 καὶ
1237 1539 1364 1612 ἄχρι
1409 1541 1509 1612 τῆς
1543 1561 1551 1574 ⁸

1835 1549 2068 1609 sceptam
2097 1555 2126 1594 a
2157 1540 2314 1596 nobis
2365 1540 2432 1596 de
2470 1540 2726 1596 omnibus
2756 1540 3062 1595 luet'esibus
3087 1537 3339 1609 disputa—

47 1624 464 1680 Μασσαλιανῶν
513 1625 832 1696 ἐφθάσαμεν
885 1630 1168 1701 αἱρέσεως.
1223 1633 1334 1686 Καὶ
1383 1633 1551 1706 αὐτὴν

1829 1647 1956 1688 mem
2033 1633 2440 1688 absolveremus
2479 1653 2492 1688 :
2531 1649 2694 1704 quam
2753 1633 2822 1687 ad
2879 1631 3333 1688 Massalianorum

49 1714 592 1786 καταπεπατηκότες
645 1716 722 1786 τῷ
773 1718 1080 1790 ὑποδήματι
1127 1719 1222 1774 τοῦ
1273 1722 1553 1792 Εὐαγγελίι

1835 1725 1988 1778 :resin
2018 1739 2190 1793 usque
2223 1725 2594 1795 perduximus.
2641 1725 2751 1780 Hac
2787 1725 2970 1796 itaque
3011 1726 3156 1780 velut
3195 1739 3339 1794 quo-

47 1805 262 1878 ὦσπερ
282 1804 647 1876 χαμαιλέοντα
691 1807 984 1862 πολύπουν·
1015 1811 1188 1880 ἀειδῆ,
1213 1811 1478 1886 ἄμορφον,
1519 1814 1548 1866 δ

1839 1829 1884 1866 m
1939 1812 2214 1886 Evangelii
2261 1816 2446 1871 calceo
2477 1817 2817 1886 proculcata,
2849 1815 3074 1886 perinde
3111 1830 3174 1870 ac
3213 1815 3343 1870 cha-

47 1894 260 1965 οδμίαν
303 1895 594 1958 πνέουσαν,
647 1898 706 1950 ὲν
775 1899 910 1952 πᾶσι
964 1899 1084 1970 Θεῴ
1129 1901 1551 1976 εὐχαριστήσωμ

1841 1907 2046 1963 eleonte
2076 1910 2392 1978 multipede,
2419 1910 2565 1980 turpi
2622 1923 2687 1964 ac
2730 1909 2983 1972 deformi,
3019 1917 3074 1962 et
3109 1910 3345 1979 graviter

49 1984 291 2054 Πατέρα
315 1986 374 2038 ὲν
410 1985 543 2058 Υίῴ,
571 1986 698 2042 Υίὸν
735 1989 793 2042 ὲν
841 1991 1035 2062 Πατρὶ,
1087 1991 1184 2046 σὺν
1207 1995 1346 2066 ἁγίῳ
1374 1997 1553 2067 Πνεύμ

1838 2006 1963 2062 :ute,
2005 1999 2077 2053 ob
2119 2000 2235 2056 hac
2266 2003 2452 2056 omnia
2489 2001 2598 2056 Deo
2626 2000 2832 2070 gratias
2861 2014 3111 2070 agamus,
3151 2015 3214 2054 ac
3243 1997 3342 2054 Pa-

51 2076 140 2139 είς
172 2079 302 2141 τοὺς
331 2077 532 2143 αίῶνας
565 2077 670 2132 τῶν
695 2078 927 2136 αἰώνων.
979 2083 1168 2154 Ἀμήν.

1837 2104 1902 2142 nn
1938 2092 1992 2146 in
2019 2089 2071 2148 .F
2076 2091 2188 2156 ilio,
2223 2091 2420 2148 Filium
2467 2093 2522 2148 in
2553 2090 2713 2147 Patre
2747 2105 2874 2146 cum
2903 2101 3092 2147 sancto
3133 2091 3341 2163 Spiritu

1767 2179 2106 2236 celebremus
2140 2183 2192 2237 in
2221 2183 2422 2238 saecula
2457 2184 2801 2242 saeculorum.
2833 2182 3022 2237 Amen.

147 2321 168 2352 ¹
207 2320 225 2374 l
265 2321 406 2377 Tim.
434 2338 515 2390 ιιι,
548 2325 634 2380 13.
712 2328 732 2357 ⁸
765 2324 955 2383 Matth.
995 2341 1105 2391 xw,
1143 2327 1229 2380 18.

87 2524 3333 2563 _..__________._.____.___._.___________________________

715 2609 756 2646 ο

1060 2685 1288 2772 ΤΟΥ
1337 2683 1680 2770 ΑΓΙΟΥ
1730 2685 2150 2774 ΕΠΙΦΑΝ
2169 2689 2362 2774 ΙΟΥ

1246 2865 1622 2922 ΣΥΝΤΟΜΟΣ
1659 2867 1938 2921 ΑΛΗΘΙΙΣ
1971 2869 2192 2923 ΛΟΓΟΣ

597 3023 784 3076 ΠΕΡΙ
809 3019 1128 3076 ΠῙΣΤΕΩΣ
1161 3022 1594 3078 ΚΑΘΟΛῙΚΗΣ
1623 3023 1753 3077 ΚΑΙ
1793 3024 2313 3079 ΑΠΟΣΤΟΛΙΚΗΣ
2363 3027 2814 3083 ΕΚΚΑΗΣΙΑΣ.

1119 3259 1541 3352 SANCTI
1623 3263 2262 3354 EPIPHANII

71 3465 378 3528 BREVIS
429 3463 532 3526 AC
583 3463 808 3524 VERA
863 3460 1306 3524 EXPOSITIO
1353 3461 1572 3523 FlDEl
1637 3461 2126 3523 CATHOLICE
2171 3462 2274 3522 ET
2335 3458 2862 3522 APOSTOLICIE
2907 3458 3334 3524 ECCLESIE.

123 3649 228 3712 (Ex
252 3649 475 3702 editione
498 3649 631 3714 card.
659 3641 928 3714 Tbomasii,
955 3646 1282 3714 Institutione;
1305 3648 1606 3714 theologica}.
1631 3656 1739 3714 part
1765 3664 1814 3710 ιι,
1840 3651 2110 3714 ορρκζοηι.
2137 3649 2220 3714 ΙΧ,
2247 3664 2295 3712 p.
2319 3651 2432 3714 258.
2463 3637 2986 3714 Recensuit'notisque
3011 3653 3152 3700 auxit
3177 3651 3282 3698 An-

535 3713 698 3762 tonius
717 3713 1004 3762 Franciscus
1025 3711 1216 3762 Veuosi
1241 3711 1290 3762 C.
1317 3711 1375 3761 R.
1401 3713 1568 3762 Romae
1591 3712 1730 3773 1769,
1751 3715 1802 3762 in
1825 3713 1868 3760 4.
1886 3711 1956 3749 ⁷-2-
1973 3711 2123 3763 Notas
2143 3711 2292 3761 etiam
2318 3711 2508 3762 Petavii
2528 3711 2869 3775 subJecimus.)

137 3958 218 4014 A‘.
245 3956 329 4010 Τὰ
366 3956 465 4026 μὲν
489 3955 743 4026 πολυειδῆ
765 3954 862 4008 καὶ
891 3952 1204 4025 πολύτροπα
1231 3954 1328 4008 καὶ
1354 3953 1641 4025 πολυσχεδῐ

1843 3957 2054 4028 1078
2071 3953 2112 4010 1.
2155 3953 2516 4024 Posteaquam
2555 3951 2708 4006 varia
2731 3967 2794 4007 ac
2815 3951 3138 4022 multiplicia
3162 3967 3192 4007 e
3219 3967 3316 4023 pra
3333 3981 3347 3994 -

59 4051 180 4104 τῶν
209 4047 442 4102 σκολιῶν
472 4047 852 4118 βουλευμάτων
889 4047 907 4077 ¹
949 4045 1060 4099 τῶν
1089 4045 1346 4098 ἐναντίων
1371 4045 1563 4099 διαλαὸ

1886 4055 2078 4102 exorta
2117 4045 2372 4101 consiliis
2423 4059 2488 4099 ac
2535 4045 2822 4100 temeraria
2873 4043 3219 4098 inimicorum
3255 4044 3347 4098 do-

61 4161 166 4208 τες
199 4141 453 4215 προπετῆ
491 4140 797 4211 διδάγματα
823 4179 836 4203 ,
869 4139 962 4192 καὶ
1013 4137 1150 4209 πρὸς
1195 4133 1334 4200 εἶδος
1381 4139 1477 4191 καὶ
1505 4137 1565 4206 γέ

1841 4147 1944 4193 tata
1978 4138 2349 4208 disputatione
2380 4143 2570 4191 nostra
2604 4135 2873 4205 complexi
2905 4150 3119 4201 sumus,
3167 4143 3220 4188 ct
3251 4149 3345 4204 per

63 4235 374 4300 διελόντες,
411 4231 620 4305 φροῦδα
651 4233 748 4285 καὶ
779 4230 924 4284 ἕωλα
952 4229 1181 4300 δυνάμει
1215 4226 1350 4281 Θεοῦ
1381 4227 1566 4298 διηλέγ

1841 4247 1968 4288 ἰιιιιε
1991 4245 2299 4302 generaque
2327 4230 2741 4292 distribuentes,
2773 4243 2936 4298 quam
2967 4242 3123 4283 cassa
3148 4236 3199 4281 et
3227 4229 3345 4280 ina-

69 4347 178 4402 μεν
209 4328 324 4399 (25)
343 4367 359 4391 .
409 4327 502 4381 τόν
525 4343 583 4379 τε
617 4327 838 4396 ἄπειρον
863 4323 952 4377 τὸν
981 4322 1090 4375 ἀπὸ
1130 4319 1368 4390 ἑκάστης
1396 4320 1573 4390 αίρέσε

1838 4341 1852 4377 ι
1883 4322 2064 4379 forent
2093 4321 2188 4377 Dei
2214 4322 2414 4376 virtute
2442 4319 2820 4391 patefecimus,
2851 4329 2962 4374 tum
2993 4333 3210 4374 veroex
3243 4319 3342 4372 im-

67 4419 440 4493 βλασφημιῶν
491 4418 586 4472 καὶ
629 4414 1021 4488 αἰσχρολογιῶν
1055 4415 1149 4467 καὶ
1180 4412 1526 4483 ἀηδεστάτων
1557 4428 1571 4465 ι

1837 4416 1976 4471 ensis
2007 4415 2114 4472 illis
2147 4413 2580 4484 uniuscujusque
2607 4421 2769 4468 sectae
2799 4409 3253 4466 contumeliarum
3287 4411 3341 4464 in

65 4516 184 4569 τῶν
225 4510 546 4583 μυστηρίων
589 4509 836 4564 κλύδωνα
863 4505 1285 4578 διανηξάμενοι,
1319 4503 1463 4576 μάλα
1511 4503 1569 4574 μέ

1841 4525 1939 4563 :um
1985 4523 2048 4563 ac
2095 4523 2294 4562 vocum
2355 4504 2796 4576 turpissimarum
2844 4503 3345 4559 acerbissimorum-

69 4603 186 4660 τῶν
218 4601 554 4674 ζητημάτων
599 4601 772 4671 πάντη
807 4598 1196 4668 ὲπιλυσάμενοι
1217 4635 1232 4661 ,
1274 4597 1368 4650 καὶ
1404 4595 1502 4666 τὴν
1535 4613 1573 4648 τι

1839 4618 1878 4658 le
1925 4601 2310 4674 mysteriorum
2362 4596 2618 4653 ﬂuctibus
2661 4597 3040 4662 enatavimus;
3083 4599 3343 4662 eumque,

70 4715 186 4751 των
241 4693 546 4766 μοχθηρίαν
579 4690 1020 4762 ὐπερὸεϐηκότες
1048 4729 1064 4754 ,
1105 4689 1214 4750 τοῖς
1265 4687 1368 4757 τῆς
1404 4685 1568 4758 άληθε

1844 4694 2026 4748 ιιιίίιιιε
2055 4692 2414 4762 quaestionum
2451 4689 2613 4743 nodis
2646 4703 2788 4758 aegre
2829 4686 3114 4742 dissolutis
3143 4693 3210 4740 et.
3231 4687 3348 4740 illo-

71 4787 359 4858 γαληνίοις
392 4784 804 4854 ὲπλησιάσαμεν
854 4781 1078 4854 χωρίοις
1101 4819 1115 4844 ,
1151 4779 1329 4847 πάντα
1360 4781 1459 4850 μὲν
1499 4779 1575 4832 τότ

1846 4801 1894 4839 m
1927 4785 2278 4855 improbitate
2312 4791 2589 4852 superata,
2617 4781 2682 4835 ad
2717 4779 3071 4848 tranquillam
3101 4777 3350 4833 veritatis

71 4879 442 4936 δυσθάλαττον
488 4877 920 4947 διαπεράσαντες
947 4916 960 4936 ,
1011 4874 1104 4927 καλ
1137 4874 1318 4925 πᾶσαν
1363 4871 1531 4942 ζάλην
1566 4889 1575 4924 1

1845 4878 2062 4930 itionem
2123 4875 2529 4945 appulerimus,
2601 4871 2804 4926 diﬂicili
2861 4883 2926 4922 ac
2973 4875 3349 4938 tempestuoso

75 4971 358 5044 ἀφρισμόν
391 4971 486 5023 καὶ
527 4969 787 5039 κυμάτων
812 4967 1086 5036 κύρτωσιν
1113 4967 1135 4997 ⁹
1163 4965 1579 5036 ὑπομεμενηκότ

1847 4970 1917 5022 ιιιὶ
1949 4969 2070 5020 loco
2101 4966 2454 5028 transmisso,
2480 4971 2534 5016 et
2565 4962 2820 5032 procellis
2861 4975 2925 5014 ac
2953 4959 3228 5029 spumosis
3255 4973 3351 5012 un—

79 5069 244 5122 σάλον
270 5067 348 5128 δὲ,
381 5065 457 5128 ὡς
487 5065 680 5126 εἰπεῖν,
711 5063 806 5116 καὶ
837 5061 1074 5129 ῖλιγγας,
1094 5058 1268 5132 βράχη
1301 5076 1358 5111 τε
1393 5059 1453 5111 οὐ
1477 5058 1544 5111 τά
1572 5075 1583 5102 ε

1845 5076 1961 5114 rum
1997 5058 2300 5113 vorticilius
2327 5056 2593 5118 defuncti,
2633 5055 2724 5109 ubi
2749 5053 3104 5122 jactationem
3141 5065 3204 5104 ac
3225 5065 3349 5105 ver-

77 5161 244 5230 χδντα
275 5159 370 5210 καὶ
397 5157 746 5228 Θηριοϐὁλους
775 5155 972 5218 τόπους
999 5154 1322 5224 θεασάμενοι
1346 5192 1362 5216 ,
1408 5153 1466 5204 ἐν
1498 5153 1581 5206 πεί

1851 5153 1992 5207 inem
2042 5149 2251 5219 experti
2293 5149 2512 5218 saepius,
2567 5155 2680 5200 tum
2719 5145 2907 5200 brevia
2951 5143 3266 5212 vadosaque
3301 5152 3351 5194 et

75 5271 136 5306 τε
167 5254 379 5306 τούτων
403 5250 494 5303 διὰ
517 5249 624 5302 τῶν
648 5249 824 5318 λόγων
848 5248 1224 5320 γεγενημένοι,
1261 5247 1352 5299 τὸν
1385 5246 1485 5316 τῆς
1512 5247 1579 5315 si;

1847 5246 1968 5300 'csta
1993 5231 2189 5298 belluis
2213 5243 2328 5296 loca
2357 5257 2520 5312 quam
2547 5239 2778 5311 plurima
2805 5238 3207 5309 prospeximus,
3233 5249 3351 5304 qua:

151 5405 266 5473 'yp.
305 5404 668 5475 βουλεύματα.
766 5406 786 5434 ²
811 5422 900 5472 γρ.
939 5404 1220 5476 κύρτασιν.

151 5586 264 5656 (25)
309 5583 640 5656 Referanlur
683 5585 770 5638 illa
802 5593 1017 5656 oportet
1063 5587 1128 5638 τιεί
1167 5585 1511 5656 suppr-irarum
1545 5583 1656 5656 haec
1767 5577 2074 5656 gulijttnxit,
2137 5575 2214 5628 ιιιί
2269 5579 2511 5634 constat,
2571 5577 2894 5640 prmscntem
2957 5564 3108 5620 Fidei
3173 5560 3353 5631 Expo-

83 5651 374 5727 rcswnjn
421 5655 654 5708 Panario
689 5651 1116 5711 confutalionem
1147 5651 1312 5711 cui'S.
1341 5653 1672 5723 Epiphanius
1781 5651 2058 5708 sitionem.
