3854 6308
511 247 617 303 775
1926 236 1985 291 S.
2028 232 2373 291 EPIPHANH
3685 236 3769 291 775

510 358 730 432 quidem
768 358 838 412 iis
871 356 925 411 in
955 355 1432 426 disputationibus
1461 352 2032 423 commcntariisquep

2249 369 2305 424 ης
2334 353 2526 423 λιμένα
2557 354 2676 406 νυνὶ
2711 352 2977 425 θεώμενοι
3010 395 3022 417 ,
3057 356 3136 419 εἰς
3174 355 3233 409 δν
3268 358 3507 429 κατᾶραι
3542 354 3771 411 σπεύδει-

515 451 740 507 riclitati
777 464 974 505 sumus
1002 464 1017 502 :
1053 463 1178 503 cum
1212 457 1496 518 postremo
1530 445 1681 517 pacis
1718 453 1935 515 portum
1967 460 2033 500 en

2252 458 2301 508 ες
2320 486 2334 509 ,
2364 446 2432 498 δι’
2456 443 2625 515 εὐχῆς
2658 445 2823 499 πάλιν
2852 446 2943 499 τὸν
2974 444 3173 517 Κύριον
3201 446 3487 518 ἀξιοῦμεν.
3521 450 3658 518 Ἤδη
3694 448 3774 519 μιν

512 553 618 596 nus
656 541 994 602 intueamur,
1042 539 1109 594 ad
1143 555 1268 593 eum
1322 551 1515 592 navem
1567 535 1846 607 applicare
1885 535 2034 605 cupis

2252 537 2410 599 αντὸς
2446 535 2611 605 φόϐου
2662 536 2759 589 καὶ
2810 534 3041 606 θορύϐου
3075 538 3169 590 καὶ
3219 528 3559 602 ναυτίάσεως
3592 541 3774 593 ύπολω-

511 638 614 694 tes,
648 629 822 684 divini
860 630 1105 683 muniuis
1135 643 1291 698 opem
1330 641 1526 683 rursus
1554 626 2033 697 implorabimus.

2254 628 2457 690 ὦντες,
2509 627 2622 693 ’ἐξει
2657 627 2713 679 δὲ
2772 627 3040 701 καλλίστῃ
3076 628 3255 697 (τὰς)
3296 631 3399 701 πρὸ
3445 632 3550 700 τῆς
3577 635 3774 704 στερείς

512 730 660 777 metu
694 722 918 792 quidem
954 721 1105 775 omni
1144 728 1198 775 et
1235 718 1603 790 trepidatione
1643 733 1961 788 nauseaque
1987 733 2034 772 οι

2252 720 2442 791 6ρας¹⁰
2467 718 2828 790 ὲμπνεόμενοι
2849 720 2943 773 καὶ
2970 721 3272 791 ἀσφαλείας
3299 722 3391 775 καὶ
3414 722 3515 775 τοῦ
3540 740 3600 775 τε
3626 724 3774 777 εὐδίου

514 822 694 879 sante,
728 814 937 883 Optimo
972 813 1026 867 in
1074 820 1220 867 statu
1255 814 1418 882 positi
1451 812 1966 881 jucundissimoque
1996 825 2036 864 οι

2251 815 2431 884 ιμένος
2458 852 2472 876 ,
2505 811 2879 883 ὲνισχυόμενοι
2909 813 2989 883 τῷ
3022 813 3295 883 πνεύματι
3336 815 3436 886 ἠδη
3465 814 3771 885 γεγήθαμεν.

514 905 674 959 tiaris
713 917 864 958 aurae
898 918 961 957 ac
992 903 1310 958 securitatis
1339 902 1521 956 afllatu
1557 902 1925 972 perfruentes,
1958 907 2036 955 tra

2251 906 2395 961 Ιολλὰ
2431 908 2531 978 μὲν
2573 906 2658 975 (εἰ
2691 906 2775 960 δεῖ
2821 907 2870 959 τ’
2918 906 3095 978 άληθῆ
3147 906 3369 977 λέγειν)
3414 907 3663 979 μοχθηρὰ
3701 910 3773 963 ἐπὶ

514 996 745 1067 quillum
768 993 882 1066 jam
916 995 971 1049 in
1006 1003 1224 1066 portum
1258 995 1540 1055 subducti.
1574 994 1772 1064 spiritu
1812 994 2034 1063 animoq

2250 999 2467 1064 ούτοις,
2504 999 2598 1053 καὶ
2645 998 2833 1068 ὓΰρεις
2870 1000 2931 1052 οὐ
2980 999 3079 1063 τὰς
3122 1000 3393 1070 τυχούσας
3447 1000 3772 1064 ὑποστάντες,

515 1087 805 1159 gestimus.
840 1084 1055 1142 Etenim
1099 1086 1169 1143 iis
1204 1087 1259 1141 in
1301 1086 1582 1150 omnibus,
1632 1086 1680 1141 si
1720 1100 1912 1140 verum
1948 1083 2037 1138 fati

2250 1093 2314 1146 al.
2344 1092 2449 1162 γῆν
2486 1092 2579 1145 καὶ
2622 1090 2894 1146 θάλατταν
2915 1132 2929 1155 ,
2974 1093 3049 1156 ὼς
3099 1095 3275 1146 είπεῖν
3299 1134 3314 1157 ,
3346 1092 3705 1159 πεζεύσαντές
3728 1111 3772 1147 τε

516 1182 793 1248 volumus,
826 1179 1079 1249 pluribus
1111 1179 1480 1234 incommodis
1513 1187 1571 1233 et
1603 1177 1860 1232 maximis
1891 1177 2038 1247 injur

2252 1185 2314 1240 al.
2340 1185 2880 1258 ποντοπορήσαντες,
2934 1185 3031 1256 τῆς
3074 1186 3171 1255 μὲν
3202 1188 3308 1256 γῆς
3355 1184 3422 1239 τὰ
3470 1186 3673 1257 τραχῆ,
3703 1188 3774 1238 καὶ

519 1273 843 1341 conflictati,
875 1287 962 1335 ac,
993 1271 1245 1326 terrestri
1280 1270 1669 1340 maritimoque
1695 1270 1893 1325 itinere
1925 1272 2041 1323 conl

2254 1278 2318 1349 ἧς
2349 1277 2561 1347 ἐρήμου
2590 1275 2690 1337 τὰς
2736 1274 3077 1346 δυσχωρίας,
3112 1290 3206 1328 και.
3254 1273 3363 1328 τῶν
3392 1276 3776 1346 προειρημένων

521 1371 632 1427 cto,
663 1378 899 1434 quorum
945 1363 1001 1418 in
1035 1363 1131 1418 illo
1158 1362 1450 1433 impeditas
1483 1376 1548 1416 ac
1584 1360 1832 1417 difﬁciles
1865 1360 2043 1417 salebr

2252 1370 2472 1439 πελαγῶν
2500 1370 2627 1433 τοὺς
2654 1368 2935 1431 κινδύνους
2956 1407 2972 1431 ,
3000 1366 3137 1437 ὁμοῦ
3159 1384 3218 1420 τε
3254 1366 3411 1419 πόλιν
3433 1366 3682 1437 ὁρῶντες,
3707 1368 3774 1419 ἐπ’

519 1464 578 1511 et
606 1455 924 1512 solitudinis
948 1456 1302 1526 asperitates,
1331 1458 1385 1511 in
1418 1456 1521 1511 hoc
1555 1456 1707 1511 varia
1738 1456 1978 1527 pericula
2010 1456 2041 1510 fl

2254 1463 2391 1535 ,ὺτὴν
2426 1462 2753 1533 σπεύσωμεν
2776 1501 2791 1527 ,
2831 1459 2931 1530 τὴν
2964 1460 3127 1528 ἁγίαν
3160 1458 3527 1531 Ἰερουσαλὴμ
3551 1498 3567 1521 ,
3593 1460 3776 1531 καὶτὴν

522 1565 647 1604 mus
688 1550 917 1615 emensi,
954 1563 1077 1603 cum
1105 1549 1220 1617 jam
1254 1550 1535 1604 civitatem
1576 1549 2003 1619 prosyiciamus,

2251 1556 2494 1628 παρθένον
2527 1553 2765 1627 Χριστοῦ
2787 1595 2801 1620 ,
2854 1553 2948 1607 καὶ
2985 1551 3239 1623 νύμφην,
3272 1552 3496 1623 ἀσφαλῆ
3538 1569 3599 1605 τε
3645 1552 3773 1621 βάσιν

523 1644 701 1712 ipsam
755 1656 1120 1712 properemus
1183 1651 1434 1697 sanctam
1485 1641 1851 1705 Hierusalem,
1910 1640 2045 1718 Chri

2254 1649 2320 1702 κτλ¹
2342 1647 2569 1718 πέτραν,
2619 1646 2823 1717 σεμνήν
2856 1661 2915 1698 τε
2945 1646 3158 1717 μητέρα
3186 1645 3366 1716 ἡμῶν,
3401 1645 3639 1716 Χριστοῦ
3673 1645 3776 1714 νύμρ

520 1734 789 1805 virginem
839 1747 904 1789 ac
957 1749 1240 1804 sponsam,
1274 1734 1433 1789 basin
1484 1742 1538 1790 et
1594 1743 1805 1804 petram
1851 1711 2042 1788 solidis

2250 1757 2344 1811 σιν.
2374 1711 2755 1811 Εύκαιρότατα
2779 1711 2881 1791 καὶ
2919 1711 3370 1806 αὑτοὶ-λέχοντες
3389 1753 3404 1767 ·
3441 1711 3637 1797 Ᾰεῦτε.
3658 1711 3772 1791 ἀνο-

522 1840 666 1880 mam
692 1825 1171 1896 venerandamque
1211 1834 1441 1880 matrem
1492 1832 1762 1889 nostram,
1792 1824 2044 1880 et'eamdz

2249 1832 2418 1901 πῶμεν
2457 1832 2546 1897 είς
2582 1830 2648 1884 τὸ
2680 1829 2818 1899 ὄρος
2865 1829 3092 1897 Κυρίου
3122 1828 3220 1882 καί
3250 1830 3339 1896 εις
3367 1828 3480 1884 τὸν
3507 1828 3668 1885 οἷκον
3688 1829 3771 1881 τοῦ

522 1917 728 1973 Christi
759 1933 1043 1988 sponsam.
1079 1917 1137 1971 ln
1174 1933 1284 1988 quo
1316 1926 1625 1989 opportune
1667 1918 1815 1973 istud
1849 1933 2044 1987 usurpa

2246 1922 2366 1976 θεοῦ
2412 1920 2650 1982 Ἰακὼϐ,
2684 1921 2781 1973 καὶ
2812 1920 3132 1990 ἀναγγελεῖ
3180 1919 3326 1989 ἡμῖν
3360 1919 3484 1988 τὴν
3528 1919 3663 1974 ὀδόν
3684 1923 3768 1973 αὺ-

525 2019 822 2076 possumus
848 2005 1057 2061 :Vem’te
1079 2046 1092 2070 ,
1130 2007 1483 2061 ascendamus
1520 2008 1589 2061 ad
1641 2016 1869 2063 montem
1903 2008 2047 2062 Dom:

1238 2007 1483 2061 andamus
1520 2008 1589 2061 ad
1641 2016 1869 2063 montem
1903 2008 2118 2062 Domini
2218 2012 2325 2066 τοῦ
2345 2053 2359 2076 ,
2390 2011 2485 2065 xai.
2514 2010 2584 2064 τὰ
2615 2009 2760 2080 ἑξῆς.

523 2108 574 2152 et
602 2097 672 2151 ad
705 2097 921 2152 domum
960 2097 1273 2162 DeiJacob,
1311 2108 1361 2152 et
1405 2098 1746 2152 annuntiabit
1788 2098 1937 2154 nobis
1980 2099 2118 2152 viam

526 2204 679 2242 suam
714 2190 755 2254 ¹,
783 2196 891 2243 etc.

601 2278 905 2349 1079".
947 2280 1108 2350 Agite
1142 2281 1350 2351 itaque,
1400 2279 1612 2335 Christi
1668 2280 1761 2335 filii
1810 2295 1877 2334 ac
1917 2288 2121 2334 sancta:

2293 2273 2368 2326 B'.
2390 2274 2525 2342 Ἀγε
2551 2272 2752 2337 τοίνυν,
2784 2272 2833 2325 οἱ
2866 2269 3103 2343 Χριστοῦ
3130 2271 3338 2334 παῖδες,
3372 2271 3484 2324 υἱοὶ
3515 2270 3611 2342 τῆς
3641 2270 3767 2338 ἁγίας

529 2367 623 2424 Dei
662 2368 923 2425 Ecclesiae
954 2371 1139 2439 liberi,
1176 2371 1271 2441 qui
1313 2370 1419 2425 hoc
1457 2379 1709 2426 nostrum
1737 2370 1803 2425 de
1843 2385 1986 2424 Lxxx
2012 2370 2051 2422 h;

2243 2364 2358 2419 3503
2406 2364 2751 2436 Ἐκκλησίας,
2787 2364 2837 2417 οἱ
2872 2363 2988 2417 τόδε
3042 2362 3103 2416 τὸ
3149 2361 3436 2434 σύνταγμα
3462 2362 3566 2416 τῶν
3608 2360 3765 2430 ὁγδοή-

529 2462 760 2518 resihus.
793 2478 933 2533 opus
964 2464 1200 2535 benigne
1242 2462 1619 2533 percurristis,
1666 2462 1871 2533 quique
1905 2476 2051 2516 mecu

2244 2474 2386 2512 ιοντα
2455 2457 2719 2528 αἱρέσεων
2758 2456 2981 2527 ἡμέρως
3027 2455 3161 2509 αὐτὸ
3188 2455 3547 2529 διερχόμενοι,
3581 2455 3665 2507 καὶ
3694 2453 3766 2505 σὺν

530 2553 861 2610 altissimum
888 2556 1039 2610 illum
1070 2570 1362 2627 pravorum
1392 2556 1730 2627 dogmatum,
1758 2570 1881 2626 quae
1917 2556 2052 2611 huct:

2242 2550 2347 2622 ιμοὶ
2371 2548 2462 2603 τὸν
2487 2549 2729 2603 τοιοῦτον
2752 2549 2913 2618 ὄγκον
2936 2549 3046 2603 τῶν
3070 2548 3490 2647 προειρημένων
3521 2544 3764 2619 μοχθηρῶν

531 2663 637 2718 que
685 2649 1123 2718 percensuimus,
1172 2649 1444 2720 gurgitem
1477 2650 1765 2713 tranastis,
1806 2664 1871 2704 ac
1909 2656 2053 2705 vasta

2245 2642 2581 2696 ῑιδασκαλιῶν
2626 2642 3034 2714 διανηξάμενοι,
3086 2638 3547 2706 δῖαπεζεύσαντές
3597 2658 3650 2694 τε
3692 2638 3767 2707 τὴν

530 2747 584 2792 et
628 2737 1034 2794 formidabilem
1090 2739 1548 2810 siticulosamque
1595 2738 1949 2796 solitudinem
2000 2755 2052 2810 pi

2241 2735 2493 2807 τοσαύτην
2525 2734 2753 2807 ἔρημον,
2790 2735 3028 2807 φοϐεράν
3079 2746 3141 2789 τε
3183 2737 3278 2790 καὶ
3309 2738 3366 2789 ὲν
3400 2737 3545 2806 δίψει
3577 2749 3763 2789 κατατε-

534 2830 791 2903 agrastis,
852 2816 1035 2887 rerum
1091 2831 1339 2889 omnium
1388 2832 1680 2887 Dominum
1743 2833 2056 2903 imploremu

2241 2828 2525 2901 ταγμένην,
2582 2827 3040 2899 ὲπικαλεσώμεθα
3093 2828 3184 2882 τὸν
3237 2826 3343 2881 τῶν
3397 2828 3533 2881 ὅλων
3583 2826 3763 2895 Κύριον.

530 2925 687 2993 Quod
740 2926 959 2997 quidem
996 2926 1320 2996 jamdudum
1357 2928 1415 2982 in
1457 2928 1599 2983 votis
1634 2926 1948 2991 habuimus,
1996 2942 2052 2981 cu

2241 2922 2401 2977 Πάλαι
2427 2922 2524 2993 μὲν
2545 2923 2603 2975 ὲν
2634 2920 2902 2992 ἐπιθυμίᾳ
2932 2920 3123 2973 τούτου
3152 2920 3326 2983 ὄντες,
3350 2921 3449 2973 καὶ
3476 2918 3763 2973 καθέκαςτον

532 3018 588 3072 in
627 3018 873 3089 quolibet
896 3026 1172 3075 sectarum
1205 3017 1519 3075 istiusmodi
1566 3018 1707 3082 loco,
1749 3017 1830 3072 sic
1861 3027 2054 3086 tanqu:

2241 3016 2388 3071 τόπον
2416 3014 2528 3069 τῶν
2562 3014 2826 3086 αἱρέσεων
2850 3013 3075 3077 τούτων,
3106 3012 3296 3083 ὥσπερ
3324 3015 3381 3066 ὲν
3413 3013 3605 3082 Mem};
3628 3008 3763 3077 τόπῳ.

532 3113 589 3168 in
621 3072 860 3179 ἀει-τίη,
887 3119 941 3166 et
977 3112 1030 3164 in
1074 3109 1433 3166 formidolosa
1488 3124 1551 3165 ac
1605 3109 1855 3179 squalida
1887 3118 1940 3164 et
1980 3110 2054 3163 in:

2242 3110 2322 3164 ml.
2350 3109 2409 3163 ἐν
2437 3108 2578 3179 δίψει
2607 3072 2705 3179 τῆς
2738 3106 2974 3180 φοϐερᾶς
2996 3072 3198 3160 ἀϐάτου
3232 3072 3467 3177 ἐρήμου,
3612 3072 3764 3157 συναν-

533 3218 691 3259 ce.-.sa
723 3202 1022 3257 solitudine
1045 3203 1085 3267 ’,
1124 3205 1177 3256 in
1208 3202 1465 3273 obliquos
1500 3216 1563 3255 ac
1593 3210 1873 3256 tortuosos
1904 3202 2055 3255 illam

2241 3202 2428 3267 ζῶντες
2453 3204 2567 3265 τοῖς
2608 3201 2839 3264 σκολιοῖς
2869 3200 3049 3253 αὐτῶν
3084 3200 3277 3269 λόγοις.
3343 3199 3763 3269 Ἐπιφωνήσωμεν

534 3309 816 3351 sermones
841 3295 1270 3350 incurreremus.
1294 3292 1453 3348 Nunc
1480 3294 1613 3348 illud
1633 3293 1757 3361 jure
1777 3300 1969 3348 nostro
1996 3306 2056 3362 pr

2238 3296 2322 3349 καὶ
2369 3295 2556 3349 αύτοί’
2609 3296 2719 3347 Ὃν
2767 3296 2993 3361 τρόπον
3037 3291 3305 3347 ἐπιποθεῖ
3354 3293 3394 3359 ἠ
3444 3293 3651 3361 ἔλαφος
3688 3287 3760 3341 ἐπὶ

535 3387 853 3443 nuntiemus
913 3405 926 3441 :
972 3384 1430 3453 Quemadmodum
1499 3385 1767 3440 desiderat
1824 3401 2047 3439 cervus-

2239 3388 2331 3454 τὰς
2360 3387 2554 3457 πηγὰς
2587 3385 2708 3440 τῶν
2729 3384 2985 3449 ὑδάτων,
3020 3385 3210 3451 οὕτως
3241 3384 3520 3439 ἐπιποθεῖ
3552 3386 3587 3450 ή
3626 3379 3761 3450 ψυχή

535 3479 705 3547 fontes
753 3494 1044 3546 aquarum,
1109 3479 1186 3533 ita
1236 3477 1503 3533 desiderat
1556 3479 1737 3531 anima
1791 3493 1909 3531 mea
1952 3476 2057 3531 adt

2237 3495 2339 3532 uov
2365 3477 2517 3545 πρὸς
2549 3475 2645 3542 σὲ,
2688 3480 2721 3530 ό
2753 3477 2918 3543 Θεός.
2952 3476 3063 3529 Καὶ
3090 3476 3282 3529 πάλιν*
3315 3476 3469 3531 Πότε
3506 3476 3661 3535 ἔλθω,
3687 3470 3759 3523 καί

536 3571 677 3626 Deus
703 3571 747 3625 ³.
792 3572 925 3627 Item
960 3590 973 3626 :
1014 3570 1239 3637 Quando
1272 3572 1497 3635 veniam,
1524 3581 1573 3625 et
1608 3573 1867 3641 apparebo
1890 3571 2058 3640 ante!

2237 3569 2565 3640 ὀφθήσομαι
2599 3569 2680 3634 τῷ
2710 3566 3007 3638 προσώπῳ
3034 3569 3141 3624 τοῦ
3169 3567 3357 3635 Θεοῦ;
3390 3570 3492 3624 Διὰ
3527 3569 3667 3621 τοῦτο
3691 3565 3759 3617 τά·

536 3664 666 3717 ciem
693 3662 792 3717 Dei
815 3663 875 3717 ⁵7
900 3662 1043 3729 Quin
1087 3672 1141 3717 et
1174 3664 1288 3731 tuos
1317 3663 1563 3732 ejusdem
1600 3663 1901 3732 Scriptura:
1944 3665 2058 3718 verl

2235 3680 2339 3735 χιον
2373 3663 2467 3717 καὶ
2495 3661 2650 3716 αὐτοὶ
2683 3658 3157 3731 ὲπικαλεσὼμεθα,
3189 3662 3289 3733 οὐχ
3318 3662 3395 3725 ὡς
3436 3663 3628 3722 ἐκεῖνος
3662 3655 3757 3709 ἑκά-

537 3768 799 3824 sponsam
849 3767 1130 3813 vocemus,
1180 3768 1291 3806 non
1341 3762 1399 3806 ut
1445 3754 1535 3807 ille
1575 3753 1747 3823 ipsius
1779 3753 2025 3824 Sponsus

2234 3757 2306 3809 λει
2348 3753 2447 3827 τὴν
2475 3753 2716 3826 νύμφην,
2761 3752 3201 3824 νυμφίος¹αύτῆς
3228 3754 3533 3825 τυγχάνων,
3566 3751 3648 3803 καὶ
3674 3747 3756 3800 Κύ-

537 3843 803 3900 Dominus
824 3854 879 3899 et
931 3860 1031 3899 rex
1059 3852 1114 3898 et
1148 3844 1291 3899 Deus
1334 3855 1388 3898 et
1431 3852 1730 3914 protector,
1769 3846 1863 3900 sed
1915 3853 1972 3898 ut
2003 3845 2050 3915 ej

2231 3865 2363 3920 ριος,
2421 3848 2514 3900 καὶ
2560 3846 2862 3916 Δεσπότης,
2921 3840 3017 3899 καὶ
3068 3844 3342 3914 βασιλεὺς,
3386 3846 3482 3900 καὶ
3515 3843 3647 3904 Θεὸς,
3688 3838 3753 3889 καὶ

546 3937 691 3993 servi
726 3935 919 3992 iisdem
951 3936 1154 4007 quibus
1185 3936 1303 4007 ipse
1335 3939 1519 3994 verbis
1549 3939 1699 3994 illam
1733 3943 2068 4012 appellemus

2230 3940 2543 4011 ὑπέρμαχος
2562 3955 2575 3967 ·
2611 3938 2728 3991 ἀλλ’
2760 3937 2835 4002 ὡς
2866 3936 3043 3991 δοῦλοι
3072 3936 3235 3990 αὑτοῦ
3272 3939 3437 4008 ἡμεῖς
3468 3929 3752 3992 έπικαλεσὼ-

549 4027 681 4084 Vani
699 4035 764 4083 de
787 4027 1015 4094 Libano,
1052 4045 1269 4097 sponsa,
1293 4032 1543 4102 quoniam
1586 4042 1699 4087 tota
1728 4033 1955 4104 pulchra
1975 4050 2051 4102 es,

2231 4029 2388 4101 μεθα,
2421 4028 2631 4100 συνῳδὰ
2659 4029 2737 4101 τῷ
2784 4028 2936 4099 αὐτῷ
2984 4028 3080 4083 καὶ
3121 4027 3279 4083 αὐτοὶ
3305 4029 3578 4099 λέγοντες*
3609 4021 3753 4089 Δεῦρο

538 4120 753 4175 macula
802 4136 908 4175 non
946 4130 1026 4175 est
1085 4122 1140 4175 in
1186 4131 1234 4175 te
1252 4122 1296 4177 ⁸.
1329 4121 1591 4180 Raradise
1632 4125 1833 4180 summi
1873 4125 2060 4182 artifici

2228 4123 2344 4187 ἀπὸ
2382 4122 2664 4187 Λιϐάνου,
2707 4124 2932 4193 νύμφη,
2969 4122 3059 4175 ὅτι
3108 4122 3222 4189 ὅλη
3252 4120 3410 4190 καλὴ
3451 4122 3521 4185 εἷ,
3560 4118 3642 4172 καὶ
3662 4111 3750 4185 μῶ-

538 4214 719 4268 sancti
752 4214 900 4287 regis
931 4214 1149 4278 civitas,
1179 4215 1303 4286 puri
1327 4215 1634 4287 illibatique
1661 4216 1868 4274 Christi
1896 4234 2060 4291 spons

2227 4232 2335 4284 μος
2363 4217 2473 4268 οὐκ
2507 4214 2679 4268 ἐστιν
2706 4214 2775 4265 ἐν
2803 4215 2922 4268 σοί.
2979 4213 3036 4267 Ὀ
3079 4212 3406 4284 παράδεισος
3439 4211 3530 4267 τοῦ
3562 4206 3749 4280 μεγάλου

539 4306 852 4361 castissima
881 4296 1061 4378 virgo,
1092 4308 1186 4362 uni
1212 4322 1276 4362 ac
1303 4308 1567 4378 singulari
1592 4312 1712 4365 viro
1733 4310 2001 4382 desponsa
2028 4327 2061 4383 p

2224 4306 2489 4379 τεχνίτου,
2524 4309 2556 4378 ἠ
2586 4308 2740 4370 πόλις
2772 4306 2865 4360 τοῦ
2910 4306 3070 4375 ἁγίου
3103 4306 3382 4376 βασιλέως,
3415 4309 3450 4378 η
3488 4306 3648 4376 νύμφη
3677 4294 3743 4351 τοῦ

538 4396 725 4463 tidem,
765 4399 1048 4469 splendida
1081 4408 1136 4454 et
1183 4398 1412 4455 diluculi
1448 4402 1624 4457 instar
1646 4417 1966 4472 emergens;
2006 4420 2060 4475 pi

2228 4400 2456 4454 ἀσπίλου
2484 4399 2741 4472 Χριστοῦ,
2781 4402 2814 4471 ἡ
2847 4399 3113 4471 παρθένος
3143 4401 3177 4470 ἡ
3226 4400 3387 4471 ἁγνὴ,
3427 4401 3565 4472 μόνῳ
3588 4397 3654 4450 ἑνὶ
3677 4394 3744 4445 ἁν-

539 4489 675 4544 chra
706 4499 766 4545 ut
795 4491 948 4558 luna,
974 4491 1145 4547 electa
1197 4499 1258 4546 ut
1293 4492 1397 4556 sol,
1451 4493 1709 4547 terribilis
1736 4503 1793 4549 ut
1812 4501 2058 4551 castroru

2224 4493 2313 4564 δρὶ
2354 4494 2413 4546 ἐν
2464 4494 2644 4547 πίστει
2686 4493 3164 4565 μεμνηστευμένη,
3208 4495 3241 4564 ἡ
3291 4494 3548 4566 διαφανὴς
3576 4488 3653 4544 καὶ
3674 4488 3740 4538 ἐκ·

539 4580 688 4636 acies
730 4582 983 4636 ordinata
1009 4582 1029 4613 ⁶
1055 4601 1067 4635 :
1096 4597 1261 4651 quam
1301 4584 1505 4653 reginae
1541 4584 1757 4639 beatam
1795 4586 2061 4655 prmdican

2227 4585 2507 4639 κύπτουσα
2554 4586 2687 4638 ὡσεὶ
2724 4585 2940 4658 ὄρθρος,
2989 4585 3128 4656 καλὴ
3165 4585 3241 4649 ὡς
3283 4585 3502 4657 σελήνη,
3541 4584 3607 4645 ὡς
3633 4578 3744 4649 ἣλιος

538 4678 594 4726 et
612 4672 938 4728 concubina:
959 4674 1260 4739 celebrant,
1284 4682 1338 4729 et
1364 4676 1557 4744 puellae
1578 4676 1894 4731 collaudant
1912 4680 1929 4709 ⁷
1957 4697 1971 4745 ;
1999 4696 2060 4748 qu

2226 4678 2491 4749 ἐκλεκτὴ,
2546 4676 2753 4747 θάμϐος
2796 4677 2872 4741 ὡς
2924 4678 3256 4749 τεταγμένη,
3301 4679 3334 4746 ἠ
3392 4670 3739 4749 μακαριζομένη

538 4762 793 4820 ascendis
835 4778 866 4819 ο
915 4766 1156 4831 deserto,
1194 4766 1644 4835 splendidissimo
1673 4770 1913 4825 candore
1955 4774 2059 4825 coll

2224 4769 2334 4823 ἀπὸ
2363 4770 2472 4823 τῶν
2511 4769 2817 4846 βασιλίδων,
2854 4771 2947 4823 καὶ
2974 4769 3347 4842 ὲξυμνουμένη
3379 4773 3485 4825 ὑπὸ
3518 4768 3610 4821 τῶν
3639 4759 3739 4816 παλ-

538 4870 670 4912 cens
734 4864 789 4910 et
842 4857 1031 4911 innixa
1078 4860 1351 4927 patrueli:
1383 4875 1506 4929 quae
1553 4868 1956 4932 unguentorum
2006 4864 2060 4918 fr;

2224 4862 2477 4927 λακίδων,
2535 4866 2567 4934 ἡ
2624 4863 2730 4917 ὑπὸ
2760 4862 2867 4916 τῶν
2915 4862 3229 4935 θυγατέρων
3272 4861 3634 4932 ἐπαινουμένη.
3671 4849 3736 4905 λαὶ

538 4951 807 5021 grantiam
836 4950 1050 5007 redoles
1083 4969 1096 5005 :
1126 4967 1247 5022 quae
1273 4953 1529 5010 ascendis
1558 4969 1589 5009 e
1611 4953 1831 5009 deserto
1858 4964 2059 5027 tanqua

2224 4954 2333 5007 ἀπὸ
2363 4955 2463 5024 τῆς
2510 4956 2719 5026 ἐρήμου
2748 4955 3106 5025 ἀνερχομένη,
3152 4955 3245 5008 καὶ
3284 4944 3734 5017 λελευκανθισμένηι

536 5041 747 5111 virgula
776 5040 910 5095 fumi
936 5056 1002 5097 ex
1036 5042 1270 5112 myrrha:
1302 5042 1591 5114 thurisque
1620 5043 1826 5109 squitu,
1858 5054 2022 5116 atque
2053 5070 2058 5096 ι

2224 5046 2320 5099 καὶ
2366 5046 2457 5098 ἐπὶ
2506 5047 2595 5100 τὸν
2639 5047 2954 5115 ἀδελφιδοῦν
3006 5048 3176 5117 αὐτῆς
3227 5043 3668 5119 ὲπιστηριζομένη.
3711 5034 3734 5101 ἦ

536 5131 849 5186 aromatarii
906 5133 1233 5202 pulvisculo,
1290 5135 1383 5205 qui
1446 5136 1835 5192 suavissimum
1893 5135 2058 5193 odore

2229 5139 2415 5210 μύρων
2448 5138 2705 5200 πνέουσα,
2734 5141 2766 5209 ἠ
2823 5138 2932 5191 ἀπὸ
2962 5139 3062 5209 τῆς
3099 5141 3305 5211 ἐρήμου
3355 5134 3652 5211 ἀνερχομένη
3682 5126 3733 5185 ὼς

535 5224 809 5277 exhalavit
836 5224 880 5281 ⁸.
912 5225 1085 5292 Quem
1117 5226 1208 5281 illa
1248 5228 1555 5298 praevidens
1585 5231 1803 5285 dicebat
1833 5250 1846 5285 :
1883 5230 2057 5302 Ungue

2226 5232 2453 5301 στελέχη
2488 5230 2696 5284 καπνοῦ
2749 5232 3120 5303 τεθυμιαμένη
3174 5231 3418 5303 σμύρναν
3461 5231 3543 5287 καὶ
3570 5224 3729 5279 λίϐανον

536 5324 646 5369 tum
687 5317 913 5384 effusum
953 5335 1138 5373 nomen
1177 5332 1323 5373 tuum
1356 5338 1372 5373 :
1402 5332 1674 5391 propterea
1714 5324 2058 5378 adolesceulu.

2228 5325 2334 5377 ἀπὸ
2369 5324 2662 5393 κονιορτῶν
2713 5324 2976 5395 μυρεψοῦ.
3025 5323 3118 5376 τοῦ
3162 5324 3451 5389 δεδωκότος
3479 5315 3640 5377 ἑαυτοῦ
3663 5310 3728 5377 τὴν

534 5405 832 5461 dilexerunt
861 5419 909 5462 te
942 5410 983 5461 ’.
1042 5411 1175 5475 Quae
1228 5412 1295 5463 ad
1337 5411 1616 5465 dexteram
1680 5415 1823 5484 regis
1877 5414 2056 5469 assisti

2229 5416 2501 5487 εύοδμίαν.
2545 5418 2640 5470 Ὃν
2689 5417 2977 5488 προορῶσα
3021 5416 3205 5486 ἔλεγε·
3243 5418 3443 5485 Μύρον
3469 5400 3727 5470 eum?”

610 5588 626 5620 ¹
665 5587 769 5643 lsa.
814 5607 873 5651 ιι,
899 5590 952 5643 5.
1033 5594 1052 5622 ⁸
1085 5589 1253 5645 Exod.
1282 5607 1368 5649 κν,
1396 5591 1465 5643 '23
1489 5608 1604 5714 sqlq.
1687 5593 1707 5622 ³
1740 5593 1880 5647 Psal.
1922 5612 2030 5663 xu,

540 5659 748 5714 ‘Uant.
787 5677 867 5714 Ill.
899 5661 949 5712 6.
1019 5673 1038 5703 ο
1076 5664 1231 5714 Cant.
1271 5661 1387 5714 ι.2.
1469 5664 1511 5693 ¹⁰
1594 5703 1604 5714 .
1643 5661 1833 5714 αὔρας.
1966 5691 1983 5694 ~
2037 5686 2055 5702 ο

2204 5595 2457 5651 ³ἰὺὶό.5.
2539 5597 2747 5651 “Cant.
2787 5612 2860 5659 ιν,
2892 5596 2944 5652 8.
3025 5598 3227 5649 '(Iant.
3266 5610 3339 5662 Vl,
3372 5596 3423 5650 9.
3499 5570 3716 5646 munit

588 5661 748 5714 Uant.
787 5677 867 5725 ιιι,
899 5661 949 5712 6.
1019 5673 1038 5703 ο
1076 5664 1231 5717 Cant.
1271 5661 1387 5725 1,2.
1469 5664 1511 5693 ¹⁰
1547 5661 1604 5715 F.
1643 5661 1833 5736 αὔρας.
1966 5691 1983 5694 ~
