3810 6216
141 213 254 272 ’181

730 213 1101 270 ADVERSUS
1135 213 1476 270 HERESES
1513 213 1642 272 LIB.
1687 212 1956 269 HLTOM.
1997 213 2062 268 11.
2109 242 2176 252 -
2211 213 2578 272 EXPOSITIO
2617 213 2822 270 FIDEI.

3320 214 3422 269 782

139 335 206 388 ἐν
259 337 446 400 αὐταῖς
487 337 592 390 ἀνὰ
623 335 899 408 μετρητάς
935 335 1028 390 δύο
1056 335 1089 408 ἢ
1125 339 1272 406 τρεῖς
1299 351 1312 365 ⁸
1359 335 1486 407 περὶ
1519 335 1610 390 τοῦ
1635 333 1719 406 μέ-

1838 333 1970 391 dria:
1999 334 2164 390 Cana:
2187 335 2242 390 in
2281 333 2504 392 Galilaea
2532 337 2757 408 lapidea:
2787 334 2958 392 fuisse
2985 333 3264 400 dicuntur,
3301 349 3422 405 quae

137 442 283 496 τρου
309 427 406 498 τῆς
429 427 672 490 Παλαιᾶς
689 429 783 480 καὶ
809 427 953 492 Νέας
973 426 1247 498 Διαθήκης
1269 427 1364 480 καὶ
1385 427 1616 498 Τριάδος
1636 423 1730 478 τοῦ

137 516 536 590 πληρώματος.
572 519 783 583 Λῖτινες
807 519 914 572 ἀπὸ
955 519 1046 572 τοῦ
1082 518 1274 582 ὓδατος
1293 521 1372 582 είς
1399 515 1538 572 οἶνον
1563 519 1732 588 ἄκρα-

135 625 238 662 τον
277 608 730 681 Ι..1.ετα6ἐ6ληνται,
776 611 1147 681 πληρωθεῖσαι
1184 612 1264 673 είς
1301 609 1600 681 εὐφρασίαν
1629 609 1730 678 γά-

139 719 298 771 μων,
346 701 441 755 καὶ
486 702 618 755 υίῶν
647 703 754 755 τῶν
784 701 1105 774 ἀνθρώπων.
1157 699 1346 754 Ἔνθεν
1385 701 1494 771 γὰρ
1517 699 1577 754 τδ
1609 699 1731 766 ἐξα-

135 795 402 860 γωνιαῖον
419 793 662 848 καλεῖται
685 793 836 865 παρὰ
849 797 962 858 τοῖς
980 792 1178 860 ἔξωθεν
1194 793 1392 862 λόγοις,
1406 791 1495 846 διὰ
1514 791 1730 863 τριάδος

137 885 242 936 καὶ
259 884 548 954 ἑϐδομάδος
575 887 654 948 είς
675 885 944 939 εἰκοσιένα
967 884 1197 956 ἀριθμὸν
1222 882 1536 954 γεωμετρού
1546 900 1726 954 μενον,

135 970 202 1030 οὗ
239 976 591 1044 ἐξαγωνιαίου
625 977 868 1048 σημασία
896 978 1010 1030 ἐστὶ
1035 975 1367 1048 πληρώσεως
1399 975 1492 1028 τοῦ
1529 973 1731 1038 παντὸς

135 1069 425 1140 ὁρωμένου
466 1068 681 1134 κύτους,
719 1067 808 1124 διὰ
839 1068 900 1122 τὺ
931 1069 1169 1140 τετραχῆ
1198 1067 1342 1138 ἔχειν
1366 1065 1476 1136 (29)
1495 1106 1509 1130 ,
1555 1065 1630 1130 ὡς
1654 1065 1728 1117 el-

137 1163 292 1224 πεῖν,
319 1161 379 1214 τὸ
414 1159 796 1232 τετραγώνων,
825 1160 1142 1232 ὑποϐάθραν
1183 1176 1243 1212 τε
1303 1159 1397 1212 καὶ⁵
1447 1157 1548 1228 τὴν
1589 1155 1730 1209 ἄνω-

135 1251 234 1304 θεν
279 1253 380 1323 τῆς
409 1253 732 1326 ὀροφώσεως
757 1253 987 1324 σκέπην,
1015 1253 1173 1306 ἕκτον
1201 1251 1432 1324 ἀριθμὸν
1463 1247 1655 1304 τελεῖν.

1837 440 1961 480 cum
2004 433 2188 482 essent
2232 427 2532 494 exhaustae,
2586 445 2782 484 rursus
2823 427 3143 498 implentur,
3192 425 3421 498 singula:

1839 525 2098 573 metretas
2147 517 2285 574 duas
2333 530 2512 574 tresve
2562 521 2880 590 capientes‘
2913 521 3044 590 :qui
3100 519 3296 576 modus
3351 521 3418 575 ad

1838 603 2008 661 Vetus
2047 605 2371 678 Novumque
2407 607 2822 666 Testamentum
2853 619 2907 666 et
2937 610 3225 668 Trinitatis
3266 626 3416 666 com-

1837 695 2170 765 plementum
2201 699 2454 753 refertur.
2503 698 2714 756 Eaedem
2747 717 2911 772 porro
2944 701 3149 774 hydrizc
3182 719 3246 759 cx
3276 717 3416 774 aqua

1837 787 1890 840 in
1937 803 2146 841 merum
2180 790 2362 844 vinum
2413 807 2689 848 conversae
2737 803 2884 859 sunt,
2929 811 3052 850 cum
3095 796 3160 849 ad
3201 799 3420 866 nuptia-

1837 896 1954 934 rum
1989 881 2316 938 hilaritatem
2343 893 2394 940 et
2419 883 2654 940 filiorum
2689 886 2970 941 hominum
2995 887 3416 944 obleCIat’ionem

1833 972 2068 1042 impletae
2111 972 2362 1032 fuissent.
2411 978 2550 1032 Hinc
2589 979 2755 1034 etiam
2798 981 3092 1050 sexangula
3131 997 3160 1036 a
3206 984 3417 1037 mathe-

1835 1062 2050 1117 maticis
2096 1061 2264 1134 figura
2306 1069 2639 1134 nominatur,
2686 1086 2808 1140 quae
2837 1087 2932 1142 per
2986 1073 3287 1128 ternarium
3339 1089 3418 1129 se-

1834 1155 2251 1227 ptenariumquc
2291 1157 2358 1212 ad
2394 1176 2480 1213 xxI
2519 1163 2848 1230 geometrica
2898 1165 3270 1222 modulatione
3303 1183 3419 1236 per-

1837 1245 2098 1301 ducitur:
2133 1263 2239 1318 qua
2269 1250 2487 1320 quidem
2523 1253 2841 1324 hex'agonus
2885 1257 3054 1313 totius
3089 1260 3418 1314 universita-

136 1343 213 1398 tis
251 1345 530 1415 impletam
571 1344 878 1398 vastitatem
919 1344 1227 1416 significat;
1276 1357 1404 1396 nam
1449 1340 1540 1412 qui
1593 1339 1649 1392 in
1706 1351 1770 1391 eo
1809 1345 1895 1390 est
1946 1337 2357 1410 quadrangulus
2394 1345 2818 1412 .quaternarium
2888 1361 3212 1430 numerum,
3269 1348 3417 1403 basis

137 1455 276 1496 vero
307 1455 371 1494 ac
399 1441 649 1510 superior
680 1455 806 1510 pars
833 1439 946 1496 sive
978 1438 1251 1508 fastigium
1283 1437 1560 1494 senarium
1593 1430 1903 1506 perficiunt.

205 1533 292 1586 E'.
347 1533 484 1586 Ἀλλ’
515 1533 602 1586 ἵνα
655 1533 730 1606 μὴ
779 1533 858 1594 εἰς
899 1532 1099 1596 πλάτος
1145 1530 1372 1603 μηκύνω
1420 1523 1509 1584 τὸν
1543 1527 1724 1596 λόγον,

1909 1521 1971 1580 V.
2016 1523 2120 1581 Sed
2148 1543 2216 1583 ne
2246 1529 2458 1601 longior
2491 1531 2615 1597 sim,
2655 1533 2788 1588 satis
2821 1534 3086 1589 hactenus
3113 1535 3177 1590 de
3211 1535 3415 1607 reginis

141 1617 308 1674 πάλιν
346 1619 544 1683 ἱκανῶς
577 1621 718 1692 ἔχειν
746 1620 950 1692 νομίζω
982 1623 1108 1693 περὶ
1139 1620 1246 1674 τῶν
1276 1620 1538 1692 ἐξήκοντα
1567 1618 1719 1690 βασι-

1838 1615 1938 1673 illis
1981 1632 2048 1672 ιχ
2083 1618 2291 1676 dictum
2339 1623 2614 1692 arbitror,
2665 1626 2768 1681 hoc
2810 1633 2924 1693 est,
2967 1629 3414 1699 generationibus

133 1711 344 1765 λισσῶν
369 1713 472 1778 ἓως
506 1714 604 1784 τῆς
643 1713 735 1767 τοῦ
765 1713 1002 1785 Χριστοῦ
1043 1715 1344 1787 παρουσίας
1381 1713 1582 1783 γενεῶν
1610 1713 1729 1784 ἀρι-

135 1803 458 1876 θμηθεισῶν
500 1805 570 1858 τά
618 1807 903 1876 εἰρημένα.
962 1807 1118 1862 Μετὰ
1159 1807 1216 1860 δὲ
1248 1808 1339 1862 τὸν
1369 1807 1604 1880 Χριστὸν
1637 1803 1728 1860 καὶ

137 1895 304 1967 δεῦρο
349 1896 730 1967 τυγχανουσῶν
769 1897 954 1952 λοιπὸν
986 1898 1210 1967 γενεῶν,
1251 1897 1432 1963 καθὼς
1468 1897 1616 1968 αὐτῷ
1655 1895 1730 1968 τῷ

137 1989 336 2060 Κυρίῳ
383 1991 528 2061 μόνῳ
573 1989 856 2058 ἔγνωσται.
915 1990 1111 2044 Οὐκέτι
1141 1991 1250 2063 γὰρ
1283 1991 1422 2045 κατὰ
1455 1991 1649 2060 γενεάν
1678 1991 1727 2044 οἱ

139 2080 371 2151 ἀριθμοὶ
403 2081 552 2152 παρά
601 2099 742 2134 τισιν
793 2082 1165 2153 ἀνηνέχθησαν
1204 2083 1238 2154 ἢ
1287 2083 1726 2154 κατετάχθησαν,

136 2172 222 2227 διὰ
249 2174 314 2227 τὸ
339 2173 778 2247 ὑποσφραγίσθαι
813 2173 924 2246 (50)
951 2175 1042 2228 τὸν
1067 2175 1296 2247 ἀριθμὸν
1340 2177 1436 2248 τῆς
1474 2177 1730 2250 τοιαύτης

137 2269 455 2334 ὑποθέσεως
488 2271 582 2324 καὶ
603 2269 1027 2326 ἀποκεκλεῖσθαι
1048 2271 1136 2326 διὰ
1161 2272 1252 2326 τοῦ
1276 2271 1384 2327 τῶν
1403 2272 1728 2344 βασιλισσῶν

137 2359 378 2432 ἀριθμοῦ
402 2361 506 2425 ἕως
535 2360 698 2422 αὑτοῦ
733 2363 831 2432 τῆς
861 2362 1124 2432 ὲνσάρκου
1154 2362 1453 2434 παρουσίας
1486 2363 1726 2436 ἠριθμη-

139 2454 332 2523 μένου.
363 2453 564 2508 Λοιπὸν
593 2452 702 2523 γὰρ
726 2453 776 2504 oi.
807 2453 1096 2520 μετέπειτα
1137 2457 1492 2527 συγγραφεῖς,
1517 2457 1550 2526 ἢ
1575 2456 1730 2525 λογο-

136 2545 368 2615 γράφοι,
411 2545 444 2614 ἢ
477 2545 861 2616 χρονογράφοι,
891 2545 924 2616 ἢ
963 2545 1387 2616 ἱστοριογράφοι,
1422 2548 1603 2602 οὐκέτι
1632 2565 1726 2618 γε-

136 2638 264 2701 νεάς
313 2635 657 2709 ἀριθμοῦσιν,
693 2637 807 2692 ἀλλ’
858 2635 890 2707 ἢ
927 2636 1192 2706 βασιλέων
1234 2639 1332 2702 τάς
1357 2639 1607 2711 διαδοχάς
1633 2641 1728 2695 καὶ

139 2729 368 2800 χρόνους
419 2729 558 2782 κατὰ
623 2727 712 2781 τὸν
747 2727 854 2780 τῶν
893 2729 1028 2782 ἐτῶν
1075 2729 1307 2800 ἀριθμὸν
1356 2730 1586 2784 ἑκάστου
1611 2731 1724 2802 (5|)

141 2820 412 2891 βασιλέως
434 2836 448 2850 ·
502 2819 628 2873 ὥστ’
667 2819 966 2891 έξάπαντος
999 2815 1056 2874 εῦ
1091 2820 1234 2890 μάλα
1271 2821 1362 2874 τὸν
1398 2822 1614 2874 συνετὸν
1648 2839 1728 2890 γι·

139 2913 392 2975 νώσκειν,
424 2913 504 2966 ὃτι
546 2913 639 2966 καὶ
681 2912 790 2966 ἀπὸ
833 2912 1019 2965 τούτου
1059 2913 1153 2965 τοῦ
1184 2912 1499 2986 ζητήματος
1527 2914 1588 2967 τὸ
1618 2917 1725 2968 πᾶν

140 3003 232 3057 τοῦ
263 3006 460 3076 χρόνου
517 3005 827 3076 συνετμήθη
875 3007 956 3068 είς
999 3005 1089 3058 τὸν
1269 2977 1346 3076 ξβι
1378 3005 1579 3075 γενεῶν
1621 3005 1724 3070 ἕως
1753 2977 1798 3040 c

143 3095 380 3169 Χριστοῦ
415 3097 666 3170 ἀριθμὸν,
699 3096 787 3152 διὰ
817 3096 878 3150 τὺ
924 3097 1120 3168 μηκέτι
1154 3099 1291 3168 μετὰ
1323 3099 1556 3171 Χριστὸν
1586 3098 1728 3152 κατὰ

141 3189 236 3263 τὴν
265 3191 523 3246 ὑπόθεσιν
546 3191 747 3262 ταύτην
767 3191 854 3245 διά
875 3191 1234 3261 γενεαλογιῶν
1251 3193 1376 3256 τοὺς
1403 3192 1496 3245 τοῦ
1519 3192 1724 3264 κόσμου

139 3282 366 3352 χρόνους
403 3281 751 3354 ἀριθμεῖσθαι
776 3322 790 3348 ,
842 3281 1218 3353 τελειουμένου
1268 3285 1324 3336 ὲν
1361 3285 1460 3356 μιᾷ
1497 3281 1732 3338 συνενώ-

145 3386 226 3426 σει
251 3390 312 3426 τε
365 3372 736 3447 σημαινομένῃ
762 3375 903 3427 κατὰ
936 3375 996 3428 τὸ
1031 3374 1131 3446 τῆς
1159 3373 1405 3438 εὐδοκίας
1432 3373 1566 3428 Θεοῦ
1592 3377 1728 3446 άμε-

142 3467 406 3521 τάστατον
437 3465 664 3540 ἔρεισμα
683 3484 696 3498 ·
725 3466 800 3531 ὼς
823 3467 930 3522 ἀπὸ
956 3466 1056 3538 τῆς
1077 3467 1250 3538 αὐτῆς
1277 3467 1376 3539 τὴν
1406 3467 1500 3522 τοῦ
1531 3468 1728 3530 αἰῶνος

147 3559 457 3614 συντέλειαν
503 3561 962 3631 συντεμνομένην,
1010 3560 1102 3614 καὶ
1131 3559 1225 3613 ἐπὶ
1269 3561 1331 3613 τὸ
1363 3561 1726 3630 μεταϐατικὸν

145 3653 235 3707 τοῦ
263 3653 550 3725 μέλλοντος
581 3653 776 3717 αἰῶνος
809 3653 1210 3724 πληρουμένην.
1267 3653 1358 3706 Διὸ
1390 3653 1558 3722 λέγει,
1601 3654 1726 3708 Μία

145 3744 274 3800 ἐστὶ
307 3743 629 3814 περιστερά
669 3762 822 3814 μου,
863 3745 1064 3798 τελεία
1086 3760 1240 3814 μου·
1297 3743 1374 3808 ὡς
1415 3743 1520 3808 ἓως
1557 3741 1726 3816 αὐτῆς

145 3838 250 3892 τῶν
285 3838 504 3892 πάντων
543 3836 953 3908 τελειουμένων,
984 3839 1086 3893 κᾶν
1114 3855 1174 3892 τε
1202 3839 1385 3910 χρόνοι
1419 3839 1512 3892 καὶ
1542 3841 1726 3910 καιροὶ

147 3931 380 3984 ἐνιαυτοί
406 3947 465 3983 τε
495 3930 586 3984 καὶ
616 3929 960 4000 διαστήματα
983 3929 1202 3998 γενεῶν,
1223 3931 1366 3984 κατά
1393 3949 1452 3984 τε
1470 3931 1725 4001 βασιλέας

147 4021 180 4094 ἦ
206 4023 446 4086 ὑπάτους
472 4023 506 4093 ἢ
536 4021 872 4094 ὀλυμπιάδας
913 4021 945 4094 ἢ
975 4022 1296 4093 ἡγεμονίας,
1320 4024 1348 4076 ὁ
1375 4023 1510 4077 αἰὼν
1534 4024 1724 4079 ἑαυτὸν

147 4115 518 4188 ἀριθμήσειεν·
550 4115 872 4186 ὀγδοήκοντα
895 4115 950 4168 δὲ
985 4114 1276 4179 παλλακαὶ,
1305 4118 1506 4182 αἵτινες
1543 4121 1602 4172 ἐν
1630 4119 1726 4190 μέ-

151 4223 224 4276 σῳ
249 4205 358 4259 τῶν
393 4205 698 4276 βασιλίδων,
735 4203 826 4258 καὶ
857 4203 962 4276 πρὸ
999 4205 1098 4275 τῆς
1127 4205 1394 4276 ὲνσάρκου
1427 4205 1720 4276 βασιλείας,

147 4299 388 4352 τουτέστι
417 4297 513 4370 τῆς
541 4296 796 4362 πίστεως,
825 4296 920 4350 καὶ
945 4297 1116 4367 αὐτῆς
1149 4297 1354 4368 ταύτης
1381 4298 1479 4369 τῆς
1507 4295 1724 4370 νύμφης
1754 4327 1802 4385 D

149 4390 236 4442 καὶ
269 4390 544 4462 παρθένου
591 4391 684 4443 καὶ
720 4389 966 4454 άσπίλουζ
992 4406 1052 4442 τε
1099 4387 1196 4444 καὶ
1221 4392 1581 4462 περιστερᾶς,
1623 4387 1722 4462 τῆς

153 4482 312 4553 μόνης
337 4485 402 4554 τῇ
443 4481 610 4555 μητρὶ
635 4481 730 4536 καὶ
754 4483 820 4553 τῇ
847 4479 1103 4553 τεκούσῃ.

216 4661 304 4728 ς’.
341 4657 636 4729 Ἐκκλησία
651 4657 760 4730 γάρ
781 4658 926 4712 ἐστιν
951 4656 1058 4710 ἀπὸ
1082 4657 1212 4728 μιᾶς
1237 4655 1470 4720 πίστεως
1493 4671 1739 4730 γεγεννη.

155 4751 300 4824 μένη,
327 4751 580 4822 τεχθεῖσα
610 4751 666 4804 δὲ
688 4750 774 4804 διὰ
795 4749 1112 4822 Πνεύματος
1142 4749 1320 4818 ἁγίου,
1343 4746 1440 4820 μία
1471 4751 1536 4820 τῇ
1563 4749 1722 4822 μόνῃ,

153 4845 238 4898 καὶ
265 4845 362 4917 μία
386 4847 452 4916 τῇ
477 4843 869 4916 γεγεννηκυία·
902 4843 996 4896 καὶ
1018 4844 1140 4898 ὅσαι
1160 4841 1297 4914 μετὰ
1320 4839 1523 4912 ταύτην
1556 4835 1722 4913 ἦλθον

221 5001 237 5030 ⁸
275 4999 434 5054 Joan.
479 5013 539 5064 ιι,
573 4997 596 5050 l
644 5013 767 5068 sqq.
846 4999 866 5029 ²
897 4995 1060 5052 Cant.
1093 5011 1172 5096 vi,
1200 4995 1254 5050 8.

217 5151 324 5222 (29)
355 5151 458 5206 Διὰ
488 5151 552 5205 τὸ
587 5151 844 5221 τετραχῆ
883 5152 1067 5220 ἔχειν.
1098 5149 1225 5207 Hec
1259 5166 1327 5208 ex
1364 5160 1626 5224 sequente
1663 5152 1726 5207 ῆι

157 5235 278 5291 gnra
307 5225 594 5294 perspicua
620 5233 770 5278 sunt.

1830 1725 1952 1780 qua:
1973 1709 2037 1765 ad
2057 1711 2334 1770 Christum
2361 1731 2536 1788 usque
2560 1729 2940 1775 numerantur.
2967 1720 3097 1779 Post
3121 1722 3406 1780 Christum

1831 1817 1960 1857 vero
2003 1803 2070 1858 ad
2120 1804 2222 1860 hoc
2283 1813 2497 1878 tempus
2539 1817 2672 1880 quot
2725 1814 3106 1882 generationes
3153 1815 3414 1888 deinceps

1831 1897 2220 1962 successerint,
2258 1899 2410 1954 solus
2457 1901 2608 1955 novit
2639 1900 2922 1960 Dominus.
2963 1903 3082 1961 Non
3111 1907 3256 1964 enim
3297 1924 3415 1965 am-

1829 1985 1974 2056 plius
2013 2004 2109 2059 per
2143 1992 2560 2062 generationes,
2603 2002 2909 2068 temporum
2955 2008 3038 2056 est
3077 2001 3144 2057 ab
3177 2002 3288 2058 ullo
3317 2003 3414 2060 de—

1835 2077 2000 2134 ducta
2028 2080 2350 2154 digestaque
2379 2085 2551 2141 series
2579 2105 2592 2141 :
2629 2103 2727 2158 pro
2749 2104 2814 2144 eo
2839 2091 2984 2160 quod
3020 2108 3281 2152 numerus
3309 2097 3414 2152 iste

1829 2184 1928 2240 per
1957 2170 2105 2226 illam
2141 2173 2316 2244 ipsam
2346 2177 2658 2247 reginarum
2686 2183 3156 2240 enumerationem
3187 2203 3309 2258 quae
3341 2188 3412 2242 ad

1829 2261 2108 2319 Christum
2143 2263 2436 2324 Dominum
2470 2279 2850 2338 recensentur,
2883 2273 3030 2330 velut
3085 2277 3410 2350 obsignatas

1829 2369 1894 2411 ac
1927 2356 2222 2414 conclusus
2269 2367 2372 2414 est.
2420 2359 2557 2414 Nam
2611 2363 2703 2432 qui
2752 2367 3100 2435 postmodum
3149 2372 3410 2429 exstitere

1830 2448 2129 2518 scriptores
2177 2463 2241 2504 ac
2294 2462 2775 2524 commentatores,
2826 2466 2921 2512 aut
2971 2459 3292 2536 cbronologi
3325 2467 3411 2521 vel

1831 2539 2080 2595 historici
2105 2541 2286 2597 nullas
2310 2545 2543 2614 amplius
2566 2550 2949 2618 generationes
2978 2567 3287 2622 numerant,
3312 2559 3410 2614 seJ

1829 2645 2017 2700 regum
2042 2634 2424 2690 successiones
2441 2651 2504 2690 ac
2522 2643 2767 2708 tempora
2795 2643 3096 2700 secundum
3117 2663 3408 2705 numerum

1829 2739 2098 2781 annorum
2133 2727 2400 2797 cujusque
2433 2729 2595 2799 regis.
2642 2729 2718 2786 Ex
2757 2735 2957 2804 quibus
2999 2737 3239 2806 prudens
3275 2742 3408 2797 illud

1828 2815 2063 2886 quisque
2101 2815 2258 2872 facile
2300 2825 2478 2888 potest
2512 2819 2968 2890 animadvertere,
3003 2834 3057 2882 et
3081 2843 3144 2882 ex
3173 2844 3234 2884 ea
3261 2847 3412 2900 quae-

1831 2907 2011 2962 stione
2043 2907 2286 2964 indicare
2308 2927 2320 2963 :
2341 2907 2578 2982 Tempus
2608 2927 2769 2967 omne
2811 2913 2864 2968 in
2887 2929 2997 2970 an
3028 2919 3412 2988 generationes

1830 2995 1898 3050 ad
1946 2995 2226 3052 Christum
2287 3015 2462 3070 usque
2514 3001 2794 3057 redactum
2855 3004 3060 3076 fuisse,
3121 3020 3407 3081 propterea

1829 3089 1973 3160 quod
2010 3089 2268 3162 deinceps
2293 3099 2418 3162 post
2445 3093 2744 3158 Christum,
2771 3104 2829 3150 ut
2869 3113 2935 3152 ex
2967 3098 3032 3155 iis
3073 3115 3192 3166 qum
3218 3101 3411 3176 dispu-

1829 3187 1943 3235 tata
1974 3192 2102 3236 sunt
2125 3192 2369 3254 apparet,
2396 3184 2584 3242 mundi
2615 3193 2859 3256 tempora
2890 3203 2997 3244 non
3034 3195 3270 3263 amplius
3313 3214 3410 3269 per

1829 3274 2174 3344 genealogias
2223 3275 2434 3346 digesta
2479 3285 2627 3332 sunt.
2671 3278 2774 3344 Qui
2810 3278 3030 3350 quidem
3061 3285 3298 3344 mundus
3351 3291 3426 3346 in'

1829 3380 1937 3420 una
1968 3365 2060 3418 illa
2089 3380 2359 3421 annorum
2391 3368 2718 3426 collectione
2751 3369 3142 3441 perfectionem
3177 3377 3409 3452 adeptus

1827 3465 1944 3522 est,
1979 3472 2142 3526 quam
2191 3459 2544 3516 immutabilis
2573 3477 2637 3518 ac
2671 3464 2847 3518 solida
2883 3463 2978 3522 Dei
3021 3467 3276 3530 voluntas
3311 3474 3409 3531 ob-

1829 3549 2084 3620 signavit.
2129 3549 2311 3616 Quare
2343 3551 2410 3607 ab
2451 3551 2554 3608 hac
2597 3555 2785 3611 eadem
2817 3557 3048 3630 abrupta
3093 3563 3412 3622 terminata-

1828 3657 1935 3712 que
1972 3641 2156 3698 saeculi
2197 3645 2617 3712 consummatio,
2662 3656 2716 3703 et
2755 3649 2822 3706 ad
2849 3665 3023 3706 :evum
3073 3653 3318 3714 futurum
3351 3669 3412 3716 ut

1829 3733 2119 3804 impleatur
2143 3733 2415 3790 traducta.
2459 3737 2670 3810 1083
2720 3737 2801 3795 Ob
2825 3741 2878 3796 id
2907 3743 3106 3800 dicitur
3139 3763 3152 3801 :
3184 3747 3301 3804 Una
3332 3759 3410 3808 est

1829 3827 2073 3882 columba
2092 3845 2228 3894 mea,
2245 3828 2476 3898 perfecta
2493 3847 2607 3886 mea
2621 3829 2640 3862 ¹
2659 3850 2672 3886 :
2701 3835 2856 3903 quasi
2879 3835 2934 3890 in
2958 3837 3132 3908 ipsam
3151 3841 3407 3900 universa

1828 3923 2101 3991 desinant,
2149 3933 2394 3997 tempora
2420 3927 2690 3993 videlicet,
2714 3929 2866 3993 anni,
2903 3944 2966 3986 ac
2995 3936 3406 4004 generationum

1829 4013 2134 4080 intervalla,
2163 4019 2278 4074 sive
2299 4034 2396 4090 per
2421 4035 2596 4089 reges,
2619 4021 2734 4076 sive
2756 4037 2850 4090 per
2871 4025 3148 4092 consules,
3174 4027 3288 4084 sive
3313 4044 3410 4099 per

1826 4111 2185 4182 olympiadas,
2223 4119 2318 4166 aut
2345 4113 2718 4184 magistratus,
2757 4121 3060 4186 temporum
3093 4120 3274 4188 spatia
3306 4137 3410 4174 nu—

1827 4209 2126 4256 merentur.
2176 4203 2464 4274 Octoginta
2519 4219 2684 4273 porro
2723 4207 3040 4262 concubina:
3082 4215 3214 4263 sunt
3265 4210 3408 4266 inter

1827 4295 2048 4365 reginas
2094 4295 2416 4365 interjectaz,
2466 4298 2628 4352 etiam
2673 4297 2876 4354 Christi
2922 4314 3029 4368 qua
3077 4300 3242 4358 homo
3283 4313 3399 4372 est,

1829 4401 1998 4456 regno
2024 4387 2258 4456 priores,
2291 4388 2393 4444 hoc
2420 4396 2524 4454 est,
2559 4389 2682 4456 fide,
2718 4391 2946 4460 ipsaque
2970 4406 3170 4461 sponsa
3200 4397 3406 4464 pariter

1829 4487 1894 4530 ac
1927 4476 2154 4547 virgine,
2192 4477 2417 4544 illibata,
2454 4479 2726 4545 columba,
2773 4496 2893 4550 qua:
2935 4481 3096 4536 unica
3129 4483 3288 4538 matri
3321 4493 3406 4542 est

1829 4575 1990 4638 atque
2017 4569 2286 4639 genitrici.

1903 4659 1988 4714 Vl.
2033 4662 2314 4732 Siquidem
2349 4659 2594 4720 Ecclesia
2624 4666 2694 4720 ab
2721 4681 2828 4720 una
2861 4664 2963 4722 fide
2989 4669 3188 4738 genita,
3220 4683 3283 4725 ac
3313 4685 3408 4742 per

1828 4749 2090 4822 Spiritum
2126 4763 2376 4810 sanctum
2411 4754 2466 4810 in
2496 4756 2676 4812 lucem
2721 4758 2888 4826 edita,
2941 4772 3046 4813 una
3079 4767 3166 4816 est
3193 4762 3309 4828 uni,
3352 4771 3408 4820 et

1827 4859 1936 4900 una
1968 4845 2217 4915 genitrici
2241 4862 2373 4904 suae.
2405 4841 2544 4906 Tum
2577 4864 2709 4906 vero
2733 4859 3084 4926 quotcunque
3107 4862 3230 4928 post
3259 4853 3406 4910 illam

1835 5153 1968 5208 Nam
2009 5155 2418 5225 quadrangulus
2455 5157 2670 5212 medius
2711 5157 2854 5214 inter
2883 5157 3021 5212 duas
3055 5157 3292 5214 unitates
3321 5159 3410 5214 in-

1835 5223 2112 5294 terceptus
2139 5234 2241 5281 est.
2264 5223 2482 5280 Ῥετιν.

1843 5367 1854 5384 ι
1905 5295 2020 5363 (50)
2059 5296 2520 5384 Ἐπιρφραγίσθαι
2551 5296 2784 5370 legimus
2830 5297 2970 5368 apud
2995 5297 3275 5353 Petavium
3313 5315 3412 5372 pro

1833 5365 2290 5436 ὐποσφραγίσθαι.
2610 5365 2628 5370 r
2866 5365 2881 5368 ⁷
3313 5365 3330 5372 ’

1906 5435 2207 5520 (51).Ει1.ἰια
2243 5434 2475 5520 Petavii.
2503 5435 2615 5493 illic
2647 5437 2849 5520 habent
2875 5437 3105 5520 ἕκαστον
3153 5454 3252 5520 ιιι-ρ
3286 5440 3414 5520 exa-

1835 5505 1981 5580 στου,
2000 5505 2006 5506 “
2025 5505 2216 5580 Latina
2245 5521 2382 5560 vero.
2402 5506 2781 5577 interpretatio
2806 5510 2860 5563 in
2885 5510 3076 5565 iisdem
3109 5505 3194 5564 est
3215 5511 3284 5564 hu
3287 5508 3413 5580 jus-

1833 5576 2021 5652 modi”:
2065 5575 2154 5652 sed
2194 5591 2371 5648 regum
2389 5575 2758 5652 successiones
2788 5597 2850 5634 ac
2883 5589 3138 5650 tempore,
3190 5575 3416 5652 quorum

1834 5645 2146 5718 singillatim
2172 5645 2336 5704 annos
2367 5645 2688 5707 describunt.
