3810 6216
429 250 534 308 733

1865 250 1922 308 S.
1963 250 2304 306 'EPlPllANll
3642 251 3721 307 78l

425 369 510 428 vel
541 377 670 426 ante
696 371 1045 448 prodierunt,
1091 369 1413 426 concubinte
1460 369 1814 425 nominantur
1842 389 1854 425 :
1885 385 2006 441 quae

2120 372 2203 424 καὶ
2239 370 2344 443 πρὸ
2383 370 2550 440 αὐτῆς
2593 368 2918 432 παλλακίδες
2945 368 3366 440 ὠνομασμέναι,
3433 365 3651 430 αἵτινες
3675 373 3723 421 τί

427 461 554 519 licet
576 478 608 517 a
640 470 970 519 testamento
999 473 1052 518 et
1077 454 1396 518 haereditate
1424 477 1533 516 non
1565 476 1793 533 prorsus
1819 461 2007 516 alienae

430 553 653 620 fuerint,
689 555 893 608 nullam
934 563 1112 609 tamen
1146 569 1175 606 a
1207 552 1388 608 Verbo
1421 552 1598 606 dotem
1628 552 2005 619 obtinuerunt,

426 660 530 700 nec
580 644 955 700 infundentem
1006 660 1065 700 se
1121 643 1382 714 Spiritum
1416 653 1666 698 sanctum
1718 643 1774 697 in
1813 645 2008 714 seipsis

427 745 758 806 exceperunt
793 755 806 791 ε
841 736 937 792 sed
970 736 1141 791 solam
1192 751 1315 788 cum
1366 733 1548 789 Verbo
1584 734 1636 787 in
1671 735 2006 790 conscientia

431 841 528 880 sua
553 823 1018 881 necessitudinem
1045 824 1377 880 habuerunt.
1406 822 1673 879 Praeclare
1699 825 1842 878 enim
1866 825 2007 894 apud

431 917 696 973 Hebraeos
709 917 1011 971 concubina:
1033 917 1326 986 appellatio
1355 916 1686 987 concipitur,
1713 932 1836 970 cum
1867 917 2006 970 Phe-

431 1005 660 1076 legestha
686 1004 906 1059 dicitur.
933 1003 1026 1060 Est
1048 1013 1230 1059 autem
1252 1003 1451 1075 Pheleg
1478 1005 1671 1060 Latine
1705 1005 2008 1072 dimidium;

430 1097 585 1151 estha
616 1097 884 1150 mulierem
912 1094 1214 1166 signiﬁcat:
1245 1105 1306 1149 ut
1337 1095 1478 1152 idem
1522 1097 1593 1152 sit
1615 1097 1921 1154 concubina
1947 1113 2011 1152 ac

430 1187 715 1243 dimidium
752 1187 1018 1242 mulieris.
1066 1185 1200 1240 Nam
1246 1189 1387 1257 quod
1430 1189 1497 1242 ad
1545 1187 1837 1242 Dominum
1883 1204 2009 1259 spe-

428 1288 563 1345 ctat,
598 1281 887 1336 universos
922 1279 1014 1335 ille
1059 1277 1291 1334 liberam
1327 1279 1392 1334 ad
1428 1281 1604 1336 lucem
1638 1281 1877 1347 vocavit,
1925 1281 2010 1336 his

430 1373 610 1428 verbis
639 1391 652 1426 :
687 1364 826 1425 Dum
872 1372 1039 1425 lucem
1085 1371 1286 1424 habetis
1321 1370 1606 1435 vobiscum,
1643 1373 1700 1424 in
1749 1373 1862 1426 luce
1893 1388 2010 1425 am-

432 1463 610 1518 bulate
644 1463 683 1516 ¹.
720 1463 820 1517 Cui
861 1462 1191 1532 astipulatur
1233 1461 1530 1530 Apostolus
1567 1480 1579 1515 :
1626 1461 1728 1515 Vos
1753 1502 1768 1528 ,
1800 1461 2008 1530 inquit,

428 1555 687 1621 dieiestis
721 1553 845 1622 ﬁlii,
867 1564 914 1608 et
950 1553 1083 1608 lucis
1115 1554 1216 1623 ﬁlii
1241 1554 1282 1607 '.
1315 1555 1449 1607 Item
1487 1552 1594 1607 alio
1627 1552 1684 1606 in
1719 1552 2011 1623 Scriptura:

429 1649 550 1703 loco
579 1665 593 1703 :
627 1646 733 1714 Qui
767 1647 907 1701 male
939 1648 1070 1716 agit,
1104 1646 1215 1701 odit
1243 1646 1433 1712 lucem,
1469 1663 1560 1700 nec
1593 1646 1792 1701 accedit
1826 1648 1896 1701 ad
1928 1648 2011 1702 lu-

425 1756 535 1796 cem
563 1737 604 1794 ³.
630 1737 731 1794 ’δίο
778 1739 944 1811 igitur
987 1735 1308 1792 concubium
1354 1752 1463 1792 non
1496 1737 1703 1806 .palam,
1737 1752 1848 1792 non
1885 1753 2007 1810 per-
2041 1721 2082 1775 Β

426 1823 585 1896 recte,
622 1845 800 1902 neque
837 1829 1036 1886 dotatae
1059 1829 1337 1885 ducuntur
1377 1839 1409 1884 a
1457 1829 1628 1898 viris;
1679 1845 1744 1884 ac
1793 1831 2009 1885 tametsi

428 1923 746 1980 nonnullam
772 1937 896 1978 cum
920 1922 1164 1976 virorum
1190 1919 1516 1992 corporibus
1547 1921 2009 1976 necessitudinem

420 2015 771 2080 contrahant,
820 2013 1006 2068 liberae
1034 2012 1392 2068 nihilominus
1435 2011 1647 2068 honore
1677 2012 1931 2084 conjugis
1957 2021 2011 2068 et

422 2103 787 2178 appellatione
826 2117 889 2158 ac
923 2101 1182 2158 ﬁrmitate
1208 2142 1222 2167 ,
1270 2102 1419 2168 dote,
1467 2103 1804 2172 nuptialibus
1851 2103 2012 2160 donis

429 2211 493 2252 ac
529 2195 856 2251 muneribus
884 2233 899 2258 ,
951 2193 1195 2263 legitima
1229 2191 1465 2263 denique
1506 2193 1894 2262 conjunctione
1927 2207 2015 2247 ca-

421 2291 570 2344 rent.
609 2285 888 2357 Ejusmodi
923 2292 1051 2340 sunt
1084 2284 1363 2356 octoginta
1388 2281 1492 2339 illae
1524 2284 1843 2356 singillatim
1870 2299 1900 2337 a
1927 2299 2014 2340 me

429 2380 748 2450 percensitae
773 2379 1044 2434 haereses.
1088 2378 1151 2432 ln
1193 2376 1394 2448 quibus
1428 2375 1627 2430 mirum
1669 2376 1802 2430 illud
1843 2376 2012 2430 videri

429 2472 633 2528 nemini
656 2471 837 2535 debet,
871 2471 916 2526 si
947 2467 1004 2524 in
1033 2483 1361 2540 unaquaque
1390 2468 1612 2538 regione
1642 2467 1868 2538 singulae
1892 2466 2014 2522 aliis

428 2562 760 2636 quibusdam
788 2561 1105 2618 nominibus
1150 2560 1291 2615 allici
1325 2561 1556 2615 soleant.
1599 2557 1742 2625 Quin
1782 2566 1837 2614 et
1880 2556 2015 2612 illud

423 2656 810 2714 observatione
847 2654 1069 2725 dignum
1121 2660 1239 2717 est,
1295 2665 1671 2720 saepenumero
1714 2649 2016 2720 quamlibet

429 2759 527 2821 per
578 2765 698 2805 sese
735 2747 989 2803 haeresim
1041 2745 1269 2800 scissam
1323 2759 1387 2797 ac
1437 2742 1667 2798 divisam
1722 2741 1780 2796 in
1830 2741 2014 2796 varias

431 2847 614 2910 partes
641 2847 695 2894 et
714 2837 981 2893 vocabula
1006 2834 1238 2890 distrahi
1263 2851 1276 2888 ε
1299 2834 1465 2904 quod,
1493 2843 1553 2888 ut
1581 2832 1716 2896 dixi,
1735 2831 2014 2890 admirari

428 2947 539 2986 non
579 2937 815 3001 oportet,
847 2943 912 2983 ac
942 2927 1104 2999 plane
1135 2927 1210 2981 ita
1250 2941 1372 2981 sese
1401 2940 1495 2980 res
1527 2924 1709 2978 habet.
1741 2922 2014 2978 Caeterum

427 3039 592 3078 unt
627 3035 915 3077 numerum
958 3019 1288 3081 invenimus,
1327 3031 1497 3071 unum
1537 3015 1758 3085 quidem
1791 3023 2014 3085 propter

429 3132 594 3172 unam
631 3117 777 3170 illam
823 3128 853 3168 a
884 3110 1112 3181 reliquis
1141 3109 1434 3176 divulsam,
1468 3115 1522 3161 et
1557 3107 1652 3160 uni
1685 3120 1887 3176 sponso
1911 3107 2014 3160 tri-

430 3211 639 3271 butam,
672 3206 740 3261 de
770 3220 876 3275 qua
908 3202 1219 3260 istiusmodi
1256 3201 1620 3271 appellatione
1647 3199 2009 3254 testiﬁcatur:

429 3299 552 3354 Una
582 3307 658 3352 est
691 3295 936 3350 columba
983 3311 1101 3349 mea
1130 3293 1183 3361 ⁸;
1221 3299 1276 3347 et
1319 3307 1534 3357 rursus,
1567 3290 1799 3361 perfecta
1828 3306 1944 3343 mea
1968 3289 2012 3346 ³.

418 3390 642 3460 Quibus
665 3382 1103 3458 iudicat'lm
1116 3385 1453 3440 concubinas
1469 3398 1660 3438 omnes
1677 3382 1942 3453 ignobiles
1963 3389 2016 3436 et

421 3483 694 3540 Iobscuras
716 3496 857 3546 esse,
878 3494 978 3536 nec
996 3477 1306 3533 innocentia
1328 3486 1421 3532 aut
1437 3476 1688 3532 castitate
1705 3489 1770 3528 ac
1794 3474 2017 3529 lenitate

419 3572 664 3628 censeri.
695 3569 762 3624 Et
782 3570 999 3640 quidem
1020 3569 1088 3622 ab
1105 3568 1261 3622 initio
1287 3581 1317 3620 a
1335 3561 1696 3620 Barbarismo
1713 3579 1776 3619 ac
1803 3564 2017 3635 Scythi-

430 3662 641 3720 smoad
664 3668 968 3733 postremos
993 3674 1166 3729 usque
1185 3655 1567 3720 illassalianos,
1587 3671 1760 3710 LXXVI.
1784 3653 2013 3727 [cum]

427 3755 670 3812 hmreses
693 3751 947 3822 ascripta!
969 3758 1115 3806 sunt.
1134 3749 1215 3803 Μ
1230 3765 1366 3820 quas
1386 3747 1716 3803 Hellenismo
1729 3747 1871 3801 unde
1886 3762 2016 3817 gen-

429 3842 610 3902 tilium
639 3849 822 3906 sectae,
857 3847 913 3894 et
938 3837 1232 3894 Judais’mo
1265 3853 1296 3892 a
1329 3853 1437 3907 quo
1473 3835 1737 3902 Judaicae,
1776 3835 2018 3891 Samari-

419 3942 794 4004 tanorumque
847 3933 1087 3988 factione
1131 3931 1275 3987 unde
1309 3929 1650 3986 Samariticae
1685 3937 2012 3995 manarunt,

429 4026 967 4093 accc’dentibus,‘hoc
985 4029 1090 4090 eat,
1118 4021 1294 4079 tribus
1317 4024 1541 4079 omnino
1563 4022 1727 4078 sectis
1744 4021 1810 4076 ad
1831 4037 2014 4075 Lxxvu

427 4121 763 4190 superiores,
800 4135 947 4174 LXXX
975 4132 1239 4174 numerus
1273 4117 1523 4172 ellicitur.
1575 4116 1838 4187 Superest
1883 4129 2013 4180 una,

430 4214 686 4269 nimirum
721 4220 912 4268 sancta
953 4217 1007 4265 et
1053 4210 1326 4266 catholica
1377 4208 1651 4275 Ecclesia,
1708 4222 1828 4279 quae
1884 4222 2014 4263 vere

413 4303 743 4359 Christiana
779 4301 984 4374 religio
1030 4300 1232 4357 dicitur
1263 4318 1278 4355 :
1312 4313 1542 4370 quaeque
1578 4299 1691 4368 jam
1732 4305 1846 4352 tum
1881 4297 2011 4352 olim

2113 464 2220 516 πᾶν
2241 463 2340 515 οὐκ
2365 461 2644 532 ἀλλότριαι
2665 461 2986 532 γεγένηνται
3011 461 3279 532 διαθήκης
3309 459 3422 513 καὶ
3464 460 3722 528 κληρονο-

2113 557 2260 626 μίας,
2290 555 2364 626 μὴ
2407 554 2868 628 πεπροικ-ισμὲναι
2898 555 2954 608 δὲ
2985 555 3087 608 ὑπὸ
3121 553 3214 608 τοῦ
3245 554 3474 621 Λόγου,
3528 553 3624 605 καί
3655 556 3721 624 μή

2109 647 2397 716 δεξάμεναι
2430 647 2697 718 ὑποδοχὴν
2745 647 2838 700 τοῦ
2881 648 3039 714 ἁγίου
3073 647 3436 716 Πνεύματος,
3475 646 3642 713 μόνον
3671 648 3718 698 δὲ

2112 737 2405 806 συνάφειαν
2426 737 2528 790 ὑπὸ
2556 737 2856 808 συνείδησιν
2886 737 3020 807 πρὸς
3048 737 3139 790 τὸν
3171 737 3352 805 Αόγον
3392 737 3712 804 ἐσχηκυῖα.

2111 831 2306 896 Καλῶς
2328 831 2436 901 γὰρ
2451 832 2480 883 ὁ
2511 829 2758 900 Ἑϐραῖος
2776 829 2891 897 τὴν
2906 828 3252 882 παλλακίδα
3268 828 3529 898 ἔφρασε,
3549 827 3622 895 φή
3633 843 3717 888 σας

2111 921 2784 994 αὑτῇῶιίφελέγεσθα·
2819 920 3006 990 φελὲγ,
3032 920 3061 972 ὃ
3091 919 3476 990 ἑρμηνεύεται
3503 915 3690 984 ἣμισυ

2111 1011 2264 1076 ἕσθα,
2301 1010 2477 1080 γυνή·
2515 1011 2602 1066 ἵνα
2645 1011 2804 1082 εἴπῃ,
2850 1011 3021 1080 ἥμισυ
3072 1010 3362 1078 γυναικός.
3413 1009 3596 1060 Ὅσον
3629 1008 3709 1076 μὲν

2111 1103 2220 1174 γὰρ
2245 1097 2380 1175 ἧκεν
2411 1105 2491 1166 εἰς
2522 1103 2612 1156 τὸν
2634 1103 2860 1174 Κύριον,
2894 1105 3101 1167 πάντας
3132 1101 3415 1171 κέκληκεν
3451 1101 3541 1162 είς
3574 1100 3710 1150 5.2..-

2114 1194 2292 1268 θέριον
2333 1197 2469 1266 φῶς,
2507 1199 2713 1269 φήσας·
2755 1197 2855 1262 Ὡς
2893 1197 3062 1264 ἔχετε
3109 1195 3174 1249 τὸ
3220 1193 3356 1264 φῶς
3391 1193 3540 1261 μεθ’
3585 1192 3706 1243 ἐστι

2113 1288 2250 1353 τῶν,
2285 1289 2354 1342 ἐν
2385 1289 2532 1358 φωτί
2561 1287 2952 1356 περιπατεῖτε.
2985 1289 3092 1340 Καὶ
3123 1290 3150 1340 ὁ
3179 1286 3341 1354 ἅγιος
3380 1283 3708 1344 Ἀπόστολςς

2113 1381 2285 1449 λέγων
2304 1398 2316 1410 ’
2373 1379 2572 1449 Ὑμεῖς
2602 1379 2670 1431 δὲ
2713 1379 2938 1448 ἡμέρας
2969 1377 3110 1431 ἐστὲ
3146 1377 3356 1446 τέκνα,
3377 1375 3484 1428 καὶ
3539 1372 3703 1425 τέκνα

2112 1472 2326 1540 φωτός.
2365 1471 2474 1522 Καὶ
2507 1471 2667 1523 πάλιν
2701 1470 2757 1522 ὲν
2794 1472 2861 1540 τῇ
2899 1468 3018 1539 θεία
3058 1469 3282 1539 Γραφῇ·
3327 1467 3394 1518 ’0
3419 1462 3624 1516 ποιῶν
3647 1480 3706 1514 ta

2113 1565 2338 1635 φαῦλα,
2360 1563 2526 1633 μισεῖ
2560 1563 2624 1617 τὸ
2670 1562 2816 1632 φῶς,
2854 1565 2950 1617 καὶ
2994 1565 3107 1617 οὐκ
3151 1564 3396 1632 ἔρχεται
3445 1562 3609 1630 ,πρὸς
3647 1561 3703 1612 τέ-

2113 1655 2258 1725 ερῶς.
2293 1654 2450 1708 Οὕτω
2489 1655 2584 1708 καὶ
2636 1654 3000 1719 παλλακίδες,
3049 1655 3148 1708 οὐκ
3173 1657 3232 1707 ὲν
3279 1654 3362 1724 τῷ
3402 1654 3702 1724 προφανεῑ,

2111 1747 2210 1799 οὐκ
2257 1745 2314 1798 ὲν
2351 1748 2418 1817 τῇ
2459 1744 2777 1808 τελειώσει,
2823 1745 2945 1798 οὐδὲ
2981 1747 3039 1797 ἐν
3082 1744 3266 1815 προικὶ
3312 1745 3558 1811 ἄγονται
3603 1744 3700 1803 esi;

2112 1834 2388 1904 ἀνδράσιν,
2417 1835 2464 1886 εί
2499 1836 2593 1888 καὶ
2625 1834 2921 1904 συνάφειαν
2954 1837 3130 1904 σχοῖεν
3167 1836 3224 1888 αί
3256 1834 3427 1886 αὑταὶ
3469 1833 3613 1903 πρὸς
3643 1849 3701 1884 τι

2115 1925 2342 1997 σώματα
2383 1927 2489 1979 τῶν
2524 1925 2754 1996 ἀνδρῶν,
2798 1926 2859 1978 οὐ
2917 1926 3102 1996 μέντοι
3156 1943 3218 1993 γε
3263 1925 3372 1996 τὴν
3421 1924 3533 1992 τῆς
3563 1923 3700 1976 ἐλευ-

2114 2017 2277 2090 θέρας
2316 2017 2574 2088 γυναικὸς
2609 2019 2775 2088 τιμὴν
2810 2018 2903 2070 καὶ
2943 2017 3240 2088 ὀνομασίαν
3272 2017 3374 2070 και)⁸
3413 2017 3700 2086 βεϐαίωσιν

2114 2109 2209 2163 καὶ
2230 2111 2432 2182 φερνὴν
2467 2112 2560 2164 καὶ
2588 2109 2713 2163 ἕδνα
2747 2111 2840 2164 καὶ
2870 2111 3200 2181 προικισμὸν
3239 2111 3338 2164 καί⁹
3367 2110 3699 2178 mamma

2113 2201 2257 2273 ἔχειν
2289 2201 2562 2255 δύνανται.
2585 2197 2922 2264 Παλλακίδες
2955 2199 3086 2268 γοῦν
3113 2200 3168 2254 αἱ
3195 2200 3444 2270 καθεξῆς
3474 2199 3700 2270 ἀριθμη-

2115 2292 2292 2346 θεῖσαι
2321 2291 2582 2363 αἱρέσεις,
2610 2291 2685 2355 ὡς
2721 2291 2832 2345 ἄνω
2863 2291 3020 2360 ἔφην,
3057 2290 3415 2362 ὀγδοήκοντα.
3450 2291 3547 2358 Mi;
3583 2288 3699 2341 θαν-

2118 2382 2337 2454 μαςὲτω
2362 2383 2419 2435 δέ
2448 2401 2551 2447 τις,
2575 2385 2624 2435 εί
2653 2384 2747 2436 καὶ
2773 2382 2952 2447 ἄλλοις
2974 2383 3231 2453 ὀνόμασιν
3254 2383 3476 2450 ἑκάστη
3506 2383 3697 2433 τούτω

2116 2475 2470 2546 κικλήσκεται
2523 2476 2581 2528 ἐν
2639 2476 2846 2549 ἑκάστῃ
2898 2475 3070 2546 χώρᾳ.
3132 2474 3297 2528 Ἀλλὰ
3362 2474 3466 2527 καὶ
3534 2476 3699 2526 ἐκεῖνο

2118 2567 2553 2639 παρατηρητέον,
2584 2568 2665 2621 ὃτι
2707 2568 2965 2630 πολλάκις
2993 2567 3118 2620 καθ’
3145 2567 3350 2638 ἑαυτὴν
3380 2566 3550 2620 πάλιν
3585 2568 3697 2619 ἑκά-

2119 2670 2218 2724 στη
2253 2654 2464 2726 αἵρεσις
2505 2655 2738 2726 σχίσασα
2781 2657 2861 2719 εἰς
2909 2656 3078 2710 πολλὰ
3128 2657 3270 2728 μέρη
3315 2659 3418 2711 καὶ
3471 2656 3698 2727 ὀνόματα

2070 2820 2074 2823 _
2114 2744 2331 2816 διέστη·
2391 2746 2450 2799 οὐ
2481 2748 2588 2819 γάρ
2638 2748 2756 2800 ἐστι
2790 2746 2994 2818 θαῦμα,
3045 2747 3162 2800 ἐστι
3205 2747 3315 2819 γὰρ
3360 2751 3462 2801 καὶ
3513 2749 3690 2809 οὕτως.

2129 2837 2487 2909 Ὀγδοήκοντα
2513 2839 2568 2892 δὲ
2605 2840 2696 2892 καὶ
2717 2839 2812 2892 ἕνα
2843 2840 3072 2910 ἀριθμὸν
3099 2840 3461 2910 εὑρίσκομεν,
3491 2840 3696 2909 ’ἐναμὲν

2116 2928 2204 2982 διὰ
2227 2930 2323 3000 τὴν
2355 2929 2484 3000 μίαν
2532 2930 2638 2984 τῶν
2671 2930 2860 2984 πασῶν
2907 2931 3294 3002 διωρισμένην,
3336 2932 3491 3002 μόνῳ
3539 2932 3593 2984 δὲ
3629 2932 3694 3000 τῷ

2117 3020 2334 3091 νυμφίῳ
2368 3020 2818 3093 κεκληρωμένην,
2856 3021 2949 3073 ὑπ’
2972 3019 3135 3075 αὑτοῦ
3167 3020 3223 3073 δὲ
3256 3021 3696 3092 ὁμολογουμένην

2116 3114 2179 3183 τῇ
2217 3113 2395 3183 τοιᾷδε
2429 3112 2716 3184 ὀνομασία,
2749 3114 2833 3166 ὅτι
2865 3114 2987 3167 Mla
3021 3113 3156 3165 ἐστὶ
3203 3114 3536 3181 περιστερὰ
3564 3131 3692 3182 μου,

2116 3201 2211 3254 καὶ
2244 3199 2427 3267 πάλιν,
2451 3201 2651 3255 τελεία
2669 3219 2808 3270 μου.
2849 3201 2937 3264 Ὠς
2982 3201 3090 3253 τῶν
3119 3199 3307 3252 πασῶν
3359 3200 3694 3253 παὶᾶακίδων

2117 3292 2356 3360 ἀγεννῶν
2387 3292 2581 3356 οὐσῶν,
2609 3293 2704 3345 καὶ
2743 3293 2842 3346 οὐκ
2867 3295 2923 3345 ἐν
2959 3292 3164 3365 ἀκοικίιι⁸
3191 3295 3691 3365 ὲπιμετρουμένων,

2115 3383 2312 3436 οὐδὲὲν
2344 3383 2534 3453 ἁγνείᾳ
2559 3383 2652 3436 καλ⁹
2679 3381 3002 3454 ήμερότητι.
3026 3377 3156 3448 Ἐἰσὶ
3194 3383 3292 3454 μὲν
3324 3379 3423 3436 οὖν
3451 3383 3693 3453 ἀπαρχῇς

2119 3475 2522 3546 συναπτόμεναι
2553 3474 2629 3545 τῷ
2664 3474 2983 3545 καλουμένῳ
3008 3471 3395 3546 ’Βαρϐαρισμῷ
3430 3477 3529 3529 καὶ
3565 3475 3688 3528 Σκυ-

2119 3563 2298 3635 θισμῷ
2324 3565 2451 3635 ἄχρι
2478 3563 2584 3617 τῶν
2607 3565 3021 3636 προειρημένων
3037 3566 3467 3630 Μασσαλιανῶν,
3487 3573 3556 3618 σε’
3580 3563 3686 3638 [οξί

2117 3656 2207 3710 τὸν
2251 3656 2502 3728 ἀριθμὸν,
2553 3657 2646 3711 καὶ
2687 3655 3037 3728 Ἑλληνισμὸς
3093 3656 3149 3724 ἐξ
3193 3653 3252 3711 οὗ
3285 3659 3341 3710 αί
3392 3655 3688 3727 Ἑλληνικαὶ

2117 3749 2374 3820 αἱρέσεις,
2421 3750 2516 3802 καὶ
2564 3750 2892 3821 Ίουδαῐσμὸς
2921 3750 2988 3818 ἐξ
3018 3740 3078 3804 οὗ
3119 3750 3432 3816 Ἰουδαῖκαὶ,
3479 3752 3574 3803 καὶ
3601 3747 3687 3802 Σα-

2121 3841 2410 3914 μαρειτικὴ
2444 3840 2501 3908 ἐξ
2543 3836 2610 3914 ἦς
2659 3844 2713 3896 ai
2757 3842 3198 3915 Σαμαρειτικαὶ,
3248 3843 3357 3898 τῶν
3410 3843 3578 3917 τριῶν
3609 3844 3686 3897 ἐπὶ

2116 3934 2208 3986 τὸν
2256 3933 2649 4004 ἑϐδομηκοστὸν
2689 3933 2916 4005 ἕϐδομον
2955 3935 3186 4008 ἀριθμὸν
3221 3937 3678 4007 προστιθεμένων,

2118 4025 2198 4088 είς
2243 4023 2637 4095 ὀγδοηκοντάδα
2697 4026 2925 4098 ἀριθμὸν
2968 4025 3360 4099 πληρουμένων
3393 4069 3409 4093 ,
3469 4031 3563 4081 καὶ
3602 4027 3684 4096 τῆς

2120 4117 2249 4188 μιᾶς
2272 4133 2337 4169 πε
2346 4114 2751 4189 ριλειπομὲνης,
2772 4117 3052 4171 τουτέστιν
3078 4119 3111 4187 ἡ
3132 4118 3263 4187 ἁγία
3278 4117 3548 4191 καθολικὴ
3583 4118 3682 4172 Ἐκ-

2115 4206 2314 4280 κλησία
2343 4247 2357 4273 ,
2431 4208 2526 4262 καὶ
2592 4210 3019 4282 Χριστιανισμὺς
3079 4210 3246 4273 ὅντως
3312 4210 3680 4282 ὠνομασμένος

2116 4301 2394 4372 ἁπαρχῆς,
2424 4301 2516 4354 καὶ
2539 4301 2634 4355 σὺν
2663 4302 2741 4373 τῷ
2773 4301 2942 4373 Ἀδὰμ
2976 4303 3069 4356 καὶ
3101 4303 3208 4374 πρὸ
3245 4301 3341 4356 τοῦ
3386 4304 3580 4375 ’Δδὰμ,
3603 4305 3680 4356 καί

412 4404 482 4450 σει
515 4408 639 4449 cum
675 4393 906 4458 Adamo,
932 4394 1044 4448 imo
1075 4401 1203 4448 ante
1235 4391 1502 4446 Adamum
1535 4390 1738 4461 ipsum,
1769 4389 2008 4459 adeoque

2120 4390 2223 4463 πρὸ
2249 4391 2465 4446 πάντων
2508 4391 2619 4445 τῶν
2646 4391 2857 4446 αἰώνων
2901 4394 2996 4446 σὺν
3036 4394 3256 4466 Χριστῷ
3305 4392 3576 4466 θελήματι
3603 4392 3679 4446 τοῦ

430 4494 557 4541 ante
579 4485 768 4541 omnia
801 4485 1004 4540 saecula
1034 4499 1158 4540 cum
1187 4481 1410 4540 Christo
1437 4481 1623 4537 ﬂoruit
1653 4481 1721 4536 tle
1744 4478 1925 4536 Patris
1948 4495 2014 4534 ac

429 4574 556 4631 Filii
595 4585 649 4632 et
685 4575 927 4648 Spiritus
960 4575 1137 4632 sancti
1187 4575 1488 4630 voluntate.
1524 4572 1626 4627 Cui
1669 4573 1886 4642 quidem
1920 4587 2014 4628 eo-

415 4681 554 4722 rum
583 4668 830 4723 omnium
870 4668 963 4738 qui
994 4668 1049 4722 in
1089 4666 1330 4736 qualibet
1359 4665 1714 4736 generatione
1745 4663 1854 4719 De'o
1893 4664 2013 4731 pla~

413 4769 664 4818 'cuerunt
708 4766 974 4832 tempore,
1009 4759 1143 4816 tl'des
1183 4766 1267 4815 est
1296 4757 1513 4824 habita;
1540 4767 1593 4812 et
1623 4757 1932 4813 advenienti
1958 4757 2015 4812 in

430 4849 873 4908 huncmun'dum
894 4849 1129 4906 "Christo
1148 4845 1393 4904 "Domino
1421 4845 1714 4903 manifeste
1746 4853 1831 4902 est
1861 4854 2014 4917 pate-

2119 4484 2330 4556 Πατρὸς
2370 4485 2464 4537 καὶ
2494 4484 2626 4538 Υίοῦ
2680 4486 2777 4539 καὶ
2834 4486 2991 4554 ἁγίου
3044 4486 3383 4556 Πνεύματος,
3433 4487 3530 4540 καὶ
3567 4486 3680 4558 μετὰ

2120 4575 2338 4628 πάντων
2385 4575 2494 4628 τῶν
2533 4576 2676 4629 κατὰ
2705 4577 2899 4645 γενεὰν
2933 4576 3051 4648 Θεῷ
3095 4578 3577 4650 εὐαρεπησάντων
3606 4593 3678 4628 πι-

2122 4665 2480 4738 στευόμενος,
2525 4668 2618 4719 καὶ
2673 4669 2731 4720 ὲν
2765 4670 2831 4740 τῇ
2873 4667 3038 4721 αὑτοῦ
3097 4668 3372 4740 παρουσίᾳ
3415 4669 3476 4720 ὲν
3516 4669 3676 4738 κόσμῳ

2123 4755 2308 4826 σαφῶς
2353 4758 2800 4829 ἀποκαλυφθεὶς,
2851 4760 2946 4813 καὶ
2977 4759 3074 4813 νῦν
3119 4759 3259 4830 μετὰ
3315 4760 3417 4823 τὰς
3461 4761 3672 4832 αἱρέσεις

2120 4847 2321 4913 ταύτας
2354 4849 2535 4915 πάσας
2560 4853 2660 4916 τὰς
2696 4851 2760 4923 δὴ
2809 4852 3145 4915 παλλακίδας
3197 4854 3286 4923 ὑφ’
3337 4854 3500 4924 ἡμῶν
3539 4855 3673 4907 πάλιν

431 4949 607 5011 facta;
652 4958 799 4999 nunc
833 4950 1014 5000 autem
1055 4949 1180 5013 post
1215 4940 1532 5012 superiores
1563 4954 1756 4995 omnes
1784 4938 2008 4994 hareses

2123 4937 2550 5010 ὲξυμνουμένας,
2577 4941 2652 5007 ὼς
2677 4942 2817 4998 κατὰ
2842 4943 2940 5015 τὴν
2972 4943 3290 4999 ἀκολουθίαν
3314 4944 3413 4998 τοῦ
3452 4945 3617 5015 λόγου.

428 5038 544 5094 sive
570 5037 909 5093 concubinas
947 5035 1196 5091 oratione
1220 5040 1408 5089 nostra
1437 5030 1804 5104 praedicanda,
1832 5044 2024 5100 quem-

427 5129 722 5185 admodum
757 5129 998 5186 instituti
1026 5127 1298 5185 sermonis
1335 5127 1470 5182 ordo
1503 5125 1767 5197 postulat.

497 5223 613 5279 Vll.
654 5225 870 5298 Quippe
895 5223 1135 5281 Verbum
1159 5225 1340 5296 ipsum
1370 5223 1426 5277 in
1449 5220 1696 5277 Canticis
1726 5221 1830 5276 hoc
1853 5218 2017 5275 modo

427 5317 756 5382 numeravit,
798 5319 1082 5390 sexaginta
1115 5317 1366 5388 reginas,
1409 5321 1463 5369 et
1492 5313 1769 5384 octoginta
1810 5326 2008 5368 concu-

2195 5216 2268 5269 Z'.
2307 5216 2478 5279 Αὐτὸς
2527 5217 2636 5290 γὰρ
2685 5219 2714 5270 ὁ
2752 5215 2927 5285 Λόγος
2968 5217 3026 5269 ὲν
3073 5233 3186 5279 τοις
3235 5216 3516 5287 ’ᾼσμασιν
3557 5217 3670 5272 οὕτω

2118 5308 2446 5382 ἠρίθμησεν,
2479 5310 2742 5381 ἑξήκοντα
2789 5309 3110 5381 βασιλίσσας
3157 5309 3362 5382 φήσας,
3396 5313 3494 5366 καὶ
3515 5311 3667 5380 ὀγδοή.

505 5516 525 5549 ³
555 5516 711 5572 Joan.
738 5533 838 5581 xu,
867 5519 955 5575 55.
1033 5522 1053 5551 ¹
1087 5517 1328 5573 l'l‘hess.
1358 5533 1410 5582 v,
1442 5516 1493 5570 5.
1571 5517 1591 5547 ³
1620 5513 1781 5570 Joau.
1811 5529 1892 5583 ιιι,
1923 5510 2014 5568 20.
2095 5510 2120 5545 ⁵
2155 5511 2313 5569 Cant.
2346 5529 2419 5577 vr,
2449 5513 2502 5569 8.
2580 5515 2603 5546 ⁸
2643 5514 2774 5570 ibid.

500 5673 636 5748 (δι’)
665 5676 864 5744 Αὐτὴν.
