3810 6216
83 363 212 422 785.

658 364 1028 424 ADVERSUS
1065 367 1414 425 HERESES
1433 369 1563 424 LIB.
1602 369 1689 428 ιιι.
1732 371 1898 440 ΤΟῌ.
1939 375 2095 436 IL—
2127 373 2492 430 EXPOSITIO
2528 373 2726 432 FIDEI.

3269 377 3368 434 756

85 476 270 515 κοντα
298 457 658 524 παλλακίδας,
703 462 798 514 καὶ
833 463 1081 527 νεάνιδας
1117 457 1191 518 ὧν
1227 467 1330 518 οὐκ
1370 464 1516 520 ἐστιν
1551 467 1674 538 ἀρι-

1786 469 1958 536 binas,
1987 482 2040 526 et
2065 471 2502 528 adolescentulas
2530 485 2764 541 quarum
2789 485 3054 528 numerus
3079 486 3188 528 non
3213 483 3296 528 est
3323 477 3367 534 ⁸.

83 554 258 626 θμός.
287 554 408 608 Mla
432 552 488 606 δὲ
510 593 524 616 ,
557 553 740 625 φησιν,
772 555 904 609 ἐστὶ
951 558 1270 626 περιστερά
1309 576 1450 628 μου,
1481 561 1681 614 τελεία

79 665 212 716 μου
235 689 254 713 ,
277 648 386 717 μία
419 647 550 702 ἐστὶ
593 645 668 716 τῇ
694 647 873 718 μητρὶ
912 647 1102 718 αὐτῆς
1128 691 1142 716 ,
1184 651 1440 722 ἐκλεκτὴ
1485 653 1560 722 τῇ
1590 671 1681 708 τε·

83 737 296 808 κούσῃ
322 737 534 808 αὐτ-ἠν.
565 739 674 792 Καὶ
699 738 924 810 ὕστερον
953 741 1192 796 δείκνυσι
1241 743 1358 807 πῶς
1391 747 1541 817 παρά
1569 748 1677 801 πᾶ-

89 846 180 884 σιν
225 830 606 902 εὑρεθήσεται,
642 831 718 898 ὡς
773 832 1096 905 ἐντιμοτέρα
1145 836 1335 888 πασῶν
1376 833 1530 904 οὖσα,
1587 840 1680 894 καὶ

87 919 320 976 πάντων
349 923 715 988 δεσπόζουσα,
761 925 856 978 καὶ
899 925 1061 980 αὑτοῦ
1112 927 1246 999 μόνη
1277 927 1644 1002 ἰκλελεγμένη
1663 973 1678 998 ,

87 1009 158 1090 ἧς
209 1017 283 1070 τὰ
314 1019 480 1080 τέκνα
527 1017 841 1090 κληρονόμα
887 1019 979 1076 τοῦ
1029 1019 1314 1090 βασιλέως,
1379 1026 1473 1078 καὶ
1515 1025 1680 1080 τέκνα

85 1109 360 1180 ἀληθινὰ,
403 1112 480 1176 ὡς
515 1112 679 1166 τέκνα
719 1113 820 1184 τῆς
856 1113 1217 1183 ἐπαγγελίας.
1255 1118 1352 1174 καὶ
1402 1119 1462 1171 οὐ
1512 1119 1680 1174 τέκνα

83 1199 192 1269 τῆς
233 1199 678 1275 παιδίσκης,οὖτε
705 1201 1054 1268 παλλακίδος,
1073 1203 1196 1256 οὔτε
1229 1205 1334 1259 τῶν
1362 1205 1537 1262 ἄλλων
1570 1207 1679 1262 τῶν

85 1291 415 1364 ἀναρίθμως
442 1293 912 1366 ἑρμηνευομένων.
939 1295 1002 1348 El
1029 1295 1136 1370 γὰρ
1166 1295 1260 1350 καὶ⁵
1305 1297 1415 1350 ἀπὸ
1447 1297 1682 1354 Χεττούρ

90 1399 194 1454 ρας
217 1383 325 1454 τῆς
353 1383 676 1448 παλλακίδος
700 1385 858 1456 ἔσχεν
889 1389 918 1439 ὁ
955 1387 1204 1460 Ἀϐραὰμ
1235 1388 1420 1455 τέκνα,
1455 1392 1514 1444 οὐ
1548 1409 1680 1462 συγ-

87 1475 412 1548 κληρονόμα
471 1479 726 1548 τυγχάνει
774 1479 840 1534 τὰ
881 1479 1048 1534 τέκνα
1098 1482 1196 1552 τῆς
1245 1481 1552 1555 Χεττούρας
1605 1483 1681 1556 τῷ

105 1567 300 1620 Ἰσαάκ
323 1584 336 1597 ·
379 1568 587 1640 δόματα
618 1569 674 1622 δὲ
701 1569 894 1626 ἔλαϐεν
927 1571 1002 1636 ὡς
1031 1571 1270 1644 ληγάτου
1306 1575 1468 1646 χάριν
1489 1591 1501 1604 ·
1537 1575 1625 1630 ἵνα
1654 1579 1682 1640 ό

89 1659 266 1723 τύπος
301 1661 452 1731 μένοι
487 1663 567 1726 είς
609 1662 900 1734 ἀναγωγὴν
931 1663 1026 1718 τοῦ
1059 1665 1244 1734 λόγου,
1278 1668 1358 1732 είς
1382 1667 1440 1720 τὸ
1475 1667 1550 1740 μὴ
1577 1669 1682 1722 ἀπ-

89 1751 316 1804 ελπίσαι
349 1751 500 1816 τινὰς
525 1753 626 1822 τῆς
649 1753 744 1805 τοῦ
777 1754 1014 1825 Χριστοῦ
1054 1754 1305 1826 κλήσεως
1323 1773 1336 1786 °
1363 1759 1587 1830 καὶγὰρ
1609 1757 1678 1811 τὰ

1789 558 1906 614 Una
1931 570 2030 626 est,
2059 561 2257 632 inquit,
2302 561 2552 618 columba
2578 577 2714 627 mea,
2759 562 2990 630 perfecta
3023 577 3182 616 mea:
3209 565 3368 618 unica

1780 659 1859 705 est
1894 653 2053 706 matri
2081 669 2210 717 sum,
2239 652 2406 710 electa
2436 653 2676 723 geniti-ica"
2709 668 2822 706 sua:
2847 652 2888 704 ³.
2930 652 3078 718 Τιιιιις
3110 653 3248 720 illud
3277 653 3366 710 de-

1781 753 2070 812 monstrat,
2105 745 2562 816 quemadmodum
2595 745 2826 816 reperiri
2854 745 2924 802 ab
2952 748 3214 804 omnibus
3239 762 3365 818 pos-

1783 837 1894 892 sit:
1930 844 2117 906 utpote
2156 852 2277 908 quae
2328 838 2586 894 omnibus
2634 837 2956 892 honoratior
2995 839 3088 906 sit,
3135 841 3367 910 imperet

1781 929 2062 994 omnibus,
2095 938 2260 1000 atque
2291 931 2394 1000 ipsi
2424 931 2542 986 sola
2573 931 2724 986 velut
2755 919 2958 986 eximia
2989 931 3062 985 sit
3085 941 3140 986 et
3169 932 3362 996 electa,

1781 1021 1942 1090 cujus
1983 1021 2076 1074 ﬁlii
2116 1021 2362 1078 hmredes
2393 1029 2524 1078 sunt
2563 1022 2708 1092 regis
2753 1037 2816 1076 ac
2847 1021 2944 1090 ﬁlii
2977 1021 3226 1094 legitimi,
3261 1023 3366 1078 hoc

1781 1117 1896 1172 est,
1929 1111 2314 1179 promissionis
2343 1112 2522 1177 liberi,
2561 1127 2674 1166 non
2699 1112 2912 1168 ancilla:
2935 1113 2974 1176 ξ,
3013 1127 3192 1184 neque
3235 1128 3366 1170 con-

1781 1202 1995 1257 cubina:
2017 1213 2545 1278 cmtcrarumve,qua:
2565 1205 2718 1262 nullo
2748 1221 2980 1262 numero
3005 1208 3365 1278 comprehen-

1782 1293 2008 1354 duntur.
2041 1294 2306 1362 Quamvis
2339 1298 2486 1352 enim
2517 1314 2584 1354 ex
2614 1298 2880 1355 Chettura
2923 1299 3228 1356 concubina
3263 1318 3362 1362 sua

1781 1383 1984 1439 liberos
2011 1384 2358 1444 Ahrahamus
2387 1388 2698 1458 susceperit
2721 1391 2766 1454 ⁵,
2799 1389 3004 1444 nullam
3043 1379 3226 1448 tamen
3271 1392 3362 1450 isti

1781 1492 1910 1538 cum
1937 1476 2124 1533 lsaaco
2165 1477 2218 1532 iu
2259 1479 2574 1548 patrimonii
2624 1481 3067 1537 communionem
3099 1484 3359 1546 veniunt.

1783 1569 1878 1624 sed
1919 1585 2144 1624 munera
2177 1569 2464 1634 duntaxat,
2499 1573 2656 1642 quasi
2701 1573 2876 1644 legata
2918 1573 3166 1644 quaedam
3217 1576 3365 1632 acci-

1781 1659 1956 1732 piunt,
1979 1667 2038 1714 ut
2065 1660 2278 1716 altioris
2301 1677 2402 1716 nos
2427 1677 2622 1717 sensus
2647 1663 2818 1733 ﬁgura
2847 1663 2964 1734 ipsa
2993 1671 3362 1730 commoneat,

1781 1764 1850 1804 ne
1887 1749 2011 1820 quis
2055 1749 2122 1806 de
2164 1749 2370 1806 Christi
2429 1754 2716 1810 vocatione
2761 1754 3033 1825 desperet.
3083 1753 3218 1810 Nam
3269 1757 3362 1812 illa

91 1843 306 1914 δόματα
333 1843 370 1897 ἃ
406 1843 572 1900 ἔδωκε
603 1843 682 1916 τῷ
723 1845 948 1920 Ἱσμαὴλ
975 1847 1072 1906 καὶ
1108 1825 1220 1912 τοῖς
1263 1849 1402 1912 υἱοῖς
1445 1825 1676 1903 Χεττού-

1786 1840 1954 1908 dona,
1995 1857 2115 1912 qua:
2170 1841 2386 1898 lsmaeli
2427 1853 2481 1898 et
2521 1843 2799 1900 Cbetturaa
2845 1845 2971 1900 ﬁliis
3017 1845 3362 1904 Abrahamus

93 1948 216 2000 ρας,
249 1931 421 1995 τύπος
449 1927 516 2006 ἦν
545 1931 654 1990 τῶν
695 1933 994 2004 μελλόντων
1028 1935 1244 1992 ἔσεσθαι
1293 1937 1500 2005 ἀγαθοῦ
1526 1939 1542 1969 ¹
1595 1941 1677 2003 είς

93 2023 432 2096 ἐπιστροφὴν
476 2024 665 2096 ψυχῶν
719 2025 830 2100 (52)
881 2027 1017 2099 πρὸς
1065 2029 1164 2100 τὴν
1202 2030 1383 2084 πίστιν
1437 2031 1529 2082 καὶ
1579 2031 1678 2101 τὴν

93 2114 378 2186 ἀλήθειαν.
410 2117 488 2188 Τῇ
525 2117 624 2188 μὲν
647 2117 756 2190 γὰρ
788 2119 967 2190 ’Ἅγαρ
997 2119 1252 2194 παιδίσκῃ
1284 2119 1416 2192 οὔσῃ
1452 2122 1544 2174 καὶ
1570 2121 1678 2176 ἀπὸ

95 2209 186 2262 τοῦ
229 2209 488 2282 Ἀϐραὰμ.
532 2209 898 2286 ἐκϐληθείσῃ,
949 2212 1025 2276 ὡς
1074 2214 1107 2283 ἠ
1155 2213 1490 2266 δουλεύσασα
1529 2213 1679 2268 κάτω

105 2300 466 2371 Ἰερουσαλὴμ
499 2301 637 2372 μετά
672 2301 779 2355 τῶν
811 2301 1016 2356 τέκνων
1051 2304 1242 2374 αὐτῆς,
1274 2305 1402 2376 περὶ
1427 2299 1496 2376 ἧς
1524 2305 1678 2376 εἴρη-

96 2408 216 2446 ται·
289 2393 592 2464 ’Δπέρῤιψα
662 2393 759 2466 τὴν
826 2395 1038 2466 μητέρα
1091 2395 1277 2467 ὑμῶν’
1332 2396 1427 2450 καὶ
1481 2397 1675 2450 πάλιν·

101 2483 320 2537 Ἐδωκα
372 2483 578 2554 βιϐλίον
626 2485 956 2539 ἀποστασίου
1002 2487 1080 2550 εἰς
1115 2487 1212 2551 τὰς
1257 2490 1447 2560 χεῖρας
1485 2487 1678 2556 αὐτῆς·

106 2575 282 2647 ταύτῃ
313 2575 424 2646 γὰρ
471 2579 538 2648 τῇ
589 2578 869 2650 παιδίσκῃ,
903 2579 1082 2650 ’Ἅγαρ
1114 2578 1174 2632 τέ
1221 2596 1387 2652 φημι,
1418 2577 1678 2649 “UP-601"

100 2667 340 2741 κὼτερον
369 2671 434 2722 δι’
466 2669 654 2726 ἐλπίδα
700 2671 1070 2744 ἐπιστροφῆς,
1103 2671 1270 2726 ἀσκὸν
1305 2671 1522 2725 δίδωσιν
1561 2669 1680 2724 ὓδα-

101 2780 206 2828 τος,
253 2763 346 2815 ἵνα
385 2761 532 2834 δείξῃ
567 2761 662 2817 τοῦ
702 2763 928 2836 λουτροῦ
971 2765 1070 2834 τῆς
1113 2765 1534 2834 παλιγγπεσίας
1577 2763 1678 2836 τὴν

99 2854 328 2925 δίναμιν
363 2857 442 2918 είς
488 2853 626 2926 δόμα
669 2855 814 2926 ζωῆς
861 2857 972 2918 τοῖς
1013 2856 1262 2920 ἀπίστοις
1300 2855 1675 2922 ἀποδοθεῖσαν,

101 2943 190 2998 καὶ
211 2945 292 3006 είς
319 2943 656 3016 ἐπιστροφὴν
680 2944 900 2998 πάντων
925 2945 1032 2998 τῶν
1065 2944 1233 2998 ἐθνῶν
1261 2946 1398 3018 πρὸς
1425 2946 1526 3018 τὴν
1557 2947 1679 3000 ὲπί-

104 3053 297 3104 γνωσιν
343 3037 440 3107 τῆς
483 3035 762 3108 ἀληθείας.
818 3038 948 3101 Τοῖς
990 3037 1046 3090 δὲ
1079 3040 1215 3102 υἱοῖς
1245 3038 1561 3110 Χεττούρας
1607 3037 1676 3092 τά

1779 1934 2078 1996 distribuit,
2108 1933 2416 1990 futurorum
2449 1935 2716 1990 bonorum
2749 1937 3038 2008 imaginem
3066 1938 3362 1994 adumbra-

1781 2025 1940 2090 hant,
1975 2041 2096 2096 quae
2125 2027 2180 2080 in
2211 2026 2626 2082 conversionem
2661 2029 2967 2082 animarum
3003 2027 3070 2082 ad
3105 2029 3262 2084 ﬁdem
3308 2037 3362 2086 et

1779 2120 2064 2176 veritatem
2110 2127 2266 2173 erant
2304 2119 2628 2174 obventura.
2689 2119 2896 2174 Etenim
2950 2120 3096 2191 Agar
3149 2121 3361 2176 ancillze

1779 2228 1942 2284 quam
1969 2213 2314 2268 Abrahamus
2337 2211 2516 2283 ejecit,
2547 2227 2665 2284 quae
2687 2221 2770 2268 est
2797 2212 3074 2270 inferioris
3104 2213 3364 2270 Hierusa-

1781 2304 1888 2358 lem
1917 2303 2087 2374 ﬁgura
2117 2318 2242 2358 cum
2271 2303 2457 2358 liberis
2490 2305 2606 2360 suis
2637 2318 2744 2358 una
2778 2304 3070 2360 servientis
3098 2305 3138 2370 ³,
3169 2305 3236 2360 de
3257 2321 3362 2376 qua

1773 2394 2043 2464 scriptum
2076 2401 2160 2448 est
2185 2411 2199 2448 :
2231 2393 2416 2462 Abjeci
2446 2402 2674 2448 matrem
2699 2403 2938 2450 vestram
2957 2395 3011 2462 ";
3037 2395 3200 2450 item:
3229 2393 3364 2450 Dedi

1780 2485 2020 2540 libellum
2062 2486 2270 2558 repudii
2307 2485 2362 2540 in
2398 2487 2610 2558 1085
2639 2502 2829 2544 manus
2867 2487 3011 2543 illius
3036 2486 3088 2552 ⁸;
3111 2485 3260 2553 huic,
3281 2488 3365 2543 in-

1781 2593 1966 2648 quam,
1985 2578 2127 2648 Agar
2153 2578 2364 2632 ancilla:
2381 2577 2448 2632 ad
2464 2593 2614 2648 spem
2639 2579 3010 2634 conversionis
3033 2579 3366 2634 adumbran-

1780 2671 1904 2724 dam
1929 2679 2224 2740 uteraqua:
2243 2671 2404 2725 datus
2433 2683 2537 2734 εει,
2563 2685 2671 2740 quo
2697 2671 2900 2725 lavacri
2931 2672 3365 2740 regenerationis

1781 2761 1863 2816 vis
1883 2767 1937 2816 ct
1957 2761 2244 2816 eﬁicacitas
2259 2759 2578 2816 ostendatur
2593 2777 2604 2812 :
2619 2758 2764 2830 quod
2783 2767 3040 2828 tanquam
3063 2760 3226 2814 vitale
3245 2775 3366 2814 mu-

1780 2870 1886 2910 nus
1921 2853 2252 2915 inﬁdclibus,
2283 2859 2338 2906 et
2367 2851 2422 2906 in
2454 2852 2736 2906 nationum
2762 2851 3008 2906 omnium
3039 2852 3361 2906 conversiov

1783 2961 1906 3000 nem
1951 2944 2016 2998 ad
2064 2944 2396 3014 agnitionem
2444 2941 2689 2997 veritatis
2739 2949 2824 2998 est
2872 2942 3135 2996 oblatum.
3195 2940 3366 3011 Igitur

1781 3039 2058 3093 Chetturae
2089 3037 2276 3092 liberis
2303 3035 2498 3090 collata
2533 3035 2624 3090 illa
2652 3050 2880 3092 munera
2913 3035 3160 3106 pecuniae
3185 3047 3364 3102 erant,

105 3125 306 3198 δόματα
349 3124 416 3200 ἦν
459 3130 757 3200 χρημάτων
788 3128 1044 3204 ὓπαρξις,
1074 3130 1274 3202 χρυσὸς
1305 3132 1402 3184 καὶ
1439 3130 1676 3204 ἄργυρος

1786 3145 1978 3185 aurum
2001 3128 2274 3192 videlicet,
2301 3135 2586 3200 argentum
2608 3135 2662 3180 et
2685 3127 2875 3192 vestis,
2901 3135 2954 3182 et
2976 3143 3098 3196 qua:
3119 3141 3226 3182 non
3248 3126 3367 3182 sine

107 3219 192 3272 καὶ
219 3220 538 3292 ἱματισμὸς,
571 3221 662 3276 καὶ
693 3221 848 3274 ἅτινα
883 3223 942 3276 ὲν
969 3221 1252 3294 μυστηρίῳ
1287 3223 1534 3294 Ἀὖραάμ
1573 3223 1672 3276 ἀπο

107 3309 346 3367 ἔκλεισεν
381 3313 440 3364 ἐν
471 3315 590 3375 ταῖς
620 3315 855 3386 πήραις,
899 3313 1114 3368 λίϐανον
1161 3315 1256 3367 καὶ
1307 3312 1553 3385 σμύρναν
1585 3315 1678 3369 καὶ

107 3403 299 3473 χρυσὸν
341 3403 451 3456 τῶν
483 3403 570 3458 διὰ
601 3405 708 3458 τῶν
752 3404 1015 3476 βασιλέων
1047 3405 1294 3478 Σοδόμων
1338 3407 1432 3460 καὶ
1463 3405 1675 3478 Γομόρ-

111 3499 218 3566 ρας,
249 3497 362 3552 τῶν
397 3499 526 3570 περὶ
561 3497 963 3569 Χοδολλογόμορ
993 3497 1086 3554 καὶ
1113 3497 1324 3572 Βαρσά,
1353 3497 1448 3552 καὶ
1475 3497 1677 3551 λοιπῶν

109 3588 208 3642 τῶν
235 3589 336 3660 τὴν
383 3590 758 3662 αἰχμαλωσίαν
801 3590 909 3644 ἀπὸ
941 3589 1190 3661 Σοδόμων
1236 3590 1330 3642 καὶ
1379 3590 1674 3664 Γομόρρων

111 3681 194 3732 καὶ
216 3681 424 3736 λοιπῶν
467 3681 760 3744 λαϐόντων,
796 3683 891 3740 καὶ
923 3681 1332 3736 σκυλευσάντων
1363 3683 1462 3754 τήν
1501 3699 1558 3735 τε
1586 3681 1676 3734 ἴπ-

112 3791 222 3840 πον,
270 3778 368 3830 καὶ
403 3777 926 3848 αίχμαλωτισάντων
967 3777 1028 3830 τὸ
1069 3775 1272 3848 πλῆθος
1312 3777 1422 3832 τῶν
1467 3774 1678 3848 ἀνθρώ-

115 3883 238 3932 πων,
265 3870 364 3924 καὶ
391 3869 830 3940 ἀφαρπαξάντων
859 3869 956 3934 τὰς
975 3869 1082 3924 ἀπὸ
1107 3869 1340 3926 ἑκάστου
1364 3866 1678 3939 περιουσίας

111 3977 166 4012 τε
205 3962 296 4014 καὶ
358 3963 653 4033 χρημάτων
700 3962 796 4018 καὶ⁴
833 3961 940 4016 τῶν
979 3961 1152 4016 ἀλλων
1188 3960 1390 4032 πλῆθος
1409 3977 1422 3991 ’
1459 3959 1488 4013 δ
1517 3958 1678 4022 αὐτὸς

113 4053 444 4125 ἀπέστρεψεν
470 4055 577 4108 ἀπὸ
605 4056 702 4127 τῆς
739 4057 914 4126 κοπῆς
951 4055 1058 4108 τῶν
1089 4053 1352 4126 βασιλέων
1385 4053 1530 4117 τότε,
1586 4051 1679 4106 καί⁵

114 4140 224 4196 οὔτε
266 4145 610 4218 ἀποστρέψαι
659 4147 728 4200 τά
774 4147 876 4218 ἤδη
919 4148 1110 4220 Κυρίῳ
1151 4145 1269 4217 Θεῷ
1305 4143 1680 4214 ἀποταχθέντα

1785 3222 2046 3295 mysterio
2077 3221 2421 3278 Abrahamus
2451 3222 2506 3276 in
2533 3221 2752 3275 illorum
2791 3219 2941 3292 peris
2965 3220 3212 3286 inclusit,
3236 3221 3374 3300 thus

1783 3321 1838 3368 et
1871 3314 2090 3385 myrrha
2113 3321 2166 3368 et
2195 3329 2388 3378 aurum
2421 3328 2542 3382 quae
2573 3311 2642 3366 ab
2669 3309 3029 3368 Sodomorum
3063 3319 3116 3366 et
3141 3312 3370 3368 Gomor-

1785 3406 1898 3460 rhae
1931 3406 2152 3477 regibus
2183 3407 2394 3476 accepit
2427 3425 2441 3460 :
2483 3421 2592 3472 quo
2635 3414 2880 3475 tempore
2905 3404 3370 3476 Chodollogomor

1783 3506 1837 3554 et
1871 3497 2036 3553 Barsa
2062 3499 2352 3568 cmterique
2379 3513 2534 3569 reges
2569 3495 2882 3552 Sodomitas
2905 3504 2958 3551 et
2983 3495 3366 3552 Gomorrhaeos

1785 3591 2028 3662 captivos
2067 3590 2442 3654 abduxerunt,
2479 3605 2545 3645 ac
2587 3589 2813 3660 praedati
2863 3598 2990 3643 sunt
3032 3595 3147 3642 tam
3194 3601 3368 3656 equos

1785 3697 1948 3754 quam
1989 3683 2258 3748 homines,
2290 3691 2344 3738 et
2374 3681 2812 3752 uniuscujusque
2841 3679 3089 3736 fortunas
3122 3679 3367 3750 diripue-

1788 3780 1930 3828 runt.
1965 3773 2098 3842 Qua:
2122 3789 2246 3828 cum
2285 3774 2634 3828 Abrahamus
2656 3788 2724 3829 ex
2753 3773 2843 3826 illa
2873 3787 3061 3843 regum
3087 3771 3368 3842 depraeda-

1787 3864 1931 3920 tione
1957 3873 2358 3932 recuperasset,
2401 3877 2500 3920 nec
2529 3878 2650 3932 qua:
2680 3863 2794 3932 jam
2833 3861 3062 3916 Domino
3087 3861 3200 3918 Deo
3229 3877 3368 3918 con-

1785 3963 1998 4012 secrata
2026 3955 2243 4010 fuerant
2276 3955 2500 4010 auderet
2524 3946 2792 4022 avertere,
2823 3955 2966 4010 inter
2988 3955 3094 4008 alia
3123 3953 3268 4010 dona
3297 3954 3366 4008 li-

1785 4049 1933 4104 beris
1959 4049 2073 4104 suis
2097 4061 2236 4118 quos
2261 4063 2292 4103 e
2314 4047 2576 4104 Chettura
2601 4055 2939 4118 susceperat,
2967 4047 3116 4102 ultro
3139 4060 3368 4101 conces-

1787 4143 1897 4210 sit;
1928 4152 1988 4198 ut
2025 4144 2080 4200 in
2116 4141 2466 4202 Hebrzeorum
2495 4139 2890 4195 traditionibus
2915 4138 3148 4208 legimus

114 4236 466 4311 τολμήσαντος
512 4240 708 4306 αὑτοῦ,
761 4239 900 4294 ἀλλά
944 4239 1235 4302 δεδωκότος
1279 4239 1420 4294 αὐτὰ
1466 4239 1671 4308 δόματα
1711 4237 1852 4310 μετά
1897 4236 2004 4290 τῶν
2037 4235 2212 4291 ἄλλων
2251 4235 2366 4297 τοῖς
2407 4232 2552 4298 υίοῖς
2599 4229 2764 4286 αὐτοῦ
2801 4234 2915 4296 τοῖς
2977 4230 3087 4286 ἀπὸ
3135 4229 3377 4288 Xenod-

121 4345 224 4396 ραι..
257 4331 337 4394 ὡς
365 4330 597 4404 εὕρομεν
629 4334 687 4386 ὲν
719 4335 840 4396 ταῖς
869 4331 1198 4403 παραδόσεσι
1229 4331 1334 4384 τῶν
1383 4327 1676 4401 Ἐϐραίων.

175 4424 250 4482 H'.
303 4423 398 4476 Ἐν
441 4422 498 4476 δὲ
541 4425 608 4494 τῇ
639 4421 732 4475 τοῦ
782 4421 1020 4495 Χριστοῦ
1055 4421 1330 4493 παρουσίᾳ
1359 4419 1468 4474 τῶν
1499 4418 1676 4495 αὐτῶν

1854 4411 1991 4466 Vlll.
2033 4411 2393 4482 Posteaquam
2429 4423 2558 4463 vero
2601 4408 2858 4464 Christus
2905 4407 2962 4461 in
3007 4407 3154 4464 hunc
3199 4425 3372 4466 munn

118 4515 302 4570 τέκνων
325 4515 424 4570 τοῦ
466 4491 716 4588 ’Ᾱόραάμ
753 4491 860 4569 τῶν
889 4516 998 4568 ἀπὸ
1031 4491 1342 4585 Χεττούρας
1381 4491 1676 4584 ὲκϐληθένλ

117 4623 212 4659 των
255 4607 365 4660 ἀπὸ
411 4605 502 4660 τοῦ
559 4607 814 4680 ’Λεραάμ
835 4647 848 4671 ,
882 4608 976 4660 καὶ
1022 4605 1382 4669 ἀπελθόντων,
1413 4603 1507 4656 καὶ
1541 4619 1673 4656 κατ-

118 4699 438 4769 οικησάντων
463 4701 542 4763 εἰς
578 4699 650 4752 τὰ
689 4699 827 4770 μέρη
861 4697 929 4752 τὰ
965 4697 1228 4770 ’Δραϐικὰ
1252 4700 1349 4768 τῆς
1378 4694 1676 4764 Μαγωδίας

119 4789 282 4864 χώρας
304 4834 318 4858 ,
363 4792 470 4847 τῶν
498 4792 758 4846 ἐλθόντων
801 4792 990 4862 μάγων
1021 4791 1132 4864 (55)
1163 4790 1270 4844 ἀπὸ
1297 4789 1391 4861 τῆς
1431 4785 1676 4857 διαδοχῆς

119 4881 212 4938 τῶν
237 4885 566 4958 σπερμάτων
597 4883 844 4950 ἐκείνων,
877 4881 1356 4954 προσενηνεγμένα
1383 4879 1591 4951 δόματά
1616 4895 1675 4930 τε

185 5115 198 5144 ⁸
225 5109 280 5165 F.
325 5111 566 5180 ἀγαθῶν.

123 5179 154 5232 2
179 5197 288 5254 sqq.
359 5179 382 5214 σ
423 5183 556 5237 ibid.

185 5400 286 5469 (32)
309 5405 414 5468 Είς
455 5398 836 5470 ἐπιστροφὴν
857 5395 1095 5470 ψυχῶν,
1125 5402 1232 5452 etc.
1259 5395 1394 5470 Quae
1417 5396 1678 5470 conuersis

128 5467 360 5540 adﬁctam
388 5467 458 5526 iet
485 5467 760 5540 veritatem
802 5469 994 5522 animis
1031 5475 1186 5521 erant
1218 5467 1525 5534 obventura,
1555 5467 1680 5522 red-

128 5539 306 5595 duntur
333 5557 442 5596 non
467 5543 606 5596 male
634 5557 666 5596 a
704 5539 948 5594 Petavio.

187 5611 290 5682 (53)
317 5611 444 5666 Τῶν
486 5611 787 5682 ἐαθόντων
811 5607 1376 5682 quyr._l§_piphanii
1420 5605 1674 5682 _opi_nloni

131 5677 428 5752 de:re'gione
464 5681 610 5736 unde
640 5680 891 5752 venerint
928 5677 1075 5752 Magi
1104 5678 1384 5752 Christum
1419 5678 1474 5732 in
1517 5679 1673 5752 incu-

1789 4505 1918 4560 dum
1950 4504 2116 4568 venit,
2153 4501 2314 4558 iidem
2345 4501 2422 4556 illi
2463 4499 2762 4564 Abrahami
2809 4507 2864 4554 et
2909 4498 3186 4556 Clietturae
3236 4499 3376 4570 ﬁlii,

1786 4598 1878 4668 qui
1911 4611 1940 4650 a
1973 4605 2126 4667 patre
2157 4593 2366 4664 rejecti;
2409 4593 2462 4648 in
2507 4591 2776 4670 Magodia,
2799 4607 2918 4662 qua:
2955 4589 3172 4646 Arabia:
3213 4593 3366 4664 regio

1785 4699 1890 4752 est,
1921 4687 2324 4753 habitaverant,
2377 4684 2482 4738 hoc
2522 4693 2624 4744 est.
2666 4685 2816 4756 magi
2857 4698 2922 4738 ex
2968 4683 3117 4737 illius
3147 4683 3378 4756 generis.

1789 4781 2141 4838 successione
2193 4778 2496 4850 prapagati,
2547 4775 2740 4832 eadem
2789 4777 2880 4830 illa
2921 4776 3066 4832 dona
3113 4775 3364 4846 ejusdem

1787 4874 1852 4929 ad
1913 4872 2354 4930 communionem
2409 4867 2827 4940 signiﬁcandam
2873 4868 3096 4924 Christo
3146 4867 3364 4924 Bethlec

662 5111 682 5142 ’
714 5112 874 5166 Cant.
915 5125 992 5182 vr,
1033 5109 1082 5162 7.
1161 5107 1182 5140 ³
1209 5106 1364 5173 ibid.,
1391 5104 1445 5160 8.
1525 5103 1744 5158 ‘Galat.
1796 5118 1868 5168 iv,
1907 5101 1998 5154 51.
2075 5101 2096 5131 ³
2131 5099 2264 5153 Gen.
2299 5112 2424 5160 xxv,
2459 5095 2512 5149 ﬁ.
2591 5090 3016 5158 ‘Galat.lv,22.
3091 5091 3111 5122 "
3137 5087 3264 5146 Ose.
3309 5105 3370 5154 ιι,

1791 5397 2089 5470 Hilarium;
2129 5395 2196 5456 de
2237 5393 2638 5470 recentioribus
2679 5392 2839 5464 longe
2877 5391 3082 5470 plures.
3119 5387 3362 5470 Aliorum

1787 5469 2008 5523 Patrum
2043 5482 2152 5522 non
2195 5479 2302 5519 una
2343 5474 2427 5522 est
2462 5464 2680 5534 opinio;
2735 5477 2836 5534 nec
2881 5464 3082 5530 cuique
3114 5464 3360 5534 opinioni

1785 5540 1986 5596 desunt
2019 5538 2074 5592 in
2109 5537 2208 5590 hac
2246 5543 2434 5590 nostra
2469 5529 2627 5590 aitate
2663 5529 2734 5588 ab
2765 5529 3358 5599 illorum’temporibus

1787 5610 1946 5680 longe
1971 5605 2189 5680 dissita,
2227 5605 2636 5680 suifragatores.
2661 5601 2913 5680 _Yid_esis
2925 5602 3008 5657 vel
3038 5616 3206 5655 unum
3217 5599 3362 5680 Cal-

1781 5670 1986 5735 inetvum
2021 5679 2075 5732 in
2113 5670 2508 5732 Dissertatione
2545 5677 2614 5732 de
2659 5674 2830 5744 Magis
2873 5671 3262 5744 Cornmeutarig
3305 5670 3362 5744 iit

135 5737 323 5823 liabulis
357 5737 658 5823 vagientem
707 5737 1262 5823 adoraturifconstat
1291 5748 1668 5823 de__veteribus
1779 5749 2096 5823 Matlhwum
2123 5747 2523 5823 praemissaret
2551 5747 2606 5802 in
2637 5737 2974 5802 Dicfionario
3015 5757 3178 5796 sacra:
3221 5737 3362 5796 Scri-

136 5817 578 5886 suﬁragatos'esse
605 5819 1021 5888 Tcrtulliauum,
1051 5819 1326 5875 Justinum
1351 5817 1665 5889 Martyrem,

1775 5831 1964 5888 pturw,
2004 5819 2070 5874 ad
2100 5815 2288 5876 vocem
2317 5815 2482 5889 Magi.
