3810 6216
79 337 194 394 "'89

690 337 1062 399 ADVERSUS
1096 338 1436 398 IIEBESES
1475 341 1602 399 LIB.
1639 342 1728 398 Ill.
1760 343 1938 400 'I'OM.-
1967 344 2034 402 ll.
2059 376 2132 390 -—
2185 343 2556 402 EXPOSITIO
2593 340 2795 400 FIDEI.

3256 340 3364 400 790

84 457 246 512 ἑπτὰ
273 457 476 530 σοφῶν,
508 459 804 530 ἀρχέγονον
831 461 1048 516 πάντων
1069 462 1386 534 ἀπεφήνατο
1412 463 1474 518 τὸ
1500 462 1644 534 ὓδωρ
1664 481 1676 496 ο

1827 466 2122 537 rincipium
2176 473 2362 522 rerum
2391 465 2634 522 omnium
2660 477 2855 534 aquam
2885 476 3006 518 esse
3035 460 3206 524 dixit;
3237 475 3364 515 nam

85 545 158 614 ἐξ
192 547 386 610 ὓδατος
423 548 532 617 γάρ
588 565 721 618 φησι
771 549 840 602 τὰ
875 549 1051 602 πάντα
1077 545 1218 602 εἶναι
1245 591 1260 615 ,
1296 551 1387 603 καὶ
1417 551 1496 613 είς
1530 548 1675 621 ὕδωρ

91 639 268 694 πάλιν
301 638 653 694 ἀναλύεσθαι.

173 731 598 803 Ἀναξίμανδρος
626 734 654 786 6
687 732 781 787 τοῖο⁹
814 733 1142 805 Πραξιάδου,
1177 736 1271 791 καὶ
1297 736 1459 800 αὐτὸς
1499 735 1676 808 Μιλή-

75 839 206 887 σιος
239 824 372 895 (55),
413 824 474 878 τὸ
505 825 732 896 ἄπειρον
763 827 938 898 ἀρχὴν
977 829 1233 884 ἁπάντων
1274 829 1475 900 ἔφησεν
1502 822 1639 880 εῖναι
1659 841 1675 857 ⁸

75 917 154 968 ἐκ
183 918 378 970 τούτου
409 915 519 988 γὰρ
564 917 634 971 τὰ
675 920 853 973 πάντα
893 919 1138 990 γίνεσθαι
1163 963 1176 988 ,
1206 921 1300 976 καὶ
1331 923 1410 985 είς
1449 920 1582 975 αὐτὸ
1609 919 1678 973 τὰ

79 1009 275 1062 πάντα
301 1009 498 1064 ἀναλύε
507 1009 650 1065 σθαι.
1155 1003 1162 1012 ’

173 1101 534 1174 Ἀναξιμένης
581 1107 609 1158 6
657 1103 750 1158 τοῦ
785 1105 1132 1177 Εὑρυστάτου
1187 1105 1336 1176 (56),
1387 1105 1482 1160 καὶ
1515 1103 1678 1168 αὐτὸς

77 1195 360 1266 Μιλήσιος
391 1195 544 1264 (37),
595 1196 687 1251 τὸν
737 1197 874 1268 ἀέρα
921 1196 1016 1250 τοῦ
1072 1197 1272 1262 παντὸς
1317 1197 1492 1269 ἀρχὴν
1537 1192 1678 1250 εἶναι

79 1286 244 1354 λέγει
264 1328 280 1352 ,
311 1287 406 1340 καὶ
433 1289 496 1340 ἐκ
523 1287 714 1340 τούτου
750 1288 818 1340 τὰ
845 1287 1046 1342 πάντα.

190 1377 564 1450 Ἀναξαγόρας
623 1382 654 1432 6
711 1379 804 1433 τοῦ
861 1379 1253 1451 Ἡγησιϐούλου
1310 1381 1338 1434 6
1391 1377 1678 1450 Κλαζομέ-

79 1488 204 1535 νιος
235 1471 345 1540 (58)
367 1513 382 1536 ,
430 1471 602 1543 ἀρχὰς
632 1471 742 1525 τῶν
773 1471 992 1526 πάντων
1036 1471 1134 1536 τὰς
1178 1471 1532 1544 ὁμοιομερίας
1566 1469 1677 1544 (59)

81 1561 300 1630 ἔφησεν
332 1559 492 1616 εἶναι.

174 1654 472 1726 Ἀρχέλαος
499 1655 527 1708 6
561 1651 960 1726 Ἀπολλοδώρου
981 1695 996 1718 ,
1027 1653 1166 1708 κατὰ
1206 1653 1263 1708 δέ
1285 1671 1437 1718 τινας
1466 1654 1682 1710 Μίλτω-

81 1763 180 1810 νος
215 1785 234 1810 ,
277 1747 562 1816 Ἀθηναῖος
610 1747 668 1800 δὲ
716 1742 784 1816 ἦν
823 1746 978 1818 (40),
1023 1747 1286 1816 φυσικὸς,
1335 1747 1402 1801 ὲκ
1457 1749 1562 1818 γῆς
1613 1747 1682 1802 τὰ

1779 573 1850 612 ex
1907 572 2050 629 aqua
2105 559 2218 613 orir
2302 554 2522 620 omnia,
2573 562 2628 608 et
2681 553 2741 607 in
2791 566 2990 624 aquam
3039 551 3222 606 omnia
3279 564 3365 604 re-

1779 648 1939 705 solvi.
3417 701 3424 714 ,

1851 741 2262 798 Anaximander
2297 739 2584 796 Praxiada‘.
2630 737 2800 802 ﬁlius,
2841 735 3086 792 Milesius
3130 743 3183 792 et
3225 734 3362 806 ipse.

1781 835 2057 892 infinitum
2111 817 2449 907 principium
2499 836 2746 889 omnium
2797 828 3124 892 constituit,
3173 843 3240 884 ex
3299 841 3366 884 eo

1779 928 1928 985 enim
1955 928 2142 984 omnia
2171 929 2346 994 nasci,
2376 935 2431 984 et
2459 926 2516 982 in
2549 925 2682 982 illud
2710 937 2865 996 aeque
2901 919 3152 978 dissolvi.

1851 1111 2222 1168 Anaximenes
2278 1107 2559 1182 Eurystati
2609 1108 2772 1172 ﬁlius,
2823 1115 2878 1164 et
2923 1108 3042 1177 ipse
3097 1103 3362 1168 Milesius.

1782 1220 1962 1262 aerem
2007 1203 2342 1274 principium
2399 1219 2582 1260 rerum
2632 1215 2757 1258 esse
2803 1198 3014 1267 deﬁnit,
3077 1198 3146 1254 ab
3191 1211 3367 1268 eoque

1789 1295 2050 1352 universa
2079 1310 2326 1350 manare.

1852 1387 2212 1458 Anaxagoras
2269 1384 2582 1456 Hegesibuli
2635 1383 2803 1449 ﬁlius,
2846 1379 3252 1444 Clazomenius,
3293 1378 3368 1435 si-

1725 1531 1728 1536 .
1782 1479 2122 1536 militudines
2189 1479 2434 1550 partium
2493 1477 2826 1548 principium
2882 1489 3067 1531 rerum
3119 1471 3364 1526 omnium

1783 1580 2378 1732 θεῗόἓξιῖίτοιιειοο
2401 1658 2742 1730 Apollodori,
2777 1657 2892 1714 sive
2922 1663 2980 1709 ut
3013 1653 3136 1709 aliis
3167 1653 3362 1724 placet.

1785 1754 2022 1810 Miltonis
2070 1753 2214 1818 lilio,
2269 1750 2592 1810 Atheniensi
2627 1765 2692 1806 ac
2752 1749 2996 1820 physico,
3060 1746 3241 1818 placet
3297 1743 3370 1802 ab

81 1840 276 1893 πάντα
307 1839 456 1909 λέγει
483 1839 812 1910 γεγενῆσθαι
838 1857 850 1870 ⁸
904 1841 1040 1911 αὕτη
1079 1841 1188 1912 γὰρ
1225 1841 1368 1912 ἀρχὴ
1407 1838 1516 1895 τῶν
1542 1839 1680 1894 ὅλων

1823 1863 1927 1903 ιντο
1975 1846 2158 1902 omnia
2211 1844 2508 1917 proﬁcisci;
2575 1843 2738 1912 idque
2801 1841 2937 1896 adeo
2993 1853 3180 1895 rerum
3233 1852 3359 1894 esse

83 1933 244 1986 ἐστὶν
270 1972 285 1996 ,
317 1931 394 1996 ὥς
425 1949 576 2004 φησι.

183 2025 488 2098 Σωκράτης
545 2027 574 2080 6
628 2024 722 2080 τοῦ
793 2025 1086 2095 Ἐλόἁγλου
1130 2025 1260 2094 (41)
1313 2027 1346 2098 ἢ
1409 2026 1684 2098 Σωφρονί-

83 2133 230 2168 σκου
281 2116 432 2186 (4Ξ),
473 2115 568 2168 καὶ
618 2115 952 2188 Φαιναρέτης
995 2117 1094 2187 τῆς
1143 2116 1348 2187 μαίας,
1399 2118 1428 2170 6
1474 2114 1683 2187 ὴθικδς,

85 2207 172 2260 Τὰ
213 2208 341 2262 καθ’
373 2207 586 2272 ἑαυτὸν,
615 2207 790 2278 ἔλεγε,
825 2209 985 2278 μόνον
1006 2209 1088 2262 δεῖ
1109 2207 1567 2280 περιεργάζεσθαι
1593 2208 1684 2264 τὸν

83 2298 390 2370 ἄνθρωπον
414 2342 428 2363 ,
463 2297 684 2350 πλείονα
713 2297 771 2352 δὲ
807 2300 902 2369 μή.

157 2389 476 2461 Φερεκύδης
509 2390 618 2460 (45)
655 2391 750 2442 καὶ
801 2390 965 2455 αὐτὸς
1012 2391 1116 2462 γῆν
1159 2406 1290 2462 φησι
1329 2389 1434 2463 πρὸ
1470 2390 1687 2446 πάντων

86 2485 456 2554 γεγενῆσθαι.

159 2576 497 2648 Πυθαγόρας
529 2577 556 2628 6
591 2575 795 2646 Σάμιος
815 2614 830 2638 ,
866 2574 1200 2646 Μνησάρχου
1235 2574 1348 2638 υίὸς
1372 2615 1387 2640 ,
1420 2574 1554 2628 Θεὸν
1582 2573 1688 2646 ἔφη

87 2665 240 2723 εἶναι
287 2669 386 2738 τὴν
434 2668 656 2740 μονάδα,
717 2667 811 2720 καὶ
842 2665 965 2736 δίχα
1003 2666 1209 2737 ταύτης
1261 2667 1427 2738 μηδὲν
1462 2667 1691 2739 γεγενῆ-

89 2761 246 2816 σθαι.
281 2761 474 2830 Ἔλεγε
506 2759 582 2826 δὲ,
619 2759 695 2831 μὴ
729 2759 838 2812 δεῖν
867 2759 1016 2812 θύειν
1047 2762 1161 2822 τοῖς
1197 2758 1339 2823 θεοῖς
1372 2759 1508 2825 ζῶα,
1553 2760 1688 2832 μηδὲ

93 2853 212 2925 μὴν
261 2852 462 2906 ἐσθίειν
491 2869 544 2906 τι
591 2851 702 2906 τῶν
732 2851 1013 2922 ἐμψύχων,
1050 2852 1190 2922 μήτε
1245 2850 1518 2922 κυάμους,
1552 2855 1690 2922 μήτε

91 2941 244 2998 οἶνον
279 2943 455 2996 πίνειν
480 2943 604 3006 τοὺς
649 2941 866 3012 σοφούς.
899 2943 1094 3011 Ἔλεγε
1144 2942 1200 2996 δὲ
1229 2943 1298 2996 τὰ
1325 2941 1433 2996 ἀπὸ
1462 2941 1690 3014 σελήνης

95 3039 276 3102 κάτω,
306 3035 524 3106 παθητὰ
567 3031 705 3088 εἶναι
740 3035 937 3089 πάντα.
975 3035 1056 3088 Τὰ
1092 3035 1150 3088 δὲ
1189 3035 1448 3106 ὑπεράνω
1472 3038 1572 3106 τῆς
1603 3052 1692 3088 σε-

95 3129 308 3198 λήνης,
345 3127 532 3196 ἀπαθῆ
563 3123 722 3182 εἶναι.
757 3127 950 3195 Ἔλεγε
975 3127 1030 3180 δὲ
1080 3127 1174 3181 καὶ
1209 3127 1554 3198 μεταϐαίνειν
1591 3128 1691 3200 τὴν

97 3219 282 3290 ψυχὴν
315 3220 395 3281 είς
431 3216 599 3270 πολλὰ
635 3213 750 3280 ζῶα
774 3233 790 3247 ·
833 3217 1084 3270 ἐκέλευσε
1127 3216 1184 3271 δὲ
1227 3215 1320 3271 καὶ
1364 3221 1476 3281 τοῖς
1515 3217 1691 3291 μαθη-

99 3311 224 3372 ταῖς
255 3308 425 3361 aia-rod
463 3309 670 3378 σιωπᾷν
702 3308 792 3359 ἐπὶ
825 3308 1092 3377 πενταετῆ
1125 3307 1315 3378 χρόνον
1341 3325 1354 3338 ·
1388 3309 1481 3362 καὶ
1511 3308 1572 3362 τὸ
1604 3326 1695 3362 τε-

101 3405 380 3464 λευταῖον,
421 3401 538 3454 θεὸν
562 3399 751 3454 ἑαυτὸν
779 3399 1123 3469 ἐπωνόμασε.

171 3493 488 3566 Ξενοφάνης
535 3495 564 3547 6
597 3493 690 3547 τοῦ
739 3492 1096 3564 Ὀρθουμένου
1121 3532 1136 3558 ,
1191 3490 1531 3561 Κολοφώνιος
1558 3491 1694 3564 (44),

103 3589 170 3641 ὲκ
202 3587 314 3656 γῆς
342 3588 437 3640 καὶ
468 3584 659 3646 ὓδατος
688 3583 793 3654 ἔφη
839 3583 910 3636 τὰ
952 3583 1129 3636 πάντα
1165 3581 1440 3652 γίνεσθαν
1469 3578 1608 3636 εἶναι
1639 3582 1697 3636 δὲ

103 3679 176 3734 τὰ
197 3679 406 3742 πάντα,
436 3679 512 3742 ὡς
545 3677 668 3748 ἔφη,
715 3677 866 3730 οὐδὲν
899 3675 1119 3747 ἀληθές.
1155 3675 1340 3740 Οὕτως
1376 3675 1438 3730 τὸ
1469 3677 1697 3748 ἀτρεκὲς

105 3773 242 3844 ἡμῖν
267 3769 466 3842 ἄδηλον
491 3811 506 3835 ,
530 3771 749 3841 δόκησις
792 3770 850 3824 δὲ
885 3769 978 3824 ἐπὶ
1003 3770 1137 3823 πᾶσι
1174 3769 1430 3823 τέτυκται
1463 3769 1697 3842 μάλιστα

107 3863 216 3918 τῶν
247 3863 525 3932 ἀφανέων.

181 4019 304 4090 (35)
333 4018 655 4090 Καὶγαύϊός
668 4019 994 4090 Μιλήσιος.
1019 4021 1426 4076 Anaximander
1452 4019 1700 4077 Milesius

109 4095 166 4144 et
215 4089 337 4157 ipse
390 4089 510 4148 I'uit.
557 4098 610 4144 et
665 4089 911 4145 Thaletis
948 4091 1272 4159 discipulus.
1313 4089 1436 4145 Non
1481 4101 1700 4148 constat

112 4175 222 4226 quo
257 4175 426 4214 sensu
451 4160 726 4230 inlinitum
759 4175 939 4215 rerum
985 4163 1230 4216 omnium
1263 4162 1593 4230 principium
1625 4163 1702 4217 di-

113 4230 258 4284 xerit
283 4247 300 4294 ;
329 4229 462 4284 illud
487 4231 603 4299 ipse
622 4246 730 4284 non
755 4231 970 4300 aperuit
990 4248 1004 4296 ;
1024 4233 1116 4300 qui
1143 4229 1411 4300 post’eum
1443 4229 1696 4298 floruere,

115 4299 390 4354 incertum
421 4315 490 4354 an
529 4301 706 4368 ipsius
738 4299 972 4356 mentem
1009 4299 1371 4366 conjectando
1401 4311 1530 4357 sunt
1554 4317 1702 4356 asse-

114 4371 250 4423 cuti.
289 4369 484 4425 Cicero
509 4370 562 4424 in
593 4370 839 4435 Lucullo,
885 4387 1036 4426 num.
1071 4373 1160 4434 5'7,
1196 4371 1468 4426 inlinitum
1502 4373 1704 4426 Anaxi-

115 4441 360 4501 mandri,
387 4441 706 4507 inﬁnitatem
741 4455 948 4495 natura:
988 4443 1240 4510 appellat.

1787 1954 2140 2011 principium.

1861 2030 2118 2087 Socrates
2147 2029 2354 2101 Elbagli
2385 2029 2502 2086 sive
2533 2026 2918 2099 Sophronisci,
2946 2033 3000 2082 et
3027 2024 3370 2080 Phienaretai

1788 2122 2104 2178 obstetricis
2157 2120 2341 2188 illius,
2398 2119 2626 2175 moralis
2675 2117 3079 2190 philosophus,
3135 2131 3259 2186 qua
3297 2113 3376 2170 ad

1789 2214 1912 2270 sese
1939 2213 2218 2284 pertinent
2252 2211 2431 2267 solum
2463 2209 2674 2266 homini
2708 2207 3041 2278 inquirenda
3069 2205 3230 2272 dixit,
3271 2219 3371 2262 ne-

1789 2320 1896 2378 que
1920 2311 2186 2375 praetcrea
2209 2301 2530 2372 quidquam.

1861 2393 2202 2468 Pherecydes
2224 2407 2442 2465 quoque
2470 2400 2672 2448 terrain
2699 2389 3220 2462 omnibuspriorem
3246 2401 3396 2447 essc-

1791 2488 2024 2545 deliniit.

1860 2579 2198 2652 Pythagoras
2231 2577 2452 2634 Samius
2483 2575 2796 2634 Mnesarchi
2841 2575 3008 2638 ﬁlius.
3049 2573 3220 2631 Deum
3250 2586 3374 2630 esse

1791 2671 2084 2728 monadem
2155 2669 2430 2734 asseruit,
2482 2683 2663 2742 neque
2722 2667 3020 2738 quidquam
3085 2665 3205 2722 sine
3253 2664 3390 2736 ipsa.

1791 2763 2140 2836 productum.
2167 2761 2412 2834 Negabat
2435 2761 2542 2817 diis
2566 2776 2689 2817 esse
2713 2756 3374 2826 animaliasacrilicanda,

1793 2865 1888 2911 aut
1913 2856 2172 2911 animatis
2195 2853 2551 2919 vescendum,
2603 2869 2668 2909 ac
2713 2869 2782 2908 ne
2833 2851 2990 2907 fabas
3025 2850 3244 2920 quidem
3279 2863 3374 2904 co-

1794 2948 2126 3014 medendas,
2185 2961 2366 3018 neque
2407 2945 2523 3001 vini
2573 2953 2760 3016 potum
2817 2941 3162 3013 sapientibus
3217 2937 3376 2994 adlii-
3445 3003 3458 3016 υ

1793 3038 2032 3094 bendum
2063 3036 2315 3108 putabat.
2354 3032 2501 3090 ldem
2532 3049 2655 3106 quae
2693 3032 2836 3088 infra
2877 3032 3063 3086 lunam
3085 3035 3236 3092 sunt,
3272 3041 3374 3100 pa-

1795 3132 1968 3187 tibilia
1989 3146 2114 3188 esse
2141 3129 2360 3186 dicebat
2385 3127 2606 3194 omnia;
2635 3127 2919 3198 superiora
2947 3140 3076 3181 vero
3101 3123 3212 3196 pati
3236 3121 3374 3178 nihil

1797 3239 1978 3294 posse.
2011 3223 2094 3277 Ad
2125 3222 2242 3278 hac
2273 3220 2510 3275 animam
2541 3219 2696 3275 varia
2729 3218 2786 3272 in
2817 3216 3078 3272 animalia
3111 3213 3371 3270 transire.

1795 3317 1930 3372 ltem
1957 3314 2246 3386 discipulis
2273 3315 2389 3370 suis
2413 3311 2824 3384 quinquennale
2850 3307 3129 3365 silentium
3167 3305 3377 3364 indice-

1795 3407 1922 3472 bat;
1956 3413 2234 3476 postremo
2281 3403 2441 3460 deum
2472 3418 2596 3460 sese
2623 3402 2912 3457 nominare
2942 3415 3114 3456 ausus
3142 3405 3250 3456 est.

1867 3496 2230 3567 Xenophanes
2241 3493 2559 3551 Orthumeiii
2581 3493 2745 3560 (ilius,
2760 3491 3156 3562 Colophonius.
3176 3504 3206 3546 e
3229 3495 3376 3545 terra

1797 3601 1852 3644 et
1897 3603 2038 3659 aqua
2073 3593 2374 3658 propagata
2419 3602 2544 3644 esse
2572 3586 2710 3640 dixit
2737 3585 2950 3651 omnia;
3003 3598 3182 3655 neque
3211 3582 3378 3650 quid-

1798 3693 1962 3750 quam
2019 3677 2076 3732 in
2113 3675 2223 3733 ulla
2274 3691 2338 3731 re
2386 3675 2634 3734 veritatis
2691 3676 2913 3730 inesse:
2965 3673 3048 3730 sic
3105 3674 3378 3729 incertum

1799 3769 2156 3838 ignotumque
2209 3781 2396 3822 verum
2453 3781 2618 3824 esse:
2683 3766 2868 3838 Opinio
2920 3781 3094 3834 vero,
3155 3767 3376 3839 inquit,

1799 3863 2005 3934 ubique
2030 3867 2306 3927 versatur,
2339 3861 2646 3938 praesertim
2687 3861 2740 3916 in
2772 3859 3048 3916 obscuris.

1801 4035 1961 4078 nemo
1989 4019 2404 4104 faciliusneque
2428 4020 2735 4104 elegantius
2755 4019 2892 4074 dixit
2919 4019 3048 4090 quid
3069 4019 3210 4089 apud
3231 4017 3381 4071 Ana-

1803 4107 2060 4162 xagoram
2095 4091 2260 4145 fuerit
2291 4091 2670 4163 ὁμοιομέρεια.

1873 4162 1988 4233 (40)
2039 4161 2340 4233 ᾎθηναῖος
2383 4161 2452 4214 δὲ
2482 4157 2582 4230 ἦν.
2611 4160 3006 4233 Atheniensem
3049 4157 3380 4214 Archelaum

1809 4229 2017 4286 faciunt
2053 4231 2306 4286 Laertius
2367 4229 2532 4300 atque
2605 4229 2827 4285 Suidas.
2899 4229 3128 4284 Constat
3166 4237 3381 4300 _tamen

1805 4303 2072 4356 Milesium
2106 4301 2293 4364 fuisse,
2327 4308 2381 4356 et
2404 4296 2740 4370 Anaxagora:
2767 4301 3119 4370 discipulum.
3151 4296 3382 4370 Athenis

1805 4381 1986 4426 tamen
2019 4372 2259 4426 scholam
2309 4372 2500 4440 patriai
2527 4367 2795 4441 pertaesus
2835 4367 3138 4441 transtulit,
3199 4367 3385 4437 ibique

1807 4443 1954 4498 viros
1983 4441 2280 4496 clarissimi
2313 4439 2556 4496 hominis
2589 4441 2870 4496 auditores
2905 4439 3111 4503 habuit,
3153 4447 3208 4493 et
3247 4453 3388 4506 prie-

185 4511 304 4582 (56)
350 4511 730 4582 Ἀχαξιμέγης
763 4514 796 4566 ὀ
828 4512 948 4582 Ῠτοῦ
989 4509 1396 4581 Εὑρυστάτου.
1439 4511 1605 4568 Corn.
1636 4529 1697 4568 ex

1823 4513 1968 4582 :ipue
2007 4509 2310 4582 Socratem,
2344 4527 2376 4566 a
2420 4527 2528 4582 quo
2557 4525 2757 4566 nomen
2804 4511 3114 4582 desumpsit
3141 4509 3385 4582 philoso-

117 4579 364 4654 Laertia,
378 4653 383 4654 γ
399 4579 803 4654 Εὐρυστράτου.
821 4581 1032 4654 Ρετειν.

186 4651 304 4712 (57)
331 4652 439 4704 Kal
468 4651 650 4718 αὐτὸς
677 4651 992 4718 Μιλήσιος.
1026 4651 1421 4708 Anaximandri
1449 4653 1702 4720 auditor;

119 4721 222 4794 fuit
251 4732 436 4794 autem
461 4723 602 4777 lilius
631 4724 961 4793 Eurystrati,
985 4738 1092 4794 non
1129 4723 1426 4794 Eurystati,
1461 4724 1536 4776 uti
1567 4724 1706 4780 bene

119 4795 186 4846 ad
209 4792 359 4846 hunc
391 4793 572 4846 locum
602 4792 984 4848 animadvertit
1005 4792 1280 4849 Petavius.

195 4863 312 4930 (58)
359 4863 413 4934 Ὁ
445 4861 858 4934 Κᾷαζομένιος.
888 4863 1232 4934 Clazomenis
1268 4863 1554 4926 nimirum,
1583 4879 1706 4934 quae

123 4933 292 4986 Ioniae
323 4933 479 5004 urbs,
505 4931 608 4987 fuit
634 4931 899 4992 celebris.
940 4941 1132 5004 natus.
1173 4933 1395 5002 Spectat
1439 4931 1616 5004 igitur
1639 4949 1706 4990 eo

123 5004 348 5074 nomine
376 5011 430 5056 et
459 5003 815 5074 Anaxagoras
849 5004 914 5058 ad
937 5003 1178 5058 lonicam
1219 5013 1424 5059 sectam
1451 5003 1706 5073 {spectat

125 5073 279 5144 quod
301 5074 784 5144 etWAiiaximcncm
823 5075 1074 5129 habuerit
1101 5081 1514 5144 prmceptorem.

197 5143 313 5212 (59)
347 5143 466 5209 Τὰς
523 5145 916 5213 ὀμοιομερίας.
977 5143 1114 5200 Male
1171 5143 1509 5212 interpretati
1579 5153 1706 5200 sunt

127 5215 504 5268 similitudines
543 5219 798 5282 partium.
830 5215 1023 5284 Cicero
1071 5217 1190 5270 loco
1243 5216 1403 5284 paulo
1451 5216 1706 5283 superius

129 5301 156 5336 a
179 5286 338 5340 nobis
371 5285 630 5356 indicato,
651 5283 1028 5356 ὀμοιομέρειαν
1055 5283 1290 5356 appellat
1307 5293 1481 5353 partes
1507 5286 1705 5340 similes

131 5356 266 5409 iiter
295 5372 392 5418 se;
421 5355 566 5423 quod
599 5353 701 5410 nec
743 5353 918 5410 reddit
953 5353 1141 5411 verum
1163 5353 1364 5411 Graica:
1400 5357 1548 5409 vocis
1583 5371 1709 5410 sen-

133 5441 275 5480 sum.
307 5427 412 5479 Alii
443 5425 679 5481 obscura
705 5441 803 5478 nec
831 5423 1022 5480 Latina
1053 5441 1184 5482 voce
1207 5427 1397 5481 dicunt
1425 5435 1603 5494 partes
1634 5427 1708 5480 si-

132 5497 364 5550 milares.
393 5495 499 5550 Nec
524 5497 722 5548 mirum
743 5494 1002 5562 ;Lalinus
1026 5511 1204 5552 sermo
1235 5496 1710 5551 animadversione

131 5565 392 5630 Lucretii,
438 5567 534 5620 lib.
569 5583 601 5620 v
633 5567 709 5620 De
768 5583 942 5619 rerum
985 5579 1202 5631 natura,
1237 5581 1368 5620 voce
1418 5575 1567 5621 caret
1601 5583 1707 5636 qua

131 5637 516 5708 ὁμοιομερείας
570 5651 792 5692 sensum
841 5636 1130 5708 exprimat.
1167 5636 1422 5708 Nostrum
1457 5653 1564 5690 non
1601 5647 1706 5702 est,

139 5721 236 5760 nec
266 5707 379 5778 loci
402 5709 714 5778 praesentis.
741 5715 985 5762 veterum
1011 5707 1458 5778 philosophorum
1493 5708 1708 5778 opinio-

141 5789 233 5831 ues
263 5777 576 5850 explanare.
618 5777 863 5834 Adeatur
899 5777 1023 5834 loco
1051 5779 1218 5834 citato
1251 5777 1560 5847 Lucretius,
1599 5794 1706 5852 quo

1810 4578 1966 4653 pliica
1981 4589 2128 4637 secta
2145 4579 2424 4636 Socratica
2439 4578 2772 4653 nuncupata.
2787 4579 2870 4636 An
2883 4578 3070 4653 revera
3087 4578 3388 4634 Archelaus

1809 4649 2009 4708 terrain
2048 4653 2289 4720 posuerit
2319 4667 2499 4706 rerum
2535 4649 2778 4707 omnium
2814 4649 3168 4722 principium,
3199 4655 3253 4704 et
3277 4661 3386 4718 quo

1809 4739 1994 4786 sensu,
2031 4723 2298 4777 incertum
2328 4729 2430 4779 est.

1881 4793 1990 4860 (Η)
2019 4791 2256 4847 Barbara
2281 4809 2412 4847 .vox.
2431 4823 2501 4832 —
2533 4789 2668 4860 Reg.
2713 4790 3039 4861 Ἐμάλγλου.
3065 4790 3273 4861 Ρπμν.

1881 4857 1990 4934 (42)
2026 4865 2490 4934 Σωφρονίσκου.
2506 4932 2517 4934 Α
2535 4857 2986 4934 sophrqiiiscum,
3043 4857 3386 4930 professione

1809 4929 2156 5003 lapidarium,
2178 4929 2467 5003 parentem
2505 4929 2698 4986 habuit
2718 4929 3004 5003 Socrates.

1879 5003 1990 5074 (45)
2023 4997 2380 5070 Φερεῖὶύδης.
2415 4999 2568 5074 illum
2609 4999 2934 5074 crediderim
2982 4997 3278 5074 memorari
3307 4997 3386 5074 ibi

1807 5067 2173 5144 Pherecydem
2206 5067 2365 5140 gente
2422 5071 2642 5144 Syrum,
2687 5069 2834 5144 quod
2879 5085 2945 5124 ex
2981 5068 3142 5140 Syro,
3173 5084 3282 5144 una
3316 5067 3386 5144 de

1808 5139 2135 5215 Cycladibus
2163 5139 2363 5206 insula,
2407 5139 2478 5215 εἰῇ
2520 5139 2812 5215 oriundus.
2843 5139 3031 5194 natum
3073 5139 3386 5194 testimonio

1812 5211 1994 5268 Siiida-
2021 5215 2168 5266 circa
2199 5213 2559 5283 olympiadem
2593 5228 2716 5283 xiv,
2747 5211 2862 5264 sive
2893 5223 3068 5283 annos
3093 5217 3385 5266 sexcentos

1811 5291 1936 5338 ante
1959 5281 2488 5352 Christum'natum.
2517 5281 2835 5352 Pythagora:
2861 5281 3202 5352 magistrum.

1882 5355 1996 5424 (44)
2015 5351 2417 5424 Κολοφώνιος.
2446 5348 3044 5424 Colophonenimirmn
3062 5348 3224 5424 Ioniae
3249 5350 3386 5424 urbe

1809 5419 1992 5480 natus.
2015 5423 2070 5478 In
2099 5419 2304 5477 Italiam
2321 5419 2599 5492 navigans
2618 5420 3116 5492 deindeLnarrante
3143 5419 3383 5492 Laenio,

1809 5493 2338 5566 Pytliagoragqteniiit
2377 5486 2620 5548 scholam
2655 5499 2778 5561 post
2793 5486 3112 5566 _Telaugem_
3147 5489 3388 5566 illiusdi-

1811 5560 1944 5620 lium
1971 5560 2078 5634 {et
2099 5561 2352 5634 Eleatica:
2378 5560 2696 5634 sectanquae
2725 5579 2771 5634 a7
2793 5560 3148 5632 Pythagoreis
3181 5563 3234 5614 in
3259 5560 3386 5614 Elea

1813 5637 1928 5691 sive
1967 5633 2142 5690 Velia.
2177 5631 2382 5703 Magnae
2419 5631 2642 5688 Gracia:
2691 5631 2998 5703 urbeforta
3040 5638 3386 5703 est,_parens

1812 5705 2045 5762 exstitit.
2101 5699 2392 5774 Auditores
2453 5705 2663 5767 habuit,
2695 5705 2788 5774 qui
2839 5699 3102 5774 liic_apud
3151 5699 3386 5772 Epipha-

1813 5779 1964 5835 nium
1992 5783 2314 5848 sequuntur,
2349 5771 2728 5833 Parmenideni
2757 5781 2918 5845 atque
2939 5771 3238 5828 lenonem.
