3810 6216
79 418 173 478 197

613 415 986 476 ADVERSUS
1019 417 1366 478 HERESES
1403 421 1530 478 LIB.
1566 421 1656 480 lll.
1697 421 1864 481 TOM.
1905 421 1970 479 li.
2013 451 2074 470 -ι
2117 419 2483 479 EXPOSITIO
2517 421 2718 480 FIDE].

3211 423 3320 480 Δ’198

78 537 238 608 ἣλιον·
283 532 378 587 καὶ⁹
430 527 521 585 τδν
566 531 771 602 κόσμον
825 531 1050 604 μύστας,
1094 534 1190 588 καὶ
1218 535 1346 600 τοὺς
1371 535 1622 607 κατόχους

1765 536 2016 606 aciferum
2045 551 2201 602 esse;
2233 533 2496 590 mundum
2521 535 2701 606 ipsum
2731 525 3068 589 initiator‘um
3099 553 3112 589 :
3137 532 3316 589 amatu

75 629 168 682 τῶν
195 623 348 680 θείων
373 621 590 687 τελετὰς
617 621 790 690 ἔλεγε.

135 829 372 900 Περσεὺς
405 827 471 880 τὰ
493 824 633 880 αὑτὰ
659 825 870 896 Ζήνωνι
903 825 1246 897 ἐδογμάτισε.

133 919 446 990 Χρύσιππος
471 917 500 968 ό
531 915 726 980 Σολεὺς
756 915 954 986 νόμους
992 916 1232 988 ἔγραψεν
1260 917 1321 972 οὐ
1352 918 1629 990 θεμιτούς.

77 1011 250 1078 Ἔλεγε
273 1008 382 1078 γὰρ
403 1010 512 1060 δεῖν
536 1005 830 1077 μίγνυσθαι
845 1009 966 1070 ταῖς
991 1008 1230 1078 μητράσι
1257 1010 1382 1072 τοὺς
1415 1009 1630 1075 παῖδας,

71 1105 170 1166 τοῖς
193 1102 248 1154 δὲ
273 1099 512 1171 πατράσι
540 1099 640 1162 τὰς
663 1098 987 1170 θυγατέρας.
1044 1101 1136 1164 Et;
1159 1101 1218 1154 δὲ
1251 1102 1320 1154 τὰ
1341 1102 1476 1156 ἄλλα
1507 1119 1634 1155 συν-

73 1194 296 1265 εξώνησε
331 1195 537 1262 Ζήνωνι
577 1190 656 1261 τῷ
680 1193 878 1246 Κιτιεῖ.
929 1191 1073 1264 Πρὸς
1111 1192 1322 1256 τούτοις
1367 1193 1422 1246 δὲ
1453 1193 1628 1261 ἔλεγε,

73 1287 152 1338 καὶ
175 1283 626 1355 ἁνθρωποὸορεϊν.
684 1282 878 1350 Ἔλεγε
923 1282 980 1336 δὲ
1013 1283 1078 1336 τὸ
1127 1283 1282 1347 τέλος
1321 1283 1540 1338 πάντων
1567 1284 1630 1338 τὸ

72 1375 324 1448 ήδυπαθὲς
353 1372 512 1428 εἶναι.

129 1467 374 1535 Διογένης
425 1468 454 1519 ό
497 1466 838 1531 Βαϐυλώνιος
873 1465 1024 1536 ἔλεγε
1059 1466 1128 1520 τὰ
1172 1463 1462 1536 σύμπαντα
1515 1483 1632 1524 συν-

75 1557 300 1610 ίστασθαι
331 1557 392 1621 ἐξ
419 1557 630 1628 ἡδονῆς.

129 1649 406 1713 Παναίτιος
445 1651 474 1702 ό
514 1651 712 1715 Ῥόδιος
757 1650 848 1704 τὸν
893 1651 1098 1723 κόσμον
1142 1653 1326 1724 ἔλεγεν
1361 1653 1629 1708 ἀθάνατον

61 1739 151 1802 ,καὶ
169 1741 376 1811 ἀγήρω,
401 1741 494 1792 καί
516 1740 616 1810 τῆς
641 1742 898 1812 μαντείας
923 1745 1043 1796 κατ’
1062 1745 1212 1799 οὐδὲν
1230 1747 1598 1817 ἐπεστρέφετο
1612 1762 1626 1777 ·

73 1833 150 1886 καὶ
174 1832 236 1884 τὰ
265 1835 392 1902 περὶ
421 1831 558 1886 θεῶν
585 1833 852 1905 λεγόμενα
888 1836 1098 1908 ἀνῄρει.
1136 1837 1334 1908 Ἔλεγε
1358 1837 1466 1910 γὰρ
1495 1839 1630 1910 φλή-

71 1937 216 1990 ναφον
239 1916 376 1974 εἶναι
411 1921 502 1975 τὸν
533 1923 660 1996 περὶ
687 1923 826 1978 Θεοῦ
856 1924 1034 1993 λόγον.

127 2103 472 2170 Ποσειδώνιος
507 2107 790 2178 Ἀπαμεὺς
840 2108 993 2177 ἔλεγε
1027 2109 1089 2162 τὸ
1125 2112 1380 2181 μέγιστον
1426 2113 1484 2166 ἐν
1531 2115 1625 2169 ἁν-

70 2193 284 2264 θρώποις
311 2195 514 2264 ἀγαθὸν
541 2191 678 2251 εἶναι
709 2196 936 2252 πλοῦτον
969 2199 1064 2252 καὶ
1097 2201 1306 2269 ὑγείαν.

137 2284 490 2356 Ἀθηνόδωρος
519 2288 767 2359 Ταρσεὺς
795 2289 866 2344 τὰ
884 2291 1022 2344 αὐτὰ
1046 2293 1356 2366 Χρυσίππῳ
1385 2295 1622 2362 ὲδόξασε,

69 2377 148 2430 καὶ
169 2376 230 2429 τὰ
267 2378 406 2431 αὐτὰ
441 2380 648 2450 Ζήνωνι
679 2381 1056 2452 ἐδογμάτισεν.

137 2469 450 2541 Ἐπίκουρος
486 2473 514 2526 ὁ
572 2473 892 2539 Νεοκλέους,
951 2477 1010 2528 ὲν
1073 2473 1322 2546 Ἀθήναις
1375 2481 1622 2549 τραφεὶς,

70 2561 317 2632 φιλήδονον
370 2564 488 2633 βίον
539 2567 772 2636 μετῆλθε
799 2585 812 2599 ⁸
851 2571 944 2622 καὶ
994 2570 1094 2622 οὐκ
1133 2569 1367 2640 ἠρυθρία
1412 2570 1626 2639 γυναιξὶ

71 2653 220 2706 συνὼν
263 2655 502 2728 δημοσίᾳ
528 2658 865 2724 ἀκολάστοις,
910 2659 1026 2730 μεθ’
1061 2660 1096 2714 ἃ.
1146 2661 1336 2732 πρώην
1365 2662 1494 2736 περὶ
1526 2663 1625 2716 αὺ-

69 2745 146 2798 τοῦ
181 2746 422 2816 εἴπομεν.
455 2748 626 2802 Πάλιν
663 2751 816 2819 ἔλεγε
851 2751 925 2824 μὴ
971 2747 1108 2806 εἶναι
1139 2752 1294 2817 θεοὺς
1326 2753 1461 2824 (59),
1510 2754 1623 2807 ἀλλ’

69 2837 96 2904 ἦ
129 2837 276 2905 μόνον
321 2838 496 2911 τύχην
547 2841 764 2896 διοικεῖν
795 2845 862 2898 τὰ
897 2845 1096 2911 πάντα,
1127 2845 1222 2898 καὶ
1271 2845 1436 2916 μηδὲν
1485 2841 1625 2901 εἷναι

69 2927 158 2980 τῶν
181 2931 234 2981 ὲν
267 2928 344 2998 τῷ
385 2930 488 3002 βίῳ
519 2933 788 2995 ἑκούσιον,
832 2936 968 3005 μήτε
1001 2935 1258 3007 μάθησιν,
1295 2939 1430 3007 μήτε
1463 2937 1628 2992 ἀπαι-

71 3019 279 3085 δευσίαν,
315 3023 456 3094 μήτε
492 3013 624 3078 ἄλλο
653 3027 840 3097 μηδὲν,
876 3028 1013 3082 ἀλλὰ
1060 3030 1236 3082 πάντα
1270 3029 1500 3082 ἀκούσια
1537 3031 1626 3100 γίνι

69 3111 230 3164 νεσθαι
274 3113 431 3167 πᾶσι.
467 3115 578 3167 Καὶ
627 3117 688 3168 οὐ
724 3117 828 3188 χρὴ
873 3117 1066 3188 ψέγειν
1113 3119 1254 3183 τινὰ,
1307 3121 1384 3184 ὣς
1439 3138 1624 3192 φησιν,

69 3203 172 3256 οὔτε
217 3206 491 3258 ἐπαινεῖν·
529 3207 590 3259 οὐ
641 3207 750 3279 γὰρ
801 3210 1016 3273 ἑκόντες
1073 3209 1244 3264 ταῦτα
1281 3212 1622 3280 ὑφίστανται.

1735 629 2024 684 numinum
2059 637 2364 700 correptos,
2402 627 2854 682 czeremoniarum
2890 639 2954 680 ac
3001 625 3206 679 rituum
3239 625 3318 680 vi-

1735 738 1852 780 cem
1881 723 2150 778 obtinere.

1803 815 2037 870 Perseus
2071 813 2280 868 Zenoni
2314 811 2531 884 penitus
2559 807 2892 878 astipulatus
2923 813 3028 862 est.

1804 907 2145 978 Chrysippus
2198 905 2445 960 Solensis
2512 902 2753 958 nefarias
2799 909 2852 956 et
2901 901 3124 954 illicitas
3172 899 3318 970 leges

1735 999 1935 1055 sanxit.
1973 999 2104 1052 Nam
2136 1005 2189 1052 et
2223 998 2360 1052 lilios
2395 1011 2520 1050 cum
2555 995 2844 1058 matribus,
2871 1000 3072 1046 etcum
3102 990 3317 1046 filiabus

1733 1099 1919 1161 patres
1949 1091 2314 1145 commiscere
2337 1101 2568 1158 corpora
2601 1085 2836 1140 volebat.
2865 1085 2918 1139 In
2947 1086 3159 1139 caeteris
3190 1099 3314 1136 cum

1731 1179 1961 1236 Citiensi
2013 1179 2232 1236 Zenone
2284 1179 2575 1234 sentiebat.
2630 1177 2878 1231 Addebat
2925 1185 2978 1231 et
3025 1177 3189 1240 illud,
3257 1181 3316 1229 ut

1732 1273 1989 1330 humanis
2034 1273 2298 1327 carnibus
2347 1270 2676 1326 vescendum
2721 1277 3002 1324 statueret.
3051 1267 3312 1322 Ultimum

1731 1366 2002 1422 bonorum
2037 1365 2196 1420 linem
2232 1363 2396 1418 animi
2426 1363 2770 1432 jucunditate
2799 1362 3148 1416 metiebatur.

1803 1457 2077 1529 Diogenes
2125 1455 2458 1527 Babylonius
2515 1455 2698 1510 omnia
2756 1471 2824 1509 ex
2870 1455 3143 1526 voluptate
3184 1467 3316 1507 con-

1732 1557 1880 1606 stare
1917 1550 2196 1604 censebat.

1801 1640 2074 1696 Panaetius
2105 1639 2353 1695 Rhodius
2387 1638 2650 1692 mundum
2694 1636 2995 1690 aﬂirmabat
3035 1637 3314 1690 immorta-

1731 1733 1858 1795 lem,
1885 1747 2060 1801 neque
2094 1730 2248 1785 senio
2288 1745 2351 1784 ac
2377 1737 2644 1784 vetustate
2669 1727 2880 1781 conlici.
2915 1726 3310 1780 Divinationem

1733 1817 1981 1872 funditus
2023 1817 2364 1886 repudiabat.
2411 1817 2620 1886 1091
2659 1813 2789 1881 Quae
2833 1815 2896 1868 de
2922 1813 3027 1869 Deo
3059 1831 3314 1869 asa-run-

1655 1918 1698 1972 Β
1727 1919 1838 1974 tur,
1863 1909 2158 1966 evertebat.
2194 1909 2480 1962 Summum
2511 1908 2748 1962 hominis
2773 1905 2976 1962 bonum
3000 1908 3053 1960 in
3076 1907 3306 1976 divitiis,

1729 2017 1792 2058 ac
1825 2002 2057 2056 sanitate
2085 2002 2318 2072 ponebat
2346 2000 2502 2070 (δυ’).

1797 2092 2126 2148 Posidonius
2163 2092 2493 2162 Apamensis
2531 2105 2808 2146 summum
2835 2089 3072 2164 hominis
3107 2090 3308 2144 bonum

1726 2187 1782 2241 in
1803 2185 2006 2241 divitiis
2037 2192 2091 2240 et
2123 2184 2357 2238 sanitate
2381 2183 2636 2254 ponebat.

1795 2277 2182 2332 Athenodorus
2249 2273 2540 2330 Tarsensis
2597 2273 2784 2328 eadem
2841 2288 2963 2328 cum
3003 2271 3309 2344 Chrysippo

1725 2383 1788 2422 ac
1816 2367 2032 2422 Zenone
2086 2366 2336 2436 dogmata
2373 2365 2566 2420 tenuit.

1793 2457 2062 2527 Epicurus
2079 2455 2466 2520 Neoclislilius,
2484 2455 2710 2510 Athenis
2723 2455 3008 2522 educatus,
3025 2455 3312 2526 voluptua-

1725 2547 1872 2606 riam
1905 2549 2071 2603 vitam
2105 2549 2390 2617 amplexus
2415 2557 2518 2604 est.
2553 2548 2736 2618 itaque
2763 2563 2886 2601 cum
2921 2547 3308 2602 meretricibus

1725 2641 1944 2712 publice
1991 2642 2110 2697 sine
2158 2641 2266 2694 ullo
2319 2641 2520 2695 rubore
2565 2641 3017 2695 consuetudinem
3073 2639 3305 2695 habuit:

1725 2741 1922 2802 praeter
1940 2747 2002 2787 ea
2020 2748 2140 2802 quae
2162 2731 2229 2786 de
2256 2731 2348 2785 illo
2376 2731 2557 2802 operis
2588 2731 2752 2800 hujus
2777 2731 2936 2784 initio
2961 2731 3306 2800 scripsimus.

1727 2823 1867 2878 Deos
1892 2839 2013 2878 esse
2041 2823 2221 2878 nullos
2251 2823 2450 2888 aiebat,
2477 2823 2572 2879 sed
2599 2823 2832 2877 fortuna?
2857 2823 3086 2878 arbitrio
3111 2829 3310 2876 cuncta

1725 2915 2048 2986 gubernari.
2081 2914 2228 2969 Nihil
2255 2917 2310 2970 in
2337 2915 2542 2968 mundo
2573 2915 2938 2970 voluntarium
2977 2929 3038 2968 ac
3077 2914 3305 2968 liberum

1727 3006 1931 3071 inesse,
1967 3021 2076 3061 non
2100 3005 2470 3075 disciplinam,
2499 3021 2604 3060 non
2637 3006 2984 3074 imperitiam,
3026 3019 3132 3058 non
3161 3001 3308 3058 aliud

1726 3097 2046 3169 quidquam,
2094 3097 2190 3152 sed
2226 3098 2480 3176 omnibus
2523 3099 2706 3152 on‘mia
2735 3105 2931 3167 praeter
2971 3097 3306 3150 voluntatem
3367 3089 3372 3094 ’

1726 3189 1990 3244 accidere.
2041 3187 2323 3244 Neminem
2367 3189 2574 3244 idcirco
2605 3191 3042 3260 vituperandum,
3076 3195 3168 3241 aut
3198 3187 3312 3242 col-

73 3295 238 3364 Ἔλεγε
267 3298 324 3351 δὲ
362 3299 438 3370 μὴ
483 3298 594 3352 δεῖν
641 3261 948 3372 togas...
989 3261 1405 3357 τὸν-θάνατον.-
1426 3261 1622 3358 ’Ᾱέεᾶξ

1765 3279 2056 3334 tudandum
2097 3296 2240 3344 esse,
2273 3296 2339 3334 eo
2364 3281 2510 3350 quod
2541 3281 2674 3334 nihil
2710 3279 3022 3334 istiusmodi
3045 3296 3108 3334 ex
3133 3279 3310 3334 libero

71 3383 257 3440 6αιοῦτο
285 3389 362 3456 δὲ,
391 3389 472 3453 ὡς
503 3389 606 3461 ἤδη
636 3389 792 3460 ἔφην,
824 3390 882 3456 ἐξ
919 3392 1136 3463 ἀτόμων
1165 3393 1262 3448 καὶ
1299 3393 1358 3446 τὸ
1387 3396 1495 3448 πᾶν
1526 3395 1624 3468 τὴν

73 3477 300 3534 σύστασιν
325 3479 497 3552 ἔχειν,
526 3481 618 3536 καὶ
645 3482 738 3536 τὸν
768 3483 971 3554 κόσμον
1003 3486 1060 3537 ὲν
1092 3485 1305 3557 ἀπείρῳ
1335 3481 1493 3540 εἶναι.

125 3743 176 3796 I’.
215 3745 320 3798 Καὶ
351 3739 498 3799 οὗτοι
528 3745 626 3816 μὲν
653 3748 702 3800 οἱ
734 3746 792 3814 ἐξ
833 3746 1098 3819 Ἑλλήνων
1123 3749 1204 3812 είς
1241 3749 1440 3818 γνῶσιν
1468 3749 1624 3822 ἡμῶν

69 3833 380 3902 ἐληλύθασιν.
421 3839 607 3890 ’Ἄλλοι
639 3839 695 3892 δὲ
729 3839 844 3893 ὅσοι
876 3839 1018 3894 κατὰ
1058 3839 1155 3911 τὴν
1183 3841 1488 3914 Βάρϐαρον.
1529 3843 1624 3898 καὶ

77 3925 292 3992 Ἐλλάδα,
364 3927 643 4000 Ῥωμαίαν
687 3947 745 3982 τε
805 3932 898 3985 καὶ
948 3931 1018 3986 τὰ
1059 3931 1194 3987 ἄλλα
1241 3933 1479 4004 κλίματα
1525 3934 1622 4005 τῆς

67 4018 378 4090 οἰκουμένης,
437 4021 804 4092 ἑϐδομήκοντα
851 4023 944 4078 δύο
1010 4024 1108 4095 μὲν
1162 4025 1346 4095 ἀηδεῖς
1401 4025 1620 4096 φιλοσο-

69 4109 176 4177 φίαν
221 4113 328 4182 (60)
359 4113 418 4165 ὲν
467 4117 530 4184 τῇ
594 4113 703 4168 τῶν
771 4115 948 4169 Ἰνδῶν
1011 4119 1338 4190 ἑμτρέρονται
1397 4118 1620 4190 φατρία,

66 4202 156 4255 τῶν
187 4221 243 4257 τε
273 4207 740 4276 γυμνοσοφιστῶν,
789 4207 896 4262 τῶν
943 4226 1004 4262 τε
1051 4209 1413 4282 Βραχμάνων,
1461 4212 1620 4265 ἐπαι-

67 4293 210 4349 νετῶν
239 4295 443 4350 τούτων
482 4298 679 4370 μόνων,
721 4299 828 4354 τῶν
855 4318 913 4354 τε
947 4301 1480 4373 Ψευδοϐραχμάνων,
1512 4301 1622 4356 τῶν

67 4403 114 4438 τε
139 4391 498 4460 νεκυοφάγων,
531 4391 640 4444 τῶν
681 4409 740 4444 τε
785 4393 1172 4465 αίσχροποιῶν,
1204 4394 1311 4450 τῶν
1340 4413 1400 4448 τε
1443 4395 1615 4466 ἀπηλ-

68 4478 290 4546 γημὲνων
312 4495 328 4510 ·
365 4475 440 4534 ὦν
469 4481 530 4533 τὸ
565 4481 686 4534 κατ’
731 4480 870 4546 εἶδος
917 4483 1116 4552 λέγειν,
1149 4483 1242 4537 καὶ
1271 4483 1340 4537 τὰ
1369 4484 1500 4555 παρ’
1526 4485 1622 4537 αὑ-

67 4568 158 4672 τρν
193 4573 426 4672 irrumpit
479 4576 761 4645 γινόμενα,
817 4577 1074 4646 περιττὸν
1125 4576 1474 4648 ἡγησάμεθα,
1525 4579 1619 4630 καὶ¹
1651 4616 1696 4672 D

67 4657 167 4710 οὗτε
187 4660 348 4738 ξξιον,
383 4661 474 4716 διὰ
496 4663 595 4736 τὴν
625 4665 822 4736 πολλὴν
855 4667 911 4718 ὲν
939 4669 1052 4730 τοῖς
1078 4667 1386 4738 ἀνθρώποις
1413 4666 1620 4740 φθορὰν

67 4750 236 4814 κακίας
268 4769 324 4805 τε
369 4755 466 4808 καὶ
505 4756 788 4825 ἐργασίας.
859 4753 946 4808 Ἐν
997 4756 1096 4826 μὲν
1145 4757 1252 4828 γὰρ
1313 4760 1378 4828 τῇ
1435 4758 1617 4829 Μηδίᾳ⁴

69 4839 116 4904 ἱξ
143 4843 362 4914 αἰρέσεις
395 4845 556 4902 πάλιν
598 4846 844 4915 λέγονται
874 4843 1014 4902 εἶναι
1053 4846 1300 4920 διάφοροι
1324 4864 1338 4878 °
1381 4850 1439 4902 ἐν
1466 4849 1522 4902 δὲ
1550 4853 1618 4922 τῇ

127 5132 226 5214 (ξθ)
257 5135 448 5214 Heu”:
475 5138 646 5209 ἔλεγε
668 5136 938 5214 μὴεῖναι
963 5142 1158 5214 θεοὺς.
1185 5140 1298 5214 Imo
1341 5157 1464 5198 esse
1487 5139 1620 5198 deos

69 5204 256 5271 quidem
305 5208 532 5281 minime
575 5204 842 5281 negabat;
891 5211 986 5266 sed
1033 5204 1216 5266 rerum
1253 5212 1616 5268 humanarum

69 5287 264 5330 securos
293 5293 358 5332 ac
383 5279 610 5336 feriatos
639 5279 762 5337 esse
790 5281 1036 5352 jubebat.
1065 5281 1354 5340 Lucretius
1387 5285 1480 5339 lib.
1516 5299 1530 5337 ι
1561 5301 1574 5337 :

156 5409 326 5481 Omnis
361 5415 498 5468 enim
521 5431 614 5481 per
644 5432 698 5468 se
727 5414 905 5469 divum
940 5427 1134 5470 natura
1165 5434 1372 5472 necesse
1395 5427 1474 5472 est

159 5480 446 5556 immortali
475 5480 582 5540 ωιιο
615 5503 821 5556 summa
855 5503 972 5540 cum
1005 5503 1131 5555 pace
1162 5489 1395 5556 fruatur,

156 5549 356 5631 gemam
387 5555 450 5631 ab
481 5557 679 5631 nostris
715 5549 1261 5631 rebus,_sejauctaquc
1295 5549 1465 5631 longe.

159 5619 290 5696 Nam
318 5628 524 5692 priuata
553 5627 736 5680 dolore
769 5619 933 5694 omni,
966 5619 1432 5696 privata'periclis,

159 5689 416 5770 {pruinis
450 5697 648 5765 pollens
679 5697 882 5765 opibus.
921 5689 1056 5753 nihil
1079 5689 1257 5770 indiga
1283 5689 1472 5766 nostri,

157 5759 258 5817 Nec
287 5765 408 5820 bene
431 5759 727 5836 promeritis
752 5769 980 5840 capitur,
1013 5786 1104 5826 nec
1141 5759 1378 5894 ια’ῗρὶιιιν
1407 5759 1507 5826 ira.

1247 5855 1407 5894 urar.

1247 5855 1407 5895 ετιν.

1727 3371 1894 3425 animi
1944 3371 2164 3426 decreto
2203 3373 2486 3442 suscipiat.
2533 3372 2760 3428 Mortem
2797 3373 3030 3443 negabat
3070 3387 3308 3442 unquam

1724 3477 1848 3518 esse
1882 3464 2397 3533 pertimescendam.
2435 3463 2602 3531 Idem,
2639 3471 2697 3518 ut
2733 3471 2893 3518 antea
2923 3465 3058 3530 dixi,
3093 3480 3159 3519 ex
3191 3470 3310 3518 ato-

1725 3555 1829 3607 mis
1873 3561 2045 3608 totum
2085 3555 2190 3610 hoc
2237 3555 2556 3612 universum
2603 3567 2887 3622 constare,
2923 3565 2976 3612 et
3010 3557 3063 3610 in
3097 3556 3310 3611 inﬁnito

1727 3649 1904 3726 spatio
1939 3648 2200 3702 mundum
2235 3663 2358 3704 esse
2389 3647 2770 3718 proﬁtebatur.

1795 3737 1862 3792 Χ.
1903 3737 1969 3792 Hi
2011 3751 2140 3794 sunt
2185 3749 2452 3795 sectarum
2501 3740 2641 3810 apud
2691 3739 2910 3794 Graicos
2955 3740 3308 3803 conditores,

1724 3845 1866 3900 quos
1905 3833 2212 3902 comperire
2245 3833 2544 3904 potuimus.
2586 3831 2740 3898 Quod
2786 3833 2852 3888 ad
2893 3833 3031 3888 alios
3077 3839 3310 3902 spectat,

1725 3924 1818 3996 qui
1850 3923 1992 3979 inter
2023 3923 2314 3990 Barbaros,
2348 3935 2442 3978 aut
2473 3925 2527 3979 in
2556 3923 2787 3988 Grazcia,
2831 3940 2895 3978 ac
2935 3923 3307 3978 Romanorum

1723 4017 1964 4087 regione,
1993 4017 2179 4072 aliisve
2215 4017 2402 4072 mundi
2439 4017 2705 4070 tractibus
2733 4025 3096 4078 emerserunt,
3125 4018 3180 4070 in
3217 4015 3304 4070 ln-

1723 4110 1914 4165 dorum
1933 4109 2154 4164 natione
2173 4125 2320 4164 Lxxn
2341 4111 2752 4166 absurdissimze
2771 4109 3132 4180 pliilOSOphia:
3149 4117 3312 4164 sectae

1724 4211 2114 4270 numerantur;
2171 4203 2318 4258 velut
2355 4202 2962 4275 Gymnosophistarutn,
3007 4209 3061 4255 et
3107 4201 3312 4255 Brach-

1725 4309 2042 4360 manorum;
2085 4311 2208 4366 qua:
2251 4295 2380 4350 sol-.e
2427 4311 2490 4350 ex
2527 4295 2782 4349 omnibus
2825 4291 3111 4348 laudandae
3150 4300 3308 4348 sunt.

1724 4385 1859 4440 Tum
1887 4385 2581 4453 Pseudobraclnnanorum,
2613 4394 2666 4442 et
2693 4403 2906 4452 eorum,
2929 4387 3020 4460 qui
3057 4396 3302 4440 mortuo-

1723 4493 1846 4532 rum
1870 4479 2234 4534 cadaveribus
2259 4487 2591 4544 vescunlur;
2617 4489 2670 4535 et
2691 4482 2782 4550 qui
2811 4479 3170 4534 fmdissimam
3195 4493 3308 4532 rem

1725 4577 2060 4643 perpetrant,
2101 4578 2156 4626 et
2187 4571 2282 4641 qui
2319 4571 2526 4642 stupidi
2558 4571 2938 4642 desperatique
2972 4576 3122 4624 sunt.
3155 4567 3309 4636 Quo-

1731 4680 1848 4719 rum
1883 4664 2098 4734 singula
2135 4663 2410 4733 persequi,
2451 4671 2504 4718 et
2545 4663 2816 4718 horrenda
2866 4662 3112 4716 facinora
3156 4676 3311 4716 com-

1727 4773 2072 4834 memorare,
2123 4773 2584 4828 supervacaneum
2665 4763 2718 4812 et
2769 4756 3050 4827 indignum
3101 4755 3307 4826 putavi:

1727 4857 1880 4904 tanta
1920 4835 2272 4904 est'istorum
2315 4849 2598 4904 hominum
2649 4847 2905 4919 nequitite
2951 4845 3311 4920 ﬂagitiorumf

1798 5133 1911 5204 (60)
1948 5132 2385 5202 Ἐϐδομήκοντα
2418 5131 2539 5190 δύο
2561 5130 2914 5204 μὲνὼηδεῒς
2937 5129 3306 5204 φιλοσοφία-ι.

1727 5201 1924 5260 Mirum
1955 5212 2035 5257 tot
2065 5201 2208 5274 apud
2244 5205 2402 5260 indos
2433 5201 2883 5274 philosophorum
2911 5212 3101 5274 seetas
3118 5201 3308 5274 exsti-

1726 5277 1893 5342 tisse;
1953 5269 2116 5345 quod'
2160 5275 2344 5330 nescio
2407 5269 2494 5345 an
2541 5269 2682 5345 alius
2731 5271 3052 5342 prodiderit.
3115 5269 3313 5345 Strabo

1727 5347 1822 5402 lib.
1853 5361 1923 5399 xv
1971 5342 2040 5399 de
2075 5345 2344 5414 Indorum
2365 5343 2531 5398 sectis
2589 5343 2702 5414 agit
2753 5350 3028 5414 accurate,
3061 5357 3213 5414 quas
3245 5342 3312 5399 ad

1728 5417 1836 5471 duo
1855 5417 2034 5486 capita
2061 5423 2302 5474 revocat,
2327 5411 3106 5486 Brachutan'asetGermanas.
3131 5411 3314 5466 Scien-

1728 5487 1856 5542 dum
1888 5483 1969 5542 est
1999 5495 2179 5540 autem
2197 5487 2576 5556 Epiphanium,
2595 5485 2856 5556 αἱρέσεις,
2881 5483 3001 5556 sive,
3019 5493 3196 5538 sectas
3219 5499 3314 5554 ap-

1731 5557 1932 5628 pellare
1965 5556 2214 5628 instituta
2239 5555 2474 5628 vivendi,
2503 5569 2566 5609 ac
2589 5555 2836 5628 diversos
2859 5555 3102 5624 gentium
3134 5559 3311 5610 ritus:

1729 5625 2038 5696 cuiusmodi
2071 5627 2498 5681 innumerabiles
2525 5625 2721 5680 conlici
2755 5633 3069 5695 potuerunt.

1803 5697 1938 5820 (6ογ
1971 5696 2321 5779 Eruendanda
2357 5713 2420 5751 ex
2471 5697 2660 5752 Grazco
2705 5696 2866 5766 hujus
2907 5697 3008 5750 loci
3047 5697 3314 5765 interpre-

1803 5785 1883 5820 ιο.
1931 5783 2074 5820 more
2099 5765 2328 5820 aﬂirmat
2355 5767 2630 5820 Panaetius
2659 5782 2920 5820 ntiaacem
2952 5781 3072 5820 esse
3098 5781 3310 5820 ouium

1729 5765 1883 5840 talio.
1908 5765 2074 5840 impie
2099 5765 2328 5821 aﬂirmat
2355 5767 2630 5825 Panaetius
2659 5765 2920 5838 nugacem
2952 5781 3072 5822 esse
3098 5781 3310 5820 omnem

1730 5840 1796 5896 de
1828 5838 1934 5896 Deo
1966 5838 2294 5896 sermonem.
