3810 6216
112 221 226 281 800

677 219 1041 276 ADVERSUS
1078 221 1419 279 ΙίίΕΒΕΒΕδ
1454 223 1582 278 LIB.
1625 224 1711 280 Ill.
1752 225 1916 282 TOM.
1959 225 2001 281 ll
2030 258 2096 267 —-
2134 226 2500 284 EXPOSITIO
2540 229 2736 286 FIDEI.

3240 235 3346 290 810

113 341 399 412 δμοούσιον
422 339 521 412 τὴν
547 341 749 410 Τριάδα
766 381 781 406 ,
827 343 886 394 οὐ
928 342 1251 413 συναλοιφὴν
1306 344 1404 415 τὴν
1432 345 1637 416 Τριάδα
1664 364 1677 377 ’

1789 345 2082 416 perlaetum
2146 347 2411 418 Spiritum
2462 359 2755 411 sanctum;
2821 352 3349 421 consubstantialem

113 430 251 486 ἀλλὰ
299 430 393 486 τὸν
440 432 566 486 Υίὸν
592 434 658 487 ἐκ
699 434 913 506 Πατρὸς
958 434 1225 505 ἀληθινῶς
1265 440 1676 509 γεγεννημένον,

113 523 215 578 καὶ
258 523 321 577 τὸ
370 523 524 592 ἆγιον
576 523 798 596 Πνεῦμα
850 527 952 580 οὐκ
1000 528 1278 599 ἀλλότριον
1327 530 1537 603 [ἰατρὸς
1587 533 1682 585 καὶ

118 613 250 667 Υίοῦ
269 630 282 642 ·
320 609 484 668 οὖσαν
514 615 571 668 δὲ
608 616 695 669 ἀεὶ
720 616 818 687 τὴν
845 618 1072 687 Τριάδα,
1101 620 1194 673 καὶ
1223 620 1490 691 μηδέποτε
1518 639 1683 693 προσ-

112 704 292 775 θήκης
326 704 709 776 ἐπιδεομένην·
743 709 817 777 μὴ
848 707 1075 777 ἔχουσαν
1106 710 1163 762 δέ
1191 728 1242 763 τι
1279 712 1337 762 ὲν
1371 712 1509 783 αὐτῇ
1550 713 1682 766 ὐπο-

113 796 378 862 δεϐηκὸς,
417 798 497 861 είς
550 797 676 868 μίαν
706 799 762 851 δὲ
814 800 1040 871 ἑνότητα
1079 803 1173 855 καὶ
1216 802 1345 871 μίαν
1388 804 1561 875 ἀρχὴν
1588 804 1682 859 τοῦ

110 886 250 940 Θεοῦ
283 888 375 941 καὶ
423 890 636 960 Πατρὸς
673 891 1035 961 ἀναγομένην.
1085 893 1194 946 Καὶ
1228 895 1292 946 ὲκ
1332 894 1535 963 ταύτης
1585 896 1684 966 τῆς

108 977 348 1048 Τριάδος
391 980 604 1050 Πατρὸς
630 983 724 1035 καὶ
754 982 886 1035 Υίοῦ
932 982 1028 1036 καὶ
1073 983 1227 1051 ἁγίου
1260 985 1573 1056 Πνεῦματος
1614 986 1685 1041 τὰ

111 1073 295 1124 πάντα
321 1070 601 1125 κεκτίσθαι
624 1074 664 1139 ¹,
699 1075 800 1127 οὐκ
839 1075 967 1130 ὄντα
995 1076 1145 1143 ποτὲ,
1171 1076 1292 1130 οὒτε
1342 1079 1568 1134 συνόντα
1607 1079 1685 1150 τῷ

110 1159 257 1231 Θεῷ,
280 1160 404 1214 οὕτε
450 1163 898 1234 προῦπάρξαντα,
929 1165 1187 1234 γινόμενα
1216 1166 1274 1220 δὲ
1301 1166 1359 1231 ἐξ
1389 1169 1488 1222 οὐκ
1514 1169 1684 1223 ὄντων

110 1256 196 1316 εἰς
239 1254 302 1306 τὺ
331 1250 470 1307 εἶναι
498 1256 604 1309 ἀπὸ
656 1256 869 1327 Πατρὸς
905 1258 999 1309 καὶ
1034 1257 1163 1311 Υίοῦ
1203 1259 1297 1311 καὶ
1329 1260 1484 1328 ἁγίου
1517 1261 1687 1314 Πνεύ-

110 1363 288 1415 ματος
314 1363 326 1376 ο
374 1347 470 1399 καί⁵
502 1346 690 1401 τοῦτον
717 1349 806 1401 τὸν
852 1349 1071 1419 Πατέρα
1114 1351 1209 1402 καὶ
1241 1351 1367 1404 Υίὸν
1399 1352 1490 1406 καὶ
1532 1352 1686 1422 ἆγιον

110 1437 346 1508 Πνεῦμα
374 1440 486 1502 τοῖς
523 1440 689 1494 αὐτοῦ
721 1441 896 1508 ἁγίοις
948 1442 1041 1495 καὶ
1068 1443 1162 1496 ἀπ’
1189 1442 1383 1506 αἰῶνος
1416 1445 1685 1509 καταξιώ-

108 1542 286 1581 σαντα
307 1529 367 1581 ἐν
395 1530 682 1594 ὀπτασίαις
713 1532 973 1602 φανῆναι,
1016 1533 1266 1605 καθάπερ
1291 1535 1524 1604 ἠδύνατο
1556 1536 1688 1589 ἐκα-

110 1636 241 1683 σ-τος
283 1624 479 1693 χωρεῖν
519 1623 660 1676 κατὰ
702 1624 760 1676 τὸ
802 1626 1045 1695 χάρισμα
1094 1624 1256 1679 αὐτοῦ
1305 1625 1393 1683 διὰ
1428 1626 1526 1695 τῆς
1553 1615 1687 1684 Θεό-

1785 437 2129 506 Trinitatem,
2157 455 2266 496 non
2295 441 2690 496 coalescentem
2720 449 2815 496 aut
2839 442 3125 497 confusam
3151 441 3351 499 Trini-

1782 536 1946 585 tatem
1973 547 1989 596 ;
2022 530 2115 586 sed
2147 530 2342 585 Filium
2376 547 2502 587 vere
2529 548 2559 585 a
2584 531 2746 588 Patre
2778 535 3038 602 genitum,
3072 541 3128 589 et
3173 532 3353 604 Spirio
3397 545 3417 559 '

1782 626 1896 673 tum
1942 630 2189 675 sanctum
2235 637 2265 675 a
2294 621 2457 677 Patre
2489 621 2736 694 Filioque
2769 639 2878 678 non
2914 625 3152 679 alii-num
3183 645 3197 679 :
3228 623 3350 679 Tri-

1784 709 2028 772 nitatem,
2054 710 2299 779 inquam,
2332 727 2451 781 quae
2482 726 2696 782 semper
2729 715 2820 777 sit,
2852 727 3030 782 neque
3061 715 3227 769 ullius
3265 729 3351 769 ac-

1783 800 2051 857 cessionis
2102 813 2277 872 egeat,
2323 818 2499 874 neque
2530 805 2826 874 quidquam
2869 807 2924 859 in
2959 821 3078 861 sese
3120 806 3348 863 inferius

1786 889 2000 955 habeat,
2028 907 2256 965 quaeque
2293 894 2361 949 ad
2411 896 2738 966 singularem
2777 897 3042 952 unitatem
3097 897 3347 952 unicum-

1785 996 1891 1050 que
1925 980 2018 1037 Dei
2046 997 2111 1038 ac
2139 982 2319 1049 Patris
2350 987 2680 1056 principium
2714 987 3007 1045 referatur.
3034 988 3119 1043 Ab
3157 988 3347 1044 eadem

1786 1069 2071 1137 Trinitate,
2115 1072 2273 1129 Patre
2297 1075 2511 1146 1096
2541 1086 2595 1131 et
2624 1074 2762 1131 Filio
2792 1086 2846 1133 et
2884 1076 3091 1147 Spiritu
3135 1090 3349 1142 sancto,

1785 1171 1966 1218 creata
2015 1179 2137 1220 esse
2182 1174 2404 1228 cuncta,
2449 1182 2570 1235 quae
2615 1168 2911 1237 aliquando
2959 1184 3070 1223 non
3123 1169 3353 1226 exstite-

1787 1259 1929 1317 rant,
1958 1268 2134 1321 uequc
2158 1268 2281 1308 cum
2310 1254 2419 1309 Deo
2444 1264 2594 1318 sunt,
2624 1270 2726 1311 nec
2767 1264 2893 1312 ante
2931 1258 3167 1323 fuerant,
3199 1258 3295 1314 sed
3321 1276 3353 1312 e

1787 1342 1958 1397 nihilo
2005 1344 2208 1412 aliquid
2245 1359 2367 1400 esse
2409 1353 2694 1415 cmperunt
2737 1361 2767 1400 a
2812 1345 2972 1403 Patre
3017 1355 3074 1403 et
3116 1346 3252 1403 Filio
3298 1357 3353 1403 et

1787 1442 1984 1490 sancto
2011 1434 2219 1504 Spiritu
2248 1437 2536 1505 producta.
2566 1437 2721 1494 Hunc
2743 1439 2922 1509 ipsum
2944 1439 3156 1495 Patrem
3185 1450 3241 1503 et
3265 1439 3354 1495 Fi-

1788 1525 1922 1580 lium
1951 1534 2007 1579 et
2034 1524 2296 1596 Spiritum
2333 1537 2584 1581 sanctum
2618 1528 2688 1583 ab
2721 1531 2852 1584 orbe
2881 1530 3103 1584 condito
3145 1533 3354 1588 sanctis

1790 1617 1905 1671 suis
1938 1632 2033 1686 per
2072 1619 2250 1672 visum
2300 1619 2638 1688 apparuisse,
2673 1630 2935 1688 quantum
2978 1636 3174 1691 capere
3209 1624 3354 1693 quis-

105 1726 295 1781 τητος,
326 1713 461 1784 ὅπερ
503 1713 784 1784 ἐχαρίζετο
821 1715 1037 1785 ἑκάστῳ
1068 1715 1178 1768 τῶν
1221 1716 1684 1787 καταξιουμένων·

1789 1721 1895 1775 que
1942 1714 2175 1774 poterat,
2220 1721 2285 1761 ac
2315 1722 2414 1776 pro
2465 1723 2531 1762 eo
2579 1723 2644 1762 ac
2687 1709 2910 1766 cuilibet
2952 1712 3353 1766 communicata

110 1804 197 1872 πὴ
255 1802 357 1873 μὲν
413 1804 629 1877 Πατέρα
674 1805 1005 1870 θεάσασθαι,
1056 1807 1237 1871 καθὼς
1289 1808 1517 1877 ἠδύνατο
1560 1808 1688 1862 ἕκα-

107 1909 241 1958 στος
269 1895 500 1949 ἀκοῦσαι
556 1897 658 1966 τῆς
705 1897 890 1967 φωνῆς
943 1897 1144 1965 αὐτοῦ,
1202 1899 1277 1962 ὡς
1330 1898 1557 1971 ἐχώρει·
1615 1901 1689 1963 ὼς

105 1984 182 2035 ὲν.
216 1984 450 2054 στόματι
503 1984 595 2038 τοῦ
642 1986 864 2040 Ἡσαΐου
903 1987 1118 2055 ἔλεγεν·
1172 1987 1326 2042 Ἰδοὺ
1359 1988 1619 2055 συνήσει
1658 1993 1690 2043 ό

107 2073 264 2139 Παῖς
299 2093 421 2144 μου
465 2080 500 2129 ό
530 2078 869 2143 ἀγαπητόςο
917 2079 1075 2132 τοῦτο
1107 2079 1259 2150 φωνὴ
1302 2080 1533 2151 Πατρός.
1580 2083 1690 2135 Καὶ

102 2165 184 2228 ὡς
229 2169 259 2220 6
308 2168 507 2238 Δανιὴλ
537 2166 640 2222 εἶδε
668 2170 760 2223 τὸν
794 2171 1029 2227 Παλαιὸν
1084 2172 1190 2226 τῶν
1225 2172 1447 2243 ἡμερῶν
1474 2188 1487 2202 ·
1542 2174 1691 2227 τοῦτο

101 2256 352 2311 ὀπτασία
397 2257 489 2312 τοῦ
525 2261 761 2330 Πατρός.
811 2262 898 2325 Ὡς
946 2262 1001 2314 δὲ
1047 2262 1107 2314 ὲν
1157 2263 1235 2333 τῷ
1271 2265 1522 2334 προφήτῃ
1580 2266 1690 2318 πά-

103 2349 228 2402 λιν’
275 2350 419 2420 Ἐγὼ
452 2350 688 2420 ὁράσεις
725 2353 1058 2418 ὲπλήθυνα,
1097 2355 1197 2408 καὶ
1236 2356 1305 2409 ἐν
1337 2356 1507 2423 χερσὶ
1548 2373 1690 2424 προ-

98 2440 326 2508 φητῶν
376 2442 712 2511 ὠμοιώθηγ·
758 2445 917 2497 τοῦτο
972 2446 1126 2516 φωνὴ
1173 2444 1326 2499 Υἰοῢ.
1392 2447 1478 2510 Ὡς
1529 2447 1585 2501 δὲ
1631 2451 1688 2501 ὲν

119 2531 395 2602 Ἰεζεκιήλ
420 2540 433 2562 ³
466 2533 576 2587 Καὶ
614 2534 793 2589 ἔλαΰέ
826 2553 905 2604 με
944 2536 1190 2606 Πνεῦμα
1226 2539 1401 2603 Θεοῦ,
1445 2539 1546 2593 καὶ
1589 2539 1687 2603 ἐξ·

99 2622 296 2678 ἐϐαλέ
317 2641 396 2692 με
423 2612 530 2691 ἐἰς
567 2626 632 2679 τὸ
664 2627 908 2681 πεδίον-⁸
952 2627 1110 2681 τοῦτο
1143 2631 1271 2701 περὶ
1315 2630 1470 2699 ἁγίου
1517 2631 1688 2684 Πνεύ-

107 2732 312 2787 ματος.
345 2718 452 2770 Καὶ
486 2718 656 2772 πολλά
708 2719 823 2771 ἔστι
870 2720 1093 2773 τοιαῦτα
1141 2722 1336 2788 λέγειν,
1379 2715 1456 2776 ὧν
1493 2723 1689 2790 ὀλίγων

102 2806 227 2860 ἀπὸ
270 2807 470 2878 μέρους
497 2808 824 2879 μνησθέντες
852 2812 910 2862 ὲν
940 2811 1262 2883 παραδρομῇ
1296 2814 1377 2875 εἰς
1422 2813 1481 2866 τὸ
1518 2812 1687 2878 δεῖξαι

102 2898 205 2952 τὸν
266 2900 594 2972 χαρακτῆρα
638 2900 739 2971 τῆς
790 2902 1151 2973 Ἐκκλησίας,
1204 2903 1272 2957 τὰ
1324 2904 1419 2958 δύο
1468 2907 1687 2974 ῥήματα

102 2990 494 3060 παρεθέμεθα,
522 2993 732 3061 μυρίων
760 2993 930 3047 ὄντων
952 2994 1046 3047 καὶ
1077 2996 1334 3055 ἐπέκεινα
1356 2996 1465 3049 τῶν
1487 2996 1686 3067 ὁμοίων

98 3082 321 3136 τούτων
351 3084 408 3135 ὲν
433 3086 551 3147 ταῖς
589 3083 765 3148 θείαις
798 3090 1035 3155 γραφαῖς
1068 3088 1308 3151 Παλαιᾶς
1334 3105 1392 3140 τε
1428 3090 1522 3141 καὶ
1550 3091 1685 3141 Και-

99 3173 208 3241 γῆς
239 3173 516 3243 Διαθήκης
560 3176 968 3246 ἐμφερομένων.
1004 3178 1112 3231 Καὶ
1153 3179 1234 3230 ὅτι
1278 3178 1441 3241 αὐτὸς
1484 3177 1683 3248 Κύριος

100 3263 321 3318 ἔπλασε
348 3266 411 3318 τὸ
442 3266 601 3337 σῶμα
623 3266 701 3337 τῷ
748 3268 937 3338 Ἀδὰμ,
966 3269 1062 3321 καὶ
1102 3270 1423 3322 ἐνέπνευσεν
1452 3270 1510 3321 ἐν
1535 3267 1684 3338 αὐτῷ

102 3355 285 3426 πνοὴν
320 3356 492 3427 ζωῆς,
542 3359 733 3422 κτίσας
783 3360 931 3430 αὐτῷ
973 3359 1151 3431 ψυχὴν
1199 3361 1412 3425 ζῶσαν,
1472 3360 1566 3414 καὶ¹
1603 3361 1684 3414 ὅτι

100 3444 277 3508 αὐτὸς
303 3444 499 3497 δέδωκε
527 3447 618 3499 τὸν
648 3449 808 3517 νόμον
831 3448 907 3518 τῷ
936 3450 1142 3519 Μωῦσῇ
1168 3451 1196 3501 6
1223 3449 1354 3513 Θεὸς
1376 3449 1562 3521 Πατὴρ
1592 3449 1685 3502 καὶ

98 3531 244 3595 Υἱὸς
276 3536 375 3587 καὶ
411 3536 565 3603 ἀγιον
613 3538 917 3608 Πνεῦμα,ή
971 3539 1071 3605 μία
1092 3541 1324 3610 θεότης’
1375 3541 1469 3594 καὶ
1503 3542 1585 3593 ὅτι
1634 3543 1683 3593 οἱ

99 3624 395 3696 προφῆται
423 3625 526 3678 ὑπὸ
549 3626 650 3695 τῆς
671 3628 1120 3698 αὑτῆςΘεότητος
1150 3629 1558 3701 ἀπεστάλησανο
1590 3631 1685 3685 καὶ⁸

96 3711 191 3766 ὅτι
220 3713 387 3776 αὐτὸς
413 3716 544 3784 ἡμῖν
566 3716 594 3765 6
613 3716 766 3779 Θεὸς,
789 3718 817 3767 ὁ
845 3718 1115 3771 Ἰουδαίων
1139 3735 1197 3770 τε
1222 3719 1315 3771 καὶ
1345 3719 1685 3789 Χριστιανῶν

96 3802 184 3856 ὢν
220 3803 377 3870 Θεὸς,
432 3796 715 3865 Ἰουδαίους
743 3825 803 3859 τε
850 3808 1083 3871 καλέσας
1117 3810 1195 3871 είς
1237 3809 1517 3863 δικαίωσιν
1559 3812 1685 3875 τοὺς

98 3895 187 3967 μὴ
220 3895 591 3966 ἀρνουμένους
624 3898 721 3969 τὴν
754 3900 923 3970 αὐτὴν
946 3900 1040 3952 τοῦ
1082 3902 1286 3971 Κυρίου
1321 3901 1478 3973 ἡμῶν
1512 3902 1685 3973 Ἰησοῦ

99 3983 460 4055 παρουσίαν,
508 3988 603 4039 καὶ
654 3989 858 4051 πάντας
913 3989 1178 4054 σώζοντος
1219 3993 1345 4055 τοὺς
1394 3993 1534 4045 κατὰ
1588 3993 1686 4063 τὴν

96 4075 376 4145 ἀληθινὴν
403 4077 566 4130 αὐτοῦ
588 4079 768 4131 πίστιν
794 4079 1067 4149 βιοῦντας,
1092 4082 1185 4133 καὶ
1222 4082 1295 4152 μὴ
1325 4082 1688 4153 ἀρνουμένους

94 4166 210 4237 τὴν
249 4167 507 4236 ἀλήθειαν
530 4168 622 4221 τοῦ
659 4170 1009 4241 κηρύγματος
1050 4172 1150 4242 τῆς
1177 4173 1433 4243 ἀληθινῆς
1463 4173 1688 4241 εὐαγγε-

96 4256 274 4326 λικῆς
302 4257 466 4310 αὑτοῦ
499 4258 865 4325 διδασκαλίας.
889 4258 1060 4315 Ἦλθε
1103 4264 1232 4333 γὰρ,
1268 4259 1428 4333 ἦλθεν
1454 4266 1482 4316 ὁ
1515 4264 1687 4317 Μονο-

1791 1814 1888 1868 per
1911 1799 2258 1857 Divinitatem
2290 1804 2462 1872 gratia
2514 1810 2618 1869 est,
2649 1819 2812 1873 quam
2861 1805 2929 1859 iis
2974 1800 3229 1859 omnibus
3258 1808 3350 1875 qui

1790 1891 1939 1962 digni
1980 1900 2160 1955 erant,
2205 1895 2488 1963 impertiit.
2521 1897 2596 1949 lta
2631 1895 2810 1953 Patris
2846 1905 3102 1967 aspectus
3146 1899 3355 1953 unicui-

1790 1997 1897 2052 que
1936 1984 2237 2051 permissus
2283 1995 2386 2047 est,
2423 1994 2685 2054 quantum
2723 2002 2911 2042 vocem
2946 1989 3094 2044 illius
3140 1989 3353 2052 audire,

1790 2088 1854 2127 ac
1886 2081 2047 2142 prout
2075 2089 2270 2143 capere
2304 2084 2556 2145 poterat;
2584 2087 2644 2130 ut
2680 2093 2802 2132 cum
2827 2094 2923 2148 per
2949 2080 3147 2135 Isaiam
3180 2081 3252 2135 ita
3277 2081 3355 2133 lo~

1790 2164 1979 2230 quitur
2020 2183 2032 2217 :
2071 2163 2204 2218 Ecce
2247 2166 2501 2235 intelliget
2546 2167 2684 2221 Puer
2717 2186 2862 2224 meus
2909 2172 3129 2228 dilectus
3149 2174 3190 2236 ³,
3235 2189 3356 2244 qua:

1790 2253 1967 2310 Patris
2002 2256 2174 2325 ipsius
2214 2259 2377 2312 verba
2425 2269 2573 2314 sunt.
2607 2260 2696 2315 Sic
2728 2262 2913 2316 Daniel
2948 2263 3245 2335 Antiquum
3291 2267 3356 2320 il-

1791 2346 1902 2399 lum
1952 2348 2165 2409 dierum
2211 2348 2383 2404 vidit“
2417 2367 2430 2404 :
2462 2351 2608 2420 quod
2638 2352 2816 2407 visum
2849 2351 3028 2409 Patris
3076 2357 3355 2426 proprium

1791 2436 1911 2492 fuit.
1950 2437 2257 2503 Quinetiam
2311 2443 2452 2511 apud
2494 2444 2658 2498 alium
2702 2446 3041 2516 prophetam,
3099 2445 3230 2516 Ego,
3274 2449 3357 2502 in-

1790 2530 1928 2600 quit,
1956 2531 2180 2586 visiones
2217 2532 2588 2603 multiplicavi,
2634 2546 2683 2590 et
2716 2538 2955 2592 manibus
2982 2540 3357 2608 prop/letarum

1790 2621 2119 2676 assimilatas
2157 2639 2274 2676 sum
2297 2624 2340 2688 ⁸,
2388 2640 2450 2679 ea
2482 2642 2585 2680 vox
2631 2637 2715 2682 est
2752 2627 2873 2682 Filii
2903 2631 3144 2700 propria.
3193 2633 3353 2702 Apud

1789 2708 2125 2765 Ezechielem
2151 2726 2300 2777 vero,
2320 2710 2390 2764 Et
2430 2716 2711 2782 assumpsit
2752 2732 2854 2777 me,
2888 2718 3088 2786 inquit,
3113 2719 3347 2787 Spiritu

1789 2799 1906 2866 Dei,
1951 2809 2000 2854 et
2030 2800 2181 2869 ejccit
2224 2817 2305 2855 me
2331 2803 2385 2856 in
2437 2804 2719 2872 campum‘
2752 2824 2764 2859 :
2798 2807 2941 2874 quod
2982 2808 3048 2862 ad
3083 2808 3377 2877 Spiritum-

1789 2901 2038 2947 sanctum
2095 2895 2353 2962 pertinet.
2411 2894 2690 2962 Ejusmodi
2743 2897 2849 2950 alia
2895 2898 3128 2967 proferri
3186 2915 3348 2969 quam

1791 2983 2024 3052 plurima
2066 2994 2333 3052 possunt,
2367 3001 2398 3040 e
2438 2986 2636 3054 quibus
2675 3002 2848 3056 pauca
2889 2990 3133 3058 quaedam
3175 2991 3354 3045 obiter

1786 3075 2195 3145 proposuimus.
2249 3077 2425 3145 Atque
2482 3087 2538 3131 ut
2605 3079 2879 3147 propriam
2938 3077 3195 3135 Ecclesiae
3250 3080 3349 3135 for-

1784 3181 1927 3219 mam
1972 3178 2037 3219 ac
2074 3173 2233 3220 notas
2264 3167 2694 3228 ostenderemus,
2730 3168 2838 3221 duo
2865 3168 3039 3223 triave
3084 3169 3248 3224 verba
3297 3170 3357 3225 in

1784 3254 2024 3308 medium
2074 3255 2354 3310 attulimus
2396 3271 2461 3311 cx
2509 3256 2735 3310 infinitis
2773 3257 2930 3321 locis,
2971 3273 3093 3327 qua:
3138 3259 3355 3333 illorum

1785 3346 1982 3401 similia
2016 3345 2070 3399 in
2118 3346 2408 3416 scripturis
2454 3354 2563 3399 tam
2597 3345 2803 3402 Veteris
2849 3362 3013 3416 quam
3054 3347 3188 3404 Novi
3219 3347 3357 3407 Tes-

1786 3436 2010 3490 tamenti
2079 3435 2348 3506 leguntur.
2420 3437 2556 3490 Illud
2613 3453 2745 3492 vero
2805 3440 3030 3508 insuper
3106 3439 3355 3496 Ecclesia

1785 3526 2114 3596 profitetur:
2149 3527 2437 3582 Dominum
2475 3528 2651 3599 ipsum
2696 3544 2897 3599 corpus
2940 3530 3146 3584 Adamo
3196 3530 3357 3585 labri-

1785 3632 1961 3681 casse,
2003 3624 2056 3672 et
2086 3606 2397 3687 inspirasse
2419 3619 2493 3671 illi
2525 3620 2775 3688 spiritum
2804 3621 2929 3675 vitae
2945 3621 2987 3682 ",
3014 3635 3140 3674 cum
3178 3621 3357 3677 viven-

1789 3718 1893 3763 tem
1923 3709 1975 3763 ei
2005 3718 2322 3778 procrearet
2359 3710 2619 3764 animam.
2647 3709 2785 3764 Tum
2832 3709 3005 3780 Moysi
3039 3712 3206 3778 legem
3251 3720 3358 3766 tra-

1786 3800 1988 3855 didisse
2016 3800 2183 3857 Deum
2220 3802 2398 3870 ipsum
2431 3801 2646 3856 Patrem
2679 3809 2732 3856 et
2776 3799 2971 3855 Filium
3009 3811 3062 3857 et
3090 3801 3356 3872 Spiritum

1788 3898 2062 3954 sanctum.
2101 3905 2223 3961 quae
2248 3899 2333 3947 est
2366 3885 2472 3946 u'na
2500 3893 2789 3948 Divinitas.
2818 3891 3024 3948 Dei-nde
3048 3894 3118 3948 ab
3164 3895 3353 3949 eadem

1787 3980 2078 4038 Divinitate
2147 3983 2439 4053 prophetas
2491 3997 2613 4037 esse
2671 3986 2887 4038 missos.
2928 3983 3011 4036 Ad
3058 3984 3209 4047 haec,
3266 4000 3351 4038 nt)

1788 4082 1960 4129 strum
2012 4076 2190 4145 ipsum
2241 4074 2433 4139 Deum,
2464 4073 2774 4128 Judzeorum
2821 4089 2882 4128 ac
2917 4074 3351 4131 Christianorum

1786 4181 1908 4221 esse
1935 4166 2135 4231 Deum;
2165 4167 2259 4235 qui
2294 4165 2514 4221 Iudaeos
2555 4167 2622 4221 ad
2645 4165 3089 4235 justificatlonem
3134 4181 3230 4221 eos
3258 4184 3355 4221 vo-

1786 4257 1953 4321 cavit,
1989 4258 2082 4326 qui
2113 4256 2547 4312 iucarnationem
2576 4257 2750 4325 ipsam
2780 4255 2992 4309 Domini
3021 4257 3195 4310 nostri
3222 4256 3354 4312 lesu

94 4348 280 4417 γενής
300 4365 312 4375 ·
345 4349 439 4401 καὶ
471 4348 643 4413 οὕτως
692 4351 804 4421 ἔχει
831 4355 864 4422 ἡ
904 4355 1087 4423 μήτηρ
1117 4354 1273 4424 ἡμῶν
1317 4352 1630 4424 Ἐκκλησία,
1658 4355 1684 4407 ὁ

1790 4348 1987 4403 Christi
2016 4361 2358 4417 nequaquam
2389 4347 2756 4417 abnegarent;
2784 4347 2987 4416 quique
3013 4346 3136 4399 illos
3164 4360 3356 4402 omnes

94 4440 280 4509 λιμὴν
312 4441 344 4492 6
373 4439 544 4504 εὔδιος
577 4443 676 4510 τῆς
706 4444 947 4513 εἰρήνης,
983 4446 1015 4514 ἡ
1061 4444 1334 4514 εὐφρασία
1376 4447 1406 4513 ἡ
1451 4443 1686 4495 πνέουσα

96 4531 209 4599 τὴν
246 4527 452 4599 κύπριν
473 4530 493 4558 ¹
516 4530 614 4598 τῆς
652 4529 919 4599 ἀμπέλου,
946 4532 1038 4583 καὶ
1067 4532 1258 4601 βότρυν
1288 4533 1524 4599 φέρουσα
1555 4533 1685 4601 ἡμῖν

95 4620 213 4689 τῆς
246 4619 520 4686 εὐλογίας,
554 4621 646 4673 καὶ⁸
678 4622 739 4674 τὸ
767 4622 1050 4675 λυσίπονον
1071 4625 1203 4692 ἡμῖν
1223 4622 1371 4692 πόμα
1408 4621 1528 4674 καθ’
1557 4620 1686 4674 ἑκά-

96 4728 250 4779 στην
292 4711 507 4781 ἡμέραν
559 4706 695 4782 αἷμα
753 4713 991 4783 Χριστοῦ
1041 4713 1369 4783 χαριζομένη
1413 4713 1682 4782 ἄκρατον,

93 4800 339 4872 ἀληθές.

1793 4448 1992 4507 servat,
2039 4440 2131 4510 qui
2165 4456 2229 4494 ex
2264 4455 2408 4494 vera:
2450 4441 2624 4510 ipsius
2671 4440 2792 4494 lidei
2826 4439 3143 4510 praescripto
3187 4441 3354 4495 vitam
3464 4462 3469 4469 ί

1793 4529 2108 4593 instituunt,
2153 4544 2330 4599 neque
2366 4530 2595 4585 sincera:
2621 4538 2675 4583 ct
2706 4528 3033 4598 evangelica:
3068 4529 3217 4583 illius
3254 4530 3354 4583 do-

1792 4620 1982 4674 ctrinae
2018 4621 2369 4689 praedicatum
2404 4622 2602 4689 ubique
2631 4620 2827 4690 dogma
2871 4628 3154 4689 respuunt.
3195 4617 3357 4675 Venit

1790 4713 1958 4775 enim,
1992 4716 2141 4769 venit
2174 4714 2520 4785 Unigenitns.
2545 4716 2727 4786 itaque
2757 4726 2930 4771 mater
2958 4716 3201 4771 Ecclesia
3231 4732 3356 4786 pro-

1791 4806 1995 4869 fitetur,
2027 4821 2148 4875 qua:
2185 4808 2511 4876 tranquillus
2554 4808 2703 4876 pacis
2739 4817 2929 4878 portus
2979 4814 3096 4872 est,-
3139 4815 3195 4862 et
3231 4818 3359 4863 'sua-

94 4902 254 4955 vitas
297 4899 543 4969 quasdam
570 4898 697 4952 vitis
745 4914 965 4970 cyprum
1012 4890 1307 4962 redolens,'
1334 4905 1388 4953 et
1421 4897 1683 4951 botrum'
1725 4897 1882 4952 nobis
1908 4898 2307 4955 benedictionis
2362 4900 2679 4968 proferens,
2732 4916 2944 4955 necnon
3008 4908 3063 4955 et
3112 4915 3354 4970 praesen-

92 4996 392 5051 tissimum
426 4990 554 5044 illud
585 4991 944 5061 abstergendo
973 4993 1191 5046 maerori
1224 4998 1431 5060 potum,
1451 5006 1658 5044 merum
1682 4989 1892 5045 scilicet
1907 5005 1970 5044 ac
1997 5006 2184 5046 verum
2215 4991 2419 5046 Christi
2455 4992 2773 5060 sanguinem
2825 4990 3067 5059 quotidie
3096 4990 3350 5058 largiens.

170 5086 262 5139 IE’
304 5084 439 5153 (77).
489 5084 611 5136 Ὅτι
658 5083 926 5154 ἀληθινῶς
974 5084 1237 5155 ἐγεννήθη
1293 5083 1525 5153 Χριστὸς
1574 5084 1680 5137 ἀπὸ

89 5175 333 5247 Μαρίας
361 5176 459 5244 τῆς
498 5173 875 5245 ἀειπαρθένου,
930 5174 1109 5228 λαόὼν
1153 5175 1212 5227 τὸ
1254 5174 1411 5245 σῶμα
1449 5177 1506 5228 ὲν
1548 5175 1682 5245 ἀληο

1862 5082 2071 5152 1097
2089 5080 2204 5136 XV.
2223 5081 2490 5137 Praeterea
2504 5083 2781 5137 Christum
2795 5097 2824 5136 e
2837 5080 3003 5134 Maria
3022 5095 3235 5150 semper
3250 5082 3357 5135 vir-

1788 5173 1913 5244 gine
1939 5184 2337 5228 rcvcranatum
2364 5189 2487 5228 esse
2522 5172 2718 5235 credit,
2736 5186 2800 5225 ac
2817 5172 2997 5240 reipsa
3021 5186 3223 5240 corpus
3246 5185 3355 5224 non

90 5270 256 5341 θείᾳ,
305 5267 403 5321 καὶ
446 5267 546 5320 οὐκ
589 5267 647 5319 ἐν
693 5266 931 5337 δοκήσει,
975 5269 1151 5338 σάρκα
1192 5267 1480 5339 ἀληθινῶς,
1524 5268 1680 5338 σῶμα

1792 5269 1976 5338 specie
2001 5268 2266 5322 duntaxat
2297 5268 2561 5330 induisse,
2595 5280 2838 5329 carnem,
2872 5266 3113 5334 inquam,
3149 5278 3355 5324 veram,

174 5427 193 5457 ⁸
235 5441 330 5493 γρ.
370 5422 682 5493 κεκτῆσθαι.
790 5424 809 5453 ³
851 5419 919 5493 F.
938 5381 1162 5491 κύπρον.

89 5495 114 5529 ⁷
150 5494 302 5549 Gen.
341 5507 403 5555 ιι,
433 5492 482 5546 7.
556 5494 578 5523 ⁸
606 5492 765 5546 Cant.
804 5508 843 5554 ι,
875 5492 960 5545 15.

171 5609 297 5680 (77)
341 5607 767 5662 Praetermissam
808 5607 881 5660 ibi
917 5616 1023 5659 tam
1069 5621 1098 5659 a
1146 5577 1400 5671 Petavii),
1449 5624 1608 5678 quam
1652 5624 1680 5660 a
1721 5604 2036 5668 Thomasio,
2063 5604 2399 5658 uumcricant
2434 5613 2618 5658 notam
2650 5620 2717 5657 xv
2751 5602 3113 5663 restituimus.

442 5700 712 5758 ΡΑΤιιοι..
759 5700 876 5757 lin.
913 5698 1105 5757 XLII.

2860 5692 2865 5695 ’
3041 5689 3120 5747 9.6

1275 5423 1295 5453 ³
1336 5420 1437 5477 lsa.
1462 5437 1557 5485 LII,
1592 5421 1678 5475 15.

1812 5421 1944 5478 Dan.
1977 5439 2070 5488 vu,
2101 5425 2154 5479 9.
2241 5424 2262 5455 ⁸
2294 5422 2417 5478 Ose.
2452 5440 2549 5486 xu,
2590 5424 2677 5477 ιι).
2769 5425 2788 5454 ⁸
2822 5422 3015 5477 Ezeclt.
3040 5438 3120 5486 ιιι,
3146 5422 3232 5485 12,
3262 5418 3352 5473 22.
