3810 6216
469 249 565 300 8H

1887 239 1943 295 S.
1985 239 2324 299 EPIPHANII

3604 243 3698 300 812

465 373 776 430 corpusque
811 372 997 414 verum
1044 372 1165 412 cum
1197 356 1416 413 ossibus
1445 371 1508 413 ac
1545 357 1728 414 nervis
1787 357 2035 428 reliquis-

2141 357 2411 429 ἀληθινῶς
2432 358 2526 412 σὺν
2555 356 2762 422 ὀστέοις
2783 357 2875 412 καὶ
2906 357 3117 427 νεύροις
3146 358 3237 410 καὶ
3267 361 3397 410 πᾶσι
3432 360 3546 418 τοῖς
3575 359 3702 426 ἠμε-

467 469 596 523 que,
619 468 739 522 quae
770 451 927 506 nobis
973 451 1162 506 insunt
1204 451 1478 514 omnibus,
1511 451 1647 504 nihil
1693 457 1752 504 ut
1795 466 1827 504 a
1876 453 2035 507 nobis

466 546 628 616 ipsis,
662 553 1021 614 praeterquam
1043 544 1330 600 excellenti
1359 544 1594 614 quadam
1635 543 1942 600 sanctitatis
1971 560 2034 600 ac

467 639 771 692 divinitatis
799 637 969 708 gloria
999 636 1290 706 discrepet,
1327 645 1439 690 tum
1467 636 1612 706 quod
1640 635 1944 691 sanctitatis
1971 651 2035 688 ac

465 733 691 804 justitiae
739 747 835 786 vas
874 731 962 784 sit.
997 729 1169 785 liabet
1201 739 1380 783 autem
1429 727 1609 781 omnia
1641 727 2035 797 perfectissime

470 815 608 882 citra
649 831 954 893 peccatum.
1001 819 1180 884 Quare
1227 819 1463 872 humana
1502 832 1687 872 revera
1730 825 1814 871 est
1855 817 2034 870 anima

470 913 750 982 praeditus,
801 910 1146 976 humanaque
1198 912 1420 959 mente:
1455 922 1566 959 non
1600 906 1746 976 quod
1795 915 2032 959 mentem

470 1002 788 1075 hypostasin
827 1016 948 1055 csse
985 1000 1254 1064 dicamus,
1306 1009 1364 1053 ut
1401 997 1668 1052 afﬁrmant
1703 997 1814 1050 alii.
1861 996 2034 1050 Caete-

467 1109 588 1148 rum
615 1092 759 1145 nulla
781 1089 987 1160 peccati
1013 1089 1338 1158 contagione
1366 1087 1601 1141 fcedatus
1623 1093 1726 1150 est,
1753 1099 2031 1155 nunquam

467 1202 530 1242 os
570 1185 716 1239 illius
755 1183 1040 1237 mentitum
1083 1189 1187 1243 est,
1239 1195 1414 1249 neque
1459 1179 1601 1232 labia
1635 1177 1818 1232 dolum
1852 1178 2033 1231 locuta

469 1276 662 1337 sunt’,
711 1287 807 1326 cor
855 1270 922 1324 ad
968 1270 1293 1324 irritandum
1346 1269 1509 1323 Deum
1559 1282 1667 1320 non
1705 1249 2032 1329 declinavit,

467 1385 621 1424 mens
645 1367 711 1421 ad
744 1382 828 1430 ea,
858 1381 977 1436 qua:
1007 1364 1161 1419 nefas
1195 1372 1299 1427 est,
1325 1377 1432 1416 non
1473 1359 1710 1425 deflexit,
1740 1373 1869 1414 caro
1898 1357 2032 1412 nihil

467 1474 682 1523 eorum,
719 1472 840 1527 quae
861 1457 926 1511 ad
959 1456 1139 1509 carnis
1164 1455 1489 1522 voluptatem
1523 1452 1814 1521 pertinent,
1859 1449 2033 1504 admi-

374 1608 382 1615 ,
469 1551 539 1605 sit
571 1569 583 1603 :
618 1549 760 1604 Deus
791 1549 859 1602 ah
887 1555 1089 1602 :cterno
1124 1547 1431 1616 perfectus;
1474 1545 1564 1613 qui
1603 1559 1734 1609 non,
1772 1549 1831 1596 ut
1857 1542 1911 1594 in
1941 1542 2035 1595 ho-

469 1640 612 1693 mine
633 1639 920 1700 habitaret,
964 1637 1198 1699 advenit,
1233 1635 1324 1689 sed
1353 1633 1588 1688 Verbum
1623 1633 1797 1701 ipsum
1857 1629 2032 1683 homi-

2135 451 2334 525 τέροις,
2383 451 2547 522 μηδὲν
2587 451 2680 521 ἀφ’
2715 451 2875 522 ἡμῶν
2919 451 3329 521 διηλλαγμένος,
3371 451 3406 521 ἦ
3461 452 3622 520 μόνον
3652 452 3704 502 τὸ

2137 541 2344 608 ἔνδοξον
2405 541 2505 612 τῆς
2559 541 2723 594 αὑτοῦ
2776 542 3062 612 ἁγιότητος
3125 542 3218 595 καὶ
3273 542 3558 609 θεότητος.
3623 544 3704 592 καὶ

2138 631 2363 694 σκεύους
2397 631 2707 702 ἁγιωσύνης
2736 632 2830 684 καὶ
2874 631 3235 703 δικαιοσύνης,
3268 633 3365 685 καὶ
3395 633 3703 702 ἀιθαμαῄο

2135 740 2242 786 τως
2266 722 2336 776 τά
2357 724 2534 778 πάντα
2558 724 2778 787 τελείως
2814 724 2973 794 ἔχων,
3001 725 3095 778 καὶ
3126 724 3376 794 ἐσχηκὼς
3410 724 3586 794 ψυχὴν

2136 814 2484 884 ἀνθρωπίνην
2509 817 2566 867 ἐν
2595 814 2843 885 ἀληθείᾳ,
2867 814 2992 868 νοῦν
3016 817 3106 870 τὸν
3136 814 3481 885 ἀνθρώπινον
3511 817 3567 866 ἐν
3589 814 3706 882 άλη-

2137 905 2276 976 θείᾳ,
2313 906 2410 975 οὐχ
2451 907 2528 969 ὡς
2559 905 2716 976 ἡμῶν
2755 906 3246 976 διαϐεϐαιουμένων
3286 904 3378 957 τὸν
3426 904 3551 956 νοῦν
3581 899 3703 956 εἶναι

2137 998 2456 1061 ὑπόστασιν,
2496 996 2681 1060 καθὼς
2721 996 2869 1052 ἄλλοι
2912 997 3149 1065 λέγουσι.
3201 995 3283 1048 Τὰ
3326 998 3509 1049 πάντα
3544 995 3600 1047 δὲ
3641 996 3702 1064 μὴ

2135 1089 2437 1160 χρανθέντα
2467 1089 2523 1142 ἐν
2558 1089 2823 1159 ἁμαρτίᾳ,
2851 1089 3022 1157 στόμα
3057 1087 3130 1159 μὴ
3163 1086 3531 1156 ψευσάμενον,
3566 1086 3702 1154 χεᾶη

2140 1181 2213 1250 μὴ
2243 1180 2550 1251 λαλήσαντα
2581 1180 2750 1244 δόλον,
2787 1179 3013 1250 καρδίαν
3056 1179 3130 1248 μὴ
3177 1178 3444 1231 κλίνασαν
3476 1178 3557 1238 εἰς
3597 1179 3704 1246 ἐρε-

2137 1270 2352 1341 θισμδν,
2393 1269 2516 1323 νοῦν
2551 1270 2624 1341 μὴ
2677 1270 3016 1340 ἐκτραπέντα
3054 1271 3134 1332 είς
3167 1268 3203 1323 ἃ.
3245 1270 3320 1340 μὴ
3373 1269 3506 1340 χρὴ,
3545 1271 3706 1338 σάρκα

2139 1361 2213 1432 μὴ
2237 1362 2304 1414 τὰ
2351 1361 2552 1432 σαρκὸς
2588 1361 2781 1431 ἡδονῆς
2818 1361 3228 1431 ἐργασαμένην.
3268 1360 3492 1421 Τέλειος
3521 1358 3706 1411 ἄνωθεν

2135 1449 2287 1515 Θεὸς,
2317 1450 2416 1501 οὐκ
2441 1448 2608 1501 ἐλθὼν
2639 1449 2962 1518 κατοικῆσαι
2992 1450 3050 1500 ὲν
3085 1448 3382 1520 ἀνθρώπῳ,
3416 1446 3534 1498 ἀλλ’
3565 1446 3707 1507 αὐτὸς

2134 1544 2162 1594 ὁ
2196 1540 2366 1609 Λόγος
2390 1539 2833 1612 ἐνανθρωπήσας,
2871 1541 2930 1592 οὐ
2965 1541 3196 1609 τραπεὶς
3228 1540 3330 1610 τὴν
3363 1539 3554 1606 φύσιν,
3586 1555 3708 1606 συμ-

2136 1630 2502 1702 περιειληφὼς
2527 1632 2642 1701 ἅμα
2667 1634 2733 1702 τῇ
2763 1631 2975 1700 θεότητι
2996 1631 3094 1701 τὴν
3123 1631 3257 1684 ίδίαν
3279 1629 3706 1700 ἐνανθρὼπησιν.

468 1739 589 1778 nem
633 1723 830 1790 induit,
864 1737 970 1775 non
1017 1729 1208 1775 natura
1258 1728 1546 1782 mutatum,
1593 1719 1683 1772 sed
1731 1731 1884 1780 eam,
1914 1731 2035 1785 quae

2152 1723 2237 1775 Ἐν
2271 1725 2451 1793 μήτρᾳ
2495 1721 2764 1793 παρθένου
2796 1722 3033 1790 γεγονὼς
3067 1725 3122 1775 ἐν
3152 1721 3404 1792 ἀληθείᾳ,
3455 1737 3708 1790 W91;-

468 1815 706 1869 homiuis
736 1813 955 1884 pr0pria
985 1821 1089 1876 εει,
1118 1826 1242 1866 cum
1271 1812 1552 1864 divinitate
1584 1808 1945 1878 complexum.
1974 1806 2032 1860 in

466 1905 695 1974 virginis
720 1911 878 1958 utero
898 1917 1085 1956 revera
1116 1902 1348 1970 genitus,
1382 1914 1445 1953 ac
1476 1915 1571 1968 per
1594 1897 1859 1967 genitales
1886 1910 2033 1949 mea-

468 2002 555 2047 tus
596 1993 648 2045 iu
682 1993 855 2046 lucem
887 1990 1086 2046 editus.
1117 1990 1235 2042 sine
1263 1988 1369 2041 ulla
1408 1986 1759 2055 turpitudine,
1792 1984 2035 2038 foeditate

469 2080 552 2134 vel
594 2079 732 2133 labe.
760 2077 890 2132 Post
928 2077 1042 2130 haec
1085 2074 1366 2137 educatus,
1405 2080 1566 2140 atque
1607 2086 1636 2123 a
1686 2071 1953 2140 Symeonc
1981 2076 2034 2122 et

463 2172 622 2223 Anna
680 2168 735 2222 in
795 2168 938 2222 ulnis
984 2173 1248 2235 gestatus,
1314 2179 1343 2216 a
1399 2163 1566 2215 Maria
1617 2168 1884 2231 portatus,
1935 2159 2035 2212 iter

470 2265 658 2327 postea
691 2255 919 2326 pedibus
959 2253 1214 2316 confecit,
1248 2253 1626 2322 peregrinatus
1663 2255 1768 2311 est,
1801 2246 1866 2301 ad
1906 2261 2036 2317 pue-

469 2347 648 2399 ritiam
686 2344 953 2415 pervenit,
977 2352 1134 2397 aetate
1160 2341 1547 2394 corroboratus
1581 2346 1685 2403 est,
1713 2338 1952 2391 humana
1980 2338 2032 2389 in

468 2454 528 2494 se
560 2439 741 2493 omnia
773 2435 1010 2507 perfecte
1042 2435 1250 2499 habuit,
1284 2447 1549 2487 annorum
1587 2444 1812 2484 numero
1837 2444 2035 2484 census

468 2537 574 2593 est,
625 2542 853 2582 numero
897 2525 1167 2580 mensium
1214 2525 1268 2577 in
1304 2521 1635 2593 prmgnantis
1662 2528 1818 2574 utero
1857 2528 2037 2588 gesta-

467 2632 578 2684 tus,
611 2619 789 2674 factus
818 2633 885 2673 ex
911 2617 1159 2679 muliere,
1189 2615 1363 2671 factus
1396 2615 1498 2669 sub
1532 2613 1706 2684 lege’.
1739 2611 1943 2667 Deinde
1969 2610 2036 2664 ad

467 2712 758 2767 Jordanem
789 2708 1069 2780 profectus
1098 2715 1202 2765 est.
1237 2706 1545 2774 ibidemque
1568 2719 1597 2756 a
1620 2701 1831 2758 Joanne
1861 2703 2036 2772 bapti-

449 2812 642 2870 _zatus,
685 2815 808 2855 cum
858 2799 1060 2854 lotione
1105 2798 1238 2852 nihil
1270 2797 1648 2867 opushaberet
1681 2814 1694 2850 :
1731 2793 1826 2850 sed
1856 2801 1914 2848 ut
1948 2809 2031 2859 ea,

467 2912 588 2967 qua:
629 2902 896 2963 susceptae
938 2891 1178 2946 hominis
1232 2897 1440 2943 naturae
1481 2895 1848 2942 consentanea
1885 2894 2035 2947 sunt,

470 2995 732 3051 servaret,
759 2985 985 3055 justitia:
1025 2984 1198 3052 legem
1234 2981 1558 3050 perturbare
1605 2980 1802 3041 noluit,
1842 2987 1897 3031 ut
1936 2979 2035 3032 im-

2142 1811 2256 1875 θεὶς
2289 1811 2375 1864 διὰ
2416 1812 2746 1883 γεννητικῶν
2796 1813 2975 1884 πόρων
3015 1813 3488 1884 ἀνεπαισχύντως,
3527 1811 3708 1882 duxis-

2134 1919 2270 1966 τως,
2323 1902 2660 1972 ἀμολύντως.
2705 1903 3102 1974 Ἀνατραφεὶς,
3155 1905 3250 1956 καὶ
3305 1904 3712 1972 ἐναγκαλισθεξ

2137 1995 2240 2048 ὑπό
2267 2012 2324 2047 τε
2370 1995 2655 2065 Συμεῶνος
2700 1997 2793 2048 καὶ
2822 1997 3040 2065 Ἀννης,
3092 1995 3426 2066 βασταχθεὶς
3460 1996 3569 2048 ὑπὸ
3605 1995 3710 2048 M2-

2139 2088 2276 2158 ρίας,
2305 2087 2592 2152 πεζεύσας,
2610 2087 2984 2158 ὁδοιπορήσας,
3016 2089 3225 2141 παιδίον
3247 2088 3523 2157 γεγονὼς,
3541 2087 3713 2157 ἅδρυν-

2136 2178 2248 2241 θεὶς
2271 2181 2337 2249 τῇ
2373 2179 2575 2250 ἡλικίᾳ,
2615 2180 2684 2233 τὰ
2734 2180 2910 2232 πάντα
2949 2179 3086 2250 ἔχων
3118 2183 3174 2233 ἐν
3206 2178 3390 2249 ἐαυτῷ
3433 2181 3499 2231 ἐν
3531 2179 3713 2232 τελειό-

2135 2285 2276 2339 τητι,
2308 2271 2363 2321 ἐν
2393 2269 2609 2340 ἀριθμῷ
2640 2270 2775 2322 ἐτῶν
2808 2269 2920 2340 (78)
2948 2269 3240 2338 λογισθεὶς,
3277 2271 3340 2322 ὲν
3373 2269 3603 2341 ἀριθμῷ
3626 2287 3713 2338 μη·

2136 2359 2242 2412 νῶν
2277 2362 2335 2412 ὲν
2385 2361 2567 2431 κοιλίᾳ
2614 2361 2990 2432 κυοφορηθεὶς.
3033 2362 3323 2431 γενόμενος
3372 2363 3488 2414 ὑπὸ
3545 2363 3709 2430 νόμον.

2137 2448 2304 2501 ἐλθὼν
2343 2450 2433 2501 ἐπὶ
2482 2450 2574 2503 τὸν
2620 2451 2911 2520 Ἰορδάνην,
2952 2451 3272 2520 βαπτισθεὶς
3314 2453 3428 2503 ὑπὸ
3477 2452 3711 2504 Ἰωάννου

2137 2542 2236 2594 οὐκ
2265 2541 2610 2609 ἐπιδεδμενος
2653 2542 2893 2614 λουτρῶν
2919 2559 2930 2572 '
2960 2543 3050 2596 διά
3083 2561 3140 2596 τε
3171 2543 3233 2596 τὸ
3276 2543 3587 2598 ἀκόλουθον
3629 2543 3710 2612 τῆς

2137 2633 2194 2683 ἐν
2238 2631 2386 2701 νόμῳ
2431 2631 2896 2702 ὲνανθρωπήσεως
2945 2633 3019 2704 μὴ
3066 2636 3358 2706 ταράσσων
3401 2635 3468 2686 τὸ
3499 2633 3708 2694 δίκαιον,

2136 2723 2282 2784 ὅπως
2317 2722 2600 2792 πληρωθῇ,
2631 2723 2705 2784 ὡς
2739 2723 2900 2786 αὐτὸς
2925 2723 3050 2794 ἔφη,
3080 2728 3229 2778 πᾶσα
3261 2725 3615 2794 δικαιοσύνη,
3639 2726 3708 2776 ἵνα

2136 2811 2282 2885 δείξῃ
2313 2812 2394 2864 ὅτι
2421 2809 2681 2882 ἀληθινὴν
2713 2811 2891 2882 σάρκα
2935 2813 3238 2876 ἐνεδύσατο,
3275 2812 3550 2882 ἀληθινὴν
3579 2816 3711 2866 ἐναν-

2138 2902 2436 2974 θρώπησιν.
2479 2903 2893 2972 Κατερχόμενος
2927 2905 3006 2967 είς
3040 2904 3106 2956 τὰ
3137 2904 3327 2969 ῦδατα,
3368 2904 3556 2968 διδοὺς
3584 2906 3708 2975 ἥπερ

2137 2992 2446 3062 λαμϐάνων,
2479 2993 2928 3063 παρερχόμενοςδ
2959 2995 3104 3065 ἢπερ
3135 2995 3521 3064 ἐπιδεόμενος,
3567 2999 3708 3064 φωτί-

471 3081 729 3150 pleretur,
759 3044 1231 3146 'quemadmodum
1285 3074 1402 3142 ipse
1455 3072 1617 3135 dicit,
1657 3070 1835 3124 omnis
1877 3069 2035 3138 justi-

2177 3044 2222 3062 κ,
2294 3044 2301 3046 -
2381 3044 2446 3057 κ,
2531 3044 2571 3062 ν.
2629 3044 2741 3063 .,..
2966 3044 3096 3065 -,---,κ
3139 3044 3521 3064 -ὴ-κ--τ---ν
3574 3044 3666 3064 ,π-

2141 3081 2246 3146 ςων
2271 3082 2430 3148 αὐτὰ,
2464 3082 2775 3153 ἐνδυναμῶν
2807 3084 2945 3136 αὐτά
2972 3087 3051 3145 είς
3083 3084 3250 3138 τύπον
3278 3085 3390 3137 τῶν
3420 3085 3710 3155 μελλόντων

473 3171 547 3223 tia
568 3170 612 3234 ³,
663 3177 823 3237 atque
864 3180 1047 3220 veram
1093 3179 1122 3218 a
1173 3178 1232 3218 se
1263 3177 1484 3218 carnem
1518 3177 1810 3232 veramque
1853 3162 2030 3216 homi-

471 3259 557 3314 nis
596 3265 845 3310 naturam
891 3261 1198 3323 susceptam
1233 3267 1354 3306 esse
1389 3259 1739 3306 monstraret.
1773 3250 1938 3320 Igitur
1967 3251 2031 3303 ad

474 3365 645 3420 aquas
691 3347 1003 3410 descendit,
1056 3347 1131 3398 ita
1178 3351 1359 3396 tamen
1407 3351 1466 3394 ut
1516 3342 1788 3397 conferret
1833 3342 2034 3410 aliquid

471 3447 654 3515 potius
693 3456 855 3512 quam
889 3437 1160 3508 acciperet
1188 3479 1201 3502 ,
1231 3435 1519 3506 largiretur
1561 3435 1734 3503 magis
1767 3449 1928 3503 quam
1959 3434 2035 3488 rei

473 3535 777 3606 cujuspiam
825 3531 1088 3599 indigeret
1127 3547 1138 3583 :
1180 3529 1379 3598 quippe
1429 3529 1645 3581 easdem
1695 3527 1816 3580 illas
1867 3541 2037 3597 aquas

474 3642 572 3682 sua
621 3627 739 3679 luce
795 3620 1155 3701 collustravit,
1179 3627 1232 3673 et
1269 3618 1336 3672 ad
1384 3633 1594 3679 eorum,
1641 3633 1762 3686 quae
1813 3616 1866 3670 iu
1917 3633 2037 3672 sese

475 3714 802 3786 perﬁcienda
833 3722 1009 3776 erant,
1049 3710 1477 3774 adumbrandam
1505 3710 1813 3778 imaginem,
1846 3724 2036 3778 quam-

475 3806 598 3860 dam
633 3804 740 3858 vim
783 3802 888 3856 illis
935 3799 1216 3869 impertiit,
1246 3805 1306 3851 ut
1341 3797 1432 3866 qui
1473 3798 1575 3865 ipsi
1615 3811 1800 3850 revera
1851 3797 2039 3851 crede—

478 3906 597 3954 rent
641 3911 703 3952 ac
746 3895 989 3950 veritatis
1014 3899 1197 3948 essent
1242 3891 1345 3945 fide
1377 3890 1606 3960 praediti,
1655 3890 2038 3960 intelligerent,

478 4005 584 4043 non
623 3989 774 4042 illum
809 3985 931 4040 ficte
957 3985 1248 4053 humanam
1278 3979 1520 4035 induisse
1547 3987 1820 4043 naturam,
1865 3996 2042 4050 neque

477 4082 598 4133 ficte
630 4094 752 4134 esse
789 4075 945 4146 aquis
977 4075 1301 4138 intinctum;
1363 4072 1658 4140 eademque
1709 4079 1763 4126 et
1810 4071 1912 4140 ipsi
1959 4087 2040 4126 ra-

2140 3176 2198 3226 ἐν
2231 3173 2378 3243 αὐτῷ
2418 3173 2773 3237 τελειοῦσθαι,
2803 3176 2950 3237 ὅπως
3001 3176 3050 3228 οἱ
3096 3175 3244 3245 αὐτῷ
3299 3177 3710 3239 πεπιστευκότες

2141 3267 2198 3318 ὲν
2233 3266 2476 3336 ἀληθείᾳ,
2519 3266 2614 3318 καὶ
2660 3266 2872 3335 ἔχοντες
2903 3267 3001 3337 τὴν
3057 3268 3242 3320 πίστιν
3291 3269 3397 3339 τῆς
3448 3269 3707 3338 ἀληθείας,

2147 3358 2387 3428 μάθωσιν
2415 3362 2497 3412 ὅτι
2526 3359 2794 3429 ἀληθινῶς
2823 3361 3264 3434 ἐνηνθρώπησεν,
3300 3364 3576 3434 ἀληθινῶς
3602 3365 3710 3417 ἐϐα-

2145 3448 2363 3518 πτίσθη,
2401 3451 2495 3503 καὶ
2517 3450 2688 3515 οὕτως
2718 3451 2804 3504 διὰ
2833 3451 2932 3520 τῆς
2955 3452 3117 3506 αὐτοῦ
3153 3455 3614 3522 συγκαταθέσεως
3635 3458 3708 3507 ni

2143 3540 2296 3592 αὐτοὶ
2330 3541 2633 3612 ἐρχόμενοι,
2666 3543 2872 3596 λάϐωσι
2909 3545 3010 3614 τῆς
3036 3545 3199 3598 αὑτοῦ
3241 3547 3604 3611 καταϐάσεως
3630 3549 3712 3617 τὴν

2141 3629 2386 3700 δύναμιν,
2413 3633 2505 3684 καὶ
2530 3634 2870 3702 φωτισθῶσιν
2895 3635 3002 3689 ἀπὸ
3023 3637 3120 3706 τῆς
3145 3637 3310 3691 αὑτοῦ
3337 3641 3707 3708 φωταγωγξας,

2145 3721 2519 3793 πληρουμένου
2553 3725 2646 3777 τοῦ
2679 3727 2737 3778 ἐν
2767 3725 2843 3796 τῷ
2880 3730 3134 3802 προφήτῃ
3167 3729 3336 3801 ῥητοῦ
3363 3748 3378 3762 ο
3409 3732 3508 3793 Εἰς
3540 3733 3711 3801 μεταλ-

2146 3813 2316 3883 λαγὴν
2338 3815 2637 3886 δυνάμεως,
2652 3819 2731 3881 εἰς
2755 3819 2998 3891 παροχὴν
3013 3823 3286 3892 σωτηρίας
3309 3823 3412 3892 τῆς
3424 3824 3708 3892 δυνάμεως.

2148 3903 2226 3963 εἰς
2257 3905 2504 3974 παροχὴν
2538 3908 2808 3976 σωτηρίας
2839 3911 2936 3979 τῆς
2967 3910 3246 3981 δυνάμεως
3291 3912 3391 3965 τοῦ
3431 3915 3599 3984 ἄρτου
3624 3914 3713 3967 ἀπὸ

2145 3995 2243 4134 τὲς
2284 3994 2635 4069 Ἰερουσαλὴμ
2672 3998 3104 4073 λαμϐανομένης,
3138 4006 3231 4057 καὶ
3274 4005 3378 4074 τῆς
3426 4008 3610 4076 ἰσχύος
3635 4005 3710 4058 τοῦ

2147 4099 2176 4134 υ
2210 4101 2354 4134 avoc.

2147 4099 2354 4147 υοατος.

476 4175 622 4229 tione
649 4189 742 4242 per
787 4187 928 4235 eam,
963 4186 1123 4240 quam
1150 4170 1238 4223 ille
1267 4184 1374 4238 prae
1403 4185 1460 4224 se
1488 4169 1703 4234 tulerat,
1734 4174 2286 4232 accommodationem
2311 4181 2654 4248 accedentes,
2693 4186 2907 4257 1098
2939 4187 3165 4242 inditam
3195 4189 3344 4246 illius
3370 4191 3710 4248 descensione

479 4268 582 4322 vim
641 4267 694 4320 in
762 4279 884 4320 sese
945 4262 1281 4317 transferant
1325 4260 1676 4330 ejusdemque
1743 4262 1863 4317 luce
1927 4266 2345 4333 perfundantur,
2408 4288 2518 4343 quo
2587 4276 2963 4346 prOpheticum
3006 4280 3296 4349 impleatur
3359 4285 3642 4338 oraculum
3696 4304 3707 4338 ;

478 4358 554 4411 Ad
586 4356 974 4412 immutandam
1023 4355 1281 4408 virtutem
1328 4355 1832 4427 conciliandamque
1880 4360 2110 4416 salutem
2151 4379 2215 4416 ex
2248 4365 2337 4418 illa
2380 4369 2537 4436 panis
2569 4369 2790 4436 virtute,
2815 4388 2936 4443 quae
2965 4374 3031 4427 ab
3061 4373 3404 4431 Hierusalem
3439 4380 3706 4449 accipitur,

481 4465 856 4518 aquarumque
893 4449 966 4500 vi.

546 4542 686 4597 XVI.
757 4542 854 4596 Hic
901 4544 1044 4598 enim
1093 4544 1145 4597 in
1193 4545 1413 4600 Christo
1459 4549 1612 4615 panis
1655 4547 1828 4604 virtus
1863 4565 1926 4605 ac
1957 4551 2035 4606 vis

2215 4555 2330 4621 1-5;".
2379 4557 2641 4611 Ἐνταῦθα
2670 4559 2724 4611 δὲ
2752 4561 2807 4611 ἐν
2833 4561 3048 4632 Χριστῷ
3075 4564 3609 4634 ίσχυροποιουμένων
3631 4568 3710 4635 τῆς

481 4650 636 4706 aqua:
656 4635 1062 4699 corroboratur,
1091 4643 1148 4688 ιιι
1177 4653 1283 4689 non
1316 4639 1473 4706 panis
1498 4640 1613 4708 ipse
1643 4640 1713 4694 sit
1743 4642 1903 4697 nobis
1928 4643 2040 4697 vir-

480 4737 594 4794 tus,
634 4730 727 4783 sed
770 4728 942 4781 virtus
976 4742 1004 4779 a
1054 4743 1191 4796 pane
1236 4729 1499 4794 profecta.
1529 4730 1605 4785 Ac
1629 4732 1784 4787 cibus
1826 4735 2043 4802 quidem

481 4829 670 4877 noster
699 4820 857 4891 panis
881 4828 987 4882 est,
1019 4820 1112 4874 sed
1145 4821 1197 4874 in
1229 4823 1346 4890 ipso
1374 4823 1556 4877 vitalis
1591 4826 1836 4893 quaedam
1870 4827 2043 4883 virtus

479 4912 811 4967 continetur.
841 4909 1025 4981 Neque
1059 4911 1110 4965 id
1142 4913 1317 4966 solum
1347 4921 1524 4969 actum
1553 4925 1656 4981 est,
1700 4925 1758 4970 ut
1786 4934 1886 4974 nos
1904 4935 2044 4989 aqua

481 5007 818 5070 repurgaret,
849 5000 941 5056 sed
971 5012 1028 5054 ut
1049 5017 1202 5070 aqua:
1228 5003 1277 5056 vi
1304 5019 1399 5072 per
1431 5005 1587 5060 ﬁdem
1619 5014 1673 5060 et
1705 5009 1972 5064 actionem
1992 5019 2045 5065 et

477 5106 630 5159 spem
665 5106 728 5144 ac
778 5091 1158 5161 mysteriorum
1189 5092 1545 5169 initiationem
1585 5103 1633 5150 et
1667 5099 2042 5153 consecratio-

478 5182 563 5236 nis
590 5183 1028 5252 appellationem,
1061 5183 1127 5237 ad
1168 5183 1462 5252 perfectam
1495 5188 1908 5258 absolutamque
1953 5206 2043 5246 sa—

555 5341 571 5371 ¹
615 5338 635 5391 1
669 5339 785 5395 Pet.
815 5356 875 5402 ll,
907 5338 994 5392 22.
1075 5341 1093 5370 ¹
1135 5338 1252 5393 Gal.
1291 5357 1363 5404 ιν,
1404 5343 1454 5395 4.
1536 5343 1555 5373 ³
1598 5343 1783 5399 Matth.
1824 5362 1903 5409 ιιι,
1940 5347 2021 5400 15.

551 5492 661 5560 (78)
702 5490 1049 5560 Ἐινὰριθμῷ
1074 5491 1241 5557 ἐτῶν,
1277 5504 1384 5551 ειε.
1431 5495 1685 5551 Petavius
1710 5497 1887 5552 locum
1915 5500 2036 5554 red-

446 5594 447 5597 η
483 5560 591 5617 dit,
627 5577 880 5632 armorum
925 5565 1276 5632 mensiumque
1318 5581 1530 5618 numero
1591 5583 1772 5620 census
1816 5578 1891 5622 est
1926 5585 1942 5622 :
1981 5571 2035 5623 in

485 5631 800 5694 m'it‘qnunlis
828 5641 973 5683 utero
998 5631 1247 5700 gestatus.
1274 5632 1495 5690 Rectius
1531 5634 1764 5692 fortasse
1789 5638 2038 5694 reddere-

2153 4645 2431 4716 δυνάμεως
2464 4650 2556 4701 τοῦ
2581 4651 2744 4719 ἄρτου
2773 4653 2865 4705 καὶ
2902 4653 3000 4724 τῆς
3040 4653 3226 4717 ῦδατος
3266 4656 3475 4725 ἰσχύος,
3513 4659 3599 4710 ἵνα
3631 4661 3708 4710 οἰκ

2154 4739 2314 4807 ἄρτος
2358 4739 2486 4808 ἡμῖν
2519 4741 2740 4811 γένηται
2786 4742 3030 4815 δύναμις,
3080 4745 3214 4798 ἀλλὰ
3244 4746 3479 4818 δύναμις
3528 4750 3704 4817 ἄρτον

2155 4831 2246 4882 καὶ
2290 4829 2490 4900 βρῶσις
2521 4833 2617 4901 μὲν
2663 4836 2691 4885 ὁ
2724 4833 2960 4905 ἄρτος,ἡ
3004 4835 3058 4887 δέ
3091 4835 3322 4906 δύναμις
3357 4839 3419 4890 ἐν
3460 4840 3610 4910 αὐτῷ
3647 4843 3708 4900 εἰς

2154 4920 2498 4991 ζωογόνησιν.
2541 4924 2649 4974 Καὶ
2684 4925 2780 4992 οὐχ
2819 4925 2906 4976 ἴνα
2929 4924 2990 4976 τὸ
3021 4925 3160 4997 ὕδωρ
3200 4928 3340 4996 ἡμᾶς
3390 4929 3604 5001 καθάρῃ
3631 4929 3706 4997 μό-

2151 5029 2259 5076 νον,
2294 5012 2404 5064 ἀλλ⁹
2431 5013 2515 5065 ἵνα
2541 5014 2596 5066 ἐν
2620 5016 2684 5084 τῇ
2719 5014 2862 5084 ίσχύϊ
2898 5014 2992 5068 τοῦ
3023 5015 3213 5080 ὓδατος
3239 5018 3328 5070 διὰ
3364 5019 3469 5088 τῆς
3499 5021 3704 5079 πίστεως

2151 5103 2242 5155 καὶ
2281 5104 2562 5174 ἐνεργείας
2602 5105 2695 5156 καὶ
2741 5105 2951 5168 ἐλπίδος
3007 5107 3102 5159 καὶ
3150 5111 3474 5181 μυστηρίων
3520 5110 3704 5163 τελειώ-

2153 5196 2413 5258 σεως,καὶ
2439 5196 2730 5266 ὀνομασίας
2755 5197 2853 5266 τῆς
2877 5198 3213 5265 ἀγιαστεὶας,
3236 5199 3463 5272 γένηται
3497 5204 3620 5272 {Mdv
3643 5202 3703 5261 εἰς

2102 5348 2122 5378 ⁸
2153 5346 2214 5402 F.
2248 5351 2636 5421 παρεχόμενος.

2146 5512 2234 5584 tur
2269 5503 2423 5559 locus
2472 5504 2593 5583 ille,
2641 5521 3162 5584 annorunt_numero
3203 5527 3394 5566 census
3441 5522 3548 5574 est;
3580 5525 3694 5564 mra-

2145 5579 2280 5626 sium
2316 5590 2529 5628 numero
2556 5579 2610 5626 in
2640 5579 2960 5649 prwgnantis
2993 5589 3166 5644 utero,
3203 5588 3313 5635 etc.
