3810 6216
128 247 215 303 8Ιό
640 237 1008 304 Αυνειιευε
1045 189 1384 312 ngERESE'S
1425 239 1550 294 LIB.
1594 239 1643 292 lli

1751 237 1882 292 'OM.
1924 235 2060 292 ll.——-
2083 237 2446 294 EXPOSITIO
2487 237 2688 295 FlDl'ZI.

3218 237 3326 298 ΒΜ

127 356 364 412 τελείωσιν
417 351 704 421 σωτηρίας.
766 353 1024 406 Ἀνελθὼν
1072 355 1178 408 ἀπὸ
1220 354 1311 408 τοῦ
1366 355 1643 426 Ἰορδάνου,

1760 355 1928 407 lutem
1969 353 2130 408 nobis
2153 353 2286 424 ipsis
2317 354 2584 408 conferat.
2621 353 2763 423 Ergo
2791 353 3045 408 Christus
3075 353 3324 408 ascendit

125 446 303 502 ἀκούων
326 441 499 512 φωνὴν
530 443 741 514 [ἰατρὸς
765 445 842 506 είς
871 445 1040 516 ἀκοὴν
1062 447 1342 517 παρόντων
1373 446 1651 517 μαθητῶν,

125 543 188 602 εἰς
209 537 260 589 τὸ
283 532 542 596 ὑποδεῖξαι
573 533 657 596 τίς
683 535 711 586 ό
743 537 1206 606 μαρτυρούμενος,
1233 539 1326 591 καὶ
1355 537 1448 610 τος)
1495 538 1650 606 ἁγίου

125 625 398 696 Πνεύματος
429 624 485 674 ἐν
517 622 644 686 εἴδει
675 628 1004 696 περιστερᾶς
1030 629 1448 699 κατερχομένου,
1483 628 1652 682 καθά-

125 737 208 789 περ
256 719 307 770 ἐν
344 715 560 777 πολλαῖς
588 717 862 786 αἱρέσεσιν
905 719 1222 789 εἰρήκαμεν,
1259 720 1344 772 ἵνα
1394 719 1468 790 μὴ
1529 734 1652 770 συν-

119 807 285 879 ἀλοιφὴ
325 810 356 878 ή
398 805 567 878 Τριάς
605 809 907 878 νομισθείη,
939 812 1506 881 σχηματοποιουμὲνου
1554 813 1648 864 τοῦ

121 902 395 970 Πνεύματος
445 899 502 952 ἐν
549 899 654 972 ἰδίᾳ
702 901 996 954 ὑποστάσει
1022 918 1034 930 ·
1085 901 1540 972 ἐπικαθεςομένου
1590 902 1647 955 δὲ

117 993 193 1046 τοῦ
233 989 531 1058 Πνεύματος
579 989 673 1041 καὶ
709 990 1003 1060 ἐρχομένου
1035 991 1120 1042 ἐπ’
1159 989 1344 1055 αὑτὸν,
1376 990 1463 1041 ἵνα
1507 989 1645 1058 ὀφθῇ

117 1087 139 1135 ὁ
183 1077 625 1152 μαρτυρούμενος·
663 1079 751 1134 ἵνα
797 1079 934 1151 σὰρξ
965 1083 998 1150 ἡ
1043 1081 1172 1148 ἁγία.
1215 1079 1340 1150 φίλη
1390 1076 1523 1132 οὖσα
1555 1081 1649 1132 καὶ

117 1171 463 1241 εὐδοκουμὲνη,
517 1170 620 1222 ὑπὸ
657 1171 752 1223 τοῦ
790 1171 1003 1242 Πατρὸς
1050 1172 1144 1223 καὶ
1195 1170 1285 1223 τοῦ
1331 1171 1646 1240 Πνεύματος

118 1261 452 1334 μαρτυρηθείη
471 1277 486 1293 ο
519 1263 606 1315 ἵνα
627 1263 656 1314 ὁ
685 1261 872 1332 Πατὴρ
895 1261 1188 1332 εὐδοκητὴς
1223 1261 1519 1331 κηρυχθείη
1550 1262 1647 1332 τῆς

117 1351 190 1404 τοῦ
217 1348 332 1402 Υίοῦ
376 1350 636 1420 ἐνσάρκου
685 1351 1011 1420 παρουσίας·
1046 1351 1132 1403 ἵνα
1164 1353 1192 1402 ὁ
1221 1349 1349 1412 Υἱὸς
1397 1349 1647 1420 ἀληθινὸς

114 1443 294 1512 ὀφθείη,
325 1441 414 1494 καὶ
438 1440 700 1512 πληρώσῃ
725 1442 786 1494 τὸ
809 1442 1095 1514 εἰρημένον
1111 1458 1122 1471 ·
1147 1441 1257 1494 Kal
1279 1445 1430 1510 μετὰ
1461 1440 1646 1494 ταῦτα

114 1533 194 1586 ἐπὶ
218 1531 316 1600 τῆς
349 1527 458 1600 γῆς
486 1531 672 1599 ὤφθη,
703 1532 802 1585 καὶ
831 1532 982 1601 μετὰ
1009 1531 1127 1584 τῶν
1147 1533 1472 1600 ἀνθρώπων
1497 1549 1647 1588 συν-

113 1621 441 1692 ίινεστράςεη·
463 1621 698 1676 ἀνελθὼν
711 1623 817 1676 ἀπὸ
831 1623 922 1676 τοῦ
940 1624 1224 1694 Ἰορδάνου,
1244 1625 1338 1676 καὶ
1352 1624 1534 1694 σαφῶς
1551 1625 1644 1678 καὶ

1757 463 1788 499 e
1819 443 2077 512 Iordane,
2109 460 2294 500 vocem
2337 444 2518 498 Patris
2555 444 2748 506 audiit,
2788 461 2949 512 quam
2980 453 3032 498 et
3068 443 3322 513 discipuli

1755 537 1848 606 qui
1883 536 2136 600 aderant,
2169 537 2481 600 audierunt,
2519 547 2577 590 ut
2605 537 2726 605 quis
2763 536 2854 590 ille
2882 535 3020 590 foret
3048 537 3138 591 cui
3167 537 3322 592 testi-

1755 628 1998 682 monium
2025 629 2156 682 illud
2189 629 2542 698 praeberetur,
2579 636 2970 698 agnoscerent;
3009 635 3124 681 tum
3155 628 3318 682 etiam

1755 720 1992 790 Spiritus
2051 729 2274 775 sanctus
2323 720 2587 774 columbae
2638 719 2816 788 specie
2870 718 3126 788 delapsus
3172 721 3319 779 est‘,

1755 811 2210 880 quemadmodum
2245 811 2298 864 in
2322 812 2612 864 multarum
2635 810 2912 864 haereseon
2945 809 3316 864 conl‘utatione

1751 899 2004 955 diximus.
2065 901 2144 956 Ac
2187 917 2254 955 ne
2315 900 2555 956 Trinitas
2596 900 2712 969 ipsa
2767 900 2818 952 in
2867 915 3034 952 unum
3103 899 3319 952 redacta

1752 991 2092 1060 confusaque
2119 992 2454 1054 crederetur,
2482 989 2720 1060 Spiritus
2756 991 2970 1058 propria
3003 989 3054 1041 in
3085 1003 3301 1058 person;

1751 1080 1977 1151 ﬁguram
2013 1082 2158 1134 illam
2191 1081 2391 1143 induit,
2434 1090 2487 1134 et
2516 1097 2680 1150 super
2720 1081 2870 1134 illum
2905 1079 3124 1142 resedit,
3153 1093 3300 1146 sequ.

1747 1172 1801 1226 in
1844 1173 2018 1239 ipsum
2055 1157 2402 1236 insinuavit;
2444 1179 2502 1224 ut
2545 1171 2594 1223 is
2637 1171 2724 1223 cui
2773 1171 3142 1223 testimonium
3184 1169 3316 1222 illud

1749 1262 2164 1332 suil'ragabatur,
2180 1264 2516 1332 conspicuus
2535 1271 2702 1323 esset,
2726 1269 2890 1330 utque
2909 1267 3316 1315 sacrosanctam

1749 1355 1898 1408 illam
1931 1369 2150 1408 carnem
2182 1355 2408 1407 amicam
2471 1369 2593 1407 esse
2627 1352 2842 1422 Deoque
2873 1353 3102 1420 placere,
3135 1349 3314 1404 Patris

1748 1459 1811 1498 ac
1834 1443 2072 1514 Spiritus
2106 1444 2428 1497 auctoritate
2464 1452 2772 1505 constaret;
2795 1443 3004 1496 utillud
3036 1441 3314 1511 praedicari

1747 1538 1922 1606 palam
1965 1545 2190 1605 posset,
2223 1536 2654 1590 incarnationem
2697 1533 2816 1588 Filii
2852 1533 3064 1588 volente
3095 1549 3156 1586 ac
3193 1547 3319 1602 pro-

1745 1629 1906 1682 bante
1940 1627 2100 1682 Patre
2139 1643 2262 1682 esse
2307 1627 2645 1698 perfectam;
2690 1640 2751 1678 ac
2794 1624 3028 1694 denique
3063 1639 3225 1678 verus
3259 1632 3319 1676 ut

113 1712 344 1782 ἀληθινῶς
375 1713 483 1766 ἀπὸ
511 1713 604 1766 τοῦ
627 1713 868 1766 διαϐόλου
899 1715 1208 1785 πειρασθεὶς
1238 1718 1294 1768 ἐν
1335 1719 1400 1786 τῇ
1434 1717 1643 1786 ἐρήμῳ,

1751 1729 2033 1790 appareret
2063 1718 2258 1785 Filius,
2294 1727 2347 1775 et
2378 1719 2512 1772 illud
2556 1717 2833 1788 pr0phetae
2873 1716 3188 1770 vaticinium
3223 1731 3319 1768 ex-

113 1805 189 1855 )εαί
203 1803 447 1866 πεινάσας
475 1802 699 1875 ὕστερον
720 1803 806 1856 διὰ
824 1805 921 1874 τὴν
942 1804 1262 1859 ἀκολουθίαν
1279 1807 1370 1858 καὶ
1388 1806 1642 1876 ἀλήθειαν

109 1897 191 1966 τῆς
215 1895 462 1964 ἐνσάρκου
493 1895 790 1964 παρουσίας
808 1907 823 1923 ⁶
847 1896 941 1948 καὶ
963 1896 1345 1967 ἐπιλεξάμενος
1376 1896 1639 1967 μαθητὰς,

109 1986 187 2039 καὶ
227 1984 454 2056 κηρύξας
478 1984 752 2056 ἀλήθειαν,
783 1987 874 2039 καὶ
901 1988 1187 2059 ἰασάμενος
1217 1987 1285 2040 τὰ
1306 1986 1475 2058 πάθη,
1506 1987 1643 2040 καθ-

109 2077 333 2146 ευδήσας,
383 2077 663 2141 πεινάσας,
701 2077 1077 2148 ὁδοιπορήσας,
1118 2077 1442 2146 θεοσημείας
1481 2079 1644 2154 ἐργα-

111 2168 330 2238 σάμενος,
356 2170 582 2238 νεκροὺς
605 2168 844 2238 ἐγείρας,
870 2169 1088 2238 τυφλοῖς
1111 2169 1172 2221 τὸ
1215 2168 1429 2238 βλέπειν
1463 2185 1642 2237 παρα-

109 2259 356 2328 σχόμενος,
385 2259 591 2328 χωλοὺς
616 2259 708 2313 καὶ
747 2259 1148 2330 παραλυτικοὺς
1186 2261 1604 2330 ίσχυροποιήσας
1626 2277 1638 2290 ·

107 2354 170 2418 ὡς
203 2354 416 2425 ἐκήρυξε
451 2355 562 2425 (79)
604 2355 662 2408 τδ
690 2355 1039 2430 Εὑαγγέλιον,
1079 2357 1176 2424 τὴν
1227 2355 1506 2426 ἀλήθειαν.
1546 2354 1644 2424 τὴν

109 2441 351 2512 βασιλείαν
369 2444 478 2498 τῶν
505 2445 766 2514 οὐρανῶν,
800 2446 898 2516 τὴν
925 2445 1087 2498 αὐτοῦ
1115 2445 1522 2516 φιλανθρωπίαν
1553 2444 1643 2497 καὶ

107 2535 184 2589 τοῦ
207 2536 398 2608 [ἰατρὸς
423 2538 520 2589 καὶ
547 2535 641 2588 τοῦ
668 2536 822 2605 ἁγίου
852 2536 992 2589 Πνεύ
1002 2554 1189 2607 ματος.

1751 1813 1962 1882 ploret:
1998 1810 2066 1864 Et
2089 1821 2204 1880 post
2233 1811 2342 1863 haec
2364 1812 2418 1863 in
2447 1821 2586 1864 terra
2625 1811 2762 1862 visus
2786 1818 2882 1874 est,
2919 1819 2965 1861 et
2999 1824 3115 1860 cum
3150 1807 3319 1859 homi-

1749 1903 1898 1958 nibus
1941 1912 2274 1956 conversatus
2303 1912 2378 1956 est
2401 1905 2443 1956 '.
2490 1900 2658 1972 Igitur
2697 1917 2727 1954 e
2763 1899 2998 1954 Jordane
3043 1900 3319 1969 digressus

1750 2001 1898 2050 certo
1919 1979 2152 2064 vereque
2178 2010 2208 2047 a
2235 1993 2451 2048 diabolo
2481 1994 2536 2046 in
2567 1993 2782 2047 deserto
2815 1999 3052 2046 tentatus
3075 1999 3159 2045 est
3177 1991 3231 2056 ³;
3263 1999 3319 2045 et

1749 2085 2154 2154 postjejunium
2177 2085 2392 2148 esuriit,
2420 2091 2499 2147 ut,
2520 2081 2664 2152 quod
2697 2097 2838 2136 verte
2867 2082 3020 2136 carui
3047 2091 3316 2150 susceptae

1751 2184 2174 2230 consentaneum
2223 2181 2324 2238 est,
2359 2173 2704 2243 exprimeret.
2749 2171 3062 2226 Secundum
3090 2172 3206 2225 haec
3235 2172 3320 2224 di-

1753 2265 1994 2334 scipulos
2022 2264 2222 2334 elegit,
2263 2263 2548 2318 veritatem
2597 2262 2942 2331 praedicavit,
2971 2259 3321 2332 aegritudines

1758 2357 1991 2420 sanavit,
2034 2357 2276 2422 dormiit,
2301 2354 2515 2416 esuriit,
2548 2355 2650 2408 iter
2691 2353 2838 2419 fecit,
2869 2353 3050 2407 divina
3075 2353 3319 2424 prodigia

1751 2433 2011 2516 patravit,
2040 2453 2288 2499 mortuos
2320 2443 2596 2506 excitavit,
2634 2445 2792 2498 caecis
2817 2443 2990 2500 visum
3022 2459 3322 2513 repracsen-

1760 2535 1923 2598 tavit,
1951 2534 2159 2588 claudis
2179 2543 2232 2588 ct
2263 2534 2576 2604 paralyticis
2607 2535 2750 2589 vires
2782 2535 3038 2600 restituit,
3071 2535 3324 2604 quemad-

107 2629 298 2684 modum
343 2628 720 2699 Evangelium,
762 2633 1067 2694 veritatem,
1115 2630 1338 2685 caeleste
1389 2643 1634 2700 regnum,
1687 2643 1751 2683 ac
1785 2643 1910 2683 cum
1953 2627 2130 2697 ipsius
2179 2625 2303 2681 Filii
2349 2635 2464 2680 tum
2541 2626 2720 2681 Patris
2764 2643 2827 2681 ac
2861 2627 3098 2696 Spiritus
3144 2627 3321 2682 sancti

111 2733 219 2786 erga
239 2717 481 2772 homines
508 2733 746 2773 amorem
780 2719 1114 2788 praedicavit.

162 2807 250 2860 lZ'.
295 2808 350 2860 Ὀ
377 2809 520 2878 ὑπὲρ
550 2808 704 2878 ἡμῶν
733 2811 794 2862 τὸ
822 2809 992 2872 πάθος
1024 2799 1315 2882 ὑπομείνας
1341 2813 1397 2864 ἐν
1419 2812 1644 2882 ἀληθείᾳ

107 2901 156 2950 ἐν
183 2900 330 2970 σαρκὶ
370 2900 464 2952 καὶ
497 2901 553 2952 ἐν
578 2903 643 2970 τῇ
675 2901 856 2972 τελείᾳ.
893 2901 1319 2974 ἐνανθρωπήσει,
1354 2903 1538 2957 παθὼν
1584 2906 1643 2956 ἐν

1825 2809 2038 2879 1099
2057 2807 2216 2863 XVII.
2251 2809 2393 2862 ldcm
2427 2809 2514 2862 ille
2540 2823 2700 2878 porro
2715 2823 2898 2863 revera
2919 2809 3228 2878 passionem
3263 2809 3318 2863 in

1750 2916 1848 2956 sua
1873 2915 2040 2956 carne
2064 2908 2116 2955 et
2145 2899 2381 2970 perfecta
2399 2899 2636 2953 hominis
2664 2907 2854 2952 natura
2874 2899 3128 2952 sustinuit
3151 2917 3164 2961 ;
3195 2913 3322 2954 vere

107 2989 302 3060 ἀληθείᾳ
329 2991 418 3043 ἐπὶ
445 2989 542 3043 τοῦ
575 2991 828 3062 σταυροῦ,
871 2992 1132 3062 συνούσης
1169 2994 1314 3064 αὐτῷ
1341 2996 1436 3064 τῆς
1460 2995 1636 3066 θεότη-

1751 2989 1805 3043 in
1833 3005 1995 3044 cruce
2033 3005 2227 3058 passus
2255 2997 2372 3055 est,
2410 2991 2484 3044 ita
2514 2989 2751 3058 quidem,
2778 2997 2836 3040 ut
2867 2989 2922 3042 in
2966 3004 3031 3042 eo
3063 2987 3317 3044 divinitas

107 3094 197 3140 τος,
225 3077 330 3130 ἀλλ’
363 3081 421 3132 οὐ
452 3079 753 3150 τραπείσης
785 3081 863 3144 εἰς
883 3081 942 3133 τὸ
963 3082 1207 3151 πάσχειν,
1237 3081 1402 3154 οὔσης
1425 3083 1482 3136 δὲ
1503 3086 1646 3137 ἁπα-

107 3169 210 3232 θοῦς
238 3171 326 3223 καὶ
354 3171 628 3242 ἀτρέπτου
647 3187 663 3204 ο
701 3171 810 3224 τῶν
845 3171 938 3224 δύο
965 3161 1289 3226 ἀκολουθιῶν
1325 3174 1504 3242 σαφῶς
1541 3192 1642 3228 κα-

105 3263 461 3329 τανοουμένων,
499 3261 734 3332 Χριστοῦ
773 3263 1072 3332 πάσχοντος
1103 3263 1239 3334 ὑπὲρ
1273 3265 1427 3334 ήμῶν
1461 3267 1641 3334 σαρκὶ,

105 3350 316 3414 ἀπαθοῦς
339 3351 394 3404 δὲ
440 3351 694 3420 μένοντος
739 3353 796 3404 ἐν
837 3352 1048 3420 θεότητι
1073 3367 1086 3382 ·
1122 3353 1180 3404 ού
1220 3351 1311 3403 τοῦ
1359 3351 1643 3422 ἀνθρώπου

107 3445 206 3495 κατ’
240 3443 367 3498 ἰδίαν
403 3443 580 3506 ὖντος,
608 3443 703 3496 καὶ
745 3445 844 3513 τῆς
881 3443 1133 3511 θεότητος
1173 3444 1292 3494 κατ’
1324 3443 1477 3506 ἰδίαν,
1511 3444 1646 3497 ἀλλὰ

107 3532 338 3602 συνούσης
383 3534 484 3602 τῆς
537 3533 806 3601 θεότητος,
863 3530 937 3600 μὴ
989 3531 1300 3601 πασχούσης
1350 3531 1407 3584 δέ
1454 3531 1541 3584 διὰ
1585 3533 1646 3585 τὸ

105 3625 372 3693 ἀκραιφνὲς
397 3625 495 3678 καὶ
521 3624 844 3694 ἀσύγκριτον
881 3624 978 3692 τῆς
1009 3623 1196 3684 οὐσίας
1217 3641 1231 3652 ·
1270 3623 1566 3694 πάσχοντος
1590 3624 1646 3678 δέ

104 3713 153 3764 ὲν
177 3717 344 3784 σαρκὶ,
381 3715 477 3767 καὶ
505 3713 902 3784 θανατουμένου
937 3716 992 3766 ἐν
1033 3713 1214 3782 σαρκὶ,
1247 3712 1446 3776 ζῶντος
1479 3715 1534 3766 δὲ
1561 3714 1647 3766 ἀεὶ

103 3806 152 3856 ἐν
180 3806 400 3878 θεότητι.
423 3807 522 3860 καὶ
551 3805 854 3877 ἐγείροντος
881 3807 1006 3867 τοὺς
1047 3803 1268 3875 νεκρούς
1291 3822 1305 3838 ο
1340 3805 1432 3858 τοῦ
1464 3805 1648 3874 σώμα-

101 3911 180 3956 τος
219 3895 474 3965 ταφέντος
518 3897 577 3948 ἐν
616 3895 866 3966 ἀληθείᾳ,
899 3897 992 3948 καὶ
1031 3895 1236 3964 ἀψύχου
1270 3895 1549 3964 μείναντος
1586 3895 1648 3946 τὸ

101 3987 390 4058 τριήμερον,
435 3988 610 4042 ἄπνου
642 4004 700 4039 τε
747 3987 840 4038 καὶ
888 3987 1164 4057 ἀκινήτου,
1197 3986 1559 4056 ἐνειληθέντος
1589 3986 1645 4038 δὲ

100 4077 176 4130 διὰ
195 4079 286 4149 τῆς
325 4079 579 4142 σινδόνος,
613 4077 999 4139 κατατεθέντος
1026 4079 1082 4129 ἐν
1114 4076 1190 4146 τῷ
1217 4079 1477 4147 μνήματι,
1521 4093 1648 4144 συγ-

99 4171 410 4236 κλεισθέντος
438 4171 528 4225 διά
572 4170 666 4224 τοῦ
695 4169 864 4230 λίθου,
908 4170 1002 4222 καὶ
1038 4169 1345 4239 σφραγίδων
1377 4167 1646 4220 ἐπιτεθέν-

98 4275 190 4312 των
211 4274 225 4290 '
249 4263 364 4333 οὐχι
395 4263 494 4333 τῆς
530 4261 778 4331 θεότητος
824 4259 1265 4330 συγκλεισθείσης
1295 4257 1425 4329 (80),
1455 4259 1516 4310 οὺ
1549 4258 1646 4328 τῆς

1751 3083 2057 3145 exsisteret,
2090 3081 2184 3136 sed
2215 3085 2281 3135 ad
2305 3081 2616 3150 patiendum
2647 3081 2868 3135 minime
2894 3095 3013 3134 sese
3037 3089 3322 3134 converte-

1753 3181 1858 3238 ret,
1891 3171 1985 3226 sed
2035 3171 2308 3241 passionis
2341 3186 2537 3240 expers
2567 3179 2622 3225 et
2651 3170 3006 3224 immutabilis
3051 3181 3315 3225 maneret.

1752 3260 1868 3327 Qua
1899 3263 1956 3316 in
1984 3278 2044 3316 re
2087 3262 2195 3315 duo
2235 3262 2326 3315 illa
2371 3269 2738 3315 consentanea
2770 3260 3078 3314 certissime
3122 3261 3324 3314 intelli-

1754 3365 1956 3422 guntur
1984 3373 1996 3408 :
2025 3361 2084 3407 ut
2109 3359 2164 3407 et
2196 3352 2447 3407 Christus
2479 3367 2578 3421 pro
2607 3351 2762 3406 nobis
2795 3365 2960 3405 carne
2985 3351 3050 3404 sit
3103 3365 3318 3419 passus,

1752 3453 1804 3499 et
1848 3445 2118 3514 passionis
2164 3459 2359 3512 expers
2409 3444 2462 3495 in
2515 3442 2795 3496 divinitate
2831 3449 3166 3510 permaneat.
3201 3439 3318 3493 Non

1752 3535 1896 3603 quod
1929 3533 2164 3588 hominis
2189 3541 2383 3586 natura
2411 3546 2474 3584 ac
2515 3531 2774 3584 divinitas
2801 3541 3063 3600 separata:
3089 3546 3116 3583 a
3145 3545 3204 3584 se
3237 3534 3322 3583 in-

1753 3623 1928 3679 vicem
1952 3624 2251 3687 exsistant;
2283 3637 2470 3675 verum
2498 3619 2713 3674 tametsi
2737 3636 2844 3672 una
2867 3628 3011 3675 esset
3033 3619 3316 3680 divinitas.

1753 3716 1888 3769 nihil
1921 3716 1990 3769 ob
2033 3715 2304 3769 sinceram
2341 3721 2394 3767 et
2437 3713 2916 3780 incomparabilem
2959 3721 3208 3767 naturam
3235 3723 3322 3767 est

1754 3821 2032 3874 perpessa.
2070 3805 2140 3858 At
2169 3805 2422 3859 Christus
2447 3813 2500 3858 et
2531 3805 2584 3857 in
2615 3817 2779 3857 carne
2811 3819 3006 3873 passus
3044 3814 3147 3868 est,
3179 3813 3232 3859 et
3263 3807 3320 3858 in

1753 3897 1940 3952 eadem
1977 3911 2141 3950 carne
2181 3902 2354 3950 morte
2390 3903 2474 3949 est
2509 3893 2754 3959 allectus,
2785 3911 2906 3949 cum
2935 3896 3151 3950 interim
3183 3897 3323 3950 divi-

1755 3989 1925 4042 nitate
1970 3989 2087 4055 ipsa
2133 3987 2338 4040 viveret
2386 4001 2450 4039 ac
2501 3994 2746 4040 mortuos
2790 3987 3081 4052 excitaret;
3118 4003 3319 4055 corpus

1753 4093 1882 4132 vero
1923 4090 2110 4131 revera
2157 4075 2462 4144 sepultum,
2497 4089 2560 4128 ac
2599 4075 2780 4128 triduo
2817 4076 2996 4128 anima
3040 4090 3234 4130 carens
3265 4086 3321 4130 et

1755 4167 1949 4238 spiritu
2002 4176 2258 4235 motuque
2299 4166 2540 4234 jaceret,
2581 4165 2900 4220 obvolutum
2949 4166 3211 4234 sindone,
3261 4167 3319 4222 in

1755 4259 2145 4313 monimentum
2169 4257 2491 4326 depositum,
2526 4258 2806 4310 occlusum
2843 4257 3037 4327 lapide,
3063 4272 3126 4312 ac
3161 4257 3320 4328 sigil-

159 4415 174 4446 ⁸
197 4413 374 4472 Matth.
407 4431 492 4480 tu,
524 4415 612 4481 16,
645 4416 732 4469 17.
807 4413 1052 4469 'Baruch
1107 4430 1186 4479 ιιι,
1221 4412 1308 4467 58.
1387 4414 1407 4445 ³
1438 4412 1627 4467 Matth.

1761 4413 1786 4465 1
1827 4427 1949 4482 sqq.

158 4569 259 4640 (79)
309 4571 403 4637 Ὡς
451 4571 710 4641 ἐκήρυξε
731 4612 746 4636 ,
800 4579 904 4626 etc.
953 4571 1204 4625 Petavius
1238 4569 1442 4626 Latinis
1492 4572 1642 4624 hisce
1675 4576 1715 4629 D
1748 4579 1834 4641 tur
1861 4566 2064 4621 Christi
2096 4567 2428 4641 divinitatem
2464 4576 2572 4641 tum
2603 4569 2813 4636 corpori
2845 4569 2895 4620 in
2925 4569 3184 4641 sepulcro,
3206 4577 3318 4622 tum

100 4635 256 4716 iocum
285 4635 524 4716 reddidit
547 4635 739 4716 verbis
763 4659 776 4695 :
807 4641 1260 4716 Quemadmodum
1282 4642 1637 4716 _l£v_ange_tiu_m

99 4711 248 4780 ipsum
278 4711 508 4766 cmlestis
539 4713 682 4780 regni
714 4713 1002 4774 veritatem,
1033 4727 1094 4763 ac
1132 4728 1248 4762 cum
1275 4713 1439 4778 ipsius
1484 4711 1636 4774 Filii,

101 4787 195 4829 tum
217 4778 416 4846 Patris,
443 4799 508 4834 ac
535 4778 766 4851 Spiritus
796 4783 966 4835 sancti
993 4781 1296 4845 bonitatem,
1331 4781 1640 4833 humanita—

101 4855 280 4916 temque
301 4851 630 4918 pra'dicavit.
659 4852 881 4904 Mutavit
911 4851 1261 4906 Thomasius.

121 4918 277 4992 ,_(§0)_
299 4921 448 4992 Οὐχὶ
491 4920 602 4986 τῆς
627 4923 906 4986 θεότητος
948 4921 1482 4992 συγκτιεεσθείσης,
1531 4927 1640 4973 etc.

103 4983 304 5065 Vides.
331 4983 700 5065 Augustinum
731 4983 893 5065 tract;
924 4991 993 5044 47
1017 4983 1072 5065 ιιι
1094 4989 1384 5065 Joannem,
1405 4983 1457 5044 et
1479 4992 1641 5065 inter

99 5057 319 5129 ejusdem
365 5057 534 5129 opera
596 5061 795 5114 librum
852 5059 1184 5129 Degunitate
1236 5058 1517 5113 Trinitatis
1571 5059 1640 5113 ad

99 5123 332 5198 Optatum
383 5123 509 5198 cap.
568 5130 655 5191 Μ,
702 5143 766 5182 ac
807 5129 867 5183 S.
930 5127 1638 5198 JoannemiDamascenum

103 5195 180 5248 ιιι».
203 5212 259 5252 ιιι
285 5197 362 5251 De
391 5195 500 5267 ﬁde
523 5199 838 5263 orthodoxa,
865 5213 988 5268 cap.
1017 5197 1306 5253 27.—Filii
1325 5198 1416 5252 Dei
1441 5199 1640 5253 divini-

101 5271 278 5338 tatem,
305 5284 428 5338 qua:
469 5269 622 5324 nullo
652 5268 864 5338 deﬁniri
909 5278 1001 5322 aut
1047 5269 1424 5324 circumscribi
1461 5275 1641 5338 potest

103 5333 225 5408 loco,
255 5333 354 5408 nec
380 5339 640 5408 sepulcro
679 5337 849 5408 fuisse
878 5339 1194 5408 conclusam
1227 5339 1412 5392 triduo
1445 5333 1636 5392 mortis

100 5403 282 5478 Christi
313 5403 568 5470 Domini,
615 5418 762 5463 recte
805 5407 939 5478 dicit
985 5405 1340 5478 Epiphanius.
1383 5407 1632 5472 Quando-

101 5475 296 5549 quidem
341 5493 474 5549 vero
510 5479 595 5542 ei,
644 5479 738 5549 qui
785 5494 850 5533 ex
897 5475 1153 5532 Ecclesia:
1198 5479 1466 5549 sententia
1514 5491 1636 5549 cum

102 5541 408 5616 Catechismo
435 5541 816 5616 Romano,pag.
845 5549 913 5600 5‘2
935 5549 1198 5615 elegantis
1224 5547 1483 5603 editionis
1508 5545 1638 5600 anni

105 5611 246 5679 £566,
275 5619 570 5673 elaboratae
600 5621 652 5672 in
676 5611 888 5673 aedibus
924 5611 1106 5686 populi
1141 5617 1391 5684 Romani,
1420 5617 1642 5686 profite-

1748 4639 1939 4692 anima:
1967 4638 2104 4704 apud
2139 4637 2356 4704 inferos,
2382 4639 2716 4706 conjunctam
2741 4653 2940 4706 semper
2965 4637 3150 4701 fuisse,
3174 4638 3317 4692 inter

1748 4715 1944 4762 caetera
1975 4707 2172 4775 opponi
2209 4708 2420 4761 soleant
2466 4716 2521 4761 et
2559 4707 2804 4775 quaedam
2857 4708 3140 4776 Epiphanii
3175 4708 3314 4769 loca,

1747 4776 2180 4848 quasidocuerit
2227 4778 2464 4848 optimus
2497 4777 2586 4830 ille
2631 4776 2792 4830 Pater
2827 4775 3318 4848 DeirVerbum‘tri-A-

1749 4845 1858 4902 duo
1906 4846 1998 4900 illo
2033 4847 2107 4899 ita
2143 4861 2362 4899 carnem
2407 4847 2738 4910 deseruisse,
2785 4856 2843 4899 ut
2873 4847 2939 4898 ad
2981 4848 3145 4901 breve
3179 4845 3313 4898 illud

1750 4927 1966 4986 tempus
1991 4915 2304 4970 dissolverit
2335 4917 2703 4986 arctissimam
2739 4917 2993 4986 unionem
3020 4915 3313 4986 illam,qua

1745 4995 1800 5042 et
1841 4984 2384 5053 humanamcarnem
2429 4984 2534 5038 sibi
2578 4989 2632 5039 in
2669 4986 2792 5037 sinu
2835 4984 3073 5053 Virginis
3104 4985 3314 5036 ratione

1741 5057 2005 5126 junxerat
2021 5052 2282 5126 ineffabili
2308 5073 2321 5106 :
2351 5063 2636 5126 eapropter
2657 5052 2984 5126 Thomasius
3006 5061 3312 5126 opportune

1745 5121 1846 5181 nos
1876 5125 2104 5180 remittit
2150 5123 2216 5175 ad
2265 5121 2625 5191 Augustinum
2653 5135 2705 5176 et
2740 5122 3136 5177 Damascenum
3162 5159 3177 5183 ,
3217 5121 3310 5191 qui

1745 5197 1967 5257 diserte,
2001 5193 2183 5262 verbis
2219 5189 2444 5262 apertis,
2483 5193 2561 5246 rei
2591 5191 2874 5262 veritatem
2923 5191 3230 5262 declarant.
3250 5189 3316 5242 Et

1743 5267 1835 5320 ille
1863 5265 2012 5334 prior
2047 5258 2272 5334 quidem
2302 5261 2706 5334 animadvertit,
2734 5261 2891 5334 juxta
2931 5262 3052 5334 tidei
3084 5258 3316 5334 Symbo-

1744 5327 1882 5388 lum'
1905 5347 2006 5388 nos
2035 5327 2258 5386 credere
2309 5333 2364 5384 in
2409 5347 2579 5384 unum
2612 5327 2901 5384 Dominum
2939 5327 3317 5386 Jesam'Chri-

1741 5413 1920 5467 stum,
1970 5417 2079 5456 non
2126 5401 2300 5456 solum
2345 5411 2564 5461 natum,
2612 5401 2763 5455 cruci
2799 5399 3014 5453 allixum
3057 5405 3112 5454 et
3167 5413 3318 5452 mor-

1741 5484 1896 5529 tuum
1918 5514 1932 5537 ,
1965 5473 2060 5527 sed
2089 5479 2142 5524 et
2173 5471 2467 5538 sepultum,
2500 5471 2751 5539 quamvis
2778 5471 2895 5523 sola
2925 5483 3056 5523 caro
3101 5469 3315 5539 sepulta

1743 5543 1865 5607 fuit,
1895 5535 2044 5604 caro,
2078 5535 2321 5610 inqua—ni,
2347 5557 2376 5592 a
2399 5535 2856 5607 qua'discesserat
2879 5540 3080 5593 anima.
3105 5535 3316 5592 Verum

1743 5613 1876 5668 illud
1931 5613 2220 5677 nimirum;
2281 5610 2612 5682 subjungere
2656 5618 2837 5664 tamen
2883 5610 3144 5664 debemus
3185 5621 3313 5663 cum
