3810 6216
469 335 576 393 819

1881 343 1937 396 S.
1972 340 2310 398 EPiPllAMI
2376 339 2384 348 ’

3615 361 3712 418 8‘39

394 515 400 524 ι
462 451 625 519 quies
674 465 737 503 ac
806 449 1039 506 ﬁdelium
1089 451 1379 508 haereditas
1435 456 1852 526 communisque
1905 473 2028 512 cum

2158 461 2402 529 ιγγὲλων,
2477 464 2582 517 τῶν
2637 470 3018 538 τετηρηκότων
3068 470 3164 541 τὴν
3220 473 3397 524 πίστιν
3461 474 3559 525 καὶ
3619 480 3708 542 τὴν

467 544 672 610 angelis
689 544 889 597 chorus
917 547 982 601 iis
1006 547 1359 610 constitutus,
1385 549 1476 618 qui
1511 549 1662 602 ﬁdem
1694 558 1747 604 et
1782 550 2038 605 castimo-

470 633 612 683 niam
637 639 688 684 et
724 646 873 700 spem
906 649 968 688 ac
990 633 1200 688 Domini
1235 645 1499 706 przecepla
1542 638 1832 702 servarint,
1865 641 2038 693 veris-

468 719 666 772 simum
693 728 802 786 est;
827 721 987 790 idque
1015 733 1067 776 et
1093 723 1446 792 praedicatum
1467 734 1520 780 et
1558 727 1866 783 certissime
1889 745 2040 783 com-

470 809 759 878 probatum
810 822 861 867 et
900 813 1204 880 creditum,
1250 818 1508 884 quoniam
1549 820 1606 874 hi
1647 830 1934 892 resurgcnt
1983 821 2038 874 in

473 901 638 952 vitam
703 911 956 956 mternatn
983 905 997 933 ί
1039 923 1050 956 :
1090 913 1147 958 ut
1187 906 1240 959 in
1278 906 1570 978 Evangelio
1621 911 1885 981 scriptum
1931 920 2036 966 est.

471 989 606 1043 Nam
655 1007 993 1062 quacunque
1033 996 1114 1049 vel
1168 997 1463 1066 Apostolus
1520 1001 1602 1054 vel
1650 1017 1806 1056 sacra
1861 1003 2040 1056 omnis

476 1081 754 1150 Scriptura
779 1092 1028 1150 testatur,
1054 1103 1180 1140 vera
1215 1097 1362 1154 sunt,
1389 1090 1514 1145 licet
1545 1092 1790 1148 inﬁdeles
1829 1109 1888 1146 ac
1915 1110 2039 1163 per-

475 1188 656 1240 peram
685 1175 1050 1245 iutelligentes
1070 1180 1226 1234 aliter
1252 1182 1590 1236 existiment.
1624 1182 1794 1238 Nobis
1827 1199 1954 1238 vero
1979 1199 2040 1237 ea

474 1267 690 1318 domum
741 1267 873 1320 ﬁdes
923 1279 1024 1331 est,
1060 1271 1106 1324 is
1156 1271 1334 1324 honor
1364 1287 1426 1325 ac
1481 1273 1767 1342 dignitas:
1816 1276 1927 1328 haec
1959 1282 2041 1328 est

476 1365 663 1410 nostra
714 1369 886 1413 mater
933 1361 1198 1425 Ecclesia,
1246 1379 1366 1431 qum
1418 1381 1514 1434 per
1547 1366 1705 1421 ﬁdem
1764 1376 1945 1422 servat
1990 1376 2044 1421 et

475 1464 646 1516 spem,
689 1452 1076 1507 corroboratur
1109 1453 1311 1509 Christi
1361 1457 1664 1522 charitate,
1733 1475 1944 1512 necnon
1991 1469 2045 1514 et

474 1542 742 1608 ejusmodi
782 1547 1120 1613 professione
1167 1564 1231 1602 ac
1275 1550 1549 1618 mysteriis
1602 1551 1961 1621 baptismique
1992 1553 2043 1605 vi

477 1646 539 1682 ac
570 1633 888 1700 purgatione
930 1636 1228 1704 perﬁcitur.
1283 1637 1498 1703 Euntes,
1547 1641 1742 1708 inquit,
1781 1642 2045 1710 baptizata

474 1725 528 1775 in
563 1726 770 1777 nomine
803 1723 979 1778 Patris
1002 1736 1048 1779 et
1082 1726 1212 1780 Filii
1238 1740 1286 1782 ει
1316 1729 1551 1796 Spiritus
1582 1733 1756 1785 sancti
1777 1737 1796 1764 ¹
1829 1753 1840 1787 :
1875 1735 1927 1788 in
1955 1750 2045 1788 no-

479 1816 621 1870 mine
657 1816 853 1870 divinae
891 1817 1195 1884 Trinitatis,
1230 1821 1388 1890 cujus
1437 1824 1732 1892 appellatio
1765 1825 2040 1880 diversum
2077 1799 2118 1856 Β

477 1907 610 1962 nihil
643 1908 906 1962 continet.
940 1907 995 1961 Si
1031 1911 1246 1978 quidem
1288 1928 1433 1966 unus
1461 1930 1524 1968 ac
1575 1915 1868 1985 singularis
1902 1917 2042 1971 Deus

485 1998 539 2050 in
565 1999 680 2068 lrgc
706 2008 759 2053 et
799 2001 850 2052 in
879 2002 1156 2069 prophetis
1179 2014 1230 2055 et
1256 2003 1307 2056 in
1343 2004 1644 2075 Evangeliis
1669 2016 1720 2060 et
1750 2009 1801 2061 in
1827 2020 2042 2078 apostol-

475 2090 565 2153 lis,
597 2091 649 2143 in
688 2090 882 2146 Vetere
912 2091 1171 2162 Novoque
1219 2093 1569 2150 Testamento
1613 2100 1937 2166 praedicatus
1980 2115 2043 2154 ac

476 2180 759 2233 nuntiatus
787 2188 890 2242 est,
923 2178 1082 2233 Pater
1115 2187 1168 2233 et
1218 2179 1388 2235 Filius
1425 2191 1478 2236 et
1514 2181 1750 2251 Spiritus
1793 2195 2040 2241 sanctus.

475 2267 664 2338 Neque
698 2285 826 2323 vero
867 2269 1157 2325 confusum
1184 2273 1443 2341 quiddam
1491 2275 1606 2343 ipsa
1637 2275 1902 2331 Divinitas
1935 2286 2041 2339 est,

478 2360 572 2415 sed
602 2360 842 2430 perfecta
878 2378 1063 2416 revera
1108 2363 1352 2420 Trinitas
1397 2373 1513 2430 est;
1544 2365 1822 2435 perfectus
1859 2366 2042 2428 Pater,

480 2451 758 2520 perfectus
802 2451 992 2515 Filius,
1043 2453 1318 2522 perfectus
1363 2454 1597 2524 Spiritus
1647 2466 1906 2523 sanctus;
1938 2474 2043 2511 una

477 2543 756 2608 divinitas,
786 2559 927 2598 unus
952 2543 1117 2609 Deus,
1138 2547 1225 2599 cui
1251 2547 1441 2615 gloria,
1471 2546 1643 2599 honor
1671 2554 1724 2600 et
1755 2547 2042 2617 imperium

478 2633 534 2684 in
571 2633 771 2685 saacula
803 2635 1147 2688 saculorum.
1181 2635 1374 2691 Amen.

548 2723 687 2777 XIX.
727 2723 1004 2794 Ejusmodi
1058 2729 1323 2782 catholica
1359 2729 1513 2791 ﬁdes,
1563 2746 1628 2784 ac
1682 2732 1802 2785 vitae
1846 2741 2046 2788 nostra:

475 2828 614 2884 opus
647 2823 730 2870 est
774 2816 878 2869 ho'c
911 2817 1158 2873 veritatis
1184 2820 1579 2874 munimentum
1611 2841 1625 2875 :
1656 2823 1767 2876 hazc
1788 2831 1872 2878 est
1888 2823 2048 2878 Chri-

477 2907 548 2958 sti
594 2906 746 2975 virgo
804 2916 856 2960 et
884 2907 1147 2963 innocens
1178 2911 1428 2965 columba
1475 2930 1488 2965 :
1525 2911 1638 2965 haec
1675 2914 1810 2975 vita,
1846 2929 1970 2984 spes
1995 2925 2048 2970 et

481 2996 883 3051 ﬁrmamentum
931 2998 1364 3057 immortalitatis
1398 3010 1503 3057 est.
1533 3001 1732 3058 Verum
1760 3005 1810 3058 id
1841 3019 1870 3057 a
1895 3005 2048 3059 vobis

478 3088 759 3153 omnibus,
797 3092 892 3159 qui
936 3090 1050 3145 haec
1083 3099 1270 3146 nostra
1307 3093 1498 3147 lecturi
1531 3095 1684 3157 estis,
1723 3110 2048 3166 magnopere

480 3194 696 3247 precor,
751 3189 810 3234 ut
854 3183 1053 3238 mentis
1103 3199 1233 3238 mete
1280 3187 1532 3240 tenuitati
1579 3162 2045 3258 imbecillitatique
2075 3162 2116 3218 Ο

479 3269 795 3324 condonare
835 3273 1055 3338 velitis;
1096 3290 1217 3343 quae
1253 3276 1323 3331 ob
1368 3278 1561 3347 ingens
1596 3279 1725 3333 illud
1768 3281 2044 3336 haerescon

480 3359 634 3415 virus
667 3361 812 3415 velut
835 3373 1110 3434 stuporem
1140 3370 1426 3437 quemdam
1455 3386 1517 3425 ac
1545 3372 1762 3426 taedium
1794 3381 1848 3426 et
1880 3375 2048 3428 mole-

481 3450 665 3512 stiam,
701 3457 1006 3524 respuentis
1045 3473 1108 3513 ac
1150 3463 1465 3516 nauseantis
1493 3462 1690 3530 instar,
1724 3467 1999 3520 contraxit
2031 3486 2044 3520 :

480 3543 558 3608 id,
589 3543 833 3614 inquam,
861 3548 1178 3605 condonetis
1209 3553 1390 3618 velim,
1435 3555 1479 3608 si
1515 3553 1655 3610 ἴοι-ιο
1695 3557 1944 3611 acerbius
1994 3558 2048 3612 in

482 3637 790 3704 quempiam
823 3637 1021 3693 invecti
1062 3657 1275 3706 sumus,
1320 3651 1380 3697 ut
1413 3647 1709 3701 nonnullos
1755 3663 2050 3702 exsecran-

489 3725 612 3786 dos,
644 3733 736 3777 aut
779 3727 1154 3793 circulatores,
1189 3734 1398 3803 1102
1441 3745 1536 3789 aut
1577 3739 1918 3806 aberrantes,
1958 3752 2051 3796 aut

487 3814 816 3882 impostores
837 3815 1156 3874 dixerimus.
1188 3819 1323 3874 Nam
1355 3839 1464 3892 prae
1490 3829 1679 3881 veneni
1712 3828 1860 3886 illius
1883 3833 2053 3888 mole-

487 3905 593 3958 stia
625 3907 769 3973 (cum
802 3907 1004 3977 alioqui
1037 3908 1195 3966 facile
1240 3912 1294 3965 in
1327 3929 1654 3985 quemquam
1699 3921 1842 3974 dicta
1870 3923 2052 3990 jacere

488 4012 596 4050 non
630 3997 926 4069 soleamus)
959 4016 1182 4057 necesse
1231 4004 1524 4062 habuimus
1573 4010 1877 4067 istiusmodi
1933 4016 2053 4072 illos

490 4090 767 4158 appellare
801 4091 1006 4154 verbis,
1039 4101 1098 4146 ut
1133 4095 1201 4147 ab
1245 4111 1311 4150 ea
1348 4100 1666 4168 suspicione
1695 4109 2051 4173 quorumdam

485 4196 870 4236 revocaremus
897 4183 1132 4249 animos,
1170 4189 1314 4256 quod
1343 4190 1398 4243 in
1425 4191 1640 4246 illorum
1667 4195 1830 4250 dictis
1868 4196 2056 4253 factis.-

485 4288 592 4341 que
625 4274 969 4343 divulgandis
1009 4287 1248 4344 apertam
1303 4282 1509 4336 nullam
1553 4287 1719 4339 animi
1760 4290 1932 4343 nos1ri
1979 4289 2056 4345 si-

487 4361 885 4431 gniﬁcationem
925 4366 1286 4431 dedissemus,
1330 4386 1432 4426 nos
1473 4374 1542 4427 ab
1586 4375 1749 4444 impia
1787 4379 2055 4449 cujusque

491 4453 714 4508 haeresis
743 4455 997 4524 opinione
1034 4475 1141 4514 non
1184 4461 1498 4518 abhorrere.
1533 4464 1650 4531 Qua
1673 4469 1739 4522 de
1770 4486 1829 4524 re
1868 4473 2055 4541 paucis

488 4545 669 4612 operis
687 4545 1020 4615 hujusinitio
1043 4551 1246 4619 praefati
1274 4570 1463 4610 sumus
1484 4571 1546 4610 ac
1588 4563 2055 4627 praemuniendum

491 4635 746 4690 lectorem
777 4641 1105 4707 putavimus,
1136 4659 1245 4698 non
1269 4647 1384 4701 sine
1407 4647 1724 4716 praefatione
1762 4655 1952 4718 veniae,
1989 4672 2055 4712 ne

489 4725 614 4794 quis
634 4728 958 4795 injuriarum
989 4747 1089 4785 nos
1118 4749 1239 4788 reos
1265 4748 1468 4806 ageret,
1497 4742 1654 4810 quasi
1686 4759 1864 4800 causae
1896 4747 2056 4802 boni-

491 4821 602 4869 tate
629 4817 753 4870 victi
787 4818 851 4872 ad
889 4818 1118 4876 dicteria
1159 4825 1468 4896 probraque
1511 4830 1959 4902 confugeremus.
1996 4837 2052 4892 In

486 4906 677 4962 eodem
710 4924 838 4964 vero
858 4912 1122 4982 prommio
1151 4914 1597 4986 signiﬁcavimus,
1626 4939 1871 4992 quaenam
1904 4941 1934 4980 a
1959 4943 2056 4982 no-

2143 554 2360 621 ἀγνείαν
2389 557 2480 608 καὶ
2505 557 2600 628 τὴν
2648 559 2835 612 ἐλπίδα
2862 563 2955 613 καὶ
2991 562 3089 625 τὰς
3118 562 3210 614 τοῦ
3239 564 3444 631 Κυρίου
3476 566 3708 627 ἐντολάς.

2141 645 2312 716 ἀληθῆ
2344 648 2459 698 ἐστι
2489 648 2584 700 καὶ
2617 650 2950 720 κεκήρυκται
2996 653 3088 704 καὶ
3119 653 3448 720 ὴσφάλισται
3489 655 3588 705 καὶ
3621 672 3710 707 πε-

2144 737 2456 790 πίστευται·
2497 739 2578 791 ὅτι
2610 734 2754 792 οὗτοι
2783 741 3174 812 ἀναστήσονται
3200 745 3278 806 εἰς
3309 743 3455 813 ζωὴν
3480 745 3708 806 αἰώνιον,

2143 828 2285 880 κατά
2310 828 2368 880 τὸ
2402 829 2783 900 γεγραμμένον
2817 831 2873 881 ὲν
2899 834 3010 894 τοῖς
3043 833 3413 900 Εὐαγγελίοις.
3437 834 3580 886 Ὅσα
3612 839 3710 906 γὰρ

2141 919 2287 986 λέγει
2329 922 2421 972 καὶ
2461 923 2488 972 ὀ
2529 921 2846 986 Ἀπόστολος
2876 924 2970 976 καὶ
3001 927 3169 977 πᾶσαι
3206 929 3258 978 αἱ
3299 927 3452 995 ἆγιαι
3482 928 3708 998 Γραςαὶ,

2142 1010 2369 1080 ἀληθινὰ
2400 1012 2683 1082 τυγχάνειυ
2723 1013 2770 1064 εί
2815 1015 2907 1066 κοιλ¹
2938 1014 3086 1085 παρά
3114 1019 3226 1078 τοῖς
3262 1017 3600 1085 ἀπιστήσασι
3629 1022 3710 1070 καὶ

2145 1103 2329 1166 κακῶς
2351 1105 2662 1174 νενοηκόσιν
2693 1104 2893 1174 ἑτέρως
2926 1105 3416 1176 ὑπολαμϐάνονται.
3461 1110 3624 1178 Ἡμῖν
3661 1111 3713 1162 δὲ

2149 1192 2284 1261 αὕτη
2335 1195 2367 1262 ἠ
2405 1192 2586 1254 πίστις
2635 1195 2728 1246 καί
2755 1194 2892 1263 αὕτη
2929 1197 2960 1263 ἡ
2999 1195 3131 1265 τιμὴ
3183 1195 3278 1249 καὶ
3300 1198 3442 1266 αῦτη
3471 1199 3505 1267 ἡ
3540 1200 3713 1268 μήτηρ

2144 1282 2360 1352 ἡμώνὴ
2402 1281 2715 1353 Ἐκκλησία,
2773 1283 2859 1335 διὰ
2910 1284 3142 1347 πίστεως
3196 1285 3445 1348 σώζουσα
3488 1286 3715 1352 (82)::1

2145 1373 2380 1437 ἐλπίδος,
2430 1375 2803 1446 κρατυνομὲνη
2832 1377 2924 1428 καὶ
2976 1376 3164 1448 ἀγάπῃ
3201 1377 3463 1446 Χριστοῦ,
3493 1378 3716 1429 τελειου-

2149 1465 2282 1535 μὲνη
2310 1465 2366 1517 ἐν
2400 1483 2456 1517 τε
2488 1469 2552 1536 τῇ
2580 1466 2839 1537 ὁμολογίᾳ
2886 1466 2943 1519 ἐν
2989 1485 3050 1520 τε
3074 1471 3187 1531 τοῖς
3219 1469 3544 1539 μυστηρίοις
3588 1471 3642 1520 ἐν
3663 1488 3712 1520 τε

2144 1559 2210 1627 τῇ
2240 1557 2332 1609 τοῦ
2360 1556 2583 1627 λουτροῦ
2606 1557 2883 1630 καθαρσίῳ
2909 1560 3154 1630 δυνάμει.
3177 1562 3298 1614 Ὅτι
3329 1562 3716 1623 Ἀπελθόντες

2141 1651 2481 1716 ,ϐαπτίσατε
2514 1654 2600 1716 εις
2641 1651 2826 1719 ὄνομα
2867 1651 3095 1718 Πατρός
3122 1653 3220 1705 καί
3251 1652 3388 1705 Υἱοῦ
3423 1653 3521 1704 καὶ
3559 1654 3718 1718 ἁγίου

2148 1744 2524 1812 Πνεύματος·
2559 1746 2637 1806 είς
2667 1744 2836 1814 ὄνομα
2856 1745 2913 1796 δὲ
2943 1744 3126 1815 θεῖκῆς
3150 1745 3402 1814 Τριάδος.
3432 1748 3720 1813 ὀνομασίας

2150 1832 2316 1901 μηδὲν
2366 1832 2664 1903 διαφοράν³
2723 1833 2982 1904 ἐχούσης·
3027 1835 3139 1888 ἀλλ’
3171 1836 3255 1888 ὅτι
3295 1835 3432 1897 Θεὸς
3484 1829 3566 1897 εἷς
3601 1838 3718 1903 ἡμῖν

2147 1925 2203 1975 ἐν
2241 1924 2390 1994 νόμῳ
2435 1925 2529 1976 καὶ
2575 1925 2633 1977 ὲν
2662 1927 2964 1995 προφήταις
3016 1927 3108 1979 καὶ
3146 1928 3203 1980 ἐν
3237 1927 3599 1994 Εὑαγγελίοις
3638 1929 3719 1978 καὶ

2145 2016 2204 2065 ἐν
2247 2013 2586 2076 Ἀποστόλοις
2623 2013 2758 2083 (83),
2811 2016 2868 2066 ὲν
2898 2015 3111 2084 Παλαιᾷ
3145 2015 3241 2068 καὶ
3277 2017 3460 2085 Καινῇ
3488 2016 3720 2088 ,διαθήκῃ

2147 2107 2483 2176 κεκήρυκται
2525 2106 2617 2157 καὶ
2653 2105 3052 2176 κατήγγελται,
3087 2107 3274 2178 Πατὴρ
3322 2109 3419 2160 καὶ
3469 2109 3598 2170 Tib;
3638 2112 3720 2162 zz".

2148 2199 2300 2266 ἆγιον
2324 2198 2547 2267 Πνεῦμα
2565 2216 2577 2228 ·
2615 2199 2686 2268 μή
2709 2215 2791 2261 τις
2812 2198 3100 2268 συναλοιφή
3130 2193 3262 2250 οὖσα
3281 2200 3317 2269 ἡ
3332 2199 3565 2269 Θεόττις,
3598 2202 3718 2252 ἁ)ὶά

2147 2287 2315 2356 Τριάς
2344 2283 2476 2338 οὖσα
2541 2288 2707 2351 ὅντως
2747 2287 2947 2352 τελεία,
2974 2288 3173 2351 τέλειος
3211 2289 3239 2339 ὁ
3269 2290 3489 2358 Πατὴρ,
3528 2290 3718 2351 τέλεεκ

2145 2379 2173 2428 ὁ
2222 2375 2365 2440 Υἱὸς,
2400 2377 2601 2430 τέλειον
2630 2378 2690 2430 τὸ
2720 2377 2942 2447 Πνεῦμα
2969 2378 3029 2430 τὸ
3067 2379 3240 2446 ἅγιον,
3273 2379 3374 2449 μία
3399 2375 3618 2448 eam.
3651 2376 3718 2441 εἷς

2147 2469 2277 2532 Θεός
2303 2487 2316 2499 ·
2340 2461 2384 2535 ᾧ
2406 2471 2438 2538 ἠ
2459 2468 2603 2534 δόξα,
2625 2469 2759 2540 τιμὴ
2791 2471 2884 2522 καὶ
2910 2470 3106 2541 κράτος
3130 2473 3208 2534 εἰς
3232 2471 3360 2534 τοὺς
3389 2471 3600 2534 αἰῶνας
3624 2471 3719 2522 τῶν

2146 2557 2375 2613 αἰώνων.
2425 2560 2614 2629 Ἀμήν.

2219 2732 2316 2784 ΙΘ¹.
2357 2730 2502 2802 Λῦτη
2558 2731 2764 2802 ἐστινὴ
2803 2734 3003 2797 πίστις,
3037 2736 3068 2804 ἡ
3114 2733 3213 2803 τῆς
3257 2733 3546 2803 ἡμετέρας
3587 2731 3718 2802 ζωῆς

2150 2825 2500 2894 πραγματεία
2518 2841 2531 2854 ·
2563 2823 2720 2877 τοῦτο
2743 2825 2801 2876 τὸ
2829 2826 3056 2897 ἔρεισμα
3079 2825 3178 2894 τῆς
3199 2825 3464 2895 ἀληθείας
3481 2844 3495 2855 ο
3529 2825 3664 2894 αῦτη
3689 2825 3718 2890 ἡ

2153 2915 2417 2986 παρθένος
2441 2916 2673 2984 Χριστοῦ
2718 2917 2811 2970 καλ⁵
2836 2917 3130 2989 περιστερά
3149 2918 3386 2980 ἄκακος⁹
3410 2917 3556 2987 αὕτη
3584 2919 3720 2969 ἐστὶν

2151 3012 2183 3078 ἡ
2227 3005 2340 3079 ζωὴ
2385 3008 2478 3061 καὶ
2505 3009 2537 3078 ἡ
2568 3007 2720 3071 ἐλπὶς
2750 3009 2844 3060 καὶ
2872 3011 2906 3078 ἡ
2939 3008 3233 3077 βεϐαίωσιξ
3259 3008 3362 3076 τῆς
3393 3007 3716 3077 ἀφθαρσίας.

2166 3101 2324 3154 Ἀλλά
2349 3100 2647 3172 παρακαλῶ
2693 3101 2898 3164 πάντας
2942 3101 3086 3170 ὑμᾶς
3129 3102 3258 3163 τοὺς
3298 3101 3722 3170 ἐντυγχάνοντας

2157 3194 2459 3262 συγγνῶναι
2489 3197 2555 3264 τῇ
2588 3196 2692 3264 ἐμῇ
2709 3194 3055 3264 ταπεινότητι
3086 3195 3178 3246 καὶ
3199 3193 3459 3263 ἀσθενείᾳ
3485 3194 3580 3246 τοῦ
3606 3194 3720 3262 {ipa-

2155 3283 2383 3352 χυτάτου
2423 3299 2521 3352 μου
2566 3281 2678 3344 νοῦ,
2720 3281 2811 3334 τοῦ
2837 3281 2944 3334 ἀπὸ
2975 3281 3167 3334 πολλοῦ
3210 3281 3320 3334 τῶν
3345 3283 3612 3353 αἱρέσεων
3653 3281 3721 3333 ίσῦ

2156 3375 2652 3444 ἀποναρκήσαντος.
2689 3375 2785 3428 καὶ
2808 3375 3288 3445 ἀποσικχαίνοντος
3316 3375 3456 3445 (84),
3491 3376 3566 3437 t'o;
3603 3378 3722 3429 ἀπο-

2157 3463 2413 3526 πτύοντος
2441 3463 2596 3533 δίκην
2619 3465 2710 3515 καὶ
2737 3463 3162 3527 ναυτιῶντος,δι’
3199 3457 3278 3516 ὧν
3295 3465 3421 3534 ἦτοι
3449 3464 3721 3533 αὐστηρὰ

2159 3554 2294 3626 πρός
2332 3571 2482 3618 τινας
2511 3555 2807 3626 φερόμενος
2831 3554 3060 3624 ἠνέχθην
3089 3554 3178 3607 διὰ
3203 3557 3493 3625 ῥημάτων,
3524 3557 3556 3628 ἢ
3580 3557 3723 3608 καλέ-

2161 3665 2258 3709 σας
2286 3645 2436 3708 τινάς
2456 3646 2801 3718 ἀλητηρίους,
2846 3645 2879 3714 ἢ
2913 3646 3230 3716 ἀγύρτας,ἥ
3261 3645 3719 3716 πεπλανημένους,

2161 3739 2193 3809 ἦ
2257 3736 2599 3800 ἀπατεῶνας.
2649 3737 2747 3789 Διὰ
2797 3737 2905 3809 γὰρ
2964 3737 3055 3789 τὸν
3095 3737 3262 3788 πολὺν
3295 3735 3462 3788 πόνον
3504 3736 3596 3788 τοῦ
3632 3736 3718 3796 ἰοῦ.

2161 3831 2335 3883 καίτοι
2367 3847 2431 3897 γε
2475 3830 2548 3910 μῂ
2593 3829 2807 3899 ἔχοντες
2851 3828 2970 3892 ἔθος
3028 3829 3335 3900 προχείρως
3371 3827 3723 3880 ἐπισκώπτειν

2159 3922 2330 3986 τινὰς,
2347 3923 2592 3990 ἀνάγκην
2616 3924 2927 3992 ἐσχήκαμεν
2959 3920 3216 3983 τοιούτοις
3237 3921 3437 3982 αὐτοὺς
3467 3918 3721 3972 διαθέσθαι

2161 4018 2273 4078 τοῖς
2303 4017 2556 4086 ῥήμασιν,
2579 4014 2663 4065 ἵνα
2707 4012 3134 4084 ἀποστρέφωμεν
3164 4011 3260 4081 τὴν
3302 4011 3550 4063 διάνοιάν
3584 4027 3721 4061 τινων

2139 4107 2239 4176 μή
2291 4123 2364 4176 πη
2415 4105 2706 4174 νομίσωσιν
2746 4105 2892 4174 ἡμᾶς
2927 4103 3013 4156 διὰ
3047 4101 3380 4171 τὸζάφανδὸν
3411 4103 3430 4130 ⁸
3469 4101 3544 4171 μὴ
3587 4101 3720 4166 δεδη-

2167 4196 2535 4266 μοσιευκέναι,
2595 4193 3051 4262 ἀποκαλύψαντας
3099 4193 3168 4246 τά
3196 4193 3325 4264 παρ’
3360 4195 3550 4252 αὐτοῖς
3586 4189 3719 4256 λεγὸ-

2126 4293 2134 4301 “
2168 4306 2304 4359 μενα
2336 4287 2671 4358 ἥγινόμενα,
2715 4286 2879 4358 μέρος
2909 4284 3050 4356 ἔχειν
3084 4284 3318 4346 διανοίας
3350 4281 3720 4351 συγκατατιθε-

2170 4379 2336 4450 μένης
2353 4380 2420 4448 τῇ
2457 4377 2586 4450 παρ’
2623 4378 2826 4448 ἑκάστῃ
2862 4375 2970 4429 τῶν
2998 4376 3259 4447 αἱρέσεων
3285 4375 3602 4444 κακοδοξίᾳ.
3631 4374 3716 4424 Πε-

2166 4471 2398 4541 ποίημαι
2438 4469 2495 4522 δὲ
2529 4470 2624 4522 καὶ
2681 4456 2963 4539 προοίμιον
3014 4470 3072 4521 ὲν
3112 4467 3276 4537 ὀλίγῳ
3300 4469 3382 4530 είς
3423 4468 3528 4538 τὴν
3570 4466 3720 4537 amv

2165 4561 2259 4614 τοῦ
2289 4561 2684 4630 συντάγματος,
2716 4558 3068 4630 περὶτούτων
3099 4559 3278 4612 αὐτῶν
3305 4556 3720 4629 προσασφαλςὸ-

2168 4670 2326 4722 μενος
2355 4653 2450 4705 καὶ
2481 4651 2809 4722 συγγνώμην
2841 4653 3038 4715 αὐτῶν,
3071 4652 3158 4704 ἵνα
3188 4651 3262 4721 μή
3293 4668 3380 4714 τις
3401 4650 3594 4703 ἀδίαν⁸
3620 4651 3720 4701 τινὰ

2164 4747 2242 4808 είς
2272 4747 2418 4815 ἡμᾶς
2448 4745 2714 4817 ἐνσκήψῃ,
2747 4745 2821 4807 ὡς
2863 4743 3209 4814 ἡττωμένους
3232 4743 3500 4812 νομίζων,
3526 4744 3616 4796 καὶ
3646 4741 3719 4794 ἐπὶ

2162 4838 2223 4891 τὸ
2250 4838 2520 4891 σκώπτειν
2537 4837 2843 4908 ὁρμῶντας.
2869 4837 3180 4907 Ἐδείξαμεν
3209 4836 3266 4888 δὲ
3285 4837 3342 4888 ὲν
3367 4836 3447 4904 τῷ
3480 4835 3722 4906 προοιμίῳ

2163 4932 2255 4984 καὶ
2285 4931 2411 5001 περὶ
2440 4931 2607 4983 ποίων
2630 4929 2926 5001 ἐμέλλομεν
2941 4929 3115 4998 λέγειν
3135 4929 3432 4999 αἱρέσεων,
3463 4931 3543 4992 εἰς
3573 4929 3720 4986 πόσις

561 5111 576 5140 ³
619 5108 779 5167 Joan.
816 5114 982 5178 v,29.
1059 5118 1079 5147 ²
1110 5117 1301 5174 Matth.
1326 5137 1513 5190 xxvnt,
1552 5126 1638 5182 19.
1720 5128 1739 5159 ³
1773 5127 1834 5182 F.
1866 5128 2047 5201 διὰφορ

2216 5133 2237 5165 ’⁵
2265 5132 2325 5186 F.
2356 5134 2676 5202 ἀναφανδόν.
2754 5135 2774 5164 ⁵
2806 5131 2867 5186 F.
2901 5133 3127 5187 ἀδικίαν.

558 5307 938 5396 {ﬁﬂlnnivorsa
971 5314 1408 5396 interpunctione
1441 5321 1554 5396 hare
1585 5322 1840 5396 distincta
1874 5325 2060 5396 legun-

487 5383 576 5459 tur
599 5379 661 5459 in
690 5377 979 5434 Petaviana
1005 5377 1262 5459 editione,
1283 5388 1372 5440 διὰ
1402 5391 1638 5454 πίστεως
1675 5377 2058 5459 σώξδυάσὶῗίιᾶὶ

490 5444 706 5530 ἐλπίδος
745 5453 1138 5530 κρατυνομένη,
1164 5444 1285 5530 ’καὶ
1328 5459 1515 5530 ἀγάπῃ
1553 5444 2059 5530 Χριστοῦ*

673 5515 738 5604 *ἐν
754 5514 827 5604 ῌτε
854 5523 925 5604 τῇ
950 5514 1233 5604 ,ὁμολογίᾳ
1256 5514 1448 5604 mallit
1486 5514 1538 5582 iii
1567 5514 2057 5604 Latinam-terpra-

491 5589 714 5674 tatiocn‘c,
754 5589 1068 5674 perturbata
1115 5589 1400 5674 Ep‘ipltanii
1451 5607 1628 5674 mente
1657 5602 1895 5674 dicitur,
1931 5589 2054 5674 ἧμαι

488 5664 578 5736 per
603 5654 757 5719 ﬁdem
782 5669 982 5736 servant;
1011 5679 1098 5729 spe
1113 5654 1508 5736 corroboratur,
1541 5654 2051 5736 Christiicharitjate",

491 5735 582 5775 nec
604 5739 726 5789 non,
759 5733 861 5784 etc.
901 5728 1084 5792 Quaaa
1113 5731 1405 5791 Thomasio
1434 5728 1568 5794 bene
1603 5742 1850 5796 restituta
1880 5728 2050 5799 vides.

2238 5329 2348 5399 (85)
2398 5331 2506 5385 Καὶ
2538 5331 2607 5384 ἐν
2648 5332 3054 5398 Ἀπσστόλοις.
3097 5331 3355 5388 Petavius
3401 5334 3574 5388 reddit
3599 5335 3716 5397 apud

2165 5400 2482 5469 Apostolos;
2511 5400 2607 5455 sed
2640 5401 2830 5455 melius
2873 5402 3076 5455 dicitur
3106 5404 3159 5456 in
3192 5404 3482 5469 Apostolis.
3518 5403 3714 5458 Veteres

2163 5472 2308 5543 enim
2340 5471 2934 5543 Apo_s_tolos_vocabant
2977 5473 3143 5527 libros
3173 5472 3542 5543 Epistolarum
3567 5487 3709 5527 cano-

2166 5538 2411 5596 nicaruni
2452 5539 2586 5595 Novi
2622 5538 2970 5595 Testamenti.

2239 5611 2349 5680 (84)
2381 5613 2488 5677 Γρ.
2537 5609 3036 5679 ἀποτυγχάνοντος,
3091 5613 3186 5669 sed
3230 5630 3418 5670 veram
3456 5613 3706 5670 lectionem

2165 5696 2231 5735 ex
2262 5680 2426 5752 Regio
2457 5681 2813 5736 restituimus.
