3810 6216
99 286 192 342 8‘3!

755 285 1122 341 ADVERSUS
1163 278 1508 337 HERESES
1543 279 1672 334 LIB.
1715 280 1804 336 lll.
1847 281 2009 336 TOM.
2057 281 2209 336 ll.—-
2249 281 2613 336 EXPOSITIO
2650 279 2849 339 FIDEI.

3242 283 3348 338 8‘22

97 424 158 459 τε
216 403 432 473 βιὸλους
463 405 729 475 διείλομεν
771 407 867 476 τὴν
919 407 1098 459 πᾶσαν
1145 401 1566 474 πραγματείαν·
1613 402 1672 452 ὲν

1799 402 1858 457 iis
1894 385 2195 457 tractandae
2227 409 2412 456 essent
2451 400 2710 467 hiereses,
2747 408 2862 454 tum
2897 405 3030 469 quot
3077 400 3130 452 in
3178 399 3349 452 libros

99 497 316 565 ἑκάστῳ
340 495 396 549 δὲ
433 495 622 566 βιϐλίῳ
644 498 772 567 περὶ
807 497 987 549 πόσων
1019 496 1111 549 καὶ
1133 495 1300 547 ποίων
1335 493 1636 564 εἰρήκαμεν
1656 507 1670 522 ο

97 586 172 648 ὡς
201 587 294 638 καὶ
323 585 556 640 ἐνταῦθα
589 585 750 638 πάλιν
795 584 1273 655 ὲπιμνημονεύσας
1303 583 1506 653 ὁμοίως
1545 581 1678 633 ὐπο-

99 675 368 745 δείκνυμι,
425 677 504 739 είς
553 675 818 744 ὠφέλειαν
875 673 1206 744 πανταχόθεν
1255 673 1363 726 τῶν
1412 673 1676 741 ἐντυγχα-

101 767 320 820 νόντων.
827 785 836 792 ’
1671 829 1684 842 κ

173 862 258 912 K'.
287 859 398 911 Kal.
433 859 540 911 εἰσὶ
581 860 678 927 μὲν
727 858 906 928 βιϐλία
937 860 1085 930 τρία,
1116 859 1272 929 τόμοι
1305 857 1464 910 ἑπτά.
1491 856 1604 910 Καὶ
1621 857 1678 908 ὲν

104 952 206 1020 μὲν
246 950 324 1020 τῷ
369 951 570 1022 πρώτῳ
629 951 820 1022 βιϐλίῳ
849 951 1090 1022 αἱρέσεις
1127 957 1242 1020 μς’,
1279 948 1418 1003 κατὰ
1449 945 1678 1018 ἀριθμὸν

99 1043 384 1113 ὀνομάτων
425 1044 760 1115 ἐγκείμεναι,
819 1045 912 1098 καὶ
947 1043 1089 1096 κατά
1115 1043 1303 1114 εἱρμὸν
1341 1040 1562 1112 πρώτης
1587 1039 1679 1093 καὶ

101 1134 364 1204 δευτέρας
389 1134 494 1197 ἓως
515 1135 614 1204 τῆς
638 1134 954 1196 τελευταίας
980 1132 1246 1204 τυχούσης
1283 1131 1464 1201 βίϐλου
1502 1135 1681 1200 ἐγκει-

105 1225 302 1294 μένης·
341 1225 421 1277 ὅτι
459 1227 492 1296 ἡ
519 1225 618 1296 μὲν
651 1225 840 1296 πρώτη
869 1223 1049 1294 βίϐλος
1079 1223 1192 1294 ἔχει
1225 1222 1464 1294 αἱρέσεις
1493 1221 1587 1292 μς¹
1623 1222 1681 1272 ἐν

101 1315 292 1385 τόμοις
325 1316 491 1387 τρισί.
549 1317 612 1368 Ἡ
641 1316 699 1368 δὲ
740 1315 968 1384 δευτέρα
1002 1315 1181 1383 βίϐλος
1224 1313 1463 1385 αἱρέσεις
1491 1319 1598 1380 κγ’,
1625 1315 1680 1366 ἐν

97 1404 290 1472 τόμοις
323 1402 496 1457 δυσίν.
535 1400 600 1454 Ἣ
630 1401 686 1454 δὲ
737 1403 890 1473 τρίτη
921 1402 1100 1472 βίϐλος
1141 1403 1379 1474 αἱρέσεις
1407 1403 1494 1468 ια’,
1521 1407 1578 1457 ὲν
1603 1404 1696 1458 τό·-

103 1511 231 1565 μοις
250 1494 422 1549 δυσίν.
447 1494 656 1558 Πάντες
679 1493 858 1547 τοίνυν
886 1497 934 1548 οἱ
961 1493 1040 1565 τῷ
1071 1495 1342 1568 πονήματι
1375 1499 1406 1568 ἡ
1417 1495 1534 1566 μῶν
1566 1513 1700 1568 συμ-

99 1585 414 1650 πονοῦντες,
460 1588 554 1640 καὶ
599 1586 973 1658 σπουδάσματι
1025 1589 1370 1657 ἐντυγχάνειν
1425 1589 1697 1659 μακροθυ-

1779 501 1952 547 totum
1981 507 2120 562 opus
2159 499 2303 547 esset
2331 490 2713 554 distributum,
2757 491 2953 546 deinde
2981 498 3114 560 quot
3155 498 3208 545 et
3251 505 3350 543 cu-

1775 582 2016 651 jusmodi
2067 584 2122 637 in
2169 596 2612 652 unumquemque
2673 581 2872 634 librum
2915 580 3160 649 conjecta
3217 580 3346 633 sint.

1782 673 1912 740 Quae
1954 675 2229 730 memoriae
2260 689 2428 730 causa
2460 674 2527 728 ad
2577 675 2839 729 lectorum
2890 674 3179 728 utilitatem
3221 670 3350 728 libet

1781 767 1886 822 hoc
1917 767 2040 820 loco
2063 775 2331 836 repetere.

1851 857 1967 912 XX.
2011 857 2146 913 Tres
2177 859 2360 929 itaque
2387 858 2513 912 libri
2539 864 2666 912 sunt
2695 863 2898 927 septem
2934 857 2990 910 in
3023 864 3199 910 tomos
3227 869 3350 924 par-

1781 944 1889 998 titi.
1920 943 2140 1002 Primus
2173 945 2314 1000 liber
2344 945 2580 1000 haereses
2612 959 2707 1000 sex
2737 953 2790 998 et
2813 944 3170 1013 quadraginta
3194 955 3347 996 com-

1781 1035 2083 1105 plectitur:
2117 1051 2348 1106 quarum
2396 1037 2616 1092 nomina
2665 1036 2980 1106 singillatim
3023 1048 3352 1104 percensen-

1785 1135 1892 1194 tur,
1941 1137 2158 1184 servato
2211 1128 2412 1198 prioris
2457 1135 2510 1182 et
2550 1128 2865 1197 posterioris
2917 1141 2978 1179 ac
3021 1125 3352 1194 reliquarum

1783 1219 2039 1288 deinceps
2076 1219 2140 1272 ad
2179 1225 2509 1288 postremam
2562 1231 2734 1286 usque
2769 1217 2893 1270 libri
2935 1215 3104 1270 totius
3137 1213 3350 1267 ordine.

1785 1308 1925 1380 Ergo
1974 1311 2182 1380 primus
2207 1311 2339 1365 liber
2375 1310 2534 1364 tomis
2564 1309 2740 1364 tribus
2766 1324 2888 1362 XLVI
2913 1308 3146 1362 haereses
3188 1306 3356 1359 conti-

1783 1409 1910 1468 net;
1943 1401 2216 1456 secundus
2271 1401 2434 1455 tomis
2461 1399 2677 1454 duobus
2708 1400 2941 1455 haereses
3008 1414 3180 1465 xxm;
3237 1406 3322 1448 ter
3345 1423 3357 1432 -

1784 1494 1894 1546 tius
1925 1491 2160 1562 denique
2192 1491 2403 1547 duobus
2449 1491 2609 1546 tomis
2656 1492 2889 1546 haereses
2923 1505 2996 1542 χι.
3032 1487 3142 1542 Vos
3191 1487 3358 1556 igitur

1784 1597 1994 1646 omnes,
2030 1582 2124 1652 qui
2173 1597 2515 1636 communem
2553 1582 2696 1636 hunc
2735 1596 2946 1636 mecum
2978 1579 3216 1635 laborem
3263 1591 3356 1631 ca-

101 1678 356 1749 μοῦντες,
387 1678 720 1750 διερχόμενοί
757 1697 848 1740 τε,
883 1678 1272 1750 παρακλήθητε
1305 1681 1396 1733 καὶ
1428 1679 1685 1752 ἀξιώθητε

1799 1674 2030 1743 pessitis,
2061 1683 2116 1729 et
2163 1674 2306 1727 hanc
2337 1680 2581 1728 nostram
2617 1673 3052 1727 lucubrationem
3085 1670 3359 1740 patienter

95 1770 200 1840 τὴν
224 1769 490 1838 ὠφέλειαν
521 1769 905 1841 ὲπικερδῆσαι,
935 1771 1004 1823 τὰ
1035 1770 1090 1822 δὲ
1118 1769 1255 1841 ἀηδῆ
1297 1769 1404 1823 τῶν
1431 1769 1685 1840 αἱρέσεων

1799 1765 2032 1820 evolvere
2067 1763 2318 1832 studetis,
2355 1781 2488 1836 rogo
2532 1765 2828 1834 plurimum
2885 1773 2939 1817 et
2978 1763 3258 1824 exhortor,
3305 1767 3360 1814 et

95 1862 213 1916 ἀπὸ
236 1860 332 1914 τοῦ
361 1861 480 1924 νοὸς
501 1861 823 1931 ἀποτρέψαι.
851 1861 926 1914 Οὐ
955 1861 1064 1932 γὰρ
1089 1863 1165 1923 εἰς
1194 1859 1396 1931 βλάϐην
1423 1859 1691 1914 ἀπεκαλύ-

94 1954 306 2024 ψαμεν,
344 1953 457 2007 ἀλλ’
505 1957 582 2018 είς
618 1953 883 2022 ὠφέλειαν
925 1953 1018 2006 καὶ
1065 1954 1446 2022 παρατήρησιν
1475 1949 1566 2002 τοῦ
1615 1949 1691 2021 μὴ

95 2047 366 2114 ἐμπεσεῖν
382 2047 463 2109 εἰς
491 2045 785 2114 ἐπαγωγὴν
805 2043 914 2097 τῶν
936 2043 1366 2116 προειρημένων.
1391 2040 1698 2103 Διελθόντες

91 2136 150 2190 δὲ
171 2135 268 2188 τὸν
291 2135 468 2190 πάντα
493 2137 736 2206 κάματον
760 2134 792 2204 ἢ
824 2136 916 2188 καὶ
945 2134 1107 2206 μέρη,
1127 2133 1266 2203 ὑπὲρ
1290 2131 1445 2202 ἡμῶν
1468 2129 1698 2196 εὔξασθε

93 2225 194 2278 καὶ
239 2225 616 2290 καταξιώσατε
646 2225 732 2278 ἵνα
775 2226 803 2276 ό
847 2223 980 2286 Θεὸς
1016 2221 1125 2294 δῴη
1163 2221 1328 2292 μέρος
1364 2221 1496 2290 ἡμῖν
1539 2219 1597 2270 ὲν
1627 2219 1695 2288 τῇ

93 2317 232 2389 ἁγίᾳ
269 2318 366 2374 καὶ
415 2317 548 2390 μόνῃ
597 2317 857 2388 καθολικῇ
895 2315 990 2369 καὶ
1039 2312 1369 2382 ἀποστολικῇ
1395 2309 1698 2380 Ἐκκλησία

91 2409 192 2462 καὶ
218 2409 446 2482 ἀληθινῇ
487 2412 578 2464 καὶ
603 2408 806 2480 ζωτικῇ
832 2409 926 2461 καὶ
951 2405 1306 2479 σωτηριώδει,
1340 2404 1434 2458 καὶ
1466 2403 1696 2475 ῥύσηται

103 2495 260 2565 ἡμᾶς
309 2493 418 2546 ἀπὸ
472 2492 650 2563 πάσης
693 2493 992 2563 αἱρέσεωςο
1025 2494 1120 2546 καὶ
1154 2493 1207 2544 εἴ
1231 2510 1282 2545 τι
1321 2493 1394 2556 ὡς
1416 2493 1690 2564 ἅνθρωποι

109 2582 186 2653 μὴ
220 2582 506 2651 δυνάμενοι
535 2582 627 2634 ἐπὶ
675 2581 735 2634 τὺ
788 2582 962 2652 πέρας
1001 2582 1402 2651 ἀποτεινόμενοι
1426 2582 1526 2652 τῆς
1559 2583 1692 2634 ἀκα-

106 2673 388 2742 ταλήπτου
411 2671 502 2725 καὶ
543 2672 934 2741 ἀνεκδιηγήτου
965 2670 1236 2740 θεότητος,
1271 2671 1382 2723 ἀλλ’
1408 2671 1482 2734 ὡς
1515 2688 1693 2724 στενο-

105 2760 449 2831 χωρούμενοι
491 2763 570 2824 είς
615 2760 931 2827 ἀπολογίαν,
969 2760 1109 2830 ὑπὲρ
1151 2758 1283 2812 Θεοῦ
1333 2759 1692 2829 διηγήσασθαι

106 2853 474 2925 ἀνθρωπίνως
497 2855 748 2923 ἠναγκασ
755 2851 904 2922 μένοι
917 2850 1007 2903 τόλ
1015 2867 1088 2921 μῃ
1110 2850 1308 2920 ἠνέχθη
1319 2867 1436 2920 μεν,
1461 2867 1696 2918 συγγνω-

110 2944 410 3014 μονοῦντος
431 2944 526 2998 τοῦ
546 2941 682 2997 Θεοῦ
709 2943 803 2996 καὶ
827 2941 984 3013 ὑμεῖς
1000 2943 1154 2996 αὐτοὶ⁹
1179 2944 1690 3013 συγγνωμονῆσατε.

1787 1855 1862 1908 uti
1903 1855 2054 1925 digni
2099 1854 2222 1909 sitis
2253 1855 2472 1925 postulo
2523 1853 2763 1908 fructum
2812 1853 2975 1907 istinc
3026 1853 3260 1921 aliquem
3307 1859 3360 1903 et

1787 1946 2076 2000 utilitatem
2132 1945 2350 2016 capere,
2396 1955 2558 2015 atque
2607 1946 2884 2000 haereseon
2935 1943 3238 1997 molestiam
3295 1955 3360 1994 ac

1787 2036 2083 2106 perniciem
2109 2037 2188 2090 ab
2231 2038 2429 2092 animis
2475 2037 2672 2092 vestris
2701 2036 3018 2105 longissime
3057 2047 3356 2088 rem0vere.

1788 2127 1906 2180 Non
1939 2127 2084 2182 enim
2131 2127 2252 2182 illas
2299 2128 2624 2196 cujusquam
2654 2127 2720 2182 ad
2745 2119 2989 2181 fraudem
3029 2125 3362 2193 exitiumque

1789 2215 2167 2286 patefecimus,
2201 2218 2295 2272 sed
2323 2219 2390 2272 ad
2422 2219 2710 2274 utilitatem
2742 2227 2904 2289 atque
2932 2216 3268 2283 cautionem,
3297 2231 3364 2270 ne

1791 2307 1858 2360 ad
1910 2315 2370 2364 commemoratas
2429 2310 2554 2364 illas
2607 2309 2841 2366 haereses
2903 2309 3175 2365 illecebris
3238 2307 3366 2360 ullis

1791 2397 2080 2468 quisquam
2113 2399 2484 2469 pertrahatur.
2509 2400 2682 2456 Porro
2711 2402 2805 2456 ubi
2828 2407 3000 2456 totum
3033 2401 3180 2455 istud
3201 2415 3364 2469 opus,

1791 2489 1982 2558 ejusve
2009 2501 2216 2560 partem
2244 2493 2482 2562 aliquam
2511 2493 2739 2562 legendo
2763 2494 3166 2563 percurreritis,
3196 2491 3366 2546 Deum

1793 2597 1892 2651 pro
1915 2583 2075 2638 nobis
2108 2584 2472 2649 obsecratote,
2497 2594 2550 2640 et
2584 2587 2717 2640 illud
2752 2587 3046 2656 impetrare
3073 2584 3365 2647 studetotc,

1793 2673 1954 2729 nobis
1981 2683 2040 2728 ut
2071 2675 2160 2730 ille
2199 2676 2377 2732 locum
2419 2677 2652 2746 aliquem
2696 2678 2751 2731 in
2791 2685 2980 2732 sancta
3019 2677 3243 2746 solaque
3276 2689 3370 2729 ca-

1797 2765 2000 2819 tholica
2041 2776 2097 2820 et
2125 2767 2424 2835 apostolica
2453 2767 2718 2832 Ecclesia,
2758 2768 3058 2838 eademque
3098 2781 3246 2830 vera,
3287 2766 3370 2820 vi-

1795 2856 1975 2920 viﬁca,
2015 2857 2352 2928 salutarique
2383 2859 2622 2926 tribuat,
2659 2869 2772 2914 tum
2819 2869 2878 2914 ut
2914 2875 3016 2914 nos
3045 2859 3114 2914 ab
3145 2859 3369 2914 haeresis

1797 2949 1976 3004 omnis
2027 2949 2354 3020 contagione
2401 2951 2612 3006 liberet.
2648 2951 2805 3017 Quod
2851 2951 2894 3007 si
2939 2951 3242 3022 quidpiam,
3291 2959 3371 3004 ut-

107 3039 220 3092 Καὶ
251 3036 420 3089 πάλιν
447 3033 834 3104 ὒπερεύχεσθε,
866 3032 951 3085 ἴνα
980 3034 1008 3085 ὁ
1041 3032 1246 3103 Κύριος
1275 3034 1338 3104 ἢν
1371 3031 1685 3104 ᾐτησάμεθα

1799 3051 1925 3111 pote
1962 3042 2236 3106 homines,
2267 3045 2359 3113 qui
2403 3045 3010 3114 incomprehensibilem
3045 3051 3100 3098 et
3140 3043 3372 3112 inexpli—

109 3129 316 3198 μερίδα
342 3129 471 3198 ἡμῖν
493 3127 601 3198 δῴη
629 3130 686 3180 ἐν
731 3131 797 3198 τῇ
842 3127 971 3198 ἁγίᾳ
1009 3125 1173 3179 αὐτοῦ
1215 3125 1393 3177 πίστει
1424 3125 1518 3178 κοιλ¹
1558 3123 1692 3194 μόνῃ

109 3219 516 3292 ἀπηλλαγμένῃ
559 3219 738 3291 πάσης
795 3218 1189 3288 ἐναντιότητος,
1250 3216 1342 3269 καὶ
1390 3216 1498 3270 τῶν
1549 3215 1692 3270 ἰδίων

107 3307 530 3380 ἁμαρτημάτων
565 3307 772 3361 πολλῶν
808 3307 976 3361 ὄντων
1011 3306 1358 3377 συγχώρησιν
1399 3307 1693 3376 ποιήσηται

107 3403 168 3456 ὲν
193 3400 422 3472 Χριστῷ
471 3401 645 3472 Ἰησοῦ
681 3401 760 3473 τῷ
797 3401 986 3472 Κυρίῳ
1015 3399 1204 3471 ἡμῶν·
1230 3399 1297 3452 δι’
1334 3393 1394 3452 οῦ
1441 3401 1532 3452 καὶ
1578 3400 1694 3469 μεθ’

107 3489 172 3550 οὗ
195 3495 332 3561 δόξα.
361 3493 438 3564 τῷ
469 3494 647 3566 Πατρὶ
697 3495 793 3548 σὺν
850 3495 988 3565 ἁγίῳ
1033 3491 1309 3559 Πνεύματι
1355 3495 1435 3555 εἰς
1472 3491 1692 3556 αίῶνας.

122 3587 330 3656 Ἀμήν.

1802 3134 2034 3188 cabilem
2088 3135 2236 3189 illam
2281 3135 2618 3190 divinitatem
2663 3137 2880 3204 penitus
2923 3134 3162 3204 assequi,
3215 3142 3269 3188 et
3303 3133 3372 3188 ad

1797 3234 2104 3279 extremum
2141 3239 2314 3294 usque
2337 3232 2626 3296 penetrare
2661 3225 2870 3296 1103
2896 3241 3002 3280 non
3041 3241 3334 3296 possumus
3355 3264 3371 3290 ,

1803 3313 1898 3370 sed
1949 3315 2005 3368 in
2055 3317 2336 3386 angustias
2373 3332 2467 3372 eas
2518 3318 2776 3386 conjecti,
2808 3325 2870 3371 ut
2913 3317 3080 3372 divini
3130 3319 3384 3373 numinis.

1799 3405 2176 3475 propugnandi
2232 3408 2406 3476 gratia
2466 3407 2715 3478 quaedam
2755 3423 2856 3476 pro
2921 3409 3158 3463 humano
3210 3415 3382 3478 captu-

1799 3493 2074 3549 disserere
2105 3495 2277 3550 coacti
2309 3496 2519 3562 simus;
2555 3498 2600 3551 si
2624 3497 2779 3568 quid,
2807 3499 3051 3570 inquam,
3087 3499 3248 3568 paulo
3276 3515 3375 3562 au-

1801 3584 1992 3639 dacius
2026 3583 2277 3651 fecimus,
2314 3587 2658 3642 condonante
2689 3587 2821 3652 Deo,
2852 3603 2948 3644 vos
2974 3597 3028 3642 et
3067 3589 3210 3644 istud
3243 3590 3375 3644 mihi

109 3679 442 3735 condonare
474 3677 676 3733 velitis.
711 3678 789 3732 Ac
822 3691 1042 3732 rursum
1073 3675 1208 3731 illud
1255 3690 1376 3730 mea
1410 3690 1576 3729 causa
1609 3675 1794 3744 petite,
1842 3677 1917 3729 uti
1947 3676 2233 3742 Dominus,
2263 3694 2426 3748 quam
2455 3681 2523 3734 ab
2585 3695 2652 3735 eo
2711 3687 2913 3736 sortem
2975 3679 3376 3736 conditionem-

107 3789 220 3844 que
259 3774 470 3844 precati
517 3787 731 3840 sumus,
773 3773 830 3826 in
877 3772 1224 3827 sanctissima
1265 3787 1362 3826 sua
1410 3771 1694 3841 religione,
1728 3787 1851 3842 quae
1882 3774 1999 3828 sola
2030 3774 2098 3827 ab
2129 3775 2278 3828 omni
2309 3774 2748 3830 contradictione
2795 3775 2966 3830 libera
3011 3762 3122 3841 est,
3177 3789 3378 3830 conce-

109 3867 244 3922 dere
289 3883 402 3922 non
452 3876 726 3937 gravetur,
775 3881 837 3920 ac
889 3874 1240 3938 peccatorum
1281 3882 1546 3932 meorum,
1593 3883 1715 3937 qua:
1760 3869 1898 3924 bene
1943 3870 2114 3924 multa
2160 3877 2308 3936 sunt,
2367 3871 2598 3940 gratiam
2647 3869 2844 3936 facere,
2883 3870 2937 3924 in
2979 3867 3198 3925 Christo
3249 3869 3380 3926 Jesu

109 3962 352 4016 Domino
379 3969 570 4016 nostro
602 3978 617 4016 :
647 3976 745 4030 per
777 3975 935 4030 quem
969 3968 1023 4015 et
1049 3975 1173 4014 cum
1200 3975 1309 4030 quo
1341 3960 1512 4028 gloria
1546 3959 1694 4016 Patri
1734 3977 1856 4016 cum
1894 3961 2102 4032 Spiritu
2134 3971 2330 4018 sancto
2352 3964 2404 4017 in
2437 3965 2654 4018 saecula.
2685 3963 2880 4023 Amen.

183 4055 326 4108 KA’.
361 4053 522 4107 Καὶᾶ
557 4054 654 4123 μὲν
690 4055 818 4126 περὶ
852 4055 1086 4118 πίστεως
1117 4054 1230 4124 ἔχει
1297 4055 1434 4124 αὕτη
1475 4056 1508 4124 ἡ
1562 4055 1696 4124 μόνη

111 4147 386 4218 καθολικὴ
433 4146 752 4218 Ἐκκλησία,
819 4149 911 4200 καὶ
973 4147 1269 4217 περιστερὰ
1325 4148 1550 4210 ἄκακος,
1603 4147 1700 4216 μία

109 4236 252 4292 οὖσα
275 4237 358 4309 τῷ
378 4239 531 4310 ἀνδρὶ
547 4239 736 4310 αὐτῆς,
773 4237 848 4301 ὠς
877 4238 1054 4306 λέγει·
1087 4240 1208 4291 Μία
1230 4239 1360 4290 ἐστὶ
1384 4237 1702 4304 περιστερά

109 4347 252 4398 μου,
288 4329 386 4381 καὶ
416 4327 619 4398 ὁμοίως
672 4329 800 4400 περὶ
847 4327 953 4381 τῶν
993 4327 1285 4397 ἀμυθήτων
1327 4327 1582 4380 νεανίδων
1625 4321 1700 4381 ὧν

111 4422 216 4474 οὐκ
241 4420 398 4473 ἐστιν
428 4419 680 4490 ἀριθμὸς,
740 4419 1016 4488 συντόμως
1065 4417 1276 4487 ἔφημεν
1295 4434 1308 4447 θ
1342 4418 1468 4489 περί
1505 4436 1564 4470 τε
1591 4419 1702 4472 Πα-

111 4512 245 4582 τρὸς
271 4511 374 4564 καὶ
401 4511 533 4563 Υίοῦ
581 4513 676 4564 καὶ
716 4511 870 4578 ἀγίου
911 4509 1226 4579 Πνεύματος
1261 4511 1699 4580 ὁμοουσιότητος,

113 4603 210 4655 καὶ
248 4601 384 4672 περὶ
416 4603 516 4672 τῆς
544 4601 809 4671 ὲνσάρκου
849 4600 1084 4670 Χριστοῦ
1125 4601 1218 4654 καὶ
1255 4599 1465 4664 τελείας
1503 4617 1704 4671 παρου-

115 4693 264 4756 σίας,
301 4693 398 4745 καὶ
445 4692 618 4745 ἄλλων
648 4693 826 4762 μερῶν
866 4691 966 4761 τῆς
1011 4692 1277 4753 πίστεως·
1321 4691 1450 4761 περὶ
1489 4691 1706 4761 θεσμῶν

113 4779 170 4832 δὲ
189 4780 296 4850 τῆς
325 4779 496 4848 αὐτῆς
521 4779 630 4850 (85)
656 4781 712 4831 ὲν
736 4778 898 4850 ὀλίγῳ
931 4779 1030 4849 μέν
1053 4779 1140 4850 μοί
1157 4779 1272 4832 ἐστι
1301 4779 1460 4836 πάλιν
1494 4779 1705 4852 ἀνάγκη

189 4935 208 4964 ¹
239 4934 410 4988 Cant.
451 4948 525 4998 Vl,
555 4931 610 4987 8.

187 5089 314 5156 (85)
359 5088 499 5158 Περὶ
525 5088 762 5158 θεσμῶν
791 5088 858 5142 δὲ
890 5089 1000 5160 τῆς
1019 5088 1227 5157 αὐτῆς.
1278 5089 1505 5160 Egregia
1549 5091 1706 5145 dein-

117 5177 252 5230 ceps
279 5176 350 5215 ac
383 5161 676 5226 singularis
709 5159 1004 5229 disputatio
1037 5161 1284 5230 sequitur
1317 5159 1384 5214 de
1414 5159 1703 5229 praecipuis

119 5229 390 5285 Ecclesiie
409 5231 638 5296 ritibus;
665 5245 825 5298 quem
857 5230 1004 5283 velut
1033 5229 1403 5283 characterem
1426 5244 1488 5283 ac
1519 5239 1702 5284 notam

120 5301 376 5363 adhibet,
408 5300 616 5369 quo,ab
652 5299 968 5354 adulterinis
1012 5299 1410 5353 conventiculis
1436 5300 1704 5354 catholica

121 5371 380 5426 Ecclesia
432 5370 789 5439 dignoscitur.
851 5369 1059 5434 Quibus
1103 5383 1204 5423 nos
1253 5370 1588 5439 argumentis
1647 5384 1710 5422 ac

121 5441 308 5510 signis
338 5438 586 5510 perinde
622 5441 724 5494 hoc
772 5445 1016 5510 tempore
1059 5453 1244 5510 veram
1298 5438 1362 5492 ac
1407 5439 1706 5510 Romanam

125 5508 439 5564 Ecclesiam
487 5508 670 5564 a-faece
712 5509 1132 5563 novissimarum
1163 5508 1442 5564 haareseon
1478 5509 1711 5564 secerni-

123 5595 276 5633 mus.
313 5577 448 5648 Nam
477 5579 720 5648 plerique
748 5593 939 5633 omnes
973 5577 1050 5631 illi
1082 5578 1280 5648 veteris
1309 5577 1564 5648 Ecclesiae
1593 5593 1711 5632 mo-

128 5665 218 5704 res
267 5649 328 5702 in
367 5646 644 5702 Romanae
671 5665 772 5704 usu
813 5663 877 5702 ac
925 5646 1318 5704 consuetudine
1369 5647 1706 5703 resederunt.

127 5718 408 5790 Quocirca
430 5720 588 5788 pauci
611 5718 812 5795 illi,qui
831 5725 1144 5790 supersunt,
1169 5718 1378 5774 numeri
1401 5733 1594 5790 magno
1619 5732 1710 5774 ca-

1879 4054 2022 4109 XXI.
2069 4055 2340 4126 Hactenus
2382 4056 2547 4126 igitur
2573 4071 2821 4125 quaenam
2852 4061 2996 4110 esset
3023 4056 3184 4109 unius
3215 4063 3268 4109 et
3293 4069 3380 4108 ca.

1807 4145 2021 4199 tbolicae
2053 4125 2310 4200 Ecclesiae
2341 4125 2497 4211 ﬁdes,
2545 4146 2831 4215 simplicis,
2863 4145 3109 4215 inquam,
3151 4145 3297 4200 illius
3324 4152 3380 4200 et

1807 4237 2116 4292 innocentis
2161 4239 2446 4304 columbae,
2478 4253 2601 4308 quae
2635 4238 2800 4292 unica
2845 4246 2930 4293 est
2980 4237 3099 4292 viro
3133 4253 3256 4304 suo,
3300 4239 3380 4292 uti

1809 4328 2073 4396 scriptum
2117 4337 2200 4384 est.
2231 4347 2244 4382 :
2280 4327 2398 4382 Una
2434 4337 2511 4383 est
2552 4329 2794 4383 columba
2839 4345 2954 4383 mea
2977 4331 3016 4393 ¹,
3051 4345 3154 4386 nec
3183 4345 3294 4384 non
3325 4337 3382 4386 et

1805 4420 1872 4475 de
1902 4419 2132 4475 inﬁnitis
2180 4419 2626 4486 adolescentulis,
2673 4436 2902 4491 quarum
2949 4422 3076 4476 iniri
3118 4437 3383 4478 numerus

1806 4527 1916 4566 non
1944 4519 2144 4580 potest,
2179 4527 2286 4581 qua
2320 4513 2599 4582 potuimus
2627 4501 2893 4569 brevitate
2933 4513 3333 4584 disputavimus
3363 4530 3378 4570 :

1806 4602 2168 4673 inprimisque
2213 4603 2282 4658 de
2337 4603 2528 4658 eadem
2576 4601 2756 4658 Patris
2807 4611 2860 4659 et
2921 4603 3042 4658 Filii
3089 4619 3154 4658 ac
3205 4603 3382 4674 Spiri-

1809 4701 1899 4748 tus
1952 4693 2128 4746 sancti
2165 4692 2498 4759 substantia,
2546 4692 2721 4763 deque
2767 4691 3006 4763 perfecta
3036 4694 3238 4750 Christi
3270 4695 3382 4749 Do-

1814 4781 1946 4836 mini
1979 4781 2378 4846 incarnatione,
2414 4796 2477 4836 ac
2505 4781 2730 4854 reliquis
2756 4781 2878 4861 ﬁdei
2912 4783 3381 4854 capitibus.Nunc

1815 5089 2038 5146 tholicis
2049 5087 2304 5143 omnibus
2322 5085 2441 5141 usui
2465 5099 2586 5140 esse
2603 5089 2851 5153 possunt,
2870 5092 2930 5138 ut
2946 5084 3207 5141 adversus
3224 5101 3386 5142 novo-

1809 5177 1930 5214 rum
1955 5157 2233 5212 hominum
2259 5155 2526 5226 insaniam
2550 5155 3000 5226 atqueinscitiam
3016 5165 3380 5224 opponantur.

1811 5231 1888 5284 Ac
1913 5229 1960 5283 si
1989 5228 2054 5282 de
2079 5227 2308 5295 singulis
2339 5225 2448 5278 illis
2477 5223 2672 5295 ritibus
2695 5223 2856 5292 paulo
2879 5223 3189 5295 accuratius
3218 5227 3387 5280 verba
3451 5269 3458 5278 .

1811 5299 1990 5352 facere
2020 5293 2234 5357 vellem,
2267 5293 2578 5364 ingentibus
2611 5293 3017 5364 commentariis
3051 5308 3188 5363 Opus
3217 5304 3382 5364 esset.

1814 5367 1892 5423 Ne
1919 5367 2054 5420 nihil
2081 5379 2212 5420 vero
2237 5363 2439 5428 dicam,
2463 5363 2736 5432 pracipua
2763 5363 3007 5431 quaedam
3033 5378 3099 5417 ex
3125 5365 3190 5418 iis
3216 5363 3386 5420 libare

1815 5437 2040 5507 placuit,
2095 5449 2216 5504 quae
2264 5435 2320 5488 in
2366 5431 2696 5513 adversariis
2751 5433 2991 5496 nostris,
3045 5434 3272 5513 promite
3325 5445 3386 5488 ut

1816 5504 2096 5562 auctorem
2145 5516 2414 5573 quemque
2466 5504 2521 5555 in
2556 5517 2750 5573 manus
2771 5516 3040 5572 ceperam,
3079 5504 3388 5573 promiscue

1817 5578 2073 5632 adnotata
2097 5571 2293 5644 reperi.
2326 5571 2554 5626 ’Perav.
2617 5571 2775 5642 (Vide
2829 5571 2886 5626 in
2921 5571 3234 5696 Aspendice
3267 5574 3384 5631 dis-

1819 5646 2168 5696 sertationem
2199 5643 2276 5696 De
2309 5641 2562 5696 veteribus
2600 5642 2914 5696 auibusdam
3004 5644 3204 5696 celeria:
3263 5646 3384 5696 τίτί-

1819 5641 2172 5702 sertationem
2199 5643 2276 5700 De
2309 5641 2562 5698 veteribus
2600 5642 2914 5713 quibusdam
2957 5641 3204 5701 Ecclesia
3263 5646 3394 5706 τίτί-υ.

1821 5715 1960 5788 bus.)
