3854 6314
475 327 581 373 8⁸25

1874 315 1932 369 5.
1973 313 2308 368 ΕΡΙΡΙΙΛΝΙΙ

473 435 542 488 de
573 431 818 502 ejusdem
855 429 1110 486 Ecclesiae
1135 431 1511 486 sanctionibus
1538 448 1600 484 ac
1633 433 1841 502 legibus
1864 448 2033 506 pauca

2145 429 2481 502 παραθέσθαι
2515 429 2623 481 τῶν
2642 427 2817 482 αὐτῶν
2850 423 3066 494 θεσμῶν
3090 422 3194 477 ἀπὸ
3219 422 3426 493 -μὲρους
3461 423 3529 475 τὸ
3559 419 3719 485 εἶδος,

473 527 604 579 mihi
647 539 871 578 necesse
921 533 1027 587 est,
1063 524 1240 593 deque
1286 524 1597 578 earumdem
1642 525 1835 584 forma,
1864 526 2041 594 aliqua

473 617 666 667 saltem
714 628 781 666 ex
849 619 1000 681 parte
1059 613 1344 681 persequi;
1401 628 1740 683 quaecumque
1785 614 2039 668 nimirum

473 705 691 775 proprie
727 705 855 758 olim
883 705 934 758 in
969 707 1084 774 ipsa
1112 714 1326 760 servata
1361 715 1489 760 sunt
1526 706 1794 775 hodieque
1822 721 2043 760 servan-

472 807 582 858 tur,
636 798 833 866 partim
884 812 945 852 ex
1003 805 1309 866 praecepto.
1369 799 1562 866 partim
1614 813 1679 850 ex
1732 797 2044 851 inductione

474 889 663 951 animi,
690 888 798 940 Deo
813 905 877 942 ex
906 888 1208 956 disciplinae
1245 904 1355 940 sua:
1376 889 1574 942 virtute
1598 888 1830 941 fructum
1855 904 2042 956 quem-

474 977 598 1031 dam
621 979 1062 1048 voluptatemque
1093 979 1360 1047 capiente.
1390 978 1624 1048 Crepido
1651 978 1814 1047 igitur
1845 993 1908 1032 ac
1934 979 2044 1031 vel-

477 1081 534 1123 ut
579 1070 780 1139 gradus
810 1069 1030 1137 quidam
1074 1070 1128 1122 in
1176 1069 1417 1123 Ecclesia
1453 1070 1734 1139 virginitas
1777 1077 1881 1130 est,
1919 1085 2042 1138 qua:

474 1177 504 1214 a
557 1160 1078 1231 plerisquecolitur
1121 1169 1175 1212 et
1224 1164 1564 1224 observatur,
1611 1168 1664 1213 et
1723 1160 1778 1212 in
1837 1159 2038 1214 illustri

472 1251 706 1319 quadam
735 1251 907 1321 gloria
945 1267 1008 1305 ac
1039 1251 1424 1319 praedicatione
1450 1258 1710 1305 versatur.
1744 1249 2038 1321 Virginita-

473 1351 578 1398 tem
611 1343 855 1396 solitaria
891 1343 999 1394 vita
1030 1342 1276 1410 proxime
1318 1343 1564 1412 sequitur
1599 1362 1610 1396 :
1647 1357 1806 1411 quam
1836 1345 1889 1395 in
1927 1342 2038 1411 ple-

473 1435 657 1502 risque
688 1449 852 1488 sexus
887 1434 1174 1503 utriusque
1215 1435 1496 1488 monachis
1526 1435 1792 1489 videmus.
1833 1433 2036 1489 Secun-

472 1526 598 1578 dum
629 1527 769 1579 hanc
796 1527 1129 1580 continentia
1169 1529 1233 1580 ad
1275 1528 1414 1582 idem
1453 1529 1668 1596 pietatis
1699 1529 2037 1582 curriculum

474 1616 697 1670 fundata
741 1624 826 1670 est
854 1631 917 1670 ac
962 1617 1223 1671 stabilita.
1256 1616 1458 1671 Deinde
1484 1617 1720 1672 viduitas
1758 1633 1882 1670 cum
1915 1617 2039 1670 dili-

471 1708 614 1777 genti
643 1715 958 1776 attentaquc
993 1708 1246 1763 cautione
1299 1716 1352 1764 et
1385 1718 1535 1763 casta
1565 1710 1887 1779 sinceraque
1918 1711 2039 1763 vitae

2145 525 2353 592 ὅσαπερ
2383 521 2540 590 φύσει
2594 518 2935 586 πεφύλακται
2979 518 3035 568 ὲν
3075 517 3208 584 αὐτῇ
3237 516 3332 567 καὶ
3357 514 3716 582 φυλάσσεται,

2144 615 2213 668 τὰ
2239 614 2336 684 μὲν
2365 616 2428 666 ὲκ
2460 611 2902 682 προστάγματος,
2931 607 2998 659 τα
3028 607 3086 659 δὲ
3108 606 3248 659 κατᾶ
3278 605 3554 674 ἀποδοχὴν
3586 622 3718 674 προ-

2144 703 2425 774 αιρέσεως,
2453 701 2546 753 τοῦ
2567 699 2701 752 Θεοῦ
2719 699 3000 769 χαίροντος
3029 697 3118 749 ἐπὶ
3139 698 3204 764 τῇ
3235 698 3401 764 ἀρετῇ
3425 696 3529 767 τῆς
3556 695 3715 747 αὑτοῦ

2142 793 2506 854 διδασκαλίας.
2536 790 2644 843 Καὶ
2671 784 2884 860 πρῶτον
2911 788 3008 857 μὲν
3041 787 3243 855 κρηπὶς
3281 787 3396 842 καὶ,
3418 786 3497 846 ὡς
3523 787 3716 844 εἰπεῖν,

2146 885 2348 955 βαθμὸς
2391 885 2449 934 ὲν
2492 883 2681 950 αύτῇὴ
2720 879 2988 949 παρθενία
3021 878 3154 948 (86),
3189 877 3503 946 ἁσκουμένη
3536 893 3599 927 τε
3630 877 3717 928 καὶ

2144 971 2514 1042 φυλαττομένη
2554 970 2704 1041 παρὰ
2750 968 2963 1030 πολλοῖς
3003 968 3096 1020 καὶ
3137 965 3556 1036 ὲνδοξαζομένη.
3590 967 3716 1016 Συν-

2143 1063 2401 1117 έπεταιδὲ
2427 1064 2492 1131 τῇ
2523 1061 2660 1130 αὐτῇ
2690 1059 3010 1129 παρθενίαὴ
3044 1058 3293 1127 μονότης,
3326 1057 3478 1126 παρὰ
3511 1056 3718 1108 πλείοσι

2140 1154 2248 1207 τῶν
2279 1153 2616 1224 μοναζόντων
2656 1153 2749 1204 καὶ
2800 1149 3161 1220 μοναξουσῶν.
3197 1151 3348 1200 Μετὰ
3379 1148 3591 1217 ταύτην
3630 1150 3716 1214 ἐγ-

2143 1247 2366 1318 κράτεια
2389 1247 2480 1297 ἐπὶ
2499 1244 2588 1296 τὸν
2611 1245 2767 1296 αὑτὸν
2789 1243 2985 1312 δρόμον
3001 1240 3462 1310 τεθεμελιωμένη.
3488 1239 3720 1291 Ἐπειτα

2139 1339 2196 1391 δὲ
2259 1336 2531 1408 χηροσύνη
2571 1335 2709 1404 μετὰ
2750 1333 2930 1403 πάσης
2979 1334 3250 1402 προσοχῆς
3310 1331 3403 1382 καὶ
3448 1330 3717 1398 ἁχράντου

2143 1425 2604 1496 συναναστροφῆς.
2657 1424 2894 1485 Ταύταις
2923 1422 2979 1474 δὲ
3013 1424 3130 1483 ταῖς
3171 1422 3386 1484 τάξεσιν
3429 1420 3717 1480 ἀκόλουθος

2139 1521 2166 1570 ὁ
2208 1519 2399 1589 σεμνὸς
2426 1519 2600 1588 γάμος
2640 1518 2696 1568 ἐν
2722 1516 2930 1586 μεγάλῃ
2961 1517 3116 1584 τιμῇ,
3135 1517 3162 1566 ὁ
3197 1517 3252 1566 ἐν
3284 1512 3597 1583 μονογαμίᾳ

2139 1612 2291 1663 λιστα
2340 1612 2432 1662 καὶ
2494 1609 2859 1678 παραφυλακῇ
2902 1607 3265 1675 ὲνταλμὰτων.
3328 1606 3387 1657 Ei
3421 1605 3482 1657 δέ
3509 1623 3596 1667 τις
3637 1622 3716 1656 τε·

2138 1701 2477 1771 λευτησάσης
2522 1700 2620 1768 τῆς
2649 1698 2814 1750 αὑτοῦ
2867 1699 3141 1765 γυναικὸς,
3174 1697 3207 1765 ἢ
3239 1697 3430 1767 ἀνδρὸς
3470 1696 3715 1764 τελευτήο

473 1798 684 1852 ratione
708 1797 1019 1866 conjuncta.
1043 1797 1170 1851 Post
1194 1799 1394 1868 gradus
1418 1799 1536 1852 illos
1561 1799 1854 1854 etordines
1877 1815 2034 1853 suum

2147 1809 2332 1854 σαντος
2353 1792 2450 1861 τῆς
2473 1808 2614 1852 τινος
2635 1789 2887 1858 γυναικὸς
2905 1789 2944 1851 ί,
2969 1789 3174 1854 ἐφίεται
3197 1787 3424 1857 δευτέρα
3455 1786 3716 1856 συναφθῇ-

470 1903 686 1958 quoque
731 1890 908 1942 locum
951 1889 1198 1943 obtinent
1230 1890 1470 1944 honestae
1521 1890 1744 1958 nuptiae.
1775 1905 1894 1959 qua:
1927 1904 2039 1941 ma-

470 1995 576 2049 gno
607 1981 661 2033 in
706 1983 908 2034 honore
951 1990 1100 2043 sunt,
1147 1983 1449 2051 praesertim
1479 1983 1785 2052 singulares
1830 1997 1889 2035 ac
1942 1983 2042 2034 mi-

470 2072 614 2126 nime
641 2075 902 2142 repetitae.
947 2090 1067 2143 (piae
1109 2081 1500 2142 praeceptorum
1527 2073 1892 2128 observationi
1923 2082 2041 2127 stu-

469 2163 615 2217 dent.
654 2163 808 2228 Quod
845 2165 888 2218 si
923 2166 1048 2233 quis
1085 2173 1295 2218 mortua
1330 2179 1519 2224 uxore.
1562 2166 1640 2219 vel
1677 2165 1871 2218 mulier
1895 2179 2040 2216 mor-

470 2263 565 2307 tuo
595 2257 713 2309 viro
741 2255 791 2308 id
827 2257 1077 2317 voluerit,
1107 2257 1335 2311 alterum
1361 2257 1534 2310 virum
1565 2272 1876 2319 uxoremve,
1901 2259 2040 2310 dun-

469 2351 620 2396 taxat
667 2352 785 2413 post
843 2345 1158 2398 alterutrins
1183 2345 1412 2408 obitum,
1451 2345 1555 2399 sibi
1590 2345 1861 2400 asciscere
1896 2346 2038 2399 licet.

471 2432 675 2488 llorum
725 2436 969 2488 omnium
1009 2437 1154 2490 velut
1184 2435 1460 2506 fastigium
1507 2445 1582 2502 et,
1632 2445 1690 2489 ut
1723 2437 1797 2489 ita
1841 2437 2038 2499 dicam,

466 2528 665 2581 matris
705 2543 768 2581 ac
807 2527 1090 2598 genitricis
1118 2529 1298 2582 locum
1343 2537 1595 2584 sanctum
1630 2528 1735 2584 sibi
1783 2529 2040 2583 sacerdo-

469 2619 602 2671 tium
635 2617 917 2673 vindicat:
949 2619 1094 2688 quod
1145 2635 1209 2674 ex
1245 2619 1516 2689 virginum
1545 2619 1739 2674 ordine
1771 2619 2042 2688 praecipue

469 2717 727 2762 constat:
762 2719 855 2761 aut
911 2710 956 2763 si
1009 2710 1187 2764 minus
1227 2726 1257 2764 e
1297 2710 1616 2780 virginibus,
1657 2708 1868 2779 1104
1894 2717 2041 2764 certe

468 2819 532 2856 ex
565 2803 881 2868 monachis;
908 2804 953 2856 si
988 2817 1117 2857 vero
1145 2817 1211 2855 ex
1240 2802 1631 2856 monachorum
1673 2802 1863 2856 ordine
1887 2801 1954 2854 ad
1985 2802 2041 2854 il-

469 2895 574 2948 lam
619 2894 948 2948 iunctionem
1001 2893 1307 2948 obeundam
1341 2894 1522 2947 idonei
1571 2909 1680 2947 non
1710 2892 1930 2954 fuerint,
1972 2908 2037 2946 ex

469 2985 553 3040 his
579 2987 753 3040 creari
799 2985 1110 3040 sacerdotes
1143 2987 1318 3042 solent
1349 2986 1444 3056 qui
1479 3001 1506 3037 a
1538 2987 1653 3040 suis
1693 3001 1752 3040 se
1777 2985 2040 3038 uxoribus

467 3076 770 3137 continent,
809 3085 902 3130 aut
935 3076 1232 3130 secundum
1266 3092 1403 3131 unas
1433 3077 1653 3146 nuptias
1683 3077 1736 3129 in
1769 3075 2034 3129 viduitate

2145 1903 2231 1938 ναι
2259 1885 2291 1954 ἣ
2315 1884 2550 1954 δευτέρῳ
2572 1882 2709 1950 μετὰ
2731 1880 2958 1933 Θάνατον
2988 1879 3081 1931 τοῦ
3111 1879 3324 1948 πρώτου
3359 1880 3393 1948 ἢ
3430 1880 3534 1948 τῆς
3580 1879 3715 1947 πρώ-

2143 1993 2262 2044 της.
2294 1976 2542 2043 Στεφάνη
2569 1973 2623 2026 δὲ
2651 1972 2854 2025 τούτων
2880 1972 3095 2024 πάντων
3124 1970 3156 2039 ἢ
3186 1973 3386 2040 μήτηρ,
3410 1969 3489 2033 ὡς
3525 1973 3715 2033 εἰπεῖν,

2145 2068 2234 2118 καὶ
2291 2067 2582 2135 γεννήτρια
2638 2066 2670 2133 ἡ
2718 2064 2850 2130 ἁγία
2909 2063 3196 2134 ἱερωσύνη,
3254 2066 3319 2115 ὲκ
3365 2064 3468 2132 μὲν
3522 2063 3716 2134 παρθέ-

2144 2174 2248 2210 νων
2280 2156 2390 2226 (87)
2420 2157 2480 2208 τὸ
2505 2157 2754 2208 πλεῖστον
2790 2155 3084 2226 ὁρμωμένη
3111 2172 3123 2183 ·
3157 2158 3204 2208 εί
3230 2155 3287 2207 δὲ
3332 2155 3437 2207 οὑκ
3478 2155 3544 2207 ἐκ
3581 2171 3714 2225 παρ-

2146 2251 2333 2311 Θένων,
2368 2251 2430 2302 ὲκ
2455 2248 2793 2318 μοναζόντων
2819 2265 2832 2278 ’
2858 2247 2988 2300 εἰδὲ
3024 2247 3096 2318 μὴ
3138 2243 3247 2300 εἷεν
3287 2247 3469 2300 ἱκανοὶ
3511 2246 3623 2315 (88)
3646 2249 3717 2308 εἰς

2145 2341 2445 2411 ὑπηρεσίαν
2469 2341 2573 2392 ἀπὸ
2614 2337 2974 2410 μοναζόντων,
3011 2339 3069 2405 ἐξ
3097 2339 3586 2409 ὲγκρατευομένων
3617 2339 3715 2390 τῶν

2147 2431 2292 2483 ἰδίων
2345 2431 2637 2496 γυναικῶν,
2695 2431 2727 2501 ἢ
2786 2431 3168 2500 χηρευσάντων
3201 2432 3309 2484 άπὸ
3357 2432 3713 2502 μονογαμίας.

2143 2523 2548 2591 Δευτερόγαμον
2586 2522 2641 2573 δὲ
2672 2521 2780 2590 (89)
2811 2523 2910 2574 ούκ
2931 2522 3106 2588 ἔξεστι
3125 2523 3372 2593 δέχεσθαι
3393 2526 3456 2576 ὲν
3489 2525 3624 2594 αὐτῇ
3644 2523 3712 2584 et;

2145 2613 2463 2684 ἱερωσύνην,
2496 2614 2595 2666 κάν
2635 2631 2693 2665 τε
2739 2614 3197 2684 ἐγκρατευόμενος
3228 2617 3310 2687 εἴη
3341 2617 3515 2686 χῆρος
3547 2617 3714 2686 ἀτταρ-

2141 2704 2240 2772 χῆς
2256 2705 2275 2733 ³
2291 2703 2496 2769 τάξεως
2519 2704 2815 2757 ἐπισκόπου
2848 2705 2940 2756 καὶ
2969 2705 3335 2776 πρεσϐυτέρου
3359 2708 3456 2758 καὶ
3475 2706 3712 2758 διακόνου

2141 2797 2234 2849 καὶ
2265 2796 2640 2850 ύποδιακόνου.
2668 2796 2820 2850 Μετὰ
2849 2797 3052 2867 ταύτην
3084 2797 3181 2866 τὴν
3206 2798 3511 2869 ἱερωσύνην
3544 2798 3715 2848 λοιπὴν

2139 2887 2506 2954 ἀναγνωστῶν
2530 2888 2715 2957 τάγμα
2750 2887 2807 2954 ἐξ
2842 2889 2978 2941 ὅλων
2994 2889 3100 2940 τῶν
3122 2889 3443 2958 ταγμάτων,
3483 2889 3712 2941 τουτέστι

2141 2979 2426 3049 παρθένων
2461 2981 2554 3032 καὶ
2605 2981 2946 3050 μοναςόντων
2977 2981 3072 3034 καὶ
3121 2983 3606 3052 ἑγκρατευομένων
3633 2981 3714 3033 καὶ

2144 3073 2528 3140 χηρευσάντων
2573 3073 2667 3124 καὶ
2710 3071 2818 3124 τῶν
2845 3072 2924 3124 ἔτι
2949 3075 3005 3125 ὲν
3035 3071 3215 3141 σεμνῷ
3240 3072 3422 3142 γάμῳ.
3460 3073 3523 3124 Εἰ
3554 3072 3608 3124 δὲ
3637 3073 3712 3139 εἴη

468 3174 773 3217 versantur.
811 3163 1078 3217 Secundis
1101 3179 1230 3218 vero
1258 3164 1462 3234 nuptiis
1493 3164 1787 3234 implicitus
1831 3165 1885 3217 in
1932 3163 2034 3217 Ec-

2146 3164 2383 3233 ἀνάγκη,
2413 3165 2506 3216 καὶ
2534 3163 2641 3217 ἀπὸ
2663 3163 2770 3216 τῶν
2808 3163 2944 3234 μετὰ
2972 3163 3199 3216 θάνατον
3227 3165 3327 3233 τῆς
3365 3165 3594 3234 πρώτης
3624 3180 3711 3230 γυ-

467 3255 633 3309 clesia
671 3257 735 3310 ad
765 3255 1134 3310 sacerdotium
1165 3271 1273 3310 non
1317 3255 1658 3319 admittitur,
1698 3256 1914 3309 tametsi
1947 3267 2040 3309 aut

467 3361 591 3401 sese
623 3348 692 3402 ab
714 3363 881 3401 uxore
915 3348 1214 3410 contineat,
1245 3355 1338 3401 aut
1367 3348 1438 3401 sit
1469 3347 1667 3402 viduus
1699 3365 1710 3400 :
1738 3345 2036 3416 ejusmodi,

467 3439 710 3508 inquam,
753 3439 822 3493 ab
860 3440 1118 3509 episcopi,
1152 3439 1487 3509 presbyteri,
1534 3438 1750 3494 diaconi
1808 3447 1861 3494 et
1904 3439 2037 3494 sub—

2147 3254 2327 3313 ναικὸς
2357 3254 2584 3324 δευτέρᾳ⁵
2622 3254 2999 3319 συναφθέντων
3019 3268 3030 3281 ⁶
3089 3255 3187 3318 ,καὶ
3213 3254 3318 3324 γὰρ
3339 3256 3438 3307 οὐκ
3469 3254 3612 3305 ἔστιν
3649 3254 3711 3304 is-

2149 3348 2273 3416 ρεὺς
2297 3350 2324 3398 ὁ
2346 3346 2716 3418 ἀναγνώστης,
2768 3347 2884 3399 ἀλλ’
2918 3347 2994 3409 ὡς
3021 3349 3384 3416 γραμματεὺς
3414 3346 3513 3398 τοῦ
3540 3347 3705 3411 λόγου.

2148 3441 2255 3492 Καὶ
2284 3441 2617 3493 διακόνισσαι
2664 3441 2774 3510 (90)
2817 3439 2873 3493 δὲ
2920 3438 3274 3492 καθίστανται
3303 3440 3381 3502 εἰς
3418 3436 3714 3509 ὑπηρεσίαν

537 3597 554 3627 ¹
590 3593 750 3652 Deest
781 3595 1046 3668 βούλεται,
1074 3605 1167 3650 aut
1195 3596 1399 3666 aliquid
1433 3595 1723 3664 ejusmodi.
1798 3598 1818 3626 ’
1848 3595 2037 3666 Corrul

2145 3614 2150 3648 ι
2188 3595 2363 3650 locus.

536 3751 658 3824 (86)
690 3753 761 3824 ἰζ
795 3753 1100 3824 παρθενίη.
1147 3751 1475 3824 Summoin
1503 3752 1694 3824 pretio
1730 3760 1794 3824 Aet
1829 3751 2035 3824 honore

466 3821 696 3891 ab‘ipsis
725 3822 984 3876 Ecclesia:
1009 3822 1355 3876 incunabulis
1391 3821 1632 3874 habitam
1668 3822 1838 3877 fuisse
1871 3823 2036 3890 virgi-

466 3896 715 3955 nitatem,
761 3891 1400 3962 multosque‘utriusque
1453 3907 1618 3948 sexus
1662 3892 1807 3945 illam
1824 3901 2036 3962 Vicusto-

465 3963 663 4017 diemlo
697 3959 1092 4026 coluissefvel
1124 3977 1190 4015 ex
1227 3959 1648 4030 praiclarissimo
1678 3963 1782 4015 hoc
1816 3961 1874 4016 S.
1909 3961 2036 4030 Epi-

466 4031 648 4102 phanii
715 4032 1026 4102 testimonio
1081 4031 1574 4102 demonstraretur.
1633 4031 2034 4100 Theologorum

465 4101 686 4172 Scriptis
719 4101 1067 4156 celebrantur
1103 4117 1167 4156 ea
1207 4101 1272 4172 de
1310 4117 1368 4156 re
1397 4103 2031 4172 veterumtconciliorum

464 4170 735 4230 canones:
782 4173 1124 4226 celebrantur
1158 4182 1211 4226 et
1242 4170 1463 4226 Patrum
1501 4173 1616 4227 loca
1651 4170 1870 4234 eximia,
1901 4172 2032 4225 Am-

465 4243 631 4298 brosii
662 4243 960 4312 praesertim
993 4243 1046 4296 et
1075 4241 1409 4312 Hieronymi.
1463 4241 1696 4297 Femina:
1740 4243 2034 4312 virginitati

463 4313 776 4373 studebant,
803 4312 856 4366 in
881 4313 1227 4368 monasteriis
1253 4313 1391 4378 alia},
1417 4312 1469 4365 in
1493 4315 1693 4380 quibus
1717 4313 2031 4382 aliquando,

464 4394 525 4454 ut
572 4383 750 4437 verbis
801 4391 929 4454 utar
953 4382 1009 4454 ὃ.
1047 4381 1383 4454 Hieronymi,
1422 4383 1755 4454 virgunculae
1785 4381 1947 4454 rudes
1979 4391 2032 4454 et

465 4453 732 4508 edentulae
766 4452 1192 4521 recipiebantur,
1223 4452 1428 4506 alenda:
1460 4461 1516 4506 et
1541 4453 1850 4508 divinarum
1883 4452 2034 4506 Scri-

465 4531 768 4592 pturarumr
807 4522 1036 4592 lectione
1081 4532 1133 4592 et
1167 4524 1501 4592 psalmorum
1527 4531 1736 4592 cantu.
1801 4521 2034 4577 Privatis

461 4590 518 4646 et
565 4591 806 4660 paternis
847 4590 902 4642 in
937 4591 1190 4644 domibus
1237 4593 1355 4645 alia:
1402 4591 1770 4657 virginitatem
1817 4608 1874 4645 se
1908 4607 2036 4660 pro-

464 4661 606 4715 literi
639 4659 983 4713 deelarantes
1027 4669 1080 4712 et
1114 4661 1398 4714 muliebris
1431 4663 1612 4715 cultus
1651 4659 2030 4729 despicientia,

460 4738 516 4786 ct
547 4729 685 4784 l‘usci
717 4729 918 4799 coloris
946 4737 1115 4791 veste,
1145 4729 1655 4784 velutiChristianze
1681 4730 2037 4799 philosophia:

463 4800 625 4867 pallio
651 4797 919 4868 quodam:
952 4809 1045 4852 aut
1068 4815 1284 4853 sacrum
1328 4800 1505 4853 velum
1531 4801 1601 4854 ab
1627 4797 2034 4869 episc0po'cum

461 4869 682 4940 publico
710 4869 815 4920 ritu
864 4869 1205 4937 accipiebant
1242 4870 1400 4940 quasi
1435 4871 2040 4940 sacramentumquod.

461 4937 587 4994 ilam
628 4947 682 4994 et
710 4940 1146 4993 consecrationis
1179 4939 1414 5008 insigne.
1451 4939 1513 4991 Et
1544 4939 1648 4993 hoc
1679 4940 1790 4992 ritu
1817 4937 2037 4995 Christo

460 5025 665 5080 sponso
689 5009 1080 5079 jungebantur,
1117 5011 1202 5064 vel
1235 5010 1383 5063 circa
1420 5009 1770 5080 pubescentis
1799 5009 2038 5075 juventae

461 5080 646 5145 initia,
696 5081 780 5134 vel
822 5080 998 5134 retatis
1051 5095 1194 5134 anno
1228 5095 1356 5138 xxv.
1387 5081 1471 5134 vel
1503 5096 1590 5143 IL,
1630 5081 1714 5135 vel
1753 5081 1915 5134 etiam
1945 5097 2034 5145 1.x,

461 5158 622 5220 prout
651 5150 905 5205 idoneum
937 5150 1209 5220 episcopis
1240 5149 1542 5220 videbatur.
1593 5149 1666 5206 De
1697 5151 1844 5205 hisce
1875 5152 2038 5207 rebus

459 5217 716 5276 omnibus
749 5217 990 5275 virgines
1031 5217 1274 5291 inveteri
1296 5217 1537 5275 Ecclesia
1574 5235 1762 5276 sacras
1789 5231 2038 5291 spectan—

459 5291 604 5346 tibus
648 5298 864 5345 exstant
896 5290 1202 5345 certissima
1232 5291 1283 5343 in
1318 5304 1561 5361 veterum
1593 5290 2037 5361 scriptis’monu-

461 5369 664 5441 menta,
681 5373 913 5441 quorum
929 5363 1084 5441 plura
1100 5361 1314 5441 collegit
1335 5355 1736 5441 adprmsetitein
1749 5355 2037 5441 Epiphanii

462 5431 640 5483 locum
694 5430 966 5496 Petavius,
1007 5430 1373 5486 Thomasinus
1397 5430 1471 5484 De
1513 5433 1665 5484 veteri
1708 5439 1756 5485 et
1787 5448 1918 5484 nova
1946 5431 2040 5484 Ec-

460 5500 633 5571 clesite
665 5501 949 5566 disciplina
1002 5509 1154 5571 parte
1209 5513 1246 5561 ι.
1289 5501 1381 5554 lib.
1429 5516 1510 5561 Ill,
1546 5516 1667 5570 cap.
1716 5501 1824 5564 42,
1888 5509 1941 5556 et
1982 5509 2038 5555 ut

463 5570 664 5642 inultos
696 5569 1056 5642 prateream,
1084 5569 1292 5642 Natalis
1307 5569 1758 5642 Alexander’cap.
1785 5571 1838 5636 5,
1879 5572 2052 5626 artic.

469 5640 549 5701 l0,
585 5639 725 5692 Hist.
759 5656 810 5694 Iv
844 5639 988 5693 Eccl.
1021 5639 1234 5695 chuli.

532 5709 644 5781 (87)
684 5710 778 5781 Ἐκ
807 5711 924 5778 μὲν
959 5710 1286 5778 παρθένων.
1341 5709 1574 5781 Insignis
1612 5710 1700 5763 hic
1748 5709 2035 5780 Epiphanii

461 5779 530 5834 de
571 5779 894 5834 clericorum
936 5781 1272 5835 continentia
1328 5779 1482 5837 locus
1537 5781 1757 5834 maximi
1795 5779 1823 5834 a
1852 5779 2037 5838 ’nobis

2140 3751 2426 3823 fat-iendus
2477 3761 2640 3822 atque
2679 3754 2992 3823 jungt-ndus
3024 3770 3145 3806 cum
3181 3768 3406 3806 numero
3433 3753 3464 3805 4
3501 3753 3706 3806 haeresis

2137 3822 2224 3892 59,
2251 3824 2344 3876 ubi
2362 3823 2693 3892 Epiphanius
2709 3822 3044 3878 enucleatius
3065 3839 3174 3876 rem
3192 3823 3429 3877 declarat
3448 3823 3702 3892 eamdem

2137 3891 2317 3946 Placet
2343 3889 2441 3946 loci
2461 3889 2606 3946 illius
2619 3909 2885 3948 summam
2909 3894 2994 3947 hic
3020 3901 3410 3962 repraesentare
3433 3893 3611 3947 verbis
3625 3889 3706 3962 Pe-

2139 3963 2288 4026 tavii,
2313 3963 2407 4032 qui
2429 3963 2921 4032 utrumquc‘locum
2956 3961 3203 4032 pluribus
3228 3971 3386 4017 ornat
3408 3963 3463 4017 in
3500 3964 3612 4017 suis
3646 3961 3704 4013 ad

2141 4032 2550 4100 prositionem
2604 4032 2724 4100 lidei
2755 4033 3355 4100 Animadversionibus.
3411 4034 3504 4086 Ait
3542 4035 3701 4086 enim:

2140 4097 2300 4155 Docet
2327 4106 2376 4154 in
2397 4103 2580 4170 primis
2608 4097 2960 4172 (Epiphanius
2983 4098 3318 4170 )ipiscopam,
3343 4113 3436 4154 aut
3458 4102 3703 4172 presbyteo

2140 4119 2299 4155 uocet
2327 4120 2376 4154 ut
2397 4119 2580 4170 prmus
2608 4119 2960 4172 tbptpnantns
2984 4119 3318 4170 )rptscopam,
3343 4119 3436 4154 aut
3458 4119 3701 4224 praefue-

2140 4188 2277 4228 runt.
2297 4183 2386 4225 aut
2407 4173 2685 4226 diaconum
2704 4187 2768 4224 ea:
2789 4173 3010 4240 digatnis
3029 4173 3268 4225 ordinari
3289 4175 3568 4228 neminem.
3628 4185 3701 4222 tm

2142 4259 2304 4310 neque
2330 4243 2447 4303 llos,
2465 4258 2623 4311 neque
2646 4241 2777 4294 subd
2786 4243 3027 4311 iaconunt
3050 4243 3206 4295 aliter
3218 4245 3543 4302 consecrari.
3562 4256 3698 4310 quant

2141 4313 2219 4364 vel
2241 4313 2416 4380 priore
2465 4310 2625 4380 caque
2658 4313 2817 4363 unica
2864 4310 3080 4380 conjuge
3116 4324 3347 4376 mortua,
3383 4314 3459 4365 rel
3496 4313 3558 4364 ab
3579 4311 3701 4379 ejus-

2140 4381 2256 4434 dem
2307 4383 2516 4436 riventis
2557 4383 2821 4434 consortio
2864 4397 2925 4434 ac
2964 4385 3336 4435 consuetudine
3394 4382 3699 4442 distractos;

2142 4453 2244 4505 nisi
2276 4453 2501 4520 virgines
2532 4456 2744 4504 omnino
2775 4453 2910 4506 sint:
2939 4452 3238 4521 prmsertim‘
3271 4453 3356 4504 ubi
3378 4449 3700 4521 ecclesiastici

2067 4507 2110 4560 Ῐ)
2140 4507 2632 4576 εαηοηεέαςειιταιε
2659 4507 2956 4575 servantur:
2995 4521 3137 4575 Nam
3166 4523 3303 4592 quod
3321 4525 3371 4574 in
3403 4520 3698 4592 quibusdam

2139 4592 2266 4644 locis
2298 4593 2607 4662 presbyteri,
2631 4592 2840 4645 diaconi
2885 4602 2933 4645 et
2981 4590 3293 4646 subdiaconi
3321 4593 3516 4646 liberos
3546 4590 3699 4644 adhuc

2137 4663 2452 4729 suscipiant,
2507 4663 2559 4713 id
2618 4663 2868 4715 abusione
2903 4663 3134 4731 quadam
3170 4680 3231 4715 ac
3269 4663 3563 4728 disciplina:
3593 4676 3694 4731 cor-_

2138 4733 2344 4798 ruptela
2381 4733 2532 4801 fieri:
2580 4741 2671 4784 aut
2725 4748 2840 4785 vero
2887 4729 3215 4796 necessitate,
3256 4731 3363 4794 ubi,
3390 4747 3485 4798 pro
3523 4729 3697 4800 ingenti

2136 4803 2447 4869 populorum
2483 4802 2842 4859 multitudine.
2886 4803 3256 4855 ministrorum
3283 4803 3432 4869 copia
3459 4818 3561 4854 non
3588 4815 3698 4866 sup-

2137 4873 2282 4938 petit.
2326 4871 2469 4925 Nam
2497 4873 2694 4941 alioqui
2723 4871 2972 4925 Ecclesiw
2994 4871 3200 4926 decreto
3227 4869 3539 4941 clericorum
3572 4869 3694 4941 ordi-

2140 4941 2293 4994 nibus
2343 4943 2459 4996 istis
2510 4938 2832 4995 continentia
2881 4943 3263 5010 prwscribitur.
3326 4940 3448 4995 llzec
3490 4957 3554 4995 ex
3585 4938 3692 5006 Epi-

2141 5012 2340 5080 pbanio
2367 5011 2641 5073 Petavius,
2674 5029 2795 5080 qua:
2843 5029 2895 5066 iv
2957 5013 3281 5067 decurrente
3317 5010 3571 5064 Ecclesiae
3606 5022 3692 5061 str-

2139 5083 2264 5135 culo
2300 5082 2355 5153 in
2387 5080 2606 5136 Oriente
2641 5083 2907 5153 vigebant.
2937 5081 3189 5152 Viguisse
3217 5090 3272 5137 et
3308 5081 3359 5134 in
3398 5081 3686 5153 Occidente.

2141 5167 2262 5205 cum
2307 5151 2606 5206 innumeris
2633 5147 2927 5205 dei-cantur
2957 5147 3198 5207 veterum
3224 5153 3592 5211 documentis;
3620 5147 3688 5199 vel

2140 5223 2306 5277 unius
2352 5221 2408 5275 S.
2446 5220 2756 5291 Hieronymi
2797 5238 2902 5275 non
2953 5223 3120 5277 semel
3155 5222 3376 5291 iterata,
3422 5229 3476 5291 et
3509 5217 3685 5289 apertis

2139 5293 2322 5346 verbis
2371 5301 2533 5361 atque
2581 5290 3015 5359 conceptissimis
3055 5295 3122 5346 ab
3162 5293 3281 5361 ipso
3315 5290 3581 5344 declarata
3605 5301 3686 5339 au-

2141 5363 2365 5416 ctoritas
2396 5362 2530 5416 satis
2570 5362 2726 5431 nobis
2757 5378 2878 5417 esse
2907 5370 3104 5431 potest.

2214 5431 2422 5501 (88)7El
2444 5431 2510 5484 δὲ
2533 5430 2618 5500 μὴ
2645 5427 2767 5483 εἶεν
2797 5427 3011 5496 nam,
3043 5440 3146 5486 etc.
3177 5429 3413 5485 Consule
3441 5428 3499 5482 S.
3527 5428 3683 5498 Augu-

2141 5503 2268 5556 stini
2306 5500 2602 5572 Epistulam
2637 5516 2774 5554 nova
2808 5502 2861 5572 in
2882 5503 3212 5572 recensione
3239 5502 3328 5556 60.

2212 5572 2325 5642 (89)
2353 5569 2796 5640 Άευτερόγαμθν
2824 5571 2911 5636 δέ,
2934 5581 3039 5627 etc.
3073 5570 3330 5641 Digamns
3360 5585 3388 5623 a
3419 5569 3584 5624 sacris
3609 5580 3679 5620 rc-

2137 5642 2325 5711 jicitur
2354 5641 2661 5695 ordinibus.

2215 5713 2323 5784 (90)
2357 5711 2908 5784 Καὶᾼδιακό-ξτισςναιη
2940 5718 3045 5765 etc.
3087 5711 3542 5784 Diaconissarum,
3566 5719 3678 5784 quas

2142 5780 2231 5853 δὼς
2250 5783 2368 5852 ipso
2403 5782 2483 5836 sui
2518 5781 2741 5835 exordio
2785 5782 3060 5837 institutas
3095 5782 3268 5836 sacris
3308 5782 3362 5836 in
3390 5780 3677 5835 ministeriis

3616 300 3803 360 3⁸24³
