3810 6216
454 301 558 357 827

1892 300 1948 355 S.
1993 298 2336 353 EPIPHANII

3621 300 3711 354 8‘33

459 416 573 470 illis
619 432 869 486 sponsus,
903 425 1026 468 tunc
1046 414 1365 485 jejunabunt
1401 418 1453 470 in
1484 418 1593 471 illis
1638 418 1819 472 diebus
1849 421 1887 472 ί.
1921 417 2027 473 Ne-

2147 420 2265 471 rdre
2321 415 2779 481 νηστεύσουσιν
2834 414 2903 467 ἐν
2950 414 3213 479 ἐκείναις
3273 413 3399 478 ταῖς
3453 411 3714 482 ἡμέραις.

458 522 563 575 que
604 522 731 560 vero
768 513 827 559 ut
859 507 906 560 ei
946 509 1319 578 gratiﬁcemur
1355 511 1447 579 qui
1480 517 1671 564 nostra
1704 525 1870 563 causa
1906 526 2033 580 pas-

458 612 554 651 sus
606 607 710 661 est,
757 598 1006 653 instituta
1054 608 1181 655 sunt
1217 600 1445 670 jejunia,
1497 601 1591 656 sed
1624 610 1683 655 ut
1711 602 1903 657 salutis
1931 617 2047 656 ηοσ-

458 692 585 739 strze
640 701 807 741 causa
856 689 1170 757 passionem
1230 690 1374 741 illam
1425 689 1804 759 proﬁteamur,
1869 706 2033 760 quam

458 791 558 844 pro
610 777 772 830 nobis
834 777 1099 833 Dominus
1142 780 1255 849 ipse
1306 781 1570 849 suscepit,
1629 789 1793 850 atque
1830 791 1889 835 ut
1920 783 2034 837 haec

457 881 488 918 a
520 866 629 921 Deo
654 866 862 936 jejunia
912 869 1198 938 expiandis
1237 870 1444 925 nostris
1484 872 1795 927 sceleribus
1852 873 2032 943 impu-

459 952 661 1010 t'culur.
722 956 894 1010 Porro
944 958 1257 1013 istiusmodi
1305 959 1578 1028 jejunium
1633 969 1746 1014 toto
1790 976 1932 1015 anno
1979 963 2034 1015 in

458 1042 708 1100 Ecclesia
766 1047 1035 1100 catholica
1095 1048 1383 1117 diligenter
1447 1051 1791 1113 observatur,
1825 1050 2034 1120 1105

459 1143 680 1204 quarta,
726 1136 802 1189 uti
834 1137 970 1201 dixi,
1017 1145 1280 1208 sextaque
1333 1138 1469 1194 feria
1515 1141 1581 1195 ad
1634 1144 1821 1195 horam
1863 1158 2036 1212 usque

461 1241 663 1279 nonam
698 1269 713 1293 ,
774 1218 1016 1297 exceptis
1067 1230 1464 1300 quinquaginta
1517 1232 1867 1289 Pentecosles
1921 1233 2037 1288 die-

460 1318 584 1379 bus,
616 1318 817 1387 quibus
854 1335 1031 1389 neque
1090 1337 1267 1391 genua
1310 1316 1627 1387 ﬂectuntur,
1676 1340 1853 1395 neque
1892 1325 2038 1395 jeju-

458 1410 615 1464 nium
675 1412 957 1477 indicitur,
1016 1429 1113 1481 pro
1146 1414 1254 1469 illis
1284 1430 1413 1469 vero
1444 1418 1804 1471 conventibus
1842 1418 1937 1486 qui
1970 1418 2037 1471 ad

458 1503 647 1555 horam
681 1519 881 1557 nonam
914 1506 1125 1574 quartis
1157 1508 1394 1561 sextisve
1428 1507 1583 1562 feriis
1616 1509 1884 1563 celebrari
1916 1524 2039 1562 con-

459 1605 778 1659 sueverunt,
818 1611 913 1664 per
962 1598 1085 1650 illos
1128 1598 1245 1652 dies
1280 1598 1505 1667 perinde
1537 1613 1598 1653 ac
1632 1598 1917 1653 Dominica
1954 1599 2039 1653 die

458 1686 745 1739 matutinis
813 1687 965 1741 horis
1022 1703 1258 1758 synaxcs
1314 1689 1606 1744 obeuntur.
1667 1688 1855 1759 Neque
1911 1706 2038 1745 vero

2137 508 2249 560 Καὶ
2281 507 2379 575 οὐχ
2412 505 2499 558 ἵνα
2531 508 2690 575 χάριν
2720 506 3038 575 ποιήσωμεν
3069 503 3145 570 τῷ
3170 502 3312 573 ὑπὲρ
3338 502 3497 572 ἡμῶν
3528 519 3706 553 πεπον-

2137 598 2273 659 θότι,
2304 598 2336 665 ἡ
2365 595 2590 665 νηστεία
2640 597 2774 665 ἡμῖν
2812 593 3239 665 προστέτακται·
3272 592 3385 644 ἀλλ’
3420 593 3572 654 ὅπως
3600 595 3715 659 ἐμίν

2135 689 2453 757 λογήσωμεν
2484 688 2565 748 εἰς
2594 687 2750 756 ἡμῶν
2780 686 3055 755 σωτηρίαν
3084 685 3143 737 τὸ
3174 683 3267 736 τοῦ
3291 683 3497 753 Κυρίου
3534 682 3713 743 πάθη.

2135 780 2163 831 ὃ
2196 780 2337 849 ὑπὲρ
2373 777 2530 847 ἡμῶν
2562 777 2724 840 αὐτὸς
2771 776 3088 842 ἀνεδέξατο·
3127 776 3219 827 καὶ
3260 775 3409 835 ὅπως
3439 772 3581 841 ὑπὲρ
3618 771 3713 821 τᾶν

2137 869 2294 941 ἡμῶν
2341 868 2629 939 ἁμαρτιῶν
2672 869 2728 921 αἱ
2780 862 3028 937 νηστείαι
3073 870 3206 937 ἡμῖν
3251 865 3557 931 εὐλόγιστοι
3606 861 3715 927 θεῷ

2136 964 2426 1031 γένωνται.
2458 963 2570 1014 Καὶ
2593 961 2659 1014 δι’
2690 961 2813 1013 ὅλου
2864 961 2961 1030 μὲν
2993 960 3085 1011 τοῦ
3117 959 3272 1019 ἔτους
3305 960 3337 1027 ἡ
3365 956 3590 1027 νηστεία
3620 973 3714 1022 φυ-

2137 1054 2392 1107 λάττεται
2422 1054 2480 1105 ὲν
2508 1056 2576 1123 τῇ
2608 1053 2743 1122 αὐτῇ
2776 1052 2909 1122 ἁγία
2933 1050 3194 1119 καθολικῇ
3235 1048 3558 1117 Ἐκκλησία,
3586 1063 3718 1115 φημι

2140 1145 2198 1197 δὲ
2235 1143 2454 1214 τετράδι
2484 1143 2580 1196 καὶ
2614 1142 2977 1212 προσαϐϐάτῳ
3012 1140 3117 1203 ἕως
3151 1138 3301 1211 ὧρας
3343 1138 3565 1207 ἐνάτης,
3606 1136 3718 1203 δίχα

2146 1236 2314 1306 μόνης
2349 1234 2449 1301 τῆς
2483 1232 2869 1302 Πεντηκοστῆς
2914 1232 3042 1301 ὅλης
3078 1229 3186 1282 τῶν
3222 1230 3565 1297 πεντήκοντα
3590 1228 3720 1295 ἡμε-

2142 1327 2272 1397 ρῶν,
2304 1329 2360 1378 ἐν
2391 1320 2476 1387 αἷς
2501 1324 2626 1377 οὔτε
2668 1323 3007 1392 γονυκλισίαι
3048 1323 3313 1391 γίνονται,
3354 1319 3481 1371 οὕτε
3508 1319 3721 1386 νηστεία

2139 1414 2577 1486 προστέτακταιο
2630 1414 2751 1466 ἀντὶ
2806 1412 2863 1463 δὲ
2902 1410 3012 1463 τῶν
3061 1410 3194 1481 πρὸς
3226 1409 3325 1478 τὴν
3360 1407 3565 1475 ἐνάτην
3614 1422 3722 1456 συν-

2140 1508 2313 1573 άξεων
2368 1506 2643 1577 τετράδων
2700 1504 2795 1557 καὶ
2847 1499 3270 1572 προσαϐϐάτων,
3320 1498 3397 1561 ὡς
3446 1498 3503 1547 ὲν
3552 1497 3724 1565 ἡμέρα

2139 1601 2394 1671 Κυριακῇ
2426 1596 2565 1650 κατὰ
2602 1595 2701 1658 τὰς
2738 1592 2987 1665 πρωῖνὰς
3036 1590 3147 1661 (96)
3175 1590 3230 1643 αἱ
3265 1588 3521 1651 συνάξεις
3554 1589 3725 1638 ἐπιτε-

2139 1692 2375 1746 λοῦνται.
2410 1692 2530 1742 Ἔτι
2563 1690 2617 1741 δὲ
2671 1689 2729 1740 ὲν
2775 1689 2896 1749 ταῖς
2941 1692 2984 1737 ν’
3029 1684 3285 1753 ἡμέραις,
3322 1677 3413 1743 αἷς
3448 1681 3722 1749 προεῖπον,

456 1775 590 1829 totis
623 1774 732 1829 illis
763 1774 1032 1829 duntaxat
1076 1777 1474 1849 quinquaginta
1528 1778 1886 1835 Pentecostes
1928 1779 2038 1835 die-

2147 1784 2236 1850 τῆς
2264 1780 2648 1850 Πεντηκοστῆς
2672 1778 2772 1831 οὐκ
2806 1776 2956 1829 ἔστιν
2983 1774 3107 1827 οὔτε
3138 1772 3393 1843 νηστεία·
3422 1771 3551 1823 οὔτε
3588 1770 3644 1821 ἐν
3668 1772 3723 1837 τῇ

460 1866 564 1920 bus
599 1867 729 1932 ulla,
768 1868 847 1921 uti
879 1868 1013 1931 dixi,
1045 1868 1254 1937 jejunia
1281 1880 1429 1934 sunt,
1462 1871 1555 1926 sed
1593 1887 1771 1941 neque
1806 1871 2039 1943 Epipha-

458 1957 674 2011 niorum
702 1960 809 2025 die,
840 1975 947 2030 quo
975 1959 1236 2016 Dominus
1290 1963 1593 2017 secundum
1631 1979 1848 2019 carnem
1878 1972 2040 2021 natus

457 2056 564 2114 est,
606 2050 860 2119 jejunare
910 2052 1056 2115 licet,
1103 2055 1323 2108 tametsi
1364 2057 1418 2109 in
1453 2064 1703 2125 quartam
1736 2056 1923 2110 feriam
1957 2058 2039 2111 vel

460 2148 669 2194 sextam
720 2142 995 2196 inciderit.
1050 2145 1119 2196 At
1158 2146 1251 2214 qui
1299 2146 1487 2215 pietati
1539 2147 1784 2214 student,
1826 2151 2041 2218 egregia

459 2228 697 2296 quadam
731 2245 795 2283 ac
831 2231 1088 2285 laudabili
1125 2237 1425 2297 voluntate,
1461 2245 1723 2306 perpetuo
1763 2240 1919 2308 (solis
1947 2237 2044 2291 Do-

461 2320 684 2375 minieis
711 2336 774 2375 ac
804 2321 1158 2378 Pentecostes
1183 2324 1373 2380 diebus
1401 2328 1666 2397 exceptis)
1694 2328 1904 2396 jejunia
1932 2330 2039 2384 sibi

464 2426 529 2465 ac
560 2413 773 2482 vigilias
802 2414 1113 2483 imponunt.
1146 2416 1281 2469 Nam
1317 2418 1624 2473 [)ominiens
1650 2435 1841 2474 omnes
1875 2420 2041 2475 festas

460 2516 585 2555 esse
638 2501 952 2571 hilaresque
996 2504 1267 2558 catholica
1312 2508 1495 2560 sanxit
1534 2506 1800 2573 Ecclesia,
1849 2525 1912 2563 ac
1952 2525 2043 2564 so-

460 2588 668 2645 lemnes
723 2606 958 2661 synaxes
1010 2596 1296 2650 matutinis
1334 2597 1485 2652 horis
1534 2599 1744 2661 indicit,
1791 2617 1892 2656 nec
1934 2604 2042 2656 ulla

457 2679 665 2749 jejunia
697 2684 974 2749 celebrat;
1012 2684 1311 2739 absurdum
1348 2688 1492 2741 enim
1530 2698 1611 2743 est
1646 2689 1900 2758 jejunare
1933 2691 2036 2745 Do-

462 2770 669 2823 minico
710 2772 817 2826 die.
868 2772 1137 2828 Caeterum
1186 2785 1313 2832 ante
1359 2786 1565 2847 septem
1610 2778 1896 2837 Paschalis
1927 2784 2043 2838 dies

459 2859 948 2931 Quadragesimam
995 2868 1289 2922 observare
1327 2878 1493 2939 atque
1558 2872 1611 2924 in
1642 2873 1865 2941 jejuniis
1919 2889 2042 2943 per—

459 2969 713 3008 severare
776 2955 966 3010 eadem
1035 2960 1326 3014 consuevit
1387 2960 1677 3025 Ecclesia;
1743 2961 2043 3020 Dominicis

467 3060 599 3099 \ero
644 3046 811 3102 nullis
852 3049 1099 3113 omnino,
1154 3051 1401 3121 adeoque
1457 3068 1558 3107 nec
1612 3054 1784 3123 ipsius
1826 3056 2041 3124 quidem

459 3133 909 3207 Quadragesimae
953 3139 1206 3208 jejunare
1261 3143 1420 3197 solet.
1473 3141 1743 3198 Praeterea
1793 3160 1885 3198 sex
1922 3144 2044 3199 illos

461 3226 743 3283 Paschalis
786 3229 901 3286 dies
949 3233 1323 3303 xerophagia,
1388 3234 1490 3288 hoc
1538 3244 1622 3289 est
1693 3235 1847 3289 arido
1898 3236 2043 3288 victu

461 3318 778 3388 transigunt
818 3320 1001 3389 populi
1044 3337 1256 3386 omnes,
1289 3323 1390 3378 hoc
1414 3332 1498 3379 est
1554 3341 1748 3395 panem
1780 3326 2045 3379 duntaxat

460 3425 586 3461 eum
639 3410 755 3465 sale
804 3420 857 3465 et
910 3427 1053 3481 aqua
1103 3414 1208 3468 sub
1252 3430 1536 3484 vesperam
1590 3416 1868 3471 adhibent.
1933 3416 2044 3471 lmo

461 3516 592 3554 vero
623 3503 873 3555 nonnulli
905 3502 973 3556 ad
1015 3504 1241 3558 biduum
1290 3508 1372 3560 vel
1417 3506 1661 3560 triduum
1705 3507 1786 3562 vel
1832 3508 2044 3576 quatri-

461 3592 626 3644 duum
661 3608 836 3662 usque
860 3593 1073 3663 jejunia
1118 3604 1436 3666 prorogant.
1489 3596 1591 3650 Alii
1644 3604 1815 3651 totam
1849 3598 2046 3652 hebdo-

462 3683 677 3737 madem
710 3699 883 3753 usque
927 3685 993 3738 ad
1040 3688 1323 3756 sequentis
1364 3686 1659 3742 Dominicae
1705 3689 2043 3758 gallicinium

462 3774 582 3828 sine
612 3775 732 3829 cibo
761 3778 1159 3832 transmittunt.
1196 3778 1485 3849 Pervigilia
1518 3797 1645 3834 vero
1680 3797 1773 3836 sex
1804 3783 2039 3836 obeunt:

464 3865 702 3935 itemque
754 3882 987 3937 synaxes
1017 3869 1105 3924 his
1135 3885 1229 3924 sex
1263 3870 1457 3925 diebus
1486 3880 1540 3925 et
1572 3873 1624 3925 in
1657 3881 1769 3926 tota
1798 3874 2045 3938 Quadra-

465 3958 675 4027 gesima
700 3958 769 4012 ab
798 3960 930 4013 hora
958 3976 1102 4015 nona
1135 3979 1309 4033 usque
1335 3965 1401 4018 ad
1430 3980 1713 4034 vesperam
1742 3968 2040 4023 celebrant.

463 4048 531 4101 At
566 4048 894 4117 quibusdam
945 4052 1000 4105 in
1052 4052 1187 4108 locis
1242 4055 1296 4107 in
1345 4070 1407 4109 ea
1458 4057 1634 4110 solum
1690 4065 1869 4120 nocte,
1926 4073 2045 4128 qua:

462 4141 711 4210 quintam
749 4140 940 4196 feriam
972 4145 1221 4213 sequitur
1288 4154 1340 4199 et
1376 4146 1428 4199 in
1467 4146 1658 4200 feriam
1702 4155 1911 4201 sextam
1954 4149 2045 4203 de-

463 4231 596 4285 sinit
652 4239 817 4301 atque
847 4233 901 4286 in
931 4248 995 4287 ea
1036 4250 1156 4303 qua:
1197 4234 1537 4291 Domiuieam
1588 4239 1879 4302 antecedit,
1922 4254 2044 4307 per-

464 4324 713 4394 vigilant.
764 4325 901 4379 Aliis
930 4326 985 4379 in
1017 4327 1153 4405 locis
1188 4329 1384 4398 quinta
1416 4328 1553 4383 feria
1586 4329 1756 4383 divini
1798 4330 2041 4400 mysterii

2143 1872 2328 1942 ἡμέρᾳ
2351 1870 2461 1923 τῶν
2502 1868 2857 1937 Ἑπιφανίων,
2887 1867 2977 1920 ὅτε
3011 1863 3270 1935 ἐγεννήθη
3296 1863 3355 1914 ἐν
3384 1861 3556 1931 σαρκὶ
3578 1862 3606 1911 ό
3627 1860 3727 1911 lia.

2144 1976 2280 2029 ριος,
2317 1957 2494 2022 ἔξεστι
2523 1956 2845 2029 νηστεῦσαι,
2904 1955 3006 2008 κᾶν
3055 1971 3115 2006 τε
3150 1951 3425 2023 περιτύχῃ
3473 1949 3724 2020 τετρὰςῆ

2142 2050 2546 2122 προσάϐϐατον.
2590 2049 2916 2121 Προαιρέσει
2961 2047 3019 2100 δὲ
3051 2044 3230 2115 ἀγαθῇ
3261 2046 3311 2098 οἱ
3350 2044 3528 2111 αὐτῆς
3572 2043 3728 2109 ἀσκη-

2143 2142 2232 2194 ταὶ
2266 2135 2561 2202 διαπαντὸς
2582 2182 2597 2205 ,
2649 2139 2820 2209 χωρὶς
2849 2134 3140 2206 Κυριακῆς
3170 2133 3266 2186 καὶ
3308 2130 3692 2199 Πεντηκοστῆς
3712 2169 3725 2187 ,

2142 2230 2495 2301 νηστεύουσι,
2545 2229 2641 2282 καὶ
2689 2226 3000 2299 ἀγρυπνίας
3049 2224 3344 2285 διαπαντὸς
3401 2220 3726 2273 ἐπιτελοῦσι.

2144 2322 2254 2384 Τάς
2295 2322 2351 2373 δὲ
2398 2319 2687 2391 Κυριακὰς
2725 2319 2945 2381 ἁπάσας
2978 2313 3256 2387 τρυφεράς
3290 2316 3513 2383 ἡγεῖται
3542 2314 3578 2381 ἡ
3612 2314 3727 2378 ἁγία

2144 2411 2283 2481 αὕτη
2327 2410 2591 2480 καθολικὴ
2631 2408 2959 2478 Ἐκκλησία,
3009 2405 3104 2458 καὶ
3140 2402 3391 2466 συνάξεις
3434 2402 3533 2470 ἀφ’
3573 2400 3726 2453 ἕωθεν

2144 2503 2412 2563 ἐπιτελεῖ,
2460 2503 2521 2554 οὐ
2576 2501 2848 2571 νηστεύει.
2916 2495 3297 2550 Ἀνακόλουθον
3330 2494 3443 2564 γάρ
3484 2496 3637 2545 ἐστιν
3679 2495 3728 2543 ἐν

2144 2594 2400 2664 Κυριακῇ
2425 2589 2730 2662 νηστεύειν.
2762 2588 2875 2659 Τὴν
2907 2588 2963 2640 δὲ
2997 2584 3463 2657 Τεσσαρακοστὴν
3502 2582 3603 2653 τὴν
3639 2584 3728 2651 πίλ

2143 2684 2252 2736 τῶν
2294 2682 2435 2736 ἑπτά
2469 2682 2580 2753 (97)
2630 2680 2852 2751 ἡμερῶν
2900 2676 2995 2729 τοῦ
3039 2676 3195 2743 ἁγίου
3236 2675 3434 2743 Πάσχα
3477 2671 3725 2733 ὡσαύτως

2146 2775 2437 2845 φυλάττειν
2470 2773 2660 2826 εἴωθεν
2710 2774 2743 2841 ἡ
2790 2769 2928 2840 αὑτὴ
2982 2767 3311 2835 Ἐκκλησία,
3354 2768 3413 2817 ἐν
3460 2765 3726 2834 νηστείαις

2144 2866 2462 2919 διατελοῦσα
2479 2882 2491 2894 ο
2519 2863 2618 2926 τὰς
2644 2864 2699 2916 δὲ
2726 2860 3010 2932 Κυριακάς
3034 2859 3141 2912 οὐδ’
3172 2860 3331 2920 ὅλως,
3358 2856 3488 2909 οὔτε
3521 2858 3580 2907 ἐν
3604 2856 3726 2923 uim]

2144 2959 2211 3027 τῇ
2255 2958 2699 3029 Τεσσαρακοστῇ.
2733 2955 2843 3015 Τάς
2872 2953 2928 3006 δὲ
2971 2952 3027 3018 ἒξ
3071 2952 3286 3022 ἡμέρας
3328 2950 3424 3003 τοῦ
3460 2950 3651 3019 Πάσχα
3676 2950 3726 3000 ἐν

2147 3048 2454 3118 ξηροφαγία
2480 3045 2783 3099 διατελοῦσι
2818 3043 3017 3106 πάντες
3048 3045 3095 3095 ol
3120 3041 3266 3093 λαοί·
3298 3040 3450 3110 φημὶ
3496 3040 3555 3090 δὲ
3594 3040 3725 3109 ἄρτῳ

2147 3140 2240 3191 καὶ
2271 3138 2360 3190 ἁλὶ
2384 3138 2476 3190 καὶ
2507 3136 2660 3189 eam
2692 3135 2811 3187 τότε
2836 3133 3107 3206 χρώμενοι
3137 3132 3271 3203 πρὸς
3293 3132 3560 3201 ἑσπέραν.

2146 3230 2240 3282 καὶ
2267 3230 2315 3280 οἱ
2348 3226 2625 3280 σπουδαῖοι
2666 3225 2861 3288 διπλᾶς
2899 3224 2993 3276 καὶ
3019 3221 3253 3291 τριπλᾶς
3288 3221 3389 3272 καὶ
3425 3219 3725 3290 τετραπλὶς

2146 3319 2555 3390 ὑπερτίθενται,
2606 3317 2699 3369 καὶ
2741 3316 2869 3386 ὃλην
2928 3313 3028 3384 τὴν
3084 3312 3359 3383 ἑϐδομάδα
3403 3311 3551 3373 τινὲς
3611 3312 3722 3379 in:

2144 3410 2520 3480 ἀλεκτρυόνων
2550 3407 2801 3477 κλαγγῆς
2836 3407 2935 3476 τῆς
2962 3404 3253 3476 Κυριακῆς
3284 3404 3719 3471 ὲπιφωσκούσης.

2157 3502 2489 3572 Ἀγρυπνίας
2523 3501 2579 3553 δὲ
2608 3497 2913 3552 διατελοῦσι
2945 3497 3044 3560 τὰς
3077 3496 3155 3560 ἒξο
3182 3494 3347 3548 πάλιν
3390 3494 3451 3546 δὲ
3487 3492 3721 3556 συνάξεις

2146 3593 2449 3646 ἐπιτελοῦσι
2483 3592 2581 3654 τὰς
2626 3590 2797 3653 αὐτὰς
2827 3589 2906 3655 ἓξ,
2943 3590 3035 3641 καὶ
3078 3587 3206 3657 ὃλην
3251 3586 3350 3656 τὴν
3384 3585 3719 3653 Τεσσαραλω·

2146 3686 2274 3757 στὴν
2304 3685 2412 3739 ἀπὸ
2445 3684 2643 3753 ἐνάτης
2686 3682 2792 3744 ἓως
2835 3680 3075 3751 ἑσπέρας
3113 3677 3248 3746 (98).
3280 3676 3381 3729 Ἔν
3412 3691 3527 3727 τισι
3553 3673 3611 3725 δὲ
3636 3674 3717 3724 τό·

2146 3801 2266 3844 ποις
2316 3781 2414 3852 τὴν
2468 3780 2606 3851 μετὰ
2653 3779 2751 3848 τὴν
2800 3776 3057 3845 πέμπτην
3100 3770 3476 3841 ἀγρυπνοῦσιν
3527 3767 3718 3835 tempe}-

2147 3892 2381 3928 σκουσαν
2415 3875 2495 3937 είς
2551 3872 2613 3923 τὸ
2648 3868 3029 3940 προσάϐϐατον
3066 3865 3157 3917 καί
3182 3863 3282 3933 τὴν
3312 3860 3605 3931 Κυριακὴν
3632 3857 3716 3927 μό-

2144 3985 2262 4029 νας.
2308 3967 2405 4017 ’Έν
2448 3980 2558 4015 τισι
2604 3961 2658 4013 δὲ
2694 3960 2880 4021 τόποις
2923 3956 3148 4027 λατρεία
3180 3953 3502 4021 οἰκονομίας
3528 3950 3637 4021 (99)
3670 3951 3717 4000 ἐν

2142 4062 2209 4130 τῇ
2254 4044 2477 4127 πέμπτῃ
2511 4054 2717 4122 γίνεται
2748 4051 2868 4122 ὥρα
2900 4048 3095 4118 ἐνάτῃ·
3136 4046 3230 4099 καὶ⁸
3271 4044 3450 4106 οὕτως
3484 4040 3712 4105 ἀπολύει,

2148 4150 2415 4222 μενόντων
2438 4150 2492 4199 ὲν
2520 4150 2586 4217 τῇ
2617 4146 2754 4215 αὐτῇ
2778 4143 2840 4213 ξη
2851 4139 3101 4213 ροφαγίᾳ.
3130 4138 3228 4191 Ἔν
3260 4135 3447 4198 ἄλλοις
3470 4134 3530 4187 δὲ
3548 4133 3714 4192 τόποις

2143 4244 2204 4297 οὐ
2243 4242 2450 4310 γίνεται
2482 4236 2709 4309 λατρεία
2745 4237 2844 4305 τῆς
2887 4232 3198 4301 οἰκονομίας
3235 4230 3268 4299 ἦ
3324 4228 3493 4298 μόνον
3527 4227 3714 4292 ἐπιφω-

2147 4334 2379 4403 σκούσης
2429 4334 2526 4402 τῆς
2573 4328 2891 4400 Κυριακῆς,
2922 4327 3011 4378 ὅτε
3040 4321 3267 4376 ἀπολύει
3322 4320 3456 4389 περὶ
3485 4319 3585 4387 τὴν
3622 4314 3713 4367 τῶν

464 4415 648 4468 cultus
680 4414 817 4468 hora
849 4430 993 4469 nona
1029 4404 1362 4482 celebratur,
1394 4426 1557 4488 atque
1602 4419 1678 4473 ita
1718 4421 1911 4474 missio
1946 4435 2038 4489 po-

2147 4420 2520 4492 ἁλεκτρυόνων
2549 4415 2796 4485 κλαγγὴν
2820 4416 2879 4466 ὲν
2908 4416 2973 4483 τῇ
3003 4409 3362 4477 ἁναστασίμῳ
3398 4407 3607 4478 ἡμέρα,
3636 4404 3714 4456 καὶ

465 4505 577 4576 puli
610 4504 698 4569 ﬁt,
734 4514 794 4559 ut
836 4506 891 4560 in
927 4508 1208 4563 aridorum
1241 4526 1343 4563 usu
1384 4512 1701 4579 persistant.
1738 4511 1879 4565 Alibi
1911 4527 2038 4566 vero

465 4595 639 4648 divini
682 4598 930 4666 mysterii
975 4600 1155 4655 cultus
1200 4617 1308 4656 non
1361 4602 1511 4670 prius
1557 4602 1837 4667 indicitur,
1874 4620 2038 4674 quam

466 4684 786 4756 Dominiqus
830 4688 949 4745 dies
991 4690 1253 4753 illuxerit.
1290 4710 1415 4748 cum
1457 4696 1561 4750 sub
1603 4698 1870 4766 gallorum
1917 4712 2043 4751 can-

467 4785 583 4830 tum
609 4778 903 4833 dimittitur
930 4783 1169 4851 populus
1193 4785 1247 4837 in
1274 4786 1392 4854 ipso
1414 4784 1855 4843 Resurrectionis
1880 4788 2041 4853 festo,

2148 4514 2452 4583 πανηγύρει
2489 4508 2695 4579 μεγάλη
2732 4505 2917 4577 ἡμέρᾳ
2937 4503 3029 4556 τοῦ
3072 4501 3293 4569 Πάσχα,
3322 4499 3401 4562 ὡς
3436 4497 3713 4567 προστέτιο

2157 4623 2304 4659 κται.
2340 4603 2420 4655 Τὰ
2449 4602 2491 4654 δ’
2529 4601 2661 4655 ἄλλα
2717 4599 2993 4669 μυστήρια
3039 4596 3167 4665 περὶ
3210 4591 3444 4664 λουτροῦ
3489 4594 3583 4645 καὶ
3622 4591 3713 4641 τῶν

2152 4697 2359 4750 ἔνδοθεν
2410 4691 2763 4765 μυστηρίων,
2806 4690 2881 4752 ὡς
2926 4688 3037 4758 ἔχει
3083 4688 3115 4757 ἠ
3178 4686 3480 4756 παράδοσις
3531 4683 3620 4736 τοῦ
3666 4698 3711 4733 τε

2154 4787 2484 4856 Εὐαγγελίου
2512 4786 2603 4838 καὶ
2626 4783 2732 4835 τῶν
2763 4780 3094 4843 ἀποστόλων,
3119 4778 3293 4844 οὕτως
3316 4777 3661 4830 ἐπιτελεῖται.

465 4884 530 4923 ac
579 4870 811 4925 solemni
859 4873 1327 4945 celeberrimoque
1383 4875 1670 4934 Paschalis
1710 4878 1829 4949 diej,
1886 4879 2347 4950 quemadmodum
2384 4876 2764 4947 praescriptum
2810 4882 2913 4928 est.
2960 4869 3116 4938 Quod
3174 4870 3240 4922 ad
3300 4870 3407 4921 alia
3473 4866 3710 4937 mysteria

467 4965 722 5032 pertinet,
751 4974 811 5021 ut
841 4967 1092 5038 baptismi
1125 4972 1338 5043 1106
1361 4981 1562 5043 etquae
1608 4975 1869 5029 interiora
1926 4986 2076 5043 sunt,
2114 4990 2177 5031 ea
2226 4975 2425 5029 ritibus
2475 4972 2583 5026 illis
2636 4986 2701 5025 ac
2752 4968 3094 5023 cmremoniis
3144 4966 3439 5029 obeuntur,
3494 4979 3611 5034 qua:
3656 4978 3709 5016 ex

466 5055 762 5127 Evangelio
790 5068 843 5113 et
868 5062 1241 5131 apostolorum
1288 5066 1616 5122 auctoritate
1651 5082 1715 5122 ac
1740 5068 2039 5123 traditione
2078 5066 2339 5136 proiecta:
2365 5074 2516 5120 sunt.

539 5179 552 5207 ¹
586 5176 719 5230 Luc.
748 5193 798 5239 ν,

543 5288 652 5360 (96)
686 5288 848 5360 Κατὰ
873 5290 976 5354 τὰς
1006 5288 1285 5357 πρωϊνιίς.
1318 5289 1449 5357 Quze
1501 5292 1619 5346 sine
1652 5291 1862 5360 jejunio
1898 5292 2042 5345 cele-

468 5358 767 5414 brabantur
792 5358 1086 5419 Slationes.
1119 5360 1387 5423 συνάξεις,
1414 5370 1472 5414 ut
1499 5358 1794 5415 Dominicis
1825 5360 2041 5425 diebus,

472 5432 525 5483 in
569 5430 889 5499 Pentecoste
934 5440 988 5483 et
1038 5431 1093 5482 in
1152 5429 1473 5499 Epiphania,
1520 5432 1804 5486 matutinis
1845 5430 2045 5484 ﬁebant

470 5498 819 5572 boris._llora
868 5508 1049 5572 autem
1096 5498 1519 5556 absolt'ebantur
1556 5518 1717 5569 nona,
1758 5501 2045 5572 quatjeju-

472 5570 624 5624 nium
659 5569 928 5623 habebant
960 5570 1296 5637 adjunctum.

544 5637 658 5706 (97)
688 5639 805 5706 Πρὸ
825 5637 942 5691 τῶν
962 5638 1131 5703 ἑπτά,
1163 5647 1268 5693 etc.
1313 5638 1603 5695 Paschales
1646 5641 1756 5695 illic
1783 5640 2044 5696 denotare

475 5707 591 5764 vult
613 5707 729 5763 dies
762 5715 988 5777 septem,
1022 5712 1135 5778 qui,
1169 5725 1197 5762 a
1241 5711 1469 5764 solemni
1506 5710 1788 5765 Paschalis
1824 5709 1911 5765 die
1941 5728 2041 5765 nu-

2155 5291 2371 5355 merati,
2406 5291 2699 5359 insequens
2725 5286 3054 5343 desinuntin
3089 5286 3413 5340 Sabbatum.
3448 5285 3584 5339 Ante
3604 5285 3705 5337 dies

2150 5361 2271 5435 illos
2309 5361 2734 5435 Quadragesima
2763 5368 3031 5435 servatur.
3190 5427 3199 5435 _
3318 5427 3328 5435 _
3536 5425 3547 5435 .
3584 5424 3597 5435 .
3672 5423 3697 5431 .-

2222 5431 2333 5500 (98)
2361 5432 2516 5495 ’Έως
2535 5425 2828 5497 ὶδσπέρας.
2858 5428 3089 5500 Duplex_
3114 5427 3489 5481 animadverte
3511 5425 3697 5500 jejunii

2149 5494 2341 5570 genus,
2364 5494 2533 5562 aliud,
2557 5494 2710 5570 quod
2734 5494 3043 5570 solvebatur
3079 5497 3210 5570 hora
3239 5512 3408 5570 nona.
3437 5494 3629 5570 utillud
3653 5509 3693 5570 ιι

2148 5563 2202 5625 Et
2221 5587 2272 5624 νι
2293 5563 2440 5625 feriae
2467 5590 2479 5624 :
2508 5563 2655 5625 aliud
2682 5584 2832 5633 vero,
2867 5578 2925 5622 ul
2951 5568 3454 5639 Quadragesimale,
3478 5564 3613 5637 quod
3635 5563 3690 5615 ad

2147 5656 2402 5712 vesperas
2431 5656 2603 5712 usque
2632 5640 3049 5712 producebatur.

2220 5710 2332 5782 (99)
2365 5712 2418 5766 ln
2436 5710 2601 5766 Coina
2639 5711 2847 5765 Domini
2882 5711 3065 5764 missa.
