3810 6216
136 297 244 354 8‘29

709 296 1076 354 ADVERSUS
1117 298 1457 356 l'UERESES
1494 301 1622 356 LlB.
1665 301 1749 358 111.
1793 301 1957 358 TOM.
2001 302 2062 358 Il.
2104 333 2170 343 —
2209 301 2569 358 EXPOSITIO
2606 300 2805 358 FIDE].

3266 304 3370 358 830

210 411 334 466 ΚΓ.
390 411 514 465 Ἑπί
542 413 599 467 δὲ
629 414 736 466 τῶν
764 415 1204 487 τελευτησάντων
1237 419 1333 489 (1),
1359 419 1416 486 ἐξ
1443 421 1703 490 ὀνόματος

1875 421 2062 475 XXIII.
2103 419 2219 474 Jam
2267 437 2397 476 vero
2437 421 2584 490 quod
2615 420 2682 474 ad
2718 426 2965 475 mortuos
3008 425 3242 489 spectat,
3268 434 3370 474 [ιο-ι

138 503 235 565 τὰς
266 504 482 574 μνήμας
514 504 821 568 ποιοῦνται,
856 509 1163 578 προσευχὰς
1192 511 1468 574 τελοῦντες
1499 513 1590 565 καὶ
1617 513 1709 564 λα-

139 594 321 662 τρείας
345 595 436 645 καὶ
461 595 802 664 οἰκονομίας·
833 597 1041 650 έωθινοί
1079 615 1137 650 τε
1184 598 1340 668 ὕμνοι
1379 603 1435 653 ὲν
1465 602 1600 672 αὐτῇ
1642 605 1706 672 τῇ
1761 603 1776 657 Τ

138 681 270 752 ἁγίᾳ
320 681 615 752 Ἐκκλησία
660 682 926 752 διηνεκεῖς
973 684 1211 751 γίνονται
1266 687 1359 738 καὶ
1413 687 1710 756 προσευχαὶ

139 773 360 826 ἑωθιναί
381 812 395 834 ,
422 773 662 842 λυχνικοί
698 791 755 825 τε
783 774 898 844 ἅμα
929 775 1131 846 ψαλμοὶ
1161 777 1236 846 (2)
1267 777 1359 830 καὶ
1390 779 1705 849 προσευχαί.

139 865 297 927 Τινὲς
328 864 383 916 δὲ
407 863 515 915 τῶν
560 863 897 933 μοναζόντων
924 866 1094 933 αύτῆς
1127 867 1442 920 κατοικοῦσι
1481 867 1578 930 τὰς
1617 867 1710 919 πό-

138 954 251 1016 ).εις
271 996 287 1017 ,
322 955 464 1017 τινὲς
488 953 544 1006 δὲ
575 953 668 1006 καὶ
697 957 754 1006 ὲν
809 955 1190 1024 μοναστηρίοις
1234 956 1552 1020 καθέζονται
1571 997 1585 1016 ,
1615 957 1708 1010 καὶ

136 1045 248 1098 ἀπὸ
308 1045 542 1115 μήκοθεν
584 1045 974 1114 ἀναχωροῦσιν.
1006 1047 1207 1116 Ἥρεσε
1249 1047 1304 1099 δέ
1349 1065 1457 1099 τισι
1500 1049 1590 1100 καὶ
1619 1049 1709 1101 κό-

138 1155 248 1205 μας
275 1135 419 1206 ἔχειν
455 1136 654 1207 τριχῶν
682 1137 866 1189 ἕνεκεν
901 1135 1061 1206 δῆθεν
1109 1137 1400 1202 πολιτείας,
1439 1138 1534 1190 ἀπ’
1579 1139 1707 1192 ἰδίου

135 1229 280 1292 νοὸς,
317 1229 377 1282 ού
410 1228 503 1280 τοῦ
540 1227 873 1295 Εὑαγγελίου
906 1216 1325 1299 προστάξαντος,
1351 1230 1412 1282 οὐ
1445 1230 1551 1282 τῶν
1575 1231 1711 1283 ἀπο-

137 1319 346 1371 στόλων
399 1319 739 1388 δεξαμένων
785 1321 814 1372 ὀ
838 1321 946 1392 γὰρ
986 1321 1140 1388 ἆγιος
1177 1320 1470 1384 ἀπόστολος
1501 1320 1709 1386 Παῦλος

133 1411 386 1480 ἀπέκοψε
436 1413 594 1466 τοῦτο
621 1414 681 1466 τὸ
711 1417 913 1486 σχῆμα.
954 1417 1074 1468 Εἰσὶ
1111 1417 1168 1469 δὲ
1214 1419 1473 1470 πολιτεῖαι
1519 1417 1666 1471 ἄλλοι
1690 1419 1706 1449 ι

133 1502 408 1572 ἐξαίρετοι
449 1507 506 1557 ὲν
531 1509 595 1576 τῇ
625 1506 761 1576 αὐτῇ
805 1506 1066 1579 καθολικῇ
1121 1508 1415 1578 Ἐκκλησία
1448 1508 1709 1577 φυλαττό-

137 1609 300 1662 μεναι
325 1610 337 1622 ·
374 1596 517 1666 φημί
557 1595 613 1648 δὲ
653 1596 749 1649 τοῦ
799 1598 1098 1667 ἀπέχεσθαι
1137 1600 1314 1672 κρεῶν
1346 1600 1582 1665 πάντων,
1623 1619 1710 1654 τε·

131 1685 422 1754 τραπόδων
451 1703 510 1739 τε
539 1688 632 1740 καὶ
659 1689 860 1759 ὀρνέων
889 1691 983 1744 καὶ
1020 1689 1238 1761 ἰχθύων,
1275 1692 1379 1745 ὠοῦ
1410 1710 1467 1744 τε
1493 1693 1586 1746 καί⁹
1614 1710 1710 1744 τυ-

135 1773 272 1841 ροῦο
331 1776 426 1828 καὶ
469 1777 651 1848 ἕτεραι
699 1778 946 1850 διάφοροι
1000 1781 1296 1846 πολιτεῖαι,
1355 1783 1440 1836 ὅτι
1484 1784 1712 1845 ἕκαστος

133 1863 283 1917 κατά
343 1865 434 1917 τὸν
486 1866 616 1919 ἴδιον
666 1867 908 1938 κάματον
959 1869 1150 1938 μισθὸν
1200 1871 1462 1940 λήψεται·
1522 1871 1617 1924 καὶ
1663 1873 1711 1923 οἰ

136 1956 242 2024 μὲν
291 1955 584 2025 ἀπέχονται
628 1957 845 2011 πάντων
893 1958 1096 2012 τούτων
1117 1999 1132 2023 ,
1179 1961 1227 2012 οί
1273 1960 1330 2013 δὲ
1373 1960 1712 2031 τετραπόδων

137 2044 344 2113 μόνων,
392 2045 719 2115 λαμϐάνουσι
765 2049 824 2101 δὲ
872 2049 1075 2120 ὀρνέων
1118 2051 1210 2104 καὶ
1253 2049 1322 2103 τὰ
1382 2051 1672 2121 μετέπειτα
1696 2065 1710 2080 °

133 2137 318 2207 ἕτεροι
353 2136 408 2190 δὲ
438 2138 530 2190 καὶ
568 2139 769 2209 ὀρνέων
797 2140 1114 2209 ἀπέχονται,
1142 2141 1482 2211 λαμϐάνουσι
1511 2141 1568 2194 δὲ
1592 2140 1712 2194 ὠῶν

135 2227 235 2278 καὶ
271 2226 468 2296 ἰχθύων
493 2243 505 2256 °
553 2228 728 2298 ἕτεροι
758 2229 815 2281 δὲ
843 2229 962 2281 οὐδὲ
987 2230 1109 2283 ὠῶν
1138 2229 1502 2300 λαμϐάνουσιν
1522 2246 1535 2260 ο
1565 2229 1713 2283 ἄλλοι

132 2317 195 2369 δὲ
231 2316 427 2386 ἰχθύων
454 2317 767 2388 ἀπέχονται,
799 2320 964 2390 τυροῦ
1002 2321 1060 2373 δὲ
1107 2321 1473 2390 λαμϐάνουσιν
1495 2339 1509 2352 ·
1537 2321 1712 2390 ἕτεροι

132 2404 195 2457 δὲ
225 2403 348 2456 οὐδὲ
371 2405 535 2475 τυροῦ
559 2405 950 2476 λαμϐάνουσιν.
996 2408 1132 2478 Ἤδη
1159 2409 1215 2462 δὲ
1241 2410 1335 2462 καὶ
1363 2410 1508 2464 ἄλλοι
1548 2410 1712 2481 ἄρτου

133 2492 458 2562 ἀπέχονται,
498 2494 674 2565 ἕτεροι
702 2495 759 2548 δὲ
786 2497 880 2548 καὶ
928 2497 1243 2569 ἀκροδρύων
1272 2501 1366 2552 καὶ
1393 2500 1708 2570 ἑψημάτων.

137 2584 340 2636 Πολλοὶ
363 2585 418 2637 δὲ
443 2586 538 2639 καὶ
564 2587 944 2656 χαμευνοῦσιν,
985 2589 1132 2642 ἄλλοι
1162 2590 1218 2643 δὲ
1245 2591 1363 2643 οὐδὲ
1395 2591 1713 2645 ὑποδέννυν-

134 2692 256 2738 ται,
287 2676 437 2730 ἄλλοι
456 2678 512 2729 δὲ
538 2679 739 2731 σάκκον
769 2677 992 2750 φοροῦσι
1032 2680 1432 2751 κεκρυμμένον,
1456 2683 1504 2734 οἱ
1536 2682 1715 2745 καλῶς

137 2765 441 2836 φοροῦντες
480 2769 546 2821 δι’
592 2769 790 2839 ἀρετὴν
825 2769 919 2821 καὶ
977 2771 1293 2839 μετάνοιαν
1330 2772 1575 2841 ἀπρεπὲς
1608 2773 1716 2844 γάρ

136 2863 295 2912 ἐστιν
339 2861 398 2912 ὲν
442 2863 711 2930 προφανεῖ
754 2860 944 2930 σάκκῳ
980 2861 1260 2931 προϊέναι,
1301 2860 1375 2924 ὣς
1405 2879 1546 2925 τινες
1576 2863 1716 2936 οὕτω

138 2948 501 3018 πράττουσιν.
542 2949 814 3019 Ἀπρεπὲς
840 2949 917 3011 δὲ,
952 2949 1028 3011 ὡς
1059 2949 1291 3018 ἔφημεν,
1321 2951 1413 3003 καὶ
1437 2951 1495 3003 τὸ
1519 2951 1717 3015 κλοιοῖς

137 3034 433 3103 προϊέναι,
476 3035 550 3095 ὥς
591 3052 732 3087 τισιν
774 3035 985 3100 ἔδοξεν
1017 3039 1064 3089 οἱ
1104 3037 1315 3100 πλείους
1346 3039 1403 3091 δὲ
1440 3038 1716 3108 βαλανείου

135 3124 461 3193 ἀπέχονται.
508 3125 617 3178 Καί
650 3143 794 3189 τινες
830 3127 1169 3193 ἁπετάξαντο
1213 3129 1291 3196 τῷ
1334 3129 1464 3199 βίῳ,
1529 3132 1717 3200 τέχνας

137 3215 352 3278 λεπτὰς
386 3217 480 3270 καὶ
520 3218 880 3288 ἀπράγμονας
937 3221 1148 3282 ἑαυτοῖς
1179 3221 1595 3290 ἐπινοήσαντες,
1633 3223 1718 3276 ἵνα

141 3305 227 3375 μὴ
258 3305 430 3375 ἀργὸν
458 3305 572 3375 βίον
607 3306 914 3368 διατελῶσι,
950 3308 1083 3378 μηδὲ
1113 3309 1202 3360 τὸν
1228 3309 1390 3378 ἄρτον
1419 3309 1720 3382 βεϐαρημέ-

139 3415 242 3451 νον
301 3397 571 3452 ἐσθίωσιν.
616 3399 704 3452 Ἐν
757 3398 1095 3470 ψαλμῳδίαις
1141 3401 1197 3454 δὲ
1245 3403 1293 3453 οἱ
1341 3402 1586 3470 πλείουςη
1628 3404 1722 3457 καὶ

140 3489 344 3558 εὐχαῖς
367 3489 690 3558 διηνεκέσιν,
718 3489 1054 3558 ἀναγνώσεσί
1083 3507 1142 3544 τε
1174 3491 1403 3562 Γραφῶν
1432 3494 1601 3562 ἁγίων
1631 3496 1722 3548 καὶ

141 3579 586 3650 ἀποστηθισμοίς
615 3579 925 3635 ἀσκοῦνται.

1811 513 2056 565 minutim
2091 513 2305 566 illorum
2337 512 2540 566 mentio
2588 511 2664 574 lit,
2701 525 2764 565 ac
2795 526 2982 580 preces
3008 519 3062 572 et
3095 504 3403 573 sacriﬁcial

1810 602 2172 674 mysteriaque
2191 603 2621 670 frequentantur.
2639 601 2912 655 Matutinte
2933 603 3156 670 insuper
3178 603 3370 656 laudes
3389 595 3399 696 ί

1811 695 1863 746 in
1916 692 2154 747 Ecclesia
2189 693 2456 747 catholica
2508 692 2892 760 matutinaeque
2930 707 3119 760 preces
3152 695 3372 748 assidue

1806 784 2183 848 celebrantur;
2237 784 2540 837 lucernales
2586 783 2711 843 item
2755 782 2948 851 psalmi
2987 789 3040 836 et
3069 784 3368 837 orationes.

1809 873 1977 927 Porro
2026 874 2418 927 monachorum
2470 874 2563 926 alii
2610 874 2663 926 in
2716 873 2944 926 urbibus
2995 872 3218 941 degunt,
3277 875 3368 926 alii

1811 963 1863 1015 in
1912 965 2256 1018 monasteriis
2301 964 2565 1025 habitant,
2601 972 2654 1019 et
2698 964 2764 1016 ab
2797 964 3079 1016 hominum
3117 961 3402 1032 frequen-u

1813 1053 1884 1106 tia
1943 1053 2156 1122 longius
2205 1053 2526 1109 abscedunt.
2580 1053 2873 1107 Nonnullis
2927 1068 3054 1108 vero
3113 1054 3373 1122 prolixior

1811 1159 1964 1198 coma
1987 1145 2205 1213 placuit,
2233 1143 2524 1198 sanctioris
2546 1143 2798 1197 videlicet
2824 1143 3060 1196 instituti
3081 1157 3251 1197 causa
3277 1158 3290 1194 :
3320 1142 3375 1196 id

1813 1233 1959 1304 quod
1989 1243 2179 1303 suapte
2200 1235 2496 1295 voluntate,
2527 1233 2644 1288 sine
2663 1232 2934 1300 Evangelii
2967 1242 3252 1303 precepto,
3276 1241 3371 1286 aut

1811 1325 2181 1394 apostolorum
2240 1325 2631 1394 approbatione
2673 1321 2915 1390 faciunt;
2977 1339 3098 1377 nam
3148 1332 3375 1380 sanctus

1811 1417 2091 1486 apostolus
2121 1415 2321 1470 Paulus
2342 1416 2565 1469 formam
2589 1414 2856 1484 ejusmodi
2879 1423 3040 1484 atque
3060 1416 3261 1468 cultum
3283 1417 3378 1469 ab-

1811 1504 2014 1560 dicavit
2040 1507 2080 1559 '.
2117 1505 2254 1560 Sunt
2291 1513 2344 1561 et
2377 1505 2481 1559 alia
2517 1505 2572 1559 in
2603 1507 2790 1560 eadem
2825 1507 3092 1560 catholica
3129 1507 3370 1562 Ecclesia

1812 1597 2062 1653 instituta
2104 1597 2320 1652 vivendi
2377 1598 2738 1667 praestantia:
2775 1597 3056 1658 nimirum,
3097 1599 3239 1666 quod
3285 1599 3374 1651 alii

1813 1691 2069 1745 carnibus
2098 1705 2323 1759 prorsus
2355 1689 2685 1752 abstineant,
2733 1696 2840 1741 tam
2877 1688 3286 1758 quadrupedum
3323 1695 3378 1742 et

1815 1781 1994 1834 avium
2028 1796 2189 1850 quam
2216 1779 2473 1849 piscium,
2505 1793 2608 1834 nec
2638 1794 2746 1832 non
2779 1779 2897 1832 ovis
2931 1794 2995 1832 ac
3021 1793 3203 1834 caseo.
3237 1777 3375 1831 Tum

1814 1870 1920 1924 alia
1944 1878 2071 1924 sunt
2098 1871 2221 1925 vita:
2243 1885 2462 1941 genera,
2495 1876 2782 1940 pr0pterea
2814 1869 2962 1939 quod
3002 1869 3379 1938 unusquisque

1815 1960 2110 2016 secundum
2158 1960 2442 2030 proprium
2472 1961 2719 2015 laborem
2752 1959 3052 2013 mercedem
3086 1960 3312 2028 accipiet
3334 1960 3376 2012 ³.

1813 2049 1985 2120 Igitur
2015 2057 2144 2104 sunt
2173 2051 2265 2120 qui
2298 2050 2407 2104 illis
2435 2048 2691 2103 omnibus
2729 2047 3076 2111 abstineant;
3108 2048 3197 2100 alii
3245 2062 3379 2115 qua-

1817 2140 2156 2211 drupedibus
2179 2141 2463 2202 duntaxat,
2494 2138 2587 2195 sed
2619 2139 2809 2193 avibus
2834 2153 2896 2192 ac
2922 2137 3132 2192 caiteris
3159 2152 3383 2192 vescun-

1818 2243 1946 2292 tur:
1985 2233 2074 2286 alii
2099 2233 2259 2286 etiam
2293 2232 2359 2285 ab
2388 2231 2578 2284 avibus
2615 2237 2952 2300 temperant,
2993 2243 3090 2280 ova
3121 2236 3174 2282 et
3204 2228 3381 2297 pisces

1816 2321 2105 2383 adhibent;
2127 2319 2213 2372 alii
2235 2319 2394 2373 etiam
2417 2332 2518 2372 ova
2542 2315 2845 2385 repudiarit.
2867 2313 3004 2368 Sunt
3026 2313 3115 2381 qui
3139 2311 3383 2380 piscibus

1773 2441 1777 2449 -
1816 2413 2130 2467 abstinent:
2163 2412 2254 2480 qui
2288 2418 2468 2463 tamen
2517 2421 2735 2462 caseum
2765 2407 2869 2460 sibi
2899 2403 3236 2474 permittunt.
3272 2401 3375 2453 Alii

1813 2519 1944 2558 vero
1978 2517 2138 2558 caseo
2172 2517 2281 2555 non
2328 2507 2577 2554 utuntur.
2616 2496 2888 2551 Praaterea
2935 2493 3154 2564 quidam
3184 2509 3214 2547 a
3245 2505 3387 2560 pane

1816 2593 2127 2647 abstinent:
2163 2589 2381 2659 quidam
2414 2589 2480 2641 ab
2507 2587 2762 2640 arborum
2801 2583 3068 2637 fructibus
3113 2588 3166 2635 et
3209 2580 3394 2655 coctis

1816 2682 2093 2737 omnibus.
2113 2678 2365 2748 Plerique
2389 2677 2538 2731 humi
2560 2675 2827 2734 cubitant,
2853 2673 2942 2726 alii
2973 2670 3132 2724 nudis
3156 2667 3386 2739 pedibus

1817 2787 1880 2826 ac
1901 2774 2020 2825 sine
2041 2769 2427 2824 calceamentis
2452 2769 2725 2832 incedunt,
2749 2765 2836 2818 alii
2859 2763 3130 2817 occultum
3149 2759 3388 2812 eilicimn

1819 2862 2024 2924 ferunt,
2056 2861 2145 2930 qui
2181 2861 2232 2914 id
2262 2859 2624 2918 laudabiliter,
2658 2855 2883 2911 virtutis
2908 2853 3114 2908 scilicet
3146 2857 3239 2902 aut
3273 2864 3389 2917 pm-

1824 2954 2064 3008 nitentia:
2085 2966 2272 3013 causa,
2304 2950 2518 3013 ferunt;
2547 2964 2669 3002 nam
2699 2947 2934 3001 cilicium
2970 2943 3144 3012 palam
3182 2953 3247 2994 ac
3276 2953 3390 3008 prta

1821 3057 1880 3098 se
1931 3041 2070 3095 ferre
2119 3039 2298 3094 minus
2345 3038 2601 3093 decorum
2640 3035 2876 3100 videtur,
2925 3030 3068 3101 quod
3103 3029 3392 3083 instituere

1829 3132 2097 3187 nonnulli.
2149 3130 2331 3200 Neque
2389 3129 2511 3199 plus
2541 3126 2754 3183 decoris
2794 3125 2974 3186 habet,
3019 3129 3079 3175 ut
3123 3120 3389 3181 diximus,

1831 3225 1976 3294 quod
2009 3224 2288 3278 nonnullis
2319 3222 2493 3275 visum
2522 3227 2627 3283 est,
2658 3206 2778 3273 cum
2815 3214 3047 3270 vinculis
3085 3211 3224 3266 collo
3255 3209 3390 3263 indi-

1823 3315 1896 3367 tis
1939 3313 2210 3367 incedere.
2251 3310 2356 3365 Sed
2387 3323 2548 3380 quam
2578 3305 2793 3378 plurimi
2842 3304 3061 3357 balneas
3114 3312 3392 3370 nunquam

1828 3404 2030 3458 vident.
2064 3401 2315 3457 Nonnulli
2347 3401 2549 3455 saeculo
2577 3399 2650 3452 ita
2673 3393 3077 3455 renuntiarunt,
3119 3397 3178 3443 ut
3227 3390 3394 3443 lesio-

1827 3509 1918 3549 res
1961 3492 2222 3562 quasdam
2254 3499 2400 3545 artes
2427 3504 2491 3543 ac
2519 3488 2700 3542 minus
2753 3480 3062 3551 negotiosas
3107 3478 3210 3533 sibi
3262 3478 3396 3547 ipsis

1772 3610 1779 3617 -
1830 3586 2233 3655 excogitarent,
2299 3597 2368 3636 ne
2418 3589 2630 3634 aetatem
2672 3578 2728 3630 in
2793 3573 2906 3628 otio
2953 3570 3250 3640 degerent,
3308 3579 3396 3625 aut

142 3671 340 3726 cibum
370 3687 493 3726 cum
535 3667 857 3744 cujusquam
892 3673 1234 3728 incommodo
1295 3684 1591 3732 sumerent.
1647 3676 1840 3748 Magna
1865 3692 1994 3732 vero
2030 3691 2098 3730 ex
2133 3684 2286 3744 parte
2317 3674 2374 3727 in
2422 3667 2779 3728 decantandis
2833 3665 3058 3736 psalmis
3108 3679 3174 3720 ac
3221 3665 3396 3720 conti-
3443 3699 3458 3710 ο

144 3765 283 3819 nnis
333 3765 670 3820 orationibus
712 3772 766 3820 et
808 3772 1122 3821 sanctarum
1167 3766 1572 3837 Seripturarum
1627 3769 1972 3833 lectionibus,
2040 3761 2341 3836 iisdemque
2376 3763 2688 3820 memoriter
2715 3757 3157 3832 pronuntiandis,
3195 3760 3398 3828 seipsns

142 3864 433 3912 exercent.

225 3949 356 4000 ΚΝ.
391 3947 524 4018 Περί
552 3947 608 4000 δὲ
632 3919 931 4018 ξενοδοχίας
959 3950 1052 4002 καὶ
1073 3949 1477 4022 φιλανθρωπίας
1506 3949 1726 4020 ὲλεημο·
1766 3960 1774 3968 ’

146 4040 324 4110 σύνης
377 4055 436 4090 τε
475 4041 553 4100 εἰς
595 4038 834 4102 πάντας,
884 4041 1046 4093 πᾶσιν
1099 4041 1127 4092 ὀ
1162 4043 1262 4111 τῆς
1312 4040 1472 4109 ἁγίας
1522 4039 1725 4109 ταύτης

145 4130 453 4200 καθολικῆς
497 4130 594 4183 καὶ
638 4132 996 4202 ἀπστολικῆς
1041 4132 1362 4202 Ἐκκλησίας
1393 4133 1598 4204 καρπὸς
1635 4149 1725 4184 κε-

145 4224 224 4291 κή
236 4239 454 4294 ρυκται.
485 4221 558 4273 Τὸ
585 4221 640 4274 δὲ
662 4221 884 4293 λουτρὸν
913 4223 1023 4293 ἔχει
1048 4225 1164 4277 ἀντὶ
1192 4224 1292 4292 τῆς
1330 4222 1727 4292 παλαιωθείσης

147 4311 464 4383 περιτομῆς
508 4313 564 4363 ἐν
591 4309 812 4383 Χριστῷ
834 4327 848 4342 ⁸
879 4313 1268 4367 διαναπαύεται
1301 4318 1358 4366 ὲν
1393 4313 1470 4383 τῷ
1510 4312 1727 4384 μεγάλῳ

1907 3942 2116 4012 1107
2155 3939 2343 3994 XXIV.
2391 3939 2511 3994 Jam
2547 3953 2678 3994 vero
2717 3939 3102 4008 hospitalitatis
3132 3946 3184 3992 et
3218 3939 3398 3992 huma-

1832 4035 2018 4088 nitatis
2055 4043 2108 4087 et
2141 4032 2196 4084 in
2229 4046 2419 4085 omnes
2466 4045 2733 4100 pauperes
2773 4031 3143 4085 beneﬁcentiae
3188 4030 3399 4084 fructus

1832 4122 1928 4177 toti
1985 4119 2266 4175 catholica:
2313 4127 2367 4174 et
2413 4119 2726 4188 apostolicae
2777 4119 3037 4173 Ecclesiae
3095 4119 3400 4172 communis

1832 4213 2086 4268 omnibus
2133 4220 2218 4266 est
2262 4209 2527 4264 indictus.
2586 4207 2786 4262 Eadem
2847 4221 2974 4260 vero
3023 4205 3264 4260 Ecclesia
3300 4220 3399 4274 pro

1833 4304 2073 4357 obsoleta
2119 4302 2209 4355 illa
2250 4301 2304 4354 in
2333 4299 2552 4354 Christo
2605 4299 3022 4354 circumcisione
3066 4297 3396 4367 baptismum

149 4378 440 4470 σαίὸϐἀτῳ,
471 4400 592 4452 ἀντὶ
618 4378 710 4452 τοῦ
757 4378 952 4470 μικροῦ
983 4402 1272 4457 σαϐϐάτου.
1306 4378 1600 4472 Ἀπέχεται-
1620 4378 1709 4452 κοι

1837 4394 2082 4463 accepit:
2123 4407 2187 4447 ac
2217 4408 2315 4462 pro
2353 4390 2550 4460 exiguo
2596 4389 2854 4451 Sabbato,
2903 4386 3126 4455 majoris
3175 4385 3399 4440 Sabbati

147 4491 361 4553 νωνίας
411 4490 662 4544 ἁπάντων
711 4492 972 4558 αἱρέσεων
996 4509 1010 4523 ⁸
1060 4493 1424 4563 ἀποκηρύττει
1457 4491 1729 4562 πορνείαν,

150 4585 257 4638 καὶ
312 4582 582 4652 μοιχείαν,
616 4583 710 4636 καὶ
787 4584 1092 4653 ἀσέλγειαν,
1137 4587 1230 4639 καί
1273 4583 1730 4655 εἰδωλολατρείαν,

149 4673 257 4728 καὶ
282 4672 466 4741 φόνον.
499 4675 593 4725 καὶ
625 4673 800 4727 πᾶσαν
827 4675 1187 4746 παρανομίαν,
1220 4676 1313 4728 καὶ
1342 4674 1735 4753 μαγείσννκαὶ

151 4765 517 4836 φαρμακείαν
542 4809 558 4833 ,
603 4767 994 4838 ἀστρονομίαν,
1037 4767 1422 4839 κληδονισμοὺς
1450 4806 1465 4832 ,
1506 4766 1734 4835 παλμῶν

236 4923 254 4955 ⁸
283 4920 349 4976 F.
384 4921 562 4975 ἄλλαι.
638 4923 658 4952 ²
691 4919 712 4974 1
751 4921 877 4977 Cor.
915 4939 990 4987 ιι,
1024 4924 1080 4978 4.
1157 4923 1177 4954 ³
1207 4924 1224 4976 1
1257 4923 1382 4978 Cor.
1417 4931 1498 4987 ni,
1529 4923 1583 4978 8.

231 5081 314 5149 (l)
345 5080 478 5134 Ἐπὶ
505 5079 573 5132 δὲ
594 5078 712 5132 τῶν
739 5078 1247 5149 τελευτησάντων.
1273 5076 1473 5131 Petavii
1499 5075 1741 5149 animad-

145 5145 416 5207 versione
470 5149 702 5218 insignis
759 5153 824 5203 a‘t:
875 5145 1242 5202 memorabilis
1282 5149 1431 5200 locus
1466 5149 1554 5200 hic
1606 5145 1736 5218 Epi-

149 5221 352 5289 phanii
375 5217 656 5274 habendus
698 5229 804 5282 est,
844 5219 899 5272 in
929 5234 1038 5288 quo
1072 5219 1253 5286 agitur
1286 5219 1354 5289 d_e
1393 5217 1735 5289 orationibus

145 5286 206 5344 et
275 5289 588 5358 sacriﬁciis,
619 5303 739 5358 quae
791 5304 886 5356 pro
919 5286 1148 5358 mortuis
1183 5286 1548 5358 ab_Ecelesia
1597 5290 1738 5358 cele-

149 5362 418 5414 brantur.
455 5355 652 5413 Fusius
680 5355 868 5413 eadem
903 5356 970 5411 de
1014 5373 1072 5411 re
1099 5357 1237 5411 idem
1258 5355 1597 5427 Epiphanius
1626 5356 1736 5427 agit

147 5439 209 5482 ιιι
239 5431 293 5482 in
320 5429 629 5490 h:eresi,75,
664 5444 813 5482 num.
848 5427 898 5492 7,
935 5442 1054 5495 qua:
1094 5423 1319 5481 haeresis
1349 5423 1433 5481 est
1460 5423 1734 5487 Aerii.’E5

147 5500 448 5568 ὀνόματος,
483 5499 798 5551 nominatim
853 5506 1186 5568 mortuorum
1243 5499 1566 5568 mentionem
1617 5495 1732 5568 lieri

150 5571 211 5622 in
241 5563 423 5623 sacris
452 5569 792 5638 peragendis,
824 5567 1022 5635 quibus
1052 5567 1158 5621 illis
1189 5566 1535 5638 sullragetur,
1562 5563 1728 5638 tradit

151 5635 508 5707 Epiphanius
531 5635 642 5691 tuin
663 5637 714 5690 in
744 5637 1017 5707 praesenti.
1046 5645 1158 5707 tum
1194 5635 1493 5690 memorato
1525 5635 1579 5707 in
1606 5635 1724 5687 loco

153 5704 384 5763 Arianae
414 5707 701 5775 luercseos,
743 5704 950 5778 quode
986 5709 1092 5761 ritu
1132 5705 1296 5760 Deum
1328 5704 1583 5761 exorandi
1624 5718 1720 5773 pro

267 5972 296 5988 ο

1836 4489 2073 4559 quietem
2109 4486 2364 4542 admittit.
2402 4484 2484 4538 Ab
2525 4482 2768 4536 omnium
2811 4480 3098 4543 haereseon
3137 4491 3399 4531 'commu-

1839 4586 2001 4639 nione
2039 4598 2098 4638 se
2144 4587 2436 4653 segregat:
2468 4579 2876 4634 fornicationem
2902 4616 2917 4640 ,
2964 4575 3288 4628 adulterium
3339 4584 3399 4625 ac

1839 4675 2115 4730 libidinem
2165 4673 2456 4743 proscribit
2505 4685 2759 4735 omnem,
2833 4669 2960 4723 item
3019 4663 3400 4725 idololatriam,

1839 4765 2214 4827 homicidium,
2245 4765 2588 4836 iniquitatem
2621 4775 2862 4826 omnem,
2918 4757 3192 4813 maleﬁcas
3235 4761 3400 4818 artes,

1845 5073 2080 5129 mortuis
2111 5069 2320 5131 confer,
2361 5082 2483 5138 quae
2534 5063 2863 5138 Thomasius
2914 5059 3130 5138 collegit
3163 5065 3402 5138 veterum

1845 5143 2170 5197 documenta
2213 5132 2412 5194 eiiimio
2471 5139 2524 5189 in
2567 5133 2849 5188 Breviculo
2900 5132 3100 5184 veteris
3151 5132 3314 5180 moris
3349 5132 3402 5178 in

1843 5213 2208 5268 celebratione
2231 5209 2520 5261 missarum
2545 5204 2677 5258 edit.
2705 5209 2904 5257 nostra:
2933 5197 3186 5261 tom.Vll,
3207 5212 3326 5266 pag.
3349 5198 3400 5260 l,

1842 5291 1896 5338 et
1925 5281 2046 5336 aliis
2081 5279 2203 5334 inde
2231 5275 2601 5345 sequentibus.
2787 5341 2797 5345 Α
2845 5338 2868 5345 _
3098 5337 3109 5345 ,
3308 5335 3319 5345 _
3388 5334 3399 5345 ,

1912 5351 1987 5420 (2)
2015 5335 2380 5420 Λυχνρκοίτε
2415 5345 2533 5412 ἅμα
2569 5341 2814 5420 ψαλμοί.
2845 5337 3175 5420 Lucernales
3205 5335 3400 5404 psaln"

1843 5406 1938 5490 qui
1962 5406 2268 5490 vespertino
2319 5406 3001 5490 tenipure'recitabantur,
3030 5422 3138 5490 quo
3163 5406 3404 5490 lucer'na:

1833 5473 2115 5559 Senserat
2130 5489 2347 5542 lumine.
2367 5473 2522 5559 [inde
2542 5491 2593 5537 et
2604 5481 2995 5559 _V__e_spertinum
3020 5473 3269 5559 ‘oﬂicium
3297 5473 3404 5555 Lu-

1831 5547 2125 5613 cérnarium
2146 5565 2351 5613 veteres
2382 5553 2586 5608 dixere.
2604 5547 2870 5621 Vidéqute
2896 5548 3035 5620 apud
3055 5547 3405 5621 Thomasimn

1829 5637 2076 5686 nostrum
2112 5643 2174 5682 ea
2225 5626 2291 5679 de
2328 5640 2386 5678 re
2444 5640 2550 5677 non
2614 5613 2783 5678 semel
2822 5613 3112 5677 occurrant
3171 5613 3404 5685 Operum

1823 5699 1969 5757 illius
2001 5697 2273 5756 volumine
2297 5697 2351 5750 in
2379 5697 2631 5750 secundo.
