  <div class='ocr_page' id='page_1' title='image "/cluster/home/n/w/nwhite01/storage/ocr_20150623/42/hvd.32044011752995/415.png"; bbox 0 0 3810 6216; ppageno 0'>
   <div class='ocr_carea' id='block_1_1' title="bbox 435 285 2014 341">
    <p class='ocr_par' dir='ltr' id='par_1_1' title="bbox 435 285 2014 341">
     <span class='ocr_line' id='line_1_1' title="bbox 435 285 2014 341; baseline 0.001 -1"><span class='ocrx_word' id='word_1_1' title='bbox 435 286 528 340; x_wconf 75' lang='grc'><strong>851</strong></span> <span class='ocrx_word' id='word_1_2' title='bbox 1832 287 1888 341; x_wconf 93' lang='lat' dir='ltr'><strong>S.</strong></span> <span class='ocrx_word' id='word_1_3' title='bbox 1934 285 2014 341; x_wconf 79' lang='grc' dir='ltr'><strong>ΕΡ</strong></span> 
     </span>
    </p>
   </div>
   <div class='ocr_carea' id='block_1_2' title="bbox 2122 285 2269 341">
    <p class='ocr_par' dir='ltr' id='par_1_2' title="bbox 2122 286 2269 341">
     <span class='ocr_line' id='line_1_2' title="bbox 2122 286 2269 341; baseline 0 -1"><span class='ocrx_word' id='word_1_4' title='bbox 2122 286 2269 341; x_wconf 86' lang='lat' dir='ltr'>IANII</span> 
     </span>
    </p>
   </div>
   <div class='ocr_carea' id='block_1_3' title="bbox 3591 279 3689 335">
    <p class='ocr_par' dir='ltr' id='par_1_3' title="bbox 3591 279 3689 335">
     <span class='ocr_line' id='line_1_3' title="bbox 3591 279 3689 335; baseline -0.031 -1"><span class='ocrx_word' id='word_1_5' title='bbox 3591 279 3689 335; x_wconf 70' lang='lat'><strong>832</strong></span> 
     </span>
    </p>
   </div>
   <div class='ocr_carea' id='block_1_4' title="bbox 436 397 2014 477">
    <p class='ocr_par' dir='ltr' id='par_1_4' title="bbox 436 402 2007 473">
     <span class='ocr_line' id='line_1_4' title="bbox 436 402 2007 473; baseline 0.002 -15"><span class='ocrx_word' id='word_1_6' title='bbox 436 403 713 463; x_wconf 79' lang='lat' dir='ltr'><strong>veneficia,</strong></span> <span class='ocrx_word' id='word_1_7' title='bbox 762 402 1174 465; x_wconf 77' lang='lat' dir='ltr'><strong>astronomiam,</strong></span> <span class='ocrx_word' id='word_1_8' title='bbox 1230 403 1482 473; x_wconf 80' lang='lat' dir='ltr'><strong>auguria,</strong></span> <span class='ocrx_word' id='word_1_9' title='bbox 1531 405 1870 469; x_wconf 89' lang='lat' dir='ltr'><strong>sortitiones,</strong></span> <span class='ocrx_word' id='word_1_10' title='bbox 1924 408 2007 460; x_wconf 85' lang='lat' dir='ltr'><strong>in-</strong></span> 
     </span>
    </p>
   </div>
   <div class='ocr_carea' id='block_1_5' title="bbox 2122 397 3688 477">
    <p class='ocr_par' dir='ltr' id='par_1_5' title="bbox 2122 397 3688 477">
     <span class='ocr_line' id='line_1_5' title="bbox 2122 397 3688 477; baseline -0.006 -19"><span class='ocrx_word' id='word_1_11' title='bbox 2122 408 2554 477; x_wconf 80' lang='grc' dir='ltr'>παρατηρήσεις,</span> <span class='ocrx_word' id='word_1_12' title='bbox 2603 403 2880 466; x_wconf 83' lang='grc' dir='ltr'>ἐπαοιδίας</span> <span class='ocrx_word' id='word_1_13' title='bbox 2902 443 2916 465; x_wconf 90' lang='grc'><strong>,</strong></span> <span class='ocrx_word' id='word_1_14' title='bbox 2955 402 3226 471; x_wconf 79' lang='grc' dir='ltr'>περίαπτα</span> <span class='ocrx_word' id='word_1_15' title='bbox 3253 440 3267 461; x_wconf 85' lang='grc'><strong>,</strong></span> <span class='ocrx_word' id='word_1_16' title='bbox 3302 400 3372 452; x_wconf 72' lang='grc' dir='ltr'><strong>τὰ</strong></span> <span class='ocrx_word' id='word_1_17' title='bbox 3402 399 3466 467; x_wconf 79' lang='grc' dir='ltr'>δὴ</span> <span class='ocrx_word' id='word_1_18' title='bbox 3496 397 3688 450; x_wconf 68' lang='grc' dir='ltr'>καλοί·</span> 
     </span>
    </p>
   </div>
   <div class='ocr_carea' id='block_1_6' title="bbox 435 495 2005 566">
    <p class='ocr_par' dir='ltr' id='par_1_6' title="bbox 435 495 2005 566">
     <span class='ocr_line' id='line_1_6' title="bbox 435 495 2005 566; baseline 0.001 -15"><span class='ocrx_word' id='word_1_19' title='bbox 435 497 795 561; x_wconf 86' lang='lat' dir='ltr'><strong>cantationes,</strong></span> <span class='ocrx_word' id='word_1_20' title='bbox 849 495 1110 558; x_wconf 85' lang='lat' dir='ltr'><strong>amuleta,</strong></span> <span class='ocrx_word' id='word_1_21' title='bbox 1162 512 1283 565; x_wconf 70' lang='lat' dir='ltr'><strong>qua:</strong></span> <span class='ocrx_word' id='word_1_22' title='bbox 1337 496 1671 566; x_wconf 87' lang='lat' dir='ltr'><strong>phylacteria</strong></span> <span class='ocrx_word' id='word_1_23' title='bbox 1721 508 2005 553; x_wconf 78' lang='lat' dir='ltr'><strong>vocantur.</strong></span> 
     </span>
    </p>
   </div>
   <div class='ocr_carea' id='block_1_7' title="bbox 436 585 2052 656">
    <p class='ocr_par' dir='ltr' id='par_1_7' title="bbox 436 585 2052 656">
     <span class='ocr_line' id='line_1_7' title="bbox 436 585 2052 656; baseline 0.005 -17"><span class='ocrx_word' id='word_1_24' title='bbox 436 586 516 639; x_wconf 77' lang='lat' dir='ltr'><strong>Ad</strong></span> <span class='ocrx_word' id='word_1_25' title='bbox 562 588 674 640; x_wconf 67' lang='lat' dir='ltr'><strong>haec</strong></span> <span class='ocrx_word' id='word_1_26' title='bbox 697 627 710 651; x_wconf 89' lang='lat'><strong>,</strong></span> <span class='ocrx_word' id='word_1_27' title='bbox 761 585 978 640; x_wconf 82' lang='lat' dir='ltr'><strong>theatra</strong></span> <span class='ocrx_word' id='word_1_28' title='bbox 1017 593 1070 640; x_wconf 88' lang='lat' dir='ltr'><strong>et</strong></span> <span class='ocrx_word' id='word_1_29' title='bbox 1103 593 1387 656; x_wconf 71' lang='lat' dir='ltr'><strong>equestres</strong></span> <span class='ocrx_word' id='word_1_30' title='bbox 1423 587 1582 641; x_wconf 90' lang='lat' dir='ltr'><strong>ludos</strong></span> <span class='ocrx_word' id='word_1_31' title='bbox 1611 596 1662 641; x_wconf 91' lang='lat' dir='ltr'><strong>et</strong></span> <span class='ocrx_word' id='word_1_32' title='bbox 1693 591 2009 646; x_wconf 79' lang='lat' dir='ltr'><strong>venationes</strong></span> <span class='ocrx_word' id='word_1_33' title='bbox 2040 635 2052 648; x_wconf 92' lang='lat'><strong>.</strong></span> 
     </span>
    </p>
   </div>
   <div class='ocr_carea' id='block_1_8' title="bbox 438 678 2008 746">
    <p class='ocr_par' dir='ltr' id='par_1_8' title="bbox 438 678 2008 746">
     <span class='ocr_line' id='line_1_8' title="bbox 438 678 2008 746; baseline 0.003 -14"><span class='ocrx_word' id='word_1_34' title='bbox 438 693 501 732; x_wconf 90' lang='lat' dir='ltr'><strong>ac</strong></span> <span class='ocrx_word' id='word_1_35' title='bbox 549 679 795 733; x_wconf 89' lang='lat' dir='ltr'><strong>musicos</strong></span> <span class='ocrx_word' id='word_1_36' title='bbox 835 679 1078 743; x_wconf 82' lang='lat' dir='ltr'><strong>damnat,</strong></span> <span class='ocrx_word' id='word_1_37' title='bbox 1108 687 1161 732; x_wconf 92' lang='lat' dir='ltr'><strong>et</strong></span> <span class='ocrx_word' id='word_1_38' title='bbox 1191 678 1621 732; x_wconf 83' lang='lat' dir='ltr'><strong>maledicentiam</strong></span> <span class='ocrx_word' id='word_1_39' title='bbox 1647 695 1882 746; x_wconf 84' lang='lat' dir='ltr'><strong>onmem,</strong></span> <span class='ocrx_word' id='word_1_40' title='bbox 1913 682 2008 736; x_wconf 89' lang='lat' dir='ltr'><strong>de-</strong></span> 
     </span>
    </p>
   </div>
   <div class='ocr_carea' id='block_1_9' title="bbox 439 769 2007 843">
    <p class='ocr_par' dir='ltr' id='par_1_9' title="bbox 439 769 2007 843">
     <span class='ocr_line' id='line_1_9' title="bbox 439 769 2007 843; baseline 0.001 -20"><span class='ocrx_word' id='word_1_41' title='bbox 439 771 789 836; x_wconf 87' lang='lat' dir='ltr'><strong>tractionem,</strong></span> <span class='ocrx_word' id='word_1_42' title='bbox 827 785 1066 840; x_wconf 82' lang='lat' dir='ltr'><strong>pugnam</strong></span> <span class='ocrx_word' id='word_1_43' title='bbox 1120 779 1282 839; x_wconf 88' lang='lat' dir='ltr'><strong>atque</strong></span> <span class='ocrx_word' id='word_1_44' title='bbox 1335 769 1531 832; x_wconf 84' lang='lat' dir='ltr'><strong>rixam.</strong></span> <span class='ocrx_word' id='word_1_45' title='bbox 1592 771 2007 843; x_wconf 80' lang='lat' dir='ltr'><strong>blasphemiam,</strong></span> 
     </span>
    </p>
   </div>
   <div class='ocr_carea' id='block_1_10' title="bbox 441 857 2010 930">
    <p class='ocr_par' dir='ltr' id='par_1_10' title="bbox 441 857 2010 930">
     <span class='ocr_line' id='line_1_10' title="bbox 441 857 2010 930; baseline -0.001 -16"><span class='ocrx_word' id='word_1_46' title='bbox 441 860 723 930; x_wconf 89' lang='lat' dir='ltr'><strong>injuriam,</strong></span> <span class='ocrx_word' id='word_1_47' title='bbox 758 861 1044 913; x_wconf 85' lang='lat' dir='ltr'><strong>avaritiam</strong></span> <span class='ocrx_word' id='word_1_48' title='bbox 1091 869 1143 913; x_wconf 89' lang='lat' dir='ltr'><strong>et</strong></span> <span class='ocrx_word' id='word_1_49' title='bbox 1182 873 1425 912; x_wconf 89' lang='lat' dir='ltr'><strong>usuram.</strong></span> <span class='ocrx_word' id='word_1_50' title='bbox 1479 857 1857 929; x_wconf 81' lang='lat' dir='ltr'><strong>Negotiatores</strong></span> <span class='ocrx_word' id='word_1_51' title='bbox 1901 877 2010 914; x_wconf 92' lang='lat' dir='ltr'><strong>non</strong></span> 
     </span>
    </p>
   </div>
   <div class='ocr_carea' id='block_1_11' title="bbox 441 949 2012 1020">
    <p class='ocr_par' dir='ltr' id='par_1_11' title="bbox 441 949 2012 1020">
     <span class='ocr_line' id='line_1_11' title="bbox 441 949 2012 1020; baseline 0 -15"><span class='ocrx_word' id='word_1_52' title='bbox 441 953 734 1007; x_wconf 83' lang='lat' dir='ltr'><strong>admodum</strong></span> <span class='ocrx_word' id='word_1_53' title='bbox 780 951 993 1020; x_wconf 87' lang='lat' dir='ltr'><strong>probat,</strong></span> <span class='ocrx_word' id='word_1_54' title='bbox 1039 949 1131 1005; x_wconf 87' lang='lat' dir='ltr'><strong>sed</strong></span> <span class='ocrx_word' id='word_1_55' title='bbox 1162 950 1216 1002; x_wconf 91' lang='lat' dir='ltr'><strong>in</strong></span> <span class='ocrx_word' id='word_1_56' title='bbox 1245 950 1486 1003; x_wconf 89' lang='lat' dir='ltr'><strong>omnium</strong></span> <span class='ocrx_word' id='word_1_57' title='bbox 1521 951 1706 1004; x_wconf 85' lang='lat' dir='ltr'><strong>infimo</strong></span> <span class='ocrx_word' id='word_1_58' title='bbox 1736 951 1852 1005; x_wconf 89' lang='lat' dir='ltr'><strong>loco</strong></span> <span class='ocrx_word' id='word_1_59' title='bbox 1881 968 2012 1006; x_wconf 80' lang='lat' dir='ltr'><strong>con-</strong></span> 
     </span>
    </p>
   </div>
   <div class='ocr_carea' id='block_1_12' title="bbox 447 1039 2011 1108">
    <p class='ocr_par' dir='ltr' id='par_1_12' title="bbox 447 1039 2011 1108">
     <span class='ocr_line' id='line_1_12' title="bbox 447 1039 2011 1108; baseline 0 -12"><span class='ocrx_word' id='word_1_60' title='bbox 447 1041 644 1098; x_wconf 80' lang='lat' dir='ltr'><strong>stituit.</strong></span> <span class='ocrx_word' id='word_1_61' title='bbox 698 1039 1016 1095; x_wconf 89' lang='lat' dir='ltr'><strong>Oblationes</strong></span> <span class='ocrx_word' id='word_1_62' title='bbox 1071 1039 1139 1092; x_wconf 89' lang='lat' dir='ltr'><strong>ab</strong></span> <span class='ocrx_word' id='word_1_63' title='bbox 1191 1039 1298 1102; x_wconf 87' lang='lat' dir='ltr'><strong>his,</strong></span> <span class='ocrx_word' id='word_1_64' title='bbox 1354 1039 1444 1108; x_wconf 87' lang='lat' dir='ltr'><strong>qui</strong></span> <span class='ocrx_word' id='word_1_65' title='bbox 1497 1041 1696 1108; x_wconf 85' lang='lat' dir='ltr'><strong>injuria</strong></span> <span class='ocrx_word' id='word_1_66' title='bbox 1741 1045 2011 1096; x_wconf 88' lang='lat' dir='ltr'><strong>neminem</strong></span> 
     </span>
    </p>
   </div>
   <div class='ocr_carea' id='block_1_13' title="bbox 449 1131 2009 1202">
    <p class='ocr_par' dir='ltr' id='par_1_13' title="bbox 449 1131 2009 1202">
     <span class='ocr_line' id='line_1_13' title="bbox 449 1131 2009 1202; baseline 0.002 -16"><span class='ocrx_word' id='word_1_67' title='bbox 449 1133 753 1197; x_wconf 72' lang='lat' dir='ltr'><strong>affecerint,</strong></span> <span class='ocrx_word' id='word_1_68' title='bbox 799 1147 974 1202; x_wconf 86' lang='lat' dir='ltr'><strong>neque</strong></span> <span class='ocrx_word' id='word_1_69' title='bbox 1011 1131 1190 1186; x_wconf 90' lang='lat' dir='ltr'><strong>scelus</strong></span> <span class='ocrx_word' id='word_1_70' title='bbox 1231 1132 1449 1200; x_wconf 89' lang='lat' dir='ltr'><strong>aliquod</strong></span> <span class='ocrx_word' id='word_1_71' title='bbox 1484 1134 1872 1201; x_wconf 84' lang='lat' dir='ltr'><strong>perpetrarint,</strong></span> <span class='ocrx_word' id='word_1_72' title='bbox 1916 1135 2009 1190; x_wconf 87' lang='lat' dir='ltr'><strong>sed</strong></span> 
     </span>
    </p>
   </div>
   <div class='ocr_carea' id='block_1_14' title="bbox 438 1223 2010 1293">
    <p class='ocr_par' dir='ltr' id='par_1_14' title="bbox 438 1223 2010 1293">
     <span class='ocr_line' id='line_1_14' title="bbox 438 1223 2010 1293; baseline 0 -15"><span class='ocrx_word' id='word_1_73' title='bbox 438 1225 586 1293; x_wconf 84' lang='lat' dir='ltr'><strong>juste</strong></span> <span class='ocrx_word' id='word_1_74' title='bbox 631 1223 794 1276; x_wconf 87' lang='lat' dir='ltr'><strong>vitam</strong></span> <span class='ocrx_word' id='word_1_75' title='bbox 838 1223 1151 1286; x_wconf 86' lang='lat' dir='ltr'><strong>instituant,</strong></span> <span class='ocrx_word' id='word_1_76' title='bbox 1193 1223 1450 1276; x_wconf 87' lang='lat' dir='ltr'><strong>admittit.</strong></span> <span class='ocrx_word' id='word_1_77' title='bbox 1492 1224 1692 1278; x_wconf 86' lang='lat' dir='ltr'><strong>Preces</strong></span> <span class='ocrx_word' id='word_1_78' title='bbox 1737 1224 1801 1277; x_wconf 92' lang='lat' dir='ltr'><strong>ad</strong></span> <span class='ocrx_word' id='word_1_79' title='bbox 1846 1225 2010 1280; x_wconf 87' lang='lat' dir='ltr'><strong>Deum</strong></span> 
     </span>
    </p>
   </div>
   <div class='ocr_carea' id='block_1_15' title="bbox 441 1312 2012 1384">
    <p class='ocr_par' dir='ltr' id='par_1_15' title="bbox 441 1312 2012 1384">
     <span class='ocr_line' id='line_1_15' title="bbox 441 1312 2012 1384; baseline 0.001 -17"><span class='ocrx_word' id='word_1_80' title='bbox 441 1314 664 1369; x_wconf 88' lang='lat' dir='ltr'><strong>assidue</strong></span> <span class='ocrx_word' id='word_1_81' title='bbox 690 1313 1019 1384; x_wconf 87' lang='lat' dir='ltr'><strong>easdemque</strong></span> <span class='ocrx_word' id='word_1_82' title='bbox 1051 1312 1526 1383; x_wconf 87' lang='lat' dir='ltr'><strong>frequentissimas</strong></span> <span class='ocrx_word' id='word_1_83' title='bbox 1575 1330 1638 1368; x_wconf 90' lang='lat' dir='ltr'><strong>ac</strong></span> <span class='ocrx_word' id='word_1_84' title='bbox 1686 1315 1903 1369; x_wconf 89' lang='lat' dir='ltr'><strong>sedulas</strong></span> <span class='ocrx_word' id='word_1_85' title='bbox 1957 1323 2012 1370; x_wconf 90' lang='lat' dir='ltr'><strong>et</strong></span> 
     </span>
    </p>
   </div>
   <div class='ocr_carea' id='block_1_16' title="bbox 442 1404 2014 1476">
    <p class='ocr_par' dir='ltr' id='par_1_16' title="bbox 442 1404 2014 1476">
     <span class='ocr_line' id='line_1_16' title="bbox 442 1404 2014 1476; baseline 0.004 -18"><span class='ocrx_word' id='word_1_86' title='bbox 442 1421 568 1459; x_wconf 91' lang='lat' dir='ltr'><strong>cum</strong></span> <span class='ocrx_word' id='word_1_87' title='bbox 602 1404 978 1476; x_wconf 80' lang='lat' dir='ltr'><strong>genuﬂexione</strong></span> <span class='ocrx_word' id='word_1_88' title='bbox 1028 1406 1082 1458; x_wconf 92' lang='lat' dir='ltr'><strong>in</strong></span> <span class='ocrx_word' id='word_1_89' title='bbox 1129 1407 1444 1460; x_wconf 87' lang='lat' dir='ltr'><strong>constitutis</strong></span> <span class='ocrx_word' id='word_1_90' title='bbox 1494 1407 1706 1470; x_wconf 90' lang='lat' dir='ltr'><strong>diebus,</strong></span> <span class='ocrx_word' id='word_1_91' title='bbox 1761 1417 1926 1462; x_wconf 81' lang='lat' dir='ltr'><strong>noctu</strong></span> <span class='ocrx_word' id='word_1_92' title='bbox 1961 1418 2014 1464; x_wconf 92' lang='lat' dir='ltr'><strong>et</strong></span> 
     </span>
    </p>
   </div>
   <div class='ocr_carea' id='block_1_17' title="bbox 443 1497 2010 1568">
    <p class='ocr_par' dir='ltr' id='par_1_17' title="bbox 443 1497 2010 1568">
     <span class='ocr_line' id='line_1_17' title="bbox 443 1497 2010 1568; baseline 0.003 -18"><span class='ocrx_word' id='word_1_93' title='bbox 443 1497 679 1552; x_wconf 87' lang='lat' dir='ltr'><strong>interdiu</strong></span> <span class='ocrx_word' id='word_1_94' title='bbox 736 1497 962 1552; x_wconf 89' lang='lat' dir='ltr'><strong>fundere</strong></span> <span class='ocrx_word' id='word_1_95' title='bbox 1018 1498 1279 1568; x_wconf 58' lang='lat' dir='ltr'><strong>praecipit.</strong></span> <span class='ocrx_word' id='word_1_96' title='bbox 1337 1498 1507 1552; x_wconf 89' lang='lat' dir='ltr'><strong>Porro</strong></span> <span class='ocrx_word' id='word_1_97' title='bbox 1569 1500 1896 1568; x_wconf 84' lang='lat' dir='ltr'><strong>quibusdam</strong></span> <span class='ocrx_word' id='word_1_98' title='bbox 1957 1501 2010 1554; x_wconf 90' lang='lat' dir='ltr'><strong>in</strong></span> 
     </span>
    </p>
   </div>
   <div class='ocr_carea' id='block_1_18' title="bbox 443 1587 2009 1661">
    <p class='ocr_par' dir='ltr' id='par_1_18' title="bbox 443 1587 2009 1661">
     <span class='ocr_line' id='line_1_18' title="bbox 443 1587 2009 1661; baseline 0.004 -22"><span class='ocrx_word' id='word_1_99' title='bbox 443 1588 577 1642; x_wconf 88' lang='lat' dir='ltr'><strong>locis</strong></span> <span class='ocrx_word' id='word_1_100' title='bbox 627 1587 768 1642; x_wconf 89' lang='lat' dir='ltr'><strong>sacri</strong></span> <span class='ocrx_word' id='word_1_101' title='bbox 800 1597 1097 1643; x_wconf 89' lang='lat' dir='ltr'><strong>conventus</strong></span> <span class='ocrx_word' id='word_1_102' title='bbox 1127 1599 1177 1643; x_wconf 91' lang='lat' dir='ltr'><strong>et</strong></span> <span class='ocrx_word' id='word_1_103' title='bbox 1203 1606 1436 1661; x_wconf 63' lang='lat' dir='ltr'><strong>synaXes</strong></span> <span class='ocrx_word' id='word_1_104' title='bbox 1459 1591 1620 1644; x_wconf 85' lang='lat' dir='ltr'><strong>etiam</strong></span> <span class='ocrx_word' id='word_1_105' title='bbox 1653 1593 1896 1648; x_wconf 84' lang='lat' dir='ltr'><strong>sabbatis</strong></span> <span class='ocrx_word' id='word_1_106' title='bbox 1927 1593 2009 1646; x_wconf 89' lang='lat' dir='ltr'><strong>in-</strong></span> 
     </span>
    </p>
   </div>
   <div class='ocr_carea' id='block_1_19' title="bbox 440 1677 2000 1753">
    <p class='ocr_par' dir='ltr' id='par_1_19' title="bbox 440 1677 2000 1753">
     <span class='ocr_line' id='line_1_19' title="bbox 440 1677 2000 1753; baseline 0.005 -23"><span class='ocrx_word' id='word_1_107' title='bbox 440 1679 715 1732; x_wconf 88' lang='lat' dir='ltr'><strong>dicuntur.</strong></span> <span class='ocrx_word' id='word_1_108' title='bbox 761 1677 892 1732; x_wconf 85' lang='lat' dir='ltr'><strong>Illud</strong></span> <span class='ocrx_word' id='word_1_109' title='bbox 926 1695 1056 1733; x_wconf 90' lang='lat' dir='ltr'><strong>vero</strong></span> <span class='ocrx_word' id='word_1_110' title='bbox 1096 1696 1202 1734; x_wconf 91' lang='lat' dir='ltr'><strong>non</strong></span> <span class='ocrx_word' id='word_1_111' title='bbox 1245 1682 1311 1734; x_wconf 85' lang='lat' dir='ltr'><strong>ab</strong></span> <span class='ocrx_word' id='word_1_112' title='bbox 1353 1682 1631 1745; x_wconf 86' lang='lat' dir='ltr'><strong>omnibus,</strong></span> <span class='ocrx_word' id='word_1_113' title='bbox 1676 1683 1768 1737; x_wconf 90' lang='lat' dir='ltr'><strong>sed</strong></span> <span class='ocrx_word' id='word_1_114' title='bbox 1800 1699 1828 1735; x_wconf 91' lang='lat' dir='ltr'><strong>a</strong></span> <span class='ocrx_word' id='word_1_115' title='bbox 1861 1700 2000 1753; x_wconf 67' lang='lat' dir='ltr'><strong>prac-</strong></span> 
     </span>
    </p>
   </div>
   <div class='ocr_carea' id='block_1_20' title="bbox 2117 491 3685 568">
    <p class='ocr_par' dir='ltr' id='par_1_20' title="bbox 2117 491 3685 568">
     <span class='ocr_line' id='line_1_20' title="bbox 2117 491 3685 568; baseline -0.008 -17"><span class='ocrx_word' id='word_1_116' title='bbox 2117 517 2251 568; x_wconf 89' lang='grc' dir='ltr'>μενα</span> <span class='ocrx_word' id='word_1_117' title='bbox 2288 497 2649 566; x_wconf 74' lang='grc' dir='ltr'>φυλακτήρια.</span> <span class='ocrx_word' id='word_1_118' title='bbox 2697 494 3094 566; x_wconf 80' lang='grc' dir='ltr'>Ἀποκηρύσσει</span> <span class='ocrx_word' id='word_1_119' title='bbox 3133 495 3331 564; x_wconf 79' lang='grc' dir='ltr'>θέατρα</span> <span class='ocrx_word' id='word_1_120' title='bbox 3358 535 3372 555; x_wconf 88' lang='grc'><strong>,</strong></span> <span class='ocrx_word' id='word_1_121' title='bbox 3405 493 3500 544; x_wconf 76' lang='grc' dir='ltr'><strong>καὶ</strong></span> <span class='ocrx_word' id='word_1_122' title='bbox 3538 491 3685 540; x_wconf 75' lang='grc' dir='ltr'>ἱππι-</span> 
     </span>
    </p>
   </div>
   <div class='ocr_carea' id='block_1_21' title="bbox 2114 584 3684 657">
    <p class='ocr_par' dir='ltr' id='par_1_21' title="bbox 2114 584 3684 657">
     <span class='ocr_line' id='line_1_21' title="bbox 2114 584 3684 657; baseline -0.008 -15"><span class='ocrx_word' id='word_1_123' title='bbox 2114 590 2242 651; x_wconf 80' lang='grc' dir='ltr'>κοὺς</span> <span class='ocrx_word' id='word_1_124' title='bbox 2264 629 2277 652; x_wconf 92' lang='grc'><strong>,</strong></span> <span class='ocrx_word' id='word_1_125' title='bbox 2323 589 2415 641; x_wconf 71' lang='grc' dir='ltr'>καὶ</span> <span class='ocrx_word' id='word_1_126' title='bbox 2452 589 2685 657; x_wconf 85' lang='grc' dir='ltr'>κυνήγια</span> <span class='ocrx_word' id='word_1_127' title='bbox 2709 627 2722 651; x_wconf 91' lang='grc'><strong>,</strong></span> <span class='ocrx_word' id='word_1_128' title='bbox 2777 585 3068 656; x_wconf 85' lang='grc' dir='ltr'>μουσικούς</span> <span class='ocrx_word' id='word_1_129' title='bbox 3102 601 3159 637; x_wconf 91' lang='grc' dir='ltr'><strong>τε</strong></span> <span class='ocrx_word' id='word_1_130' title='bbox 3191 584 3284 638; x_wconf 73' lang='grc' dir='ltr'><strong>καὶ</strong></span> <span class='ocrx_word' id='word_1_131' title='bbox 3313 585 3493 636; x_wconf 79' lang='grc' dir='ltr'>πᾶσαν</span> <span class='ocrx_word' id='word_1_132' title='bbox 3521 597 3684 632; x_wconf 75' lang='grc' dir='ltr'>κακοο</span> 
     </span>
    </p>
   </div>
   <div class='ocr_carea' id='block_1_22' title="bbox 2114 672 3686 749">
    <p class='ocr_par' dir='ltr' id='par_1_22' title="bbox 2114 672 3686 749">
     <span class='ocr_line' id='line_1_22' title="bbox 2114 672 3686 749; baseline -0.008 -16"><span class='ocrx_word' id='word_1_133' title='bbox 2114 681 2296 749; x_wconf 78' lang='grc' dir='ltr'>λογίαν</span> <span class='ocrx_word' id='word_1_134' title='bbox 2357 681 2450 734; x_wconf 78' lang='grc' dir='ltr'><strong>καὶ</strong></span> <span class='ocrx_word' id='word_1_135' title='bbox 2511 679 2841 732; x_wconf 76' lang='grc' dir='ltr'>καταλαλιὰν</span> <span class='ocrx_word' id='word_1_136' title='bbox 2867 719 2881 742; x_wconf 91' lang='grc'><strong>,</strong></span> <span class='ocrx_word' id='word_1_137' title='bbox 2942 677 3036 730; x_wconf 77' lang='grc' dir='ltr'><strong>καὶ</strong></span> <span class='ocrx_word' id='word_1_138' title='bbox 3092 677 3271 728; x_wconf 82' lang='grc' dir='ltr'>πᾶσαν</span> <span class='ocrx_word' id='word_1_139' title='bbox 3331 674 3513 744; x_wconf 74' lang='grc' dir='ltr'>μάχην</span> <span class='ocrx_word' id='word_1_140' title='bbox 3533 713 3550 736; x_wconf 83' lang='grc'><strong>,</strong></span> <span class='ocrx_word' id='word_1_141' title='bbox 3600 672 3686 722; x_wconf 73' lang='grc' dir='ltr'><strong>καὶ</strong></span> 
     </span>
    </p>
   </div>
   <div class='ocr_carea' id='block_1_23' title="bbox 2115 764 3684 842">
    <p class='ocr_par' dir='ltr' id='par_1_23' title="bbox 2115 764 3684 842">
     <span class='ocr_line' id='line_1_23' title="bbox 2115 764 3684 842; baseline -0.007 -20"><span class='ocrx_word' id='word_1_142' title='bbox 2115 773 2464 842; x_wconf 69' lang='grc' dir='ltr'>βλασφημίαν</span> <span class='ocrx_word' id='word_1_143' title='bbox 2490 812 2503 833; x_wconf 90' lang='grc'><strong>,</strong></span> <span class='ocrx_word' id='word_1_144' title='bbox 2541 771 2753 823; x_wconf 80' lang='grc' dir='ltr'><strong>ἀδικίαν</strong></span> <span class='ocrx_word' id='word_1_145' title='bbox 2785 787 2844 821; x_wconf 86' lang='grc' dir='ltr'><strong>τε</strong></span> <span class='ocrx_word' id='word_1_146' title='bbox 2877 769 2970 822; x_wconf 83' lang='grc' dir='ltr'><strong>καὶ</strong></span> <span class='ocrx_word' id='word_1_147' title='bbox 3005 765 3343 831; x_wconf 77' lang='grc' dir='ltr'>πλεονεξίαν,</span> <span class='ocrx_word' id='word_1_148' title='bbox 3395 764 3491 816; x_wconf 73' lang='grc' dir='ltr'>καὶ</span> <span class='ocrx_word' id='word_1_149' title='bbox 3539 778 3684 813; x_wconf 78' lang='grc' dir='ltr'>τοκο-</span> 
     </span>
    </p>
   </div>
   <div class='ocr_carea' id='block_1_24' title="bbox 2111 856 3686 936">
    <p class='ocr_par' dir='ltr' id='par_1_24' title="bbox 2111 856 3686 936">
     <span class='ocr_line' id='line_1_24' title="bbox 2111 856 3686 936; baseline -0.008 -21"><span class='ocrx_word' id='word_1_150' title='bbox 2111 864 2328 934; x_wconf 79' lang='grc' dir='ltr'>ληψίαν.</span> <span class='ocrx_word' id='word_1_151' title='bbox 2365 863 2797 936; x_wconf 79' lang='grc' dir='ltr'>Πραγματευτὰς</span> <span class='ocrx_word' id='word_1_152' title='bbox 2852 862 2951 913; x_wconf 84' lang='grc' dir='ltr'><strong>οὐκ</strong></span> <span class='ocrx_word' id='word_1_153' title='bbox 2998 859 3315 926; x_wconf 76' lang='grc' dir='ltr'><strong>ἀποδέχεται</strong></span> <span class='ocrx_word' id='word_1_154' title='bbox 3340 898 3355 917; x_wconf 97' lang='grc'><strong>,</strong></span> <span class='ocrx_word' id='word_1_155' title='bbox 3397 856 3537 908; x_wconf 70' lang='grc' dir='ltr'>ἀλλὰ</span> <span class='ocrx_word' id='word_1_156' title='bbox 3562 856 3686 905; x_wconf 74' lang='grc' dir='ltr'>ὑπο-</span> 
     </span>
    </p>
   </div>
   <div class='ocr_carea' id='block_1_25' title="bbox 2111 945 3686 1025">
    <p class='ocr_par' dir='ltr' id='par_1_25' title="bbox 2111 945 3686 1025">
     <span class='ocr_line' id='line_1_25' title="bbox 2111 945 3686 1025; baseline -0.008 -19"><span class='ocrx_word' id='word_1_157' title='bbox 2111 955 2423 1025; x_wconf 80' lang='grc' dir='ltr'>δεεστέρους</span> <span class='ocrx_word' id='word_1_158' title='bbox 2484 955 2702 1008; x_wconf 83' lang='grc' dir='ltr'>πάντων</span> <span class='ocrx_word' id='word_1_159' title='bbox 2762 955 2996 1022; x_wconf 83' lang='grc' dir='ltr'>ἡγεῖται.</span> <span class='ocrx_word' id='word_1_160' title='bbox 3047 949 3368 1022; x_wconf 72' lang='grc' dir='ltr'>Προσφορὰς</span> <span class='ocrx_word' id='word_1_161' title='bbox 3424 945 3686 1015; x_wconf 67' lang='grc' dir='ltr'>λαμϐάνει</span> 
     </span>
    </p>
   </div>
   <div class='ocr_carea' id='block_1_26' title="bbox 2113 1036 3684 1117">
    <p class='ocr_par' dir='ltr' id='par_1_26' title="bbox 2113 1036 3684 1117">
     <span class='ocr_line' id='line_1_26' title="bbox 2113 1036 3684 1117; baseline -0.007 -19"><span class='ocrx_word' id='word_1_162' title='bbox 2113 1047 2265 1117; x_wconf 83' lang='grc' dir='ltr'>παρὰ</span> <span class='ocrx_word' id='word_1_163' title='bbox 2311 1046 2418 1101; x_wconf 89' lang='grc' dir='ltr'><strong>τῶν</strong></span> <span class='ocrx_word' id='word_1_164' title='bbox 2473 1047 2573 1100; x_wconf 83' lang='grc' dir='ltr'><strong>οὐκ</strong></span> <span class='ocrx_word' id='word_1_165' title='bbox 2625 1045 2993 1106; x_wconf 87' lang='grc' dir='ltr'>ἀδικούντων,</span> <span class='ocrx_word' id='word_1_166' title='bbox 3047 1043 3169 1095; x_wconf 73' lang='grc' dir='ltr'>οὐδὲ</span> <span class='ocrx_word' id='word_1_167' title='bbox 3208 1036 3684 1109; x_wconf 72' lang='grc' dir='ltr'>παρανομούντων,</span> 
     </span>
    </p>
   </div>
   <div class='ocr_carea' id='block_1_27' title="bbox 2113 1128 3685 1206">
    <p class='ocr_par' dir='ltr' id='par_1_27' title="bbox 2113 1128 3685 1206">
     <span class='ocr_line' id='line_1_27' title="bbox 2113 1128 3685 1206; baseline -0.008 -17"><span class='ocrx_word' id='word_1_168' title='bbox 2113 1137 2246 1189; x_wconf 80' lang='grc' dir='ltr'>ἀλλὰ</span> <span class='ocrx_word' id='word_1_169' title='bbox 2295 1136 2517 1199; x_wconf 85' lang='grc' dir='ltr'><strong>δικαίως</strong></span> <span class='ocrx_word' id='word_1_170' title='bbox 2566 1135 2843 1206; x_wconf 82' lang='grc' dir='ltr'><strong>βιούντων.</strong></span> <span class='ocrx_word' id='word_1_171' title='bbox 2875 1133 3051 1204; x_wconf 82' lang='grc' dir='ltr'>Εύχὰς</span> <span class='ocrx_word' id='word_1_172' title='bbox 3097 1131 3154 1184; x_wconf 85' lang='grc' dir='ltr'>δὲ</span> <span class='ocrx_word' id='word_1_173' title='bbox 3197 1128 3485 1198; x_wconf 82' lang='grc' dir='ltr'>ἐνδελεχῶς</span> <span class='ocrx_word' id='word_1_174' title='bbox 3522 1143 3685 1196; x_wconf 77' lang='grc' dir='ltr'>προσ-</span> 
     </span>
    </p>
   </div>
   <div class='ocr_carea' id='block_1_28' title="bbox 2111 1217 3687 1293">
    <p class='ocr_par' dir='ltr' id='par_1_28' title="bbox 2111 1217 3687 1293">
     <span class='ocr_line' id='line_1_28' title="bbox 2111 1217 3687 1293; baseline -0.006 -18"><span class='ocrx_word' id='word_1_175' title='bbox 2111 1225 2368 1276; x_wconf 85' lang='grc' dir='ltr'>τάσσεται</span> <span class='ocrx_word' id='word_1_176' title='bbox 2427 1222 2564 1293; x_wconf 81' lang='grc' dir='ltr'>μετὰ</span> <span class='ocrx_word' id='word_1_177' title='bbox 2625 1223 2804 1293; x_wconf 80' lang='grc' dir='ltr'><strong>πάσης</strong></span> <span class='ocrx_word' id='word_1_178' title='bbox 2871 1221 3204 1290; x_wconf 78' lang='grc' dir='ltr'>πυκνότητος</span> <span class='ocrx_word' id='word_1_179' title='bbox 3248 1221 3340 1272; x_wconf 68' lang='grc' dir='ltr'><strong>καὶ</strong></span> <span class='ocrx_word' id='word_1_180' title='bbox 3385 1217 3687 1277; x_wconf 79' lang='grc' dir='ltr'>ἐκτενείας,</span> 
     </span>
    </p>
   </div>
   <div class='ocr_carea' id='block_1_29' title="bbox 2114 1307 3690 1382">
    <p class='ocr_par' dir='ltr' id='par_1_29' title="bbox 2114 1307 3690 1382">
     <span class='ocr_line' id='line_1_29' title="bbox 2114 1307 3690 1382; baseline -0.007 -14"><span class='ocrx_word' id='word_1_181' title='bbox 2114 1316 2206 1368; x_wconf 74' lang='grc' dir='ltr'>καὶ</span> <span class='ocrx_word' id='word_1_182' title='bbox 2267 1313 2612 1382; x_wconf 82' lang='grc' dir='ltr'>γονυκλισίας</span> <span class='ocrx_word' id='word_1_183' title='bbox 2674 1315 2731 1366; x_wconf 87' lang='grc' dir='ltr'><strong>ἐν</strong></span> <span class='ocrx_word' id='word_1_184' title='bbox 2803 1313 2922 1374; x_wconf 87' lang='grc' dir='ltr'>ταῖς</span> <span class='ocrx_word' id='word_1_185' title='bbox 2981 1309 3342 1378; x_wconf 72' lang='grc' dir='ltr'>τεταγμέναις</span> <span class='ocrx_word' id='word_1_186' title='bbox 3420 1307 3690 1377; x_wconf 55' lang='grc' dir='ltr'>ἡμέρας,</span> 
     </span>
    </p>
   </div>
   <div class='ocr_carea' id='block_1_30' title="bbox 2113 1398 3690 1475">
    <p class='ocr_par' dir='ltr' id='par_1_30' title="bbox 2113 1398 3690 1475">
     <span class='ocr_line' id='line_1_30' title="bbox 2113 1398 3690 1475; baseline -0.008 -17"><span class='ocrx_word' id='word_1_187' title='bbox 2113 1404 2326 1475; x_wconf 84' lang='grc' dir='ltr'>νύκτωρ</span> <span class='ocrx_word' id='word_1_188' title='bbox 2353 1405 2445 1457; x_wconf 72' lang='grc' dir='ltr'><strong>καὶ</strong></span> <span class='ocrx_word' id='word_1_189' title='bbox 2479 1405 2595 1474; x_wconf 86' lang='grc' dir='ltr'>μεθ’</span> <span class='ocrx_word' id='word_1_190' title='bbox 2625 1404 2836 1475; x_wconf 76' lang='grc' dir='ltr'>ἡμέραν</span> <span class='ocrx_word' id='word_1_191' title='bbox 2883 1403 3226 1472; x_wconf 81' lang='grc' dir='ltr'>ἀναπέμπειν</span> <span class='ocrx_word' id='word_1_192' title='bbox 3265 1398 3406 1468; x_wconf 82' lang='grc' dir='ltr'>Θεῷ.</span> <span class='ocrx_word' id='word_1_193' title='bbox 3449 1399 3550 1450; x_wconf 86' lang='grc' dir='ltr'>Ἔν</span> <span class='ocrx_word' id='word_1_194' title='bbox 3590 1414 3690 1448; x_wconf 73' lang='grc' dir='ltr'>τισι</span> 
     </span>
    </p>
   </div>
   <div class='ocr_carea' id='block_1_31' title="bbox 2112 1487 3688 1558">
    <p class='ocr_par' dir='ltr' id='par_1_31' title="bbox 2112 1487 3688 1558">
     <span class='ocr_line' id='line_1_31' title="bbox 2112 1487 3688 1558; baseline -0.006 -11"><span class='ocrx_word' id='word_1_195' title='bbox 2112 1495 2165 1548; x_wconf 81' lang='grc' dir='ltr'>δὲ</span> <span class='ocrx_word' id='word_1_196' title='bbox 2187 1495 2372 1558; x_wconf 81' lang='grc' dir='ltr'>τόποις</span> <span class='ocrx_word' id='word_1_197' title='bbox 2409 1495 2502 1547; x_wconf 78' lang='grc' dir='ltr'>καὶ</span> <span class='ocrx_word' id='word_1_198' title='bbox 2526 1497 2581 1546; x_wconf 89' lang='grc' dir='ltr'><strong>ἐν</strong></span> <span class='ocrx_word' id='word_1_199' title='bbox 2613 1496 2724 1556; x_wconf 89' lang='grc' dir='ltr'>τοῖς</span> <span class='ocrx_word' id='word_1_200' title='bbox 2759 1493 2990 1546; x_wconf 72' lang='grc' dir='ltr'>σάϐϐασι</span> <span class='ocrx_word' id='word_1_201' title='bbox 3041 1490 3287 1554; x_wconf 78' lang='grc' dir='ltr'>συνάξεις</span> <span class='ocrx_word' id='word_1_202' title='bbox 3311 1487 3651 1541; x_wconf 67' lang='grc' dir='ltr'>ἐπιτελοῦσιν</span> <span class='ocrx_word' id='word_1_203' title='bbox 3680 1506 3688 1512; x_wconf 94' lang='grc'><strong>·</strong></span> 
     </span>
    </p>
   </div>
   <div class='ocr_carea' id='block_1_32' title="bbox 2113 1578 3692 1654">
    <p class='ocr_par' dir='ltr' id='par_1_32' title="bbox 2113 1578 3692 1654">
     <span class='ocr_line' id='line_1_32' title="bbox 2113 1578 3692 1654; baseline -0.007 -16"><span class='ocrx_word' id='word_1_204' title='bbox 2113 1586 2173 1638; x_wconf 83' lang='grc' dir='ltr'><strong>οὐ</strong></span> <span class='ocrx_word' id='word_1_205' title='bbox 2215 1585 2392 1654; x_wconf 80' lang='grc' dir='ltr'>πάντη</span> <span class='ocrx_word' id='word_1_206' title='bbox 2438 1586 2494 1638; x_wconf 82' lang='grc' dir='ltr'><strong>δὲ</strong></span> <span class='ocrx_word' id='word_1_207' title='bbox 2519 1626 2532 1649; x_wconf 86' lang='grc'><strong>,</strong></span> <span class='ocrx_word' id='word_1_208' title='bbox 2570 1584 2703 1637; x_wconf 76' lang='grc' dir='ltr'>ἀλλὰ</span> <span class='ocrx_word' id='word_1_209' title='bbox 2733 1584 2883 1654; x_wconf 81' lang='grc' dir='ltr'>παρὰ</span> <span class='ocrx_word' id='word_1_210' title='bbox 2919 1585 3029 1646; x_wconf 82' lang='grc' dir='ltr'>τοῖς</span> <span class='ocrx_word' id='word_1_211' title='bbox 3061 1581 3332 1651; x_wconf 82' lang='grc' dir='ltr'>ἀκρέμοσι</span> <span class='ocrx_word' id='word_1_212' title='bbox 3364 1578 3692 1646; x_wconf 75' lang='grc' dir='ltr'>φυλάσσεται</span> 
     </span>
    </p>
   </div>
   <div class='ocr_carea' id='block_1_33' title="bbox 2114 1672 3692 1749">
    <p class='ocr_par' dir='ltr' id='par_1_33' title="bbox 2114 1672 3692 1749">
     <span class='ocr_line' id='line_1_33' title="bbox 2114 1672 3692 1749; baseline -0.006 -19"><span class='ocrx_word' id='word_1_213' title='bbox 2114 1677 2174 1730; x_wconf 68' lang='grc' dir='ltr'>τὸ</span> <span class='ocrx_word' id='word_1_214' title='bbox 2217 1677 2290 1749; x_wconf 85' lang='grc' dir='ltr'>μὴ</span> <span class='ocrx_word' id='word_1_215' title='bbox 2323 1678 2546 1749; x_wconf 82' lang='grc' dir='ltr'>ὀμνύναι</span> <span class='ocrx_word' id='word_1_216' title='bbox 2592 1677 2725 1740; x_wconf 80' lang='grc' dir='ltr'>ὅλως</span> <span class='ocrx_word' id='word_1_217' title='bbox 2748 1717 2762 1739; x_wconf 92' lang='grc'><strong>,</strong></span> <span class='ocrx_word' id='word_1_218' title='bbox 2795 1675 2928 1746; x_wconf 86' lang='grc' dir='ltr'>μηδὲ</span> <span class='ocrx_word' id='word_1_219' title='bbox 2954 1673 3389 1746; x_wconf 75' lang='grc' dir='ltr'>λοιδορήσασθαι,</span> <span class='ocrx_word' id='word_1_220' title='bbox 3433 1672 3570 1740; x_wconf 72' lang='grc' dir='ltr'>μηδὲ</span> <span class='ocrx_word' id='word_1_221' title='bbox 3603 1688 3692 1722; x_wconf 75' lang='grc' dir='ltr'>κα-</span> 
     </span>
    </p>
   </div>
   <div class='ocr_carea' id='block_1_34' title="bbox 443 1759 2014 1840">
    <p class='ocr_par' dir='ltr' id='par_1_34' title="bbox 443 1768 2011 1840">
     <span class='ocr_line' id='line_1_34' title="bbox 443 1768 2011 1840; baseline 0.002 -18"><span class='ocrx_word' id='word_1_222' title='bbox 443 1768 804 1822; x_wconf 76' lang='lat' dir='ltr'><strong>stantioribus</strong></span> <span class='ocrx_word' id='word_1_223' title='bbox 854 1769 1197 1832; x_wconf 85' lang='lat' dir='ltr'><strong>observatur,</strong></span> <span class='ocrx_word' id='word_1_224' title='bbox 1260 1780 1316 1824; x_wconf 92' lang='lat' dir='ltr'><strong>ut</strong></span> <span class='ocrx_word' id='word_1_225' title='bbox 1366 1785 1432 1824; x_wconf 89' lang='lat' dir='ltr'><strong>ne</strong></span> <span class='ocrx_word' id='word_1_226' title='bbox 1477 1771 1721 1840; x_wconf 86' lang='lat' dir='ltr'><strong>dejerent</strong></span> <span class='ocrx_word' id='word_1_227' title='bbox 1768 1772 2011 1834; x_wconf 89' lang='lat' dir='ltr'><strong>omnino,</strong></span> 
     </span>
    </p>
   </div>
   <div class='ocr_carea' id='block_1_35' title="bbox 2122 1759 3692 1840">
    <p class='ocr_par' dir='ltr' id='par_1_35' title="bbox 2122 1759 3692 1838">
     <span class='ocr_line' id='line_1_35' title="bbox 2122 1759 3692 1838; baseline -0.006 -19"><span class='ocrx_word' id='word_1_228' title='bbox 2122 1767 2419 1838; x_wconf 77' lang='grc' dir='ltr'>ταρᾶσθαι,</span> <span class='ocrx_word' id='word_1_229' title='bbox 2471 1769 2534 1820; x_wconf 87' lang='grc' dir='ltr'><strong>ἐκ</strong></span> <span class='ocrx_word' id='word_1_230' title='bbox 2581 1765 3004 1838; x_wconf 81' lang='grc' dir='ltr'>προστάγματος</span> <span class='ocrx_word' id='word_1_231' title='bbox 3061 1762 3226 1815; x_wconf 79' lang='grc' dir='ltr'>αὑτοῦ</span> <span class='ocrx_word' id='word_1_232' title='bbox 3267 1760 3360 1814; x_wconf 72' lang='grc' dir='ltr'><strong>τοῦ</strong></span> <span class='ocrx_word' id='word_1_233' title='bbox 3406 1759 3692 1825; x_wconf 72' lang='grc' dir='ltr'>Σωτῆρος,</span> 
     </span>
    </p>
   </div>
   <div class='ocr_carea' id='block_1_36' title="bbox 442 1859 2012 1931">
    <p class='ocr_par' dir='ltr' id='par_1_36' title="bbox 442 1859 2012 1931">
     <span class='ocr_line' id='line_1_36' title="bbox 442 1859 2012 1931; baseline 0.002 -18"><span class='ocrx_word' id='word_1_234' title='bbox 442 1875 620 1929; x_wconf 76' lang='lat' dir='ltr'><strong>neque</strong></span> <span class='ocrx_word' id='word_1_235' title='bbox 671 1859 976 1914; x_wconf 80' lang='lat' dir='ltr'><strong>convicium</strong></span> <span class='ocrx_word' id='word_1_236' title='bbox 1025 1861 1278 1931; x_wconf 78' lang='lat' dir='ltr'><strong>cuiquam</strong></span> <span class='ocrx_word' id='word_1_237' title='bbox 1326 1861 1547 1924; x_wconf 88' lang='lat' dir='ltr'><strong>faciant,</strong></span> <span class='ocrx_word' id='word_1_238' title='bbox 1580 1869 1673 1915; x_wconf 91' lang='lat' dir='ltr'><strong>aut</strong></span> <span class='ocrx_word' id='word_1_239' title='bbox 1703 1862 2012 1931; x_wconf 88' lang='lat' dir='ltr'><strong>imprecen-</strong></span> 
     </span>
    </p>
   </div>
   <div class='ocr_carea' id='block_1_37' title="bbox 439 1951 2013 2022">
    <p class='ocr_par' dir='ltr' id='par_1_37' title="bbox 439 1951 2013 2022">
     <span class='ocr_line' id='line_1_37' title="bbox 439 1951 2013 2022; baseline 0.001 -17"><span class='ocrx_word' id='word_1_240' title='bbox 439 1963 548 2018; x_wconf 92' lang='lat' dir='ltr'><strong>tur,</strong></span> <span class='ocrx_word' id='word_1_241' title='bbox 587 1967 686 2022; x_wconf 90' lang='lat' dir='ltr'><strong>pro</strong></span> <span class='ocrx_word' id='word_1_242' title='bbox 719 1967 784 2006; x_wconf 93' lang='lat' dir='ltr'><strong>eo</strong></span> <span class='ocrx_word' id='word_1_243' title='bbox 811 1967 875 2006; x_wconf 90' lang='lat' dir='ltr'><strong>ac</strong></span> <span class='ocrx_word' id='word_1_244' title='bbox 909 1951 1155 2006; x_wconf 89' lang='lat' dir='ltr'><strong>Salvator</strong></span> <span class='ocrx_word' id='word_1_245' title='bbox 1197 1952 1366 2021; x_wconf 87' lang='lat' dir='ltr'><strong>jussit</strong></span> <span class='ocrx_word' id='word_1_246' title='bbox 1394 1971 1406 2005; x_wconf 92' lang='lat'>:</span> <span class='ocrx_word' id='word_1_247' title='bbox 1439 1953 1686 2022; x_wconf 89' lang='lat' dir='ltr'><strong>adeoque</strong></span> <span class='ocrx_word' id='word_1_248' title='bbox 1732 1953 1911 2021; x_wconf 88' lang='lat' dir='ltr'><strong>quoad</strong></span> <span class='ocrx_word' id='word_1_249' title='bbox 1958 1954 2013 2006; x_wconf 92' lang='lat' dir='ltr'><strong>in</strong></span> 
     </span>
    </p>
   </div>
   <div class='ocr_carea' id='block_1_38' title="bbox 442 2045 2010 2115">
    <p class='ocr_par' dir='ltr' id='par_1_38' title="bbox 442 2045 2010 2115">
     <span class='ocr_line' id='line_1_38' title="bbox 442 2045 2010 2115; baseline 0 -17"><span class='ocrx_word' id='word_1_250' title='bbox 442 2045 577 2112; x_wconf 82' lang='lat' dir='ltr'><strong>ipsis</strong></span> <span class='ocrx_word' id='word_1_251' title='bbox 635 2046 800 2098; x_wconf 90' lang='lat' dir='ltr'><strong>situm</strong></span> <span class='ocrx_word' id='word_1_252' title='bbox 861 2052 982 2108; x_wconf 85' lang='lat' dir='ltr'><strong>est,</strong></span> <span class='ocrx_word' id='word_1_253' title='bbox 1038 2059 1313 2115; x_wconf 90' lang='lat' dir='ltr'><strong>nunquam</strong></span> <span class='ocrx_word' id='word_1_254' title='bbox 1371 2045 1597 2097; x_wconf 89' lang='lat' dir='ltr'><strong>omnino</strong></span> <span class='ocrx_word' id='word_1_255' title='bbox 1653 2045 2010 2098; x_wconf 86' lang='lat' dir='ltr'><strong>mentiantur.</strong></span> 
     </span>
    </p>
   </div>
   <div class='ocr_carea' id='block_1_39' title="bbox 441 2136 2016 2207">
    <p class='ocr_par' dir='ltr' id='par_1_39' title="bbox 441 2136 2016 2207">
     <span class='ocr_line' id='line_1_39' title="bbox 441 2136 2016 2207; baseline 0.002 -18"><span class='ocrx_word' id='word_1_256' title='bbox 441 2136 694 2206; x_wconf 87' lang='lat' dir='ltr'><strong>Plerique</strong></span> <span class='ocrx_word' id='word_1_257' title='bbox 742 2150 870 2190; x_wconf 90' lang='lat' dir='ltr'><strong>vero</strong></span> <span class='ocrx_word' id='word_1_258' title='bbox 912 2137 1050 2190; x_wconf 88' lang='lat' dir='ltr'><strong>bona</strong></span> <span class='ocrx_word' id='word_1_259' title='bbox 1099 2151 1197 2192; x_wconf 90' lang='lat' dir='ltr'><strong>sua</strong></span> <span class='ocrx_word' id='word_1_260' title='bbox 1245 2136 1483 2190; x_wconf 88' lang='lat' dir='ltr'><strong>vendunt</strong></span> <span class='ocrx_word' id='word_1_261' title='bbox 1523 2144 1576 2190; x_wconf 90' lang='lat' dir='ltr'><strong>et</strong></span> <span class='ocrx_word' id='word_1_262' title='bbox 1625 2136 1678 2190; x_wconf 90' lang='lat' dir='ltr'><strong>in</strong></span> <span class='ocrx_word' id='word_1_263' title='bbox 1748 2153 2016 2207; x_wconf 84' lang='lat' dir='ltr'><strong>pauperes</strong></span> 
     </span>
    </p>
   </div>
   <div class='ocr_carea' id='block_1_40' title="bbox 442 2225 808 2280">
    <p class='ocr_par' dir='ltr' id='par_1_40' title="bbox 442 2225 808 2280">
     <span class='ocr_line' id='line_1_40' title="bbox 442 2225 808 2280; baseline 0 -2"><span class='ocrx_word' id='word_1_264' title='bbox 442 2225 808 2280; x_wconf 86' lang='lat' dir='ltr'><strong>distribuunt.</strong></span> 
     </span>
    </p>
   </div>
   <div class='ocr_carea' id='block_1_41' title="bbox 511 2336 2018 2408">
    <p class='ocr_par' dir='ltr' id='par_1_41' title="bbox 511 2336 2018 2408">
     <span class='ocr_line' id='line_1_41' title="bbox 511 2336 2018 2408; baseline 0.005 -18"><span class='ocrx_word' id='word_1_265' title='bbox 511 2336 680 2392; x_wconf 76' lang='lat' dir='ltr'><strong>XXV.</strong></span> <span class='ocrx_word' id='word_1_266' title='bbox 721 2336 915 2391; x_wconf 87' lang='lat' dir='ltr'><strong>Forma</strong></span> <span class='ocrx_word' id='word_1_267' title='bbox 942 2338 1163 2408; x_wconf 88' lang='lat' dir='ltr'><strong>quidem</strong></span> <span class='ocrx_word' id='word_1_268' title='bbox 1188 2353 1254 2392; x_wconf 88' lang='lat' dir='ltr'><strong>ac</strong></span> <span class='ocrx_word' id='word_1_269' title='bbox 1284 2347 1413 2393; x_wconf 91' lang='lat' dir='ltr'><strong>nota</strong></span> <span class='ocrx_word' id='word_1_270' title='bbox 1439 2338 1699 2395; x_wconf 73' lang='lat' dir='ltr'><strong>Ecclesiae</strong></span> <span class='ocrx_word' id='word_1_271' title='bbox 1731 2341 2018 2398; x_wconf 69' lang='lat' dir='ltr'><strong>catholica:</strong></span> 
     </span>
    </p>
   </div>
   <div class='ocr_carea' id='block_1_42' title="bbox 443 2429 2017 2504">
    <p class='ocr_par' dir='ltr' id='par_1_42' title="bbox 443 2429 2017 2504">
     <span class='ocr_line' id='line_1_42' title="bbox 443 2429 2017 2504; baseline 0.005 -22"><span class='ocrx_word' id='word_1_272' title='bbox 443 2436 528 2482; x_wconf 83' lang='lat' dir='ltr'><strong>est</strong></span> <span class='ocrx_word' id='word_1_273' title='bbox 573 2429 867 2499; x_wconf 74' lang='lat' dir='ltr'><strong>ejusmodi,</strong></span> <span class='ocrx_word' id='word_1_274' title='bbox 893 2445 1016 2484; x_wconf 90' lang='lat' dir='ltr'><strong>cum</strong></span> <span class='ocrx_word' id='word_1_275' title='bbox 1059 2446 1122 2484; x_wconf 90' lang='lat' dir='ltr'><strong>ea</strong></span> <span class='ocrx_word' id='word_1_276' title='bbox 1178 2430 1300 2486; x_wconf 85' lang='lat' dir='ltr'><strong>fidei</strong></span> <span class='ocrx_word' id='word_1_277' title='bbox 1354 2430 1587 2486; x_wconf 82' lang='lat' dir='ltr'><strong>formula</strong></span> <span class='ocrx_word' id='word_1_278' title='bbox 1637 2450 1800 2503; x_wconf 92' lang='lat' dir='ltr'><strong>quam</strong></span> <span class='ocrx_word' id='word_1_279' title='bbox 1852 2451 2017 2504; x_wconf 83' lang='lat' dir='ltr'><strong>supra</strong></span> 
     </span>
    </p>
   </div>
   <div class='ocr_carea' id='block_1_43' title="bbox 444 2517 2020 2590">
    <p class='ocr_par' dir='ltr' id='par_1_43' title="bbox 444 2517 2020 2590">
     <span class='ocr_line' id='line_1_43' title="bbox 444 2517 2020 2590; baseline 0.008 -22"><span class='ocrx_word' id='word_1_280' title='bbox 444 2517 865 2586; x_wconf 81' lang='lat' dir='ltr'><strong>proposuimus;</strong></span> <span class='ocrx_word' id='word_1_281' title='bbox 917 2525 972 2572; x_wconf 90' lang='lat' dir='ltr'><strong>et</strong></span> <span class='ocrx_word' id='word_1_282' title='bbox 1014 2517 1097 2572; x_wconf 84' lang='lat' dir='ltr'><strong>hae</strong></span> <span class='ocrx_word' id='word_1_283' title='bbox 1144 2519 1290 2590; x_wconf 72' lang='lat' dir='ltr'><strong>leges</strong></span> <span class='ocrx_word' id='word_1_284' title='bbox 1331 2535 1396 2574; x_wconf 90' lang='lat' dir='ltr'><strong>ac</strong></span> <span class='ocrx_word' id='word_1_285' title='bbox 1437 2521 1657 2576; x_wconf 88' lang='lat' dir='ltr'><strong>decreta</strong></span> <span class='ocrx_word' id='word_1_286' title='bbox 1697 2522 1750 2577; x_wconf 91' lang='lat' dir='ltr'><strong>in</strong></span> <span class='ocrx_word' id='word_1_287' title='bbox 1785 2539 1847 2579; x_wconf 89' lang='lat' dir='ltr'><strong>ea</strong></span> <span class='ocrx_word' id='word_1_288' title='bbox 1877 2526 2020 2581; x_wconf 81' lang='lat' dir='ltr'><strong>cele-</strong></span> 
     </span>
    </p>
   </div>
   <div class='ocr_carea' id='block_1_44' title="bbox 447 2607 2016 2686">
    <p class='ocr_par' dir='ltr' id='par_1_44' title="bbox 447 2607 2016 2686">
     <span class='ocr_line' id='line_1_44' title="bbox 447 2607 2016 2686; baseline 0.006 -26"><span class='ocrx_word' id='word_1_289' title='bbox 447 2609 690 2662; x_wconf 72' lang='lat' dir='ltr'><strong>brantur.</strong></span> <span class='ocrx_word' id='word_1_290' title='bbox 719 2607 842 2663; x_wconf 54' lang='lat' dir='ltr'><strong>Haec</strong></span> <span class='ocrx_word' id='word_1_291' title='bbox 867 2619 974 2674; x_wconf 90' lang='lat' dir='ltr'><strong>est,</strong></span> <span class='ocrx_word' id='word_1_292' title='bbox 1003 2609 1246 2680; x_wconf 91' lang='lat' dir='ltr'><strong>inquam,</strong></span> <span class='ocrx_word' id='word_1_293' title='bbox 1277 2609 1537 2667; x_wconf 85' lang='lat' dir='ltr'><strong>Ecclesiae</strong></span> <span class='ocrx_word' id='word_1_294' title='bbox 1571 2612 1745 2668; x_wconf 89' lang='lat' dir='ltr'><strong>forma</strong></span> <span class='ocrx_word' id='word_1_295' title='bbox 1775 2630 1840 2669; x_wconf 85' lang='lat' dir='ltr'><strong>ex</strong></span> <span class='ocrx_word' id='word_1_296' title='bbox 1880 2616 2016 2686; x_wconf 73' lang='lat' dir='ltr'><strong>lege,</strong></span> 
     </span>
    </p>
   </div>
   <div class='ocr_carea' id='block_1_45' title="bbox 454 2699 2019 2776">
    <p class='ocr_par' dir='ltr' id='par_1_45' title="bbox 454 2699 2019 2776">
     <span class='ocr_line' id='line_1_45' title="bbox 454 2699 2019 2776; baseline 0.006 -25"><span class='ocrx_word' id='word_1_297' title='bbox 454 2699 754 2768; x_wconf 89' lang='lat' dir='ltr'><strong>prophetis.</strong></span> <span class='ocrx_word' id='word_1_298' title='bbox 808 2701 1070 2769; x_wconf 89' lang='lat' dir='ltr'><strong>apostolis</strong></span> <span class='ocrx_word' id='word_1_299' title='bbox 1109 2707 1165 2756; x_wconf 84' lang='lat' dir='ltr'><strong>et</strong></span> <span class='ocrx_word' id='word_1_300' title='bbox 1207 2704 1558 2773; x_wconf 78' lang='lat' dir='ltr'><strong>evangelistis</strong></span> <span class='ocrx_word' id='word_1_301' title='bbox 1591 2705 1823 2760; x_wconf 84' lang='lat' dir='ltr'><strong>conﬂata</strong></span> <span class='ocrx_word' id='word_1_302' title='bbox 1854 2726 1866 2760; x_wconf 94' lang='lat'>:</span> <span class='ocrx_word' id='word_1_303' title='bbox 1900 2723 2019 2776; x_wconf 69' lang='lat' dir='ltr'><strong>qua:</strong></span> 
     </span>
    </p>
   </div>
   <div class='ocr_carea' id='block_1_46' title="bbox 443 2792 2019 2863">
    <p class='ocr_par' dir='ltr' id='par_1_46' title="bbox 443 2792 2019 2863">
     <span class='ocr_line' id='line_1_46' title="bbox 443 2792 2019 2863; baseline 0.005 -18"><span class='ocrx_word' id='word_1_304' title='bbox 443 2792 702 2860; x_wconf 80' lang='lat' dir='ltr'><strong>exquisiti</strong></span> <span class='ocrx_word' id='word_1_305' title='bbox 747 2792 1036 2862; x_wconf 87' lang='lat' dir='ltr'><strong>cujusdam</strong></span> <span class='ocrx_word' id='word_1_306' title='bbox 1081 2792 1313 2848; x_wconf 90' lang='lat' dir='ltr'><strong>antidoti</strong></span> <span class='ocrx_word' id='word_1_307' title='bbox 1378 2796 1552 2851; x_wconf 88' lang='lat' dir='ltr'><strong>instar</strong></span> <span class='ocrx_word' id='word_1_308' title='bbox 1600 2808 1705 2863; x_wconf 90' lang='lat' dir='ltr'><strong>est,</strong></span> <span class='ocrx_word' id='word_1_309' title='bbox 1732 2815 1797 2853; x_wconf 77' lang='lat' dir='ltr'><strong>ex</strong></span> <span class='ocrx_word' id='word_1_310' title='bbox 1833 2800 2019 2855; x_wconf 87' lang='lat' dir='ltr'><strong>multis</strong></span> 
     </span>
    </p>
   </div>
   <div class='ocr_carea' id='block_1_47' title="bbox 448 2883 2015 2958">
    <p class='ocr_par' dir='ltr' id='par_1_47' title="bbox 448 2883 2015 2958">
     <span class='ocr_line' id='line_1_47' title="bbox 448 2883 2015 2958; baseline 0.006 -24"><span class='ocrx_word' id='word_1_311' title='bbox 448 2883 742 2952; x_wconf 82' lang='lat' dir='ltr'><strong>unguentis</strong></span> <span class='ocrx_word' id='word_1_312' title='bbox 793 2884 860 2937; x_wconf 90' lang='lat' dir='ltr'><strong>ad</strong></span> <span class='ocrx_word' id='word_1_313' title='bbox 909 2899 1099 2938; x_wconf 91' lang='lat' dir='ltr'><strong>eorum</strong></span> <span class='ocrx_word' id='word_1_314' title='bbox 1154 2886 1386 2941; x_wconf 88' lang='lat' dir='ltr'><strong>salutem</strong></span> <span class='ocrx_word' id='word_1_315' title='bbox 1439 2887 1534 2958; x_wconf 90' lang='lat' dir='ltr'><strong>qui</strong></span> <span class='ocrx_word' id='word_1_316' title='bbox 1584 2889 1664 2943; x_wconf 90' lang='lat' dir='ltr'><strong>uti</strong></span> <span class='ocrx_word' id='word_1_317' title='bbox 1716 2891 2015 2957; x_wconf 72' lang='lat' dir='ltr'><strong>voluerint,</strong></span> 
     </span>
    </p>
   </div>
   <div class='ocr_carea' id='block_1_48' title="bbox 449 2973 2017 3050">
    <p class='ocr_par' dir='ltr' id='par_1_48' title="bbox 449 2973 2017 3050">
     <span class='ocr_line' id='line_1_48' title="bbox 449 2973 2017 3050; baseline 0.005 -22"><span class='ocrx_word' id='word_1_318' title='bbox 449 2973 690 3028; x_wconf 87' lang='lat' dir='ltr'><strong>confecti</strong></span> <span class='ocrx_word' id='word_1_319' title='bbox 718 2975 784 3030; x_wconf 93' lang='lat' dir='ltr'><strong>de</strong></span> <span class='ocrx_word' id='word_1_320' title='bbox 819 2975 1103 3030; x_wconf 86' lang='lat' dir='ltr'><strong>voluntate</strong></span> <span class='ocrx_word' id='word_1_321' title='bbox 1155 2975 1335 3032; x_wconf 90' lang='lat' dir='ltr'><strong>Patris</strong></span> <span class='ocrx_word' id='word_1_322' title='bbox 1382 2985 1436 3032; x_wconf 88' lang='lat' dir='ltr'><strong>et</strong></span> <span class='ocrx_word' id='word_1_323' title='bbox 1486 2978 1608 3034; x_wconf 89' lang='lat' dir='ltr'><strong>Filii</strong></span> <span class='ocrx_word' id='word_1_324' title='bbox 1656 2995 1720 3035; x_wconf 89' lang='lat' dir='ltr'><strong>ac</strong></span> <span class='ocrx_word' id='word_1_325' title='bbox 1777 2979 2017 3050; x_wconf 89' lang='lat' dir='ltr'><strong>Spiritus</strong></span> 
     </span>
    </p>
   </div>
   <div class='ocr_carea' id='block_1_49' title="bbox 2121 1848 3692 1929">
    <p class='ocr_par' dir='ltr' id='par_1_49' title="bbox 2121 1848 3692 1929">
     <span class='ocr_line' id='line_1_49' title="bbox 2121 1848 3692 1929; baseline -0.007 -18"><span class='ocrx_word' id='word_1_326' title='bbox 2121 1861 2255 1928; x_wconf 85' lang='grc' dir='ltr'>μήτε</span> <span class='ocrx_word' id='word_1_327' title='bbox 2323 1857 2429 1929; x_wconf 83' lang='grc' dir='ltr'><strong>μὴν</strong></span> <span class='ocrx_word' id='word_1_328' title='bbox 2485 1857 2788 1928; x_wconf 80' lang='grc' dir='ltr'>ψεύσασθαι</span> <span class='ocrx_word' id='word_1_329' title='bbox 2849 1857 2972 1908; x_wconf 85' lang='grc' dir='ltr'>ὅσον</span> <span class='ocrx_word' id='word_1_330' title='bbox 3025 1853 3162 1907; x_wconf 81' lang='grc' dir='ltr'>κατὰ</span> <span class='ocrx_word' id='word_1_331' title='bbox 3219 1852 3279 1904; x_wconf 85' lang='grc' dir='ltr'><strong>τὸ</strong></span> <span class='ocrx_word' id='word_1_332' title='bbox 3337 1849 3585 1903; x_wconf 79' lang='grc' dir='ltr'>δυνατόν.</span> <span class='ocrx_word' id='word_1_333' title='bbox 3638 1848 3692 1900; x_wconf 74' lang='lat' dir='ltr'><strong>Ol</strong></span> 
     </span>
    </p>
   </div>
   <div class='ocr_carea' id='block_1_50' title="bbox 2119 1939 3692 2019">
    <p class='ocr_par' dir='ltr' id='par_1_50' title="bbox 2119 1939 3692 2019">
     <span class='ocr_line' id='line_1_50' title="bbox 2119 1939 3692 2019; baseline -0.006 -19"><span class='ocrx_word' id='word_1_334' title='bbox 2119 1948 2333 2014; x_wconf 86' lang='grc' dir='ltr'>πλείους</span> <span class='ocrx_word' id='word_1_335' title='bbox 2367 1949 2423 2002; x_wconf 85' lang='grc' dir='ltr'>δὲ</span> <span class='ocrx_word' id='word_1_336' title='bbox 2459 1949 2828 2019; x_wconf 84' lang='grc' dir='ltr'>πιπράσκουσι</span> <span class='ocrx_word' id='word_1_337' title='bbox 2875 1946 2942 1999; x_wconf 74' lang='grc' dir='ltr'>τὰ</span> <span class='ocrx_word' id='word_1_338' title='bbox 2985 1945 3299 2016; x_wconf 83' lang='grc' dir='ltr'>ὑπάρχοντα</span> <span class='ocrx_word' id='word_1_339' title='bbox 3344 1941 3442 1995; x_wconf 80' lang='grc' dir='ltr'>καὶ</span> <span class='ocrx_word' id='word_1_340' title='bbox 3491 1939 3692 1992; x_wconf 77' lang='grc' dir='ltr'>διδόασι</span> 
     </span>
    </p>
   </div>
   <div class='ocr_carea' id='block_1_51' title="bbox 2119 2043 2372 2112">
    <p class='ocr_par' dir='ltr' id='par_1_51' title="bbox 2119 2043 2372 2112">
     <span class='ocr_line' id='line_1_51' title="bbox 2119 2043 2372 2112; baseline 0 -18"><span class='ocrx_word' id='word_1_341' title='bbox 2119 2043 2372 2112; x_wconf 81' lang='grc' dir='ltr'>πτωχοῖς.</span> 
     </span>
    </p>
   </div>
   <div class='ocr_carea' id='block_1_52' title="bbox 2189 2345 3694 2424">
    <p class='ocr_par' dir='ltr' id='par_1_52' title="bbox 2189 2345 3694 2424">
     <span class='ocr_line' id='line_1_52' title="bbox 2189 2345 3694 2424; baseline -0.004 -18"><span class='ocrx_word' id='word_1_342' title='bbox 2189 2355 2316 2408; x_wconf 73' lang='grc' dir='ltr'>κε’.</span> <span class='ocrx_word' id='word_1_343' title='bbox 2359 2345 2527 2416; x_wconf 72' lang='grc' dir='ltr'>Οὗτος</span> <span class='ocrx_word' id='word_1_344' title='bbox 2558 2355 2586 2406; x_wconf 85' lang='grc' dir='ltr'>ὁ</span> <span class='ocrx_word' id='word_1_345' title='bbox 2623 2352 2914 2424; x_wconf 84' lang='grc' dir='ltr'>χαρακτὴρ</span> <span class='ocrx_word' id='word_1_346' title='bbox 2958 2350 3160 2420; x_wconf 82' lang='grc' dir='ltr'>ταύτης</span> <span class='ocrx_word' id='word_1_347' title='bbox 3211 2349 3313 2417; x_wconf 83' lang='grc' dir='ltr'>τῆς</span> <span class='ocrx_word' id='word_1_348' title='bbox 3359 2347 3523 2415; x_wconf 81' lang='grc' dir='ltr'>ἁγίας</span> <span class='ocrx_word' id='word_1_349' title='bbox 3565 2351 3694 2416; x_wconf 70' lang='grc' dir='ltr'>μετὰ</span> 
     </span>
    </p>
   </div>
   <div class='ocr_carea' id='block_1_53' title="bbox 2117 2434 3694 2514">
    <p class='ocr_par' dir='ltr' id='par_1_53' title="bbox 2117 2434 3694 2514">
     <span class='ocr_line' id='line_1_53' title="bbox 2117 2434 3694 2514; baseline -0.005 -17"><span class='ocrx_word' id='word_1_350' title='bbox 2117 2444 2216 2514; x_wconf 85' lang='grc' dir='ltr'>τῆς</span> <span class='ocrx_word' id='word_1_351' title='bbox 2242 2443 2677 2514; x_wconf 85' lang='grc' dir='ltr'>προδηλωθείσης</span> <span class='ocrx_word' id='word_1_352' title='bbox 2711 2443 2980 2506; x_wconf 88' lang='grc' dir='ltr'>πίστεως,</span> <span class='ocrx_word' id='word_1_353' title='bbox 3018 2443 3111 2496; x_wconf 69' lang='grc' dir='ltr'><strong>καὶ</strong></span> <span class='ocrx_word' id='word_1_354' title='bbox 3144 2434 3290 2494; x_wconf 71' lang='grc' dir='ltr'>οὗτοι.</span> <span class='ocrx_word' id='word_1_355' title='bbox 3332 2440 3382 2492; x_wconf 79' lang='grc' dir='ltr'>οἱ</span> <span class='ocrx_word' id='word_1_356' title='bbox 3418 2439 3614 2507; x_wconf 74' lang='grc' dir='ltr'>θεσμοὶ</span> <span class='ocrx_word' id='word_1_357' title='bbox 3644 2439 3694 2489; x_wconf 81' lang='grc' dir='ltr'>ὲν</span> 
     </span>
    </p>
   </div>
   <div class='ocr_carea' id='block_1_54' title="bbox 2119 2529 3696 2608">
    <p class='ocr_par' dir='ltr' id='par_1_54' title="bbox 2119 2529 3696 2608">
     <span class='ocr_line' id='line_1_54' title="bbox 2119 2529 3696 2608; baseline -0.006 -17"><span class='ocrx_word' id='word_1_358' title='bbox 2119 2539 2254 2608; x_wconf 82' lang='grc' dir='ltr'>αὐτῇ</span> <span class='ocrx_word' id='word_1_359' title='bbox 2286 2537 2663 2607; x_wconf 79' lang='grc' dir='ltr'>ἀναφέρονται.</span> <span class='ocrx_word' id='word_1_360' title='bbox 2701 2529 2868 2597; x_wconf 72' lang='grc' dir='ltr'>Οὗτος</span> <span class='ocrx_word' id='word_1_361' title='bbox 2896 2533 3004 2604; x_wconf 82' lang='grc' dir='ltr'><strong>γάρ</strong></span> <span class='ocrx_word' id='word_1_362' title='bbox 3037 2533 3186 2585; x_wconf 83' lang='grc' dir='ltr'>ἐστιν</span> <span class='ocrx_word' id='word_1_363' title='bbox 3213 2535 3244 2586; x_wconf 85' lang='grc' dir='ltr'>ὁ</span> <span class='ocrx_word' id='word_1_364' title='bbox 3272 2529 3564 2602; x_wconf 80' lang='grc' dir='ltr'>χαρακτὴρ</span> <span class='ocrx_word' id='word_1_365' title='bbox 3603 2530 3696 2597; x_wconf 75' lang='grc' dir='ltr'>τῆς</span> 
     </span>
    </p>
   </div>
   <div class='ocr_carea' id='block_1_55' title="bbox 2131 2620 3695 2697">
    <p class='ocr_par' dir='ltr' id='par_1_55' title="bbox 2131 2620 3695 2697">
     <span class='ocr_line' id='line_1_55' title="bbox 2131 2620 3695 2697; baseline -0.006 -16"><span class='ocrx_word' id='word_1_366' title='bbox 2131 2627 2452 2697; x_wconf 83' lang='grc' dir='ltr'>Ἐκκλησίας</span> <span class='ocrx_word' id='word_1_367' title='bbox 2476 2668 2490 2692; x_wconf 86' lang='grc'><strong>,</strong></span> <span class='ocrx_word' id='word_1_368' title='bbox 2525 2625 2632 2679; x_wconf 70' lang='grc' dir='ltr'><strong>ἀπὸ</strong></span> <span class='ocrx_word' id='word_1_369' title='bbox 2679 2625 2842 2694; x_wconf 85' lang='grc' dir='ltr'>νόμου</span> <span class='ocrx_word' id='word_1_370' title='bbox 2876 2625 2969 2677; x_wconf 78' lang='grc' dir='ltr'>καὶ</span> <span class='ocrx_word' id='word_1_371' title='bbox 3003 2622 3296 2694; x_wconf 72' lang='grc' dir='ltr'>προφητῶν</span> <span class='ocrx_word' id='word_1_372' title='bbox 3333 2623 3431 2674; x_wconf 71' lang='grc' dir='ltr'><strong>καὶ</strong></span> <span class='ocrx_word' id='word_1_373' title='bbox 3471 2620 3695 2674; x_wconf 70' lang='grc' dir='ltr'>ἀποστό-</span> 
     </span>
    </p>
   </div>
   <div class='ocr_carea' id='block_1_56' title="bbox 2118 2711 3693 2788">
    <p class='ocr_par' dir='ltr' id='par_1_56' title="bbox 2118 2711 3693 2788">
     <span class='ocr_line' id='line_1_56' title="bbox 2118 2711 3693 2788; baseline -0.005 -15"><span class='ocrx_word' id='word_1_374' title='bbox 2118 2719 2224 2772; x_wconf 83' lang='grc' dir='ltr'><strong>λων</strong></span> <span class='ocrx_word' id='word_1_375' title='bbox 2251 2721 2345 2772; x_wconf 74' lang='grc' dir='ltr'>καὶ</span> <span class='ocrx_word' id='word_1_376' title='bbox 2392 2716 2789 2786; x_wconf 82' lang='grc' dir='ltr'>εύαγγελιστῶν</span> <span class='ocrx_word' id='word_1_377' title='bbox 2829 2717 3197 2788; x_wconf 83' lang='grc' dir='ltr'>συνηγμένος·</span> <span class='ocrx_word' id='word_1_378' title='bbox 3229 2713 3425 2784; x_wconf 85' lang='grc' dir='ltr'>ὥσπερ</span> <span class='ocrx_word' id='word_1_379' title='bbox 3478 2715 3543 2765; x_wconf 79' lang='grc' dir='ltr'><strong>ἐκ</strong></span> <span class='ocrx_word' id='word_1_380' title='bbox 3577 2711 3693 2766; x_wconf 73' lang='grc' dir='ltr'>πολι</span> 
     </span>
    </p>
   </div>
   <div class='ocr_carea' id='block_1_57' title="bbox 2117 2804 3696 2880">
    <p class='ocr_par' dir='ltr' id='par_1_57' title="bbox 2117 2804 3696 2880">
     <span class='ocr_line' id='line_1_57' title="bbox 2117 2804 3696 2880; baseline -0.004 -19"><span class='ocrx_word' id='word_1_381' title='bbox 2117 2809 2223 2862; x_wconf 88' lang='grc' dir='ltr'><strong>λῶν</strong></span> <span class='ocrx_word' id='word_1_382' title='bbox 2257 2809 2462 2880; x_wconf 83' lang='grc' dir='ltr'>μυρίων</span> <span class='ocrx_word' id='word_1_383' title='bbox 2490 2808 2760 2869; x_wconf 79' lang='grc' dir='ltr'>ἁντίδοτος</span> <span class='ocrx_word' id='word_1_384' title='bbox 2785 2805 2963 2876; x_wconf 83' lang='grc' dir='ltr'>ἀγαθὴ</span> <span class='ocrx_word' id='word_1_385' title='bbox 3000 2809 3112 2869; x_wconf 83' lang='grc' dir='ltr'>τοῖς</span> <span class='ocrx_word' id='word_1_386' title='bbox 3143 2804 3453 2875; x_wconf 83' lang='grc' dir='ltr'>χρωμένοις</span> <span class='ocrx_word' id='word_1_387' title='bbox 3479 2804 3558 2866; x_wconf 82' lang='grc' dir='ltr'>εἰς</span> <span class='ocrx_word' id='word_1_388' title='bbox 3597 2820 3696 2855; x_wconf 79' lang='grc' dir='ltr'>σω-</span> 
     </span>
    </p>
   </div>
   <div class='ocr_carea' id='block_1_58' title="bbox 2117 2891 3690 2973">
    <p class='ocr_par' dir='ltr' id='par_1_58' title="bbox 2117 2891 3690 2973">
     <span class='ocr_line' id='line_1_58' title="bbox 2117 2891 3690 2973; baseline -0.007 -20"><span class='ocrx_word' id='word_1_389' title='bbox 2117 2901 2311 2973; x_wconf 83' lang='grc' dir='ltr'>τηρίαν</span> <span class='ocrx_word' id='word_1_390' title='bbox 2356 2898 2836 2968; x_wconf 83' lang='grc' dir='ltr'>κατεσκευασμένη</span> <span class='ocrx_word' id='word_1_391' title='bbox 2890 2899 2954 2952; x_wconf 83' lang='grc' dir='ltr'><strong>ἐκ</strong></span> <span class='ocrx_word' id='word_1_392' title='bbox 2998 2897 3301 2967; x_wconf 87' lang='grc' dir='ltr'>Θελήματος</span> <span class='ocrx_word' id='word_1_393' title='bbox 3351 2895 3573 2964; x_wconf 78' lang='grc' dir='ltr'>Πατρδς</span> <span class='ocrx_word' id='word_1_394' title='bbox 3610 2891 3690 2945; x_wconf 58' lang='grc' dir='ltr'>καὶ</span> 
     </span>
    </p>
   </div>
   <div class='ocr_carea' id='block_1_59' title="bbox 2120 2981 3694 3061">
    <p class='ocr_par' dir='ltr' id='par_1_59' title="bbox 2120 2981 3694 3061">
     <span class='ocr_line' id='line_1_59' title="bbox 2120 2981 3694 3061; baseline -0.001 -15"><span class='ocrx_word' id='word_1_395' title='bbox 2120 2992 2250 3046; x_wconf 84' lang='grc' dir='ltr'>Υἱοῦ</span> <span class='ocrx_word' id='word_1_396' title='bbox 2273 2994 2366 3046; x_wconf 75' lang='grc' dir='ltr'>καὶ</span> <span class='ocrx_word' id='word_1_397' title='bbox 2393 2992 2550 3060; x_wconf 85' lang='grc' dir='ltr'>ἁγίου</span> <span class='ocrx_word' id='word_1_398' title='bbox 2581 2991 2914 3061; x_wconf 87' lang='grc' dir='ltr'>Πνεύματος.</span> <span class='ocrx_word' id='word_1_399' title='bbox 2944 2982 3103 3042; x_wconf 72' lang='grc' dir='ltr'>Οὗτοι</span> <span class='ocrx_word' id='word_1_400' title='bbox 3130 2989 3177 3040; x_wconf 81' lang='grc' dir='ltr'>οἱ</span> <span class='ocrx_word' id='word_1_401' title='bbox 3208 2985 3567 3057; x_wconf 76' lang='grc' dir='ltr'>χαρακτῆρες</span> <span class='ocrx_word' id='word_1_402' title='bbox 3603 2981 3694 3052; x_wconf 71' lang='grc' dir='ltr'><strong>τῆς</strong></span> 
     </span>
    </p>
   </div>
   <div class='ocr_carea' id='block_1_60' title="bbox 446 3063 2014 3165">
    <p class='ocr_par' dir='ltr' id='par_1_60' title="bbox 446 3063 2013 3139">
     <span class='ocr_line' id='line_1_60' title="bbox 446 3063 2013 3139; baseline 0.005 -21"><span class='ocrx_word' id='word_1_403' title='bbox 446 3064 642 3120; x_wconf 76' lang='lat' dir='ltr'><strong>sancti.</strong></span> <span class='ocrx_word' id='word_1_404' title='bbox 688 3063 814 3120; x_wconf 73' lang='lat' dir='ltr'><strong>Hzec</strong></span> <span class='ocrx_word' id='word_1_405' title='bbox 858 3073 942 3122; x_wconf 89' lang='lat' dir='ltr'><strong>est</strong></span> <span class='ocrx_word' id='word_1_406' title='bbox 983 3067 1308 3122; x_wconf 62' lang='lat' dir='ltr'><strong>venerandae</strong></span> <span class='ocrx_word' id='word_1_407' title='bbox 1351 3068 1559 3124; x_wconf 89' lang='lat' dir='ltr'><strong>Christi</strong></span> <span class='ocrx_word' id='word_1_408' title='bbox 1613 3084 1828 3139; x_wconf 73' lang='lat' dir='ltr'><strong>sponsae</strong></span> <span class='ocrx_word' id='word_1_409' title='bbox 1885 3082 2013 3126; x_wconf 86' lang='lat' dir='ltr'><strong>nota</strong></span> 
     </span>
    </p>
   </div>
   <div class='ocr_carea' id='block_1_61' title="bbox 2122 3063 3695 3165">
    <p class='ocr_par' dir='ltr' id='par_1_61' title="bbox 2125 3073 3695 3155">
     <span class='ocr_line' id='line_1_61' title="bbox 2125 3073 3695 3155; baseline -0.007 -19"><span class='ocrx_word' id='word_1_410' title='bbox 2125 3085 2326 3155; x_wconf 82' lang='grc' dir='ltr'>σεμνῆς</span> <span class='ocrx_word' id='word_1_411' title='bbox 2383 3083 2584 3154; x_wconf 84' lang='grc' dir='ltr'>ταύτης</span> <span class='ocrx_word' id='word_1_412' title='bbox 2643 3081 2859 3152; x_wconf 80' lang='grc' dir='ltr'>νύμφης</span> <span class='ocrx_word' id='word_1_413' title='bbox 2920 3079 3178 3152; x_wconf 78' lang='grc' dir='ltr'>Χριστοῦ.</span> <span class='ocrx_word' id='word_1_414' title='bbox 3244 3077 3396 3146; x_wconf 75' lang='grc' dir='ltr'>Αὕτη</span> <span class='ocrx_word' id='word_1_415' title='bbox 3451 3078 3484 3145; x_wconf 73' lang='grc' dir='ltr'>ἡ</span> <span class='ocrx_word' id='word_1_416' title='bbox 3542 3073 3695 3145; x_wconf 71' lang='grc' dir='ltr'>προὶξ</span> 
     </span>
    </p>
   </div>
   <div class='ocr_carea' id='block_1_62' title="bbox 447 3155 2018 3229">
    <p class='ocr_par' dir='ltr' id='par_1_62' title="bbox 447 3155 2018 3229">
     <span class='ocr_line' id='line_1_62' title="bbox 447 3155 2018 3229; baseline 0.007 -23"><span class='ocrx_word' id='word_1_417' title='bbox 447 3155 736 3223; x_wconf 82' lang='lat' dir='ltr'><strong>peculiaris</strong></span> <span class='ocrx_word' id='word_1_418' title='bbox 791 3171 854 3210; x_wconf 88' lang='lat' dir='ltr'><strong>ac</strong></span> <span class='ocrx_word' id='word_1_419' title='bbox 901 3157 1217 3229; x_wconf 86' lang='lat' dir='ltr'><strong>descriptio,</strong></span> <span class='ocrx_word' id='word_1_420' title='bbox 1261 3160 1378 3214; x_wconf 68' lang='lat' dir='ltr'><strong>bare</strong></span> <span class='ocrx_word' id='word_1_421' title='bbox 1417 3160 1564 3216; x_wconf 91' lang='lat' dir='ltr'><strong>illius</strong></span> <span class='ocrx_word' id='word_1_422' title='bbox 1611 3160 1710 3216; x_wconf 91' lang='lat' dir='ltr'><strong>dos</strong></span> <span class='ocrx_word' id='word_1_423' title='bbox 1757 3169 1810 3216; x_wconf 89' lang='lat' dir='ltr'><strong>et</strong></span> <span class='ocrx_word' id='word_1_424' title='bbox 1846 3162 2018 3218; x_wconf 61' lang='lat' dir='ltr'><strong>haere-</strong></span> 
     </span>
    </p>
   </div>
   <div class='ocr_carea' id='block_1_63' title="bbox 446 3246 2020 3324">
    <p class='ocr_par' dir='ltr' id='par_1_63' title="bbox 446 3246 2020 3324">
     <span class='ocr_line' id='line_1_63' title="bbox 446 3246 2020 3324; baseline 0.007 -26"><span class='ocrx_word' id='word_1_425' title='bbox 446 3246 630 3300; x_wconf 75' lang='lat' dir='ltr'><strong>ditatis</strong></span> <span class='ocrx_word' id='word_1_426' title='bbox 673 3255 1090 3313; x_wconf 88' lang='lat' dir='ltr'><strong>testamentum,</strong></span> <span class='ocrx_word' id='word_1_427' title='bbox 1144 3249 1260 3305; x_wconf 77' lang='lat' dir='ltr'><strong>haec</strong></span> <span class='ocrx_word' id='word_1_428' title='bbox 1307 3251 1549 3308; x_wconf 68' lang='lat' dir='ltr'><strong>caelestis</strong></span> <span class='ocrx_word' id='word_1_429' title='bbox 1610 3252 1786 3322; x_wconf 87' lang='lat' dir='ltr'><strong>ipsius</strong></span> <span class='ocrx_word' id='word_1_430' title='bbox 1836 3255 2020 3324; x_wconf 86' lang='lat' dir='ltr'><strong>sponsi</strong></span> 
     </span>
    </p>
   </div>
   <div class='ocr_carea' id='block_1_64' title="bbox 373 3335 2023 3416">
    <p class='ocr_par' dir='ltr' id='par_1_64' title="bbox 373 3335 2023 3416">
     <span class='ocr_line' id='line_1_64' title="bbox 373 3335 2023 3416; baseline 0.005 -26"><span class='ocrx_word' id='word_1_431' title='bbox 373 3412 381 3416; x_wconf 87' lang='lat'><em>_</em></span> <span class='ocrx_word' id='word_1_432' title='bbox 447 3335 578 3391; x_wconf 84' lang='lat' dir='ltr'><strong>Jesu</strong></span> <span class='ocrx_word' id='word_1_433' title='bbox 609 3336 810 3392; x_wconf 82' lang='lat' dir='ltr'><strong>Christi</strong></span> <span class='ocrx_word' id='word_1_434' title='bbox 857 3336 1073 3393; x_wconf 89' lang='lat' dir='ltr'><strong>Domini</strong></span> <span class='ocrx_word' id='word_1_435' title='bbox 1105 3341 1322 3410; x_wconf 74' lang='lat'><strong>1108</strong></span> <span class='ocrx_word' id='word_1_436' title='bbox 1344 3341 1618 3398; x_wconf 84' lang='lat' dir='ltr'><strong>voluntas.</strong></span> <span class='ocrx_word' id='word_1_437' title='bbox 1644 3341 1749 3398; x_wconf 89' lang='lat' dir='ltr'><strong>Per</strong></span> <span class='ocrx_word' id='word_1_438' title='bbox 1779 3359 1938 3413; x_wconf 91' lang='lat' dir='ltr'><strong>quem</strong></span> <span class='ocrx_word' id='word_1_439' title='bbox 1969 3353 2023 3399; x_wconf 88' lang='lat' dir='ltr'><strong>et</strong></span> 
     </span>
    </p>
   </div>
   <div class='ocr_carea' id='block_1_65' title="bbox 447 3428 2020 3505">
    <p class='ocr_par' dir='ltr' id='par_1_65' title="bbox 447 3428 2020 3505">
     <span class='ocr_line' id='line_1_65' title="bbox 447 3428 2020 3505; baseline 0.006 -24"><span class='ocrx_word' id='word_1_440' title='bbox 447 3443 570 3482; x_wconf 85' lang='lat' dir='ltr'><strong>cum</strong></span> <span class='ocrx_word' id='word_1_441' title='bbox 615 3443 725 3498; x_wconf 89' lang='lat' dir='ltr'><strong>quo</strong></span> <span class='ocrx_word' id='word_1_442' title='bbox 775 3428 922 3484; x_wconf 89' lang='lat' dir='ltr'><strong>Patri</strong></span> <span class='ocrx_word' id='word_1_443' title='bbox 974 3432 1171 3501; x_wconf 77' lang='lat' dir='ltr'><strong>gloria,</strong></span> <span class='ocrx_word' id='word_1_444' title='bbox 1218 3432 1396 3487; x_wconf 85' lang='lat' dir='ltr'><strong>honor</strong></span> <span class='ocrx_word' id='word_1_445' title='bbox 1447 3443 1502 3489; x_wconf 87' lang='lat' dir='ltr'><strong>et</strong></span> <span class='ocrx_word' id='word_1_446' title='bbox 1558 3435 1844 3505; x_wconf 81' lang='lat' dir='ltr'><strong>imperium</strong></span> <span class='ocrx_word' id='word_1_447' title='bbox 1897 3451 2020 3491; x_wconf 88' lang='lat' dir='ltr'><strong>cum</strong></span> 
     </span>
    </p>
   </div>
   <div class='ocr_carea' id='block_1_66' title="bbox 451 3520 1813 3591">
    <p class='ocr_par' dir='ltr' id='par_1_66' title="bbox 451 3520 1813 3591">
     <span class='ocr_line' id='line_1_66' title="bbox 451 3520 1813 3591; baseline 0.004 -15"><span class='ocrx_word' id='word_1_448' title='bbox 451 3528 641 3576; x_wconf 89' lang='lat' dir='ltr'><strong>sancto</strong></span> <span class='ocrx_word' id='word_1_449' title='bbox 679 3520 884 3591; x_wconf 88' lang='lat' dir='ltr'><strong>Spiritu</strong></span> <span class='ocrx_word' id='word_1_450' title='bbox 917 3522 970 3577; x_wconf 91' lang='lat' dir='ltr'><strong>in</strong></span> <span class='ocrx_word' id='word_1_451' title='bbox 1005 3523 1205 3578; x_wconf 73' lang='lat' dir='ltr'><strong>saecula</strong></span> <span class='ocrx_word' id='word_1_452' title='bbox 1241 3525 1588 3580; x_wconf 69' lang='lat' dir='ltr'><strong>saeculorum.</strong></span> <span class='ocrx_word' id='word_1_453' title='bbox 1620 3526 1813 3581; x_wconf 84' lang='lat' dir='ltr'><strong>Amen.</strong></span> 
     </span>
    </p>
   </div>
   <div class='ocr_carea' id='block_1_67' title="bbox 519 3635 2021 3709">
    <p class='ocr_par' dir='ltr' id='par_1_67' title="bbox 519 3635 2021 3709">
     <span class='ocr_line' id='line_1_67' title="bbox 519 3635 2021 3709; baseline 0.004 -20"><span class='ocrx_word' id='word_1_454' title='bbox 519 3635 721 3690; x_wconf 84' lang='lat' dir='ltr'><strong>Omnes</strong></span> <span class='ocrx_word' id='word_1_455' title='bbox 755 3638 848 3706; x_wconf 91' lang='lat' dir='ltr'><strong>qui</strong></span> <span class='ocrx_word' id='word_1_456' title='bbox 883 3637 971 3692; x_wconf 90' lang='lat' dir='ltr'><strong>hic</strong></span> <span class='ocrx_word' id='word_1_457' title='bbox 1006 3645 1135 3692; x_wconf 86' lang='lat' dir='ltr'><strong>sunt</strong></span> <span class='ocrx_word' id='word_1_458' title='bbox 1181 3638 1380 3694; x_wconf 81' lang='lat' dir='ltr'><strong>fratres</strong></span> <span class='ocrx_word' id='word_1_459' title='bbox 1426 3641 1720 3709; x_wconf 89' lang='lat' dir='ltr'><strong>plurimum</strong></span> <span class='ocrx_word' id='word_1_460' title='bbox 1754 3657 1850 3696; x_wconf 85' lang='lat' dir='ltr'><strong>vos</strong></span> <span class='ocrx_word' id='word_1_461' title='bbox 1881 3642 2021 3697; x_wconf 85' lang='lat' dir='ltr'><strong>salu-</strong></span> 
     </span>
    </p>
   </div>
   <div class='ocr_carea' id='block_1_68' title="bbox 448 3727 2021 3801">
    <p class='ocr_par' dir='ltr' id='par_1_68' title="bbox 448 3727 2021 3801">
     <span class='ocr_line' id='line_1_68' title="bbox 448 3727 2021 3801; baseline 0.006 -23"><span class='ocrx_word' id='word_1_462' title='bbox 448 3735 564 3779; x_wconf 87' lang='lat' dir='ltr'><strong>tant</strong></span> <span class='ocrx_word' id='word_1_463' title='bbox 590 3746 603 3782; x_wconf 89' lang='lat'>:</span> <span class='ocrx_word' id='word_1_464' title='bbox 635 3728 728 3781; x_wconf 89' lang='lat' dir='ltr'><strong>sed</strong></span> <span class='ocrx_word' id='word_1_465' title='bbox 759 3727 812 3781; x_wconf 87' lang='lat' dir='ltr'><strong>in</strong></span> <span class='ocrx_word' id='word_1_466' title='bbox 842 3729 1030 3798; x_wconf 87' lang='lat' dir='ltr'><strong>primis</strong></span> <span class='ocrx_word' id='word_1_467' title='bbox 1058 3729 1366 3798; x_wconf 84' lang='lat' dir='ltr'><strong>Anatolius,</strong></span> <span class='ocrx_word' id='word_1_468' title='bbox 1396 3733 1488 3801; x_wconf 88' lang='lat' dir='ltr'><strong>qui</strong></span> <span class='ocrx_word' id='word_1_469' title='bbox 1522 3732 1619 3787; x_wconf 87' lang='lat' dir='ltr'><strong>has</strong></span> <span class='ocrx_word' id='word_1_470' title='bbox 1650 3739 1840 3786; x_wconf 90' lang='lat' dir='ltr'><strong>contra</strong></span> <span class='ocrx_word' id='word_1_471' title='bbox 1871 3743 2021 3788; x_wconf 92' lang='lat' dir='ltr'><strong>octo—</strong></span> 
     </span>
    </p>
   </div>
   <div class='ocr_carea' id='block_1_69' title="bbox 453 3816 2019 3894">
    <p class='ocr_par' dir='ltr' id='par_1_69' title="bbox 453 3816 2019 3894">
     <span class='ocr_line' id='line_1_69' title="bbox 453 3816 2019 3894; baseline 0.006 -25"><span class='ocrx_word' id='word_1_472' title='bbox 453 3816 602 3885; x_wconf 74' lang='lat' dir='ltr'><strong>ginta</strong></span> <span class='ocrx_word' id='word_1_473' title='bbox 659 3817 896 3872; x_wconf 71' lang='lat' dir='ltr'><strong>luereses</strong></span> <span class='ocrx_word' id='word_1_474' title='bbox 943 3818 1341 3888; x_wconf 87' lang='lat' dir='ltr'><strong>disputationes</strong></span> <span class='ocrx_word' id='word_1_475' title='bbox 1386 3828 1640 3876; x_wconf 90' lang='lat' dir='ltr'><strong>notarum</strong></span> <span class='ocrx_word' id='word_1_476' title='bbox 1680 3823 2019 3894; x_wconf 82' lang='lat' dir='ltr'><strong>compendiis</strong></span> 
     </span>
    </p>
   </div>
   <div class='ocr_carea' id='block_1_70' title="bbox 450 3909 2018 3981">
    <p class='ocr_par' dir='ltr' id='par_1_70' title="bbox 450 3909 2018 3981">
     <span class='ocr_line' id='line_1_70' title="bbox 450 3909 2018 3981; baseline 0.006 -21"><span class='ocrx_word' id='word_1_477' title='bbox 450 3922 574 3961; x_wconf 89' lang='lat' dir='ltr'><strong>cum</strong></span> <span class='ocrx_word' id='word_1_478' title='bbox 611 3909 818 3979; x_wconf 79' lang='lat' dir='ltr'><strong>ingenti</strong></span> <span class='ocrx_word' id='word_1_479' title='bbox 857 3909 1044 3965; x_wconf 89' lang='lat' dir='ltr'><strong>labore</strong></span> <span class='ocrx_word' id='word_1_480' title='bbox 1073 3925 1137 3966; x_wconf 89' lang='lat' dir='ltr'><strong>ac</strong></span> <span class='ocrx_word' id='word_1_481' title='bbox 1164 3911 1374 3981; x_wconf 80' lang='lat' dir='ltr'><strong>prolixa</strong></span> <span class='ocrx_word' id='word_1_482' title='bbox 1405 3913 1685 3968; x_wconf 88' lang='lat' dir='ltr'><strong>voluntate</strong></span> <span class='ocrx_word' id='word_1_483' title='bbox 1717 3915 1772 3968; x_wconf 90' lang='lat' dir='ltr'><strong>in</strong></span> <span class='ocrx_word' id='word_1_484' title='bbox 1802 3915 2018 3971; x_wconf 90' lang='lat' dir='ltr'><strong>schedis</strong></span> 
     </span>
    </p>
   </div>
   <div class='ocr_carea' id='block_1_71' title="bbox 448 3999 2020 4078">
    <p class='ocr_par' dir='ltr' id='par_1_71' title="bbox 448 3999 2020 4078">
     <span class='ocr_line' id='line_1_71' title="bbox 448 3999 2020 4078; baseline 0.006 -27"><span class='ocrx_word' id='word_1_485' title='bbox 448 3999 699 4068; x_wconf 83' lang='lat' dir='ltr'><strong>excipere</strong></span> <span class='ocrx_word' id='word_1_486' title='bbox 742 4008 904 4068; x_wconf 84' lang='lat' dir='ltr'><strong>atque</strong></span> <span class='ocrx_word' id='word_1_487' title='bbox 947 4001 1239 4057; x_wconf 89' lang='lat' dir='ltr'><strong>emendare</strong></span> <span class='ocrx_word' id='word_1_488' title='bbox 1289 4004 1522 4058; x_wconf 91' lang='lat' dir='ltr'><strong>meruit:</strong></span> <span class='ocrx_word' id='word_1_489' title='bbox 1584 4019 1796 4059; x_wconf 91' lang='lat' dir='ltr'><strong>necnon</strong></span> <span class='ocrx_word' id='word_1_490' title='bbox 1827 4013 1880 4060; x_wconf 89' lang='lat' dir='ltr'><strong>et</strong></span> <span class='ocrx_word' id='word_1_491' title='bbox 1913 4005 2020 4078; x_wconf 85' lang='lat' dir='ltr'><strong>Hy-</strong></span> 
     </span>
    </p>
   </div>
   <div class='ocr_carea' id='block_1_72' title="bbox 447 4089 2018 4166">
    <p class='ocr_par' dir='ltr' id='par_1_72' title="bbox 447 4089 2018 4166">
     <span class='ocr_line' id='line_1_72' title="bbox 447 4089 2018 4166; baseline 0.008 -26"><span class='ocrx_word' id='word_1_492' title='bbox 447 4089 627 4157; x_wconf 87' lang='lat' dir='ltr'><strong>patius</strong></span> <span class='ocrx_word' id='word_1_493' title='bbox 657 4091 984 4147; x_wconf 89' lang='lat' dir='ltr'><strong>venerabilis</strong></span> <span class='ocrx_word' id='word_1_494' title='bbox 1014 4091 1302 4160; x_wconf 90' lang='lat' dir='ltr'><strong>diaconus,</strong></span> <span class='ocrx_word' id='word_1_495' title='bbox 1339 4095 1431 4164; x_wconf 89' lang='lat' dir='ltr'><strong>qui</strong></span> <span class='ocrx_word' id='word_1_496' title='bbox 1465 4094 1604 4149; x_wconf 90' lang='lat' dir='ltr'><strong>idem</strong></span> <span class='ocrx_word' id='word_1_497' title='bbox 1637 4095 1767 4150; x_wconf 93' lang='lat' dir='ltr'><strong>illud</strong></span> <span class='ocrx_word' id='word_1_498' title='bbox 1799 4110 1947 4166; x_wconf 89' lang='lat' dir='ltr'><strong>opus</strong></span> <span class='ocrx_word' id='word_1_499' title='bbox 1988 4113 2018 4152; x_wconf 88' lang='lat' dir='ltr'><strong>e</strong></span> 
     </span>
    </p>
   </div>
   <div class='ocr_carea' id='block_1_73' title="bbox 448 4178 2018 4258">
    <p class='ocr_par' dir='ltr' id='par_1_73' title="bbox 448 4178 2018 4258">
     <span class='ocr_line' id='line_1_73' title="bbox 448 4178 2018 4258; baseline 0.007 -25"><span class='ocrx_word' id='word_1_500' title='bbox 448 4178 668 4236; x_wconf 82' lang='lat' dir='ltr'><strong>schedis</strong></span> <span class='ocrx_word' id='word_1_501' title='bbox 711 4180 764 4234; x_wconf 94' lang='lat' dir='ltr'><strong>in</strong></span> <span class='ocrx_word' id='word_1_502' title='bbox 797 4182 1254 4250; x_wconf 88' lang='lat' dir='ltr'><strong>quaternionibus</strong></span> <span class='ocrx_word' id='word_1_503' title='bbox 1302 4183 1615 4256; x_wconf 84' lang='lat' dir='ltr'><strong>descripsit.</strong></span> <span class='ocrx_word' id='word_1_504' title='bbox 1664 4185 1769 4242; x_wconf 84' lang='lat' dir='ltr'><strong>Pro</strong></span> <span class='ocrx_word' id='word_1_505' title='bbox 1818 4189 2018 4258; x_wconf 88' lang='lat' dir='ltr'><strong>quibus</strong></span> 
     </span>
    </p>
   </div>
   <div class='ocr_carea' id='block_1_74' title="bbox 449 4269 2018 4346">
    <p class='ocr_par' dir='ltr' id='par_1_74' title="bbox 449 4269 2018 4346">
     <span class='ocr_line' id='line_1_74' title="bbox 449 4269 2018 4346; baseline 0.008 -23"><span class='ocrx_word' id='word_1_506' title='bbox 449 4269 617 4326; x_wconf 88' lang='lat' dir='ltr'><strong>Deum</strong></span> <span class='ocrx_word' id='word_1_507' title='bbox 666 4273 956 4328; x_wconf 82' lang='lat' dir='ltr'><strong>obsecrare</strong></span> <span class='ocrx_word' id='word_1_508' title='bbox 994 4274 1315 4346; x_wconf 79' lang='lat' dir='ltr'><strong>dignemini,</strong></span> <span class='ocrx_word' id='word_1_509' title='bbox 1368 4278 1654 4332; x_wconf 90' lang='lat' dir='ltr'><strong>reverendi</strong></span> <span class='ocrx_word' id='word_1_510' title='bbox 1696 4293 1759 4334; x_wconf 90' lang='lat' dir='ltr'><strong>ac</strong></span> <span class='ocrx_word' id='word_1_511' title='bbox 1808 4280 2018 4336; x_wconf 88' lang='lat' dir='ltr'><strong>charis-</strong></span> 
     </span>
    </p>
   </div>
   <div class='ocr_carea' id='block_1_75' title="bbox 448 4362 2012 4438">
    <p class='ocr_par' dir='ltr' id='par_1_75' title="bbox 448 4362 2012 4438">
     <span class='ocr_line' id='line_1_75' title="bbox 448 4362 2012 4438; baseline 0.008 -22"><span class='ocrx_word' id='word_1_512' title='bbox 448 4362 576 4416; x_wconf 91' lang='lat' dir='ltr'><strong>simi</strong></span> <span class='ocrx_word' id='word_1_513' title='bbox 634 4365 850 4420; x_wconf 84' lang='lat' dir='ltr'><strong>fratres.</strong></span> <span class='ocrx_word' id='word_1_514' title='bbox 919 4364 1031 4420; x_wconf 78' lang='lat' dir='ltr'><strong>Pax</strong></span> <span class='ocrx_word' id='word_1_515' title='bbox 1093 4365 1306 4422; x_wconf 89' lang='lat' dir='ltr'><strong>Domini</strong></span> <span class='ocrx_word' id='word_1_516' title='bbox 1363 4370 1537 4425; x_wconf 88' lang='lat' dir='ltr'><strong>nostri</strong></span> <span class='ocrx_word' id='word_1_517' title='bbox 1586 4369 1718 4427; x_wconf 86' lang='lat' dir='ltr'><strong>Jesu</strong></span> <span class='ocrx_word' id='word_1_518' title='bbox 1769 4370 2012 4438; x_wconf 87' lang='lat' dir='ltr'><strong>Christi,</strong></span> 
     </span>
    </p>
   </div>
   <div class='ocr_carea' id='block_1_76' title="bbox 2126 3165 3694 3243">
    <p class='ocr_par' dir='ltr' id='par_1_76' title="bbox 2126 3165 3694 3243">
     <span class='ocr_line' id='line_1_76' title="bbox 2126 3165 3694 3243; baseline -0.004 -17"><span class='ocrx_word' id='word_1_519' title='bbox 2126 3175 2220 3227; x_wconf 75' lang='grc' dir='ltr'><strong>καὶ</strong></span> <span class='ocrx_word' id='word_1_520' title='bbox 2261 3173 2494 3243; x_wconf 81' lang='grc' dir='ltr'>διαθήκη</span> <span class='ocrx_word' id='word_1_521' title='bbox 2562 3172 2924 3243; x_wconf 85' lang='grc' dir='ltr'>κληρονομίας</span> <span class='ocrx_word' id='word_1_522' title='bbox 2964 3170 3056 3224; x_wconf 78' lang='grc' dir='ltr'>καὶ</span> <span class='ocrx_word' id='word_1_523' title='bbox 3100 3167 3346 3239; x_wconf 85' lang='grc' dir='ltr'>βούλημα</span> <span class='ocrx_word' id='word_1_524' title='bbox 3390 3166 3489 3220; x_wconf 74' lang='grc' dir='ltr'>τοῦ</span> <span class='ocrx_word' id='word_1_525' title='bbox 3532 3165 3694 3235; x_wconf 52' lang='lat' dir='ltr'><strong>c1553;</strong></span> 
     </span>
    </p>
   </div>
   <div class='ocr_carea' id='block_1_77' title="bbox 2125 3255 3692 3335">
    <p class='ocr_par' dir='ltr' id='par_1_77' title="bbox 2125 3255 3692 3335">
     <span class='ocr_line' id='line_1_77' title="bbox 2125 3255 3692 3335; baseline -0.006 -18"><span class='ocrx_word' id='word_1_526' title='bbox 2125 3263 2357 3335; x_wconf 80' lang='grc' dir='ltr'>νυμφίου</span> <span class='ocrx_word' id='word_1_527' title='bbox 2393 3263 2486 3316; x_wconf 75' lang='grc' dir='ltr'>καὶ</span> <span class='ocrx_word' id='word_1_528' title='bbox 2535 3262 2854 3332; x_wconf 76' lang='grc' dir='ltr'>ἐπουρανίου</span> <span class='ocrx_word' id='word_1_529' title='bbox 2916 3259 3090 3331; x_wconf 83' lang='grc' dir='ltr'>Ἰησοῦ</span> <span class='ocrx_word' id='word_1_530' title='bbox 3134 3257 3375 3328; x_wconf 78' lang='grc' dir='ltr'>Χριστοῦ</span> <span class='ocrx_word' id='word_1_531' title='bbox 3439 3255 3536 3310; x_wconf 76' lang='grc' dir='ltr'>τοῦ</span> <span class='ocrx_word' id='word_1_532' title='bbox 3585 3257 3692 3309; x_wconf 76' lang='lat' dir='ltr'><strong>Ku-</strong></span> 
     </span>
    </p>
   </div>
   <div class='ocr_carea' id='block_1_78' title="bbox 2129 3341 3690 3426">
    <p class='ocr_par' dir='ltr' id='par_1_78' title="bbox 2129 3341 3690 3426">
     <span class='ocr_line' id='line_1_78' title="bbox 2129 3341 3690 3426; baseline -0.006 -20"><span class='ocrx_word' id='word_1_533' title='bbox 2129 3355 2241 3426; x_wconf 91' lang='grc' dir='ltr'>ρίου</span> <span class='ocrx_word' id='word_1_534' title='bbox 2297 3352 2456 3423; x_wconf 78' lang='grc' dir='ltr'>ἡμῶν</span> <span class='ocrx_word' id='word_1_535' title='bbox 2487 3367 2500 3381; x_wconf 93' lang='grc'><strong>·</strong></span> <span class='ocrx_word' id='word_1_536' title='bbox 2551 3353 2618 3405; x_wconf 87' lang='grc' dir='ltr'>δι’</span> <span class='ocrx_word' id='word_1_537' title='bbox 2649 3344 2709 3404; x_wconf 78' lang='grc' dir='ltr'>οὗ</span> <span class='ocrx_word' id='word_1_538' title='bbox 2764 3351 2858 3404; x_wconf 76' lang='grc' dir='ltr'>καὶ</span> <span class='ocrx_word' id='word_1_539' title='bbox 2915 3349 3032 3420; x_wconf 87' lang='grc' dir='ltr'>μεθ’</span> <span class='ocrx_word' id='word_1_540' title='bbox 3067 3341 3128 3402; x_wconf 74' lang='grc' dir='ltr'>οὗ</span> <span class='ocrx_word' id='word_1_541' title='bbox 3184 3345 3264 3417; x_wconf 83' lang='grc' dir='ltr'>τῷ</span> <span class='ocrx_word' id='word_1_542' title='bbox 3319 3345 3501 3416; x_wconf 72' lang='grc' dir='ltr'>Πατρὶ</span> <span class='ocrx_word' id='word_1_543' title='bbox 3551 3343 3690 3406; x_wconf 73' lang='grc' dir='ltr'>ἆδξα,</span> 
     </span>
    </p>
   </div>
   <div class='ocr_carea' id='block_1_79' title="bbox 2122 3434 3692 3515">
    <p class='ocr_par' dir='ltr' id='par_1_79' title="bbox 2122 3434 3692 3515">
     <span class='ocr_line' id='line_1_79' title="bbox 2122 3434 3692 3515; baseline -0.008 -17"><span class='ocrx_word' id='word_1_544' title='bbox 2122 3444 2254 3515; x_wconf 83' lang='grc' dir='ltr'>τιμὴ</span> <span class='ocrx_word' id='word_1_545' title='bbox 2281 3487 2295 3509; x_wconf 85' lang='grc'><strong>,</strong></span> <span class='ocrx_word' id='word_1_546' title='bbox 2333 3443 2532 3514; x_wconf 82' lang='grc' dir='ltr'>κράτος</span> <span class='ocrx_word' id='word_1_547' title='bbox 2593 3443 2688 3495; x_wconf 78' lang='grc' dir='ltr'><strong>σὺν</strong></span> <span class='ocrx_word' id='word_1_548' title='bbox 2725 3443 2863 3513; x_wconf 85' lang='grc' dir='ltr'>ἁγίῳ</span> <span class='ocrx_word' id='word_1_549' title='bbox 2892 3440 3169 3510; x_wconf 84' lang='grc' dir='ltr'>Πνεύματι</span> <span class='ocrx_word' id='word_1_550' title='bbox 3217 3440 3298 3501; x_wconf 82' lang='grc' dir='ltr'><strong>είς</strong></span> <span class='ocrx_word' id='word_1_551' title='bbox 3329 3436 3536 3499; x_wconf 79' lang='grc' dir='ltr'>αἰῶνας</span> <span class='ocrx_word' id='word_1_552' title='bbox 3571 3434 3692 3488; x_wconf 73' lang='grc' dir='ltr'>αίώο</span> 
     </span>
    </p>
   </div>
   <div class='ocr_carea' id='block_1_80' title="bbox 2124 3533 2513 3604">
    <p class='ocr_par' dir='ltr' id='par_1_80' title="bbox 2124 3533 2513 3604">
     <span class='ocr_line' id='line_1_80' title="bbox 2124 3533 2513 3604; baseline -0.013 -14"><span class='ocrx_word' id='word_1_553' title='bbox 2124 3552 2253 3590; x_wconf 84' lang='grc' dir='ltr'>νων.</span> <span class='ocrx_word' id='word_1_554' title='bbox 2323 3533 2513 3604; x_wconf 76' lang='grc' dir='ltr'>Ἀμήν.</span> 
     </span>
    </p>
   </div>
   <div class='ocr_carea' id='block_1_81' title="bbox 2192 3639 3688 3713">
    <p class='ocr_par' dir='ltr' id='par_1_81' title="bbox 2192 3639 3688 3713">
     <span class='ocr_line' id='line_1_81' title="bbox 2192 3639 3688 3713; baseline -0.005 -16"><span class='ocrx_word' id='word_1_555' title='bbox 2192 3645 2396 3708; x_wconf 82' lang='grc' dir='ltr'>Πάντες</span> <span class='ocrx_word' id='word_1_556' title='bbox 2449 3645 2499 3697; x_wconf 86' lang='grc' dir='ltr'>οἱ</span> <span class='ocrx_word' id='word_1_557' title='bbox 2559 3643 2686 3713; x_wconf 74' lang='grc' dir='ltr'>παρ’</span> <span class='ocrx_word' id='word_1_558' title='bbox 2734 3643 2864 3713; x_wconf 75' lang='grc' dir='ltr'>ἡμῖν</span> <span class='ocrx_word' id='word_1_559' title='bbox 2923 3641 3142 3710; x_wconf 72' lang='grc' dir='ltr'>ἀδελφοὶ</span> <span class='ocrx_word' id='word_1_560' title='bbox 3196 3639 3688 3711; x_wconf 72' lang='grc' dir='ltr'>προσαγορεύουσιν</span> 
     </span>
    </p>
   </div>
   <div class='ocr_carea' id='block_1_82' title="bbox 2123 3732 3688 3808">
    <p class='ocr_par' dir='ltr' id='par_1_82' title="bbox 2123 3732 3688 3808">
     <span class='ocr_line' id='line_1_82' title="bbox 2123 3732 3688 3808; baseline -0.003 -20"><span class='ocrx_word' id='word_1_561' title='bbox 2123 3737 2276 3807; x_wconf 83' lang='grc' dir='ltr'>ὑμῶν</span> <span class='ocrx_word' id='word_1_562' title='bbox 2309 3737 2406 3808; x_wconf 85' lang='grc' dir='ltr'><strong>τὴν</strong></span> <span class='ocrx_word' id='word_1_563' title='bbox 2452 3736 2777 3808; x_wconf 85' lang='grc' dir='ltr'>τιμιότητα,</span> <span class='ocrx_word' id='word_1_564' title='bbox 2826 3735 3057 3804; x_wconf 81' lang='grc' dir='ltr'>μάλιστα</span> <span class='ocrx_word' id='word_1_565' title='bbox 3083 3733 3424 3798; x_wconf 78' lang='grc' dir='ltr'>Ἀνατόλιος,</span> <span class='ocrx_word' id='word_1_566' title='bbox 3463 3733 3493 3784; x_wconf 84' lang='grc' dir='ltr'>ὁ</span> <span class='ocrx_word' id='word_1_567' title='bbox 3529 3732 3688 3785; x_wconf 74' lang='grc' dir='ltr'>διάτε</span> 
     </span>
    </p>
   </div>
   <div class='ocr_carea' id='block_1_83' title="bbox 2124 3821 3686 3899">
    <p class='ocr_par' dir='ltr' id='par_1_83' title="bbox 2124 3821 3686 3899">
     <span class='ocr_line' id='line_1_83' title="bbox 2124 3821 3686 3899; baseline -0.004 -18"><span class='ocrx_word' id='word_1_568' title='bbox 2124 3828 2364 3899; x_wconf 81' lang='grc' dir='ltr'>σημείων</span> <span class='ocrx_word' id='word_1_569' title='bbox 2390 3829 2480 3880; x_wconf 78' lang='grc' dir='ltr'><strong>καὶ</strong></span> <span class='ocrx_word' id='word_1_570' title='bbox 2513 3827 2810 3897; x_wconf 86' lang='grc' dir='ltr'>σχεδαρίων</span> <span class='ocrx_word' id='word_1_571' title='bbox 2839 3825 2943 3878; x_wconf 89' lang='grc' dir='ltr'><strong>τῶν</strong></span> <span class='ocrx_word' id='word_1_572' title='bbox 2966 3825 3105 3878; x_wconf 85' lang='grc' dir='ltr'><strong>κατά</strong></span> <span class='ocrx_word' id='word_1_573' title='bbox 3131 3824 3240 3877; x_wconf 87' lang='grc' dir='ltr'><strong>τῶν</strong></span> <span class='ocrx_word' id='word_1_574' title='bbox 3272 3824 3540 3894; x_wconf 78' lang='grc' dir='ltr'>αἱρέσεων</span> <span class='ocrx_word' id='word_1_575' title='bbox 3580 3821 3686 3875; x_wconf 77' lang='grc' dir='ltr'>τού-</span> 
     </span>
    </p>
   </div>
   <div class='ocr_carea' id='block_1_84' title="bbox 2120 3915 3683 3990">
    <p class='ocr_par' dir='ltr' id='par_1_84' title="bbox 2120 3915 3683 3990">
     <span class='ocr_line' id='line_1_84' title="bbox 2120 3915 3683 3990; baseline -0.003 -19"><span class='ocrx_word' id='word_1_576' title='bbox 2120 3937 2226 3971; x_wconf 91' lang='grc' dir='ltr'><strong>των</strong></span> <span class='ocrx_word' id='word_1_577' title='bbox 2263 3919 2369 3971; x_wconf 84' lang='grc' dir='ltr'><strong>τῶν</strong></span> <span class='ocrx_word' id='word_1_578' title='bbox 2408 3918 2736 3990; x_wconf 81' lang='grc' dir='ltr'>ὀγδοήκοντὰ</span> <span class='ocrx_word' id='word_1_579' title='bbox 2785 3935 2966 3987; x_wconf 84' lang='grc' dir='ltr'>φημι,</span> <span class='ocrx_word' id='word_1_580' title='bbox 3017 3917 3155 3986; x_wconf 78' lang='grc' dir='ltr'>μετὰ</span> <span class='ocrx_word' id='word_1_581' title='bbox 3203 3915 3404 3969; x_wconf 74' lang='grc' dir='ltr'>πολλοῦ</span> <span class='ocrx_word' id='word_1_582' title='bbox 3446 3916 3683 3987; x_wconf 72' lang='grc' dir='ltr'>καμάτου</span> 
     </span>
    </p>
   </div>
   <div class='ocr_carea' id='block_1_85' title="bbox 2122 4005 3681 4080">
    <p class='ocr_par' dir='ltr' id='par_1_85' title="bbox 2122 4005 3681 4080">
     <span class='ocr_line' id='line_1_85' title="bbox 2122 4005 3681 4080; baseline -0.002 -20"><span class='ocrx_word' id='word_1_583' title='bbox 2122 4009 2214 4061; x_wconf 76' lang='grc' dir='ltr'><strong>καὶ</strong></span> <span class='ocrx_word' id='word_1_584' title='bbox 2243 4009 2615 4080; x_wconf 78' lang='grc' dir='ltr'>προαιρέσεως</span> <span class='ocrx_word' id='word_1_585' title='bbox 2652 4006 2944 4078; x_wconf 83' lang='grc' dir='ltr'>καλλίστης</span> <span class='ocrx_word' id='word_1_586' title='bbox 2988 4006 3196 4078; x_wconf 77' lang='grc' dir='ltr'>γράψαι</span> <span class='ocrx_word' id='word_1_587' title='bbox 3249 4009 3346 4061; x_wconf 74' lang='grc' dir='ltr'><strong>καὶ</strong></span> <span class='ocrx_word' id='word_1_588' title='bbox 3397 4005 3681 4078; x_wconf 76' lang='grc' dir='ltr'>διορθώσα-</span> 
     </span>
    </p>
   </div>
   <div class='ocr_carea' id='block_1_86' title="bbox 2123 4097 3680 4172">
    <p class='ocr_par' dir='ltr' id='par_1_86' title="bbox 2123 4097 3680 4172">
     <span class='ocr_line' id='line_1_86' title="bbox 2123 4097 3680 4172; baseline -0.002 -19"><span class='ocrx_word' id='word_1_589' title='bbox 2123 4100 2240 4153; x_wconf 85' lang='grc' dir='ltr'>σθαι</span> <span class='ocrx_word' id='word_1_590' title='bbox 2275 4101 2658 4168; x_wconf 79' lang='grc' dir='ltr'>καταξιωθείς·</span> <span class='ocrx_word' id='word_1_591' title='bbox 2695 4101 2810 4172; x_wconf 76' lang='grc' dir='ltr'><strong>ἅμα</strong></span> <span class='ocrx_word' id='word_1_592' title='bbox 2849 4118 2908 4152; x_wconf 89' lang='grc' dir='ltr'><strong>τε</strong></span> <span class='ocrx_word' id='word_1_593' title='bbox 2941 4099 3036 4153; x_wconf 79' lang='grc' dir='ltr'>καὶ</span> <span class='ocrx_word' id='word_1_594' title='bbox 3076 4099 3335 4163; x_wconf 81' lang='grc' dir='ltr'>’Υπάτιος</span> <span class='ocrx_word' id='word_1_595' title='bbox 3380 4101 3409 4152; x_wconf 89' lang='grc' dir='ltr'>ὁ</span> <span class='ocrx_word' id='word_1_596' title='bbox 3437 4097 3680 4169; x_wconf 79' lang='grc' dir='ltr'>τιμιώτα-</span> 
     </span>
    </p>
   </div>
   <div class='ocr_carea' id='block_1_87' title="bbox 2119 4189 3676 4264">
    <p class='ocr_par' dir='ltr' id='par_1_87' title="bbox 2119 4189 3676 4264">
     <span class='ocr_line' id='line_1_87' title="bbox 2119 4189 3676 4264; baseline -0.002 -19"><span class='ocrx_word' id='word_1_597' title='bbox 2119 4210 2208 4256; x_wconf 84' lang='grc' dir='ltr'><strong>τος</strong></span> <span class='ocrx_word' id='word_1_598' title='bbox 2233 4192 2573 4256; x_wconf 80' lang='grc' dir='ltr'>συνδιάκονος</span> <span class='ocrx_word' id='word_1_599' title='bbox 2598 4235 2611 4259; x_wconf 85' lang='grc'><strong>,</strong></span> <span class='ocrx_word' id='word_1_600' title='bbox 2638 4196 2666 4246; x_wconf 87' lang='grc' dir='ltr'>ὁ</span> <span class='ocrx_word' id='word_1_601' title='bbox 2694 4198 2792 4264; x_wconf 79' lang='grc' dir='ltr'><strong>τὴν</strong></span> <span class='ocrx_word' id='word_1_602' title='bbox 2828 4191 3182 4263; x_wconf 78' lang='grc' dir='ltr'>μεταγραφὴν</span> <span class='ocrx_word' id='word_1_603' title='bbox 3223 4191 3332 4246; x_wconf 74' lang='grc' dir='ltr'><strong>ἀπὸ</strong></span> <span class='ocrx_word' id='word_1_604' title='bbox 3368 4191 3484 4243; x_wconf 86' lang='grc' dir='ltr'><strong>τῶν</strong></span> <span class='ocrx_word' id='word_1_605' title='bbox 3511 4189 3676 4260; x_wconf 72' lang='grc' dir='ltr'>σχεδι-</span> 
     </span>
    </p>
   </div>
   <div class='ocr_carea' id='block_1_88' title="bbox 2123 4274 3676 4354">
    <p class='ocr_par' dir='ltr' id='par_1_88' title="bbox 2123 4274 3676 4354">
     <span class='ocr_line' id='line_1_88' title="bbox 2123 4274 3676 4354; baseline -0.003 -20"><span class='ocrx_word' id='word_1_606' title='bbox 2123 4282 2251 4354; x_wconf 80' lang='grc' dir='ltr'>ρίων</span> <span class='ocrx_word' id='word_1_607' title='bbox 2277 4285 2333 4335; x_wconf 86' lang='grc' dir='ltr'><strong>ἐν</strong></span> <span class='ocrx_word' id='word_1_608' title='bbox 2361 4283 2581 4354; x_wconf 88' lang='grc' dir='ltr'>τετράσι</span> <span class='ocrx_word' id='word_1_609' title='bbox 2610 4283 2974 4353; x_wconf 83' lang='grc' dir='ltr'>ποιησάμενος</span> <span class='ocrx_word' id='word_1_610' title='bbox 2997 4299 3011 4313; x_wconf 75' lang='grc' dir='ltr'><strong>ο</strong></span> <span class='ocrx_word' id='word_1_611' title='bbox 3045 4282 3184 4352; x_wconf 80' lang='grc' dir='ltr'>ὑπὲρ</span> <span class='ocrx_word' id='word_1_612' title='bbox 3209 4274 3283 4334; x_wconf 80' lang='grc' dir='ltr'>ὧν</span> <span class='ocrx_word' id='word_1_613' title='bbox 3305 4281 3402 4333; x_wconf 75' lang='grc' dir='ltr'><strong>καὶ</strong></span> <span class='ocrx_word' id='word_1_614' title='bbox 3442 4277 3676 4352; x_wconf 72' lang='grc' dir='ltr'>εὔχεσθαι</span> 
     </span>
    </p>
   </div>
   <div class='ocr_carea' id='block_1_89' title="bbox 2121 4373 3672 4446">
    <p class='ocr_par' dir='ltr' id='par_1_89' title="bbox 2121 4373 3672 4446">
     <span class='ocr_line' id='line_1_89' title="bbox 2121 4373 3672 4446; baseline -0.003 -19"><span class='ocrx_word' id='word_1_615' title='bbox 2121 4374 2490 4438; x_wconf 83' lang='grc' dir='ltr'>καταξιώσατε</span> <span class='ocrx_word' id='word_1_616' title='bbox 2510 4416 2526 4440; x_wconf 90' lang='grc'><strong>,</strong></span> <span class='ocrx_word' id='word_1_617' title='bbox 2572 4375 2881 4446; x_wconf 84' lang='grc' dir='ltr'>τιμιώτατοι</span> <span class='ocrx_word' id='word_1_618' title='bbox 2934 4374 3026 4426; x_wconf 73' lang='grc' dir='ltr'><strong>καὶ</strong></span> <span class='ocrx_word' id='word_1_619' title='bbox 3055 4373 3425 4426; x_wconf 79' lang='grc' dir='ltr'>ποθεινότατοι</span> <span class='ocrx_word' id='word_1_620' title='bbox 3455 4373 3672 4440; x_wconf 59' lang='grc' dir='ltr'>ἀδελφοὶ,</span> 
     </span>
    </p>
   </div>
   <div class='ocr_carea' id='block_1_90' title="bbox 449 4438 2014 4535">
    <p class='ocr_par' dir='ltr' id='par_1_90' title="bbox 449 4455 2010 4531">
     <span class='ocr_line' id='line_1_90' title="bbox 449 4455 2010 4531; baseline 0.008 -26"><span class='ocrx_word' id='word_1_621' title='bbox 449 4455 620 4522; x_wconf 80' lang='lat' dir='ltr'><strong>gratia</strong></span> <span class='ocrx_word' id='word_1_622' title='bbox 662 4463 716 4509; x_wconf 87' lang='lat' dir='ltr'><strong>et</strong></span> <span class='ocrx_word' id='word_1_623' title='bbox 745 4457 948 4511; x_wconf 90' lang='lat' dir='ltr'><strong>veritas</strong></span> <span class='ocrx_word' id='word_1_624' title='bbox 1000 4459 1303 4514; x_wconf 89' lang='lat' dir='ltr'><strong>secundum</strong></span> <span class='ocrx_word' id='word_1_625' title='bbox 1349 4460 1470 4531; x_wconf 90' lang='lat' dir='ltr'><strong>ejus</strong></span> <span class='ocrx_word' id='word_1_626' title='bbox 1508 4463 1846 4530; x_wconf 87' lang='lat' dir='ltr'><strong>mandatum,</strong></span> <span class='ocrx_word' id='word_1_627' title='bbox 1885 4479 2010 4518; x_wconf 88' lang='lat' dir='ltr'><strong>eum</strong></span> 
     </span>
    </p>
   </div>
   <div class='ocr_carea' id='block_1_91' title="bbox 2122 4438 3671 4535">
    <p class='ocr_par' dir='ltr' id='par_1_91' title="bbox 2122 4438 3671 4535">
     <span class='ocr_line' id='line_1_91' title="bbox 2122 4438 3671 4535; baseline -0.003 -19"><span class='ocrx_word' id='word_1_628' title='bbox 2122 4464 2193 4527; x_wconf 86' lang='grc' dir='ltr'>ὡς</span> <span class='ocrx_word' id='word_1_629' title='bbox 2225 4463 2459 4535; x_wconf 81' lang='grc' dir='ltr'>ἀληθῶς.</span> <span class='ocrx_word' id='word_1_630' title='bbox 2495 4438 2558 4516; x_wconf 80' lang='grc' dir='ltr'><strong>Ἦ</strong></span> <span class='ocrx_word' id='word_1_631' title='bbox 2581 4438 2773 4534; x_wconf 77' lang='grc' dir='ltr'>εἰρήνη</span> <span class='ocrx_word' id='word_1_632' title='bbox 2801 4461 2894 4514; x_wconf 80' lang='grc' dir='ltr'><strong>τοῦ</strong></span> <span class='ocrx_word' id='word_1_633' title='bbox 2919 4463 3124 4533; x_wconf 81' lang='grc' dir='ltr'>Κυρίου</span> <span class='ocrx_word' id='word_1_634' title='bbox 3155 4461 3314 4533; x_wconf 81' lang='grc' dir='ltr'>ἡμῶν</span> <span class='ocrx_word' id='word_1_635' title='bbox 3355 4461 3531 4532; x_wconf 76' lang='grc' dir='ltr'>Ἰησοῦ</span> <span class='ocrx_word' id='word_1_636' title='bbox 3559 4438 3671 4532; x_wconf 69' lang='grc' dir='ltr'>Χρι-</span> 
     </span>
    </p>
   </div>
   <div class='ocr_carea' id='block_1_92' title="bbox 447 4545 2014 4628">
    <p class='ocr_par' dir='ltr' id='par_1_92' title="bbox 447 4545 2010 4620">
     <span class='ocr_line' id='line_1_92' title="bbox 447 4545 2010 4620; baseline 0.009 -24"><span class='ocrx_word' id='word_1_637' title='bbox 447 4545 702 4601; x_wconf 86' lang='lat' dir='ltr'><strong>omnibus</strong></span> <span class='ocrx_word' id='word_1_638' title='bbox 729 4547 884 4602; x_wconf 87' lang='lat' dir='ltr'><strong>vobis</strong></span> <span class='ocrx_word' id='word_1_639' title='bbox 929 4556 1187 4618; x_wconf 87' lang='lat' dir='ltr'><strong>perpetuo</strong></span> <span class='ocrx_word' id='word_1_640' title='bbox 1224 4550 1325 4620; x_wconf 90' lang='lat' dir='ltr'><strong>sit,</strong></span> <span class='ocrx_word' id='word_1_641' title='bbox 1374 4553 1746 4610; x_wconf 89' lang='lat' dir='ltr'><strong>honestissimi</strong></span> <span class='ocrx_word' id='word_1_642' title='bbox 1785 4569 1848 4610; x_wconf 89' lang='lat' dir='ltr'><strong>ac</strong></span> <span class='ocrx_word' id='word_1_643' title='bbox 1880 4555 2010 4610; x_wconf 89' lang='lat' dir='ltr'><strong>cha-</strong></span> 
     </span>
    </p>
   </div>
   <div class='ocr_carea' id='block_1_93' title="bbox 2122 4545 3667 4628">
    <p class='ocr_par' dir='ltr' id='par_1_93' title="bbox 2122 4553 3667 4628">
     <span class='ocr_line' id='line_1_93' title="bbox 2122 4553 3667 4628; baseline 0 -22"><span class='ocrx_word' id='word_1_644' title='bbox 2122 4554 2247 4606; x_wconf 79' lang='grc' dir='ltr'>στοῦ</span> <span class='ocrx_word' id='word_1_645' title='bbox 2297 4557 2390 4607; x_wconf 80' lang='grc' dir='ltr'><strong>καὶ</strong></span> <span class='ocrx_word' id='word_1_646' title='bbox 2431 4557 2463 4626; x_wconf 84' lang='grc' dir='ltr'>ἠ</span> <span class='ocrx_word' id='word_1_647' title='bbox 2518 4555 2675 4627; x_wconf 83' lang='grc' dir='ltr'>χάρις</span> <span class='ocrx_word' id='word_1_648' title='bbox 2717 4556 2809 4609; x_wconf 70' lang='grc' dir='ltr'><strong>καὶ</strong></span> <span class='ocrx_word' id='word_1_649' title='bbox 2859 4556 2891 4626; x_wconf 83' lang='grc' dir='ltr'>ἡ</span> <span class='ocrx_word' id='word_1_650' title='bbox 2935 4556 3163 4628; x_wconf 84' lang='grc' dir='ltr'>ἀλήθεια</span> <span class='ocrx_word' id='word_1_651' title='bbox 3191 4597 3205 4620; x_wconf 90' lang='grc'><strong>,</strong></span> <span class='ocrx_word' id='word_1_652' title='bbox 3249 4557 3393 4610; x_wconf 80' lang='grc' dir='ltr'><strong>κατὰ</strong></span> <span class='ocrx_word' id='word_1_653' title='bbox 3426 4557 3489 4609; x_wconf 75' lang='grc' dir='ltr'><strong>τὸ</strong></span> <span class='ocrx_word' id='word_1_654' title='bbox 3529 4553 3667 4610; x_wconf 73' lang='grc' dir='ltr'>αὑτοῦ</span> 
     </span>
    </p>
   </div>
   <div class='ocr_carea' id='block_1_94' title="bbox 451 4633 2014 4720">
    <p class='ocr_par' dir='ltr' id='par_1_94' title="bbox 451 4633 1122 4694">
     <span class='ocr_line' id='line_1_94' title="bbox 451 4633 1122 4694; baseline 0.01 -7"><span class='ocrx_word' id='word_1_655' title='bbox 451 4633 656 4688; x_wconf 84' lang='lat' dir='ltr'><strong>rissimi</strong></span> <span class='ocrx_word' id='word_1_656' title='bbox 683 4633 900 4692; x_wconf 85' lang='lat' dir='ltr'><strong>fratres.</strong></span> <span class='ocrx_word' id='word_1_657' title='bbox 930 4637 1122 4694; x_wconf 85' lang='lat' dir='ltr'><strong>Amen.</strong></span> 
     </span>
    </p>
   </div>
   <div class='ocr_carea' id='block_1_95' title="bbox 2122 4633 3666 4720">
    <p class='ocr_par' dir='ltr' id='par_1_95' title="bbox 2122 4646 3666 4720">
     <span class='ocr_line' id='line_1_95' title="bbox 2122 4646 3666 4720; baseline 0.003 -22"><span class='ocrx_word' id='word_1_658' title='bbox 2122 4646 2447 4717; x_wconf 78' lang='grc' dir='ltr'>πρόσταγμα</span> <span class='ocrx_word' id='word_1_659' title='bbox 2499 4647 2637 4717; x_wconf 80' lang='grc' dir='ltr'>μετὰ</span> <span class='ocrx_word' id='word_1_660' title='bbox 2697 4648 2914 4701; x_wconf 86' lang='grc' dir='ltr'>πάντων</span> <span class='ocrx_word' id='word_1_661' title='bbox 2975 4647 3128 4720; x_wconf 86' lang='grc' dir='ltr'>ὑμῶν</span> <span class='ocrx_word' id='word_1_662' title='bbox 3162 4690 3177 4713; x_wconf 90' lang='grc'><strong>,</strong></span> <span class='ocrx_word' id='word_1_663' title='bbox 3246 4647 3666 4719; x_wconf 75' lang='grc' dir='ltr'>φιλοκαλώτατοι,</span> 
     </span>
    </p>
   </div>
   <div class='ocr_carea' id='block_1_96' title="bbox 2115 4737 2885 4809">
    <p class='ocr_par' dir='ltr' id='par_1_96' title="bbox 2115 4737 2885 4809">
     <span class='ocr_line' id='line_1_96' title="bbox 2115 4737 2885 4809; baseline 0.004 -21"><span class='ocrx_word' id='word_1_664' title='bbox 2115 4737 2388 4806; x_wconf 80' lang='grc' dir='ltr'>ἀγαπητοὶ</span> <span class='ocrx_word' id='word_1_665' title='bbox 2415 4737 2649 4807; x_wconf 73' lang='grc' dir='ltr'>ἀδελφοί.</span> <span class='ocrx_word' id='word_1_666' title='bbox 2696 4739 2885 4809; x_wconf 79' lang='grc' dir='ltr'>Ἀμήν.</span> 
     </span>
    </p>
   </div>
  </div>
