3810 6216
1469 243 2124 304 ANACEPIIALEOSIS.

145 473 2535 494 Mm,
2129 473 2149 474 ί
2206 473 2234 474 ““
2259 473 3126 500 ἠ-Ι-κκο-π
3143 477 3342 506 ‘mn

859 618 1087 705 ΤΟΥ
1159 620 1302 704 ΕΝ
1377 619 1750 705 ΑΓΙΟΙΣ
1805 621 2272 710 ΠΑΤΡΟΣ
2312 625 2638 713 ΗΜΩΝ

1067 810 1074 816 ’
1127 810 2378 985 ΕΠΙΦΑΝΙΟΥ

955 1063 2557 1208 ΑΝΑΚΕΦΑΛΑΙΩΣΙΣ.

753 1463 756 1466 ’
845 1437 1004 1594 s.
1113 1445 1284 1597 P.
1407 1355 1628 1595 N.

1802 1446 2680 1646 LPIPHANII

1092 1732 1463 1848 ANAC
1490 1734 2402 1852 EPHALZEO‘SIS

383 1957 568 2018 SIVE
595 1954 876 2018 EORUM
911 1955 1092 2028 QUAE
1126 1957 1208 2018 ΙΝ
1241 1955 1598 2016 PANARIO
1633 1951 1870 2017 DICTA
1908 1957 2107 2017 SUNT
2140 1959 2420 2020 SUMMA
2461 1959 3112 2023 COMPREHENSIO.

194 2122 286 2188 (Ex
309 2121 531 2172 editione
549 2117 752 2182 Josephi
779 2117 942 2167 Maria
967 2118 1227 2190 cardinaljs
1251 2117 1497 2190 Thomasii
1533 2118 1585 2164 ln
1613 2113 1996 2190 institutique”
2025 2115 2331 2190 theologia-3,
2353 2126 2489 2179 parte
2513 2133 2562 2180 ιι,
2585 2119 2748 2169 denuo
2773 2127 3074 2172 recensente
3095 2121 3321 2174 Antonio

1158 2179 1417 2228 Fraucisco
1445 2177 1638 2227 Vezzosi
1659 2177 1712 2228 Ο.
1743 2177 1800 2226 Β.
1835 2178 2001 2227 Romae
2025 2177 2162 2240 1769,
2187 2177 2241 2228 in
2263 2179 2335 2242 4.)

1722 2316 1792 2326 .-

212 2400 535 2469 Ἐπειδήπερ
589 2397 848 2467 μέλλομεν
901 2397 1030 2466 ὑμῖν
1081 2396 1149 2448 τά
1186 2411 1246 2447 τε
1297 2397 1541 2466 ὀνόματα
1593 2397 1697 2450 τῶν

1879 2401 2094 2470 1109
2127 2399 2396 2466 Quoniam
2437 2401 2717 2456 haereseon
2759 2401 3004 2456 omnium
3033 2401 3254 2456 nomina
3289 2401 3381 2457 de-

140 2494 382 2564 ιιξρέσεων
411 2489 626 2560 δηλοῦν,
651 2490 748 2550 τάς
779 2504 838 2540 τε
861 2488 989 2558 παρ’
1017 2487 1200 2549 αὐτοῖς
1230 2485 1522 2556 ἀθεμίτους
1555 2489 1698 2559 πρά-

139 2587 238 2653 ξεις
269 2582 666 2638 ἀνακαλύπτειν
695 2581 880 2650 ὥσπερ
921 2581 1030 2643 ίοὺς
1069 2580 1162 2632 καὶ
1190 2579 1486 2650 δηλητήρια
1539 2580 1696 2635 ὄνταο

141 2676 226 2728 σὺν
255 2675 435 2736 αὐτοῖς
468 2673 524 2724 δὲ
555 2672 671 2742 ἅμα
707 2671 803 2722 καὶ
855 2670 1159 2742 ἀντιδότους
1189 2671 1536 2741 ἐφαρμόσαι,
1573 2671 1700 2724 ἀλε-

139 2767 410 2838 ξητηρίους
445 2765 543 2834 μὲν
583 2763 690 2816 τῶν
733 2762 1077 2834 δεδηγμένων
1099 2803 1115 2828 ,
1155 2761 1702 2833 προκαταληπτικοὺς

137 2858 188 2912 δὲ
239 2857 342 2910 τῶν
379 2856 682 2926 μελλόντων
729 2855 810 2918 είς
855 2854 1011 2908 τοῦτο
1040 2853 1337 2923 ἐμπίπτειν
1367 2869 1380 2880 ·
1429 2853 1700 2924 Πανάριον

141 2949 276 3020 (γάρ)
309 2967 359 3001 τι
389 2992 403 3014 ,
445 2949 614 3019 ἡγουν
655 2944 905 3000 κιϐώτιον
935 2944 1176 3015 ἰατρικὸν
1203 2945 1277 3014 (4)
1311 2943 1420 2997 τῶν
1447 2944 1703 3016 θηριοδή-

139 3057 268 3094 κτων
321 3039 766 3110 ὲρμηνεύσομεν,
849 3033 1039 3105 ὄτιπέρ
1098 3034 1214 3088 ἐστί
1269 3051 1319 3088 τι
1374 3035 1573 3105 βιϐλίον
1615 3037 1701 3088 διὰ

137 3129 286 3200 τριῶν
318 3128 668 3201 συγγραφὲν,
699 3126 821 3198 ἔχον
873 3127 1112 3197 αἱρέσεις
1154 3125 1484 3197 ὀγδοήκοντα
1503 3141 1519 3157 ⁸
1559 3127 1700 3180 αἴτι-

139 3239 215 3284 νες
265 3223 340 3284 είς
384 3220 592 3292 Θηρίων
627 3220 660 3292 ἢ
691 3217 934 3292 ἑρπετῶν
985 3219 1282 3288 αἰνίγματά
1335 3220 1468 3270 εἰσι·
1523 3219 1619 3290 μία
1645 3217 1702 3271 δὲ

141 3313 263 3384 μετὰ
307 3313 406 3377 τὰς
465 3313 794 3384 ὀγδοήκοντα
844 3313 876 3382 ἠ
917 3311 1019 3380 τῆς
1061 3310 1319 3381 ἀληθείας
1378 3309 1532 3380 βάσις
1584 3311 1700 3380 ἅμα

141 3407 223 3458 καὶ
247 3405 560 3459 διδασκαλία
603 3406 870 3475 σωτήριος
913 3403 1265 3473 πραγματεία
1287 3442 1300 3466 ,
1336 3404 1428 3455 καὶ
1461 3401 1698 3473 Χριστοῦ

139 3496 306 3568 νύμφη
331 3498 464 3565 ἁγία
509 3496 820 3567 Ἐκκλησία,
851 3491 986 3548 οὖσα
1021 3495 1118 3563 μὲν
1143 3495 1238 3546 ἀπ’
1269 3493 1463 3556 αίῶνος
1486 3534 1499 3554 ,
1531 3493 1617 3545 διὰ
1643 3493 1700 3544 δὲ

140 3591 225 3658 τῆς
263 3589 525 3658 ὲνσάρκου
561 3586 794 3658 Χριστοῦ
845 3585 1152 3655 παρουσίας
1189 3584 1326 3654 μετὰ
1376 3583 1472 3654 τὴν
1525 3584 1718 3636 mar.-.

141 3677 228 3747 χὴν
269 3678 358 3730 τοῦ
387 3679 582 3748 χρόνον
617 3677 780 3747 μέρος
811 3678 825 3706 ¹
855 3676 962 3728 τῶν
992 3675 1404 3746 προειρημένων
1431 3675 1699 3746 αἱρέσεων

1808 2495 2070 2548 claranda
2115 2494 2271 2548 vobis
2319 2493 2424 2548 hoc
2459 2493 2513 2547 in
2539 2494 2679 2548 libro
2709 2495 3078 2564 suscepimus,
3126 2510 3227 2550 nec
3271 2511 3380 2549 non

1803 2585 2144 2640 exsecranda
2201 2599 2267 2639 ac
2323 2583 2536 2639 nefaria
2591 2584 2812 2638 illarum
2863 2584 3064 2655 ﬂagitia
3123 2593 3381 2655 tanquam

1804 2676 2233 2745 praesentissima
2259 2676 2508 2746 quaedam
2536 2692 2740 2730 venena
2765 2675 3072 2746 patefacere
3095 2677 3380 2740 volumus;

1805 2775 1971 2837 alque
2019 2767 2105 2822 his
2157 2767 2305 2822 velut
2355 2767 2601 2820 antidota
2641 2766 2890 2836 qua-dam
2921 2781 3214 2836 opponere,
3255 2781 3376 2840 quae

1803 2859 1888 2912 vel
1921 2858 1987 2912 iis
2017 2859 2111 2928 qui
2140 2873 2328 2912 morsu
2359 2858 2510 2927 petiti
2547 2866 2676 2913 sunt
2706 2856 2946 2912 remedio
2982 2871 3104 2912 esse
3135 2859 3367 2927 possint,

1803 2947 1886 3002 vel
1913 2962 2028 3012 eos,
2059 2947 2257 3016 quibus
2285 2961 2352 3000 ne
2381 2945 2625 3001 incidant
2663 2947 2965 3016 periculum
2999 2954 3104 3013 est,
3137 2961 3374 3017 praemu-

1803 3039 1960 3094 niant
1995 3055 2058 3094 ac
2089 3049 2412 3094 conservent
2443 3058 2456 3094 :
2490 3037 2784 3094 Panarium
2830 3037 2944 3093 sive
2980 3040 3220 3093 arculam
3261 3056 3375 3093 me-

1807 3131 2012 3198 dicam,
2046 3131 2112 3185 ad
2138 3145 2327 3185 eorum
2354 3131 2449 3200 qui
2474 3146 2503 3184 a
2529 3129 2880 3200 serpentibus
2905 3129 3000 3184 icti
3034 3140 3160 3185 sunt
3199 3147 3379 3186 reme-

1803 3224 1976 3289 dium,
2025 3223 2148 3292 jure
2176 3237 2314 3292 opus
2345 3221 2476 3276 illud
2516 3237 2579 3276 ac
2611 3222 2810 3276 librum
2849 3222 3378 3292 interpretabimur:

1802 3317 1895 3387 qui
1931 3316 1984 3370 in
2021 3324 2133 3370 tres
2166 3323 2350 3384 partes
2389 3313 2600 3370 divisus
2643 3315 2879 3370 haereses
2917 3315 3192 3384 octoginta
3224 3328 3377 3368 com-

1802 3408 2082 3478 plectitur,
2108 3423 2228 3478 quac
2260 3416 2572 3476 serpentum
2607 3423 2670 3462 ac
2691 3408 2964 3477 reptilium
2993 3407 3200 3462 similes
3225 3413 3371 3460 sunt.

1803 3501 2115 3554 Secundum
2151 3514 2288 3569 quas
2319 3499 2569 3554 veritatis
2603 3499 3025 3562 ﬁrmamentum,
3057 3505 3129 3566 ~et
3167 3498 3374 3554 saluta-

1801 3593 1879 3646 ris
1931 3591 2202 3657 doctrina,
2267 3589 2500 3660 ﬁdeique
2554 3591 2786 3644 formula
2847 3589 3090 3658 subjecta
3142 3598 3258 3654 est,
3313 3604 3376 3644 ac

1783 3681 2005 3738 ‘Christi
2045 3698 2266 3753 sponsa,
2303 3691 2491 3737 sancta
2523 3681 2774 3736 videlicet
2804 3682 3050 3736 Ecclesia
3073 3681 3374 3736 declarala.

138 3767 598 3836 ἁποκαλυφθείσα,
635 3769 727 3820 καὶ
777 3767 867 3836 ὑφ’
915 3767 1072 3837 ἡμῶν
1117 3767 1174 3819 ὲν
1208 3767 1562 3836 ὑπομνήμασι
1613 3765 1697 3818 διὰ

1805 3773 1935 3840 Qua:
1985 3789 2106 3828 cum
2145 3774 2259 3843 jam
2300 3781 2414 3828 tum
2448 3774 2516 3828 ab
2545 3773 2676 3828 orbe
2703 3774 2926 3828 condito
2967 3788 3090 3828 esse
3126 3774 3377 3842 ceperit,

140 3857 222 3910 τοῦ
259 3860 608 3930 κηρύγματος
635 3857 727 3911 τοῦ
781 3858 1016 3930 Χριστοῦ
1055 3857 1315 3928 ταχθεῖσα
1340 3871 1354 3886 ⁸
1399 3858 1493 3910 καὶ
1537 3855 1698 3910 πάλιν

143 3954 266 4020 μετὰ
296 3953 474 4015 πάσας
505 3953 606 4015 τὰς
638 3953 744 4004 τῶν
798 3951 1060 4021 αἱρέσεων
1105 3949 1316 4010 ,τούτων
1371 3949 1696 4020 μοχθηρίας,

140 4043 205 4106 ὡς
223 4043 496 4114 ἀναψυχὴν
515 4043 622 4096 τῶν
650 4043 738 4096 τὸν
772 4043 1016 4111 κάματον
1037 4041 1144 4093 τῶν
1167 4040 1429 4112 αἱρέσεων
1461 4040 1550 4092 διὰ
1597 4039 1697 4109 τῆς

138 4134 480 4202 ἀναγνώσεως
501 4134 834 4196 διελθόντων,
861 4135 950 4202 tip’
979 4134 1006 4185 ὑ
1016 4132 1131 4204 μῶν
1165 4134 1280 4202 μετ’
1309 4131 1580 4202 ἐπιτομῆς
1601 4129 1694 4183 τοῦ

139 4224 280 4292 λόγου
308 4226 450 4279 κατὰ
496 4227 596 4296 τὴν
625 4225 731 4278 τῶν
773 4224 1084 4278 ἀποστόλων
1135 4223 1480 4277 διδασκαλίαν
1511 4223 1698 4291 σαφῶς

140 4318 579 4386 ἀπαγγελθεῖσαν.
615 4319 992 4388 Παρακαλεῖτε
1030 4318 1047 4346 ⁸
1075 4316 1132 4368 δὲ
1163 4316 1362 4378 πάντες
1392 4317 1440 4368 οἱ
1477 4315 1698 4383 φιλοκά-

138 4407 235 4472 λοις
260 4411 277 4440 ⁸
311 4412 755 4480 ἐντυγχάνοντες,
789 4408 864 4478 τῷ
891 4426 950 4460 τε
983 4409 1254 4479 προοιμίῳ
1289 4409 1383 4460 κα)¹
1415 4409 1533 4469 ταῖς
1568 4421 1698 4476 μετ-

140 4499 310 4556 ἔπειτα
357 4503 624 4574 αἱρέσεσι,
661 4502 752 4554 καὶ
797 4503 870 4572 τῇ
921 4500 1058 4571 ὑπὲρ
1087 4501 1185 4570 τῆς
1223 4499 1475 4569 ἀληθείας
1507 4499 1698 4569 ὁμολο-

141 4589 221 4660 γία
241 4608 296 4644 τε
325 4593 418 4644 καὶ
440 4590 755 4660 διδασκαλίᾳ
784 4591 880 4659 τῆς
921 4589 1204 4658 ἀληθείας,
1251 4589 1346 4641 καὶ
1391 4588 1567 4640 πίστει
1592 4587 1692 4656 τῆς

143 4681 282 4748 ἁγίας
307 4683 596 4752 καθολικῆς
637 4681 980 4752 Ἐκκλησίας.

1806 3878 1993 3938 postea
2043 3875 2225 3920 tamen
2285 3882 2378 3935 per
2433 3863 2636 3921 Christi
2681 3865 2896 3919 Domini
2943 3865 3377 3920 incarnationem

1805 3965 2109 4026 temporum
2142 3957 2494 4012 successione
2530 3965 2655 4010 ante
2692 3962 3147 4010 commemoratas
3189 3969 3379 4009 omnes

1803 4045 2038 4101 haereses
2073 4047 2290 4115 vulgata
2325 4054 2486 4115 atque
2513 4045 2806 4114 patefacta,
2833 4044 3133 4114 eademque
3159 4059 3188 4097 a
3217 4043 3379 4096 nobis

1803 4135 1858 4190 in
1894 4136 2317 4190 commentarios
2354 4151 2420 4189 ex
2467 4134 2670 4189 Christi
2727 4134 3112 4204 praedicatione
3162 4133 3373 4188 relata:

1801 4241 1866 4280 ac
1919 4239 2140 4278 rursum
2187 4233 2310 4294 post
2357 4223 2676 4293 explicatam
2709 4223 2923 4292 1110
2970 4237 3187 4276 omnem
3245 4223 3375 4276 ista-

1803 4309 1924 4371 rum
1951 4315 2232 4370 luereseon
2265 4316 2692 4384 improbitatem,
2725 4332 2790 4370 ex
2819 4315 3186 4384 apostolorum
3216 4313 3378 4369 disci-

1801 4409 1948 4477 plina
1977 4416 2231 4462 accurate
2262 4422 2325 4462 ac
2360 4407 2646 4477 perspicue
2673 4407 2822 4461 brevi
2849 4404 3084 4477 quodam
3120 4411 3204 4459 est
3225 4419 3377 4458 com-

1803 4498 2006 4568 pendio
2045 4500 2334 4569 subjecta;
2372 4500 2450 4554 uti
2486 4515 2550 4553 ea
2594 4514 2654 4554 re
2698 4499 2913 4553 illorum
2957 4505 3274 4552 recreentur
3310 4511 3376 4550 ac

1797 4589 2115 4644 reﬁciantur
2162 4591 2353 4657 animi,
2385 4591 2478 4660 qui
2515 4591 2660 4644 hunc
2709 4590 2989 4645 haereseon
3045 4603 3375 4658 percurren-

1797 4677 1992 4733 darum
2024 4681 2262 4734 laborem
2296 4679 2658 4749 susceperint.
2697 4677 2869 4732 Porro
2917 4691 3014 4731 vos
3048 4689 3238 4730 omnes
3278 4673 3376 4726 ho-

143 4787 396 4830 nestarum
427 4793 606 4831 rerum
645 4776 874 4830 studiosi
905 4777 1132 4828 lectores
1161 4784 1379 4844 rogatos
1408 4773 1677 4834 volumus,
1711 4781 1770 4827 ut
1807 4765 2224 4844 et'procemium
2264 4775 2464 4844 ipsum,
2528 4781 2582 4827 et
2643 4771 3043 4841 insequentium
3093 4770 3372 4822 luereseon

141 4872 538 4941 expositionem,
577 4887 642 4926 ac
680 4871 925 4926 veritatis
961 4869 1364 4940 professionem
1395 4876 1449 4922 ct
1480 4869 1810 4934 doctrinam,
1847 4885 1912 4925 ac
1943 4879 2147 4927 sanctae
2200 4879 2252 4926 et
2318 4870 2600 4924 catholica:
2647 4867 2906 4924 Ecclesiae
2952 4866 3110 4920 ﬁdem
3174 4878 3203 4916 a
3271 4877 3371 4914 no-

141 4960 214 5014 bis
233 4977 544 5030 expressam
579 4975 896 5030 percurrere
921 4961 1120 5016 velitis.

204 5095 218 5124 '
251 5092 307 5147 F.
347 5095 502 5164 μετά.
579 5097 598 5126 ³
635 5094 695 5148 F.
727 5093 1151 5162 παρακαλεῖσθε.

201 5250 270 5321 (4)
293 5249 569 5321 Κιϐῴτιον
590 5251 874 5317 ἰατρικόν.
901 5249 1162 5321 Adltibito
1195 5249 1582 5321 similitudinis
1609 5249 1694 5302 in-

139 5319 364 5382 voluero,
398 5319 644 5382 Panarii,
678 5321 836 5389 cujus
860 5320 1244 5388 compendium
1272 5333 1325 5375 et
1353 5320 1689 5374 breviarium

141 5389 288 5459 veluti
333 5392 602 5459 quoddam
637 5399 723 5444 est
769 5405 1006 5456 praesens
1044 5389 1556 5458 ἀνακεφαλαίωσις,
1593 5405 1692 5442 no-

144 5457 214 5528 bis
257 5457 363 5512 illic
403 5460 577 5525 aperit
627 5461 978 5528 Epiphanius.
1025 5457 1445 5516 Hisce/similia
1486 5459 1690 5514 videsis

143 5525 188 5578 in
219 5543 276 5581 ea
311 5528 550 5601 Epistola
604 5525 952 5583 ad'A'catium
987 5539 1038 5584 et
1077 5530 1304 5583 Paulum
1337 5531 1685 5601 presbyteros,

143 5609 286 5670 quam
339 5601 574 5654 Panario
627 5601 954 5670 prannisiss‘e
1015 5601 1374 5670 Epiphanium
1451 5609 1686 5655 constat.

143 5665 390 5724 Caeterum
424 5672 489 5725 de
521 5665 870 5737 usurpatione
923 5665 1076 5728 vocis
1117 5665 1396 5728 haereseos
1445 5671 1502 5724 in
1539 5671 1690 5726 hisce

1244 5093 1264 5124 ³
1295 5109 1386 5160 γρ.
1427 5091 1772 5163 φιλοκάλους,
1815 5093 1910 5149 sed
1947 5093 2099 5146 locus
2133 5107 2325 5162 parum
2362 5092 2630 5147 sincerus.

1800 5245 2098 5317 Epiphanii.
2121 5247 2341 5316 scriptis
2379 5245 2492 5317 ;_de
2519 5245 2806 5317 ihasresum‘
2841 5245 3133 5317 partitione
3162 5285 3177 5309 ,
3218 5245 3370 5313 ejus-

1799 5315 2139 5388 que‘ivitiis;
2175 5315 2328 5388 etde
2375 5315 2622 5388 ejusdem
2671 5315 2982 5388 partitionis
3026 5315 3368 5388 discrimine,

1799 5385 1945 5458 quod
1975 5387 2216 5442 occurrit
2250 5387 2389 5440 inter
2419 5385 2712 5458 Patimij
2738 5425 2764 5458 ,γ
2782 5397 2834 5438 et
2861 5385 3369 5458 Anpaceplialwosim,

1798 5454 2167 5512 consulendus
2201 5472 2310 5526 prae
2341 5457 2552 5510 caeteris
2587 5454 2839 5526 Petavius
2871 5456 2974 5510 sub
3003 5456 3216 5511 initium
3245 5457 3369 5525 pul-

1799 5525 2212 5583 cherrimarum
2255 5542 2477 5583 suarum
2539 5527 2606 5580 ad
2675 5525 2971 5579 Panarium
3023 5527 3372 5581 animadver-

1799 5599 2036 5655 sionem.
