3854 6376
178 296 300 350 8ὖῖ

1511 299 2173 360 ANACEPHALIEOSIS.

3343 316 3451 374 858

180 409 358 472 ποιοί,
407 407 724 481 Ὠριγένειοι
779 411 830 462 οἱ
865 409 961 464 καὶ
991 409 1086 463 τοῦ
1108 393 1495 482 ⁸Ἀδαμαντίου
1516 430 1529 444 ο
1562 415 1769 470 Παύλου

1878 422 2010 474 tiani
2074 425 2165 491 qui
2209 422 2262 476 ir.
2320 422 2551 494 (Egypto
2602 424 2842 480 schisma
2893 425 3447 485 conﬂaruntzAriani

178 498 283 552 τοῦ
303 499 719 570 Σαμωσατέως,
749 501 1039 571 Μανιχαῖοι
1084 503 1133 554 οἱ
1167 501 1262 556 καί
1296 503 1638 570 Ἀκωανῖται,
1681 507 1776 559 ἰε-

182 589 434 657 ρακῖται,
461 588 782 642 Μελετιανοὶ
815 591 864 643 οἱ
904 593 1024 644 κατ’
1054 592 1325 660 Αἴγυπτον
1367 595 1570 665 σχίσμα
1601 597 1773 662 ὄντες,

192 681 476 751 Ἀρειανοὶ
501 683 548 734 οἱ
573 683 671 734 καὶ
705 682 1129 753 Ἀρειομανῖται,
1159 685 1436 740 Αῦδιανῶν
1461 686 1521 739 τὸ
1548 687 1773 758 σχίσμα,

175 772 575 836 Φωτεινιανοὶ,
610 771 1036 842 Μαρκελλιανοὶ,
1079 773 1386 845 Ἦμιάρειοι
1413 814 1428 835 ,
1459 777 1774 846 Πνευματο-

180 863 353 930 μάχοι
394 863 443 913 οἱ
480 861 542 913 τὸ
569 860 722 928 ἆγιον
754 860 978 931 Πνεῦμα
1013 861 1104 914 τοῦ
1136 862 1270 915 Θεοῦ
1307 862 1771 934 βλασφημοῦντες·

191 951 496 1022 Ἀεριανοὶ,
533 953 798 1006 Ἀετιανοὶ
830 954 878 1004 οἱ
909 952 1004 1006 καὶ
1043 953 1309 1024 Ἀνόμοιοι
1335 995 1351 1018 ,
1386 950 1466 1019 οἱς
1502 959 1771 1010 συνάπτε-

178 1045 574 1113 ταιἊνόμοιος
597 1044 637 1095 ¹.
669 1046 975 1113 Διμοιρῖται
1007 1046 1054 1097 οἱ
1082 1045 1157 1116 μὴ
1183 1045 1394 1101 τελείαν
1416 1048 1514 1116 τὴν
1534 1048 1768 1118 Χριστοῦ

179 1134 606 1205 ὲνανθρώπησιν
644 1133 1030 1204 ὁμολογοῦντες
1057 1175 1070 1196 ,
1111 1138 1159 1188 οἱ
1204 1139 1298 1190 καὶ
1336 1138 1768 1209 Ἀπολιναρῖται·

178 1230 232 1280 οἱ
269 1229 365 1280 καὶ
393 1227 492 1298 τὴν
523 1226 686 1294 ἁγίαν
728 1227 948 1297 Μαρίαν
980 1225 1076 1296 τὴν
1122 1227 1478 1298 ἁειπάρθενον
1525 1229 1772 1297 λέγοντες

183 1319 367 1389 μετὰ²
405 1319 498 1370 τὸν
535 1317 762 1388 Σωτῆρα
795 1317 1282 1388 γεγεννηκέναιτῷ
1322 1319 1517 1389 Ἰωσὴφ
1569 1320 1773 1389 συνῆφ-

179 1410 297 1472 Θαι,
329 1409 586 1471 οῦστινας
614 1408 949 1476 ἐκαλέσαμεν
969 1408 1578 1480 Ἀντιδικομαριανίτας”
1604 1412 1695 1463 καὶ
1721 1412 1770 1464 οἱ

179 1503 266 1562 εἰς
286 1502 464 1570 ὄνομα
493 1499 594 1570 τῆς
623 1500 794 1570 αὐτῆς
827 1499 1046 1569 Μαρίας
1065 1500 1163 1569 τῆς
1198 1499 1464 1552 Θεοτόκου
1489 1501 1770 1572 κολλυρίδα

177 1589 630 1660 προσφέροντες,
679 1587 727 1642 οἳ
779 1586 1071 1640 καλοῦνται
1123 1587 1528 1658 Κολλυριδιανοί
1561 1607 1573 1621 ·
1613 1591 1768 1642 Μασ-

181 1676 435 1730 σαλιανοὶ
456 1716 472 1739 ,
502 1673 583 1738 οἷς
623 1675 984 1729 συνάπτονται
1019 1676 1420 1746 Μαρτυριανοὶς
1454 1677 1502 1730 οἱ
1529 1677 1638 1729 ἀπὸ
1658 1677 1768 1730 τῶν

189 1771 470 1842 Ἐλλήνων
497 1770 592 1823 καὶ
621 1769 930 1839 Εὐφημῖται
956 1769 1050 1822 καὶ
1084 1769 1386 1822 Σατιανοίδ.

273 1859 549 1914 Ἐπανιὼν
601 1859 658 1912 δὲ
709 1855 885 1925 αὖθις,
930 1860 1025 1912 καὶ
1055 1859 1242 1912 διελὼν
1290 1859 1491 1923 ταύτας
1522 1860 1661 1913 κατὰ
1691 1859 1770 1931 βι-

177 1951 359 2014 ϐλίον,
395 1948 660 2016 ὑποδείξω
691 1949 748 2002 ὲν
779 1948 950 2020 ταύτῃ
981 1952 1048 2020 τῇ
1093 1949 1583 2018 ἁνακεφαλαιώσει,
1607 1953 1768 2007 πόσαι

181 2042 400 2095 τούτων
449 2041 558 2093 τῶν
591 2040 922 2111 ὁγδοήκοντα
971 2041 1234 2111 αἱρέσεων
1264 2043 1320 2094 ὲν
1347 2040 1426 2112 τῷ
1461 2041 1660 2113 πρώτῳ
1691 2042 1770 2113 βι-

178 2132 320 2202 ϐλίῳ
377 2132 474 2184 καὶ
511 2130 744 2200 καθεξῆς
795 2131 854 2183 ὲν
886 2130 962 2201 τῷ
1006 2131 1240 2202 δευτέρῳ
1283 2131 1388 2195 ἕως
1419 2132 1514 2185 τοῦ
1553 2134 1766 2204 τρίτου·

179 2223 322 2278 ἀλλὰ
358 2223 454 2276 καὶ
482 2222 601 2275 καθ’
627 2222 854 2274 ἕκαστον
881 2221 988 2274 τῶν
1022 2222 1160 2275 ἑπτὰ
1192 2223 1374 2292 τόμων
1406 2224 1512 2276 τῶν
1541 2226 1598 2276 ὲν
1625 2226 1770 2295 τρισὶ⁸

182 2315 417 2385 βιϐλίοις
448 2313 916 2383 συντεταγμένων,
946 2313 1108 2366 πόσαι
1142 2313 1279 2366 είσ¹ιν
1304 2314 1360 2366 ἐν
1393 2314 1570 2384 ἑαυτῷ
1602 2315 1623 2345 δ
1666 2333 1772 2385 χω-

185 2405 466 2479 ρισθεῖσαι
498 2403 761 2474 αἱρέσεις.
815 2405 923 2456 Καὶ
970 2402 1116 2457 ἔστιν
1163 2403 1355 2468 οῦτως·
1404 2405 1491 2457 Ἐν
1545 2405 1642 2475 μὲν
1691 2404 1770 2476 τῷ

180 2496 394 2570 πρώτῳ
437 2494 627 2565 βιϐλίῳ
684 2495 840 2564 τόμοι
882 2496 1049 2564 τρεῖς,
1084 2495 1324 2565 αἱρέσεις
1364 2495 1770 2565 τεσσαράκοντα

180 2591 266 2658 ἒξ,
301 2590 401 2643 σὺν
463 2591 581 2650 ταῖς
622 2586 937 2656 ὀνομασίαις
989 2587 1213 2650 τούτων,
1259 2586 1402 2656 φημὶ
1446 2587 1503 2640 δὲ
1553 2588 1770 2660 Βαρϐα-

184 2679 408 2750 ρισμδν,
464 2678 559 2731 καὶ
591 2675 916 2745 Σκυθισμὸν,
952 2675 1046 2728 καὶ
1089 2675 1460 2746 Ἐλληνισμὸν,
1496 2677 1591 2731 καὶ
1642 2679 1770 2731 Ἰου-

178 2769 442 2840 δαῖσμὺν,
478 2768 572 2821 καὶ
604 2766 1059 2836 Σαμαρειτισμόν.
1111 2766 1198 2818 Ἐν
1225 2765 1280 2819 δὲ
1311 2766 1389 2836 τῷ
1421 2767 1659 2838 δευτέρῳ
1692 2768 1771 2838 βι-

182 2861 324 2931 ϐλίῳ
372 2861 530 2931 τόμοι
573 2859 685 2924 δύο,
733 2859 974 2929 αἱρέσεις
1019 2857 1190 2912 εἴκοσι
1237 2863 1407 2930 τρεῖς.
1467 2861 1554 2914 Ἑν
1594 2862 1651 2914 δὲ
1693 2861 1770 2933 τῷ

183 2953 359 3023 τρίτῳ
400 2950 590 3020 βιϐλίῳ
628 2949 781 3019 τόμοι
830 2948 942 3013 δύο,
1005 2949 1244 3019 αἱρέσεις
1293 2951 1501 3004 ἕνδεκα.
1567 2951 1655 3005 Ἐν
1693 2953 1770 3024 τῷ

181 3041 282 3098 οὖν
313 3043 517 3116 πρώτῳ
547 3041 752 3111 βιϐλίῳ,
776 3039 977 3112 πρώτῳ
1002 3042 1428 3115 τόμῳ,αἱρέσεις
1454 3042 1522 3107 κ’,
1544 3045 1605 3097 αἴ
1633 3046 1768 3098 εἰσιν

184 3134 339 3188 αἵδε·
392 3129 798 3201 Βαρϐαρισμδς,
846 3129 1181 3200 Σκυθισμὺς,
1225 3132 1593 3204 Ἑλληνισμὸς,
1643 3136 1772 3188 ἰου⁸

185 3225 442 3295 δαῖσμός.
487 3223 751 3292 Ἑλλήνων
796 3221 1068 3293 διαφοραὶ,
1110 3223 1485 3298 Πυθαγόρειοι,
1521 3228 1689 3297 ἤγουν
1721 3229 1768 3280 οἱ

187 3313 641 3387 Περιπατητικοὶ,
688 3312 1046 3372 Πλατωνικοὶ,
1084 3314 1330 3376 Στωϊκοὶ,
1383 3316 1766 3386 Ἐπικούρειοι.

185 3404 564 3478 Σαμαρειτικὴ
613 3403 820 3475 αἵρεσις
869 3406 902 3475 ἡ
950 3400 1084 3457 οὖσα
1137 3406 1200 3457 ὲκ
1250 3406 1345 3458 τοῦ
1414 3408 1767 3478 Ἰουδαῖσμοῦ.

189 3495 549 3568 Σαμαρειτῶν
603 3495 728 3566 ἔθνη
768 3495 1007 3566 τέσσαρα
1056 3494 1248 3560 οὕτως·
1304 3497 1549 3568 Γοραινοὶ
1592 3501 1635 3563 ⁸,
1672 3501 1769 3551 Σε-

188 3589 434 3652 ϐουαῖοι,
515 3588 794 3657 Ἐσσηνοὶ,
831 3587 1089 3641 Δοσίθεοι.
1141 3589 1408 3642 Ἰουδαίων
1452 3591 1694 3662 αἱρέσεις
1723 3592 1768 3656 ζ’

186 3680 382 3742 οὕτως·
430 3680 797 3750 Γραμματεῖς,
850 3679 1151 3748 Φαρισαῖοι,
1201 3680 1566 3746 Σαδδουκαῖοι,
1607 3683 1771 3752 Ἡμε-

193 3771 578 3843 ροϐαπτισταὶ,
639 3770 898 3832 Ὀσσαῖοι,
929 3770 1251 3840 Νασαραῖοι,
1297 3772 1632 3842 Ἥρωδιανοί.
1682 3774 1770 3827 Ἐν

189 3865 245 3918 δὲ
278 3862 358 3932 τῷ
406 3861 641 3932 δευτέρῳ
669 3861 818 3930 τόμῳ
863 3858 958 3912 τοῦ
1010 3860 1226 3930 πρώτου
1264 3862 1468 3931 βιϐλίου
1510 3863 1770 3929 ὡσαύτως

189 3956 435 4024 αἱρέσεις
478 3961 542 4022 ιγ’
593 3953 798 4015 οὕτως’
830 3953 1177 4022 Σιμωνιανοὶ,
1212 3955 1632 4026 Μενανδριανοὶ,
1664 3958 1769 4008 Σα-

187 4046 534 4116 τορνιλιανοὶ,
572 4043 950 4107 Βασιλιδιανοὶ,
1001 4043 1340 4106 Νικολαῖται,
1385 4048 1678 4100 Γνωστικοὶ
1721 4050 1769 4101 οἱ

190 4139 285 4190 καὶ
316 4136 727 4208 Στρατιωτικοὶ,
763 4136 856 4188 καὶ
895 4136 1204 4188 Φιϐιωνῖται
1238 4139 1286 4189 οί
1314 4137 1486 4199 αὐτοὶ,
1517 4139 1666 4210 παρὰ
1713 4138 1770 4190 δέ

188 4245 302 4281 τισι
320 4227 715 4291 Σεκουνδιανοὶ,
747 4233 897 4301 παρὰ
923 4230 979 4283 δὲ
1025 4228 1201 4291 ἄλλοις
1225 4230 1582 4298 Σωκρατῖται,
1622 4230 1771 4299 παρὰ

189 4319 245 4372 δὲ
296 4319 505 4389 ἑτέροις
552 4321 808 4390 Ζακχαῖοι
865 4319 1217 4390 καλούμενοι·
1268 4320 1767 4390 Καρποκρατιανοὶ,

1877 517 1970 585 qui
1997 525 2051 572 et
2076 517 2444 594 Arionianitze,
2487 515 2862 570 Audianorum
2899 528 3068 585 secta,
3109 517 3446 589 Phatiniani,

1878 608 2236 671 Marcelliani,
2289 609 2636 668 Semiariani.
2694 607 3174 665 anunatomachi
3231 613 3323 681 qui
3391 615 3446 666 in

1894 709 2150 756 sanctum
2190 701 2279 754 Dei
2306 700 2565 770 Spiritum
2602 701 2976 755 contumeliosi
3009 712 3170 767 sunt;
3205 702 3446 764 Aeriani,

1876 792 2091 845 Aetiani
2139 793 2229 862 qui
2271 801 2325 846 et
2364 793 2634 856 Anommi,
2670 793 2871 861 quibus
2911 793 3229 863 adjungitur
3264 793 3448 848 Euno-

1877 882 2057 945 mius;
2108 881 2400 936 Dimcerita:
2452 883 2541 950 qui
2603 881 2894 950 perfectam
2945 881 3148 935 Christi
3196 883 3449 936 incarna-

1886 969 2086 1021 tionem
2130 969 2350 1022 minime
2400 970 2748 1030 conﬁtentur,
2808 971 2900 1038 qui
2947 979 3001 1024 et
3047 970 3448 1040 Apollinaristza

1885 1059 2257 1112 nominantur.
2321 1059 2457 1112 Tum
2494 1062 2582 1129 qui
2639 1059 2864 1114 Mariam
2912 1077 3125 1132 semper
3160 1064 3443 1133 virginem,

1806 1206 1811 1211 ς
1883 1156 2170 1217 postquam
2224 1149 2558 1204 Salvatorem
2613 1152 2820 1218 genuit,
2871 1169 2993 1208 cum
3045 1151 3280 1224 Josepho
3313 1171 3447 1210 con-

1879 1241 2356 1303 suevissedicunt,
2402 1257 2540 1310 quos
2583 1242 3161 1298 Autidieomarianitas
3211 1246 3446 1314 appella-

1872 1346 2014 1384 mus.
2050 1331 2180 1386 ltem
2207 1333 2298 1400 qui
2328 1327 2388 1385 in'
2417 1348 2612 1387 nomen
2647 1333 2890 1401 ejusdem
2921 1333 3104 1387 Mariae
3129 1335 3443 1405 collyridem

1871 1421 2126 1484 offerunt,
2171 1431 2223 1475 et
2266 1423 2619 1494 Collyridiani
2665 1433 2948 1480 vocantur.
3003 1424 3335 1486 Massaiiani,
3377 1427 3447 1479 ad

1871 1528 2010 1582 quos
2069 1514 2446 1584 adiunguntur
2508 1514 2869 1586 Martyriani,
2931 1517 3023 1588 qui
3079 1533 3108 1571 e
3157 1518 3442 1586 gentilium

1872 1611 2019 1658 secta
2042 1612 2095 1660 et
2121 1604 2454 1675 Euphemitae
2487 1622 2552 1660 ac
2587 1605 2850 1662 Satanici.

1937 1875 2094 1931 Nunc
2140 1878 2365 1947 repetita
2415 1879 2727 1935 narratione
2764 1889 2817 1934 et
2856 1881 2909 1934 in
2962 1881 3210 1950 singulos
3269 1881 3441 1938 libros

1872 1967 2184 2023 distributis
2221 1969 2542 2031 haeresibus,
2588 1970 2693 2024 hoc
2729 1971 2782 2023 in
2814 1971 2963 2025 brevi
2995 1972 3316 2041 compendio
3349 1974 3444 2028 de-

1871 2056 2110 2116 clarabo,
2132 2064 2389 2124 quotnam
2414 2073 2478 2110 ex
2503 2058 2610 2111 illis
2654 2074 2793 2112 Lux
2827 2059 3122 2114 lunresihus
3179 2062 3230 2114 in
3259 2065 3444 2130 priore

1871 2144 2014 2198 libro
2035 2185 2051 2208 ,
2079 2156 2211 2214 quot
2241 2146 2293 2198 in
2325 2145 2565 2200 secundo
2592 2161 2656 2200 ac
2687 2147 2846 2201 tertio
2873 2149 3256 2202 contineantur
3281 2167 3296 2216 ;
3329 2159 3440 2204 tum

1881 2237 1936 2291 in
1959 2237 2185 2306 reliquis
2206 2238 2458 2290 omnibus
2486 2247 2803 2292 caaterorum
2829 2239 3088 2292 librorum
3110 2240 3293 2298 tomis.
3313 2249 3445 2310 quot

1879 2327 2176 2396 unicuique
2229 2328 2463 2382 haereses
2501 2328 2776 2382 attributae
2813 2335 2960 2382 sunt.
3010 2327 3214 2382 Harum
3260 2331 3446 2398 itaque

1871 2420 2112 2473 omnium
2159 2419 2330 2473 series
2363 2426 2447 2472 est
2485 2418 2754 2486 ejusmodi
2785 2437 2797 2472 :
2836 2419 2893 2471 In
2926 2418 3102 2487 primo
3130 2419 3268 2473 libro
3310 2421 3442 2473 tomi

1880 2511 1978 2578 ιι
2002 2510 2264 2578 12·ιιεε
2319 2517 2468 2570 sunt,
2503 2510 2737 2564 haerescs
2791 2525 2910 2562 xm
2960 2511 3074 2563 suis
3134 2511 3446 2564 nonzinilius

1871 2609 2151 2668 conceptae.
2241 2615 2255 2650 :
2318 2599 2700 2652 Barharismus
2779 2599 3029 2652 \‘idt'iitel
3105 2615 3169 2652 ac
3234 2597 3448 2668 Scythi-

1871 2702 2048 2755 smus,
2113 2687 2494 2753 Hellenismus,
2550 2687 2865 2742 Judaismus
2903 2704 2966 2742 ac
3014 2687 3440 2744 Samaritismus.

1869 2777 1927 2833 In
1978 2779 2221 2834 secundo
2277 2780 2418 2832 lioro
2469 2779 2597 2832 tonti
2639 2779 2746 2832 duo
2795 2789 2944 2844 sunt,
2996 2780 3230 2835 haereses
3285 2796 3440 2835 χχιιι.

1873 2869 1934 2925 1η
1974 2872 2135 2925 tertio
2179 2870 2320 2925 libro
2367 2871 2500 2924 tomi
2547 2870 2694 2934 duo,
2741 2869 2975 2925 haereses
3018 2887 3096 2924 ιιι.
3142 2867 3198 2924 in
3243 2872 3444 2940 prioris

1871 2963 2054 3032 itaque
2103 2962 2225 3015 libri
2275 2969 2422 3016 tomo
2465 2962 2641 3028 primo
2685 2961 2920 3016 haereses
2962 2977 3030 3015 xx
3079 2971 3245 3016 sunt:
3292 2963 3425 3016 Bar-

1871 3053 2168 3116 barismus,
2230 3051 2610 3122 Scythismus,
2661 3052 3031 3116 (iraacismus,
3099 3051 3437 3108 Judaismus.

1872 3143 2186 3200 Graecorum
2212 3161 2378 3216 porro
2399 3144 2721 3200 discrimina
2747 3145 2851 3197 ista
2883 3152 3010 3198 sunt
3043 3162 3056 3198 :
3093 3142 3440 3214 Pythagorei,

1870 3239 1989 3295 sive
2011 3236 2388 3308 Peripatetici,
2433 3235 2723 3301 Platonici,
2775 3235 2967 3299 Stoici,
3016 3234 3291 3306 Epicurei.
3352 3237 3448 3291 Sa-

1872 3330 2124 3386 maritica
2155 3329 2379 3384 haeresis
2405 3343 2526 3398 quae
2558 3342 2586 3379 a
2611 3326 2896 3382 Judaismo
2931 3327 3171 3380 manavit
3202 3345 3215 3380 :
3249 3325 3442 3381 Sama-

1870 3421 2034 3475 ritani
2089 3430 2326 3490 quatuor
2379 3419 2433 3472 in
2488 3426 2672 3488 partes
2717 3418 3052 3482 tribuuntur,
3111 3417 3440 3482 Gorthenos,

1872 3511 2152 3573 Sebuaeos,
2207 3508 2466 3571 Essenos,
2499 3506 2810 3562 Dositheos.
2845 3505 3154 3561 Iudaeorum
3209 3508 3444 3562 han-eses

1872 3607 2078 3669 septem
2134 3617 2146 3652 :
2199 3597 2423 3658 Scribaa,
2478 3595 2760 3656 Pharisaﬁ,
2818 3596 3126 3660 Sadducmi,
3183 3595 3446 3651 Hemero—

1872 3689 2137 3758 baptistze,
2169 3685 2362 3748 Ossaei,
2410 3684 2668 3748 Nasaraei,
2725 3683 3038 3738 llerodiani.
3090 3683 3150 3738 In
3198 3687 3445 3741 secundo

1873 3791 2020 3836 tomo
2069 3778 2190 3833 libri
2256 3777 2416 3847 primi
2483 3777 2718 3830 hazreses
2761 3790 2860 3828 xm
2905 3783 3033 3830 sunt
3068 3794 3082 3830 :
3117 3776 3440 3841 Simoniani,

1873 3871 2272 3931 Menandriani,
2320 3868 2699 3932 Saturniliani,
2756 3867 3094 3934 Basilidiani,
3142 3867 3440 3934 Nicolaitm,

1871 3963 2115 4019 Guostici
2147 3961 2240 4031 qui
2275 3969 2328 4016 et
2361 3960 2659 4014 Stratiotici
2700 3975 2764 4013 ac
2808 3957 3152 4019 Phihionitaa.
3201 3959 3270 4012 ab
3317 3959 3444 4014 aliis

1871 4069 2002 4110 vero
2049 4053 2402 4114 Secundiani,
2450 4053 2518 4105 ab
2558 4051 2679 4104 aliis
2722 4048 3025 4113 Socratitze,
3063 4050 3132 4102 ab
3167 4049 3288 4103 aliis
3319 4047 3448 4102 Zac-

1873 4145 2006 4198 chmi
2059 4143 2358 4197 dicuntur:
2391 4141 2801 4208 Carpocratitae.
2853 4139 3196 4193 Cerintliiani
3247 4138 3342 4206 qui
3387 4148 3445 4192 et

1874 4232 2244 4298 Ierinthiani,
2298 4231 2561 4292 Nazarazi,
2609 4230 2869 4295 Ebionaai,
2913 4228 3203 4288 Valentini,
3237 4227 3446 4282 Secun-

1873 4326 2046 4392 diani,
2099 4325 2302 4394 quibus
2367 4323 2636 4376 accedunt
2693 4320 3000 4390 Epiphanes
3053 4327 3105 4373 et
3155 4318 3441 4375 Isidorus:

192 4410 550 4481 Κηρινθιανοὶ
596 4413 646 4464 oi
700 4413 796 4465 καί
831 4413 1205 4484 Μηρινϐιανοὶ,
1245 4411 1769 4482 Ναξαραῖοι,Ἐ6ιωο

1877 4418 2175 4473 Ptolemaei.
2215 4415 2272 4470 In
2304 4416 2464 4470 tertio
2510 4423 2685 4467 autem
2717 4422 2863 4465 torno
2895 4412 3092 4482 prioris
3125 4411 3246 4465 libri
3282 4411 3449 4467 [ian-e-

190 4508 364 4567 ναῖοι,
404 4505 776 4568 Ούαλεντῖνοι,
832 4506 1236 4569 Σεκουνδιανοὶ,
1287 4499 1364 4567 οἷς
1415 4505 1769 4558 συνάπτονται

202 4597 523 4666 Ἑπιφὰνιος
572 4598 664 4649 καὶ
711 4597 1012 4668 Ἰσίδωροςο
1061 4597 1404 4667 Πτολεμαῖοι.
1467 4596 1557 4650 Ἑν
1599 4596 1655 4649 δὲ
1692 4595 1770 4666 τῷ

187 4688 361 4760 τρίτῳ
389 4687 541 4757 τόμῳ
574 4686 667 4741 τοῦ
702 4688 866 4742 αὐτοῦ
923 4687 1140 4761 πρώτου
1193 4687 1394 4758 βιϐλίου
1429 4688 1668 4759 αἱρέσεις
1703 4695 1768 4756 ιγ’

187 4780 399 4842 οὕτως’
456 4778 813 4850 Μαρκώσιοι,
867 4779 1244 4851 Κολορϐάσιοι,
1298 4778 1720 4848 Ἡρακλεωνῖται
1752 4818 1766 4841 ,

202 4873 439 4938 Ὀφῖται,
485 4870 728 4935 Καῖανοὶ,
765 4870 1036 4942 Σηθιανοὶ,
1080 4869 1432 4942 Ἀρχοντικοὶ,
1464 4869 1768 4941 Κερδωνιαο

188 4961 292 5022 νοὶ,
339 4959 686 5030 Μαρκίωνες,
716 4961 1116 5026 Λουκιανισταὶ,
1158 4960 1548 5029 Ἀπελληῖανοὶ,
1597 4961 1768 5029 Σευη-

193 5054 392 5124 ριανοὶ,
423 5053 673 5106 Τατιανοί
697 5069 711 5084 ο
759 5053 895 5123 αῦτη
924 5055 957 5125 ἡ
989 5051 1459 5122 ἀνακεφαλαίωσις
1488 5050 1580 5104 τοῦ
1622 5049 1770 5121 πρώ-

188 5163 284 5198 του
317 5143 524 5213 βιϐλίου
559 5143 662 5196 τῶν
705 5144 872 5216 τριῶν
903 5145 1103 5214 τόμων.
1141 5143 1247 5196 Τοῦ
1293 5143 1350 5196 δὲ
1393 5143 1644 5214 δευτέρου
1692 5142 1770 5213 βι-

191 5237 344 5290 ϐλίου
375 5236 535 5306 τόμοι
563 5235 674 5290 δύο.
710 5237 822 5290 Καὶ
845 5237 900 5288 ὲν
927 5236 1025 5307 μὲν
1053 5235 1131 5306 τῷ
1159 5235 1360 5308 πρώτῳ
1396 5235 1489 5288 τοῦ
1516 5235 1768 5305 δευτέρου

191 5327 429 5397 βιϐλίου,
487 5327 732 5398 τετάρτῳ
776 5327 833 5380 δὲ
880 5327 993 5380 ὄντι
1047 5327 1186 5381 κατὰ
1234 5327 1332 5398 τὴν
1376 5327 1626 5398 ἀπαρχῆς
1675 5325 1768 5378 τοῦ

188 5417 429 5488 ἀριθμοῦ
465 5417 805 5482 ἀκολουθίαν,
846 5419 1083 5491 αἱρέσεις
1132 5417 1200 5492 ιη’
1227 5419 1434 5482 οὕτως⁹
1491 5419 1773 5492 Ἐγκρατῖ-

189 5529 298 5568 ται.
351 5510 493 5563 κατὰ
535 5509 751 5580 Φρύγας
799 5511 848 5562 οί
894 5511 986 5563 καὶ
1025 5511 1386 5564 Μοντανισταὶ
1427 5511 1521 5564 καὶ
1564 5511 1772 5563 Τασκοο

261 5714 276 5742 ⁸
312 5710 442 5764 Cor.
475 5710 755 5782 Εὖνόμιος.

834 5713 855 5743 ³
883 5710 1010 5767 Cor.
1041 5710 1183 5784 μετὰ
1210 5710 1290 5767 τό.
1369 5711 1388 5742 ⁸
1421 5711 1548 5766 Cor.
1587 5708 1923 5764 Σατανιανοί.
1999 5710 2019 5740 ⁸
2055 5708 2182 5766 Cor.
2215 5711 2446 5780 ἑκάστῳ.

1877 4527 1967 4568 ses
2013 4511 2200 4565 itidem
2246 4525 2346 4563 xm
2393 4517 2559 4564 sunt:
2588 4505 2862 4568 Marcosii,
2905 4503 3235 4567 Colorbasii,
3273 4502 3448 4559 llera-

1875 4600 2159 4664 cleonitaa,
2211 4597 2454 4669 Ophitze,
2507 4595 2718 4657 Caiani,
2778 4592 3043 4659 Sethiani,
3095 4593 3436 4654 Archontici,

1874 4692 2238 4754 Cerdnniani,
2293 4689 2630 4752 Marciones,
2672 4687 3035 4744 Lucianistae.
3086 4684 3442 4755 Appelleiani,

1878 4783 2182 4847 Severiani,
2211 4781 2445 4836 Tatiani.
2481 4781 2603 4835 Ilzrc
2631 4788 2714 4835 est
2740 4793 2951 4833 summa
2979 4787 3250 4831 tomorum
3279 4777 3443 4830 trium

1882 4876 2046 4946 primi
2125 4875 2272 4929 libri.
2329 4873 2565 4930 Secundi
2614 4887 2746 4927 vero
2778 4872 2900 4925 libri
2955 4871 3085 4924 tomi
3135 4871 3245 4923 duo
3293 4878 3441 4928 sunt,

1873 4967 2034 5036 cujus
2087 4967 2142 5020 in
2184 4967 2366 5035 priore
2418 4977 2565 5019 tumo
2616 4964 2731 5032 (qui
2771 4969 3003 5032 quartus
3049 4967 3156 5024 est,
3185 4959 3230 5013 si
3267 4968 3446 5012 tomos

1873 5057 2138 5126 deinceps
2167 5055 2236 5108 ab
2267 5055 2426 5108 initio
2479 5052 2755 5116 numeres)
2809 5051 3045 5103 haereses
3091 5062 3224 5101 XVIII
3269 5046 3441 5100 conti-

1874 5155 2074 5202 nentur
2127 5146 2230 5199 hoc
2279 5144 2438 5199 modo
2468 5161 2480 5196 :
2508 5142 2819 5204 Eneratitaa,
2873 5138 3242 5208 Cataphryges
3273 5139 3365 5206 qui
3390 5145 3444 5192 et

1870 5237 2216 5294 Montanistae
2274 5251 2340 5290 ac
2388 5233 2832 5302 Taseodrugitae,
2898 5227 3194 5298 Pepuziani
3247 5227 3339 5296 qui
3389 5237 3441 5280 et

1871 5328 2210 5397 Quintiliani,
2237 5327 2438 5398 quibus
2473 5325 2846 5395 adjunguntur
2873 5321 3225 5392 Artotyritae;
3249 5319 3444 5375 Tessa-

1873 5419 2295 5476 rescazdecatitaa
2332 5418 2426 5488 qui
2471 5417 2682 5472 Pascha
2733 5416 2787 5470 in
2826 5415 3071 5470 eamdem
3121 5415 3249 5470 anni
3299 5415 3442 5470 diem

1873 5508 2211 5580 conjiciunt:
2238 5507 2393 5578 Alogi
2419 5507 2510 5578 qui
2540 5515 2592 5562 et
2619 5505 2970 5577 Evangelium
2996 5513 3050 5561 et
3077 5504 3444 5578 Apocalypsin

2526 5709 2545 5741 ⁸
2572 5705 2634 5763 F.
2663 5705 2943 5778 Γορθηνοί.
