3810 6216
466 264 574 320 8‘30

1871 254 1928 308 S.
1973 249 2311 306 EPIPHANII

3630 247 3721 297 δί’)

467 373 692 429 Joannis
717 372 1002 441 repudiarit
1029 391 1040 424 :
1075 369 1380 430 Adamiani.
1412 367 1673 437 Sampsaei
1707 369 1796 436 qui
1834 378 1886 420 et
1919 365 2040 420 Hel-

2149 368 2455 439 δρουγῖται,
2510 363 2866 428 Πεπουζιανοὶ
2911 363 3003 414 καὶ
3047 360 3421 422 Κυντιλιανοὶ,
3471 353 3562 419 οἷς
3611 375 3719 409 συν-

467 465 662 528 οοεωί,
727 462 1128 526 'I'heodotiani,
1184 459 1692 521 Melchisedeciani,
1758 457 2039 512 Bardesia-

469 556 648 618 aisne,
700 553 972 617 Noetiani,
1020 551 1245 616 Valesii,
1291 552 1533 614 Cathari,
1587 549 1849 620 Angelici,
1903 547 2042 617 Apo-

472 645 653 700 stolici
707 645 802 714 qui
855 645 1017 698 etiam
1079 645 1408 713 Apotactici,
1471 641 1788 706 Sabelliani,
1844 638 2037 708 Origc«

469 736 625 791 nistae
679 735 942 790 imditatis
1001 745 1252 790 auctores
1284 776 1299 800 ,
1347 733 1667 803 Origenistze
1695 733 1761 785 ab
1803 729 2037 800 Origene

477 828 822 885 Adamantio.
871 826 928 880 In
971 827 1214 881 secundo
1251 834 1428 880 autem
1464 835 1608 878 tomo
1643 824 1886 892 ejusdem
1920 823 2040 875 libri

471 917 696 972 secundi
725 916 858 986 (qui
888 915 1069 984 priore
1098 917 1186 968 illa
1217 915 1534 968 numerandi
1579 915 1788 966 ratione
1813 913 2037 981 quintus

470 1011 572 1076 est)
629 1009 862 1062 laaareses
889 1008 1131 1076 quinque
1181 1006 1389 1075 1113
1441 1014 1605 1060 sunt:
1643 1003 1794 1057 Pauli
1847 1003 2040 1057 Samo-

472 1101 728 1164 salensis,
795 1099 1073 1152 Mauicluei
1119 1100 1210 1167 qui
1269 1110 1322 1151 et
1372 1100 1671 1155 Acuanitze,
1727 1095 2034 1159 Hieracitte,

479 1191 756 1247 Meletiani
789 1192 878 1260 qui
916 1191 970 1244 in
1007 1190 1240 1260 Egypto
1263 1189 1501 1244 schisma
1533 1188 1802 1250 fecerunt,
1834 1187 2041 1240 Ariani.

471 1283 648 1352 Atque
718 1282 833 1335 htec
883 1289 967 1336 est
1028 1289 1302 1333 tomorum
1350 1279 1470 1335 libri
1527 1279 1750 1332 secundi
1809 1293 2042 1331 summa.

473 1372 737 1428 Similiter
771 1381 824 1428 et
853 1375 906 1426 in
933 1372 1092 1427 tertio
1125 1373 1262 1426 libro
1298 1372 1430 1425 ιοῐηὶ
1456 1371 1564 1425 duo
1593 1377 1739 1424 sunt.
1767 1370 1825 1422 In
1859 1369 2035 1438 primo

473 1475 620 1522 tomo
679 1467 822 1520 tertii
881 1465 1006 1518 libri
1063 1471 1242 1533 (sexto
1285 1473 1464 1517 autem
1516 1478 1580 1517 eo
1621 1478 1779 1531 quem
1811 1460 2047 1512 diximus

474 1556 684 1624 ordine)
749 1557 981 1609 haereses
1043 1569 1116 1606 vn
1173 1551 1651 1614 suntzAudiani,
1709 1548 2044 1608 Photiniani,

472 1646 831 1708 Marcelliani,
870 1645 1215 1706 Semiariani,
1267 1643 1747 1698 Pneumatontachi
1791 1642 1883 1712 qui
1935 1641 2050 1709 Spi-

2143 459 2403 513 άπτονται
2443 458 2811 527 Ἀρτοτυρῖται
2835 471 2848 485 ·
2879 453 3546 523 Τεσσαρεσκαιδεκατῖται
3581 451 3632 502 οί
3676 455 3724 505 τὲ

2151 549 2344 617 Πάσχα
2377 546 2503 616 μίαν
2529 547 2739 617 ἡμέραν
2769 545 2860 598 τοῦ
2893 545 3045 608 ἔτους
3071 543 3378 604 ποιοῦντεςο
3421 540 3649 606 ’Δλογοι
3685 549 3722 595 ιζ

2141 639 2203 691 τὸ
2252 637 2580 705 Εύαγγέλιον
2629 637 2723 690 καὶ
2775 637 2872 706 τὴν
2933 634 3302 706 Ἀποκάλυψιν
3348 635 3608 689 Ἰωάννου
3660 638 3724 704 μὴ

2142 731 2460 800 δεχόμενοιο
2538 728 2884 798 Ἀδαμιανοὶ,
2942 728 3247 798 Σαμψαῖοι,
3325 731 3722 800 Κερκεσαίοι¹,

2144 822 2500 883 Θεοδοτιανοὶ,
2544 820 3036 890 Μελχισεδεκιανοὶ,
3073 822 3555 892 Βαρδησιανισταὶ,
3593 820 3723 888 Νοτι-

2143 915 2341 975 τιανοὶ,
2389 913 2700 984 Οὐαλήσιοι.
2742 913 3006 984 Καθαροὶ,
3068 913 3408 981 Ἀγγελικοὶ,
3476 913 3704 963 ’Δποστο

2145 1005 2286 1058 λικοὶ
2316 1007 2364 1058 οί
2407 1007 2500 1060 καὶ
2569 1005 2967 1070 ’Δποτακτίται,
3011 1006 3373 1069 Σαϐελλιανοὶ,
3416 1006 3720 1076 Ὠριγένειοι

2148 1099 2504 1168 αίσχροποιοὶ,
2548 1098 2864 1169 Ὠριγένειοι
2905 1101 2952 1150 οἱ
2994 1099 3088 1150 τοῦ
3144 1099 3494 1168 Ἀδάμαντος.
3555 1095 3643 1147 Ἐν
3675 1095 3723 1145 δὲ

2147 1189 2224 1260 τῷ
2252 1190 2490 1261 δευτέρῳ
2530 1192 2680 1262 τόμῳ
2709 1191 2803 1243 τοῦ
2835 1191 2996 1244 αὑτοῦ
3025 1193 3274 1262 δευτέρου
3310 1191 3538 1260 βιϐλίου,
3595 1190 3724 1256 πέμ-

2149 1301 2268 1353 πτῳ
2305 1283 2360 1336 δὲ
2407 1283 2519 1337 ὄντι
2569 1285 2708 1336 κατὰ
2756 1287 2849 1336 τὸν
2896 1285 3125 1354 ἀριθμὸν
3170 1285 3259 1336 τὸν
3307 1282 3721 1353 προειρημένον,

2149 1375 2387 1446 αἱρέσεις
2421 1373 2460 1426 ε’
2493 1375 2661 1438 οὕτως
2684 1392 2697 1405 ο
2745 1375 2954 1428 Παύλου
2992 1373 3081 1426 τοῦ
3126 1374 3510 1442 Σαμοσατέως,
3563 1374 3722 1425 Μανι-

2148 1469 2291 1535 χαῖοι
2319 1468 2368 1520 οί
2403 1467 2492 1519 καὶ
2537 1467 2895 1528 Ἀκουανῖται,
2951 1466 3264 1535 ’1ερακῖται,
3312 1464 3640 1516 Μελετιανοὶ
3679 1465 3722 1513 οξ

2150 1557 2208 1607 ὲν
2237 1558 2302 1624 τῇ
2348 1555 2605 1624 Αἰγύπτῳ
2647 1555 3006 1625 πεποιηκότες
3053 1554 3113 1606 τὸ
3163 1556 3390 1624 σχίσμα,
3437 1555 3718 1624 Ἀρειανοξ.

2151 1645 2299 1712 Αὕτη
2336 1648 2367 1715 ἡ
2413 1645 2504 1697 τοῦ
2549 1646 2799 1717 δευτέρου
2842 1645 3046 1714 βιϐλίου
3074 1645 3182 1698 τῶν
3226 1646 3410 1716 τόμων
3451 1647 3723 1708 ἀνακεφα-

476 1737 607 1792 ritui
675 1745 868 1791 sancto
936 1735 1332 1790 contumeliose
1393 1735 1727 1796 detrahunt,
1783 1733 2040 1796 Acriani,

2149 1735 2389 1800 λαίωσις.
2435 1737 2664 1804 Ὁμοίως
2696 1738 2787 1790 καὶ
2815 1738 2872 1789 ἐν
2899 1737 2975 1806 τῷ
3001 1737 3167 1807 τρίτῳ
3213 1735 3403 1805 βιϐλίῳ
3440 1736 3549 1787 εἰσὶ
3579 1737 3720 1804 τόμοι

477 1827 697 1884 Aetiani
731 1828 824 1897 qui
851 1837 903 1881 et
930 1825 1202 1889 Anomazi,
1240 1826 1341 1879 hoc
1375 1835 1458 1880 est
1500 1824 1818 1889 Dissimiles,
1863 1823 2046 1892 appel-

477 1921 680 1975 lantur.
721 1919 776 1972 ln
809 1919 1050 1974 secundo
1079 1933 1208 1973 vero
1252 1925 1399 1971 tomo
1437 1916 1679 1985 ejusdem
1730 1915 1874 1970 tertii
1919 1914 2042 1968 libri

477 2011 735 2078 (septimo
780 2016 960 2062 autem
1008 2024 1070 2062 ex
1125 2008 1394 2062 divisione
1447 2006 1557 2069 illa,
1591 2022 1753 2076 quam
1783 2005 2044 2073 diximus)

474 2098 708 2154 IKBI'CSBS
750 2107 984 2167 quatuor
1027 2107 1200 2153 sunt:
1235 2097 1564 2162 Dimmritm,
1623 2099 1714 2168 qui
1775 2111 1883 2152 non
1927 2112 2048 2166 per-

476 2190 672 2244 fectam
749 2189 955 2244 Christi
1019 2189 1450 2242 incarnationem
1529 2190 1892 2252 conﬁtentur,
1949 2189 2044 2257 qui

472 2282 638 2335 etiam
675 2281 1048 2350 Apollinaritaa
1077 2281 1434 2333 nominantur
1465 2297 1478 2332 :
1515 2288 1627 2333 tum
1661 2281 1748 2350 qui
1801 2291 2046 2334 sanctam

473 2367 699 2422 Mariam
748 2384 965 2439 semper
1012 2370 1297 2438 virginem,
1354 2377 1638 2440 postquam
1708 2371 2044 2426 Salvatorem

474 2462 683 2530 genuit,
747 2476 871 2513 cum
928 2458 1167 2530 Josepho
1223 2463 1574 2515 consuevisse
1630 2463 1851 2529 dicunt,
1911 2477 2048 2532 quos

479 2551 1061 2606 Antidicomarianitas
1094 2555 1442 2607 nominamus
1476 2575 1486 2606 :
1515 2554 1691 2621 et‘qui
1751 2555 1803 2606 in
1851 2568 2047 2607 nomen

473 2643 718 2712 ejusdem
768 2643 950 2699 Maria:
990 2645 1283 2716 collyridas
1332 2644 1588 2705 ollerunt,
1640 2646 1730 2712 qui
1787 2652 2050 2698 vocantur

475 2719 891 2804 Collyridianii
945 2735 1278 2791 Massaliani.
1355 2737 1566 2801 Quibus
1631 2737 1888 2805 adjuncta
1953 2753 2050 2805 po-

477 2831 684 2879 stremo
709 2807 794 2881 est
817 2826 1098 2881 catholica:
1125 2827 1245 2882 ﬁdei
1283 2842 1347 2881 ac
1373 2828 1615 2882 veritatis
1644 2827 2048 2895 compendiaria

470 2915 736 2983 defensio,
796 2920 850 2972 in
903 2935 1009 2988 qua
1073 2929 1262 2975 sancta
1323 2920 1588 2975 catholica
1643 2926 1697 2974 et
1749 2921 2047 2989 apostolica

473 3006 717 3065 Ecclesia
767 3013 1037 3067 consistit.

475 3098 697 3169 ριδιανοί
717 3118 731 3132 ο
763 3102 1154 3156 Μασσαλιανοί·
1185 3104 1278 3155 καὶ
1307 3105 1338 3173 ἡ
1369 3103 1617 3173 περὶτῆς
1644 3101 1808 3172 ὀρθῆς
1851 3103 2082 3165 πίστεως

475 3193 605 3262 ἁγία
635 3193 894 3261 καθολικὴ
940 3193 1033 3247 καὶ
1065 3194 1393 3264 ἁποστολικὴ
1434 3194 1746 3264 Ἐκκλησία.

549 3283 829 3354 Ejusmodi
870 3293 956 3340 est
998 3301 1211 3339 summa
1269 3287 1688 3356 comprehensio
1751 3302 1815 3339 ac
1875 3288 2043 3340 totius

473 3375 654 3444 operis
688 3375 950 3430 adversus
980 3376 1255 3446 octoginta
1301 3377 1538 3430 haereses
1573 3375 1880 3446 inscriptio,
1918 3393 2041 3429 cum

481 3467 638 3518 unica
680 3479 745 3518 ac
796 3465 1056 3533 singulari
1105 3464 1422 3519 defensione
1473 3466 1750 3529 veritatis,
1804 3465 1906 3518 hoc
1959 3473 2044 3519 est

474 3557 640 3611 unius
664 3555 917 3611 Ecclesia:
934 3565 1096 3625 atque
1115 3557 1413 3611 catholicae.
1433 3556 1583 3621 Quod
1606 3572 1742 3624 opus
1769 3557 2000 3610 distribu
2019 3587 2045 3595 -

473 3657 586 3699 tum
617 3646 668 3698 in
691 3656 872 3714 partes
894 3653 1026 3708 tres,
1051 3655 1226 3700 tomos
1248 3656 1448 3715 septem
1470 3647 1865 3714 complectitur.
1891 3645 2042 3700 Nunc

474 3737 636 3791 aliam
671 3737 926 3806 deinceps
950 3739 1107 3806 primi
1142 3739 1270 3791 tomi
1300 3739 1498 3807 prioris
1531 3739 1651 3792 libri
1675 3734 1943 3792 summam
1981 3755 2044 3792 ac

474 3827 852 3894 compendium
899 3827 1266 3889 instituemus,
1314 3843 1422 3895 quo
1452 3828 1670 3896 quidem
1704 3828 1755 3880 in
1799 3828 1936 3881 libro
1973 3829 2046 3880 vi-

477 3915 609 3985 ginti
635 3915 868 3968 haereses
891 3916 1259 3969 continentur.
1288 3914 1347 3968 In
1378 3917 1567 3985 primis
1597 3915 1740 3969 enim
1765 3915 2042 3970 hzereseon

473 4005 716 4060 omnium
756 4017 959 4062 matres
1010 4023 1074 4063 ac
1107 4008 1380 4078 primaria:
1420 4009 1812 4076 appellationes
1851 4023 1881 4060 a
1919 4008 2042 4078 qui-

474 4095 576 4150 bus
605 4104 810 4149 caetera:
849 4096 1222 4160 dimanarunt,
1254 4105 1381 4152 sunt
1407 4098 1678 4165 ejusmodi
1714 4115 1725 4149 :

545 4184 945 4248 Barbarismus,
977 4185 1070 4254 qui
1104 4201 1200 4255 per
1237 4184 1476 4256 seipsum
1511 4189 1580 4241 ab
1614 4187 1822 4242 Adamo
1852 4189 1918 4242 ad
1950 4193 2041 4243 de-

475 4289 593 4327 cem
631 4277 1009 4344 generationes
1035 4283 1090 4330 et
1141 4275 1330 4330 Noemi
1363 4284 1606 4346 tcmpora
1652 4282 2036 4347 perseveravit.

475 4363 577 4429 Qui
604 4364 981 4420 Barbarismus
1017 4375 1303 4436 propterea
1334 4367 1558 4434 dicitur,
1593 4372 1740 4439 quod
1776 4374 2037 4426 vetustis-

475 4455 598 4508 simi
629 4455 702 4506 illi
732 4457 1041 4510 mortalium
1071 4471 1246 4526 neque
1261 4460 1725 4528 certumaliquem
1755 4472 2036 4518 auctorem

476 4543 770 4606 habebant,
821 4561 917 4598 nec
967 4547 1104 4599 inter
1157 4563 1215 4600 se
1254 4549 1704 4616 consentiebant;
1734 4554 1825 4604 St'd
1865 4571 2035 4608 lllltlS-

2148 1829 2272 1881 δύο·
2327 1829 2382 1878 ἐν
2417 1845 2492 1897 τῳ
2543 1827 2640 1897 μὲν
2690 1825 2891 1895 πρώτῳ
2928 1826 3078 1895 τόμῳ
3111 1825 3204 1877 τοῦ
3257 1825 3444 1895 τρίτου
3500 1823 3719 1892 βῑῦλῖῦυ,

2149 1917 2291 1987 ἕκτῳ
2323 1916 2378 1968 δὲ
2412 1916 2524 1968 ὄντι
2571 1913 2710 1968 κατὰ
2743 1915 2832 1968 τὸν
2861 1914 3109 1986 ἀριθμὸν,
3153 1915 3212 1967 ὃν
3257 1915 3621 1984 προείπομεν,
3653 1915 3722 1964 1E-

2151 2005 2329 2075 ρέσεις
2379 2005 2444 2068 ζ’,
2495 2004 2699 2068 οὕτως’
2753 2004 3024 2066 Αύδιανοὶ,
3069 2005 3332 2057 Φωτιανοὶ
3381 2006 3426 2067 ³,
3475 2005 3718 2074 Μαρκελ-

2149 2097 2341 2160 λιανοὶ,
2389 2097 2714 2168 Ἦμιάρειοι,
2747 2097 3193 2168 Πνευματομάχοι
3217 2098 3266 2148 οἱ
3292 2097 3352 2150 τὸ
3379 2097 3610 2165 Πνεῦμα
3638 2097 3716 2148 τοί

2148 2187 2280 2240 Θεοῦ
2324 2189 2384 2240 τὸ
2423 2189 2576 2256 ἅγιον
2607 2188 3068 2259 βλασφημοῦντες,
3118 2191 3402 2260 Ἀεριανοὶ,
3455 2190 3651 2241 Ἀἐτιοι
3681 2195 3719 2241 οἱ

2148 2284 2242 2335 καὶ
2293 2282 2579 2351 Ἀνὸμοιοι.
2629 2283 2716 2334 Ἐν
2763 2281 2819 2335 δὲ
2851 2282 2924 2352 τῷ
2960 2283 3198 2353 δευτέρῳ
3229 2284 3379 2353 τὸμῳ
3425 2283 3519 2335 τοῦ
3553 2285 3719 2336 dits?

2147 2377 2332 2446 τρίτου
2363 2373 2590 2444 βιϐλίου,
2627 2373 2837 2442 ἑϐδόμῳ
2869 2373 2924 2425 δὲ
2952 2374 3063 2426 δντι
3088 2373 3208 2426 καθ’
3235 2374 3301 2444 ἢν
3328 2375 3565 2443 εἴπομεν
3599 2375 3722 2426 διαί-

2152 2485 2320 2539 ρεσιν,
2352 2467 2589 2537 αἱρέσεις
2637 2466 2898 2535 τέσσαρες
2943 2465 3146 2527 οὕτως·
3199 2469 3505 2536 Διμοιραῖοι
3559 2469 3606 2517 οἱ
3657 2467 3720 2534 μὴ

2148 2559 2356 2612 τελείαν
2388 2558 2485 2628 τὴν
2525 2558 2616 2609 τοῦ
2663 2557 2899 2628 Χριστοῦ
2947 2557 3356 2628 ὲνανθρώπησιν
3404 2557 3715 2626 ὁμολογοῖ*

2149 2669 2260 2715 τες,
2293 2653 2340 2704 οί
2373 2652 2466 2703 καὶ
2516 2649 2916 2720 Ἀπολιναρίται
2936 2669 2948 2682 ο
2979 2652 3027 2702 οἱ
3067 2650 3157 2702 καὶ
3184 2650 3346 2717 ἁγίαν
3377 2650 3604 2719 Μαρίαν
3635 2651 3718 2716 τὴν

2148 2739 2506 2810 ἀειπάρθενον
2534 2738 2783 2806 λέγοντες
2815 2739 2949 2808 μετὰ
2987 2739 3048 2791 τὸ
3081 2739 3170 2790 τὸν
3206 2739 3437 2807 Σωτῆρα
3469 2755 3716 2806 γεγεννη-

2149 2833 2322 2897 κέναι,
2366 2832 2442 2902 τῴ
2482 2830 2677 2901 Ἰωσὴφ
2729 2829 3014 2900 συνῆφθαι,
3049 2828 3142 2892 οὓς
3169 2829 3513 2898 ἐκαλέσαμεν
3554 2831 3716 2879 Ἀντι-

2148 2921 2594 2992 δικομαριανίτας
2618 2937 2631 2950 ·
2665 2920 2756 2972 καὶ
2783 2921 2832 2971 οἱ
2864 2921 2940 2981 εἰς
2967 2917 3134 2987 ὄνομα
3161 2917 3261 2987 τῆς
3301 2917 3476 2986 αὐτῆς
3507 2918 3716 2986 Μαρίας

2150 3012 2466 3083 κολλυρίδας
2501 3012 2918 3084 προσφέροντες,
2948 3010 3140 3071 οἵτινες
3184 3009 3478 3062 καλοῦνται
3525 3009 3714 3062 Κολλυ-

2129 3103 2221 3156 καὶ
2271 3103 2526 3173 ἀληθείας
2571 3101 2832 3167 ἀπολογία
2882 3099 2995 3169 μετ’
3016 3100 3299 3170 ἐπιτομῆς,
3329 3101 3454 3168 ἥτις
3497 3099 3644 3151 ἐστὶν
3687 3102 3710 3148 +

2215 3283 2363 3352 Αὕτη
2394 3285 2426 3353 ἡ
2466 3281 2939 3350 ἀνακεφαλαίωσις
2979 3281 3072 3332 καὶ
3101 3278 3381 3349 ἐπιγραφὴ
3413 3277 3514 3347 τῆς
3544 3279 3710 3345 πάσης

2147 3377 2287 3429 κατὰ
2331 3376 2436 3427 τῶν
2480 3373 2807 3442 ὀγδοήκοντα
2861 3372 3121 3443 αἱρέσεων
3171 3372 3579 3441 πραγματείας,
3629 3373 3707 3421 και

2149 3470 2278 3538 μιᾶς
2323 3467 2421 3536 τῆς
2469 3465 2610 3536 ὑπὲρ
2661 3463 2915 3536 αληῡείας
2961 3462 3272 3529 ἀπολογίας,
3320 3463 3568 3514 τουτέστι
3621 3459 3706 3526 τῆς

2148 3560 2314 3629 μόνης
2361 3557 2651 3626 καθολικῆς
2694 3556 3037 3625 Ἐκκλησίας,
3071 3556 3127 3606 ὲν
3162 3555 3309 3624 τρισὶ
3350 3555 3451 3623 μὲν
3496 3553 3705 3621 βιϐλίοις

2145 3647 2478 3715 ὑποκειμένη
2522 3645 2988 3713 συντεταγμένως,
3018 3643 3155 3695 ἑπτὰ
3199 3643 3253 3694 δὲ
3297 3643 3488 3712 τόμοις
3515 3642 3699 3712 διαιρε-

2145 3739 2319 3793 θεῖσα.
2370 3739 2713 3808 Ποιησόμευα
2740 3737 2795 3789 δὲ
2829 3737 2987 3788 πάλιν
3016 3734 3490 3802 ἀνακεοαλαίωσιν
3528 3736 3703 3802 ἑτέραν

2141 3831 2236 3885 τοῦ
2269 3831 2484 3900 πρώτου
2509 3831 2672 3899 τόμου
2708 3829 2798 3882 τοῦ
2836 3828 3048 3899 πρώτου
3087 3827 3291 3897 βιϐλίου
3321 3825 3416 3878 τοῦ
3443 3827 3585 3878 κατὰ
3610 3825 3702 3875 τῶν

2143 3925 2346 3978 εἴκοσιν
2392 3925 2653 3993 αἱρέσεων
2681 3922 3154 3992 διαλαμϐάνοντες.
3193 3918 3419 3989 Πρῶτον
3470 3919 3571 3988 μὲν
3607 3919 3702 3986 γὰρ

2143 4017 2197 4068 at
2243 4015 2348 4066 τῶν
2382 4014 2643 4084 αἱρέσεων
2698 4013 2885 4065 πασῶν
2937 4011 3169 4082 μητέρες
3223 4012 3314 4063 καὶ
3365 4009 3701 4079 πρωτὰτυποι

2143 4104 2422 4174 ὀνομασίαι
2448 4103 2507 4167 ἐξ
2535 4098 2608 4157 ὧν
2640 4103 2794 4156 ἄλλαι
2821 4102 3046 4170 ἕςρυσαν,
3079 4094 3238 4153 αὗταί
3280 4103 3387 4152 είσι
3413 4115 3429 4128 ⁶

2212 4196 2612 4267 Βαρϐαρισμὸς,
2647 4195 2768 4265 ἥτις
2821 4193 2940 4246 καθ’
2975 4195 3172 4260 ἑαυτήν
3221 4194 3338 4244 ἐστι
3372 4192 3698 4261 διαρκέσαςα

2141 4288 2233 4354 ἀφ’
2285 4287 2504 4356 ἡμερῶν
2549 4285 2642 4338 τοῦ
2715 4286 2904 4354 ’Λδὰμ,
2954 4285 3045 4335 ἐπὶ
3088 4283 3218 4335 δέκα
3261 4287 3484 4350 γενεαῖς
3535 4285 3569 4351 ἢ
3620 4284 3700 4334 τοῦ

2141 4378 2263 4429 Νῶε
2285 4379 2324 4429 ⁸.
2357 4377 2737 4449 Βαρϐαρισμὸς
2789 4378 2845 4429 δὲ
2895 4376 3150 4446 κέκληται
3195 4375 3304 4427 ἀπὸ
3349 4375 3448 4427 τοῦ
3489 4375 3564 4445 μὴ
3589 4379 3698 4434 τοὶς

2138 4469 2255 4520 τότε
2289 4467 2606 4537 ἀνθρώπους
2633 4467 2872 4537 ἀρχηγόν
2921 4484 3044 4519 τινα
3081 4467 3222 4536 ἔχειν
3251 4467 3285 4535 ἢ
3329 4466 3464 4535 μίαν
3492 4482 3699 4535 cum

2139 4561 2289 4612 νίαν·
2327 4560 2440 4612 ἀλλ’
2483 4560 2564 4612 ὅτι
2612 4562 2718 4622 πᾶς
2763 4577 2845 4622 τις
2880 4558 3053 4627 ἑαυτῷ
3093 4558 3346 4626 ὲστοίχει,
3402 4559 3500 4609 καὶ
3553 4558 3698 4625 νόμῳ

473 4633 707 4702 quisque
739 4649 834 4701 pro
865 4650 965 4689 sua
998 4635 1274 4690 voluntate
1304 4639 1464 4691 vitam
1492 4628 1827 4704 instituebat,
1852 4659 1914 4695 ac
1942 4661 2036 4712 pro

2149 4649 2312 4718 ἑαυτῷ
2358 4649 2498 4703 κατὰ
2529 4651 2629 4719 τὴν
2676 4649 2999 4718 προτίμησιν
3049 4647 3142 4700 τοῦ
3195 4648 3324 4718 ἰδίου
3372 4647 3698 4718 βουλήματος

476 4724 592 4792 lege
638 4739 796 4777 suttm
865 4725 1098 4794 quisque
1143 4734 1335 4779 nutum
1395 4736 1558 4797 atque
1603 4731 1886 4784 arbitrium
1937 4735 2040 4786 sibi

474 4813 830 4884 proponebat.

546 4904 888 4973 Scythismus
923 4921 953 4958 a
981 4903 1172 4960 Noemi
1210 4908 1549 4976 temporibus
1578 4910 1644 4963 ad
1674 4927 1845 4980 usque
1873 4915 2039 4969 turris

471 5005 524 5051 et
550 4994 840 5065 Babylonis
875 4995 1384 5060 exaediﬁcationem,
1416 5015 1478 5052 ac
1510 5009 1631 5069 post
1666 5004 1859 5054 turrim
1901 5019 2037 5072 pau-

470 5085 759 5152 cisadhuc
799 5086 958 5138 annis
992 5087 1250 5147 obtinuit.
1284 5087 1387 5142 hoc
1417 5098 1498 5143 est
1530 5106 1702 5158 usque
1729 5091 1794 5144 ad
1833 5090 2030 5147 Phalec

473 5173 687 5243 1114⁹
721 5183 775 5226 et
804 5174 1028 5246 Rhagau
1056 5215 1070 5239 ,
1105 5178 1196 5247 qui
1244 5177 1310 5231 ad
1348 5177 1616 5248 Europam
1664 5188 2029 5239 transeuntes.

566 5329 581 5358 ⁸
611 5328 737 5383 Cor.
776 5331 1073 5385 Ἐλκεσαῖοι
1146 5333 1166 5363 ¹
1195 5334 1317 5388 Cor.
1351 5335 1712 5391 Φωτεινιανοί.

538 5481 612 5550 (ϐ)
649 5485 982 5553 Σκυθισμὸς
1019 5486 1136 5540 ἀπὸ
1168 5485 1286 5540 τῶν
1313 5487 1546 5556 ἡμερῶν
1573 5489 1714 5543 Νῶε.
1765 5491 1910 5544 Ordo
1941 5493 2029 5545 hic

476 5558 520 5602 et
547 5560 830 5626 sectarum
858 5557 1170 5626 progressio
1195 5599 1208 5619 ,
1250 5561 1384 5626 non'
1411 5560 1510 5609 hoc
1551 5563 1722 5612 solum
1774 5564 1825 5614 in
1889 5569 2024 5626 tom,

478 5619 560 5673 sed
583 5628 631 5674 et
654 5622 800 5685 alibi,
823 5619 874 5676 iri
895 5619 1030 5677 libro
1056 5628 1228 5692 prium
1250 5623 1802 5695 I’unuriipriesertivn.
1824 5632 1907 5683 (2f.
1930 5619 2026 5684 Pe;

2138 4738 2364 4805 ἐγίνετο.

2206 4912 2506 4982 Σκυθισμὸς
2552 4913 2658 4965 ἀπὸ
2687 4912 2795 4965 τῶν
2827 4913 3048 4983 ἡμερῶν
3098 4913 3220 4965 Νῶε
3271 4913 3373 4983 (6),
3440 4919 3532 4968 καὶ
3580 4932 3688 4984 μετ-

2136 5004 2324 5057 έπειτα
2364 5005 2489 5074 ἄχρι
2518 5005 2615 5073 τῆς
2649 5003 2742 5056 τοῦ
2768 5003 2977 5074 πύργου
3013 5005 3299 5073 οἰκοδομῆς
3331 5006 3429 5058 καὶ
3463 5007 3694 5058 836::th-

2137 5114 2246 5161 νος,
2301 5098 2393 5149 καὶ
2437 5097 2573 5166 μετὰ
2605 5097 2695 5149 τὸν
2731 5095 2825 5149 τοῦ
2877 5097 3084 5168 πύργου
3130 5099 3319 5167 χρόνον
3371 5100 3466 5150 ἐπὶ
3507 5100 3691 5165 ὀλίγοις

2140 5184 2302 5244 ἔτεσι,
2334 5185 2611 5237 τουτέστιν
2653 5186 2756 5257 ἕως
2782 5185 2958 5239 Φαλὲκ
2995 5189 3089 5240 καὶ
3133 5187 3362 5255 Ῥαγὰϐ,
3393 5191 3588 5251 οῐτινες
3611 5189 3692 5240 ἐπὶ

1790 5336 1807 5366 ³
1845 5335 1903 5390 F.
1945 5337 2105 5408 μέχρι
2134 5339 2226 5392 τοῦ
2263 5339 2403 5392 Νῶε.

2137 5495 2266 5570 tav‘ii
2295 5494 2361 5548 de
2395 5495 2587 5570 ordine
2619 5498 2715 5570 illo
2745 5513 2807 5552 ac
2837 5501 3219 5570 progressione
3239 5501 3518 5568 judicium,
3546 5499 3675 5570 quis}

2137 5565 2366 5633 legimus
2403 5567 2544 5620 inter
2576 5567 2721 5621 illius
2748 5565 3253 5626 animadversiones
3276 5574 3327 5624 in
3363 5589 3506 5626 num.
3534 5565 3587 5624 8⁷.
3617 5573 3671 5622 a-J

2135 5632 2458 5688 Prieludium
2497 5640 2661 5691 tetius
2689 5638 2891 5704 Operis.
