3810 6216
116 319 206 372 841
1397 306 2056 367 ANACEPHAL/EOSIS.

3245 307 3351 363 812

113 431 171 486 τὸ
198 431 294 501 τῆς
323 428 585 501 Εὐρώπης
632 429 798 500 κλίμα
846 430 1199 493 ἀνανευκότες
1228 430 1270 497 ⁸,
1300 429 1378 499 τῷ
1408 429 1505 499 τῆς
1546 427 1676 481 Σκυ·

1786 426 1839 479 in
1877 423 2151 495 Scythiam
2185 438 2245 476 ac
2292 424 2544 477 nationes
2586 423 2853 492 ejusmodi
2900 430 3252 493 penetrarunt
3282 425 3352 481 ab

114 525 232 587 θίας
271 522 421 594 μέρει
459 521 554 576 καὶ
599 523 714 585 τοῖς
763 522 941 575 αὐτῶν
997 521 1172 575 ἔθνεσι
1220 519 1673 592 προσεκλίθησαν,

112 612 216 667 ἀπὸ
249 615 346 683 τῆς
386 610 481 664 τοῦ
514 610 705 683 Θάρῤα
731 609 946 683 ἡλικίας
976 610 1071 664 καὶ
1105 609 1382 671 ἐπέκεινα,
1414 609 1473 673 ἐξ
1506 602 1676 681 οὗπερ

110 708 155 758 et
182 705 389 776 Θρᾷκες
414 704 719 772 γεγόνασιν.

187 814 533 886 Ἑλληνισμὸς
566 814 672 887 πρὸ
715 814 773 884 ἒξ
816 813 1022 886 χρόνων
1060 815 1081 845 ¹
1114 812 1209 867 τοῦ
1258 813 1462 885 Σεροὺχ
1506 810 1675 883 ἀρξά-

114 924 287 975 μενος,
317 906 403 959 διὰ
436 906 495 959 τὸ
526 905 625 974 τῆς
652 904 1114 977 είδωλολατρείας,
1147 904 1239 957 καὶ
1284 904 1363 967 ὡς
1404 905 1679 975 ὲστοίχουν

111 999 168 1051 τὸ
197 996 489 1068 τηνικαῦτα
536 996 765 1060 ἕκαστος
806 996 950 1050 κατά
980 1013 1104 1050 τινα
1139 995 1554 1065 δεισιδαιμονίαν
1585 995 1679 1049 ἐπὶ

111 1089 165 1142 τὸ
198 1087 397 1159 μᾶλλον
430 1087 867 1160 πολιτικώτερον,
904 1090 999 1141 καὶ
1044 1088 1137 1140 ἐπὶ
1172 1086 1267 1158 ἔθη
1308 1086 1401 1140 καὶ
1445 1088 1679 1157 θεσμοὺς

110 1176 355 1242 εἰδώλων,
405 1176 587 1248 μέντοι
627 1194 689 1246 γε
739 1176 1080 1249 ὲναρξάμενα
1130 1177 1417 1231 τάττεσθαι
1461 1178 1529 1231 τά
1572 1177 1679 1231 τῶν

109 1264 403 1336 ἀνθρώπων
430 1266 583 1335 γένη,
611 1261 691 1329 οἷς
720 1268 839 1319 τότε
873 1268 1254 1338 στοιχήσαντες
1284 1267 1676 1335 ὲθεοποιούντο,

108 1357 190 1411 διὰ
241 1357 340 1428 μὲν
392 1359 698 1430 χρωμάτων
747 1358 1139 1431 διαγράῳοντες
1182 1363 1282 1434 τὴν
1339 1361 1535 1433 ἀρχὴν,
1585 1361 1680 1414 καὶ

108 1448 535 1513 ἀπεικονίζοντες
555 1450 680 1511 τοὺς
708 1448 872 1502 πάλαι
899 1454 1027 1522 παρ’
1058 1451 1239 1515 αὐτοῖς
1262 1451 1676 1522 τετιμημένους,

108 1538 139 1607 ἦ
193 1538 488 1611 τυράννους
536 1538 567 1611 ἦ
616 1539 837 1607 γόητας,
891 1542 946 1594 τὶ
995 1542 1300 1613 δράσαντας
1344 1545 1401 1597 ὲν
1452 1542 1530 1613 τῷ
1580 1542 1678 1615 βίῳ

112 1630 325 1700 μνήμης
368 1628 537 1695 ἀξιον,
597 1630 663 1683 δι’
700 1631 872 1702 ἀλκῆς
892 1648 951 1685 τε
980 1632 1013 1702 ἢ
1044 1636 1311 1705 σωμάτων
1360 1632 1675 1705 εὐρωστίας.

111 1721 335 1827 ⁸Σιίζτειτὶα
387 1720 606 1827 δὲὶάτξὸ
658 1721 766 1827 τῶν
807 1722 1028 1827 ’χρόνων
1079 1725 1171 1779 τοῦ
1227 1725 1416 1796 Θάῤῥα
1472 1725 1678 1795 πατρὸς
1706 1766 1749 1827 Β

118 1806 365 1878 ’Δϐραὰμ
392 1807 486 1861 καὶ
509 1807 575 1861 δι’
607 1808 939 1879 ἀγαλμάτων
978 1809 1158 1866 αὐτῶν
1203 1810 1302 1882 τὴν
1350 1810 1557 1881 πλάνην
1601 1810 1677 1862 εί-

106 1896 489 1968 δωλολατρείας
539 1900 982 1971 εἰσηγησάμενοι,
1042 1903 1169 1966 τοὺς
1212 1901 1421 1955 ἑαυτῶν
1468 1902 1679 1974 προπά-

108 2006 263 2059 τορας
301 1989 370 2043 δι’
408 1990 813 2061 ἁπεικονισμῶν
838 1994 1214 2064 τετιμηκότες,
1248 1993 1340 2047 καὶ
1368 1994 1472 2065 πρὸ
1500 1994 1679 2049 αὐτῶν

108 2080 555 2154 τετελευτηκότας
599 2082 995 2155 τεχνησάμενοι
1048 2087 1113 2138 ὲκ
1170 2087 1507 2157 κεραμεικῆς
1561 2086 1676 2151 ἐπι-

110 2173 312 2243 στήμης
358 2172 417 2225 τὸ
471 2172 706 2244 πρῶτον,
756 2173 945 2227 ἔπειτα
977 2173 1044 2226 δι’
1095 2174 1331 2245 ἑκάστης
1359 2173 1551 2245 τέχνης
1592 2190 1679 2243 μι-

112 2262 428 2334 μησάμενοι,
463 2263 734 2334 οἰκοδόμοι
787 2264 886 2335 μὲν
932 2264 1077 2318 λίθον
1114 2263 1390 2329 ξύσαντες,
1438 2264 1676 2335 ἀργυρο-

108 2354 258 2408 κόποι
302 2354 360 2408 δὲ
400 2354 492 2408 καὶ
537 2355 821 2426 χρυσοχόοι
853 2354 941 2409 διὰ
991 2357 1091 2428 τῆς
1143 2356 1276 2420 ἰδίας
1316 2356 1447 2429 ὕλης
1482 2374 1677 2429 τεκτη-

108 2444 340 2515 νάμενοι,
360 2445 501 2498 οὕτω
526 2446 618 2499 καὶ
647 2446 891 2511 τέκτονες
922 2458 1014 2500 κατ
1042 2448 1091 2500 οἱ
1122 2447 1371 2519 καθεξῆς.
1391 2448 1677 2517 Αἰγύπτιοι

107 2535 159 2589 δὲ
198 2535 291 2590 καὶ
330 2535 683 2602 Βαϐυλώνιοι,
741 2537 896 2609 ὁμοῦ·
924 2539 1018 2592 καὶ
1067 2539 1277 2611 Φρύγες
1308 2540 1401 2593 καὶ
1431 2541 1675 2606 Φοίνικες

110 2627 302 2697 ταύτης
331 2628 431 2697 τῆς
453 2627 748 2699 θρησκείας
784 2628 989 2699 πρῶτοι
1034 2632 1321 2701 είσηγηται
1364 2631 1673 2700 γεγόνασιν,

112 2719 568 2790 ἁγαλματοποιῖας
640 2737 697 2773 τε
751 2721 841 2773 καὶ
904 2723 1212 2793 μυντηρίων
1246 2723 1287 2789 ³,
1346 2724 1437 2791 ἀφ’
1485 2716 1558 2776 ὧν
1608 2721 1675 2776 τά

110 2811 324 2863 πλεῖστα
350 2812 429 2874 είς
456 2810 725 2881 Ἕλληνας
765 2811 1091 2883 μετηνέχθη,
1124 2812 1230 2866 ἀπὸ
1262 2813 1358 2883 τῆς
1391 2813 1675 2886 Κέκροπος

112 2900 317 2971 ἡλικίας
341 2918 403 2953 τε
435 2902 529 2955 καὶ
561 2902 767 2973 χρόνων
816 2903 910 2956 καί¹
960 2904 1211 2975 καθεξῆς.
1261 2902 1571 2959 Μετέπειτα
1619 2905 1677 2958 δὲ

111 2990 197 3044 καὶ
222 2990 435 3061 ὑστέρῳ
466 2992 597 3045 πολὺ
632 2994 757 3056 τοὺς
799 2992 927 3064 περὶ
961 2994 1165 3063 Κρόνον
1205 2996 1297 3049 καὶ
1356 2996 1529 3058 Ῥέαν,
1577 2996 1675 3049 Δία

1786 515 1965 570 Thare
1996 516 2335 585 temporibus
2365 524 2415 568 et
2442 517 2584 568 ultra
2616 534 2628 569 :
2662 530 2690 567 a
2725 530 2832 585 quo
2859 506 3099 573 Thraces
3131 519 3349 574 oriundi

1780 618 1924 662 sunt.

1853 802 2223 862 Hellenismus
2268 814 2433 877 coepit
2469 826 2497 863 a
2536 810 2766 867 Serucbi
2807 813 3161 884 temporibus.
3190 815 3344 874 .Uudt

1783 894 2056 951 idolorum
2120 899 2302 955 cultus
2365 901 2582 956 initium
2633 902 2843 957 habuit.
2900 903 3147 975 Cumque
3218 915 3350 962 tunc

1780 989 2044 1058 temporis
2103 987 2239 1045 falsa
2308 993 2538 1063 quisque
2596 994 2986 1064 superstitione
3037 997 3350 1064 duceretur,

1779 1078 2040 1152 deinceps
2085 1082 2388 1138 civiliorem
2444 1085 2509 1140 ad
2549 1102 2705 1140 usum
2746 1096 2800 1141 et
2850 1088 2917 1142 ad
2965 1096 3146 1145 certas
3204 1089 3352 1163 leges

1781 1168 2315 1243 simulacrorumque
2362 1173 2500 1228 ritus
2549 1174 2800 1231 homines
2865 1191 2987 1231 sese
3048 1179 3352 1235 transtule-

1780 1266 1929 1311 runt.
1965 1259 2208 1325 Quorum
2256 1277 2321 1316 ex
2376 1264 2696 1334 praescripto
2726 1265 2831 1319 sibi
2884 1267 3017 1322 deos
3057 1267 3350 1324 ﬁnxerunt.

1778 1344 1856 1401 Ac
1884 1348 2119 1416 primum
2170 1364 2264 1404 eos
2294 1366 2433 1420 quos
2482 1351 2537 1406 iu
2583 1353 2789 1409 honore
2817 1356 3091 1424 quondam
3126 1357 3351 1413 habuis-

1781 1446 1922 1502 sent,
1956 1439 2072 1495 sive
2113 1448 2373 1512 tyrannos
2405 1450 2497 1496 aut
2532 1445 2982 1515 praestigiatores,
3012 1450 3104 1517 qui
3142 1464 3353 1504 memo-

1781 1528 1949 1584 rabile
1978 1529 2237 1599 quiddam
2286 1531 2338 1586 iu
2382 1532 2491 1586 vita
2525 1531 2787 1603 fecerant,
2834 1551 2899 1591 ac
2929 1535 3266 1594 fortitudinis
3299 1546 3353 1595 et

1781 1622 1999 1678 roboris
2048 1624 2261 1679 illuStre
2289 1626 2563 1694 specimen
2593 1629 2899 1695 ediderant,
2932 1630 3221 1703 depingere
3252 1649 3350 1687 cn-

1782 1714 1992 1769 !oribus
2045 1725 2100 1769 et
2150 1718 2459 1774 assimilare
2514 1722 2782 1795 solebant.
2843 1722 3035 1779 Postea
3085 1742 3213 1781 vero
3283 1728 3354 1781 ab

1779 1804 1959 1862 Thare
2021 1808 2197 1879 patris
2256 1811 2553 1866 Abrahami
2615 1821 2861 1885 tempore
2915 1818 3224 1875 simulacris
3287 1834 3351 1874 ac

1780 1900 1986 1954 statuis
2021 1901 2272 1958 eumdem
2305 1918 2545 1959 errorem
2597 1904 2916 1962 idololatria:
2958 1921 3348 1980 propagarunt.

1777 1988 1992 2060 Quippe
2036 1992 2274 2061 majores
2323 2008 2453 2048 suos
2509 1996 2823 2053 simulacris
2868 1998 3246 2065 honestantes.
3285 2020 3349 2058 ac

1781 2091 2030 2136 mortuos
2081 2082 2320 2153 primum
2372 2100 2437 2139 ex
2488 2094 2605 2141 arte
2658 2076 2840 2154 ﬁglina
2888 2092 3084 2145 statuis
3136 2093 3353 2150 ellinxe-

1777 2180 1934 2238 runt;
1971 2181 2087 2227 tum
2121 2175 2187 2229 ad
2217 2189 2408 2231 omnes
2441 2184 2587 2233 artes
2616 2179 2861 2234 imitandi
2893 2186 3137 2252 pervenit
3176 2188 3351 2241 indu-

1779 2266 1916 2321 stria
1944 2284 1957 2320 :
1988 2282 2114 2321 nam
2143 2273 2196 2322 et
2224 2267 2507 2324 architecti
2539 2270 2707 2325 sectis
2731 2273 3023 2342 lapidibus.
3053 2278 3349 2344 argentarii

1778 2364 1833 2411 et
1862 2356 2117 2412 auriﬁces
2148 2372 2362 2413 necnon
2386 2367 2439 2412 et
2471 2357 2611 2413 fabri
2640 2374 2739 2415 sua
2774 2357 3007 2428 quisque
3022 2356 3266 2423 materia,
3286 2374 3349 2415 ac

1777 2448 1972 2518 reliqui
2001 2447 2259 2520 deinceps
2288 2450 2490 2522 eﬂigies
2517 2451 2687 2505 moliti
2725 2460 2873 2507 sunt.
2896 2450 3066 2506 Primi
3095 2450 3340 2506 omnium

1777 2542 2019 2612 Aﬁgyptii
2068 2558 2133 2597 ac
2180 2542 2484 2615 Babylonii,
2514 2560 2726 2599 necnon
2758 2552 2810 2600 et
2836 2547 3080 2618 Phryges
3100 2562 3164 2603 ac
3186 2546 3349 2602 Pbtn-

1776 2634 1927 2690 nices
1977 2637 2344 2706 superstitiosi
2376 2638 2557 2692 cultus
2587 2645 2641 2693 et
2670 2639 3089 2695 simulacrorum
3123 2655 3187 2695 ac
3232 2657 3350 2714 my-

1776 2726 2068 2781 steriorum
2103 2736 2362 2784 auctores
2394 2729 2744 2786 exstiterunt.
2774 2730 2819 2783 Α
2849 2730 3052 2801 quibus
3083 2732 3345 2801 pleraque

1779 2830 1908 2877 sunt
1933 2822 1999 2877 ad
2033 2822 2256 2879 Graecos
2297 2823 2601 2877 translata:
2626 2823 2740 2891 jam
2790 2830 2906 2878 tum
2955 2823 3023 2878 ab
3054 2831 3215 2877 aetate
3251 2823 3353 2880 Ce-

1784 2913 1970 2983 cropis
1998 2920 2053 2968 et
2081 2913 2358 2985 deinceps.
2400 2912 2597 2969 Postea
2631 2929 2760 2969 vero
2793 2914 2957 2986 longo
3006 2915 3226 2969 demum
3268 2916 3354 2971 in-

1779 3004 2009 3059 tervallo
2053 3004 2373 3071 Saturnum,
2407 3004 2634 3071 Rheam,
2694 3006 2905 3073 Jovem,
2942 3005 3248 3078 Apollinem
3287 3022 3351 3063 ac

109 3096 161 3135 τε
202 3082 292 3134 καὶ
331 3080 644 3135 Ἀπόλλωνα
700 3084 792 3136 καὶ
825 3084 950 3148 τοὺς
1008 3083 1240 3155 καθεξῆς
1298 3084 1451 3149 θεοὺς
1478 3086 1676 3156 άναγο--

1783 3097 2019 3168 reliquos
2052 3098 2185 3154 deos
2211 3100 2487 3155 celebrare
2521 3107 2825 3169 coeperunt.

112 3172 412 3243 ρεύσαντες.

177 3284 434 3354 Ἓλληνες
481 3284 771 3356 κέκληνται
804 3286 911 3339 ἀπὸ
942 3286 1201 3359 Ἕλληνος
1249 3289 1326 3357 (7)
1372 3288 1562 3360 ἀνδρός
1598 3306 1678 3342 τι-

111 3392 189 3439 νος
268 3374 379 3429 τῶν
427 3376 488 3427 ὲν
540 3379 606 3447 τῇ
684 3376 893 3429 Ἐλλάδι
945 3378 1378 3448 κατῳκηκότων,
1432 3381 1525 3440 καὶ
1578 3380 1677 3451 τὴν

110 3468 485 3539 προσωνυμίαν
513 3472 578 3540 τῇ
620 3468 771 3540 χώρᾳ
808 3469 1176 3540 παρελομένου
1212 3470 1267 3500 δ’
1301 3470 1375 3534 ὼς
1415 3470 1471 3523 δὲ
1501 3469 1676 3540 ἕτεροί

110 3577 280 3628 φασιν,
330 3561 440 3613 ἀπὸ
500 3561 598 3631 τῆς
658 3562 863 3624 ἐλαίας
911 3561 1010 3630 τῆς
1060 3563 1117 3613 ὲν
1156 3562 1403 3633 Ἀθήναις
1444 3562 1672 3632 βλαστη-

112 3640 292 3726 σάσης.
352 3655 539 3717 Ἴωνες
580 3654 635 3707 δὲ
688 3652 891 3706 τούτων
941 3654 1175 3726 ἀρχηγοὶ
1222 3654 1562 3725 γεγένηνται,
1603 3653 1677 3715 ὼς

112 3745 215 3815 εχει
266 3748 297 3817 ἡ
353 3746 607 3817 ἀκρίϐεια
641 3745 872 3800 ἀπὸτοῦ
928 3747 1109 3809 Ἴωνος
1150 3747 1268 3799 υίοῦ
1319 3746 1512 3819 ἀνδρὸς
1559 3747 1677 3810 ἑνὸς

110 3837 217 3902 τῶν,
242 3837 332 3891 τὸν
374 3839 581 3909 πύργον
621 3837 1125 3910 οίκοδομησάντωνο
1175 3838 1241 3891 δι’
1268 3838 1335 3909 ἢν
1368 3840 1545 3891 αἰτίαν
1585 3838 1677 3891 καὶ⁷

114 3928 360 4001 Μέροπες
395 3930 687 4001 κέκληνται
727 3930 814 3983 διὰ
862 3930 961 4002 τὴν
1005 3930 1410 4002 μεμερισμένην
1472 3930 1673 4000 φωνήν.

113 4020 369 4092 Ὕστερον
406 4022 464 4075 δὲ
508 4024 536 4075 ό
581 4022 929 4092 Ἑλληνισμὸς
962 4024 1041 4086 είς
1079 4022 1317 4093 αἱρέσεις
1368 4021 1675 4091 κατεστάθη

114 4112 399 4184 κατωτέρω
430 4112 538 4165 τῶν
599 4114 826 4185 χρόνων,
872 4115 1014 4186 φημὶ
1054 4114 1109 4166 δὲ
1156 4113 1537 4184 Πυθαγορείων
1585 4113 1679 4165 καὶ

115 4202 354 4256 Στωϊκῶν
404 4204 497 4257 καὶ
560 4204 919 4258 Πλατωνικῶν
996 4205 1090 4259 καὶ
1141 4204 1529 4276 Ἐπικουρείων
1588 4207 1681 4258 καὶ

113 4292 303 4346 λοιπῶν
325 4311 339 4324 ’
374 4294 683 4358 θεοσεϐείας
711 4296 768 4349 δὲ
815 4297 843 4348 ὁ
887 4296 1170 4368 χαρακτὴρ
1201 4297 1443 4368 ὑπῆρχεν
1474 4297 1612 4367 ἅμα,
1651 4298 1679 4349 ὁ

114 4386 244 4438 κατά
278 4387 437 4455 φύσιν
487 4387 649 4457 νόμος
694 4388 1128 4459 πολιτευόμενος,
1162 4390 1269 4442 ἀπὸ
1317 4388 1521 4441 τούτων
1572 4387 1680 4441 τῶν

1852 3298 2023 3352 Graeci
2075 3313 2272 3353 nomen
2318 3298 2387 3353 ab
2441 3296 2662 3353 llellene
2707 3299 2827 3352 viro
2872 3296 3106 3367 quodam
3168 3296 3351 3351 sortiti

1779 3398 1929 3449 sunt,
1970 3387 2064 3455 qui
2116 3387 2169 3440 in
2202 3384 2406 3442 Graecia
2452 3386 2655 3456 degens
2690 3386 2740 3440 ei
2788 3386 2995 3457 regioni
3031 3385 3350 3455 appellatio-

1780 3491 1903 3531 nem
1933 3476 2149 3531 indidit.
2187 3478 2327 3532 Sunt
2353 3478 2445 3547 qui
2483 3479 2551 3533 ab
2579 3478 2732 3541 etwa,
2763 3478 2865 3533 hoc
2896 3488 3000 3541 est.
3030 3478 3196 3549 oliva,
3229 3494 3352 3548 quae

1780 3569 2010 3623 Athenis
2039 3578 2227 3623 exorta
2273 3577 2377 3631 est,
2422 3579 2766 3640 nuncupatos
2800 3586 2923 3624 esse
2957 3570 3145 3624 velint.
3174 3568 3351 3639 Hujus

1780 3661 1996 3731 generis
2029 3669 2281 3716 auctores
2319 3677 2383 3716 ac
2435 3662 2749 3718 conditores
2790 3663 2947 3717 lones
2997 3660 3238 3726 fuerunt,
3292 3670 3351 3715 ut

1781 3769 1847 3809 ex
1888 3754 2228 3808 accuratiore
2254 3753 2487 3829 historia
2519 3761 2736 3809 constat
2771 3774 2784 3808 :
2820 3753 2912 3824 qui
2944 3751 3012 3807 ab
3048 3750 3177 3808 Ione
3206 3768 3346 3824 quo-

1781 3843 1906 3897 dam
1959 3843 2212 3914 appellati
2254 3844 2574 3905 sunt,uuius
2604 3859 2793 3898 eorum
2829 3844 2960 3905 ﬁlio,
3009 3844 3100 3912 qui
3153 3843 3349 3897 turrim

1780 3941 2213 3989 exstruxerunt:
2248 3949 2409 4003 quam
2443 3935 2513 3990 ob
2558 3949 2779 3988 causam
2817 3932 3062 4003 Meropes
3097 3934 3350 4004 appellati

1781 4031 1929 4087 sunt,
1980 4024 2051 4077 ab
2082 4023 2351 4078 divisione
2381 4024 2709 4093 linguarum.
2746 4021 2938 4079 Postea
2982 4038 3108 4078 vero
3158 4038 3317 4078 recen

1783 4115 2016 4171 tioribus
2061 4114 2394 4185 temporibus
2452 4114 2637 4168 Graeca
2688 4113 3008 4181 superstitio
3052 4123 3231 4169 certas
3289 4114 3343 4167 in

1782 4206 2018 4259 hazreses
2067 4218 2131 4257 ac
2167 4213 2343 4258 sectas
2388 4205 2521 4257 abiit
2560 4222 2572 4257 :
2620 4211 2810 4272 utputa
2860 4201 3346 4274 Pythagoreorum.

1785 4298 2127 4364 Stoicorum,
2162 4296 2567 4351 Platonicorum
2591 4336 2605 4359 ,
2638 4295 3067 4365 Epicureorum,
3106 4302 3212 4350 etc.
3246 4293 3351 4347 Eo—

1784 4389 1907 4445 dem
1956 4404 2118 4458 porro
2151 4397 2393 4457 tempore
2437 4388 2654 4459 propria
2707 4386 2880 4443 forma
2931 4400 2997 4440 ac
3035 4396 3161 4441 nota
3211 4399 3354 4440 vera:

113 4477 270 4532 ἐθνῶν
299 4480 489 4535 ἑαυτὸν
520 4480 791 4551 ἀφορίζων
827 4457 1066 4550 άπὸήτῆς
1109 4482 1315 4551 κόσμου
1356 4479 1676 4551 καταϐολῆς,

1788 4482 2007 4553 pietatis
2032 4490 2085 4537 et
2116 4481 2393 4551 religionis
2426 4457 2632 4535 exstitit
2678 4495 2786 4534 una
2821 4495 2945 4534 cum
2975 4480 3090 4550 lege
3122 4488 3351 4540 naturae.

116 4569 202 4621 καὶ
234 4570 396 4637 δεῦρο
427 4572 588 4641 μέσος
636 4572 920 4642 τυγχάνων
970 4571 1353 4645 Βαρϐαρισμοῦ
1406 4571 1499 4626 καὶ
1545 4573 1676 4625 Σκυ-

1787 4590 1908 4645 quae
1957 4574 2027 4629 ab
2071 4573 2284 4644 origine
2342 4571 2528 4627 mundi
2582 4587 2703 4627 sese
2755 4571 2824 4627 ab
2882 4572 2989 4626 illis
3043 4570 3356 4626 nationibus

117 4657 299 4731 θισμοῦ
350 4663 445 4715 καὶ
485 4662 837 4735 Ἑλληνισμοῦ
870 4664 974 4727 ἕως
1031 4665 1155 4719 ὅτου
1207 4663 1453 4736 συνήφθη
1492 4667 1558 4735 τῇ
1589 4664 1676 4717 τοῦ

1792 4666 2003 4737 1115
2039 4676 2300 4736 perpetuo
2346 4664 2686 4737 segregavit,
2721 4664 2787 4717 ad
2823 4663 2963 4726 hanc
3000 4677 3174 4732 usque
3211 4662 3353 4718 diem

128 4755 370 4826 Ἁϐραάμ
399 4755 694 4826 θεοσεϐείᾳ.
732 4756 842 4809 Καὶ
871 4756 1162 4826 μετέπειτα
1219 4755 1548 4825 Ἰουδαῖσμὸς
1574 4754 1676 4808 ἀπὸ

1789 4755 1930 4810 inter
1962 4755 2279 4817 Barbaram,
2333 4752 2643 4825 Scythicam
2691 4751 3045 4822 Graecamque
3095 4756 3354 4823 supersti-

115 4846 214 4899 τῶν
251 4848 458 4918 χρόνων
503 4847 751 4919 Ἀϐραὰμ
783 4848 874 4899 τὸν
921 4850 1243 4919 χαρακτῆρα
1277 4846 1535 4917 εἰληφὼς,
1587 4847 1676 4899 καὶ

1787 4845 1989 4899 tionem
2046 4844 2363 4912 interjecta,
2415 4843 2590 4898 donec
2637 4858 2761 4897 cum
2812 4841 3106 4895 Abrahami
3157 4841 3357 4911 pietate

119 4940 171 4992 ἑν
203 4940 432 5008 Μωῦσῇ,
473 4939 684 5009 ἑϐδόμῳ
716 4938 826 4993 ἀπὸ
868 4940 1137 5011 Ἀϐραάμ,
1185 4939 1273 4991 διά
1317 4939 1410 4992 τοῦ
1439 4938 1676 5001 δοθέντος

1789 4937 2012 4990 coaluit.
2051 4935 2188 4989 Tum
2217 4951 2346 4989 vero
2379 4933 2693 4989 Judaismus
2724 4935 2791 4987 ab
2821 4932 3114 4987 Abrahami
3146 4939 3356 5005 tempo-

120 5031 272 5101 νόμου
303 5032 407 5084 ὑπὸ
434 5031 570 5085 Θεοῦ
602 5030 921 5095 πλατυνθείς
942 5048 954 5060 ·
1002 5032 1108 5085 άπὸ
1140 5032 1197 5085 δὲ
1227 5031 1320 5085 τοῦ
1366 5032 1555 5093 Ἰούδα,
1603 5046 1676 5082 τε-

1791 5027 1943 5082 ribus
1968 5027 2242 5096 pr0priam
2274 5024 2503 5080 formam
2535 5025 2787 5093 adeptus,
2807 5038 2869 5076 ac
2896 5037 2992 5093 per
3021 5020 3257 5091 Moysem
3291 5019 3361 5074 ab

120 5123 307 5192 τάρτου
339 5122 456 5178 υἱοῦ
499 5123 692 5178 Ἰακὼϐ
740 5123 833 5176 τοῦ
874 5124 967 5177 καὶ
1007 5123 1241 5195 Ἰσραὴλ,
1271 5123 1359 5176 διά
1403 5122 1564 5175 Δαϐὶδ
1594 5121 1676 5174 τοῐ

1789 5120 2100 5175 Abrahamo
2121 5119 2439 5189 septimum,
2474 5132 2537 5171 ac
2560 5116 2730 5185 legem
2758 5130 2789 5167 a
2826 5114 2934 5169 Deo
2959 5113 3213 5168 traditam
3240 5126 3358 5169 am-

124 5214 328 5287 πριὶιτου
360 5215 779 5286 βασιλεύσαντος
806 5215 913 5268 ἀπὸ
945 5216 1043 5286 τῆς
1070 5214 1164 5268 τοῦ
1193 5200 1356 5268 αὐτοῦ
1414 5212 1584 5266 Ἰούδα
1610 5212 1676 5283 (8]

1796 5210 2103 5281 pliiicatus,
2140 5217 2194 5264 et
2237 5209 2306 5264 ab
2350 5206 2491 5262 Juda
2536 5213 2733 5277 quarto
2779 5205 2967 5259 Jacobi
3020 5204 3129 5259 lilio
3163 5203 3256 5274 qui
3310 5210 3364 5256 et

1594 5390 1614 5422 ³
1653 5388 1785 5459 Reg.
1846 5388 2209 5462 ἀμοντηρίων,
2248 5402 2362 5443 cor.
2429 5385 2764 5458 μυστηρίων.

223 5398 239 5430 ¹
271 5398 397 5454 For.
448 5398 779 5460 νενευκότες.
892 5396 912 5429 ’
953 5394 1079 5467 Leg.
1138 5396 1202 5447 ὲκ
1259 5391 1485 5465 χρόνων.

2909 5385 2929 5415 ⁵
2966 5384 3093 5440 Cor.
3134 5399 3365 5455 παρεχο-

128 5466 302 5537 μένου.
1040 5466 1043 5467 ⁷
3422 5500 3425 5503 <

194 5643 268 5711 (7)
320 5643 451 5698 Ἀπὸ
488 5644 808 5709 Ἕλληνος.
846 5640 1192 5695 Deucalionis
1248 5637 1342 5693 lilii
1366 5676 1379 5700 .
1415 5635 1507 5706 qui
1550 5634 1676 5690 157G

1860 5629 1952 5711 ,(8),
1980 5627 2179 5683 Vocem
2218 5625 2424 5693 Ἰούδα,
2456 5640 2579 5697 quae
2606 5623 2673 5681 de
2701 5638 2768 5681 eo
2802 5621 2925 5679 loco
2956 5620 3257 5688 exciderat,
3289 5636 3368 5677 re-

127 5709 339 5768 ci‘rciter
368 5716 524 5769 annis
552 5715 765 5767 vivebat
792 5720 917 5766 ante.
948 5712 1228 5765 Christum
1270 5718 1481 5762 natum.
1803 5709 2103 5758 stitutmus.

398 5807 671 5867 ΡΑτιιοι..
716 5805 833 5864 Gn.
876 5803 1064 5864 XLII.
3062 5782 3141 5841 27
