3810 6216
143 352 242 408 8ιό

1429 339 2092 398 ANACEPHALILGSiS.

3289 333 3393 390 N6

145 470 300 532 ἀλλας
343 467 677 539 προφητείας
736 467 874 538 μετὰ
928 466 1204 528 Μωῢσέως
1264 465 1304 516 ί.
1364 461 1720 535 Σαμαρειτῶν

1848 473 2020 515 lorum
2067 465 2152 512 est
2197 455 2364 510 factio
2408 436 2582 508 divisa
2614 457 2666 506 in
2699 459 2880 523 partes
2927 460 3180 524 quatuor.
3222 449 3392 506 Primi

145 561 265 631 ἔθνη
295 559 555 631 τέσσαρα,
585 558 874 631 Γοροθηνοί¹
905 557 1036 629 (Η),
1071 558 1120 610 οί
1163 555 1341 620 ἄλλοις
1381 557 1593 626 καιροῖς
1619 554 1718 616 τὰς

147 651 330 722 ἑορτὰς
359 653 583 720 ἄγοντες
610 651 762 724 παρὰ
788 653 914 714 τοὺς
943 648 1284 712 Σεὸουαίους.
1326 646 1601 700 Σεϐουαῖοι
1629 644 1719 698 διὰ

141 741 239 814 τὴν
302 744 470 815 αὐτὴν
517 743 695 797 αἰτίαν
740 741 848 796 τῶν
894 739 1096 811 ἑορτῶν
1152 739 1288 810 πρὸς
1336 739 1462 802 τοὺς
1509 736 1728 809 Γορθη-’

145 835 265 898 νοὺς
299 835 694 907 διαφερόμενοι.
741 833 1022 910 Ἐσσηνοὶ,
1066 831 1186 903 μηδ’
1233 829 1520 901 δποτέραις
1567 830 1720 882 ἐναν-

145 927 409 998 τιούμενοι
431 968 446 994 ,
504 930 616 989 τοῖς
678 925 735 980 δὲ
797 923 1304 997 παρατυγχάνουσιν
1375 919 1722 992 ἑορτάζοντες

147 1019 466 1090 ἀδιαφόρως.
503 1016 742 1071 Δοσίθεοι
781 1017 894 1081 τοῖς
933 1017 1116 1076 αὐτοῖς
1151 1015 1350 1081 ἔθεσιν,
1381 1009 1460 1078 οἷς
1495 1014 1587 1066 καὶ
1617 1014 1721 1065 Σα-

151 1113 398 1182 μαρεῖται
427 1108 924 1180 ἐμπολιτευόμενοι,
955 1109 1222 1179 περιτομῇ
1252 1123 1312 1159 τε
1337 1107 1432 1160 καὶ
1461 1104 1720 1176 Σαϐϐάτῳ

146 1202 240 1255 καὶ
267 1204 377 1264 τοῖς
405 1200 582 1265 ἄλλοις
615 1200 886 1273 χρώμενοι
917 1203 983 1272 τῇ
1017 1217 1075 1253 τε
1123 1199 1497 1270 Πεντατεύχῳ,
1528 1215 1721 1269 περισ-

149 1293 362 1366 σότερόν
395 1310 454 1346 τε
481 1293 588 1347 τῶν
619 1293 792 1348 ἄλλων
823 1293 1180 1362 φυλάττοντες
1203 1292 1265 1344 τὸ
1293 1290 1594 1360 ἀπέχεσθαι
1623 1290 1722 1360 ἐμ-

145 1385 350 1458 ψύχων,
381 1385 439 1438 ἐν
475 1385 752 1457 νηστείαις
801 1385 1162 1456 συνεχέστατα
1203 1381 1460 1454 βιοῦντες.
1501 1379 1722 1452 Ἔχουσι

144 1477 204 1529 δὲ
245 1475 338 1530 καὶ
386 1475 683 1547 παρθενίαν
730 1475 871 1538 τινὲς
915 1473 1098 1528 αὐτῶν
1121 1515 1136 1540 ,
1185 1471 1604 1545 ἐγκρατεύονται
1664 1469 1722 1523 δὲ

145 1559 311 1622 ἄλλοι.
345 1567 664 1621 Πιστεύουσι
697 1567 754 1621 δὲ
800 1565 1008 1638 νεκρῶν
1060 1565 1374 1628 ἀνάστασιν,
1406 1565 1541 1632 ὅπερ
1577 1559 1722 1624 ξένον

145 1659 265 1712 ἐστὶ
294 1659 680 1731 Σαμαρείταις.

1819 559 1949 608 sunt
1977 547 2260 614 Gortheni,
2298 546 2390 618 qui
2433 545 2602 602 festos
2633 545 2752 600 dies
2780 544 2924 608 aliis,
2955 559 3118 615 quam
3158 541 3392 602 Sebuaei.

1821 641 2158 712 temporibus
2187 639 2454 694 indicunt.
2493 637 2601 692 Alii
2652 635 2886 702 Seburei,
2920 635 3012 705 qui
3046 637 3116 690 ob
3146 634 3392 690 eamdem

1821 733 2087 789 festorum
2131 732 2345 787 dierum
2387 713 2748 785 occasionem.
2783 742 2812 782 a
2858 727 3150 783 Gorthenis
3181 726 3396 782 dissen-

1821 826 1985 880 tiunt.
2022 823 2186 879 Tertii
2237 829 2365 876 sunt
2417 820 2608 876 Esseni
2635 860 2652 885 ,
2686 818 2780 889 qui
2833 819 3012 874 neutri
3051 816 3190 888 parti
3233 831 3396 886 repu-

1823 923 2028 986 gnant,
2061 914 2154 970 sed
2208 929 2330 969 cum
2371 913 2458 977 iis,
2499 912 2552 966 in
2603 925 2742 982 quos
2769 908 3094 975 inciderint,
3127 908 3246 962 sine
3285 907 3397 961 ullo

1822 1007 2142 1062 discrimine
2175 1005 2314 1060 festa
2348 1012 2634 1075 peragunt.
2670 1002 2941 1060 Postremi
2971 1009 3101 1058 sunt
3131 999 3395 1064 Dosithei,

1823 1099 1914 1168 qui
1941 1098 2157 1161 iisdem,
2193 1097 2391 1166 quibus
2427 1095 2756 1150 Samaritani
2781 1135 2796 1159 ,
2831 1094 3098 1151 institutis
3147 1103 3396 1158 utuntur,

1823 1189 2297 1244 circumcisionem
2331 1195 2384 1242 et
2410 1187 2709 1241 Sabhatum
2740 1201 2805 1240 ac
2841 1193 3060 1250 extera,
3103 1185 3402 1255 itidemque

1823 1277 2256 1334 Pentateuchum
2286 1277 2562 1332 adhibent.
2610 1275 2888 1347 Prmeipue
2919 1291 3048 1331 vero
3073 1291 3136 1330 ac
3171 1292 3282 1346 prae
3309 1293 3399 1333 re-

1824 1371 1989 1441 liquis
2019 1369 2275 1424 omnibus
2303 1369 2405 1424 sibi
2441 1369 2509 1424 ab
2540 1368 2800 1424 animatis
2833 1375 3160 1438 temperant,
3185 1383 3249 1422 ac
3274 1383 3401 1438 per-

1825 1469 1995 1532 petuo
2024 1460 2136 1516 fere
2165 1461 2436 1530 icjunant.
2474 1459 2614 1514 Sunt
2651 1461 2794 1516 inter
2833 1461 2956 1516 illos
2991 1459 3085 1529 qui
3111 1460 3400 1530 virginita-

1823 1561 1935 1605 tem
1966 1551 2170 1616 colunt,
2215 1550 2306 1604 alii
2351 1550 2767 1604 continentiam.
2815 1547 3242 1604 Besurrecturos
3277 1565 3402 1605 esse

1827 1648 2081 1695 mortuos.
2123 1639 2375 1704 credunt,
2413 1639 2554 1709 quod
2583 1655 2614 1692 a
2645 1637 3111 1694 Samaritanorum
3150 1639 3403 1710 dogmate

1827 1730 2101 1784 abhorret.

231 1826 498 1881 Ἰουδαίων
555 1827 796 1898 αἱρέσεις
863 1829 1034 1882 ἑπτά·
1099 1827 1469 1899 Γραμματεῖς,
1537 1826 1728 1888 οἵτινες

1901 1819 2216 1875 Ιυᾶωονυηι
2273 1830 2434 1876 sectae
2468 1836 2698 1877 numero
2727 1838 2824 1886 vn,
2865 1838 2928 1878 ac
2973 1824 3148 1893 primo
3176 1820 3400 1880 Scriba).

145 1919 358 1992 νομικοὶ
395 1918 492 1990 μὲν
537 1915 696 1991 ἦσαν,
724 1921 818 1973 καὶ
850 1919 1208 1990 Δευτερωταὶ
1243 1917 1591 1990 παραδόσεων
1617 1916 1724 1970 τῶν

145 2011 278 2082 παρ’
309 2010 490 2072 αὐτοῖς
521 2008 928 2080 πρεσϐυτέρων,
955 2011 1024 2080 τῇ
1055 2008 1410 2079 περιττοτέρᾳ
1441 2005 1728 2078 ἐθελοθρη-

147 2102 305 2173 σκείᾳ
330 2100 424 2172 ἔθη
467 2101 846 2169 φυλάττοντες,
883 2097 997 2154 ἃού
1039 2101 1126 2154 διὰ
1151 2099 1244 2153 τοῦ
1277 2100 1439 2170 νόμου
1477 2099 1726 2170 μεμαθή-

145 2207 330 2256 κασιν,
361 2193 474 2246 ἀλλ’
507 2192 718 2254 ἑαυτοῖς
749 2191 1034 2244 ἐτύπωσαν
1083 2191 1400 2262 σεϐάσματα
1429 2190 1726 2260 δικαιότητι

141 2283 248 2356 τῆς
280 2284 616 2355 νομοθεσίας.

217 2461 497 2532 Φαρισαῖοι
523 2500 538 2522 ,
589 2458 1011 2529 ἐρμηνευὸμενοι
1070 2457 1507 2526 Ἆφωρισμένοι,
1556 2455 1606 2508 oi
1670 2455 1732 2508 τδ

143 2551 448 2622 ἀκρότατον
480 2548 739 2620 βιοῦντες,
769 2547 863 2602 καὶ
905 2547 1064 2619 δῆθεν
1087 2546 1196 2600 τῶν
1229 2547 1403 2602 ἄλλων
1431 2545 1732 2617 δοκιμώτε-

149 2657 254 2714 ροι.
299 2642 436 2712 Παρ’
465 2635 545 2704 οἷς
579 2641 672 2693 καὶ
718 2638 925 2710 νεκρῶν
959 2638 1276 2704 ἀνάστασις,
1317 2637 1393 2700 ὡς
1443 2639 1538 2691 καὶ
1583 2637 1733 2710 παρὰ

143 2733 263 2794 τοῖς
291 2729 696 2802 Γραμματεῦσι,
733 2732 826 2783 καὶ
863 2731 895 2800 ἡ
944 2731 1074 2800 περὶ
1114 2729 1348 2798 ἀγγέλου
1374 2731 1394 2760 ³
1427 2727 1520 2782 τοῦ
1563 2727 1735 2780 Πνεύ-

151 2839 324 2894 ματος
354 2822 530 2891 ἁγίου,
567 2823 648 2875 ὅτι
699 2821 812 2874 ἔστι
871 2821 1288 2890 συγκατάθεσις.
1337 2819 1585 2874 Πολιτεία
1623 2819 1738 2873 διά·

149 2932 338 2986 φορος,
370 2914 666 2986 ἐγκράτεια
701 2915 805 2978 ’ἐως
833 2915 1048 2985 χρόνου,
1079 2915 1173 2966 καὶ
1219 2912 1486 2984 παρθενία
1515 2911 1736 2982 νηστεία

145 3023 214 3060 τε
258 3005 346 3059 διὰ
398 3005 492 3058 τοῦ
519 3005 820 3070 Σαϐσάτου,
852 3004 1053 3073 ξεστῶν
1087 3004 1422 3076 καθαρισμοὶ
1450 3004 1544 3057 καὶ
1583 3003 1738 3056 πινά-

149 3112 268 3150 κων
300 3094 392 3149 καί¹
421 3096 714 3166 ποτηρίων,
745 3096 820 3160 ὡς
852 3097 946 3150 καὶ
981 3096 1031 3148 oi
1069 3097 1444 3166 Γραμματείς,
1471 3094 1730 3148 ἁποδεκάι

1827 1912 1966 1984 legis
1998 1913 2158 1983 periti
2193 1921 2246 1968 et
2278 1913 2632 1970 traditionum
2665 1930 2803 1985 quas
2837 1931 2867 1969 a
2897 1915 3204 1970 senioribus
3249 1929 3404 1969 acce-

1827 2015 2020 2074 perant
2068 2012 2122 2059 et
2151 2005 2464 2061 Deutcroses
2489 2007 2776 2072 vocabant,
2817 2008 3200 2062 observatores
3229 2005 3401 2071 fuere;

1829 2109 1894 2150 ac
1927 2096 2066 2150 ritus
2113 2110 2306 2151 omnes
2353 2097 2792 2167 superstitiosius
2831 2099 3043 2154 caeteris
3075 2112 3138 2151 ac
3177 2097 3408 2168 diligen-

1831 2185 1940 2241 tius
1995 2193 2310 2254 tenuerunt,
2363 2204 2504 2258 quos
2542 2203 2652 2242 non
2691 2205 2720 2243 e
2771 2189 2886 2260 lege
2931 2187 3254 2251 didicerant,
3308 2186 3405 2242 sed

1831 2276 2188 2346 sibimetipsis
2221 2285 2480 2349 tanquam
2529 2278 2770 2348 justitize
2787 2280 2922 2350 legis
2956 2279 3257 2350 singulares
3290 2277 3407 2332 cnl-

1831 2378 1922 2425 tus
1953 2385 2016 2424 ac
2044 2373 2397 2426 caeremonias
2428 2371 2756 2426 indixerant.

1904 2459 2204 2529 Pharisaei,
2261 2477 2401 2532 quos
2451 2461 2758 2533 Segregatos
2805 2458 3148 2529 interpretari
3205 2458 3405 2528 possis,

1835 2555 1926 2626 qui
1957 2553 2364 2610 sanctissimam
2395 2556 2520 2610 vitae
2545 2555 2813 2610 rationem
2840 2551 3101 2623 professi,
3137 2551 3412 2621 probitate

1836 2647 2047 2701 caeteris
2105 2646 2426 2701 antecellere
2477 2644 2822 2702 videbantur.
2874 2644 3212 2700 Mor-tuorum
3267 2643 3410 2714 apud

1835 2735 1959 2791 illos
2000 2736 2334 2791 resurrectio
2396 2744 2456 2789 ut
2499 2743 2554 2791 et
2600 2736 2744 2805 apud
2813 2735 3035 2790 Scribas
3077 2733 3408 2790 defenditur.

1837 2828 2004 2883 Iidem
2053 2828 2304 2898 angelum
2336 2841 2402 2882 ac
2429 2826 2690 2898 Spiritum
2736 2835 2986 2882 sanctum
3014 2842 3135 2882 esse
3165 2843 3272 2882 non
3312 2842 3412 2882 nc-

1839 2928 1988 2991 gant.
2031 2917 2162 2975 Vita:
2189 2919 2450 2973 eximium
2478 2920 2790 2974 institutum
2817 2935 2928 2989 pra:
2966 2933 3026 2974 se
3057 2919 3414 2984 ferunt,con-

1843 3010 2124 3064 tinentiam
2156 3018 2364 3065 certum
2410 3009 2477 3064 ad
2526 3016 2744 3080 tempus
2781 3024 2846 3064 ac
2875 3009 3239 3080 virginitatem
3278 3025 3416 3080 quo-

1841 3113 1948 3168 que
1993 3100 2330 3168 suscipiunt,
2382 3099 2467 3154 bis
2514 3098 2852 3154 hebdomada
2886 3113 3102 3169 quaque
3144 3098 3415 3168 jejunare,

149 3180 320 3244 τωσίς
345 3198 404 3234 τε
431 3182 524 3235 καὶ
550 3183 794 3254 ἀπαρχαὶ
856 3183 948 3235 καὶ
999 3181 1276 3252 ἐνδελεχὴς
1324 3180 1457 3252 εὐχὴ
1487 3183 1580 3234 καὶ
1609 3182 1732 3252 σχή-

1848 3205 2038 3246 urceos
2087 3204 2151 3245 ac
2200 3189 2384 3246 discos
2417 3199 2468 3244 et
2519 3191 2714 3259 pocula
2765 3190 2964 3259 saepius
3008 3189 3210 3254 eluere,
3263 3196 3324 3243 ut
3364 3199 3418 3244 et

153 3283 308 3334 ματα
352 3265 844 3338 ἐθελοθρησκητικὲι
884 3267 981 3338 τῆς
1027 3266 1368 3337 ἐνδυμενείας
1404 3264 1492 3319 διά
1530 3282 1610 3318 τοι
1637 3264 1739 3334 τῆς

151 3359 495 3430 ἀμπεχόνης,
527 3363 622 3412 καὶ
652 3359 760 3412 τῶν
784 3359 1126 3430 δαλματικῶν
1147 3361 1312 3432 ἤγουν
1344 3360 1621 3424 κολοϐίων,
1647 3362 1742 3415 καὶ

151 3449 254 3503 τοῦ
310 3451 624 3521 πλατυσμοῦ
668 3451 776 3506 τῶν
823 3452 1228 3524 φυλακτηρίων,
1274 3454 1521 3508 τουτέστι
1561 3453 1740 3525 σημὰ-

151 3559 272 3597 των
301 3545 400 3614 τῆς
425 3545 728 3616 πορφύρας,
757 3546 851 3600 καὶ
903 3545 1222 3617 κρασπέδων
1254 3547 1348 3600 καὶ
1388 3548 1618 3617 ροἳσκων
1653 3548 1744 3600 ἐπὶ

153 3634 230 3688 τὰ
259 3635 526 3708 πτερύγια
564 3640 662 3709 τῆς
702 3637 1036 3710 ἀμπεχόνης,
1083 3638 1242 3694 ἅτινα
1273 3638 1442 3692 ταῦτα
1482 3638 1744 3710 ἐτύγχανε

157 3729 370 3797 σημεῖα
397 3729 494 3798 τῆς
536 3731 666 3800 παρ’
697 3730 880 3794 αὐτοῖς
908 3731 1035 3802 ἄχρι
1086 3730 1278 3802 καιροῦ
1310 3732 1633 3802 ἐγκρατείας
1653 3748 1665 3762 ·
1696 3731 1745 3784 οἳ

157 3815 260 3870 καί
299 3817 686 3890 παρεισέφερον
715 3819 928 3887 γένεσιν
955 3819 1048 3872 καὶ
1079 3821 1438 3894 εἱμαρμένην.

237 4091 608 4158 Σαδδουκαῖοι,
649 4096 696 4147 οἱ
723 4095 1148 4166 ἐρμηνευὸμενοι
1181 4097 1544 4164 Δικαιότατοι,
1576 4100 1626 4153 οἳ
1661 4102 1753 4154 καὶ

159 4183 234 4237 ἐκ
255 4183 448 4252 γένους
485 4185 582 4254 μὲν
621 4181 760 4258 ἦσαν
786 4187 1158 4259 Σαμαρειτῶν,
1184 4190 1319 4260 ὁμοῦ
1349 4190 1405 4244 δὲ
1434 4192 1528 4245 καλ⁸
1565 4193 1754 4263 ἱερέως

161 4271 402 4338 nam,
445 4276 676 4348 νεκρῶν”
708 4278 804 4348 μὲν
839 4277 1136 4332 ἀνάστασιν
1165 4279 1508 4350 ἀρνούμενοι,
1539 4282 1633 4334 καὶ
1679 4283 1753 4353 μὴ

165 4367 608 4438 παραδεχόμενοι
657 4368 884 4438 ἄγγελον
929 4371 1063 4442 μηδὲ
1103 4372 1353 4443 πνεῦμα,
1397 4373 1466 4428 τὰ
1507 4373 1564 4426 δὲ
1595 4374 1755 4428 λοιπὰ

163 4460 356 4514 πάντα
389 4460 537 4525 ὅντες
575 4462 830 4516 Ἰουδαῖοι.

256 4551 794 4622 Ἦμεροϐαπτισταὶ,
851 4555 902 4607 οἳ
955 4554 1053 4625 μὲν
1098 4554 1239 4609 κατά
1290 4556 1465 4611 πάντα
1518 4557 1759 4611 Ἰουδαῖοι

163 4639 340 4714 ἦσαν,
377 4641 614 4712 ἔφασκον
650 4643 707 4696 δὲ
747 4643 950 4716 μηδένα
996 4644 1142 4716 ζωῆς
1185 4646 1406 4700 αἰωνίου
1448 4649 1758 4718 τυγχάνειν,

165 4737 222 4788 εί
260 4733 340 4805 μή
367 4751 420 4787 τι
447 4733 512 4786 ἂν
543 4734 662 4787 καθ’
695 4735 933 4806 ἑκάστην
964 4735 1298 4807 βαπτίζοιτο.

261 4907 537 4978 Ὀσσηνοὶ,
562 4907 612 4961 οἶ
639 4907 703 4979 δὴ
740 4907 1103 4978 Ἰταμώτατοι
1149 4911 1562 4984 ἐρμηνεύονται.
1583 4907 1764 4967 Ἦσαν

165 4999 234 5053 δὲ
267 4991 420 5052 οὗτοι
443 4998 585 5052 κατὰ
610 4999 788 5052 πάντα
812 4999 902 5053 τὸν
926 4999 1087 5070 νόμον
1111 5000 1415 5066 τελοῦντες,
1445 5002 1685 5074 ἐχρῶντο
1709 5003 1767 5056 δὲ

171 5091 278 5146 καὶ
303 5091 550 5164 Γραφαῖς
582 5091 796 5164 ἑτέραις
817 5094 956 5164 μετά
979 5092 1068 5148 τὸν
1089 5093 1281 5164 νόμον·
1315 5095 1440 5158 τοὺς
1467 5094 1524 5148 δὲ
1553 5085 1770 5158 πλείους

171 5183 295 5238 τῶν
334 5183 634 5254 μετέπειτα
660 5183 956 5256 προφητῶν
989 5185 1373 5238 ἀπεϐάλλοντο.

247 5275 628 5348 Νασσαραῖοι,
681 5278 732 5330 oi
785 5277 1210 5350 ἐρμηνευόμενοι
1249 5277 1635 5347 Ἀφηνιασταὶ
1655 5320 1671 5346 ,
1721 5279 1772 5332 οἳ

255 5431 278 5463 ⁸
311 5429 439 5486 Cor.
471 5430 732 5504 Μωῡσῆν.
809 5431 830 5461 ¹
863 5429 992 5486 For.
1027 5431 1308 5501 Ἀγγέλου,
1348 5433 1459 5487 καί.

253 5615 896 5687 (H)_I‘_opoonrol,_et_c.
933 5611 1010 5687 Ea
1040 5611 1605 5687 Epiphaniipartitio,
1641 5627 1758 5667 mo-

176 5681 631 5743 nente'Pe'tavio
663 5686 716 5739 in
751 5681 1239 5739 Animadveréione
1287 5681 1530 5738 ad'hanc
1565 5688 1759 5739 Sama-

177 5759 497 5815 ritanorum
529 5764 756 5822 sectam,
786 5763 840 5809 et
873 5755 1094 5828 quidem
1129 5755 1301 5819 bene,
1337 5767 1552 5826 aequum
1586 5755 1787 5826 magis

1845 3278 2070 3344 Scribat,
2107 3278 2254 3334 soliti
2287 3293 2301 3330 :
2335 3277 2403 3332 ad
2451 3279 2566 3333 haec
2617 3279 2826 3350 1117
2872 3278 3113 3334 decimas
3140 3287 3194 3334 et
3225 3279 3421 3350 primi-

1845 3373 1951 3428 tias
1976 3372 2194 3435 oll‘erre,
2243 3371 2466 3427 assidue
2501 3373 2738 3441 precari,
2787 3367 2971 3426 certos
3017 3371 3198 3425 cultus
3231 3386 3296 3426 ac
3327 3386 3422 3426 su-

1845 3464 2161 3536 perstitiosa
2213 3465 2665 3520 vestimentorum
2717 3478 2916 3534 genera
2967 3462 3244 3518 curiosius
3291 3463 3422 3518 aii‘e-

1846 3565 2032 3620 ctare,
2067 3553 2380 3624 cujusmodi
2430 3562 2558 3608 sunt
2606 3553 2910 3607 dalmaticaa
2947 3551 3062 3606 sive
3095 3551 3330 3616 colobia,
3369 3560 3424 3604 ct

1848 3645 2042 3700 latiora
2101 3647 2348 3715 quaedam
2429 3643 2800 3714 phylacteria,
2846 3642 2950 3696 hoc
2997 3649 3082 3696 est
3143 3651 3422 3713 segmenta

1851 3749 2148 3805 purpurea,
2177 3741 2234 3788 et
2282 3732 2510 3789 ﬁmbrim
2587 3747 2652 3788 ac
2692 3731 3069 3802 malogranata
3095 3733 3162 3786 ad
3189 3731 3424 3786 vestium

1850 3842 1978 3881 oras
2007 3839 2244 3895 appensa
2268 3863 2282 3888 ,
2317 3839 2440 3894 qua
2473 3825 2718 3894 ipsorum
2753 3824 3099 3893 temporaria
3137 3824 3428 3878 continen-

1853 3915 1940 3970 tiae
1967 3915 2123 3985 signa
2165 3913 2548 3984 praeferebant.
2587 3911 2755 3968 Iidem
2787 3921 3072 3983 postremo
3102 3928 3332 3983 geneses
3364 3930 3428 3968 ac

1853 4007 2024 4061 fatum
2063 4005 2503 4060 introducebant.

1927 4097 2244 4152 Sadducteis
2295 4095 2364 4149 ab
2415 4093 2764 4149 exactissima
2804 4092 3022 4162 iustitia
3075 4107 3277 4148 nomen
3321 4101 3428 4148 est.

1856 4189 1959 4255 Qui
1990 4203 2020 4243 e
2051 4187 2526 4242 Samaritanorum
2574 4199 2773 4256 genere
2805 4199 2836 4237 a
2881 4185 3166 4240 sacerdote
3192 4183 3430 4254 quodam

1859 4281 2038 4338 Sadoc
2084 4289 2266 4338 ortum
2315 4280 2646 4336 habuerunt.
2702 4277 3038 4334 Mortuorum
3075 4281 3434 4346 resurrectio-

1860 4391 1980 4430 nem
2009 4374 2296 4437 damnant,
2331 4371 2582 4442 angelum
2613 4384 2702 4438 _ac
2749 4368 3006 4439 spiritum
3051 4369 3299 4425 funditus
3333 4384 3435 4423 ne-

1793 4514 1834 4567 Β
1861 4475 2012 4540 gant,
2049 4473 2248 4521 caetera
2275 4464 2588 4519 Judaeorum
2624 4463 2852 4521 similes.

1935 4558 2424 4628 Hemerobaplista:
2454 4556 2594 4610 nihil
2621 4557 2690 4611 ab
2710 4554 2914 4612 Iudaeis
2945 4562 3302 4624 praeterquam
3333 4552 3443 4606 hoe

1863 4665 1975 4706 uno
1999 4649 2401 4720 discreparunt,
2430 4648 2576 4718 quod
2612 4647 2884 4703 neminem
2908 4658 3126 4701 aeternae
3145 4645 3271 4698 vitae
3289 4657 3439 4698 com-

1865 4747 2049 4810 potem
2093 4754 2217 4795 esse
2261 4753 2423 4810 posse
2471 4738 2755 4803 dicerent,
2815 4737 2924 4791 nisi
2969 4733 3213 4810 quotidie
3259 4748 3320 4790 se
3362 4734 3444 4788 la—

1865 4836 2041 4884 varet.

1940 4919 2159 4982 Osseni,
2185 4935 2420 4990 quorum
2459 4933 2660 4972 nomen
2691 4916 3114 4971 Procacissimos
3146 4911 3440 4985 signiﬁcat.

1866 5009 1970 5076 Qui
2003 5027 2071 5065 ex
2103 5011 2425 5081 praescripto
2466 5011 2600 5080 legis
2623 5009 2807 5063 omnia
2831 5007 3140 5072 faciebant;
3179 5004 3275 5060 sed
3307 5004 3444 5058 alias

1870 5109 2131 5168 praeterea
2142 5099 2468 5168 Scripturas
2495 5098 2850 5163 adhibebant,
2875 5106 2930 5151 et
2958 5112 3023 5152 ex
3047 5093 3446 5166 posterioribus

1870 5190 2152 5259 prophetis
2187 5191 2480 5260 plerosque
2515 5191 2859 5258 rejiciebant.

1941 5280 2294 5350 Nassaraaos,
2329 5281 2680 5337 Conmmaces
2715 5281 3071 5351 interpretari
3114 5280 3319 5350 possis,
3353 5281 3448 5353 qui

1865 5627 1930 5666 ac
1954 5610 2248 5683 benignum
2301 5611 2562 5683 lectorem
2615 5611 2813 5682 exigit,
2847 5625 3012 5682 quam
3055 5624 3369 5670 accuratum
3401 5623 3458 5670 et

1865 5681 2136 5807 sievqrum.
2187 5681 2385 5740 Confer
2436 5698 2556 5753 qua:
2615 5681 2806 5740 eodem
2863 5681 2921 5737 in
2975 5685 3097 5738 loco
3159 5685 3320 5742 habet
3373 5685 3458 5740 vir

1868 5771 1886 5807 t
1907 5767 1970 5807 oc
2001 5767 2084 5807 us.

1868 5767 2084 5809 αοοιυε.
