3810 6216
438 324 539 381 847

1828 306 1886 361 S.
1929 302 2267 360 EPIPHANH

3598 307 3693 361 858

438 437 619 497 carnis
652 449 751 491 usu
792 446 1016 505 prorsus
1054 426 1388 484 interdicunt
1424 442 1436 478 :
1475 424 1543 478 ab
1596 420 1850 476 animatis
1886 418 1993 474 abst

2139 421 2297 473 τᾶσαν
2330 421 2708 493 σαρκοφαγίαν
2739 420 3190 492 ἀπαγορεύουσιν,
3218 419 3484 490 ἐμψύχων
3512 420 3570 474 δὲ
3592 423 3693 474 016‘

436 528 632 589 tinent,
701 518 1045 594 patriarchas
1076 529 1269 572 omnes
1311 512 1403 583 qui
1436 512 1490 565 in
1538 506 1908 565 Pentateucho
1942 505 2010 559 ad

440 616 641 689 Moysis
696 624 751 669 et
789 610 920 667 Jesu
968 610 1064 665 ﬁlii
1128 604 1278 662 Nave
1320 613 1567 674 tempora
1617 598 2007 658 continentur,

441 707 722 762 asciscunt
784 713 839 759 et
881 703 949 757 iis
1002 699 1161 755 ﬁdem
1209 696 1506 751 adhibent:
1546 690 1854 760 cujusmodi
1881 693 2010 743 sunt

435 799 715 856 Abraham
764 805 820 853 et
892 793 1046 850 lsaac
1119 797 1173 847 et
1230 786 1400 842 Jaeob
1462 785 1639 854 lisque
1697 781 2009 850 superiores

441 906 654 953 omnes,
698 899 914 945 necnon
964 895 1017 939 et
1051 881 1267 954 Moyses
1302 879 1417 950 ipse
1444 892 1569 933 cum
1599 878 1815 930 Aarone
1845 880 2009 943 atque

437 985 586 1041 Jesu.
611 981 878 1037 Caeterum
919 974 1274 1031 Pentateuchi
1320 970 1595 1027 volumina
1640 966 1845 1038 Moysis
1887 978 2009 1019 esse

441 1093 549 1132 non
584 1082 810 1146 putant,
846 1077 900 1125 et
945 1068 1050 1123 alia
1099 1067 1168 1122 ab
1221 1066 1289 1120 iis
1318 1064 1533 1118 diversa
1562 1074 1731 1131 penes
1780 1072 1840 1113 se
1885 1070 2009 1111 esse

406 1168 705 1241 ’jactitant.

501 1254 801 1313 Herodiani
836 1266 961 1308 cum
994 1249 1211 1304 Judreos
1243 1246 1297 1300 in
1328 1243 1584 1299 omnibus
1618 1255 1739 1297 sese
1778 1245 2009 1310 praesta-

430 1356 572 1413 rent,
601 1345 873 1402 Herodem
906 1341 1187 1398 Christum
1221 1353 1344 1394 esse
1390 1333 1810 1406 proﬁtebantur,
1845 1328 2007 1398 eique

429 1439 636 1498 Christi
662 1436 984 1507 dignitatem
1020 1445 1085 1486 ac
1116 1444 1315 1485 nomen
1344 1424 1693 1495 aﬁingebant.

501 1530 723 1587 Primus
747 1528 852 1583 iste
889 1534 1074 1580 tomus
1112 1520 1315 1592 estqui
1343 1520 1579 1573 hareses
1608 1530 1681 1570 xx
1716 1511 2002 1569 continet:

427 1634 482 1679 ct
530 1623 585 1676 in
620 1620 811 1676 eodem
859 1617 927 1672 de
977 1612 1354 1669 incarnatione
1391 1608 1600 1665 Christi
1650 1620 1715 1660 ac
1758 1602 2006 1659 veritatis

428 1712 772 1785 professione
798 1723 918 1779 quae
959 1722 1068 1762 una
1117 1714 1171 1760 et
1225 1703 1344 1759 sola
1392 1711 1476 1757 est
1527 1699 1623 1755 Dei
1666 1710 1798 1754 vera
1846 1694 2001 1759 ﬁdes,

430 1813 712 1877 postremo
740 1802 863 1855 loco
891 1796 1203 1854 disseritur.

496 1895 775 1950 Hactenus
800 1893 985 1961 itaque
1018 1904 1087 1944 xx
1125 1888 1340 1943 illarum
1376 1885 1655 1940 haereseon
1688 1896 1811 1953 quae
1838 1879 2003 1935 Chri-

427 1999 573 2046 stum
599 1992 1015 2043 antecesserunt
1066 1982 1373 2037 confutatio
1428 1994 1495 2033 ac
1551 1978 1676 2032 ﬁdei
1721 1986 1776 2032 et
1820 1976 2005 2031 incar-

426 2081 669 2138 nationis
702 2077 907 2134 Christi
930 2076 1212 2131 declarala
1241 2074 1384 2127 ratio
1407 2081 1511 2127 est.

523 2173 741 2245 1118
802 2168 910 2225 Sed
969 2184 1001 2224 e
1040 2167 1271 2237 vestigio
1328 2164 1535 2220 Christi
1589 2162 1717 2219 Jesu
1780 2161 1998 2217 Domini

424 2265 600 2321 nostri
649 2264 916 2317 adventus
972 2262 1028 2313 in
1077 2271 1244 2312 carne
1278 2261 1609 2310 consecutus
1640 2260 1756 2321 est,
1801 2254 1894 2324 qui
1951 2261 2005 2309 et

424 2373 501 2411 vti
538 2356 661 2410 illas
707 2354 946 2407 haereses
980 2348 1373 2419 Hierosolymis
1406 2345 1654 2409 oﬁendit,
1688 2352 1742 2401 et
1778 2346 1997 2400 easdem

428 2464 527 2505 sua
563 2447 615 2503 vi
644 2444 933 2516 dissipavit
959 2451 1012 2499 et
1044 2442 1330 2498 exstinxit.
1374 2438 1739 2506 Quamobrem
1778 2438 2002 2508 reliquae

421 2554 615 2595 omnes
665 2537 901 2593 haereses
943 2534 1179 2589 adventu
1226 2533 1320 2587 illo
1363 2533 1698 2604 posteriores
1734 2533 1999 2586 l'uerunt:

424 2631 684 2687 nimirum
714 2636 1005 2699 postquam
1032 2624 1202 2680 Maria
1224 2627 1377 2696 virgo
1408 2622 1664 2679 Nazareti
1700 2639 1729 2678 a
1749 2621 2001 2679 Gabriele

422 2723 703 2779 emlestem
737 2721 994 2776 nuntium
1035 2717 1273 2788 accepit,
1312 2732 1375 2771 ac
1414 2714 1651 2771 Verbum
1693 2714 1826 2770 illud
1869 2729 2005 2770 con-

421 2822 640 2886 ceptum
677 2821 784 2879 est,
821 2811 971 2884 quod
1020 2811 1240 2866 caelitus
1273 2824 1304 2865 e
1341 2816 1572 2881 paterno
1607 2808 1732 2864 sinu
1776 2807 2000 2880 prodiit,

424 2916 550 2961 ante
605 2916 821 2977 tempus
869 2911 1034 2974 atque
1084 2902 1301 2956 initium
1347 2915 1511 2955 omne
1548 2900 1899 2970 productum,
1947 2907 2003 2954 et

418 2999 678 3054 extremis
696 2994 1033 3067 temporibus
1056 2994 1205 3049 venit
1234 2993 1376 3049 Deus
1389 2990 1627 3047 Verbum
1657 2992 1952 3055 exsistens,
1972 3006 2001 3045 a

2109 512 2246 575 δλως
2290 512 2816 583 μεταλαμὸάνουσιν.
2868 514 3031 583 Ἀχρι
3066 511 3122 565 δὲ
3156 514 3439 576 Μωῦσέως
3461 513 3561 565 καὶ
3596 515 3691 583 ’1η-

2113 601 2207 655 σοῦ
2240 600 2337 655 τοῦ
2366 602 2523 671 Ναυῆ
2553 603 2752 665 τοῖς.ἐν
2782 604 2847 672 τῇ
2875 601 3234 673 Πεντατεύχιρ
3262 602 3443 671 ἁγίοις
3474 602 3694 672 ὀνόμασι

2112 692 2469 766 πατριαρχῶν
2502 692 2836 764 κεχρημένοι
2863 711 2923 747 τε
2948 693 3041 746 καὶ
3070 692 3444 757 πιστεύοντες,
3480 692 3625 763 φημὶ
3643 693 3691 745 δὲ

2123 783 2375 856 Ἀϐραὰμ
2410 784 2505 837 καὶ
2546 783 2735 837 ’ἰσαάκ
2769 783 2865 837 καὶ
2904 782 3100 836 Ἰακὼὸ
3137 784 3231 837 καὶ
3262 783 3375 836 τῶν
3411 783 3689 843 ἀνωτάτω,

2109 876 2205 929 καὶ
2245 875 2412 929 αὐτοῦ
2456 876 2737 940 Μωῦσέως
2789 874 2883 929 καὶ
2941 874 3150 947 ’Δαρὼν
3198 875 3294 930 καὶ
3331 874 3535 945 Ἰησοῦ.
3594 876 3692 938 τὰς

2108 966 2165 1019 δέ
2224 966 2323 1037 τῆς
2370 966 2739 1036 Πεντατεύχου
2789 966 3013 1038 Γραφάς
3067 967 3167 1020 οὐκ
3229 962 3374 1019 εἶναι
3419 965 3693 1029 Μωῠσέως

2107 1054 2547 1128 δογματίζουσιν,
2591 1056 2757 1120 ἄλλας
2793 1056 2851 1110 δὲ
2889 1057 3040 1128 παρὰ
3085 1056 3288 1121 ταύτας
3332 1056 3484 1127 ἔχειν
3519 1056 3694 1108 61:6;-

2109 1148 2409 1204 δαιοῦνται.

2190 1240 2530 1311 Ἡρωδιανοὶ,
2578 1240 2625 1294 οἳ
2674 1239 2910 1295 Ἰουδαῖοι
2963 1241 3062 1311 μὲν
3106 1236 3245 1312 ἦσαν
3298 1240 3444 1293 κατά
3499 1240 3695 1297 πάντα.

2120 1330 2365 1403 Ἡρώδην
2411 1331 2469 1384 δὲ
2515 1331 2751 1403 Χριστὸν
2784 1333 3159 1403 προσεδόκων,
3202 1333 3295 1386 καὶ
3342 1331 3529 1402 τούτῳ
3578 1332 3698 1402 περὶ

2106 1422 2205 1477 τοῦ
2241 1423 2479 1495 Χριστοῦ
2511 1423 2789 1478 ἐπεδίδουν
2814 1424 2953 1495 γέρα
2982 1425 3077 1477 καὶ
3108 1424 3297 1494 ὄνομα.

2178 1508 2347 1579 Οὗτος
2393 1515 2610 1587 πρῶτος
2648 1516 2815 1587 τόμος
2862 1517 3136 1590 περιέχων
3178 1517 3314 1571 κατά
3358 1515 3563 1571 πασῶν
3596 1516 3699 1569 τῶν

2107 1611 2310 1663 εἴκοσιν
2334 1611 2598 1681 αἱρέσεων
2619 1628 2629 1638 ·
2670 1610 2727 1662 ἐν
2754 1608 2901 1680 αὐτῷ
2924 1610 2981 1662 δὲ
3003 1609 3098 1662 καὶ
3116 1610 3151 1681 ἡ
3180 1610 3306 1680 περὶ
3333 1609 3434 1679 τῆς
3452 1608 3699 1679 Χριστοῦ

2107 1700 2366 1773 ἐνδημίας
2398 1701 2677 1766 ὑπόθεσις,
2729 1702 2823 1754 καὶ
2852 1701 2885 1773 ἡ
2914 1701 3013 1772 τῆς
3044 1700 3297 1772 ἀληθείας
3334 1701 3636 1772 ὁμολογία,
3669 1703 3698 1770 ᾖ

2110 1792 2207 1865 μία
2234 1795 2327 1847 καὶ
2362 1792 2498 1865 μόνη
2520 1787 2656 1848 οὖσα
2681 1793 2773 1847 τοῦ
2806 1791 2941 1847 Θεοῦ
2970 1793 3178 1866 ἀληθὴς
3211 1795 3414 1858 πίστις.

2178 1888 2289 1940 Καὶ¹
2330 1887 2436 1951 ἕως
2470 1888 2566 1957 μὲν
2592 1880 2694 1941 ὧδε
2734 1890 2767 1959 ἡ
2798 1887 2907 1942 τῶν
2950 1887 3058 1959 πρὸ
3094 1888 3327 1959 Χριστοῦ
3358 1888 3582 1942 εἴκοσιν
3623 1890 3701 1941 αἱ·

2112 1980 2312 2053 ρέσεων
2346 1981 2643 2050 ἀντιλογία,
2688 1983 2782 2035 καὶ
2824 1982 2954 2053 περὶ
2993 1982 3232 2045 πίστεως
3264 1981 3359 2035 καὶ
3405 1982 3553 2051 περὶ
3605 1982 3699 2051 τῆς

2107 2075 2373 2147 ἐνσάρκου
2402 2074 2495 2128 τοῦ
2528 2074 2764 2146 Χριστοῦ
2800 2074 3123 2145 παρουσίας.

2178 2166 2355 2231 Εὐθὺς
2387 2167 2699 2237 ἐπεδήμησε
2740 2167 2880 2219 κατά
2910 2166 3076 2229 πόδας
3102 2167 3135 2237 ἡ
3167 2165 3259 2220 τοῦ
3289 2166 3509 2237 Κυρίου
3546 2165 3702 2237 ἡμῶν

2120 2258 2294 2329 Ἰησοῦ
2329 2259 2565 2331 Χριστοῦ
2599 2259 2862 2330 ἔνσαρκος
2900 2259 3171 2331 παρουσία
3197 2260 3236 2323 ί,
3270 2260 3390 2330 ἥτις
3416 2260 3700 2313 κατέλαϐε

2110 2351 2289 2422 (πρὸς)
2323 2350 2421 2414 τὰς
2448 2351 2848 2422 προειρημένας
2878 2352 3017 2405 ἐπτὰ
3043 2351 3281 2421 αἱρέσεις
3301 2354 3358 2405 ἐν
3385 2352 3491 2423 (δὲ)
3542 2352 3703 2423 Ἰερο-

2110 2440 2383 2513 σολύμοις,
2406 2442 2594 2496 ἔσϐεσε
2636 2444 2691 2497 δὲ
2719 2442 2922 2506 ταύτας
2952 2444 2985 2515 ἡ
3018 2443 3182 2497 αὐτοῦ
3208 2443 3430 2515 δύναμις
3462 2444 3575 2498 καὶ
3606 2444 3703 2496 διε-

2109 2534 2354 2588 σκέδασε.
2385 2534 2584 2588 Λοιπὸν
2608 2534 2663 2588 δὲ
2694 2534 2799 2587 ἀπὸ
2829 2534 2928 2605 τῆς
2956 2533 3120 2587 αὑτοῦ
3162 2534 3484 2605 ἐπιδημίας,
3510 2538 3535 2567 ³
3567 2536 3703 2605 μετὰ

2106 2626 2166 2679 τὸ
2209 2627 2659 2699 εὐαγγελισθῆναι
2692 2625 2925 2699 Μαριὰμ
2971 2628 3028 2680 ἐν
3074 2627 3345 2699 Ναζαρὲτ,
3386 2629 3488 2680 καὶ
3527 2644 3680 2680 συνεί

2106 2719 2370 2791 ληφθέναι
2397 2720 2487 2774 τὸν
2510 2721 2681 2789 Λόγον
2708 2721 2799 2773 τὸν
2832 2721 2959 2775 ὅντα
2988 2722 3080 2774 ἀπ’
3109 2719 3337 2791 οὐρανοῦ
3370 2722 3433 2773 ἐκ
3471 2721 3703 2773 κόλπων

2106 2810 2376 2882 πατρῴων
2394 2813 2791 2883 γεγεννημένον
2810 2813 3053 2885 ἀχρόνως
3068 2812 3161 2865 καὶ
3177 2812 3441 2884 ἀνάρχως.
3467 2812 3701 2866 ἐλθόντα

2104 2903 2160 2957 δὲ
2200 2905 2287 2958 ἐπ’
2338 2905 2581 2975 ἐσχάτων
2642 2905 2749 2959 τῶν
2792 2905 3015 2981 ἡμερῶν
3044 2905 3177 2960 Θεὸν
3221 2908 3388 2975 Λόγον
3422 2905 3598 2963 ὄντα.
3645 2909 3702 2959 ἐκ

2104 2992 2239 3047 Θεοῦ
2270 2994 2484 3064 Πατρὸς
2510 2993 2779 3065 ἀληθινῶς
2803 2996 3220 3067 γεγεννημένον,
3248 2995 3547 3067 ὁμοούσιον
3572 2996 3703 3050 ὄντα

421 3090 531 3146 Deo
576 3089 736 3145 Patre
798 3103 985 3144 revera
1057 3090 1275 3159 genitus
1341 3082 1695 3154 ejusdemque
1736 3098 1862 3139 cum
1909 3084 1993 3138 ille

2139 3085 2180 3156 ᾧ
2207 3087 2401 3159 Ila-cpi,
2439 3088 2534 3140 καὶ
2559 3086 2711 3141 οὐδὲν
2742 3089 2892 3161 παρά
2914 3088 3005 3142 τὸν
3037 3089 3258 3161 Πατέρα
3294 3088 3699 3161 ἠλλοιωμένον.

421 3181 765 3244 substantiae,
807 3195 908 3236 nec
942 3179 1052 3233 ulla
1083 3196 1141 3235 re
1166 3194 1195 3233 a
1220 3178 1382 3235 Patre
1410 3185 1673 3244 mutatus,
1704 3177 1797 3233 sed
1827 3176 1997 3232 vicis-

420 3272 681 3328 situdinis
716 3286 780 3327 ac
810 3271 1137 3327 mutationis
1167 3277 1221 3325 et
1252 3269 1557 3326 affectionis
1590 3270 1770 3325 omnis
1801 3283 1997 3338 expers

364 3382 369 3385 ‘
417 3372 471 3420 et
517 3364 656 3420 citra
689 3364 855 3419 ullam
899 3363 1066 3418 animi
1122 3362 1569 3417 commotionem.
1595 3360 1701 3428 Qui
1736 3376 1861 3416 eum
1901 3376 1997 3433 ge-

422 3455 574 3512 neris
620 3456 797 3512 nostri
838 3456 1099 3511 misertus
1145 3453 1307 3518 foret,
1339 3454 1628 3511 descendit
1666 3470 1697 3509 e
1740 3453 1902 3520 ctelo,
1934 3468 1998 3508 ac

426 3548 486 3601 t'e
536 3545 743 3617 Spiritu
792 3557 1004 3611 sancto,
1029 3561 1141 3600 non
1167 3561 1198 3601 e
1238 3545 1382 3600 virili
1434 3545 1645 3601 semine
1674 3554 1994 3617 conceptus,

423 3654 607 3695 rerum
638 3654 843 3708 corpus
876 3654 906 3693 e
940 3636 1109 3691 Maria
1144 3638 1408 3706 suscepit,
1442 3652 1566 3692 cum
1594 3653 1625 3693 e
1655 3648 1848 3693 sancto
1875 3639 1998 3708 ejus

421 3738 582 3787 utero
618 3745 840 3797 carnem
883 3729 989 3783 sibi
1022 3728 1294 3793 ﬁnxisset,
1320 3729 1726 3794 humanamque
1758 3731 1996 3785 animam

416 3835 470 3879 et
516 3833 751 3879 mentem
801 3822 1106 3889 induisset;
1150 3836 1215 3876 ac
1260 3820 1526 3892 quidquid
1558 3824 1785 3877 omnino
1832 3824 1998 3880 homo

415 3925 520 3982 est,
563 3922 766 3985 praeter
807 3920 1096 3984 peccatum
1122 3955 1137 3981 ,
1174 3928 1363 3969 secum
1421 3929 1486 3969 ac
1530 3929 1655 3968 eum
1710 3914 1997 3973 divinitate

417 4022 517 4062 sua
547 4007 881 4077 copulasset.
928 4003 1060 4059 Inde
1100 4003 1436 4062 Bethlehemi
1472 4005 1525 4059 in
1563 4006 1739 4061 lucem
1775 4006 1994 4073 editus,

419 4107 586 4169 atque
621 4096 1007 4161 circumcisus,
1055 4093 1448 4167 Hierosolymis
1483 4096 1701 4151 oblatus
1735 4104 1851 4164 est;
1896 4098 1999 4152 ibi-

415 4205 522 4258 que
549 4204 580 4243 a
604 4187 875 4261 Symeone
907 4188 1049 4243 inter
1076 4186 1298 4242 brachia
1332 4196 1641 4257 susceptus,
1658 4197 1712 4244 et
1745 4189 1813 4244 ab
1839 4189 1996 4244 Anna

414 4283 713 4337 Phanuelis
752 4282 862 4337 ﬁlia
898 4282 1250 4353 prophetissa
1279 4282 1634 4352 praedicatus,
1668 4281 1995 4338 Nazaretum

413 4376 731 4444 deportatus
761 4372 868 4431 est.
901 4373 1041 4429 Tum
1084 4389 1231 4429 anno
1281 4374 1529 4445 sequenti
1570 4391 1629 4431 se
1657 4388 1843 4430 coram
1882 4374 1995 4429 Deo

2099 3180 2214 3234 ἀλλ’
2246 3180 2516 3253 ἄτρεπτον
2552 3181 2682 3237 ὄντα
2721 3182 2814 3237 καὶ
2847 3182 3205 3238 ἀναλλοίωτον
3228 3184 3407 3255 ἀπαθῆ
3436 3201 3510 3237 τε
3537 3184 3698 3246 Μ,

2103 3272 2493 3344 συμπάσχοντα
2527 3274 2585 3328 δὲ
2622 3273 2699 3345 τῷ
2729 3273 2984 3347 ἡμετέρῳ
3028 3275 3197 3344 γένει,
3225 3277 3315 3329 καὶ
3337 3275 3579 3329 ἐλθόντα
3604 3278 3701 3329 ἀπ’

2099 3364 2354 3435 οὐρανοῦ.
2398 3366 2840 3437 ὲγκυμονηθέντα
2866 3368 2967 3420 οὐκ
2999 3367 3108 3421 ἀπὸ
3132 3368 3440 3440 σπέρματος
3468 3368 3699 3440 ἀνδρὸς,

2100 3456 2213 3510 ἀλλ’
2240 3456 2346 3510 ἀπὸ
2376 3456 2687 3529 Πνεύματος
2714 3458 2890 3529 ἁγίου,
2924 3457 3191 3531 ἀληθινῶς
3225 3462 3379 3533 σῶμα
3409 3463 3528 3516 ἀπὸ
3576 3467 3699 3519 Μα-

2103 3550 2223 3620 ρίας
2250 3550 2540 3621 ἐσχηκότα,
2570 3550 2958 3605 ἀναπλάσαντα
3006 3552 3187 3623 ἐαυτῷ
3227 3553 3323 3625 τὴν
3354 3556 3547 3626 σάρκα
3593 3559 3699 3611 aut

2098 3644 2199 3713 τῆς
2235 3643 2446 3713 μήτρας
2472 3642 2571 3712 τῆς
2602 3643 2787 3711 ἁγίας,
2817 3644 2996 3716 ψυχὴν
3026 3657 3126 3716 την
3158 3642 3513 3717 ἀνθρωπίνην
3552 3651 3697 3723 εἱλη-

2100 3735 2238 3803 φότα
2261 3736 2354 3788 καὶ
2374 3735 2500 3789 νοῦν
2522 3737 2614 3789 καὶ
2640 3737 2747 3790 πᾶν
2774 3736 2827 3789 εἴ
2847 3737 2900 3791 τί
2930 3739 3077 3792 ἐστιν
3109 3738 3413 3810 ἄνθρωπος,
3444 3745 3538 3806 είς
3570 3744 3695 3797 ἐαυι

2100 3828 2190 3881 τὸν
2217 3831 2281 3898 τῇ
2312 3827 2503 3882 ἐαυτοῦ
2536 3830 2749 3902 θεότητι
2779 3831 3179 3899 συνενὼσαντα,
3205 3836 3617 3906 γεγεννημένον
3639 3856 3692 3891 τε

2101 3918 2160 3969 ἐν
2195 3917 2460 3989 Βηθλεέμ,
2501 3921 2929 3991 περιτμηθέντα,
2963 3924 3393 3995 προσενεχθέντα
3429 3929 3493 3979 ἐν
3531 3930 3693 3999 Ἱερο-

2101 4007 2378 4079 σολύμοις,
2419 4012 2876 4080 ἐναγκαλισθέντα
2917 4014 3022 4067 ὑπὸ
3044 4015 3287 4087 Συμεὼν,
3321 4017 3691 4092 ἀνθομολογη-

2101 4099 2261 4155 θέντα
2296 4102 2400 4156 ὑπὸ
2433 4105 2631 4175 ’Λννης
2658 4104 2759 4175 τῆς
2787 4106 2882 4159 τοῦ
2905 4108 3146 4180 Φανουὴλ
3180 4112 3541 4182 προφήτιδας,
3586 4115 3690 4168 3.2:-

2101 4194 2350 4266 φθέντα³
2396 4198 2475 4260 είς
2516 4197 2804 4270 Ναζαρὲτ,
2860 4200 3083 4255 ἐλθόντα
3131 4202 3211 4273 τῷ
3262 4202 3392 4274 ἑξῆς
3447 4206 3689 4278 ἐνιαυτῴ

2098 4286 2329 4357 eseam
2358 4288 2586 4342 ἐνώπιον
2615 4290 2819 4364 Κυρίου
2839 4332 2854 4358 ,
2907 4293 3201 4363 γενόμενόν
3232 4312 3292 4347 τε
3336 4298 3393 4348 ἐν
3435 4296 3690 4369 Βηθλεὲμ

2099 4379 2183 4433 διὰ
2219 4380 2316 4452 τὴν
2359 4382 2677 4450 συγγένειαν
2726 4383 2833 4438 ὑπὸ
2870 4386 2969 4455 τῆς
3011 4386 3217 4457 μητρὸς
3255 4386 3686 4459 βασταζόμενον,

2025 4433 2072 4490 ι)
2110 4467 2165 4490 ..τ

415 4464 867 4535 repraesentavit,
919 4473 1083 4535 atque
1133 4465 1260 4520 inde
1312 4464 1724 4521 Bethlehemum
1771 4478 1993 4537 propter

2139 4467 2255 4535 ῦθις
2280 4472 2440 4527 πάλιν
2464 4476 2544 4539 είς
2570 4475 2825 4549 Ναζαρὲτ
2846 4477 3185 4551 ἀπαρθέντα,
3213 4480 3309 4533 καὶ
3332 4481 3473 4534 κατὰ
3500 4482 3687 4536 δευτέ-

417 4556 634 4627 generis
685 4557 1147 4627 propinquitatem
1196 4572 1227 4610 a
1274 4567 1446 4611 matre
1490 4558 1704 4614 delatus
1745 4568 1848 4616 est.
1884 4559 1991 4616 Sed

421 4661 638 4701 rursum
679 4646 1001 4702 Nazaretum
1049 4646 1286 4715 rediens,
1331 4665 1476 4704 anno
1522 4650 1691 4706 altero
1719 4658 1980 4716 vertente,

417 4735 869 4807 Hierosolymam,
886 4747 1133 4808 gestante
1155 4747 1347 4803 matre,
1372 4740 1668 4809 perductus
1692 4750 1796 4796 est.
1824 4739 1989 4796 Beth-

412 4827 605 4883 lehemi
668 4844 830 4899 porro
869 4846 992 4886 cum
1042 4832 1109 4885 ad
1141 4831 1286 4888 aedes
1342 4834 1607 4903 quasdam
1661 4852 1783 4889 cum
1818 4847 1990 4891 matre

410 4935 474 4974 ac
516 4916 754 4991 Joscpho
782 4921 1112 4985 divertisset,
1142 4923 1233 4993 qui
1266 4924 1379 4994 jam
1423 4928 1646 4996 grandis
1682 4937 1809 4983 natu
1851 4945 1973 4983 cum

2100 4580 2201 4636 ραν
2241 4563 2488 4635 περίοδον
2516 4564 2776 4621 ἐνιαυτῶν
2802 4569 2887 4629 είς
2912 4567 2980 4621 τὰ
3015 4565 3363 4640 Ἰεροσόλυμα
3387 4569 3687 4640 ἐληλυθότα

2099 4654 2498 4727 βασταζόμενον
2529 4658 2633 4711 ὑπὸ
2662 4659 2760 4729 τῆς
2798 4659 2934 4721 ιδίας
2971 4662 3177 4732 μητρός
3200 4680 3213 4692 ο
3254 4663 3311 4714 ἐν
3342 4661 3597 4734 Βηθλεὲμ
3632 4668 3687 4718 ἐν

2096 4747 2244 4818 οἰκία
2268 4748 2597 4802 κατελθόντα
2648 4751 2745 4803 σὺν
2788 4754 2853 4822 τῇ
2898 4750 3001 4822 ἰδία
3033 4754 3202 4825 μητρὶ
3231 4755 3325 4806 καὶ
3376 4754 3581 4824 Ἰωσὴφ
3605 4758 3687 4822 γέ-

2101 4857 2243 4911 ροντι
2277 4840 2391 4894 ὄντι
2432 4840 2566 4912 (12),
2588 4843 2684 4895 σὺν
2716 4845 2782 4913 τῇ
2816 4842 3045 4915 Μαριὰμ
3075 4844 3131 4897 δέ
3174 4844 3318 4898 δντιο
3349 4847 3582 4901 κάκεῖσε
3612 4849 3687 4918 τῷ

2088 4934 2327 5006 δευτέρῳ
2372 4935 2480 4989 ἔτει
2501 4936 2611 5009 (15)
2662 4937 2761 5008 τῆς
2802 4937 2964 4992 αὑτοῦ
3019 4941 3326 5011 γεννήσεως
3380 4960 3685 4997 κατοπτευ⁴

480 5076 497 5107 ¹
531 5075 855 5167 Eziden‘rlib.
891 5094 905 5131 ι
948 5076 1168 5167 Pquarji
1220 5080 1510 5167 leguntur;
1598 5084 1617 5116 ³
1642 5084 1993 5167 _Supplennnduu

2139 5140 2140 5143 η
2194 5090 2286 5144 lib.
2322 5106 2359 5157 ι,
2391 5092 2448 5144 αἱ
2511 5092 2801 5163 μετέπειτα
2851 5096 3022 5163 πᾶσαι
3070 5094 3361 5163 γεγόνασιν
3407 5098 3681 5167 αἱρέσεις·

409 5147 552 5215 λέγω
584 5149 669 5218 δή.
698 5148 817 5201 Mox
854 5149 1204 5221 συνειλῆφθαι
1245 5147 1348 5222 leg.
1426 5154 1446 5183 ⁸
1480 5152 1599 5207 Scr.
1630 5147 2017 5228 ἀπενεχθέντα.

479 5261 593 5339 (i2)
626 5262 874 5339 I‘_dppr_rc
925 5262 1071 5339 όκτι.
1120 5262 1506 5339 Animadverte
1538 5282 1722 5323 senem
1756 5267 1823 5322 ab
1855 5268 1980 5339 Epi-

446 5328 611 5405 hanio
652 5328 776 5405 dici
810 5332 1125 5405 Josephumi
1162 5334 1399 5404 Virginis
1458 5337 1639 5392 Maria:
1692 5328 1976 5405 sponsum.

437 5399 604 5474 isdem
635 5404 855 5474 omnino
890 5399 1068 5474 verbis
1096 5404 1163 5458 de
1182 5399 1285 5474 illo
1316 5406 1556 5474 loquitur
1582 5417 1637 5464 et
1666 5399 1979 5463 in'Pauario

410 5470 478 5550 de
518 5471 897 5550 incarnatione
939 5473 1142 5550 Christi
1181 5470 1401 5529 Domini
1437 5492 1632 5543 agens,
1660 5492 1814 5533 num.
1840 5482 1898 5545 1',
1925 5480 1980 5535 in

410 5540 601 5613 han‘esi
636 5541 725 5613 Si,
750 5558 906 5613 _num.
942 5542 1026 5603 10,
1066 5543 1243 5611 ipsum
1284 5540 1695 5613 octogenarium
1732 5552 1880 5604 facit.

449 5607 593 5689 ,(15)
635 5608 714 5673 Τῷ
738 5607 1165 5689 δευτέρῳ-ἔτει.
1215 5616 1288 5667 Ea
1325 5607 1611 5686 Epiphanii
1644 5620 1832 5689 opinio
1869 5630 1976 5678 est.

410 5680 629 5735 biennio
660 5695 688 5732 a
719 5682 802 5737 sui
852 5683 1131 5739 natiritate
1161 5698 1348 5758 magos
1371 5680 1659 5756 'ex'cepisse
1682 5680 1979 5746 'Christum

2091 5268 2421 5335 Dominum;
2453 5286 2616 5337 quam
2672 5288 2778 5325 non
2824 5273 3001 5327 solum
3043 5274 3132 5327 hic
3165 5274 3439 5337 insinuat.
3497 5278 3596 5333 sed
3629 5290 3675 5331 es

2089 5341 2145 5412 in
2194 5340 2359 5412 locisp
2384 5356 2553 5410 supra
2598 5342 2885 5410 indicatis,
2939 5345 3141 5412 quibus
3192 5346 3331 5400 adde
3382 5363 3538 5402 num.
3594 5350 3675 5407 10.

2088 5410 2293 5487 Haeres.
2332 5410 2418 5464 78.
2455 5415 2606 5466 Illam
2642 5414 2874 5487 ἵοξςιεςε
2912 5410 3185 5470 concessit
3232 5418 3288 5470 in
3341 5419 3675 5487 opinionem,

2090 5480 2234 5553 quod
2284 5491 2664 5551 przeeourcpta
2710 5483 2944 5538 Matthiei
2996 5488 3311 5552 narratione
3341 5480 3409 5541 de
3442 5488 3677 5553 Herode,

2093 5552 2185 5622 qui
2219 5552 2395 5626 iratus
2430 5555 2711 5608 mandavit
2742 5557 2928 5610 necari
2963 5556 3237 5621 infantes,
3273 5557 3366 5626 qui
3397 5552 3674 5611 biennium

2088 5621 2333 5698 nondum
2361 5626 2932 5698 _e_$ces_scrant_,juxta
2957 5638 3157 5694 tempus
3174 5621 3329 5698 quo}!
3352 5630 3675 5696 exquisierst

2090 5710 2120 5746 a
2152 5694 2315 5762 magis
2350 5693 2573 5763 (Matth.
2612 5712 2668 5763 ll,
2708 5693 2830 5769 16);
2880 5693 3462 5769 temporum'rationes
3509 5704 3650 5769 negti
