3810 6216
177 325 292 384 819

1470 335 2138 395 ANACEPHALEOSIS.

3344 345 3450 401 850

174 439 361 504 θέντα,
386 442 534 516 δῶρα
569 445 821 512 λαϐόντα,
858 449 952 502 καὶ
973 448 1032 503 ὲν
1064 449 1202 523 αὐτῇ
1227 451 1383 507 νυκτὶ
1413 453 1508 510 ὑπ’
1532 455 1730 526 ἀγγέλο

1874 457 2043 514 Maria
2085 457 2338 529 degebat,
2374 458 2618 516 secundo
2661 461 2729 515 ab
2766 461 3052 518 nativitate
3085 464 3270 519 auno’
3313 481 3416 520 con

169 534 261 604 τῷ
276 535 468 606 Ἰωσὴφ
488 540 924 608 χρηματίσαντος
938 542 1017 605 είς
1029 542 1299 611 Αἴγυπτον
1319 545 1758 619 παραληφθέντα·

171 632 277 682 καὶ
303 630 702 700 κατεληλυθότα
726 633 936 689 ἐκεῖθεν
965 635 1148 700 πάλιν,
1180 637 1269 692 διὰ
1290 637 1383 694 δύο
1407 639 1544 694 ἑτῶν
1570 641 1762 713 ἀνελη-

169 717 395 786 λυθότα,
434 721 853 796 τελευτήσαντος
895 725 988 780 τοῦ
1052 728 1312 802 Ἡρώδου,
1362 731 1657 803 Ἀρχελάου
1702 733 1762 791 δὲ

166 809 577 884 διαδεξαμένου.

247 988 340 1060 Τῷ
369 992 476 1063 γὰρ
503 995 814 1067 τριακοστῷ
840 997 954 1067 (14)
986 999 1156 1073 τρίτῳ
1191 1001 1429 1073 Ἡρώδου
1448 1045 1462 1070 ,
1492 1022 1758 1077 τεσσαρα-

165 1079 354 1152 κοστῷ
383 1082 441 1136 δὲ
471 1083 709 1158 δευτέρῳ
737 1087 1049 1157 Αὐγούστου
1079 1091 1172 1146 τοῦ
1205 1092 1474 1162 βασιλέως
1499 1097 1756 1164 γεννᾶται

160 1173 192 1223 ὁ
225 1173 418 1244 Σωτὴρ
459 1175 519 1227 ἐν
559 1177 806 1249 Βηθλεὲμ
843 1183 944 1254 τῆς
989 1183 1270 1248 Ἰουδαίας.
1319 1184 1541 1240 Κάτεισι
1579 1187 1635 1243 δὲ
1676 1191 1756 1254 είς

160 1263 448 1332 Αἴγυπτον
477 1267 557 1339 τῷ
585 1272 894 1344 τριακοστῷ
924 1274 1158 1348 πέμπτῳ
1184 1276 1296 1347 (14)
1343 1278 1582 1344 Ἡρώδου
1603 1296 1616 1311 ⁸
1657 1280 1755 1336 ἄν·

159 1373 300 1446 εισι*
315 1357 372 1412 δὲ
407 1360 503 1414 ἀπ’
533 1361 812 1430 Αἰγύπτου
862 1368 1003 1436 μετὰ
1043 1369 1142 1440 τὴν
1195 1369 1435 1440 Ἡρώδου
1473 1372 1751 1446 τελευτήν.

160 1449 241 1502 Δι’
261 1442 339 1504 ὧν
369 1452 462 1506 ἐπὶ
485 1455 781 1524 τριάκοντα
806 1457 946 1512 ἑπτὰ
967 1459 1111 1514 ἔτεσι
1135 1462 1235 1530 τῆς
1254 1463 1426 1531 αὐτῆς
1453 1446 1546 1517 τοῦ
1575 1442 1752 1536 Ἡρώ-

156 1541 256 1596 δου
283 1544 460 1615 ἀρχῆς
493 1541 562 1618 ἦν
593 1548 622 1600 ὁ
655 1550 784 1612 παῖς
809 1551 1091 1624 τεσσάρων
1123 1552 1260 1607 ὲτῶν
1287 1555 1305 1621 (
1317 1556 1418 1626 I6),
1456 1555 1544 1610 ὅτε
1575 1556 1753 1629 Ἦρώο

157 1633 260 1703 δης
292 1637 616 1706 τριακοστὸν
662 1639 888 1709 ἕϐδομον
939 1642 1236 1715 πληρώσας
1284 1646 1619 1718 κατέστρεψε
1657 1649 1750 1703 τὸν

159 1725 301 1794 βίον.
355 1729 645 1800 Ἀρχέλαος
675 1731 731 1785 δὲ
769 1732 925 1786 ἐννέα
959 1733 1054 1804 ἐτη
1089 1735 1384 1805 βασιλεύει.
1434 1738 1522 1802 Ὠς
1553 1737 1747 1806 ὲξιὼν¹

1868 557 2099 616 ventus,
2147 565 2212 606 ac
2259 551 2580 609 muneribus
2632 560 2863 610 ornatus
2914 563 3020 610 est.
3077 555 3274 611 Eadem
3314 572 3448 611 vero

1868 651 2031 698 nocte
2060 656 2186 698 cum
2213 641 2487 714 Josephus
2538 660 2635 716 per
2663 647 2937 702 somnium
2973 648 3042 702 ab
3071 649 3264 720 angelo
3295 658 3444 704 esset

1865 735 2210 802 admonitus,
2244 738 2297 792 in
2335 737 2630 811 Egyptum
2667 739 3025 796 transfertur.
3059 739 3214 798 Unde
3247 757 3443 798 rursus

1863 838 1989 900 post
2015 829 2320 894 biennium,
2355 840 2575 887 mortuo
2597 831 2710 903 jam
2743 831 2955 888 Herode
3013 847 3077 888 ac
3114 833 3442 890 succedente

1863 919 2154 986 Archelao,
2192 924 2505 981 revertitur.

1937 1011 2220 1084 Siquidem
2276 1030 2422 1070 anno
2480 1015 2713 1073 Herodis
2770 1032 2983 1084 xxxm,
3038 1017 3270 1088 Augusti
3326 1032 3436 1075 sui

1863 1101 2203 1159 Bethlehemi
2226 1104 2279 1158 in
2313 1102 2500 1159 Iudaea
2526 1104 2778 1160 Salvator
2803 1106 3072 1161 nascitur.
3100 1104 3238 1158 Tum
3267 1101 3442 1158 Hero-

1859 1194 1945 1252 dis
1976 1211 2117 1250 xxxv
2145 1196 2200 1251 in
2217 1195 2511 1269 IEgyptum
2545 1196 2822 1268 profectus
2846 1204 2953 1253 est.
2991 1195 3206 1266 1119
3233 1193 3438 1251 Eodem

1857 1286 2070 1344 Herode
2093 1296 2329 1354 mortuo,
2354 1291 2422 1344 ab
2439 1289 2674 1360 Egypto
2697 1289 2876 1344 rediit.
2890 1289 3070 1356 Quare
3091 1301 3317 1343 necesse
3332 1294 3437 1354 est,

1856 1395 2046 1435 xxxvii
2081 1379 2314 1436 Herodis
2344 1397 2490 1435 anno
2512 1390 2766 1452 quartum
2793 1379 2972 1436 atatis
3004 1395 3118 1434 suae
3149 1379 3435 1450 puerulum

1854 1472 2056 1544 egisse,
2097 1487 2224 1530 cum
2257 1472 2522 1536 Herodes,
2557 1474 2806 1542 inquam,
2851 1481 3056 1542 septem
3097 1486 3160 1525 ac
3209 1471 3435 1540 triginta

1854 1563 2126 1620 confectis
2181 1565 2343 1621 annis
2387 1563 2605 1620 vivendi
2650 1563 2810 1619 tinem
2856 1561 3069 1618 habuit.
3117 1559 3247 1616 Post
3290 1560 3434 1616 hunc

1851 1655 2155 1712 Archelaus
2208 1672 2404 1712 novem
2464 1657 2626 1712 annis
2679 1655 2928 1727 regnavit
2971 1674 2985 1709 :
3032 1668 3142 1724 quo
3204 1668 3433 1724 regnum

1853 1747 2099 1814 ineunte,
2127 1745 2402 1819 Iosephus
2433 1763 2498 1804 ex
2531 1747 2771 1820 Egypto
2804 1761 2930 1802 cum
2965 1745 3132 1801 Maria
3165 1759 3230 1800 ac
3261 1759 3435 1815 puero

189 1817 377 1912 Ιωσὴιρ
417 1819 534 1891 ἅμα
567 1825 633 1893 τῇ
667 1823 857 1896 Μαρίᾳ
889 1825 983 1879 καὶ
1025 1825 1102 1897 τῷ
1137 1827 1353 1898 παιδίῳ,
1394 1827 1632 1893 ἀκούσας
1657 1829 1730 1884 τὺι

1852 1838 2159 1910 digressus,
2185 1813 2280 1896 ubi
2308 1813 2892 1912 Archelaumvregnare
2914 1838 3125 1904 didicit,
3157 1839 3212 1892 in
3245 1813 3432 1908 partes

171 1910 468 1982 Ἀρχέλαον
500 1912 837 1984 βασιλεύειν,
881 1915 1226 1990 ἀνεχώρησεν
1258 1919 1340 1982 είς
1376 1917 1446 1972 τὰ
1477 1920 1618 1991 μέρη
1645 1922 1746 1992 τῆς

157 2002 473 2068 Γαλιλαίας,
515 2006 608 2059 καὶ
643 2006 964 2079 κατῴκησεν
991 2010 1072 2071 είς
1113 2008 1388 2084 Ναζαρέτ.
1452 2011 1747 2082 Ἀρχέλαος

151 2094 211 2147 δὲ
249 2096 420 2166 γεννᾷ
462 2095 554 2149 τὸν
599 2095 846 2168 Ἡρώδην
876 2099 968 2153 τὸν
1004 2098 1287 2171 νεώτερον,
1333 2101 1428 2154 καὶ
1472 2100 1745 2172 βασιλεύει

162 2187 420 2261 Ἡρώδης
455 2189 535 2260 τῷ
567 2189 772 2261 ὲννάτῳ
806 2189 915 2244 ἔτει
962 2191 1061 2263 τῆς
1092 2191 1186 2244 τοῦ
1231 2192 1437 2264 πατρὸς
1467 2192 1745 2263 βασιλείας

166 2277 464 2353 Ἀρχελάου
512 2283 651 2336 κατά
695 2282 967 2353 διαδοχήν.
1030 2284 1140 2338 Καὶ
1182 2284 1371 2353 γέγονε
1419 2283 1744 2357 λογιζόμενα

150 2374 420 2447 δεκατρία
466 2375 560 2447 ἔτη
607 2375 719 2446 (17)
749 2379 816 2448 τῇ
860 2376 1112 2448 ὲνσάρκῳ
1152 2377 1390 2450 Χριστοῦ
1448 2381 1741 2452 παρουσίᾳ.

163 2466 657 2539 ὀκτωκαιδεκάτῳ
696 2467 753 2521 δὲ
800 2467 908 2521 ἔτει
949 2466 1188 2540 Ἡρώδου
1215 2468 1311 2522 τού
1356 2469 1744 2543 ἐπικληθέντος

162 2557 472 2630 Ἀγρίππα,
499 2558 702 2630 ἤρξατο
731 2561 760 2612 ὁ
800 2559 1008 2630 Ἰησοῦς
1034 2559 1126 2614 τοῦ
1151 2560 1524 2632 κηρύγματος,
1556 2563 1651 2618 καὶ
1682 2565 1743 2618 τὸ

152 2652 440 2722 βάπτισμα
459 2651 522 2704 τὸ
536 2651 644 2705 ἀπὸ
659 2651 906 2707 Ἰωάννου
922 2653 1041 2706 τότε
1059 2652 1349 2724 λαμόάνει,
1364 2655 1458 2708 καὶ
1476 2655 1740 2727 κηρύσσει

150 2743 404 2796 ἐνιαυτὸν
431 2741 640 2809 δεκτδν,
671 2743 759 2798 ὑπ’
785 2743 999 2808 οὐδενὸς
1022 2744 1455 2816 ἀντιλεγόμενος,
1485 2747 1608 2803 οὔτε
1637 2750 1741 2803 ὑπὸ

162 2833 455 2899 Ἰουδαίων,
484 2835 608 2888 οὔτε
631 2836 737 2889 ὑπὸ
767 2835 1054 2907 Ἑλλήνων,
1078 2835 1201 2890 οὔτε
1233 2838 1336 2891 ὑπὸ
1358 2840 1737 2911 Σαμαρειτῶν,

145 2925 273 2982 οὔτε
302 2929 409 2981 ύπό
437 2946 576 2994 τινος
599 2929 807 3002 ἑτέρου.
846 2931 1076 2984 Ἔπειτα
1101 2929 1512 3004 άντιλεγόμενος
1538 2935 1742 3006 ἐκήρυ-

150 3020 236 3086 ξεν
274 3022 524 3075 ἐνιαυτὸν
561 3021 782 3076 δεκτόν·
836 3023 928 3076 καὶ
968 3023 1190 3092 γέγονεν
1227 3024 1615 3079 ἐννεακαίδεκα
1642 3025 1736 3098 ἔτη

147 3113 223 3185 τῷ
247 3111 650 3186 αὐτῷἭρώδῃ,
681 3113 759 3184 τῷ
790 3114 845 3167 δὲ
863 3114 1079 3184 Σωτῆρι
1107 3115 1431 3185 τριακοστὸν
1462 3115 1733 3189 δεύτερον.

161 3207 247 3260 Ἐν
274 3203 335 3259 δὲ
374 3204 453 3276 τῷ
482 3204 714 3276 εἰκοστῷ
747 3205 856 3258 ἔτει
905 3203 1146 3278 Ἡρώδου
1172 3205 1266 3259 τοῦ
1295 3205 1607 3278 Τετράρχου
1637 3225 1736 3262 κα-

147 3299 434 3370 λουμένου,
459 3298 668 3368 γίνεται
693 3297 754 3351 τδ
785 3299 1050 3370 σωτήριον
1084 3297 1253 3361 πάθος
1283 3297 1377 3352 καὶ
1403 3299 1436 3368 ἡ
1472 3297 1733 3363 ἀπάθεια,

152 3390 342 3459 γεῦσις
376 3407 436 3444 τε
475 3389 704 3444 θανάτου
732 3391 862 3461 ᾶχρι
898 3389 1156 3460 σταυροῦ,
1183 3390 1483 3460 πάσχοντος
1524 3390 1581 3443 ὲν
1605 3390 1738 3462 ἁλη-

149 3482 289 3553 θείᾳ,
328 3480 575 3546 ἀπαθοῦς
607 3481 664 3536 δὲ
698 3482 951 3553 μένοντος
973 3482 1032 3534 ὲν
1061 3481 1292 3552 θεότητι.
1339 3481 1598 3550 Χριστοῦ
1628 3481 1735 3552 γὰρ

149 3577 448 3642 παθόντος
482 3574 631 3644 ὑπὲρ
663 3574 834 3644 ἡμῶν
866 3575 1069 3644 σαρκὶ,
1097 3578 1262 3646 φησιν
1296 3575 1329 3645 ἠ
1364 3573 1482 3627 θεία
1506 3575 1695 3646 Γραφή
1715 3591 1730 3606 ·

151 3667 242 3719 καὶ
267 3665 436 3719 πάλιν
459 3681 475 3696 ο
514 3665 881 3733 Θανατωθείς
905 3665 1024 3736 μὲν
1047 3665 1245 3734 σαρκὶ,
1273 3664 1645 3735 ζωοποιηθεὶς
1665 3665 1732 3719 δὲ

151 3757 461 3825 πνεύματι,
491 3756 584 3810 καὶ
611 3755 677 3811 τὰ
706 3757 852 3828 ἑξῆς.
897 3757 1250 3829 Σταυροῦται,
1281 3757 1564 3822 θάπτεται,
1596 3774 1730 3811 κατ-

151 3850 367 3920 έρχεται
409 3848 490 3912 είς
529 3847 598 3903 τά
625 3849 956 3921 καταχθόνια
999 3851 1057 3903 ὲν
1083 3850 1296 3921 θεότητι
1336 3849 1430 3904 καὶ
1463 3851 1520 3902 ὲν
1556 3848 1725 3920 ψυχῇ,

1758 3159 1807 3218 C

1849 1930 2084 1987 Catilinae
2111 1931 2359 1995 secessit,
2401 1945 2466 1986 ac
2495 1941 2610 1986 tum
2655 1930 2908 1987 hazareti
2973 1928 3244 1986 consedit.
3307 1928 3430 1985 Ca:-

1850 2029 2029 2077 terum
2078 2020 2383 2077 Archelaus
2429 2020 2698 2077 Herodem
2738 2021 3016 2092 juniorem
3073 2019 3298 2092 genuit;
3335 2021 3428 2090 qui

1847 2127 1994 2166 nono
2047 2111 2300 2167 Archelai
2352 2113 2526 2182 patris
2576 2127 2722 2167 anno
2762 2111 2817 2166 in
2868 2127 3096 2182 regnum
3137 2111 3426 2166 successit.

1845 2202 2102 2275 Idemque
2131 2219 2308 2258 annus
2334 2219 2364 2257 a
2409 2202 2706 2259 Nativitate
2745 2201 2955 2258 Christi
2989 2217 3088 2256 xm
3130 2215 3428 2256 numerari-

1845 2295 1951 2351 dus
2001 2303 2104 2350 est.
2162 2293 2370 2350 Octavo
2421 2293 2636 2349 decimo
2687 2308 2834 2348 anno
2885 2291 3116 2347 Herodis
3155 2292 3426 2364 Agrippas,

1847 2386 2011 2444 Jesus
2033 2387 2288 2442 Christus
2311 2386 2663 2458 promulgare
2684 2385 2930 2441 divinum
2957 2385 3182 2441 verbum
3205 2399 3428 2455 aggres-

1845 2495 1943 2537 sus
1999 2486 2108 2548 est,
2137 2494 2204 2534 ac
2253 2487 2368 2534 tum
2398 2494 2428 2532 a
2461 2477 2672 2534 Joanne
2717 2478 3051 2549 baptismum
3101 2475 3340 2547 accipit,
3371 2484 3428 2530 et

1849 2587 2056 2626 annum
2093 2571 2244 2625 illum
2295 2578 2580 2641 acceptum
2619 2571 2675 2624 in
2719 2585 2784 2626 ea
2830 2567 3092 2640 praeconii
3143 2566 3427 2641 iunctione

1841 2662 2138 2726 consumit,
2163 2662 2315 2716 nullo
2338 2676 2516 2732 neque
2538 2658 2876 2724 Judmorum,
2908 2674 3084 2730 neque
3114 2658 3422 2729 gentilium,

1843 2771 2022 2826 neque
2053 2753 2546 2817 Samaritanorum,
2595 2767 2774 2822 neque
2816 2753 3046 2808 alterius
3088 2751 3304 2821 generis
3333 2765 3426 2804 re-

1841 2853 2139 2918 pugnante.
2175 2845 2431 2902 Secundo
2468 2846 2726 2916 praeconii
2763 2844 3007 2901 caelestis
3049 2858 3195 2898 anno
3255 2858 3421 2912 quam

1841 2939 2110 3010 plurimos
2136 2938 2532 2994 obtrectatores
2565 2937 2786 2999 habuit;
2811 2936 2906 3006 qui
2935 2935 3154 3006 quidem
3189 2932 3422 2989 Herodis

1841 3029 2091 3099 ejusdem
2134 3045 2260 3094 xix,
2306 3027 2512 3084 Christi
2571 3043 2724 3082 xxxtt
2781 3027 3016 3084 exstitit.
3069 3025 3296 3080 Demum
3346 3039 3418 3078 xx

1842 3121 2130 3177 tetrarchae
2162 3118 2394 3176 Herodis
2437 3135 2582 3174 anno
2617 3117 2872 3175 Christus
2906 3116 3170 3172 Dominus
3200 3115 3272 3171 ob
3313 3114 3411 3170 hu-

1839 3213 1987 3268 mani
2023 3213 2240 3282 generis
2294 3212 2524 3268 salutem
2570 3225 2801 3281 passus,
2841 3218 3004 3280 atque
3047 3207 3239 3264 eodem
3281 3213 3422 3262 tem-

1839 3319 1971 3376 pore
2002 3303 2138 3358 nihil
2169 3318 2364 3374 passus
2399 3311 2515 3368 est;
2543 3312 2656 3357 tum
2693 3317 2818 3356 cum
2853 3308 3084 3355 mortem
3119 3299 3421 3370 degustans

1840 3393 1908 3448 ad
1945 3393 2124 3464 ipsum
2165 3394 2330 3448 etiam
2374 3393 2559 3448 crucis
2609 3391 2965 3462 supplicium,
2995 3403 3195 3460 passus
3241 3387 3414 3444 estin

1837 3485 2090 3548 veritate,
2143 3499 2266 3538 cum
2316 3483 2535 3539 interim
2590 3483 2730 3538 nihil
2775 3482 2896 3553 ipsa
2943 3481 3229 3536 divinitate
3263 3487 3421 3551 pate-

1838 3584 2011 3631 retur.
2064 3573 2273 3640 Christo
2324 3575 2464 3628 enim
2504 3573 2622 3645 (ait
2651 3572 2972 3643 Scriptura)
3021 3587 3116 3641 pro
3155 3569 3305 3625 nobis
3362 3571 3419 3623 in

1839 3683 1999 3721 carne
2027 3681 2186 3735 passo
2200 3665 2241 3719 ³.
2269 3661 2642 3735 Rursumque,
2679 3661 3040 3732 Mortiﬁcatus
3074 3675 3252 3724 carne,
3285 3659 3417 3713 vivi-

1839 3758 2032 3826 ﬁcatus
2067 3739 2242 3811 autem
2269 3757 2461 3822 spiritu
2484 3755 2526 3820 ⁸,
2562 3764 2616 3811 et
2643 3771 2766 3827 qua:
2795 3760 3121 3826 sequuntur.
3163 3751 3222 3806 In
3253 3764 3419 3806 cruce

1841 3847 2219 3920 suspenditur,
2251 3850 2554 3920 sepelitur;
2587 3847 2653 3903 ad
2704 3846 2916 3904 inferos
2959 3860 3086 3902 cum
3129 3843 3417 3900 divinitate

220 4028 236 4060 ⁸
275 4026 470 4084 Melius
497 4029 587 4084 lib.
626 4046 664 4092 ι,
692 4023 753 4084 οὗ
779 4029 836 4083 ὲν
857 4030 1001 4102 ἀρχῇ
1031 4030 1127 4100 τῆς
1153 4028 1424 4098 βασιλείας
1457 4028 1636 4097 ἐξιών.
1726 4033 1730 4061 ⁵

1857 4033 2053 4104 magis.
2130 4030 2150 4062 ³
2179 4027 2364 4086 [Petr.
2395 4046 2466 4094 iv,
2500 4031 2547 4084 Ι.
2627 4026 2691 4082 ⁸1
2725 4026 2871 4084 Petr.
2908 4042 2989 4093 ιιι,
3028 4025 3114 4086 18.

151 4222 320 4280 gens,
354 4207 644 4280 nonsatis
677 4205 1017 4272 adverterit,
1056 4223 1192 4280 rum
1237 4207 1330 4280 illo
1364 4207 1586 4264 biennio
1622 4224 1734 4278 non

154 4278 287 4336 bene
322 4279 502 4348 aptari
533 4278 693 4349 posse
721 4289 936 4349 tempus
958 4278 1259 4333 nativitatis
1290 4278 1419 4334 Jcsu
1453 4295 1577 4332 cum
1607 4288 1738 4334 tem-

156 4364 280 4419 pore
318 4347 514 4404 mortis
536 4347 1122 4419 ’Herodis;'uec_qua:
1157 4350 1225 4403 ab
1251 4349 1602 4418 evangelistis
1644 4349 1734 4404 di-

154 4417 371 4491 cuntur_
400 4435 525 4491 cum
558 4419 626 4472 iis
648 4459 689 4491 ,_
720 4417 842 4491 qua:
878 4421 930 4473 in
957 4417 1276 4491 [admoram
1311 4417 1731 4491 Antiquitatibus

157 4491 312 4547 habet
343 4487 618 4559 Iosephus
648 4487 928 4546 Hebraeus.
953 4489 1240 4546 Mattliams
1271 4487 1489 4546 laudato
1525 4491 1578 4544 in
1609 4493 1736 4547 loco

156 4560 430 4632 biennium
463 4568 520 4613 ut
541 4560 1071 4632 admittamus,7non
1098 4562 1288 4632 exigit.
1328 4560 1392 4615 Et
1422 4575 1734 4632 quanquam

154 4630 204 4684 in
261 4630 579 4696 hujnsmodi
635 4631 1039 4699 chronologicis
1091 4630 1544 4701 inquisitionibus
1588 4630 1733 4688 certi

157 4701 226 4756 nil
261 4701 563 4756 habeamus
591 4741 606 4765 ,
662 4702 1012 4757 verisimilior
1069 4709 1255 4758 tamen
1293 4711 1519 4772 apparet
1561 4703 1732 4758 altera

156 4773 360 4844 opinio,
391 4787 513 4842 qua:
543 4779 597 4824 et
639 4773 781 4844 apud
811 4773 958 4828 viros
1005 4773 1198 4828 doctos
1222 4773 1592 4844 communior,
1623 4789 1733 4844 qua

159 4841 387 4898 dicimus
412 4841 540 4897 ’non
580 4841 766 4898 multis
805 4858 834 4897 a
885 4844 1166 4898 nativitate
1203 4842 1398 4898 diebus
1451 4841 1729 4900 Christum

160 4909 487 4984 Betlileliemi
520 4911 689 4970 fuisse
725 4929 755 4967 a
780 4914 956 4983 magis
987 4915 1296 4984 adoratum.
1341 4913 1442 4968 Cui
1487 4914 1730 4984 opinioni

163 4998 264 5055 nec
309 4983 600 5039 Matth-acus
637 4992 946 5055 repugnat,
1005 4984 1117 5039 imo
1167 4983 1458 5054 sutl‘ragari
1513 4983 1731 5041 videtur

164 5052 308 5125 initio
343 5055 491 5109 illius
519 5052 746 5110 secundi
781 5052 980 5124 capitis
1016 5070 1304 5125 magorum
1336 5052 1629 5111 adventum
1662 5057 1729 5111 il-

161 5123 258 5196 lico
287 5125 631 5194 subjungens
653 5123 959 5196 narrationi
985 5123 1306 5186 nativitatis,
1343 5133 1508 5196 atque
1535 5128 1723 5182 aiens:

159 5192 280 5264 Cum
305 5192 430 5264 ergo
467 5192 626 5250 natus
667 5205 801 5250 esset
823 5193 996 5251 'Jesus
1027 5197 1080 5250 in
1119 5192 1606 5251 Bethleltem'luda:
1626 5237 1640 5261 ,
1673 5198 1727 5252 in

160 5263 585 5388 «fiebuslllerodis
612 5267 772 5337 regis,
810 5283 926 5322 ecce
953 5267 1096 5338 magi
1131 5267 1196 5321 ab
1235 5267 1450 5323 Oriente
1480 5278 1726 5323 venerunt

193 5351 335 5388 eraso
360 5353 558 5388 mnam.

193 5351 558 5389 erosotmnam.

223 5354 558 5407 rosotymam.

223 5405 333 5476 (ts)
375 5407 710 5476 Τριακοστῷ
741 5407 930 5475 τρίτῳ.
964 5407 1042 5462 Ita
1090 5423 1215 5464 cum
1257 5407 1584 5465 Ca‘sariensi
1618 5407 1726 5464 ευ.

162 5475 321 5561 sebio,
357 5475 470 5561 tum
506 5477 560 5532 in
600 5476 897 5561 Chr‘onici‘s,
927 5485 1046 5561 't‘utn
1068 5479 1132 5561 _in
1161 5481 1366 5561 ιιυίιιιοΔ
1391 5481 1491 5561 lib.
1521 5496 1538 5534 ι
1577 5479 1721 5561 Hist.

159 5547 274 5599 εστι.
331 5548 543 5618 capite,
598 5549 869 5604 sentiebat
927 5547 1286 5618 Epiphanius.
1337 5550 1407 5604 At
1465 5559 1722 5604 accurata

166 5618 333 5690 magis
360 5627 674 5690 temporum.
692 5621 842 5690 ratio
875 5618 964 5674 illa
996 5633 1119 5675 esse
1146 5621 1380 5686 videtur,
1410 5637 1533 5690 qua:
1557 5621 1714 5674 Nata-

166 5684 428 5745 lem'diem
458 5684 659 5744 Christi
687 5689 899 5744 Domini
931 5691 1126 5744 statuit
1161 5691 1215 5746 in
1251 5684 1397 5746 anno
1420 5684 1584 5746 ixxw
1611 5691 1720 5746 He-

164 5759 303 5814 rodis
355 5768 476 5830 post
540 5760 828 5833 depulsum
877 5759 1210 5833 Antigonum
1259 5762 1586 5834 regnantis.
1621 5762 1715 5833 qui

1837 4226 1972 4267 sane
2012 4211 2209 4268 recidit
2261 4210 2318 4265 in
2353 4224 2556 4265 annum
2613 4208 2826 4279 imperii
2857 4207 3091 4279 Augusti
3137 4221 3245 4279 non
3276 4224 3413 4274 xui,

1836 4282 1931 4337 sed
1967 4292 2186 4354 xuante
2219 4280 2601 4354 Dionysianam
2630 4277 2908 4350 vulgatam
2935 4277 3099 4333 atram
3133 4277 3319 4354 anua
3348 4279 3416 4354 de

1835 4368 1896 4406 re
1919 4356 1991 4407 ob
2021 4349 2394 4420 discrepantes
2434 4351 2579 4420 inter
2600 4365 2671 4420 sc
2695 4349 2940 4404 Veterum
2968 4349 3306 4414 sententias,
3343 4351 3415 4404 ob

1763 4408 1810 4468 Ῐ)
1849 4408 2220 4478 ᾱὶωςυιιθιεηῖ
2247 4415 2608 4492 componendi
2635 4421 2776 4492 inter
2805 4433 2926 4492 sese
2951 4427 3198 4492 tempora
3235 4408 3416 4492 diver-

1839 4508 1936 4558 sa,
1974 4489 2389 4564 intricatissima
2421 4501 2475 4546 et
2509 4491 2740 4564 salebris
2793 4491 3034 4564 undique
3080 4491 3258 4564 obsita
3284 4528 3300 4553 ,
3333 4489 3418 4544 in-

1838 4568 2051 4619 numeri
2083 4563 2473 4634 propemodum
2512 4563 2781 4632 scripsere
2806 4599 2822 4626 ,
2863 4562 2973 4634 _qui
3014 4559 3226 4616 consbli
3281 4575 3414 4630 pos-

1837 4642 1992 4697 sunt,
2032 4630 2100 4688 ρι’
2114 4649 2208 4689 eos
2243 4635 2385 4689 inter
2416 4630 2727 4702 postremus
2753 4630 3002 4700 profecto
3031 4645 3142 4684 non
3171 4638 3285 4702 est,
3312 4647 3416 4685 nec

1837 4705 2062 4775 insuper
2093 4704 2376 4775 habendus
2403 4699 2614 4775 [quem
2659 4699 2802 4771 saepe
2840 4702 3182 4775 laudavimus
3209 4741 3228 4767 ,
3255 4699 3416 4775 Peta-

1833 4772 2046 4831 vius'et
2071 4776 2126 4830 in
2158 4776 2276 4831 suis
2307 4774 2384 4829 De
2413 4774 2660 4828 doctrina
2707 4783 2999 4842 temporum
3054 4773 3208 4826 libris
3248 4779 3301 4826 et
3357 4772 3414 4826 in

1834 4845 2056 4918 iisqum
2090 4845 2156 4918 ad
2182 4844 2471 4918 Epiphanii
2495 4845 2746 4918 haeresim
2780 4844 2842 4898 5t
2879 4843 3121 4918 scripsit.

1836 4964 1850 4976 ,
1906 4909 2017 4998 (τε)
2056 4917 2141 4983 Τῷ
2195 4909 2526 4998 τριακοστῷ
2570 4914 2834 4997 πέμπτῳ.
2897 4909 3060 4995 iuxta

1831 4979 2169 5069 opinionem,
2197 4979 2359 5058 quam
2384 4979 2547 5058 paulo
2567 4979 2824 5054 superius
2850 4983 3034 5038 minus
3059 4979 3412 5037 verisimilem

1832 5057 2372 5200 d'ciigi'iégaapgr
2392 5124 2566 5200 ἐτῷν.
2595 5121 2856 5181 Fortasse
2880 5123 3238 5200 minusvere.
3267 5120 3411 5200 Hor-

1830 5191 1960 5254 tuus
1997 5191 2262 5254 'ereditur
2291 5195 2535 5251 Herodes
2588 5209 2734 5249 anno
2792 5209 2823 5248 a
2877 5192 3083 5248 Christi
3118 5191 3411 5247 Nativitate

1829 5268 2070 5323 nondum
2100 5268 2434 5322 adamussim
2471 5265 2708 5335 expleto.
2760 5262 2872 5318 Nec
2906 5261 3149 5320 Herodes
3175 5264 3244 5318 ab
3289 5265 3408 5316 An-

1827 5339 2000 5410 tigoni
2043 5347 2220 5392 morte
2246 5351 2433 5410 xxxvii
2469 5336 2717 5410 regnavit
2748 5350 2946 5410 annos.

1899 5410 2012 5478 (i7)
2037 5409 2349 5486 .Aetcafpla
2375 5408 2504 5486 ἕτῃ.
2535 5403 2620 5459 ’ὃί
2671 5405 2891 5486 probari
2925 5403 3251 5486 contingat,
3288 5415 3412 5486 qua:

1827 5476 2001 5549 supra
2037 5477 2368 5542 iudicabam,
2399 5477 2467 5531 ad
2498 5491 2687 5533 eorum
2737 5476 3090 5549 rationemet
3118 5476 3274 5531 locus
3305 5476 3409 5529 iste

1825 5545 2112 5618 Epiphanii
2141 5557 2430 5603 revocetur
2458 5561 2686 5602 necesse
2703 5554 2817 5618 est.
2842 5545 3027 5618 Quod
3055 5555 3110 5600 et
3127 5552 3406 5618 praestan-

1823 5615 1954 5683 dum
2008 5619 2224 5676 videtur
2283 5620 2428 5674 circa
2487 5632 2660 5673 annos
2701 5616 2960 5686 Baptismi
3013 5625 3068 5672 et
3127 5615 3408 5672 Passionis

1823 5690 2025 5747 Christi
2050 5689 2366 5760 Dotnini.[le
2385 5688 2586 5760 quibus
2611 5688 2770 5760 armis
2788 5693 3001 5742 constat
3017 5702 3123 5760 non
3142 5687 3406 5760 minorem

1829 5778 1948 5820 esse
1996 5753 2429 5820 controversiam
2459 5774 2624 5830 quam
2672 5758 2740 5817 de
2781 5765 3028 5830 tempore
3074 5753 3407 5811 Nativitatis.
