3810 6216
391 300 490 359 35!

1829 295 1886 350 S.
1929 293 2267 350 EPJ’llANlI

3551 311 3634 367 85:

391 432 491 476 sua
521 425 574 472 et
611 415 791 470 anima
825 413 1128 482 descendit,
1173 417 1445 488 captivam
1489 418 1640 473 ducit
1676 418 1960 489 captivita-

2071 417 2474 489 αἱχμαλωτεύει
2506 419 2607 489 τὴν
2637 421 3033 491 αἰχμαλωσίαν,
3067 424 3160 477 καὶ
3189 425 3480 480 ἀνίσταται
3505 432 3637 501 τριή-

391 517 498 565 tem
520 549 536 574 ,
571 523 635 564 ac
663 508 825 562 tertio
847 508 935 564 die
964 523 1087 563 cum
1131 510 1484 566 sanctissimo
1507 525 1608 565 suo
1633 525 1864 581 corpore
1898 509 1965 563 ad

389 601 564 656 vitam
596 601 891 655 excitatur.
918 599 1073 666 Quod
1103 601 1321 671 quidem
1349 616 1551 672 corpus
1575 617 1751 672 neque
1771 600 1966 657 dissol-

391 690 624 746 vendum
656 691 910 759 amplius,
928 706 1026 746 nec
1057 706 1368 760 passurum,
1395 707 1494 746 nec
1521 693 1622 747 sub
1651 693 1844 748 mortis
1869 693 1965 749 do-

391 783 657 838 minatum
691 793 877 852 postea
902 799 1210 848 cessurum,
1231 799 1354 838 cum
1387 799 1486 839 sua
1523 785 1809 841 divinitate
1832 802 1966 841 con-

386 876 590 944 junxit.
624 873 679 928 Id
713 875 856 944 quod
894 875 1138 944 Apostoli
1180 875 1499 930 testimonio
1528 880 1919 946 comprobatur
1948 899 1960 932 :

396 967 563 1033 Mors,
581 968 785 1038 inquit,
824 984 925 1021 non
949 968 1175 1030 amplius
1199 969 1248 1021 ei
1269 968 1690 1022 dominabitur‘.

463 1061 578 1116 Hoc
605 1061 772 1132 igitur
802 1062 978 1130 ipsum
1014 1077 1143 1116 vere
1199 1076 1424 1130 corpus,
1458 1063 1676 1116 carnem
1710 1063 1883 1132 ipsam
1912 1071 1968 1117 et

392 1152 630 1204 animam
669 1149 874 1220 ipsam,
910 1150 1026 1220 ipsa
1062 1150 1261 1220 quibus
1303 1152 1591 1206 constabat
1621 1152 1825 1217 omnia,
1855 1167 1965 1209 non

393 1240 544 1295 aliud
576 1240 875 1310 quidquam
915 1247 1111 1308 praeter
1144 1255 1332 1295 verum
1373 1255 1597 1311 corpus,
1625 1240 1721 1297 sed
1760 1242 1967 1311 ipsum-

391 1342 503 1390 met
539 1333 670 1389 illud
707 1333 757 1387 vi
788 1333 1000 1387 cmlesti
1031 1331 1292 1403 perfudit,
1324 1341 1378 1386 et
1405 1333 1461 1386 in
1489 1348 1655 1386 unum
1692 1333 1963 1404 idemque,

390 1427 448 1480 in
512 1440 712 1490 unam,
767 1424 1026 1493 inquam,
1072 1424 1414 1478 divinitatem
1474 1424 1853 1488 consociavit,
1907 1432 1967 1478 ut

390 1530 648 1571 carneum
684 1521 831 1568 esset
863 1514 1302 1584 incorruptibile,
1335 1529 1658 1584 corporeum
1697 1517 1964 1585 spiritale,

387 1616 707 1665 concretum
737 1615 919 1670 tenue,
958 1608 1172 1677 1120
1202 1608 1428 1662 mortale
1458 1609 1786 1672 immortale,
1818 1609 1965 1679 quod

390 1702 538 1756 nulla
577 1701 802 1755 omnino
833 1700 957 1755 tabe
996 1700 1324 1755 dissolutum
1366 1699 1566 1764 fuerat,
1600 1701 1782 1754 anima
1820 1702 1964 1771 apud

390 1792 596 1849 inferos
630 1808 740 1846 non
772 1792 984 1855 relicta,
1016 1808 1140 1846 cum
1182 1806 1285 1847 nec
1331 1807 1532 1861 corpus
1566 1793 1712 1847 velut
1759 1794 1958 1848 instru-

386 1891 628 1939 mentum
681 1883 862 1954 aliqua
919 1897 985 1937 ex
1057 1890 1210 1952 parte
1265 1883 1318 1936 in
1373 1885 1583 1952 peccati
1639 1883 1961 1953 obsequium

387 1972 586 2028 fuisset
631 1972 964 2042 impensum,
1001 1987 1101 2026 nec
1133 1988 1288 2028 mens
1325 1974 1434 2026 ulla
1486 1973 1680 2028 fuisset
1721 1976 1774 2028 in
1810 1974 1963 2030 dete-

387 2066 506 2120 rius
542 2065 843 2119 mutatione
883 2059 1108 2133 poliitta.
1147 2064 1252 2119 Sed
1282 2079 1408 2118 cum
1454 2065 1560 2120 sibi
1607 2066 1789 2119 omnia
1845 2081 1965 2135 qua:

386 2159 626 2224 hominis
664 2159 888 2228 propria
945 2165 1074 2212 sunt
1125 2159 1449 2222 asc-ivissel,
1505 2159 1693 2214 eadem
1749 2161 1962 2230 integra

386 2250 648 2312 servavit,
685 2265 805 2319 quae
855 2264 995 2304 verae
1053 2249 1132 2303 illi
1176 2265 1339 2319 quam
1399 2251 1501 2305 sibi
1552 2251 1961 2319 conciliaverat,

387 2349 599 2396 natura:
658 2341 724 2395 ad
786 2341 989 2396 rationi
1044 2340 1447 2397 censentaneos
1512 2357 1645 2397 usus
1707 2341 1964 2400 divinitas

387 2440 743 2487 concesserat
791 2451 805 2487 :
868 2448 1005 2488 usus
1063 2433 1322 2487 nimirum
1368 2433 1526 2498 illos,
1583 2434 1677 2504 qui
1727 2443 1786 2488 ut
1841 2449 1966 2490 esse

386 2524 605 2595 penitus
637 2525 882 2595 possint,
910 2525 1105 2594 partim
1135 2525 1382 2594 corporis
1407 2534 1597 2595 egent,
1619 2525 1816 2594 partim
1846 2525 1966 2578 ani-

383 2617 458 2670 mi
501 2625 664 2687 atque
707 2615 958 2670 humanae
999 2617 1195 2671 mentis
1248 2615 1623 2670 adminiculo:
1655 2615 1963 2685 cujusmodi

384 2715 514 2762 sunt
560 2707 753 2773 fames,
804 2707 943 2770 sitis,
1001 2707 1202 2770 tletus,
1264 2708 1511 2770 tristitia,
1560 2707 1832 2779 lacrymaz,
1866 2721 1964 2762 so-

387 2814 587 2860 mnus,
646 2799 798 2852 labor
843 2813 907 2853 ac
955 2798 1192 2868 requies.
1228 2797 1352 2855 Hinc
1381 2799 1526 2852 enim
1588 2799 1770 2853 omnia
1815 2799 1964 2852 nulla

387 2890 659 2946 infuscata
695 2892 905 2961 peccati
961 2893 1162 2962 specie,
1209 2904 1482 2962 suscepta:
1531 2891 1711 2962 reipsa
1755 2902 1966 2946 naturae

383 2985 622 3040 hominis
657 2995 979 3055 argumenta
1011 2985 1293 3040 continent
1327 3005 1339 3040 :
1381 3002 1502 3039 cum
1531 3001 1638 3056 qua
1670 3001 1797 3040 vere
1828 3001 1962 3040 con-

2071 528 2236 583 μέρος
2282 511 2380 564 σὺν
2413 511 2564 582 αύτῷ
2608 512 2687 582 τῷ
2732 513 2875 583 ἁγίῳ
2912 514 3212 586 Πνεύματι,
3260 520 3570 585 συνενὼσας
3590 525 3638 576 τὺ

2069 603 2228 674 σῶμα
2256 605 2323 673 τῇ
2354 602 2588 674 θεότητι,
2643 603 2839 674 μηκέτι
2870 603 3148 676 λυόμενον,
3191 607 3393 678 μηκέτι
3423 611 3634 679 πάσχον,

2045 696 2267 768 μηκέτι
2307 697 2412 749 ὑπὸ
2467 695 2559 749 τοῦ
2590 695 2822 750 θανάτου
2872 698 3288 769 κυριευόμενον,
3337 701 3415 763 ὦς
3444 707 3638 770 φησινό

2081 789 2401 850 Ἀπόστολος
2423 804 2436 818 ο
2470 787 2734 854 Θάνατος
2763 789 2951 842 αὑτοῦ
2980 789 3178 845 οὐκέτι
3211 793 3501 860 κειριεύει.

2138 1059 2280 1112 Αύτὸ
2309 1059 2371 1112 τὸ
2403 1058 2562 1128 σῶμα
2596 1056 2892 1128 ἀληθινῶς,
2927 1055 3095 1127 αὐτὴν
3122 1055 3223 1126 τὴν
3250 1056 3459 1127 σάρκα,
3488 1056 3640 1124 aint-0

2067 1151 2166 1222 τὴν
2193 1151 2391 1222 ψυχὴν,
2422 1151 2562 1204 αὐτὰ
2587 1149 2656 1203 τὰ
2699 1151 2897 1212 πάντα,
2922 1150 3023 1202 οὐκ
3059 1147 3188 1202 ἄλλο
3226 1165 3278 1200 τι
3322 1147 3482 1217 παρά
3516 1147 3643 1200 tbi»

2071 1242 2263 1312 σῶμα,
2309 1242 2424 1294 ἀλλ’
2477 1242 2608 1294 αὐτὸ
2646 1240 2705 1293 ὃν
2753 1240 3138 1310 ὲνδυναμὼσας
3176 1239 3273 1292 καὶ
3321 1238 3536 1300 ὲνώσας
3575 1241 3644 1302 ei;

2073 1334 2199 1404 μίαν
2229 1332 2455 1403 ἑνότητα
2505 1333 2600 1386 καὶ
2655 1334 2736 1395 είς
2784 1332 2914 1402 μίαν
2960 1331 3224 1401 θεότητα,
3275 1330 3343 1382 τὸ
3396 1330 3645 1400 σαρκικδν

2067 1423 2363 1494 ἄφθαρτον,
2392 1423 2453 1476 τὸ
2483 1422 2792 1493 σωματικὸν
2819 1421 3210 1493 πνευματικὸν,
3237 1421 3298 1474 τὸ
3335 1422 3648 1492 παχυμερὲς

2068 1517 2428 1589 λεπτομερὲς,
2466 1518 2527 1569 τὸ
2561 1515 2754 1586 θνητὸν
2783 1515 3072 1580 ἀθάνατον,
3115 1514 3189 1586 μὴ
3238 1514 3496 1584 έωρακὺς
3525 1513 3647 1576 6h»;

2067 1607 2388 1678 διαφθορὰν,
2422 1608 2496 1678 μὴ
2544 1605 3000 1678 καταλειφθείσης
3027 1607 3128 1678 τῆς
3159 1607 3345 1678 ψυχῆς
3384 1609 3468 1670 εἰς
3506 1607 3646 1677 ᾅδην.

2072 1699 2148 1770 μὴ
2175 1696 2526 1769 μερισθέντος
2554 1695 2650 1748 τοῦ
2677 1695 2909 1767 ὀργάνου
2944 1698 3025 1758 εἰς
3053 1696 3358 1766 ἁμαρτίαν,
3389 1694 3468 1765 μὴ
3498 1711 3646 1764 χραν-

2067 1791 2252 1853 θέντος
2275 1788 2368 1843 τοῦ
2407 1788 2496 1842 νοῦ
2539 1790 2618 1850 είς
2658 1788 2896 1858 τροπήν
2938 1787 3080 1841 ἀλλᾶ
3116 1788 3186 1840 τὰ
3231 1787 3333 1840 ὅλα
3366 1785 3649 1857 ἀνθρώπου

2065 1882 2282 1949 λαϐὼν,
2339 1881 2580 1951 φυλάξας
2626 1881 2682 1934 δὲ
2717 1881 2813 1934 ὅλα
2847 1879 2958 1951 (τὰ)
3009 1880 3218 1945 τέλεια,
3263 1879 3651 1943 ὲπιδεδωκυίας

2064 1976 2163 2046 τῆς
2189 1975 2440 2045 θεότητος
2465 1976 2530 2045 τῇ
2551 1972 2774 2044 ἀληθινῇ
2799 1972 2956 2026 ὲνανθ
2967 1973 3230 2042 ρωπήσει,
3255 1974 3381 2034 ταῖς
3408 1972 3646 2042 χρείαις·

2066 2069 2186 2129 ταῖς
2217 2066 2492 2134 εὐλογίαις
2521 2064 2663 2118 κατὰ
2699 2065 2799 2129 τὰς
2828 2064 3146 2135 σωματικάς
3178 2081 3238 2116 τε
3271 2065 3369 2116 καὶ
3395 2064 3643 2133 ψυχικὰς,

2067 2161 2161 2213 καὶ
2181 2161 2245 2212 ἐκ
2269 2159 2361 2212 νοῦ
2388 2158 2728 2230 ἀνθρωπίνου
2753 2158 3096 2228 κεκτημένας
3121 2157 3221 2228 τὴν
3248 2157 3643 2227 πληροφορίαν,

2065 2254 2135 2307 τὰ
2157 2256 2223 2324 τῇ
2257 2253 2416 2324 πείνῃ
2441 2251 2535 2304 καὶ
2563 2251 2712 2323 δίψῃ,
2759 2251 2852 2302 καὶ
2896 2249 3159 2319 κλαυθμῷ
3187 2266 3249 2301 τε
3290 2249 3391 2302 καὶ
3425 2247 3642 2317 ἀθυμίᾳ,

2065 2343 2292 2414 δάκρυσί
2313 2361 2372 2396 τε
2404 2343 2500 2397 καὶ
2528 2343 2700 2412 ὕπνῳ,
2725 2341 2956 2412 καμάτῳ
2987 2343 3080 2394 καὶ
3109 2340 3447 2394 ἀναπαύσει.
3473 2339 3646 2392 Ταῦτα

2065 2433 2175 2508 γὰρ
2223 2434 2321 2504 ούχ
2365 2433 2638 2506 ἁμαρτίας
2681 2432 2841 2505 εἶδος,
2859 2434 2974 2487 ἀλλ’
3018 2432 3424 2504 ἀνθρωπισμοῦ
3462 2432 3648 2501 ἀληθε-

2068 2529 2288 2591 στάτου,
2313 2526 2541 2598 ἀληθείᾳ
2563 2528 2661 2596 τῆς
2685 2525 2938 2596 θεότητος
2961 2527 3250 2596 συνούσης,
3269 2527 3331 2578 ού
3358 2526 3429 2578 τὰ
3451 2525 3647 2596 ἀνθρώ-

2067 2639 2198 2676 πινα
2231 2619 2568 2690 πασχούσης,
2595 2618 2731 2672 ἀλλὰ
2771 2619 2868 2688 τῆς
2914 2618 3164 2688 θεότητος
3221 2616 3648 2687 συνευδοκούσης

2067 2713 2147 2774 είς
2168 2709 2235 2763 τά
2261 2707 2476 2778 εὔλογα,
2508 2709 2604 2761 καὶ
2633 2709 2790 2770 ὲκτδς
2832 2707 3106 2777 ἁμαρτίας
3144 2707 3240 2760 καὶ¹
3273 2707 3490 2778 τροπῆς
3515 2708 3650 2778 ἀπη-

2067 2803 2403 2875 γορευμένης
2459 2801 2834 2873 ὑπαρχούσης.
2890 2799 3048 2853 Ἀλλά
3100 2800 3194 2854 καὶ
3255 2801 3495 2869 ἀνέστη,
3562 2801 3651 2852 καὶ

2069 2896 2248 2968 θυρῶν
2296 2893 2700 2964 κεκλεισμένων
2756 2892 3044 2962 εἰσῆλθεν,
3088 2892 3176 2946 ἵνα
3216 2891 3282 2946 τὸ
3335 2893 3649 2963 παχυμερὲς

2067 2987 2398 3058 λεπτομερὲς
2435 2984 2721 3058 ἀποδείξῃ,
2770 2985 2902 3037 αύτδ
2950 2984 3011 3037 τὸ
3065 2983 3123 3036 ὃν
3176 2985 3276 3038 σὺν
3344 2985 3515 3054 σαρκὶ
3561 2985 3650 3038 καὶ

382 3077 592 3131 sociata
655 3076 917 3131 divinitas
973 3077 1269 3131 humanum
1319 3087 1501 3131 tamen
1552 3078 1756 3146 patitur
1805 3077 1960 3143 nihil,

2070 3079 2292 3142 ὀστέοις.
2339 3074 2495 3129 Μετά
2526 3072 2637 3146 γὰρ
2686 3073 2748 3126 τὸ
2798 3070 3060 3125 εἰσελθεῖν
3103 3070 3275 3138 ἔδειξε
3317 3074 3517 3142 χεῖρας
3560 3071 3650 3124 καὶ

382 3169 602 3223 tametsi
636 3184 756 3238 quae
786 3168 990 3222 rationi
1021 3177 1390 3224 consentanea
1418 3167 1616 3232 forent,
1654 3169 1957 3234 admiserit,

381 3271 547 3331 atque
579 3262 648 3316 ab
696 3261 843 3315 omni
870 3269 1091 3330 peccato
1120 3268 1173 3314 et
1208 3260 1261 3314 in
1290 3259 1446 3330 pejus
1490 3275 1554 3314 ac
1582 3259 1805 3314 vetitum
1842 3275 1962 3313 mu-

383 3354 590 3407 tatione
632 3351 820 3421 procul
846 3351 1102 3406 abfuerit.
1138 3350 1219 3406 Ad
1264 3350 1380 3404 haec
1423 3353 1693 3406 excitatus
1723 3365 1754 3404 a
1786 3358 1961 3406 morte

381 3444 635 3499 Christus
677 3443 916 3499 occlusis
955 3443 1142 3512 januis
1177 3443 1461 3514 ingressus
1499 3453 1584 3498 est
1609 3445 1650 3508 ²,
1695 3443 1771 3497 uti
1813 3443 1960 3512 quod

383 3537 653 3591 hactenus
704 3550 954 3590 crassum
1004 3542 1436 3605 concretumque
1486 3533 1665 3588 fuerat
1720 3549 1958 3603 corpus,

393 3629 584 3685 eadem
613 3643 735 3682 cum
769 3643 932 3682 carm
963 3627 1290 3698 ossibusque
1317 3636 1478 3682 tenue
1506 3643 1570 3682 ac
1612 3626 1810 3683 subtile
1839 3642 1960 3682 esse

382 3731 733 3780 monStraret.
787 3720 984 3776 Statim
1036 3721 1182 3775 enim
1228 3728 1392 3791 atque
1445 3721 1815 3793 introgressus
1853 3732 1957 3790 est,

383 3835 580 3874 manus
607 3833 670 3872 ac
716 3815 882 3887 pedes
929 3826 981 3870 et
1027 3813 1345 3877 confossum
1391 3815 1533 3879 latus
1566 3833 1689 3871 cum
1740 3819 1960 3874 ossibus

383 3925 448 3965 ac
499 3911 684 3964 nervis
735 3906 1013 3963 ostendit:
1070 3907 1226 3970 adeo,
1277 3922 1398 3976 quae
1434 3915 1547 3962 tum
1597 3909 1955 3974 videbantur,

385 3997 560 4057 solida
591 4009 770 4064 erant,
803 4014 904 4054 nec
953 3997 1137 4069 specie
1187 4005 1352 4053 tenus
1389 4001 1699 4054 exstabant.
1747 4001 1959 4067 Quibus

382 4093 548 4149 rebus
595 4107 788 4146 eorum
833 4090 1078 4144 omnium
1130 4105 1251 4163 quae
1311 4084 1441 4145 'lidei
1489 4099 1543 4146 et
1591 4093 1707 4162 spei
1757 4102 1960 4149 nostra

384 4187 663 4257 proposita
721 4192 869 4247 sunt,
907 4183 1306 4254 promissorum
1360 4199 1457 4254 per
1508 4201 1628 4240 sese
1673 4187 1958 4243 veritatem

383 4278 748 4343 conﬁrmavit,
791 4277 1080 4346 perticiens
1136 4275 1356 4341 omnia;
1411 4292 1586 4346 neque
1644 4275 1766 4332 ﬁcta
1816 4279 1959 4333 dun-

384 4375 533 4420 taxat
563 4365 819 4434 imagine,
853 4365 950 4420 sed
991 4364 1172 4434 reipsa
1202 4379 1325 4417 cum
1375 4365 1493 4422 suis
1534 4381 1870 4424 convescens
1903 4376 1958 4424 et

2064 3171 2232 3234 πόδας
2269 3169 2363 3222 καὶ
2402 3165 2642 3238 πλευρὰν
2671 3163 3028 3234 νενυγμένην,
3060 3164 3223 3216 ὀστέα
3263 3181 3322 3216 τε
3360 3164 3458 3216 καὶ
3489 3161 3649 3233 νεῦρα

2064 3264 2159 3318 καὶ
2187 3262 2256 3315 τὰ
2293 3261 2447 3326 ἄλλα,
2479 3259 2554 3323 ὡς
2595 3258 2669 3330 μὴ
2703 3253 2844 3310 εἶναι
2882 3256 3182 3326 φαντασίαν
3228 3256 3291 3308 τὺ
3329 3255 3611 3327 ὁρώμενον
3633 3273 3645 3284 ·

2063 3353 2297 3416 πίστεώς
2316 3369 2376 3404 τε
2410 3350 2502 3403 καὶ
2528 3347 2742 3410 ἐλπίδος
2775 3347 2877 3418 τῆς
2912 3347 3186 3418 ἡμετέρας
3217 3348 3319 3418 τὴν
3357 3347 3647 3415 ὑπόσχεσιν

2064 3449 2295 3503 ἐποιεῖτο
2320 3445 2385 3498 δι’
2417 3442 2630 3507 ἑαυτοῦ,
2662 3441 2730 3494 τά
2767 3439 2863 3493 ὅλα
2889 3437 3179 3501 τελειώσας
3228 3439 3324 3491 καὶ
3356 3437 3646 3491 συνεσθίων

2063 3543 2158 3597 καὶ
2203 3536 2650 3608 συναυλιζόμενος
2688 3535 2748 3587 ού
2783 3535 3002 3605 δοκήσει
3049 3530 3164 3585 ἀλλ’
3203 3530 3439 3601 ἀληθείᾳ.
3464 3548 3479 3561 ·
3528 3546 3644 3582 παι-

2059 3632 2229 3686 δεύων
2264 3649 2322 3684 τε
2358 3629 2563 3694 ἐδίδαξε
2605 3626 2881 3697 βασιλείαν
2907 3623 3188 3696 οὐρανῶν,
3236 3624 3548 3693 ἐκήρυσσεν
3588 3623 3643 3672 ἐν

2062 3723 2289 3795 ἀληθεία
2306 3722 2367 3775 τὸ
2390 3721 2532 3792 μέγα
2549 3720 2643 3774 καὶ
2661 3716 3088 3792 κορυφαιότατον
3106 3714 3390 3784 σημαίνων
3414 3716 3526 3775 τοῖς
3554 3729 3642 3774 p.1-

2063 3807 2272 3886 θηταῖς,
2295 3814 2390 3868 καὶ
2413 3812 2586 3881 λέγων
2608 3829 2619 3840 ·
2652 3809 3084 3876 Μαθητεύσατε
3116 3805 3188 3859 τὰ
3213 3805 3362 3872 ἔθνη
3371 3802 3642 3865 ,τουτέστι,

2065 3903 2425 3978 μεταϐάλλετε
2454 3903 2524 3955 τὰ
2555 3900 2682 3972 ἔθνη
2712 3899 2820 3954 ἀπὸ
2857 3897 3056 3958 κακίας
3093 3895 3172 3958 εἰς
3216 3894 3317 3963 τὴν
3363 3893 3634 3962 ἀλήθειαν,

2060 3998 2169 4054 ἀπὸ
2183 3996 2444 4067 αἱρέσεων
2462 3995 2540 4057 είς
2565 3993 2693 4064 μίαν
2711 3991 2941 4062 θεότητα
2953 3990 2994 4021 ⁸⁸
3013 3984 3410 4057 βαπτίζοντες
3427 3982 3635 4048 αὐτοὺς

2061 4095 2147 4158 εὶς
2175 4090 2362 4159 ὄνομα
2383 4085 2613 4156 Πατρός
2637 4084 2738 4138 καὶ
2769 4082 2902 4137 Υὶοῦ
2933 4081 3031 4135 καί
3063 4080 3236 4150 ἁγίου
3273 4079 3632 4147 Πνεῠματος,

2061 4186 2142 4248 εἰς
2174 4183 2274 4254 τὴν
2298 4179 2586 4253 Κυριακὴν
2612 4172 2906 4247 ὀνομασίαν
2935 4172 3034 4242 τῆς
3075 4169 3324 4240 Τριάδος,
3357 4167 3521 4235 ἁγίαν
3547 4167 3632 4218 καὶ

2065 4273 2348 4348 βασιλικὴν
2405 4268 2712 4340 σφραγῖδα·
2763 4266 2852 4319 ἵνα
2906 4263 3054 4334 δείξῃ
3107 4264 3171 4314 ἐκ
3230 4260 3325 4313 τοῦ
3383 4259 3632 4327 ὀνόματος

2066 4367 2334 4440 μηδεμίαν
2373 4364 2657 4420 ἀλλοίωσιν
2687 4357 2828 4412 εἶναι
2860 4357 2958 4427 τῆς
2999 4357 3129 4426 μιᾶς
3159 4354 3438 4423 ὲνότητος.
3471 4352 3631 4404 Ὅπου

384 4456 660 4511 habitans.
681 4454 822 4521 Quin
851 4456 1074 4511 eosdem
1107 4448 1370 4520 instituit,
1390 4471 1452 4511 ac
1482 4459 1704 4514 eteleste
1729 4475 1954 4531 regnum

2070 4432 2172 4533 γὰρ
2199 4432 2247 4513 οἱ
2282 4454 2669 4528 βαπτιζόμενοι
2708 4450 3021 4505 κελεύονται
3052 4449 3138 4511 εἷς
3169 4445 3360 4514 ὄνομα
3391 4442 3630 4511 Πατριτς.

383 4560 508 4599 cum
542 4547 771 4598 veritate
805 4547 1058 4599 nuntiare
1089 4546 1278 4600 docuit
1311 4565 1323 4600 :
1358 4556 1470 4600 tum
1507 4563 1631 4603 cum
1664 4551 1956 4605 maximum

383 4635 516 4692 illud
551 4637 817 4706 longeque
841 4638 1178 4706 praecipuum
1212 4652 1475 4692 arcanum
1505 4639 1796 4709 discipulis
1826 4657 1957 4711 ape-

379 4729 532 4782 ruit:
579 4727 785 4798 Docete,
826 4727 1065 4797 ittqttit’,
1104 4744 1279 4782 omnes
1318 4739 1492 4799 gentes
1521 4745 1539 4782 :
1587 4731 1689 4785 hoc
1735 4741 1838 4799 est,
1887 4736 1958 4791 ab

380 4820 736 4890 improbitate
771 4820 895 4874 illas
939 4819 1005 4874 ad
1042 4820 1351 4882 veritatem,
1385 4822 1451 4873 ab
1489 4823 1656 4876 sectis
1690 4825 1855 4880 variis
1887 4831 1953 4884 ad

2057 4555 2152 4607 καί
2203 4549 2500 4620 ἀσφαλῶςτ
2545 4549 2578 4617 ἡ
2613 4542 2921 4610 δοξολογὶα·
2957 4543 3044 4606 είς
3087 4538 3277 4606 ὄνομα
3335 4537 3497 4598 Ποῦ,
3542 4533 3634 4585 οὐκ

2057 4644 2374 4705 ἀποδέοντος
2404 4642 2424 4673 ⁸
2460 4642 2492 4710 ἠ
2525 4637 2843 4707 ἐπίκλησις·
2879 4637 2965 4699 εὶς
3005 4633 3195 4700 ὄνομα
3238 4629 3418 4698 ἁγίου
3457 4624 3632 4680 [Trsti-

2051 4753 2260 4806 ματος,
2289 4734 2349 4785 ού
2372 4729 2676 4803 διῃρημένη
2703 4729 2736 4796 ἡ
2763 4726 2978 4792 ἓνωσις,
3001 4723 3123 4777 οὐδὲ
3147 4717 3633 4791 ἀπηλλοτριωμένη

2061 4817 2158 4888 τῆς
2190 4816 2318 4886 μιᾶς
2345 4822 2616 4892 θεότητος.

375 4909 621 4964 eamdem
653 4908 994 4964 divinitatem
1016 4913 1038 4940 ⁸
1078 4909 1369 4975 traducite,
1407 4912 1736 4980 baptizantes
1767 4933 1858 4971 eas
1895 4921 1950 4974 in
1981 4922 2198 4976 nomine
2231 4916 2414 4970 Patris
2454 4891 2504 4966 et
2533 4909 2663 4964 Filii
2689 4920 2738 4963 et
2783 4907 3012 4976 Spiritus
3036 4903 3251 4959 sancti:
3308 4891 3557 4956 nimirum

375 5005 431 5062 in
466 5005 744 5061 Dominit‘a
797 5005 1083 5062 Trinitatis
1131 5008 1512 5078 appellatione,
1565 5011 1709 5080 quod
1762 5013 1940 5083 ipsum
1979 5021 2390 5073 sacrosanctum
2421 5016 2504 5065 est
2546 5022 2611 5061 ac
2649 5005 2857 5075 regium
2889 5003 3106 5070 signum
3136 5016 3151 5064 ;
3183 5014 3296 5068 quo
3330 4997 3416 5050 vel
3452 4997 3557 5064 ipso

374 5101 593 5155 nomine
619 5100 975 5170 signiﬁcaret.
1007 5099 1142 5154 nihil
1167 5117 1288 5156 esse
1311 5101 1380 5156 ab
1406 5103 1618 5158 unitate
1643 5103 1943 5162 diversum.
1977 5109 2114 5164 Cum
2145 5106 2293 5162 enim
2335 5100 2598 5172 baptizari
2635 5099 2886 5153 homines
2916 5096 3073 5166 jubet
3112 5093 3169 5145 in
3209 5094 3421 5145 nomine
3462 5090 3557 5143 Pa-

374 5195 492 5260 tris,
528 5193 680 5246 ﬁrma
716 5207 780 5247 ac
809 5193 1020 5249 stabilis
1055 5201 1139 5263 est
1177 5195 1363 5263 gloria:
1407 5196 1763 5264 praedicatio;
1800 5202 1944 5269 quod
1977 5217 2110 5257 vero
2134 5199 2354 5254 additur
2391 5197 2445 5251 in
2501 5193 2708 5249 nomine
2746 5189 2894 5252 Filii,
2948 5189 3096 5242 nulla
3128 5202 3187 5241 re
3232 5187 3378 5240 hunc.
3415 5201 3442 5238 a
3480 5200 3563 5252 p.1-

374 5295 538 5342 terna
567 5285 839 5354 dignitate
885 5285 1117 5341 deiicere
1153 5285 1446 5356 appellatio
1496 5288 1614 5358 ipsa
1662 5289 1946 5359 declarat;
1983 5300 2264 5363 postremo
2306 5289 2372 5343 iis
2411 5289 2466 5342 in
2501 5286 2705 5345 verbis,
2748 5287 2800 5337 in
2838 5283 3045 5337 nomine
3089 5280 3323 5349 Spiritus
3371 5277 3548 5334 sancti,

375 5380 524 5434 nulla
555 5388 640 5434 est
675 5379 899 5435 unitatis
930 5379 1150 5446 divisio,
1183 5397 1361 5450 neque
1406 5384 1472 5435 ab
1519 5399 1626 5437 una
1675 5386 1959 5443 divinitate
1983 5386 2293 5443 diversitas.

447 5471 655 5540 1121
698 5470 941 5541 Denique
981 5471 1171 5526 eodem
1213 5487 1336 5527 cum
1387 5488 1619 5543 corpore
1671 5483 1725 5530 et
1760 5479 1942 5533 anima

379 5574 669 5633 menteque
718 5564 785 5618 ad
819 5565 989 5619 caalos
1040 5573 1260 5625 evectus
1291 5574 1396 5631 est,
1442 5567 1699 5623 omnibus
1747 5569 1852 5624 illis
1887 5570 1943 5624 in

447 5677 462 5708 ¹
496 5675 650 5727 Rom.
683 5690 754 5736 v1,
787 5676 840 5728 9.
921 5679 937 5706 ⁷
965 5676 1220 5738 Joan.xx.
1256 5679 1340 5741 19,
1371 5680 1460 5732 26.

1559 5681 1578 5711 ³
1615 5680 1799 5735 Matth.
1827 5700 2013 5743 xxvnt.
2062 5684 2144 5739 'l9.

2136 5476 2432 5548 Ἀνελήφθη
2473 5478 2552 5539 εἰς
2581 5475 2843 5546 οὐρανοὺς
2876 5474 2933 5525 έν
2976 5471 3124 5541 αύτῷ
3165 5469 3243 5540 τῷ
3283 5469 3483 5538 σώματι
3524 5466 3626 5518 καὶ

2053 5573 2119 5641 τῇ
2147 5570 2296 5641 ψυχῇ
2325 5571 2418 5623 καὶ
2442 5568 2522 5638 τῷ
2544 5567 2642 5639 νῷ,
2680 5565 2986 5629 συνενώσας
3013 5566 3095 5627 εἰς
3128 5564 3254 5635 μίαν
3279 5563 3491 5629 ἑνότητα
3521 5561 3624 5611 καὶ

2227 5684 2244 5714 ⁵
2277 5683 2331 5736 In
2375 5681 2634 5745 Punario,
2668 5683 2949 5737 unitatem.
3068 5683 3089 5712 ⁸
3124 5681 3338 5736 Rectius
3366 5679 3415 5734 in
3455 5674 3543 5729 lib.
3576 5692 3620 5740 ι,

374 5746 626 5814 εὐλόγους
658 5745 843 5816 χρείας
885 5749 1126 5816 scripsit,
1202 5751 1220 5779 ⁶
1249 5748 1367 5803 Lib.
1404 5765 1440 5815 I,
1471 5750 1696 5820 ἑνότητα
1728 5754 1827 5823 leg.
1901 5756 1919 5785 ⁷
1958 5801 1960 5808 λ

2076 5791 2089 5807 .
2128 5754 2374 5824 ἀσφαλής
2416 5755 2514 5826 leg.
2596 5756 2615 5787 "
2645 5771 2730 5824 κο.
2761 5753 3115 5815 ἀποδεόντως,
