3854 6314
207 339 316 398 853

1571 351 2237 410 ANACEPHALAZOSIS.

3363 357 3470 414 854

193 456 339 532 ¹μίαν
365 461 744 534 πνευματικὴν
765 463 1082 530 ὑπόστασιν,
1107 467 1200 522 ml.
1221 466 1402 523 ἔνθεον
1429 471 1786 536 ἁποτελὲσας,

1897 487 2060 527 unum
2095 468 2370 533 conﬂatis,
2396 479 2560 540 atque
2591 471 2646 526 in
2675 471 2918 528 eamdem
2949 473 3250 544 spiritmem
3280 489 3472 544 person

203 549 464 604 ἐκάθισεν
495 552 552 604 ἐν
592 552 741 624 δεξιᾷ
770 556 864 608 τοῦ
899 557 1134 628 Πατρὸς,
1178 561 1398 630 πέμψας
1437 564 1684 634 κήρυκας
1713 567 1793 628 είς

203 639 336 710 ὃλην
359 640 464 712 τὴν
495 643 840 717 οἰκουμένην,
872 647 1088 720 Σίμωνα
1119 650 1344 722 Πέτρον,
1408 655 1659 726 Ἀνδρέαν
1702 657 1794 711 τὸν

201 731 437 803 αδελφδν
478 735 666 802 αὑτοῦ,
721 737 978 793 Ἰάκωϐον
1015 743 1110 794 ml.
1153 743 1424 817 Ἰωάννην,
1471 749 1596 812 τοὺς
1641 751 1794 814 υἱοὺς

201 823 635 891 Ζεϐεδαίου,οὓς
669 829 838 884 πάλαι
881 830 1190 898 ἐξελέξατο,
1221 833 1484 890 Φίλιππον
1521 841 1614 891 ml
1652 837 1792 912 Βαρ·

203 917 522 988 θολομαῖον,
577 921 856 976 ἣΙατθαῖον
905 924 1000 978 καὶ
1046 925 1246 998 Θωμᾶν
1303 931 1398 983 καὶ
1449 929 1647 986 Ἰούδαν
1699 934 1792 988 καὶ

201 1006 488 1075 Θαδδαῖον,
521 1011 740 1082 Σίμωνα
767 1013 856 1068 τὸν
899 1015 1174 1089 Ζηλωτὴν,
1204 1019 1390 1074 ἰούδαν
1415 1039 1472 1075 τε
1497 1023 1588 1076 τὸν
1617 1023 1792 1079 Ἰσκα-

205 1099 416 1172 ριώτην
459 1102 554 1156 ml.
600 1104 870 1176 προδότην
895 1105 1062 1161 αὑτοῦ
1105 1110 1396 1182 γενόμενον
1417 1130 1432 1144 ·
1462 1115 1554 1168 ml.
1599 1115 1790 1182 ἄλλους

203 1193 582 1266 ἐϐδομήκοντα
628 1197 752 1264 δύο,
797 1197 858 1264 ἐξ
903 1193 979 1252 ὧν
1035 1195 1177 1273 ἦσαν
1230 1205 1370 1260 ἐπτά
1420 1207 1468 1260 oi
1527 1208 1618 1262 ἐπὶ
1687 1209 1790 1264 τῶν

200 1289 394 1359 χηρῶν
413 1289 548 1358 (18),
568 1293 860 1361 Στέφανος,
891 1294 1174 1360 Φίλιππος.
1195 1297 1487 1370 Πρόχορος.
1510 1301 1788 1374 Νικάνωρ,

153 1391 160 1406 ⁵
201 1379 418 1450 Τίμων,
449 1382 746 1454 Παρμενᾶς
797 1386 892 1439 ml.
921 1387 1201 1451 Νικόλαος.
1228 1389 1371 1458 Πρὸς
1398 1391 1610 1456 τούτοις
1637 1395 1790 1447 Ματ-

199 1472 330 1535 θίας
351 1474 382 1526 ὁ
416 1474 540 1528 ἀντὶ
576 1474 746 1528 Ἰούδα
789 1475 1016 1546 ἔσχατον
1059 1479 1460 1551 συμψηφισθεὶς
1503 1485 1642 1554 μετά
1681 1487 1788 1540 τῶν

200 1561 420 1618 δώδεκα
449 1565 781 1620 ἀποστόλων,
805 1568 961 1622 Μετὰ
991 1570 1048 1623 δὲ
1069 1571 1272 1626 τούτων
1301 1575 1514 1629 πάντων
1540 1578 1786 1648 Μάρκος,

201 1656 444 1720 Λουκᾶς,
478 1657 728 1720 Ἰοῦστος.
755 1657 1042 1730 Βαρνάϐας
1087 1663 1180 1714 καὶ
1219 1664 1498 1735 Ἀπελλῆς,
1541 1665 1784 1736 Ῥοῦφος,

199 1747 383 1816 Νίγερ
427 1749 524 1801 καὶ
579 1749 629 1800 oi
686 1748 862 1804 λοιποὶ
919 1750 1026 1805 τῶν
1077 1753 1564 1826 ἑϐδομηκονταδύο.
1630 1759 1787 1812 Μετὰ

1899 581 2022 620 nam
2057 563 2524 620 concurrentibus
2576 563 2884 634 divinisque
2917 565 3167 630 redditis,
3205 567 3259 622 in
3291 565 3470 623 Patris

1897 654 2088 712 dextra
2115 653 2385 718 consedit,
2415 666 2695 722 praecones
2725 652 2780 706 in
2805 652 3117 710 universum
3143 655 3330 710 orbem
3360 661 3471 710 ter-

1897 763 1972 802 rae
2019 745 2186 808 misit,
2223 743 2500 800 Simonem
2537 741 2760 796 Petrum
2800 755 2854 800 et
2887 745 3160 802 Andream
3193 748 3314 816 ejus
3356 747 3466 804 fra-

1895 847 2071 902 trem,
2125 835 2388 892 Jacobum
2435 846 2488 892 et
2523 834 2788 892 Joannem
2837 835 3084 892 Z‘ebedaai
3140 837 3471 910 ﬁlios,quoa

1895 925 2026 982 olim
2057 927 2356 996 delegerat,
2392 925 2700 998 Philippum
2732 938 2790 982 et
2813 925 3292 992 Bartholomaeum,
3335 929 3470 984 Mat-

1895 1021 2094 1076 thaeum
2143 1028 2196 1076 et
2258 1018 2556 1082 Thomam.
2595 1030 2648 1075 et
2695 1017 2890 1076 Judam
2933 1034 2996 1074 ac
3026 1019 3386 1090 Thaddteum,
3417 1031 3470 1076 et

1897 1111 2173 1166 Simonem
2217 1109 2442 1166 Zeloten
2473 1117 2528 1177 et
2557 1109 2752 1166 Judam
2807 1109 3148 1174 Iscariotem,
3183 1126 3212 1164 a
3242 1127 3353 1182 quo
3383 1111 3472 1167 ille

1893 1204 2126 1258 traditus
2148 1211 2260 1259 est:
2296 1203 2422 1258 item
2447 1202 2582 1257 alios
2612 1219 2782 1266 ιιιιιιι,
2811 1217 2842 1258 e
2863 1201 3064 1274 quibus
3097 1219 3168 1256 vn
3195 1202 3270 1258 illi
3297 1201 3468 1270 fuere,

1891 1294 1984 1366 qui
2028 1293 2094 1347 ad
2141 1293 2429 1348 viduarum
2457 1291 2778 1361 obsequium
2808 1291 3006 1347 delecti
3043 1300 3212 1346 sunt:
3243 1289 3472 1363 Stepha-

1892 1402 2018 1451 nus,
2073 1384 2377 1456 Philippus,
2415 1382 2752 1445 Prochorus,
2793 1380 3054 1445 Nicanor,
3083 1379 3301 1444 Timon,
3335 1380 3472 1438 Par-

1891 1491 2078 1532 menas
2127 1485 2182 1531 et
2227 1475 2486 1530 Nicotaus
2530 1491 2542 1527 :
2580 1480 2636 1528 et
2674 1479 2870 1544 prmter
2927 1472 3028 1526 hos
3065 1471 3341 1534 Matthias,
3377 1473 3472 1543 qui

1889 1569 2014 1624 loco
2039 1566 2194 1622 Judte
2223 1566 2367 1622 inter
2393 1580 2471 1620 xu
2515 1563 2794 1635 apostolos
2825 1570 3113 1634 cooptatus
3143 1571 3246 1619 est.
3279 1564 3476 1621 Acces-

1890 1667 2084 1715 serunt
2126 1657 2193 1712 ad
2244 1659 2368 1712 illos
2415 1655 2656 1720 Marcus,
2690 1655 2890 1719 Lucas,
2921 1653 3132 1719 Justus,
3167 1653 3469 1722 Barnabas,

1890 1747 2130 1820 Apelles,
2163 1746 2363 1811 Rufus,
2393 1747 2555 1817 Niger
2603 1759 2668 1800 ac
2696 1743 2892 1814 reliqui
2920 1743 2987 1799 de
3015 1760 3185 1799 Lxxu.
3213 1743 3340 1800 Post
3373 1745 3474 1801 hos

199 1837 436 1901 τούτους
495 1839 554 1892 δέ
614 1840 823 1904 πάντας
883 1842 975 1895 ml.
1031 1845 1126 1897 σὺν
1181 1845 1374 1909 αὐτοῖς
1417 1847 1630 1904 Παῦλον
1695 1849 1786 1903 τὸν

1897 1851 2079 1892 omnes
2109 1844 2174 1900 et
2221 1849 2346 1890 cum
2397 1834 2480 1890 eis
2531 1834 2943 1888 sanctissimum
2997 1831 3228 1888 Paulum
3275 1849 3374 1890 sua
3405 1837 3472 1890 de

199 1929 514 1998 ἁγιώτατον
557 1930 856 1986 ἀπόστολον
905 1931 1266 2006 ἐκλεξάμενος
1305 1938 1392 1991 διὰ
1423 1939 1608 2010 φωνῆς
1653 1939 1788 2005 ἰδίας

201 2021 304 2073 ἀπ’
338 2021 595 2091 ούρανοῦ,
631 2023 928 2078 ἀπόστολον
949 2027 1086 2098 ὁμοῦ
1119 2029 1214 2081 καὶ
1246 2030 1464 2101 κήρυκα
1496 2031 1667 2085 ἐθνῶν
1693 2035 1788 2086 ml.

201 2113 504 2186 πληρωτὴν
559 2115 924 2188 ἀποστολικῆς
986 2120 1258 2185 διακονίας
1322 2123 1628 2177 ἀπέστειλε.
1681 2127 1788 2180 Καὶ

201 2208 456 2278 εῦρίσκει
477 2208 692 2263 Λουκᾶν
718 2209 826 2264 τῶν
847 2210 1310 2282 ἑϐδομηκονταδύο
1327 2213 1452 2268 ὅντα
1475 2215 1582 2270 τῶν
1599 2217 1790 2287 ἐσκορο

203 2301 514 2370 πισμένων,
545 2303 642 2354 καὶ
683 2302 974 2356 ἀκόλουθον
1013 2304 1177 2357 αὐτὸν
1211 2305 1368 2360 ἔλαϐε
1401 2307 1493 2362 ml.
1529 2307 1788 2380 συνεργὸν

199 2391 300 2445 τοῦ
335 2393 694 2462 Εὐαγγελίου.
733 2395 919 2460 Οὕτως
959 2396 1090 2466 γοῦν
1131 2399 1385 2472 ἐτελέσθη
1426 2403 1459 2470 ή
1505 2403 1654 2456 πᾶσα
1699 2401 1789 2455 εύ-

199 2483 476 2557 αγγελικὴ
509 2488 865 2557 πραγματεία
885 2487 990 2553 ἕως
1011 2488 1200 2543 τούτου
1221 2488 1316 2543 τοῦ
1342 2491 1556 2562 χρόνου.

279 2577 480 2632 Ἔσται
513 2577 571 2630 δέ
616 2595 705 2648 μοι
741 2581 770 2632 ὁ
814 2579 970 2648 λόγος
1005 2581 1110 2643 ἕως
1144 2575 1244 2635 ὧδε
1279 2584 1406 2655 περὶ
1435 2583 1542 2638 τῶν
1588 2584 1789 2639 εἴκοσιν

205 2668 514 2740 αἱρέσεων,
565 2670 660 2724 καὶ
715 2671 816 2742 τῆς
863 2671 1008 2726 κατά
1058 2673 1379 2728 ἀκολουθίαν
1431 2677 1488 2728 ἐν
1541 2677 1790 2748 συντόμῳ

203 2749 576 2832 εὐαγγελικῆς
617 2762 712 2816 τοῦ
759 2766 964 2836 κόσμου
999 2766 1364 2835 φωταγωγίας
1395 2767 1482 2820 διὰ
1514 2767 1609 2821 τοῦ
1657 2769 1790 2839 Χρι-

205 2853 338 2908 στοῦ
371 2855 466 2908 καὶ
487 2855 596 2908 τῶν
633 2855 890 2926 μαθητῶν
914 2857 1077 2910 αὐτοῦ
1119 2875 1349 2930 γεγεννη
1360 2857 1542 2930 μένης.
1579 2853 1673 2924 Οἷς
1697 2861 1790 2914 ml.

203 2949 372 3016 ὃμοια
409 2946 660 3013 συλλέξαι
717 2949 810 3001 ml.
855 2947 1295 3021 παραθέσθαιτά
1337 2950 1793 3022 προθεσπίσματὰ

201 3055 264 3091 τε
306 3037 534 3102 καὶτὰς
563 3040 899 3111 προφητείας
932 3041 1040 3094 ἀπὸ
1077 3041 1240 3112 νόμου
1281 3059 1338 3094 τε
1390 3043 1480 3096 ml.
1522 3043 1788 3114 Ψαλμῶν,

203 3133 302 3183 καί
327 3131 438 3182 τῶν
463 3131 638 3185 ἀλλων
675 3130 776 3195 τὰς
806 3131 1130 3195 ἀκολουθίας
1160 3133 1254 3186 καὶ
1295 3133 1546 3202 ἀγωγάς·
1583 3133 1790 3187 ἔνεστιν

207 3219 409 3280 metu“,
475 3219 570 3273 καὶ
621 3220 722 3290 τὴν
777 3219 1066 3289 ἀκρίϐειαν
1107 3219 1548 3278 καταλαϐέσθαι.
1598 3222 1674 3286 ὡς
1727 3225 1787 3276 οὐ

204 3309 364 3373 νόθος
389 3309 506 3363 ἀλλ’
533 3309 761 3381 ἀληθὴς,
791 3311 885 3364 καὶ
913 3311 1452 3381 προκαταγγελθεῖσα
1477 3313 1584 3366 ἀπὸ
1609 3315 1790 3386 πάσης

203 3404 306 3474 τῆς
333 3402 570 3465 παλαιᾶς
589 3401 874 3474 διαθήκης,
908 3403 1002 3455 ml.
1034 3403 1404 3474 ἀναμφίϐολός
1433 3405 1580 3458 ἐστιν
1619 3407 1651 3476 ἡ
1696 3405 1788 3458 τοῦ

203 3495 452 3568 Χριστοῦ
487 3497 762 3566 παρουσία
797 3497 892 3549 καὶ
938 3496 1270 3567 εὐαγγελικὴ
1299 3496 1632 3552 διδασκαλία.
1673 3499 1788 3552 Ἵνα

173 3589 262 3642 -δὲ
315 3589 392 3659 μὴ
450 3589 530 3651 είς
579 3588 742 3656 ὄγκον
803 3587 1141 3660 παρεκτείνω
1189 3589 1287 3660 τὴν
1335 3589 1435 3660 τῆς
1485 3589 1790 3655 συντάξεως

205 3677 618 3748 πραγματείαν,
649 3677 861 3741 τούτοις
894 3678 1331 3756 ἀρκεσθήσομαι.

281 3767 498 3840 Προϊὼν
553 3769 611 3822 δὲ
669 3769 868 3840 ἐφεξῆς
916 3769 1015 3834 τὰς
1065 3771 1358 3842 μετέπειτα
1407 3769 1482 3841 τῷ
1527 3771 1626 3842 βίῳ
1673 3773 1792 3824 ἐπι-

205 3862 440 3930 Ψυείσας
477 3863 567 3915 ἐπὶ
598 3865 740 3934 κακῇ
780 3862 1052 3934 προφάσει
1078 3861 1236 3930 δόξας
1255 3863 1454 3934 ὁμοίως
1483 3863 1791 3935 διαγράφω·

1891 1928 2032 1984 εωιο
2061 1941 2197 1983 voce
2230 1926 2400 1980 missa
2437 1925 2748 1995 apostolum
2779 1923 3022 1995 gentium
3053 1939 3117 1979 ac
3144 1940 3468 1996 praeconem.

1891 2027 1946 2076 et
2000 2018 2284 2090 apostolici
2329 2017 2622 2072 ministerii
2675 2024 3177 2072 consummatorem
3211 2017 3468 2072 instituit.

1891 2111 1994 2179 Qui
2017 2111 2236 2182 quidem
2257 2109 2460 2164 Lucam
2491 2124 2659 2163 unum
2691 2123 2721 2163 e
2749 2123 2897 2162 Lxxn
2921 2107 3208 2178 discipulis
3238 2110 3326 2178 qui
3359 2108 3472 2164 dic-

1891 2201 2035 2272 persi
2089 2201 2324 2263 fuerant,
2361 2199 2587 2261 invenit,
2627 2213 2862 2268 eumque
2929 2198 3184 2253 comitem
3224 2208 3278 2254 et
3317 2199 3470 2267 adju-

1894 2304 2065 2349 torem
2087 2291 2364 2363 Evangelii
2389 2289 2656 2344 adhibuit.
2682 2289 2796 2344 Hoc
2822 2289 2982 2344 modo
3007 2298 3177 2344 totum
3193 2289 3470 2363 Evangelii

1892 2384 2174 2458 negotium
2209 2385 2274 2440 ad
2307 2384 2410 2440 hoc
2439 2398 2614 2458 usque
2641 2381 2906 2456 temporis
2937 2382 3246 2440 confectum
3273 2394 3380 2441 est.

1965 2561 2140 2630 Atque
2167 2560 2434 2617 hactenus
2481 2561 2552 2616 de
2595 2577 2664 2615 xx
2724 2562 2914 2630 sectis,
2966 2563 3142 2634 deque
3191 2580 3278 2630 eo,
3328 2568 3472 2636 quod

1893 2652 2087 2708 ordine
2113 2661 2472 2707 consecutum
2507 2659 2614 2715 est,
2644 2661 2700 2708 et
2733 2667 2763 2706 a
2789 2669 2876 2708 me
2903 2655 3094 2724 paucis
3118 2657 3470 2726 explicatum,

1892 2744 2204 2814 evangelica
2228 2743 2438 2798 scilicet
2463 2743 2606 2806 luce,
2631 2757 2754 2814 quae
2775 2757 2805 2796 a
2823 2743 3044 2798 Christo
3065 2743 3294 2800 Domino
3321 2747 3474 2816 ejus-

1893 2852 2000 2907 que
2035 2834 2317 2905 discipulis
2360 2835 2476 2888 orbi
2521 2843 2792 2890 terrarum
2833 2834 2982 2888 illata
3021 2834 3144 2890 fuit;
3199 2835 3410 2903 Quibus
3441 2856 3470 2892 a

1897 2945 1981 2984 me
2010 2929 2170 2984 dictis
2212 2937 2580 2982 consentanea
2631 2929 2891 2998 pleraque
2922 2927 3182 2998 colligere
3223 2930 3372 2998 licet,
3407 2945 3471 2987 ac

1893 3019 2149 3075 vaticinia
2179 3026 2228 3074 et
2255 3019 2474 3074 oracula
2500 3035 2566 3073 ex
2598 3020 2717 3089 lege
2747 3020 2916 3074 veteri
2941 3022 3021 3074 vel
3051 3020 3288 3078 Psalmis
3318 3023 3470 3080 aliis-

1893 3128 1999 3182 que
2027 3112 2182 3168 libris
2208 3111 2553 3182 conquirere,
2587 3118 2642 3166 et
2673 3112 2915 3166 omnium
2956 3113 3152 3167 seriem
3193 3115 3470 3170 ordinem-

1895 3220 2002 3275 que
2035 3203 2372 3274 perscrutari
2403 3221 2417 3268 ;
2475 3218 2539 3256 ex
2583 3202 2761 3272 iisque
2801 3201 3236 3259 incarnationem
3265 3203 3470 3262 Christi

1893 3298 2111 3354 Domini
2153 3299 2442 3368 perspicue
2482 3297 2843 3366 comprobare
2885 3311 2994 3350 non
3043 3297 3467 3366 supposititiam,

1895 3393 1988 3447 sed
2009 3407 2190 3446 veram
2213 3391 2512 3451 exstitisse,
2537 3396 2702 3458 atque
2728 3389 2784 3443 in
2805 3389 2922 3459 lege
2939 3389 3111 3445 veteri
3137 3391 3469 3452 nuntiatam.

1893 3491 1954 3538 ut
1983 3483 2050 3538 de
2072 3499 2136 3539 eo
2167 3483 2349 3538 nullus
2381 3483 2451 3536 sit
2479 3481 2762 3536 dubitandi
2801 3482 2954 3536 locus
2981 3482 3226 3536 relictus.
3261 3483 3366 3538 Sed
3395 3498 3462 3538 ne

1895 3575 2058 3645 hujus
2105 3575 2286 3644 operis
2321 3572 2576 3628 tractatio
2622 3571 2676 3625 in
2725 3570 2996 3625 intinizum
3026 3579 3332 3640 excrescat,
3371 3573 3460 3628 his

1895 3680 2018 3734 quae
2043 3663 2188 3719 dicta
2218 3669 2347 3718 sunt
2372 3661 2582 3718 erimus
2609 3660 2876 3716 contenti.

1976 3755 2054 3811 Ac.
2099 3754 2356 3824 deinceps
2409 3750 2694 3824 opiniones
2737 3751 2882 3816 illas,
2923 3766 3046 3822 quae
3095 3751 3149 3806 in
3189 3751 3472 3806 hominum

1895 3831 2059 3904 vitam
2082 3853 2270 3918 postea
2293 3844 2530 3916 pessimo
2558 3843 2742 3900 colore
2767 3857 2830 3898 ac
2862 3841 3043 3914 specie
3067 3841 3292 3914 prolata
3319 3851 3474 3926 sunt,

1896 3941 2086 3997 eadem
2121 3938 2264 3996 serie
2292 3945 2595 4008 pertexam.

1303 4055 1684 4117 ΗΕΕΙὶΕδΕΞ
1738 4055 1938 4117 TOMl
1997 4054 2052 4114 ΙΙ
2098 4051 2308 4113 LIBRI
2346 4051 2399 4112 Ι.

277 4183 356 4237 A’.
395 4184 505 4237 Kal.
538 4179 710 4236 ταῦτα
744 4180 854 4252 γὰρ
905 4179 1112 4232 ἔνεστιν
1156 4182 1212 4232 ἐν
1257 4179 1335 4249 τῷ
1375 4178 1608 4250 δευτέρῳ
1639 4177 1789 4248 τόμῳ

1968 4174 2180 4246 1122
2231 4171 2271 4224 l.
2319 4170 2443 4226 llaec
2481 4178 2610 4226 sunt
2651 4187 2772 4243 quae
2805 4171 2861 4226 in
2897 4173 3140 4230 secundo
3171 4181 3317 4228 torno
3349 4173 3475 4230 libri

201 4277 300 4330 τοῦ
343 4275 562 4348 πρώτου
610 4274 813 4345 βιϐλίου
856 4272 1286 4343 διαλαμϐάνοντα
1327 4271 1454 4342 περὶ
1494 4269 1789 4340 δεκατριῶν

1897 4267 2054 4337 primi
2085 4264 2460 4325 continentur,
2481 4262 2536 4316 in
2570 4275 2678 4331 quo
2711 4277 2808 4315 xm
2840 4261 3082 4318 haereses
3103 4263 3472 4334 explicantur,

203 4370 494 4442 αἱρέσεων,
535 4361 609 4421 ὧν
655 4364 845 4439 πρώτη
878 4367 911 4436 ἡ
951 4363 1044 4417 τοῦ
1078 4365 1318 4434 Σίμωνος
1344 4362 1436 4416 τοῦ
1479 4363 1700 4430 Μάγου,
1733 4361 1789 4423 ὃς

1897 4371 2120 4427 quarum
2139 4357 2312 4426 prima
2333 4361 2412 4410 est
2434 4353 2672 4407 Simonis
2689 4352 2849 4424 Magi,
2872 4354 2965 4424 qui
2986 4354 3166 4409 statim
3189 4361 3311 4426 post
3325 4355 3476 4410 Chri-

205 4462 370 4525 εὐθὺς
417 4460 559 4531 μετά
599 4457 833 4527 Χριστὸν
883 4456 962 4509 ἔτι
1001 4455 1386 4526 κηρυσσόντων
1418 4453 1526 4506 τῶν
1559 4453 1789 4507 ἀποστό-

1897 4461 2036 4504 stum
2065 4446 2491 4518 praedicantibus
2521 4445 2698 4500 adhuc
2733 4445 3000 4516 apostolis
3030 4446 3276 4510 emersit,
3305 4457 3335 4500 ει
3365 4462 3476 4519 quo

205 4553 314 4605 λων
345 4553 544 4621 ἐφάνη,
571 4550 664 4618 ἀφ’
688 4543 748 4602 οὗ
783 4548 876 4601 ml.
915 4546 1242 4617 Σιμωνιανοὶ
1274 4544 1580 4616 ἐκλήθησαν
1600 4583 1614 4606 ,
1644 4546 1692 4597 οι
1722 4546 1788 4614 τῇ

1898 4540 2199 4596 Simoniani
2238 4539 2385 4594 illius
2421 4539 2646 4594 haeresis
2681 4546 2980 4594 sectatores
3030 4539 3280 4609 appellati
3325 4547 3470 4594 sunt.

185 4645 374 4700 ,αὑτοῦ
427 4643 636 4715 αἱρέσει
697 4641 1106 4714 προσκείμενοι.
1150 4630 1318 4701 Οὗτος
1379 4639 1442 4691 ἐκ
1480 4637 1789 4712 Σαμαρείας

1898 4635 1996 4690 llic
2043 4649 2108 4690 ex
2158 4631 2419 4686 Samaria:
2471 4631 2590 4686 vico
2641 4629 2878 4700 quodam
2929 4629 3133 4684 Gitthis
3185 4628 3474 4694 oriundus,

203 4739 454 4810 ὡρμᾶτο,
488 4734 682 4805 κώμης
709 4732 938 4796 Γιτθῶν,
967 4730 1207 4802 Χριστοῦ
1258 4731 1314 4783 δὲ
1357 4729 1586 4783 ὑπέδυεν
1619 4729 1789 4800 ὄνομα

1898 4726 2175 4784 Christum
2219 4725 2440 4780 nomine
2477 4733 2638 4780 tenus
2683 4721 2970 4794 professus
2998 4733 3100 4780 est.
3151 4723 3356 4778 Auctor
3387 4739 3478 4777 ne-

207 4831 389 4900 μόνον.
421 4825 634 4892 Ἔδειξε
667 4827 724 4879 δέ
767 4823 1150 4898 αἰσχροποιΐαν
1186 4822 1283 4893 τὴν
1335 4821 1480 4892 μίξιν
1508 4820 1786 4893 μολυσμοῦ

1902 4820 2079 4876 ίειιιιιαι
2135 4816 2494 4876 obscenitatis
2542 4827 2597 4872 et
2648 4815 3080 4888 inquinatissimi
3128 4815 3472 4878 concubitus,

273 4991 287 5020 ¹
323 4987 548 5042 Leviter
579 4987 911 5056 depravatus
941 4983 1029 5036 hic
1059 4983 1233 5038 locus.
1264 4979 1390 5036 Cor.
1415 4981 1638 5050 ἀγωγὰς
1667 4980 1789 5034 ἔνεσ

1905 4980 2031 5034 ἰδεῖν
2069 4996 2154 5032 τε.

275 5148 394 5216 (18)
439 5149 506 5199 οι
544 5146 642 5200 ἐπὶ
679 5145 798 5198 τῶν
823 5142 1045 5214 χηρῶν.
1087 5141 1319 5216 Unicum
1353 5150 1558 5216 tantum
1595 5157 1708 5216 nec.
1736 5141 1789 5194 il.

1897 5141 2036 5197 blica
2071 5137 2798 5216 impositinnc._qu:e_omnia
2835 5151 2944 5192 non
2979 5135 3154 5216 solam
3185 5134 3252 5216 de
3293 5133 3474 5216 viduis

205 5205 297 5274 Iud
323 5205 662 5290 prxcipuum
681 5205 1044 5290 ιϋιιιὲἆὶιὸιπιιιιιΔ
1063 5213 1321 5290 ollicium,
1335 5229 1444 5290 quo
1463 5213 1640 5290 viduis
1667 5229 1796 5290 ιιι-ξς·
1898 5205 2242 5290 cursim-"sed
2293 5205 2498 5290 grande
2531 5207 2751 5279 aliquod
2801 5206 3150 5290 protendunt.
3187 5205 3480 5290 Declarant

206 5300 294 5346 sto
323 5275 518 5348 'erant',
553 5287 730 5358 tangit
779 5285 1120 5358 Epiphanius
1159 5284 1262 5338 hoc
1309 5275 1637 5358 in'Aloco,’de
1667 5275 1796 5337 'illis
1899 5289 1954 5358 et
1985 5282 2174 5358 Patres
2201 5275 2514 5358 traditionis
2563 5275 2886 5358 argumento
2913 5279 3171 5358 docentes
3211 5275 3480 5358 diaconos

205 5375 318 5414 non
366 5349 695 5425 composito,
739 5349 842 5412 sed
885 5349 1068 5410 obiter
1130 5369 1316 5424 agens.
1371 5349 1636 5409 Caeterum
1689 5369 1794 5425 non
1902 5353 2106 5425 electos
2135 5351 2528 5425 institutusque
2571 5349 2918 5425 potissimum
2955 5349 3147 5425 fuisse,
3187 5354 3248 5425 ut
3293 5361 3478 5401 sacer-

203 5432 272 5485 ad
335 5428 468 5484 illud
501 5418 734 5481 tantum
791 5443 990 5481 munus
1033 5418 1236 5480 ascitos
1298 5441 1394 5481 eos
1441 5425 1610 5479 fuisse
1663 5424 1798 5478 satis
1905 5423 2126 5476 dotibus
2159 5437 2314 5476 sacra
2379 5418 2704 5474 faeientibus
2749 5419 2814 5473 ad
2866 5418 3036 5472 altare
3075 5418 3474 5474 ministrarent.

203 5501 454 5554 declarat
490 5495 548 5552 S.
582 5495 761 5570 Lucas
805 5497 1244 5570 Apostolicorum
1283 5504 1500 5570 actuum
1553 5509 1681 5570 cap.
1717 5509 1792 5570 vr,
1905 5491 2098 5570 Notum
2133 5501 2216 5546 est
2248 5491 2306 5546 S.
2343 5492 2676 5570 (“lyr-ianum
2701 5489 3036 5570 _in_Epistola
3064 5487 3270 5570 suanm!
3303 5487 3473 5554 Rogu~

207 5570 434 5624 modum
483 5577 647 5638 atque
685 5559 914 5638 formam
947 5567 1108 5621 nobis
1147 5559 1792 5638 describensiqua'eleeti
1903 5563 2148 5638 tinuum;
2181 5579 2300 5632 qua:
2351 5559 2936 5638 65'_olim_h_abeba_tur_
2975 5559 3028 5612 in
3073 5559 3287 5638 ordine,
3333 5573 3471 5612 nunc

205 5640 362 5713 fuere
397 5647 452 5694 et
483 5629 742 5713 instituti.
769 5636 1103 5713 illiristiana:
1124 5638 1402 5713 _nimirum
1445 5629 1618 5706 plebis
1648 5636 1794 5713 Δει-ἰιιι
1903 5643 2082 5706 autvn)
2117 5634 2170 5696 5,
2194 5629 2481 5713 conceptis
2503 5631 2692 5713 verbis
2746 5630 3054 5713 scripsisse,
3087 5629 3335 5713 άίιςςρηοι
3363 5638 3472 5713 post

205 5712 474 5782 qundam,
531 5709 814 5782 probitatis
859 5722 1070 5762 morum
1106 5699 1468 5782 documento}
1521 5709 1790 5772 oratione,
1903 5699 2202 5782 ηεςειιειιηι,
2233 5699 2443 5757 Domini
2497 5703 2566 5782 in_
2595 5699 3086 5782 εφζρεηηῂοειοζοξ
3127 5701 3228 5782 sibi
3281 5701 3478 5754 consti-

205 5771 316 5852 qua
359 5781 503 5837 Deus
531 5771 916 5852 'dsprecatus;
967 5779 1336 5850 apostolorum
1389 5793 1646 5832 mamium
1689 5771 1790 5846 pué
1903 5775 2086 5842 tuisse,
2119 5775 2448 5844 episcopatus
2482 5774 2566 5828 sui
2593 5781 2642 5826 et
2675 5771 2926 5827 Ecclesia
2956 5771 3243 5826 ministros.
