3810 6216
134 282 238 338 εστ

1454 275 2109 336 ΑΝΑοερηΑιλεοεῐε.

3273 270 3384 331 858

135 390 327 462 μανῶς
374 387 768 461 ἑργαζόμενοι·
817 389 875 440 ὲν
919 386 1179 458 Αἰγύπτῳ
1225 388 1282 441 δὲ
1319 388 1708 459 Στρατιωτικοὶ

1838 387 1883 442 is
1913 387 2131 443 vesania
2162 393 2512 457 superarunt.
2545 383 2870 452 Stratiotici,
2901 384 2954 441 id
2984 391 3092 449 est,
3119 382 3385 440 Militares

131 479 460 552 καλούμενοι
493 480 587 533 καὶ
619 479 928 532 Φισιωνϊται
948 495 961 508 ·
1005 481 1062 532 ὲν
1105 479 1162 532 δὲ
1208 481 1323 543 τοῖς
1363 479 1711 550 ἀνωτερικοϊς

132 571 352 642 μέρεσι,
395 569 767 622 Σεκουνδιανοί
789 583 800 598 ·
833 571 890 623 ὲν
931 568 1110 632 ἄλλοις
1147 568 1204 622 δὲ
1235 568 1450 639 μέρεσι,
1483 569 1709 639 Σωκρα-

125 664 312 715 τῖται·
347 659 497 731 παρὰ
524 660 581 714 δὲ
615 659 840 731 ἑτέροις,
893 661 1184 730 Ζακχαϊοι·
1221 658 1370 712 ἄλλοι
1411 659 1468 712 δὲ
1514 657 1710 712 Κοδια-

126 755 260 816 νοῦς
301 752 497 816 αὐτοὺς
534 751 784 821 λέγουσι’
831 750 980 805 ἄλλοι
1030 751 1088 802 δὲ
1138 750 1470 822 Βορϐορίτας
1515 750 1709 814 αὐτοὺς

128 843 385 897 καλοῦσι.

205 933 283 987 Z'.
338 929 850 1002 Kapmxpattavo't,
916 929 1023 982 ἀπὸ
1082 929 1517 1000 Καρποκρατους
1563 927 1710 990 τινὸς

125 1019 245 1074 τῶν
267 1021 324 1073 ἐν
345 1023 410 1092 τῇ
437 1019 736 1090 Ἀσίᾳ(25),
761 1019 817 1082 ὃς
848 1017 1092 1072 ἐδίδασκε
1121 1020 1298 1072 πᾶσαν
1320 1018 1709 1089 αἰσχρουργίαν

126 1111 382 1165 ἐκτελεῖν
408 1114 502 1166 καὶ
532 1113 641 1166 πᾶν
669 1109 1007 1180 ἐπιτήδευμα
1042 1109 1336 1181 ἁμαρτίας.
1365 1109 1476 1164 Καὶ
1522 1109 1572 1161 εί
1632 1109 1706 1180 μή

125 1221 221 1267 τις
246 1203 334 1258 διὰ
363 1198 597 1266 πάντων,
615 1202 771 1272 φησὶ,
790 1200 1056 1274 παρέλθῃ.
1073 1202 1165 1255 καὶ
1190 1202 1250 1254 τὸ
1267 1201 1392 1271 θέλη
1402 1217 1478 1271 μα
1493 1199 1708 1254 πάντων

125 1296 403 1366 δαιμόνων
439 1296 533 1348 καὶ
571 1295 815 1364 ἀγγέλων
845 1295 1120 1348 ἐκτελέσει
1146 1335 1160 1357 ,
1199 1295 1260 1346 οὐ
1288 1293 1508 1347 δύναται
1541 1293 1710 1364 ὑπερ-

126 1385 299 1456 ϐῆναι
324 1387 403 1449 είς
426 1385 517 1438 τὸν
539 1386 767 1457 οὐρανὸν
785 1426 801 1452 ,
829 1385 951 1439 οὐδὲ
982 1385 1082 1449 τὰς
1107 1385 1283 1456 ἀρχὰς
1307 1388 1400 1438 καὶ
1432 1385 1530 1449 τὰς
1551 1385 1708 1450 ὲξου-

128 1475 261 1538 σίας
291 1474 600 1546 παρελθεῖν.
639 1473 831 1542 Ἔλεγε
856 1473 912 1526 δὲ
937 1472 1031 1526 τὸν
1078 1471 1286 1544 Ἰησοῦν
1313 1472 1491 1541 ψυχὴν
1517 1469 1710 1542 νοερὰν

126 1562 452 1634 εἰληφέναι,
485 1562 663 1615 εἰδότα
686 1561 742 1614 δὲ
779 1559 847 1613 τὰ
875 1560 1007 1624 ἄνω,
1037 1559 1221 1613 καὶτὰ
1245 1557 1480 1612 ἐνταῦθα
1504 1572 1713 1624 καταγ-

127 1654 379 1722 γέλλειν·
427 1653 525 1708 καὶ
564 1653 641 1717 ὡς
665 1651 832 1714 εἴτις
887 1650 1145 1722 πράξειεν
1184 1650 1346 1722 ὅμοια
1391 1647 1467 1718 τῷ
1509 1646 1706 1719 Ἰησοῦ,

1813 479 1868 532 in
1899 477 2132 549 Ευριο
2180 476 2440 552 dicuntur
2489 483 2544 533 et
2585 475 2931 538 Phibionitaa.
2986 477 3040 530 in
3099 477 3385 546 superiore

1813 575 1986 622 tractu
2043 567 2391 632 Secundiani,
2421 566 2548 622 alibi
2601 565 2906 634 Socratitze,
2947 567 3016 622 ab
3073 567 3194 622 aliis
3244 566 3386 624 Zac-

1810 657 1967 711 chaei.
2017 655 2159 712 Sunt
2202 657 2296 727 qui
2349 673 2444 712 eos
2478 651 2750 711 Codianos
2799 656 3114 721 nominent,
3160 655 3382 727 quidam

1811 745 2145 810 Borboritas,
2178 747 2294 804 sive
2326 743 2668 802 Lutulentos.

1879 918 1991 976 νη.
2020 919 2433 992 Carpocratiani
2464 937 2495 979 a
2522 920 2856 993 Carpocrate
2880 923 3117 994 quodam
3139 922 3388 981 Asiatico

1809 1011 1963 1078 dicti,
1995 1013 2087 1082 qui
2118 1013 2187 1066 ad
2211 1027 2371 1069 omne
2395 1013 2796 1084 turpitudinum
2828 1029 2892 1068 ac
2934 1013 3267 1085 ﬂagitiorum
3293 1031 3386 1086 ge-

1810 1118 1913 1157 nus
1958 1103 2258 1173 discipulos
2309 1103 2661 1159 informabal.
2706 1101 2864 1170 Quod
2900 1105 2947 1160 si
2987 1105 3138 1174 quis,
3183 1101 3384 1166 aiebat.

1809 1207 1918 1245 non
1946 1192 2128 1246 omnia
2156 1195 2508 1262 percurrerit,
2535 1209 2714 1264 neque
2743 1195 3050 1249 daemonum
3080 1203 3136 1249 et
3167 1197 3389 1266 angelo-

1808 1296 1929 1334 rum
1953 1282 2198 1336 omnium
2232 1282 2498 1337 voluntati
2535 1283 2890 1349 satisfecerit,
2923 1285 2978 1337 in
3003 1285 3205 1340 coelum
3231 1285 3388 1340 evehi

1808 1372 2029 1427 minime
2055 1381 2253 1442 potest,
2279 1389 2454 1445 neque
2476 1376 2816 1446 principatus
2842 1383 2896 1430 et
2922 1383 3222 1446 potestates
3247 1387 3390 1432 tran-

1809 1463 2086 1518 scendere.
2143 1456 2437 1520 Asserehat
2472 1465 2615 1520 idem
2654 1465 2841 1520 .Iesum
2878 1479 3059 1521 mente
3098 1465 3380 1537 praeditam

1810 1555 2047 1609 animam
2091 1557 2425 1626 sumpsisse,
2466 1565 2521 1613 et
2567 1559 2877 1613 caelestium
2924 1574 2988 1612 ac
3037 1567 3386 1614 terrenorum

1810 1644 2123 1718 cognitione
2163 1649 2805 1719 praeditumhominibus
2847 1665 2910 1705 ea
2945 1650 3267 1705 nuntiasse:
3319 1665 3386 1704 ac

127 1746 256 1797 κατ’
287 1744 448 1798 αὑτὸν
483 1740 640 1798 εἶναι.
688 1742 790 1796 Τὸν
838 1741 897 1795 δὲ
936 1741 1100 1812 νόμον
1129 1741 1225 1794 σὺν
1256 1742 1322 1813 τῇ
1367 1739 1476 1791 τῶν
1500 1737 1708 1812 νεκρῶν

1831 1737 1858 1791 si
1880 1738 2006 1807 quis
2037 1738 2227 1794 eadem
2262 1755 2383 1810 qua:
2425 1738 2586 1796 Jesus
2617 1740 2768 1804 olim,
2815 1748 3109 1811 perpetret,
3146 1740 3290 1796 haud
3323 1756 3391 1797 eo

126 1833 428 1888 ἀναστάσει
454 1833 787 1906 ἀπαγορεύει
805 1875 820 1898 ,
853 1834 929 1899 ὡς
953 1835 1011 1887 αἱ
1042 1833 1152 1886 ἀπὸ
1176 1831 1418 1903 Σίμωνος
1445 1829 1707 1901 αἱρέσεις.

127 1924 340 1978 Τούτου
368 1926 590 1994 γέγονεν
621 1925 652 1996 ἡ
686 1926 744 1977 ὲν
773 1921 961 1996 Ῥώμῃ
996 1920 1366 1992 Μαρκελλίνα.
1397 1921 1624 1982 Εἰκόνας
1651 1918 1709 1972 δὲ

129 2017 371 2086 ποιήσας
411 2017 470 2067 ὲν
500 2017 680 2089 κρυφῇ
720 2011 894 2085 Ἰησοῦ
924 2011 1020 2066 καὶ
1061 2009 1299 2088 Παύλου,
1341 2011 1433 2063 καὶ
1468 2009 1706 2080 Ὀμήρου

129 2107 229 2160 καὶ
265 2105 601 2176 Πυθαγόρου,
627 2104 827 2166 ταύτας
850 2101 1049 2174 ὲθυμία
1077 2102 1172 2155 xui.
1203 2099 1546 2172 προσεκύνει.

1814 1828 2130 1886 inferiorem
2163 1830 2429 1886 futurum.
2478 1831 2706 1888 Demum
2741 1831 2910 1903 legem
2941 1847 3048 1885 una
3084 1847 3209 1886 cum
3240 1846 3390 1887 mor-

1816 1929 2047 1976 tuorum'
2064 1923 2468 1978 resurrectione
2495 1922 2808 1987 damnabat,
2849 1922 3306 1993 quemadmodum
3337 1932 3391 1976 et

1817 2011 2122 2068 Simoniani
2174 2013 2465 2082 casterique
2507 2028 2719 2078 omnes,
2773 2027 2911 2083 quos
2957 2012 3238 2082 hucusque
3270 2026 3394 2082 per-

1815 2104 2026 2159 censui.
2088 2104 2166 2158 Ex
2197 2103 2362 2173 hujus
2391 2119 2551 2175 grege
2583 2099 2895 2159 Marcelline
2927 2103 3019 2158 illa
3049 2103 3236 2158 Romae
3266 2103 3390 2157 fuit.

128 2203 314 2271 Atque
369 2199 510 2254 idem
541 2197 668 2254 Jesu
705 2195 968 2266 Paulique
1029 2209 1242 2250 necnon
1297 2201 1351 2250 et
1403 2190 1623 2247 Homeri
1680 2206 1747 2248 ac
1811 2194 2134 2266 Pythagora:
2170 2196 2476 2252 clanculum
2520 2195 2784 2267 imagines
2824 2194 3068 2267 fingens,
3120 2192 3392 2250 sullitibus

125 2307 229 2346 eas
269 2299 325 2346 et
350 2290 670 2346 adoratione
702 2294 1026 2359 prosecutus
1056 2292 1162 2341 est.

69 2450 75 2454 ν
203 2387 291 2440 R'.
314 2385 668 2457 Κηρινθιανοί⁸
697 2383 790 2437 καὶ
816 2381 1196 2454 Μηρινθιανοὶ,
1221 2381 1273 2433 οι
1297 2379 1406 2434 ἀπὸ
1434 2377 1712 2450 Κηρίνθου

128 2477 230 2530 καὶ
269 2475 547 2547 Μηρίνθου
592 2473 705 2544 (26)
739 2471 1018 2535 Ἰουδαῖοι,
1049 2469 1244 2532 οἵτινες
1286 2466 1588 2540 περιτομὴν
1617 2467 1716 2522 αὐ-

129 2566 316 2638 χοῦσι,
344 2567 438 2620 καὶ
469 2566 672 2637 κόσμον
701 2562 806 2618 ὑπὸ
841 2561 1088 2632 ἀγγέλων
1117 2558 1504 2630 γεγεννῆσθαι·
1533 2558 1622 2614 τὸν
1657 2558 1717 2612 δὲ

145 2660 364 2730 Ἰησοῦν
396 2658 537 2712 κατὰ
570 2653 851 2728 προκοπὴν
879 2653 1113 2726 Χριστὸν
1139 2649 1445 2706 καλεῖσθαι.

207 2837 291 2892 0'.
352 2834 657 2905 Ναζωραῖοι
709 2831 858 2903 (27),
902 2827 1110 2900 Ἰησοῦν
1170 2826 1268 2898 μὲν
1325 2823 1716 2896 ὁμολογοῦντες

133 2929 273 2983 Υἱδν
300 2927 458 2992 Θεοῦ,
489 2925 667 2980 πάντα
689 2922 748 2976 δὲ
774 2921 916 2976 κατὰ
947 2922 1111 2992 νόμον
1145 2918 1573 2989 πολιτευόμενοι.

209 3103 270 3156 l'.
321 3099 654 3166 Ἐσιωναῖοι,
704 3095 1101 3168 παραπλησίως
1143 3092 1252 3148 τῶν
1298 3093 1721 3167 προειρημένων

136 3190 522 3266 Κηρινθιανῶν
556 3189 650 3244 καὶ
679 3188 1014 3261 Ναζωραίων
1034 3225 1050 3251 ,
1078 3181 1160 3250 οἷς
1201 3185 1447 3256 συνήφθη
1480 3184 1624 3238 κατά
1665 3201 1718 3236 τι

133 3290 168 3357 ὴ
212 3285 326 3338 τῶν
370 3283 665 3354 Σαμψαίων
688 3298 751 3335 τε
784 3269 880 3334 καὶ
918 3278 1241 3333 Ἐλκεσαίων
1273 3277 1484 3349 αἵρεσις
1505 3294 1518 3308 ’
1547 3278 1597 3329 οἳ
1628 3275 1719 3329 τὸν

141 3376 380 3449 Χριστόν
415 3391 578 3445 φασιν
605 3372 854 3426 ἐκτίσθαι
899 3372 954 3424 ὲν
990 3370 1070 3443 τῷ
1110 3369 1326 3442 οὐρανῷ
1353 3370 1446 3423 καὶ
1475 3368 1538 3422 τὸ
1565 3367 1720 3436 ἆγιον

139 3468 393 3539 Πνεῦμα,
434 3466 817 3538 ὲνδημὴσαντα
841 3463 902 3517 δὲ
935 3464 996 3516 ὲν
1026 3462 1105 3534 τῷ
1146 3462 1318 3533 Ἀδὰμ
1351 3461 1585 3533 πρῶτον,
1626 3459 1721 3514 καὶ

141 3562 302 3616 και-ἀί
317 3559 505 3632 καιρὸν
535 3557 851 3628 ἐνδυόμενον
881 3556 1044 3610 αὐτὸν
1077 3555 1166 3609 τὸν
1207 3553 1400 3625 Ἀδὰμ,
1430 3553 1527 3606 καὶ
1560 3552 1722 3607 πάλιν

140 3651 467 3724 ἐκδυόμενον
489 3666 504 3681 ο
536 3650 693 3702 τοῦτο
747 3647 900 3720 (γὰρ)
938 3645 1102 3716 φασὶν
1155 3643 1587 3699 ὲπιτετελεκέναι
1626 3643 1722 3696 αύ-

140 3742 239 3797 τύν
270 3743 328 3796 ἐν
352 3743 417 3812 τῇ
443 3740 694 3811 ὲνσάρκῳ
718 3737 885 3792 αὐτοῦ
914 3735 1207 3808 παρουσίᾳ.
1225 3734 1464 3788 Ἰουδαῖοι
1491 3734 1549 3786 δὲ
1570 3733 1722 3796 ὄντες

145 3825 502 3903 Εὐαγγελίοις
535 3831 864 3902 κέχρηνται·
896 3827 1270 3900 σαρκοφαγίαν
1310 3825 1716 3896 βδελύττονται·

142 3925 206 3980 τὸ
237 3925 384 3996 ὕδωρ
412 3924 470 3977 δὲ
498 3923 618 3995 ἀντὶ
645 3918 779 3974 Θεοῦ
813 3919 1024 3991 ἔχουσι’
1056 3917 1146 3971 τὸν
1172 3917 1230 3972 δὲ
1252 3912 1485 3988 Χριστδῷ
1513 3915 1725 3987 ἄνθρω-

147 4034 252 4070 πον
282 4018 340 4067 ὲν
372 4017 439 4084 τῇ
466 4013 715 4083 ὲνσὰρκῳ
759 4009 1026 4081 παρουσίᾳ
1058 4008 1366 4062 ἐνδεδύσθαι
1387 4047 1401 4073 ,
1437 4007 1514 4072 ὡς
1561 4007 1719 4079 ἔφην.

147 4106 402 4178 Συνεχῶς
427 4107 483 4159 δὲ
509 4105 857 4176 βαπτίζονται
884 4105 942 4155 ὲν
969 4102 1080 4164 τοῖς
1121 4099 1276 4153 ῦδασι
1319 4099 1514 4171 θέρους
1536 4115 1595 4150 τε
1631 4099 1724 4150 καὶ

147 4198 420 4272 χειμῶνος
444 4199 525 4261 είς
551 4194 819 4266 ἁγιασμὸν
844 4192 1024 4264 δῆθεν,
1063 4190 1250 4262 ὥσπερ
1282 4192 1332 4244 οἱ
1365 4191 1721 4261 Σαμαρεῖται.

219 4371 327 4426 IA’.
369 4369 824 4431 Ούαλεντινιανοὶ,
870 4368 920 4421 οἳ
955 4367 1134 4437 σάρκα
1160 4364 1258 4436 μὲν
1287 4363 1724 4437 ἀπαγορεύουσιν

150 4464 231 4527 εἰς
278 4461 597 4526 ἀνάστασιν,
641 4458 883 4513 Παλαιὰν
923 4459 979 4512 δὲ
1021 4456 1275 4512 ἀθετοῦσι
1313 4456 1589 4528 Διαθήκην
1634 4454 1729 4508 καὶ

151 4556 460 4626 προφήτας,
478 4550 941 4620 ἀναγινώσκοντες
972 4550 1090 4622 μὲν,
1129 4551 1221 4603 καὶ
1246 4551 1348 4604 ὅσα
1367 4551 1446 4612 εἰς
1473 4546 1729 4618 ὁμοίωσιν

150 4633 408 4701 δύνανται
449 4644 864 4716 τροπολογίσθαι
896 4645 994 4715 τῆς
1031 4646 1210 4700 αὐτῶν
1251 4643 1517 4716 αἱρέσεως
1539 4683 1554 4706 ,
1580 4640 1733 4712 δεχό-

157 4756 314 4810 μενοι
332 4755 346 4768 ·
373 4737 566 4807 ἐτέρας
608 4737 664 4789 δέ
699 4754 854 4801 τινας
887 4736 1212 4807 μυθολογίας
1239 4735 1696 4807 παρεισφέροντες
1715 4776 1731 4802 ,

154 4830 452 4905 τριάκοντα
487 4828 781 4882 ἐνιαυτῶνι
811 4812 1106 4900 ὀνομασίας
1137 4827 1395 4900 φέροντες
1427 4827 1730 4899 ἁρῤενοθη-

155 4922 320 4978 λειῶν
347 4921 481 4994 ὁμοῦ
517 4939 599 4986 τε,
650 4923 715 4975 ὲκ
741 4919 834 4974 τοῦ
864 4920 1070 4992 πατρὸς
1092 4919 1204 4973 τῶν
1242 4919 1378 4979 ὅλων
1403 4919 1732 4991 γεγεννημέ-

158 5031 319 5080 νους,
361 5013 457 5077 οὓς
496 5013 590 5066 καὶ
631 5012 784 5076 θεοὺς
817 5009 1075 5083 ἡγοῦνται
1121 5011 1216 5065 καὶ
1263 5009 1486 5074 αἰῶνας.
1533 5009 1637 5066 Τὸν
1674 5010 1732 5065 δὲ

253 5179 269 5209 ¹
302 5177 430 5232 Cor.
467 5192 530 5232 ex
569 5175 604 5230 l.
642 5193 681 5238 ι,
706 5174 936 5231 αἰώνων.

231 5333 346 5405 (25)
392 5334 621 5405 τῶνηὲν
672 5331 749 5401 τῇ
806 5330 1738 5405 '£q£¢._CJemens_Alesantlt‘inus

159 5399 493 5462 Strornatum
520 5403 614 5458 lib.
643 5399 810 5464 tinet
838 5399 1214 5456 Tbeodoretus
1260 5399 1510 5458 llwretic.
1565 5400 1735 5468 fabul.

162 5475 256 5530 lib.
322 5490 372 5535 I.
426 5475 812 5544 Carpocratem
863 5485 970 5544 non
1033 5470 1294 5544 Asianum
1330 5471 1593 5544 faciunt,
1643 5471 1738 5527 sed

164 5545 508 5615 Egyptium,
536 5540 736 5611 genere
759 5541 1033 5615 nimirum
1051 5540 1498 5615 Alexandrinum.

273 5561 508 5615 ypttum,
539 5561 736 5611 genere
764 5561 1020 5597 nimirum
1051 5561 1498 5596 Alexandrinum.

236 5561 350 5684 526)
385 5617 450 5668 01
483 5615 602 5669 ἀπὸ
619 5611 1376 5684 ΚηρίνθουᾉκαίΜηρίνίζου.
1401 5610 1738 5684 Cerinthiani

166 5700 218 5743 ct
246 5680 595 5743 Morinthiani
626 5692 754 5741 sunt
785 5682 1071 5752 appellati;
1104 5696 1171 5736 an
1196 5697 1224 5737 a
1257 5681 1536 5748 Cerintho,
1568 5680 1660 5747 qui
1683 5689 1740 5735 et

1890 2371 2025 2428 VIII.
2073 2372 2437 2438 Cerintbiani,
2467 2371 2583 2429 sive
2613 2371 2963 2429 Merinthiani
2992 2389 3022 2428 a
3049 2374 3314 2433 Cerintho
3338 2387 3394 2434 et

1817 2463 2110 2529 Merintho,
2151 2463 2363 2520 Judaici
2394 2465 2609 2535 generis
2637 2466 2994 2534 exstiterunt,
3025 2467 3119 2538 qui
3153 2468 3393 2523 circum-

1817 2555 2080 2610 cisionem
2133 2570 2245 2626 prze
2282 2569 2342 2610 se
2380 2554 2650 2612 ferebant.
2699 2553 2956 2623 Mundam
2983 2555 3051 2609 ab
3075 2555 3280 2627 angelis
3309 2555 3392 2610 fa-

1816 2644 2106 2710 bricatum,
2129 2642 2318 2700 Iesum
2339 2643 2408 2699 ad
2435 2643 2640 2699 Christi
2663 2643 2983 2714 dignitatem
3011 2660 3108 2714 per
3125 2645 3390 2701 virtutum

1822 2737 2158 2792 incrementa
2186 2736 2502 2806 pervenisse
2529 2735 2805 2791 dixerunt.

1896 2826 1986 2884 IX.
2028 2825 2272 2882 Ναῖοτωί
2313 2827 2388 2881 ita
2414 2825 2598 2883 Jesum
2637 2842 2760 2882 esse
2790 2824 2883 2882 Dei
2917 2825 3113 2882 Filium
3144 2841 3396 2884 asserue—

1822 2927 1983 2982 runt,
2026 2925 2088 2972 ut
2129 2903 2300 2974 Musis
2341 2918 2517 2989 legem
2543 2919 2766 2973 omnino
2801 2917 2927 2973 vitae
2969 2917 3038 2972 ad
3082 2918 3398 2983 institutum

1745 2991 1791 3051 ο
1824 3011 2139 3066 asciverint.

1889 3101 1956 3157 Χ.
1990 3101 2359 3158 Cerinthianis
2386 3116 2449 3157 ac
2479 3099 2758 3157 Nazoraeis
2785 3099 3049 3157 simillimi
3082 3112 3208 3158 sunt
3231 3099 3395 3158 Ebio—

1817 3192 1967 3257 niue,
2011 3193 2212 3263 quibus
2241 3207 2365 3248 cum
2398 3189 2693 3262 Sampsaais
2732 3198 2787 3247 et
2815 3189 3075 3246 Elcesaais
3109 3191 3292 3262 aliqua
3323 3207 3391 3245 es

1819 3292 1972 3354 parte
2026 3284 2297 3338 convenit.
2365 3282 2431 3338 ili
2481 3283 2762 3339 Christum
2816 3282 2873 3337 in
2927 3283 3068 3338 coelo
3126 3291 3394 3346 creatum,

1819 3376 2048 3446 ejusque
2069 3383 2318 3430 sanctum
2342 3373 2606 3445 Spiritum
2634 3375 2925 3428 allirmant.
2959 3373 3113 3429 Illum
3136 3374 3313 3445 ipsum
3341 3375 3396 3429 in

1820 3470 2089 3525 Adamum
2125 3482 2246 3523 sese
2292 3466 2562 3522 infudisse
2600 3466 2812 3538 primo;
2866 3475 2920 3522 et
2965 3473 3116 3522 certo
3156 3475 3400 3536 tempore

1821 3560 2066 3615 induisse
2100 3558 2279 3628 ipsum
2309 3557 2578 3613 Adamum
2640 3572 2970 3627 rursumque
3018 3556 3268 3623 exuisse,
3317 3556 3400 3610 id-

1821 3667 1928 3722 que
1957 3649 2155 3704 fecisse
2185 3663 2308 3703 cum
2344 3649 2399 3703 in
2429 3656 2605 3704 terras
2629 3661 2861 3718 corpore
2890 3646 3120 3704 indutus
3159 3645 3398 3702 advenit.

1823 3743 1901 3798 Ac
1930 3743 2055 3798 licet
2081 3740 2250 3796 Judaei
2282 3741 2414 3807 sint,
2467 3739 2822 3810 Evangeliutn
2854 3738 3214 3794 nihilominus
3243 3739 3403 3792 adhi-
3491 3773 3494 3776 ~

1823 3839 1974 3893 bent.
2033 3834 2292 3891 Carnium
2346 3848 2502 3890 esum
2535 3833 2900 3902 detestantur,
2933 3846 3130 3902 aquam
3162 3846 3260 3902 pro
3289 3828 3405 3885 Deo

1824 3929 2045 3984 habent.
2069 3927 2357 3983 Christum
2389 3925 2442 3979 in
2475 3940 2575 3981 suo
2610 3925 2727 3992 illo,
2763 3924 2843 3978 uti
2877 3923 3140 3988 diximus,
3165 3922 3406 3977 adventu.

1827 4020 2102 4074 hominem
2133 4016 2382 4072 induisse
2413 4015 2627 4071 dicunt.
2686 4015 2932 4086 Denique
2965 4015 3124 4086 aquis
3163 4031 3222 4070 se
3252 4014 3412 4072 idem

1827 4109 1991 4164 tidem
2044 4115 2154 4161 tam
2190 4106 2368 4162 hieme
2411 4122 2574 4176 quam
2621 4114 2809 4161 aestate
2837 4106 3042 4171 lavant,
3079 4105 3293 4179 1124
3319 4107 3411 4162 ni-

1827 4198 2023 4253 mirum
2049 4195 2360 4252 sanctitatis
2384 4195 2748 4251 conciliandae
2781 4195 2886 4252 sibi
2914 4195 3111 4268 gratia,
3144 4197 3409 4266 quemad-

1831 4288 2050 4341 modum
2086 4284 2391 4340 Samaritae.

1898 4374 1986 4428 XI.
2037 4373 2402 4428 Valentiniani
2448 4389 2742 4443 corporum
2794 4375 3260 4432 resurrectionem
3308 4391 3413 4433 nc-

1830 4476 1981 4539 gant,
2010 4465 2180 4522 Vetus
2211 4464 2624 4522 Testamentum
2666 4481 2732 4522 ac
2774 4467 3074 4538 prophetas
3106 4477 3411 4539 respuunt:

1833 4574 1955 4628 quae
1982 4557 2344 4613 nihilominus
2371 4557 2558 4628 legunt
2606 4557 2731 4627 ipsi,
2778 4558 2919 4618 etsi
2973 4557 3106 4628 quid
3133 4567 3237 4625 est,
3265 4558 3415 4629 quod

1833 4650 1899 4703 ad
1939 4649 2156 4702 illorum
2189 4648 2428 4705 haeresin
2457 4663 2553 4720 per
2595 4647 2822 4719 ﬁguram
2854 4663 2919 4704 ac
2949 4655 3167 4721 tropum
3199 4665 3415 4706 accom-

1835 4741 2045 4795 modari
2081 4741 2276 4811 possit,
2314 4741 2367 4796 id
2403 4741 2726 4796 admittunt.
2784 4737 2892 4794 Sed
2935 4752 3114 4798 certas
3147 4742 3418 4813 quasdam

1838 4829 2054 4886 fabulas
2087 4830 2437 4896 addiderunt,
2484 4839 2541 4887 et
2596 4829 2819 4901 triginta
2849 4816 3080 4886 lasanum
3131 4834 3421 4898 utriusque

1837 4936 2004 4978 sexus
2043 4923 2310 4978 vocabula
2342 4923 2638 4979 commenti
2671 4934 2834 4991 sunt;
2872 4937 3012 4992 quos
3034 4923 3251 4992 quidem
3301 4935 3413 4976 aeo-

1838 5027 1940 5068 nas
1963 5013 2033 5067 ab
2059 5013 2444 5070 universorum
2468 5023 2696 5085 parente
2727 5028 2790 5068 ac
2816 5012 3099 5068 conditore
3121 5011 3421 5082 productos

1843 5327 2145 5384 Merinthus
2179 5327 2284 5381 alio
2315 5324 2532 5380 nomine
2565 5333 2868 5386 vocaretur.
2895 5337 2964 5378 an
3003 5322 3073 5377 ab
3103 5321 3230 5384 alio,
3268 5320 3358 5391 qui
3388 5336 3420 5375 a

1841 5399 2101 5454 Cerintho
2125 5398 2378 5452 diversus
2413 5394 2714 5451 Merinthus
2744 5393 2908 5450 fuerit
2939 5393 3421 5463 dictus,_ignorare

1841 5483 1901 5524 se
1926 5468 2126 5522 fatetur
2160 5465 2494 5538 Epiphanius
2524 5481 2675 5538 num.
2709 5465 2740 5538 β
2794 5465 3062 5538 hereseos
3093 5461 3183 5516 27.

1913 5538 2023 5607 (27)
2061 5531 2397 5605 Ναζώρὶιῖοι.
2450 5535 2524 5588 De
2569 5535 2673 5590 hac
2715 5534 3098 5607 hareticorum
3124 5540 3276 5607 secta
3300 5531 3419 5607 lege

1841 5601 2610 5736 Petaviieisuiniadversiouem
2633 5645 2646 5670 ,
2677 5621 2798 5675 qua
2827 5613 2912 5663 est
2941 5604 3008 5660 ad
3056 5601 3276 5665 Panarii
3305 5602 3417 5657 has-

1841 5695 2006 5736 restm
2118 5717 2132 5732 .

1841 5695 2006 5736 1'85""
2043 5695 2132 5736 τιν.
