3854 6380
2291 238 2326 248 θ’
2346 239 2399 249 οιν-

388 357 489 412 859
1777 360 1834 414 S.
1874 357 2008 413 EPII

2137 359 2210 413 VII
3603 358 3696 410 $51!

389 484 668 543 asserunt,
709 492 851 549 quos
881 485 935 534 et
965 477 1100 536 deos
1145 486 1200 536 et
1245 494 1431 536 aeonas
1459 473 1689 536 faciunt.
1744 479 2008 543 Demum,

2137 480 2314 551 ριστὸν
2361 481 2455 533 ἀπ’
2497 478 2728 551 ούρανοῦ
2760 479 2919 551 σῶμα
2961 480 3274 552 ἐνηνοχέναι
3300 522 3316 544 ,
3358 479 3469 531 καὶ
3499 479 3579 538 ὡς
3618 474 3699 527 δή

387 569 668 626 Christum
712 586 742 626 e
784 571 925 626 caelo
954 586 1155 641 corpus
1193 572 1483 641 extulisse,
1504 587 1569 629 ac
1613 587 1712 644 per
1751 571 1978 627 Mariam

2137 571 2321 643 ολῆνος
2344 570 2446 643 τὴν
2474 571 2696 644 Μαρίαν
2729 573 3134 643 πεπερακέναι.

389 661 702 717 traductum
735 677 858 718 esse
891 662 1038 718 velut
1071 676 1170 733 per
1199 662 1455 719 tubulum
1500 664 1838 720 existimant.

461 753 577 809 XII.
610 753 972 818 Secundiani,
1008 767 1311 825 eorumque
1359 754 1497 810 socii
1539 753 1855 826 Epiphanes
1899 759 1983 807 at-

2156 752 2255 806 IB'.
2296 749 2701 816 Σεκουνδιανοὶ,
2754 744 2838 813 οἷς
2888 749 3251 804 συνάπτονται
3299 745 3652 814 Ἐπιφάνιος
3689 741 3706 775 ⁸

395 861 502 916 que
530 846 776 904 Isidorus
795 845 987 902 eadem
1014 845 1156 902 inter
1179 861 1239 902 se
1261 845 1415 916 paria
1440 852 1833 916 componentes
1856 859 1984 900 cum

2137 845 2182 896 ll.
2219 841 2508 914 Ἰσίδωρος,
2539 844 2663 904 ταῖς
2690 841 2882 906 αὑταῖς
2909 841 3242 913 κεχρημένοι
3271 841 3382 895 καὶ
3413 829 3579 891 οὗτοι
3617 852 3708 890 συ-

401 939 697 994 Valentino
730 937 1121 1004 consentiunt;
1171 938 1439 993 nonnulla
1467 945 1652 994 tamen
1685 937 1756 993 ab
1785 937 1853 991 iis
1902 935 1988 990 di-

2137 933 2330 1003 ›γίαις,
2365 934 2529 1004 ὃμοια
2562 933 2900 1004 Οὐαλεντίνῳ
2943 933 3358 1005 πεφρονηκότες
3382 973 3399 995 ,
3439 931 3619 1002 ἕτερα
3651 929 3707 983 ἃ

401 1046 561 1088 versa
593 1038 837 1102 ponunt,
871 1038 925 1085 et
959 1029 1028 1085 ad
1055 1027 1260 1084 fmdam
1288 1029 1518 1100 in‘super
1545 1027 1829 1083 libidinem
1857 1040 1987 1083 suos

2137 1027 2221 1096 ap‘
2248 1024 2461 1078 αύτῶν⁸
2500 1023 2681 1089 ποσῶς
2714 1024 3046 1096 διηγοῦνται.
3098 1025 3489 1096 Προστιθέασι
3523 1021 3587 1075 δὲ
3630 1023 3710 1074 αἱ·

405 1120 721 1178 instituunt.
763 1121 930 1176 Iidem
958 1127 1014 1177 et
1041 1119 1482 1175 incarnationem
1519 1125 1741 1189 negant.

2137 1117 2425 1188 χρουργίαν
2457 1116 2823 1181 διδάσκοντες.
2863 1116 3294 1188 Ἀπαγορεύουσι
3320 1117 3389 1170 δὲ
3425 1115 3534 1170 καὶ
3564 1107 3710 1169 οὗτοι

1285 1205 1306 1221 ’
2091 1209 2190 1280 τὴν
2225 1209 2424 1279 σάρκα.

472 1298 610 1356 XIII.
643 1299 941 1365 Ptolemaei,
973 1299 1246 1357 Valentini
1291 1297 1546 1369 discipuli
1586 1297 1828 1364 fuerunt,
1867 1311 1991 1350 cum

2164 1301 2262 1353 ll".
2303 1300 2650 1371 Πτολεμαῖοι,
2679 1302 2726 1354 οἱ
2757 1301 3001 1373 μαθηταὶ
3033 1301 3187 1366 ὄντες
3232 1299 3326 1355 καὶ
3353 1298 3536 1354 αὐτοὶ
3567 1295 3711 1352 Οὐα-

405 1394 607 1463 quibus
633 1392 793 1448 Flora
823 1393 1196 1463 conjungitur.
1233 1391 1339 1446 Par
1388 1390 1642 1461 idemque
1692 1389 1886 1460 dogma
1927 1388 1994 1444 de

2137 1395 2357 1459 εντίνου,
2408 1389 2489 1458 οἷς
2525 1394 2855 1448 συνάπτεται
2888 1396 2921 1466 ἡ
2974 1393 3188 1466 Φλώρα.
3222 1392 3305 1446 Τά
3339 1391 3507 1445 αὐτὰ
3529 1392 3550 1422 ³
3603 1388 3712 1442 τῶν

407 1485 892 1556 conjugationibus
923 1487 1030 1540 illis
1061 1500 1186 1540 curn
1217 1483 1509 1538 Valentino
1539 1496 1603 1536 ac
1633 1479 1995 1536 Secundianis

2137 1483 2366 1552 υζυγιῶν
2413 1485 2507 1538 καὶ
2533 1479 2683 1539 οὗτοι
2728 1485 2984 1553 λέγουσι,
3033 1485 3177 1539 καθά
3203 1485 3298 1538 καὶ
3333 1483 3717 1542 οὖα).εντῖνος

409 1583 687 1650 astruunt,
721 1576 816 1631 sed
842 1577 896 1630 in
931 1575 1264 1646 quibusdam
1292 1580 1478 1628 tamen
1503 1571 1840 1641 discrepant.

2137 1577 2193 1629 at
2234 1575 2628 1640 Σεκουνδιανοὶ,
2654 1575 2799 1629 κατά
2824 1593 2875 1630 τι
2904 1576 2961 1629 δὲ
2982 1577 3077 1629 καὶ
3119 1571 3265 1630 οὗτοι
3309 1575 3711 1644 διαφέρονται.

480 1667 605 1722 Haec
632 1677 717 1723 est
739 1669 964 1724 secundi
991 1668 1124 1724 tomi
1154 1667 1280 1723 libri
1304 1665 1467 1738 primi
1489 1679 1722 1732 summa,
1752 1679 1874 1736 quae
1901 1679 1995 1719 xm

2168 1666 2316 1738 Αὕτη
2351 1668 2446 1720 καὶ
2481 1668 2514 1738 ἡ
2545 1666 2640 1721 τοῦ
2687 1667 2941 1740 δευτέρου
2975 1668 3143 1739 τόμου
3188 1668 3284 1722 τοῦ
3339 1667 3588 1740 πρώτου
3631 1665 3713 1736 βι-

410 1760 646 1816 lnereses
675 1760 1077 1832 complectitur.

2137 1758 2248 1814 λίου
2275 1759 2385 1813 τῶν
2411 1760 2713 1831 δεκατριῶν
2739 1759 3005 1832 αἱρέσεων
3030 1759 3551 1830 ἀνακεφαλαίωσις.

1491 1872 1878 1936 HJERESES
1920 1873 2123 1936 TONII
2171 1876 2259 1938 III
2300 1878 2511 1938 LIBRI
2549 1877 2602 1939 Ι.

485 2027 551 2081 At
591 2026 644 2081 in
697 2023 763 2078 Ill
811 2033 958 2079 tomo
1011 2023 1257 2095 ejusdem
1309 2023 1435 2078 libri
1476 2038 1494 2076 ι
1539 2022 1660 2077 alias
1699 2024 1782 2078 hze
1821 2019 2006 2077 conti-

2177 2029 2269 2084 Ἐν
2315 2028 2374 2086 δὲ
2415 2025 2494 2098 τῷ
2513 2021 2678 2096 τρίτῷ
2696 2025 2788 2078 τοῦ
2833 2027 2999 2081 αὐτοῦ
3045 2025 3261 2097 πρώτου
3306 2025 3534 2094 βιϐλίου
3579 2026 3716 2080 εἰσιν

413 2127 612 2175 nentur
637 2119 874 2173 haareses
897 2131 1017 2170 xm:

2137 2134 2290 2188 τεραι
2317 2118 2558 2188 αἱρέσεις
2583 2118 2865 2188 δεκατρεῖς
2890 2111 3050 2172 αὗται
3073 2137 3085 2149 ·

485 2211 528 2265 1.
578 2209 854 2265 Marcosii.
912 2207 1131 2262 Marcus
1175 2205 1398 2278 quidam
1443 2205 1656 2262 exstitit
1706 2204 1992 2261 Colorbasl

419 2300 854 2369 condiscipulus.
889 2298 938 2352 Is
968 2297 1078 2352 duo
1109 2297 1362 2352 similiter
1391 2296 1657 2366 principia
1688 2295 1998 2351 constituit.

418 2393 754 2447 Mortuorum
784 2388 1242 2445 resurrectionem
1281 2387 1533 2458 negabat.
1569 2385 1834 2440 Utehatur
1863 2399 2002 2453 pra:-

417 2483 594 2553 stigiis
631 2480 923 2551 ejusmodi,
978 2489 1034 2533 ut
1079 2479 1247 2535 certis
1304 2479 1642 2534 carminibus
1679 2478 2001 2548 poculorum

421 2576 689 2646 liquorem
720 2573 773 2628 in
809 2572 1101 2627 caeruleum
1142 2585 1591 2641 purpureumque
1612 2571 1854 2627 colorem
1883 2585 2005 2625 ver-

2223 2186 2258 2241 '.
2297 2186 2638 2260 Μοιρκώσιοι.
2687 2186 2915 2259 Μάρκος
2950 2207 3034 2252 τις
3075 2189 3371 2260 γεγένηται
3416 2190 3714 2260 Κολορὸάο

2110 2296 2201 2332 σου
2235 2280 2626 2352 συμφοιτητὴς,
2657 2279 2750 2334 δύο
2774 2281 2947 2353 ἀρχὰς
2982 2281 3077 2334 καὶ
3099 2281 3261 2345 αὐτὸς
3316 2283 3706 2354 παρεισάγων.

2121 2370 2330 2424 Ἀθετεῖ
2373 2372 2431 2424 δὲ
2471 2373 2680 2445 νεκρῶν
2727 2374 3046 2428 ἀνάστασιν.
3091 2376 3404 2439 Φαντασίας
3439 2375 3505 2429 δέ
3560 2392 3711 2438 τινας

2109 2461 2173 2515 δι’
2212 2463 2558 2534 ἐκπωμάτων
2597 2463 2656 2529 ὲξ
2697 2466 2958 2536 ὲπαοιδῆς
2986 2467 3066 2529 εἰς
3100 2467 3326 2520 κυάνεον
3364 2467 3582 2538 χρῶμα
3622 2465 3707 2521 καὶ

2111 2555 2416 2627 πορφύρεον
2452 2556 2803 2626 μεταὸάλλων
2829 2599 2844 2622 ,
2883 2562 3236 2628 μυσταγωγεῖ
3264 2560 3362 2622 τὰς
3396 2559 3706 2629 ἀπατωμέ-

420 2671 583 2726 teret,
633 2662 834 2732 quibus
876 2661 1049 2715 sacris
1095 2659 1342 2714 infelices
1391 2661 1744 2716 mulierculas
1789 2661 2008 2716 initiare

2137 2662 2200 2709 ας
2247 2649 2534 2714 γυναῖκας.
2585 2648 2695 2702 Καὶ
2740 2649 2914 2712 αὐτὸς·
2963 2648 3021 2702 δὲ
3078 2647 3187 2701 τῶν
3237 2648 3707 2719 εἰκοσιτεσσάρων

423 2756 658 2811 solebat.
710 2752 854 2807 Idem
889 2751 955 2805 ad
989 2766 1116 2806 mv
1149 2751 1419 2806 elementa
1458 2752 1684 2822 perinde
1714 2767 1775 2808 ac
1808 2751 2008 2807 Valen-

421 2847 573 2901 tinus
601 2846 859 2900 universa
890 2858 1148 2898 revocare
1183 2842 1402 2896 nititur.

492 2937 552 2989 ll.
589 2935 914 2992 Colorbasii.
963 2933 1298 2990 Colorbasus
1346 2933 1450 2988 iste
1487 2933 1708 2989 easdem
1737 2931 1849 2989 fere
1883 2932 2004 3002 opi-

2106 2738 2382 2808 στοιχείων
2412 2738 2660 2809 βούλεται
2694 2740 2763 2794 τά
2789 2741 2966 2795 πάντα
3000 2739 3275 2813 ἡγεῖσθαι,
3323 2741 3541 2812 ὁμοίως
3571 2741 3705 2794 Οὐα-

2105 2829 2356 2901 λεντίνῳ.

2176 2923 2250 2978 B'.
2277 2924 2656 2995 Κολορῦάσιοι.
2681 2926 2791 2980 Καὶ
2815 2919 2970 2990 οὗτος
2995 2927 3024 2979 ὁ
3047 2925 3395 2997 Κολὸρὸασος
3436 2923 3702 2984 ὡσαύτως

417 3029 614 3084 niones
663 3027 946 3097 amplexus
987 3033 1098 3082 est.
1164 3025 1270 3080 Sed
1322 3027 1585 3081 nonnulla
1639 3034 1819 3079 tamen
1852 3033 2001 3088 sunt,

2137 3016 2178 3069 dt
2206 3017 2346 3072 αὐτὰ
2378 3017 2768 3089 διηγούμενος,
2809 3018 2954 3072 κατά
2999 3036 3052 3072 τι
3097 3018 3496 3090 διαφερόμενος
3518 3058 3535 3080 ,
3576 3014 3704 3086 πρὸς

425 3120 480 3172 in
523 3117 726 3188 quibus
769 3117 838 3171 ab
883 3117 1006 3172 aliis
1045 3116 1351 3171 hmresibus
1399 3115 1698 3185 discrepat,
1730 3114 1894 3168 Marci
1949 3129 2012 3167 ac

428 3209 701 3264 Valentini
765 3209 1173 3278 potissimum:
1249 3205 1519 3276 siquidem
1592 3206 2013 3278 propagationes

424 3317 637 3356 aeonum
667 3308 722 3355 et
749 3299 1028 3369 ogdoadas
1071 3299 1179 3352 alio
1213 3299 1374 3352 modo
1399 3298 1643 3354 tradidit.

503 3389 718 3460 1125
748 3388 837 3443 III.
872 3388 1286 3444 lleracleonilae.
1319 3388 1492 3442 Etiam
1528 3388 1824 3443 Ileraeleon
1857 3403 2012 3442 com-

434 3484 719 3538 mentitias
750 3481 1029 3553 ogdoadas
1064 3482 1324 3537 retinuit:
1358 3483 1411 3536 in
1441 3483 1639 3552 quibus
1677 3481 2015 3552 explicandis

439 3592 468 3629 a
503 3574 666 3630 Marci
705 3583 759 3630 et
816 3573 1092 3629 Ptolelnmi
1150 3590 1213 3628 ac
1266 3573 1538 3628 Valentini
1585 3585 2017 3644 (.-:eteror'urnque

430 3669 694 3737 opinione
741 3667 1019 3722 discessit.
1081 3667 1224 3722 Suos
1288 3682 1452 3736 porro
1506 3668 1608 3722 sub
1659 3669 1836 3736 ipsum
1895 3667 2018 3720 vitae

431 3765 637 3816 exitum
677 3759 905 3830 perinde
946 3774 1010 3813 ac
1059 3758 1278 3812 Marcus
1325 3758 1583 3820 instituit,
1626 3759 1746 3812 oleo
1793 3758 2019 3827 opobal-

436 3866 588 3904 samo
628 3856 683 3903 et
718 3864 858 3918 aqua
909 3849 964 3902 in
1013 3857 1180 3918 caput
1237 3849 1436 3903 infusis
1489 3850 1540 3902 in
1581 3851 1810 3905 salutem
1868 3864 2019 3903 asse-

437 3948 598 4005 runt;
628 3956 845 4009 unaque
875 3955 1038 3994 voces
1070 3939 1332 4008 quasdam
1367 3939 1661 3995 llebraicas
1694 3942 1747 3994 in
1781 3941 1900 4010 ejus
1925 3940 2017 4010 qui

434 4033 686 4102 expiatur
712 4040 876 4102 caput
906 4033 1280 4087 insusurrant.

507 4123 596 4178 IV.
639 4124 876 4193 Ophitae.
913 4123 974 4177 Ili
1009 4132 1315 4193 serpentem
1347 4131 1683 4178 venerantur
1729 4138 1791 4177 ac
1819 4123 2017 4193 [ιι-ιιι(ιί-

438 4226 567 4272 cant
602 4237 614 4272 ε
651 4232 885 4287 eumque
925 4233 1050 4273 esse
1103 4217 1380 4272 Christum
1422 4225 1696 4273 asserunt.
1742 4217 1824 4271 0b
1869 4218 1918 4271 id
1962 4219 2015 4271 in

435 4309 668 4379 quadam
704 4310 840 4363 cista
868 4316 1171 4378 serpentem
1204 4317 1509 4363 asscrvant.

498 4398 556 4453 V.
592 4399 777 4457 Caiani
797 4401 1155 4456 consimiliter
1172 4416 1234 4453 ac
1263 4401 1569 4470 superiores
1589 4410 1823 4456 veterem
1839 4408 2024 4471 legem.

436 4501 490 4545 et
511 4507 633 4547 eum
654 4492 744 4560 qui
773 4493 825 4546 in
855 4507 917 4547 ea
953 4493 1167 4546 locutus
1200 4500 1301 4550 est.
1329 4494 1639 4563 repadiant,
1665 4495 2020 4549 resurrectio-

440 4599 562 4638 nem
608 4583 792 4637 carnis
825 4584 1119 4653 abnegant,
1152 4583 1382 4638 Cainum
1415 4586 1821 4646 commendant,
1857 4601 2015 4655 quem

441 4677 834 4748 prrestantioris
879 4674 1169 4744 cujusdam
1198 4675 1422 4730 virtutis
1473 4676 1645 4732 fuisse
1698 4677 2016 4746 praedicant.

443 4768 546 4821 Sed
586 4765 865 4821 ctJudam
895 4767 1095 4822 divinis
1145 4767 1450 4822 honoribus
1509 4769 1770 4832 alliciunt,
1805 4785 2016 4825 necnon

440 4869 490 4914 et
521 4858 659 4913 Core
696 4867 750 4914 et
783 4857 991 4913 Dathan
1025 4871 1078 4914 et
1104 4858 1311 4913 Abiron
1347 4875 1410 4913 ac
1447 4858 1777 4918 Sodomitas.

513 4949 600 5005 VI.
645 4949 910 5005 Sethiani.
948 4949 1012 5003 Hi
1048 4949 1274 5006 Sethum
1307 4951 1559 5008 laudibus
1582 4953 1835 5013 ellerunt,
1857 4971 2018 5025 quem

438 5062 501 5098 nx
537 5059 804 5113 supremae
844 5041 1032 5100 Matris
1063 5043 1386 5114 poenitentia
1425 5054 1770 5115 procreatum
1809 5055 2017 5114 putant,

439 5152 587 5201 cum,
613 5135 784 5192 Caino
825 5143 880 5191 et
929 5136 1099 5191 Abelo
1133 5135 1459 5200 interfectis,
1495 5152 1796 5208 congressa
1834 5139 2018 5192 since-

442 5246 558 5285 ram
593 5229 822 5299 stirpem
854 5228 1107 5284 videlicet
1138 5230 1364 5285 Sethum
1397 5231 1656 5300 protulit;
1691 5248 1719 5284 a
1759 5246 1868 5300 quo
1897 5229 2021 5283 uni-

443 5339 663 5379 versum
701 5338 874 5394 genus
922 5322 1202 5376 hominum
1250 5322 1510 5375 manavit.
1551 5320 1834 5376 Postremo
1875 5321 2027 5393 prin-

438 5415 579 5486 ('ipia
621 5421 674 5470 et
709 5420 1008 5484 potestates
1059 5413 1384 5484 cmt'eraquc,
1441 5422 1498 5466 ut
1543 5413 1654 5480 alii,
1691 5415 1874 5469 omnia
1915 5423 2026 5470 sta-

443 5514 626 5560 luunt.

516 5597 625 5653 VII.
681 5598 1018 5653 Archontici.
1076 5600 1169 5654 Isti
1221 5602 1347 5654 item
1398 5599 1462 5653 ad
1508 5601 1692 5669 plures
1746 5602 2022 5673 principes

516 5712 637 5786 1M.
676 5711 993 5786 Ἑπιφάνῃς.
1075 5712 1255 5786 ξῐθςπ.
1281 5715 1460 5786 αὐτόν.
1542 5714 1558 5745 ³
1593 5715 1747 5772 Deest
1804 5717 1951 5786 περί.

448 5784 466 5813 ⁸
496 5778 619 5835 For.
644 5781 701 5835 τὸ
735 5778 840 5835 ὑπὸ
880 5778 1019 5835 nam
1053 5784 1141 5836 τὸν
1165 5784 1341 5842 ’Λιίἐὶη

2111 3109 2210 3172 τὰς
2239 3108 2404 3172 ἄλλας
2433 3109 2698 3180 αἱρέσεις,
2729 3112 2875 3182 φημὶ
2912 3111 2970 3164 δὲ
2998 3111 3136 3183 πρὸς
3168 3112 3294 3174 τοὺς
3321 3111 3454 3181 περὶ
3474 3111 3700 3180 Μάρκον

2112 3200 2206 3252 καὶ
2232 3199 2603 3268 Οὑαλεντίνον,
2633 3199 2732 3264 τὰς
2768 3199 3038 3272 προϐολάς
3069 3200 3128 3253 δὲ
3158 3201 3249 3254 καὶ
3276 3199 3545 3269 δγδοάδας
3575 3197 3687 3252 ἐτέ-

2117 3308 2242 3366 ρως.
2254 3291 2514 3356 ἐδίδαξεν.

2185 3387 2257 3440 Γ’.
2312 3387 2774 3458 Ἡρακλεωνίται,
2829 3388 2921 3441 καὶ
2968 3388 3122 3442 αὐτοὶ
3166 3391 3233 3460 τῇ
3281 3387 3394 3440 τῶν
3436 3385 3699 3456 ὀγδοάδων

2115 3479 2368 3549 φέρονται
2398 3478 2712 3549 μυθολογίᾳ,
2747 3479 2948 3551 ἑτέρως
2973 3479 3031 3532 δὲ
3061 3479 3212 3550 παρά
3239 3478 3330 3532 τὸν
3352 3479 3586 3551 Μάρκον
3615 3479 3695 3529 καὶ

2117 3570 2447 3639 Πτολεμαῖον
2485 3572 2580 3623 καὶ
2609 3571 2956 3629 Οὐαλεντῖνον
2995 3571 3089 3624 καὶ
3119 3571 3246 3634 τοὺς
3279 3571 3499 3636 ἄλλους.
3549 3569 3695 3623 Ἄ).λά

2117 3663 2210 3716 καὶ
2245 3663 2337 3715 ἐπὶ
2374 3665 2437 3733 τῇ
2489 3662 2698 3732 κεφαλῇ
2721 3663 2742 3693 ⁸
2788 3661 2896 3718 τῶν
2945 3662 3074 3734 παρ’
3112 3663 3295 3727 αὐτοῖς
3331 3663 3693 3718 τελευτώντων

2075 3785 2084 3794 -
2115 3755 2316 3823 ὁμοίως
2343 3754 2420 3824 τῷ
2453 3755 2663 3826 Μάρκῳ
2697 3753 3016 3825 λυτροῦνται
3045 3754 3109 3808 δι’
3151 3754 3331 3809 ἐλαίου
3370 3757 3483 3810 ἀπὸ
3514 3756 3693 3828 pals-.1-

2123 3865 2220 3916 μου
2255 3849 2347 3901 καὶ
2381 3847 2913 3918 ὕδατος,ὲπικλήσεις
2951 3849 3102 3912 τινὰς
3143 3849 3461 3920 Ἐὕραῖκαῖς
3502 3850 3693 3915 λέξεσιν

2119 3940 2460 4008 ἐπιλέγοντες
2491 3941 2582 3991 ἐπὶ
2607 3941 2672 4010 τῇ
2707 3939 2913 4011 κειραλῇ
2939 3939 3031 3994 τοῦ
3060 3940 3219 4012 δῆθεν
3249 3941 3626 4012 λυτρουμένου.

2191 4127 2263 4176 Δ’.
2317 4125 2560 4192 Ὀιρῖτατη
2599 4126 2647 4176 οἱ
2699 4125 2787 4179 τὸν
2839 4125 2961 4194 ὅφιν
3006 4126 3318 4193 δοξάζοντες
3382 4131 3475 4182 καὶ
3520 4128 3687 4180 τοῦτον

2121 4220 2353 4290 Χριστὸν
2382 4219 2693 4290 ἡγούμενοι,
2733 4219 2946 4289 ἔχοντες
2975 4220 3030 4274 δὲ
3065 4222 3128 4274 τὸ
3171 4221 3398 4292 ἑρπετὸν
3445 4221 3601 4274 τοῦτο
3642 4223 3687 4270 ἐν

2024 4342 2092 4383 τῇ
2123 4312 2283 4383 κίστῃ
2310 4311 2433 4365 τινί.

2195 4404 2271 4456 E'.
2318 4405 2571 4464 Kaiavol;
2607 4404 2866 4468 ὡσαύτως
2905 4405 3020 4476 ἅμα
3063 4408 3174 4468 τοῖς
3209 4407 3472 4478 πρότερον
3507 4407 3596 4459 τδν
3618 4403 3688 4456 νό-

2129 4512 2228 4564 μον
2261 4495 2356 4547 καὶ
2394 4493 2484 4546 τὸν
2525 4493 2836 4565 λαλήσαντα
2872 4497 2928 4548 ὲν
2954 4495 3104 4566 νόμῳ
3135 4495 3475 4563 ἀθετοῦντες,
3507 4495 3684 4566 σαρκός

2125 4603 2182 4639 τε
2207 4586 2500 4640 ἀνάστασιν
2531 4587 2874 4658 ἀρνούμενοι,
2906 4587 2996 4640 τὸν
3027 4588 3167 4640 Κάῖν
3193 4587 3497 4654 δοξάζουσι,
3522 4589 3685 4656 λέγον·

2123 4695 2215 4742 τες
2239 4679 2400 4731 αὑτὸν
2441 4682 2539 4749 τῆς
2580 4680 2932 4752 ἰσχυροτέρας
2973 4680 3274 4751 δυνάμεως.
3302 4681 3455 4748 ’Ἅμα
3510 4680 3566 4732 δὲ
3609 4675 3684 4730 καὶ

2123 4770 2212 4823 τὸν
2237 4770 2432 4824 Ἰούδαν
2464 4770 2853 4835 ἐκθειάζουσιν,
2883 4771 3018 4841 ὁμοῦ
3045 4789 3101 4824 τε
3136 4774 3228 4826 καί¹
3258 4773 3383 4836 τοὺς
3414 4774 3541 4845 περὶ
3565 4768 3682 4838 Κορὲ

2127 4865 2220 4916 καὶ
2247 4864 2423 4916 Δαθάν
2455 4865 2548 4918 καὶ
2585 4863 2862 4935 ’Λὸειρὼν,
2895 4864 3031 4917 ἀλλά
3068 4865 3161 4919 καὶ
3187 4866 3312 4928 τοὺς
3344 4863 3642 4935 Σοδομίτας.

2199 4955 2287 5025 ς’.
2318 4951 2774 5028 Σηθιανοίροῦτοι
2819 4959 2982 5012 πάλιν
3021 4957 3110 5010 τὸν
3151 4957 3256 5029 Σὴθ
3286 4957 3583 5024 δοξάζουσι,
3609 4955 3683 5024 φά·

2129 5067 2346 5112 σκοντες
2371 5051 2531 5103 αὐτὸν
2563 5045 2699 5103 εἶναι
2741 5053 2806 5104 ἐκ
2858 5050 3216 5121 μεταμελείας
3246 5053 3344 5120 τῆς
3371 5049 3572 5103 ἄνωθεν
3601 5066 3675 5118 μη-

2126 5142 2272 5211 τρὸς,
2318 5141 2676 5213 συνελθούσης
2726 5143 3011 5213 μετά⁸τὸν
3061 5143 3198 5194 Κάῖν
3229 5143 3322 5195 καὶ
3353 5141 3521 5194 ’Ἅϐελ
3571 5143 3679 5194 ἀπο-

2127 5233 2442 5304 κτανθῆναι,
2493 5235 2586 5287 καὶ
2632 5233 2869 5302 καθαρὸν
2899 5233 3119 5305 σπέρμα
3151 5234 3240 5286 τὸν
3273 5233 3380 5303 Σὴθ
3413 5234 3676 5303 ποιήσασα.

2125 5327 2184 5392 ἐξ
2222 5323 2390 5398 οὗπερ
2421 5327 2604 5380 λοιπὸν
2644 5326 2892 5397 κατήχθη
2927 5328 2988 5380 τὸ
3019 5327 3238 5381 πάντων
3267 5325 3571 5396 ἀνθρώπων
3603 5322 3675 5391 γέ·

2123 5436 2230 5482 νος.
2265 5421 2375 5472 Καὶ
2405 5419 2651 5483 αύτοὶηδὲ
2694 5419 2891 5490 Ἀρχὰς
2923 5420 3018 5473 καὶ
3060 5418 3340 5485 Ἐξουσίας
3383 5420 3481 5473 καὶ
3521 5420 3611 5472 ὅσα
3639 5414 3674 5467 oi

2124 5510 2269 5564 ἄλλοι
2306 5511 2708 5582 δογματίζουσι,
2738 5511 2832 5563 καὶ
2859 5510 3013 5563 αὐτοὶ
3041 5507 3423 5580 ὲδογμάτισαν.

2195 5603 2266 5656 Ζ’.
2304 5602 2658 5672 Ἀρχοκθτικοί.
2691 5596 2847 5656 Οὗτοι
2888 5601 3047 5654 πάλιν
3089 5601 3168 5663 εἰς
3213 5599 3412 5661 πολλὰς
3443 5601 3604 5672 ἀρχάς
3633 5596 3675 5650 τδ

2033 5721 2045 5748 ’⁵
2082 5716 2197 5773 Lib.
2223 5735 2257 5786 I,
2295 5717 2428 5790 πρὸς
2462 5721 2525 5789 τῇ
2559 5717 2778 5789 τελευτῇ
2802 5716 2924 5780 τους
2956 5715 3081 5788 παρ’
3113 5717 3293 5779 αὐτοῖς
3323 5713 3668 5777 τελευτῶντες.
