3810 6216
101 295 205 349 861

1397 305 1956 366 ANACEPHALASOS
1966 308 2050 365 IS.

3263 307 3371 365 862

103 413 218 467 πᾶν
256 413 607 486 ἀναφέρουσι,
639 419 732 472 καὶ
761 418 830 472 τὰ
869 420 1134 492 γενόμενα
1163 423 1226 476 ἐκ
1251 423 1453 479 τούτων
1481 427 1698 498 γεγενῆ-

1836 426 2054 482 niversa
2081 426 2402 492 referentes,
2434 441 2774 498 quaecunque
2824 426 2968 481 facta
3007 431 3151 492 sunt,
3165 425 3233 480 ab
3263 424 3373 480 illis

103 505 267 559 σθαιο
302 507 612 563 ἁλίσκονται
644 511 659 542 ⁸
691 510 747 563 δὲ
783 514 874 564 καὶ
910 514 1003 566 ἐπὶ
1039 515 1354 587 αίσχρότητί
1388 534 1515 574 τινι.
1553 519 1694 588 Σαρ-

101 595 206 659 κδς
241 597 297 651 δὲ
343 599 639 656 ἀνάστασιν
688 601 958 670 ἀθετοῦσι,
999 607 1092 658 καὶ
1137 607 1377 662 Παλαιὰν
1421 608 1696 683 Διαθήκην

105 688 506 756 μεταόάλλουσι
533 694 582 758 ⁸,
605 692 896 764 κέχρηνται
921 695 978 749 δὲ
999 697 1220 769 Παλαιᾷ
1237 699 1330 751 καὶ
1375 700 1551 772 Καινῇ
1569 703 1696 754 Δια-

101 778 280 855 θήκῃ,
303 782 541 856 ἑκάστην
575 784 717 850 λέξιν
746 787 827 850 είς
857 788 948 842 τὸν
990 790 1197 844 ἑαυτῶν
1221 791 1345 846 νοῦν
1381 792 1694 862 μεθοδεύονο

101 887 227 936 τες.

183 1056 270 1111 H’.
292 1051 672 1127 Κερδωνιανοὶ,
688 1061 734 1113 οὶ
761 1062 866 1115 απὸ
893 1063 1174 1134 Κέρδωνος
1192 1065 1284 1119 τοῦ
1302 1066 1694 1138 Ἡρακλέωνος,

109 1145 485 1218 διαδεξάμενοι
517 1149 538 1180 ³
581 1150 692 1220 (28)
727 1151 825 1222 τὴν
875 1156 1104 1225 μετοχὴν
1148 1156 1249 1225 τῆς
1294 1156 1532 1227 πλάνης,
1588 1156 1698 1210 ἀπὸ

103 1237 182 1291 δὲ
223 1239 321 1309 τῆς
354 1239 553 1309 Συρίας
577 1242 657 1303 εἰς
701 1241 919 1313 Ῥώμην
950 1243 1062 1312 (28)
1111 1245 1560 1315 μεταναστάντος,
1602 1248 1697 1300 καὶ

44 1336 46 1340 ’
107 1330 379 1400 κήρυγμα
419 1329 611 1382 ἐαυτοῦ
667 1330 960 1402 ἐκθεμένου
1005 1337 1063 1387 ἐν
1107 1337 1321 1407 χρόνοις
1371 1337 1622 1407 Ῥηγίνου
1674 1337 1698 1370 ⁸

106 1421 436 1473 ἐπισκόπου.
484 1420 588 1474 Δύο
630 1422 687 1474 δὲ
726 1422 900 1494 ἀρχὰς
927 1424 1183 1496 κηρύττει
1227 1421 1381 1491 οὗτος
1427 1429 1696 1494 ἐναντίας,

113 1513 194 1582 μὴ
227 1509 364 1566 εἶναι
395 1513 450 1565 δὲ
475 1513 567 1566 τὸν
596 1515 829 1586 Χριστὸν
857 1517 1134 1587 γεννητὸν,
1165 1519 1366 1590 ὁμοίως
1393 1537 1453 1574 τε
1486 1521 1697 1594 νεκρῶν

108 1605 413 1658 ἀνάστασιν
446 1605 676 1669 ἀθετῶν,
706 1608 800 1660 καὶ
830 1607 930 1679 τὴν
968 1609 1210 1666 Παλαιὰν
1236 1602 1530 1684 Διαθῆκην.

185 1694 268 1748 Θ’.
291 1695 722 1767 Μαρκιωνισταί.
762 1698 1026 1768 Μαρκίων
1071 1695 1225 1766 οὗτος
1260 1704 1322 1754 ἐκ
1361 1703 1564 1757 Πόντου
1603 1705 1698 1774 ὁρ-

1797 527 1920 574 orta
1952 517 2241 574 deliniunt.
2291 517 2504 574 Habent
2537 525 2592 572 et
2623 517 2940 574 foedissimae
2983 516 3258 587 quoddam
3305 515 3375 570 li-

1799 609 2003 666 bidinis
2067 623 2260 680 genus.
2312 608 2509 688 Carnis
2565 609 3026 664 resurrectionem
3083 614 3372 678 respuunt.

1798 699 1969 756 Vetus
2019 699 2428 756 Testamentum
2473 700 2810 754 calumniose
2856 698 3146 766 rejiciunt,
3204 714 3377 769 quan-

1796 806 1962 862 quam
2001 791 2186 846 ethoc
2220 799 2274 846 et
2321 788 2473 844 Novo
2525 791 2750 858 insuper
2782 799 3174 859 nonnunquam
3214 798 3377 845 utan-

1797 889 1889 935 tur
1921 901 1935 936 :
1961 897 2029 936 ex
2051 881 2256 952 quibus
2286 881 2533 951 singulas
2562 879 2786 936 voculas
2815 878 3010 934 callide
3043 881 3111 934 ad
3141 888 3377 937 mentem

1799 987 1953 1026 suam
1985 971 2423 1026 accommodant.

1881 1061 2022 1116 Vill.
2057 1060 2387 1116 Cerdoniani
2422 1075 2452 1114 a
2483 1058 2750 1124 Cerdone,
2783 1056 2878 1127 qui
2917 1073 3078 1128 quem
3116 1057 3184 1112 ab
3216 1055 3382 1111 Hera-

1797 1154 1986 1208 cleone
2029 1167 2270 1208 errorem
2320 1151 2600 1214 hauserat,
2645 1152 2803 1207 novis
2835 1150 3087 1205 inventis
3132 1149 3376 1203 adauxit.

1795 1241 1874 1294 Ac
1925 1255 2050 1294 cum
2100 1238 2326 1293 Romam
2361 1254 2392 1293 e
2427 1238 2584 1309 Syria
2648 1239 2928 1308 profectus
2964 1245 3130 1301 esset,
3188 1237 3381 1308 Hygini

1797 1328 1958 1400 Papa:
1994 1328 2330 1399 temporibus
2372 1342 2470 1382 sua
2517 1328 2772 1397 dogmata
2806 1327 3208 1381 disseminavit.
3263 1325 3383 1378 Duo

1798 1436 1964 1491 porro
2007 1420 2276 1489 principia
2322 1418 2598 1473 contraria
2648 1418 2878 1472 invicem
2909 1416 3158 1470 allirmat.
3211 1416 3384 1485 Negat

1797 1513 2077 1568 Christum
2102 1527 2222 1567 esse
2252 1511 2518 1581 genitum.
2544 1509 2886 1563 Mortuorum
2919 1507 3383 1564 resurrectionem

1798 1613 1852 1657 et
1883 1601 2054 1657 Vetus
2094 1601 2506 1656 Testamentum
2545 1598 2746 1669 rejicit.

1871 1691 1961 1746 1X.
2023 1691 2409 1746 Marcionistae.
2460 1688 2666 1744 Marcio
2717 1705 2785 1744 ex
2842 1688 3016 1744 Ponto
3077 1687 3382 1748 oriundus.

115 1784 394 1856 ρώμενος,
426 1787 722 1841 ἐπισκόπου
759 1789 856 1859 μὲν
897 1785 964 1861 ἦν
997 1791 1128 1855 υἱὸς,
1162 1791 1385 1864 φθείρας
1412 1794 1468 1847 δὲ
1497 1794 1696 1865 παρθέο

1836 1783 2061 1853 piscopo
2091 1789 2245 1850 patre
2287 1787 2450 1835 natus
2493 1787 2618 1835 est:
2651 1793 2682 1832 a
2709 1794 2820 1849 quo
2867 1780 3082 1849 1126
3113 1779 3183 1832 ob
3221 1779 3388 1848 virgi-

110 1891 208 1928 νον
241 1877 476 1948 ἀπέδρα,
510 1877 595 1931 διά
620 1879 681 1931 τὸ
728 1879 988 1944 ἐξεῶσθαι
1039 1881 1145 1934 ὑπὸ
1186 1883 1280 1935 τοῦ
1322 1883 1451 1937 ἰδίου
1495 1883 1703 1955 πατρὸς

110 1966 228 2019 ἀπὸ
260 1969 358 2038 τῆς
400 1967 743 2039 Ἕκκλησίας.
789 1969 1049 2023 Ἀνελθὼν
1082 1970 1138 2023 δὲ
1180 1972 1239 2025 ἐν
1263 1975 1328 2042 τῇ
1371 1972 1576 2045 Ῥώμῃ,
1606 1976 1700 2028 καὶ

112 2057 363 2128 αἰτήσας,
383 2057 668 2128 μετάνοιαν
707 2059 830 2123 τοὺς
871 2061 989 2112 κατ’
1019 2063 1195 2115 ἐκεῖνο
1243 2063 1461 2134 καιροῦ,
1498 2065 1593 2118 καὶ
1629 2065 1704 2137 μὴ

111 2148 318 2219 τυχὼν,
343 2149 601 2220 ἐπαρθεὶς
623 2148 762 2203 κατὰ
791 2150 889 2220 τῆς
913 2150 1166 2218 πίστεως,
1195 2152 1538 2223 ἐδογμάτισε,
1559 2158 1708 2228 τρεῖς

112 2239 299 2309 ἀρχὰς
356 2239 806 2310 εἰσηγησάμενος,
845 2241 1047 2308 ἀγαθόν
1091 2259 1152 2295 τε
1211 2243 1307 2296 καὶ
1355 2243 1562 2298 δίκαιον
1614 2246 1708 2300 καὶ

114 2328 355 2395 φαῦλονο
409 2323 546 2382 εἷναί
597 2346 655 2382 τε
711 2329 809 2399 τὴν
855 2331 1062 2403 Καινὴν
1106 2333 1382 2404 Διαθήκην
1423 2334 1708 2407 ἀλλοτρίαν

111 2417 222 2487 τῆς
258 2418 502 2481 Παλαιᾶς
536 2419 748 2472 καὶτοῦ
789 2421 848 2474 ἐν
884 2422 1020 2493 αὐτῇ
1059 2421 1409 2494 λαλήσαντος.
1461 2425 1711 2478 Ἀνάστα-

117 2526 210 2562 σιν
262 2509 460 2580 σαρκὸς
512 2509 707 2563 ἀθετεῖ.
753 2511 1043 2582 Βάπτισμα
1086 2512 1298 2566 δίδωσιν
1337 2515 1398 2568 ού
1434 2516 1592 2585 μόνον
1624 2515 1706 2584 ἓν,

117 2600 264 2656 ἀλλά
294 2602 388 2655 καὶ
427 2601 520 2655 δύο
556 2604 652 2657 καὶ
691 2604 816 2676 τρία
861 2605 997 2675 μετὰ
1035 2606 1096 2658 τὸ
1142 2611 1502 2679 παραπεσεῖν.
1540 2609 1708 2682 ’Υπὲρ

117 2691 178 2743 δὲ
210 2690 322 2744 τῶν
369 2691 679 2745 τεθνεώτων
720 2693 1142 2764 κατηχουμένων
1188 2696 1409 2766 ἐτέρους
1439 2695 1707 2766 βαπτίζει,

119 2779 298 2844 ἀδεῶς
333 2781 425 2833 καὶ
452 2781 694 2850 γυναιξὶν
733 2782 1015 2854 ἐπιτρέπει
1045 2783 1267 2855 λουτρὸν
1297 2785 1517 2841 διδόναι.

197 2875 258 2926 ι’.
290 2873 691 2928 Λουκιανισταί.
719 2875 1016 2939 Λουκιανός
1041 2894 1125 2939 τις
1155 2878 1400 2948 ἀρχαῖος,
1431 2879 1528 2950 ούχ
1558 2881 1586 2933 ό
1616 2879 1711 2934 νῦν

122 2968 184 3017 ἐν
244 2965 455 3035 χρόνοις
504 2965 911 3018 Κωνσταντίνου
965 2967 1276 3038 γενόμενος,
1323 2970 1502 3024 πάντα
1571 2971 1712 3025 κατὰ

120 3055 220 3107 τὸν
256 3055 556 3126 Μαρκίωνα
582 3055 952 3126 ἐδογμάτισεν,
985 3057 1146 3129 ἕτερα
1176 3059 1232 3112 δὲ
1264 3061 1415 3130 παρά
1444 3062 1533 3115 τὸν
1566 3063 1713 3135 Μαρ-

126 3143 307 3197 κίωνα
336 3145 430 3198 καὶ
458 3145 620 3209 αὐτὸς
644 3145 804 3215 δῆθεν
835 3147 1219 3220 περισσότερον
1242 3151 1579 3221 δογματίζει.

205 3237 311 3292 IA'.
336 3236 727 3308 ’Δπελληῖανοί.
771 3238 880 3291 Καὶ
908 3230 1062 3302 οὗτος
1092 3243 1120 3292 ό
1150 3240 1412 3312 Ἀπελλῆς
1449 3242 1516 3296 τὰ
1556 3244 1716 3314 ὅμοια

127 3325 421 3398 Μαρκίωνι
475 3328 568 3380 καὶ
622 3327 906 3398 Λουκιανῷ
947 3329 1280 3398 δογματίζει,
1339 3331 1577 3396 κακίζων
1618 3333 1717 3405 τὴν

131 3418 321 3470 πᾶσαν
357 3415 572 3484 ποίησιν
609 3415 704 3468 καὶ
740 3415 832 3469 τὸν
873 3417 1231 3486 πεποιηκότα.
1269 3418 1379 3487 Ούχ
1420 3420 1620 3489 ὁμοίως
1663 3418 1719 3471 δὲ

129 3508 348 3587 τούτοις
374 3505 688 3578 δογματίζει
710 3507 802 3560 καὶ
826 3510 973 3578 τρεῖς
1012 3507 1204 3577 ἀρχὰς,
1231 3509 1365 3562 ἀλλὰ
1397 3510 1523 3580 μίαν
1546 3509 1719 3581 ἀρχὴν

131 3602 236 3653 καὶ
261 3599 357 3652 ἐνα
387 3597 516 3651 Θεὸν
543 3597 670 3650 ὄντα
698 3596 969 3650 ἀνώτατον
1013 3598 1106 3650 καὶ
1136 3599 1598 3669 ἀκατονόμαστον,
1625 3598 1720 3652 αύ-

131 3692 230 3745 τον
260 3690 316 3744 δὲ
344 3687 699 3760 πεποιηκέναι
727 3688 884 3743 ἀλλον
901 3706 915 3721 ο
952 3690 1043 3743 καὶ
1067 3691 1228 3753 αὐτὸς
1252 3691 1280 3742 ὁ
1311 3690 1599 3760 γενόμενος
1627 3707 1722 3742 πο-

135 3782 308 3854 νηρὸς
358 3779 620 3852 εὑρεθεὶς,
674 3780 892 3852 ἐποίησε
933 3784 998 3852 τῇ
1054 3780 1247 3835 ἐαυτοῦ
1290 3779 1582 3854 φαυλότητι
1630 3781 1722 3835 τὸν

137 3874 369 3944 κόσμον.

214 3966 316 4021 ΙΒ’.
345 3964 681 4037 Σευηριανοί.
705 3966 941 4039 Σευῆρός
970 3985 1052 4030 τις
1077 3968 1237 4022 πάλιν
1255 3967 1332 4040 τῷ
1353 3968 1584 4040 Ἀπελλῇ
1608 3985 1726 4022 συν-

141 4059 434 4127 επόμενος,
453 4058 544 4111 τὸν
565 4058 661 4128 μὲν
693 4053 833 4111 οἶνον
850 4058 1235 4125 ἀποϐάλλεται,
1258 4060 1351 4113 καὶ
1373 4060 1468 4131 τὴν
1486 4059 1742 4130 ἄμπελον,

141 4154 209 4205 ἐκ
239 4151 294 4204 δὲ
321 4148 414 4203 τοῦ
443 4150 874 4220 δρακοντοειδοῦς
919 4153 1095 4206 Σατᾶν
1137 4151 1447 4222 μυθολογῶν
1491 4153 1729 4220 πεφυκέ-

142 4242 362 4313 ναιοτὴν
396 4247 632 4311 γυναῖκα
661 4245 952 4315 ἀριστερᾶς
985 4245 1264 4315 δυνάμεως
1293 4244 1557 4316 ὑπάρχειν
1591 4244 1725 4314 (29).

155 4333 486 4403 Ὀνομασίας
514 4335 568 4387 δέ
595 4352 746 4398 τινας
791 4335 1088 4408 ἀρχόντων,
1125 4337 1218 4390 καὶ
1244 4336 1422 4407 βιϐλία
1449 4336 1569 4390 τινὰ
1595 4337 1729 4390 ἀπό-

143 4439 332 4493 κρυφα
363 4425 709 4494 παρεισάγει,
740 4427 809 4476 τὰ
835 4425 995 4494 ὃμοια
1041 4426 1098 4478 δὲ
1141 4429 1261 4490 ταῖς
1302 4426 1490 4492 ἄλλαις
1528 4425 1728 4499 σαρκὸς

145 4514 446 4568 ἀνάστασιν
474 4515 657 4568 ἀθετεῖ
685 4515 778 4568 καὶ
809 4515 1052 4569 Παλαιὰν
1078 4517 1373 4590 Διαθήκην.

223 4687 327 4745 ΙΓ’.
348 4692 626 4746 Τατιανοί.
660 4692 920 4756 Τατιανὺς
947 4685 1101 4756 οὗτος
1133 4693 1428 4747 συνεϐίωσε
1471 4693 1566 4764 μὲν
1595 4694 1728 4746 Ἰου-

150 4781 320 4853 στίνῳ
334 4781 412 4851 τῷ
430 4781 684 4854 Μάρτυρι
705 4782 781 4852 τῷ
795 4783 954 4853 ἁγίῳ,
974 4782 1110 4852 μετὰ
1129 4783 1185 4835 δὲ
1210 4782 1306 4854 τὴν
1333 4783 1424 4835 τοῦ
1457 4783 1731 4855 μάρτυρος

148 4874 245 4927 καὶ
257 4873 842 4943 φιλοσόφου’ῐουστίνου
857 4873 1132 4945 τελευτὴν,
1152 4873 1502 4945 προσεφθάρη
1515 4875 1624 4938 τοῖς
1637 4873 1730 4927 τοῦ

148 4968 481 5041 Μαρκίωνος
515 4966 766 5038 δόγμασι,
803 4967 1160 5040 μαθητευθεὶς
1201 4966 1277 5037 τῷ
1319 4965 1467 5036 αὐτῷ
1504 4966 1734 5035 ἐδογμά-

1807 1875 1894 1928 nis
1925 1882 2176 1944 stuprum
2212 1872 2420 1942 ejectus
2449 1886 2514 1926 ex
2565 1870 2835 1936 Ecclesia,
2888 1870 3117 1925 Romam
3149 1871 3384 1942 aufugit.

1811 1962 1910 2018 Ubi
1953 1978 2079 2017 cum
2133 1963 2204 2017 ab
2237 1962 2304 2018 iis
2339 1962 2431 2032 qui
2485 1969 2597 2015 tum
2653 1961 2912 2017 Ecclesiae
2949 1969 3234 2031 praeerant,
3271 1976 3389 2032 pm-

1807 2053 2096 2108 nitentiam
2149 2051 2359 2107 frustra
2412 2050 2782 2127 postulasset,
2837 2051 3165 2105 catholicam
3225 2049 3387 2104 [idem

1808 2157 2124 2214 oppugnare
2147 2142 2404 2199 instituit.
2439 2140 2804 2208 Quamobrem
2838 2142 2941 2195 tria
2970 2157 3094 2196 esse
3118 2140 3389 2210 principia

1808 2237 1968 2302 dixit,
2021 2236 2224 2290 bonum
2269 2242 2322 2288 et
2349 2234 2562 2304 justum
2595 2240 2651 2288 et
2692 2232 2918 2286 malum.
2964 2230 3174 2285 Novum
3200 2229 3392 2285 Testa-

1808 2336 2053 2384 mentum
2079 2342 2110 2380 a
2143 2325 2340 2382 Vetere
2371 2333 2424 2382 et
2465 2325 2711 2395 ejusdem
2747 2332 2972 2377 auctore
3001 2323 3237 2376 alienum
3267 2336 3392 2376 esse

1808 2419 2016 2474 docuit.
2051 2419 2246 2473 Carnis
2277 2415 2737 2474 resurrectionem
2773 2414 3018 2471 sustulit.
3070 2411 3190 2467 Non
3221 2428 3392 2467 unum

1811 2507 2081 2577 baptisma
2117 2505 2408 2569 duntaxat,
2457 2504 2554 2560 sed
2592 2511 2647 2559 et
2695 2503 2806 2558 duo
2852 2512 2907 2558 et
2950 2503 3057 2556 tria
3097 2510 3220 2572 post
3254 2502 3390 2558 deli-

1810 2611 1959 2653 ctum
2013 2597 2276 2668 indulget.
2326 2596 2432 2652 Pro
2486 2596 2720 2651 mortuis
2793 2594 3203 2650 catechumenis
3256 2595 3394 2650 alios

1810 2689 2072 2759 baptizat,
2113 2703 2179 2742 ac
2221 2686 2542 2741 mulieribus
2579 2683 2831 2740 conferre
2880 2683 3216 2755 baptismum
3265 2684 3386 2739 sine

1815 2777 1929 2832 ullo
1963 2776 2284 2832 discrimine
2322 2774 2609 2844 permittit.

1881 2867 1949 2924 X.
1984 2867 2336 2922 Lucianistae.
2371 2865 2648 2921 Lucianus
2693 2864 2783 2919 bic
2834 2863 3132 2934 antiquior,
3164 2878 3276 2917 non
3306 2863 3388 2916 al-

1813 2967 1896 3015 ter
1927 2960 2016 3014 ille
2048 2959 2142 3029 qui
2183 2957 2543 3014 Constantino
2594 2957 2898 3026 imperante
2939 2955 3091 3020 vixit,
3126 2955 3182 3008 in
3214 2953 3396 3008 omni-

1817 3054 1922 3109 bus
1969 3050 2268 3105 Marcionis
2317 3047 2562 3118 vestigiis
2622 3046 2861 3114 inhaesit,
2916 3046 3017 3101 etsi
3067 3043 3397 3115 quibusdam

1743 3129 1785 3186 (ἶ
1831 3142 2062 3212 adjectis
2093 3139 2427 3197 cumulatius
2459 3137 2664 3208 aliquid
2690 3137 2886 3191 docere
2919 3135 3148 3191 studuit.

1892 3231 1987 3285 Xl.
2026 3227 2346 3300 Apelleiani.
2391 3226 2607 3296 Apelles
2672 3224 2922 3280 similiter
2983 3231 3145 3293 atque
3194 3222 3398 3278 Marcio

1818 3333 1872 3380 et
1902 3322 2181 3377 Lucianus
2209 3318 2478 3390 quidquid
2512 3316 2792 3372 conditum
2832 3325 2917 3370 est
2947 3331 3069 3369 cum
3115 3316 3234 3385 ipso
3263 3330 3398 3369 con-

1819 3416 1996 3470 ditore
2022 3412 2315 3480 vituperat.
2355 3405 2470 3462 Non
2517 3414 2703 3462 tamen
2734 3405 2842 3459 tria
2889 3411 2948 3458 ut
2986 3404 3062 3458 illi
3097 3403 3392 3473 principia.

1821 3507 1916 3562 sed
1951 3519 2119 3558 unum
2167 3509 2378 3556 tantum
2410 3499 2637 3562 invexit,
2687 3497 2981 3566 itidemque
3029 3495 3196 3551 Deum
3229 3511 3400 3548 unum

1822 3612 1886 3652 ac
1915 3607 2252 3664 supremum,
2294 3597 2349 3646 et
2388 3587 2630 3642 nominis
2675 3597 2976 3658 expertem,
3029 3585 3121 3655 qui
3155 3585 3401 3656 singula-

1827 3703 1942 3744 rem
1973 3688 2206 3741 alterum
2247 3681 2617 3754 procreaverit
2645 3698 2658 3734 :
2689 3679 2781 3750 qui
2813 3695 2939 3735 cum
2973 3679 3152 3734 malus
3194 3679 3402 3734 evasis-

1825 3787 1929 3845 set,
1967 3776 2230 3833 mundum
2264 3787 2363 3830 sua
2389 3773 2479 3827 illa
2509 3772 2858 3843 improbitate
2893 3769 3159 3826 condidit.

1897 3955 2013 4011 XII.
2057 3953 2355 4010 Severiani.
2416 3950 2651 4007 Severus
2691 3948 2781 4004 bic
2841 3945 3048 4017 Apellis
3087 3944 3295 4000 assecla
3326 3945 3406 3999 vi-

1829 4062 1960 4102 num
2000 4059 2065 4100 ac
2095 4045 2257 4100 vitem
2289 4042 2508 4112 penitus
2538 4042 2791 4105 damnat;
2833 4024 2955 4107 qua:
2987 4051 3055 4091 ex
3090 4033 3306 4090 Satana:
3347 4036 3406 4090 in

1834 4139 2009 4192 forma
2041 4135 2310 4205 serpentis
2343 4141 2397 4188 et
2428 4139 2588 4187 terra:
2617 4143 2920 4200 congressu
2965 4135 3259 4196 propagata
3306 4124 3406 4179 lin-

1832 4228 1929 4298 git.
1965 4225 2248 4280 Mulierem
2295 4237 2515 4292 quoque
2555 4219 2798 4277 sinistra
2848 4215 3071 4271 virtutis
3099 4213 3220 4271 esse
3250 4215 3404 4270 dicit.

1830 4319 2145 4388 Principum
2172 4316 2436 4372 vocabula
2500 4311 2769 4383 quadam,
2797 4316 2853 4364 et
2890 4307 3151 4379 quosdam
3185 4321 3408 4377 apocry-

1834 4413 1971 4483 pbos
2033 4411 2200 4465 libros
2254 4407 2488 4462 inducit.
2530 4404 2588 4458 In
2628 4410 2968 4456 mortuorum
3012 4398 3410 4454 resurrectione

1760 4483 1804 4538 Ῑ)
1841 4503 2126 4572 Veterique
2163 4499 2513 4556 Testamento
2547 4493 2848 4552 refellendo
2898 4507 3026 4548 cum
3066 4490 3190 4545 aliis
3240 4490 3410 4546 luere-

1838 4596 1992 4650 sibus
2027 4591 2321 4649 consentit.

1907 4684 2047 4739 Xlll.
2110 4682 2360 4737 Tatiani.‘
2405 4677 2668 4734 Tatianus
2722 4676 2959 4748 primum
3013 4689 3134 4731 cum
3195 4680 3389 4728 sancto

1839 4777 2058 4832 Justino
2111 4783 2352 4845 martyre
2397 4787 2462 4827 ac
2507 4769 2836 4842 philosopho
2886 4767 3042 4823 vixit.
3080 4765 3211 4821 Post
3255 4765 3414 4834 cujus

1842 4872 2053 4927 obitum
2106 4867 2432 4937 contagione
2481 4864 2777 4920 Marcionis
2817 4863 3129 4932 dogmatum
3180 4858 3412 4921 amatus,

1843 4964 1964 5034 ejus
1992 4961 2296 5032 discipulus
2327 4959 2463 5024 fuit;
2515 4956 2582 5010 ad
2614 4970 2786 5026 eaque
2833 4969 2954 5024 qua:
2999 4967 3121 5006 cum
3169 4965 3234 5004 eo
3265 4965 3416 5003 com-

147 5040 293 5122 τισε,
324 5060 419 5112 καὶ
451 5059 612 5114 πάλιν
646 5060 806 5132 ἕτερα
835 5063 964 5132 παρ’
994 5063 1217 5114 ἐκεῖνον.
1257 5058 1502 5128 Ἐλέγετο
1541 5058 1598 5112 δὲ
1629 5057 1708 5112 ἀπ

1845 5054 2084 5110 muniter
2137 5052 2334 5116 tenuit,
2391 5064 2532 5104 nova
2584 5048 2812 5116 insuper
2863 5044 3094 5101 addidit.
3146 5040 3353 5096 Ferunt
3385 5056 3416 5096 e

152 5152 585 5222 Μεσοποταμίας
606 5152 900 5223 ὁρμᾶσθαι.

229 5313 245 5344 ¹
276 5311 440 5368 Deest
469 5313 738 5381 λέγουσιν.
841 5311 860 5341 ²
895 5309 1014 5365 Lib.
1045 5326 1082 5373 I,
1112 5307 1474 5362 διαϐάλλουσι.

231 5467 348 5538 (28)
382 5467 528 5538 ΪΑπὺ
545 5467 614 5521 δὲ
632 5465 743 5535 τῆς
771 5467 989 5538 Συρίας
1013 5467 1106 5538 εἰς.
1145 5462 1397 5538 Ῥώμῃν,
1428 5481 1484 5538 κ.
1503 5480 1554 5516 τ.
1661 5459 1736 5538 lle

161 5530 263 5609 liae
295 5530 356 5592 re
381 5537 603 5609 legenda
629 5530 752 5609 qua:
775 5530 1064 5609 ex‘lrenaao
1096 5530 1548 5588 habet—Eusebius
1571 5531 1641 5585 Η.
1669 5530 1734 5584 E.

163 5608 256 5662 lib.
276 5625 368 5678 7w,
398 5606 667 5678 capitibus
698 5608 766 5661 ~10
793 5615 845 5661 et
879 5606 963 5678 ll.

237 5677 352 5750 ί29)
397 5670 516 5749 Τῆν
559 5678 812 5751 γυναῖκα
861 5673 1177 5746 ἀριστερᾶς
1220 5675 1522 5745 δυνάμεως
1555 5670 1737 5741 turnip-

1847 5146 2236 5219 Me50potamia
2264 5145 2557 5201 oriundum
2593 5143 2742 5196 hunc
2768 5140 2959 5195 fuisse.

1578 5305 1596 5336 ³
1624 5304 1752 5359 For.
1791 5301 2191 5373 διαδεξαμένου.
2277 5300 2297 5333 δ
2325 5300 2453 5355 Cor.
2499 5296 2735 5369 'l'yivou.

1844 5476 1993 5529 χειν,
2031 5458 2132 5513 hoc
2159 5463 2262 5529 est,
2295 5454 2510 5509 Satanae
2533 5466 2674 5529 opus
2703 5445 3137 5529 esse,_utiii‘sente
3169 5441 3416 5529 aitniden":

1847 5511 2180 5601 Epiphanius
2214 5511 2485 5601 haereseos
2521 5511 2590 5577 43
2649 5537 2798 5601 nitur.
2836 5511 3198 5601 2,-ᾢάιικονσι
3241 5511 3297 5566 δὲ
3329 5513 3415 5565 κα)

1848 5591 2203 5673 τῆείγυναῐκα
2231 5594 2367 5651 εἶναι
2401 5594 2559 5666 ἔργον
2584 5592 2675 5646 τοῦ
2707 5591 2940 5643 Σατανᾶ.
