3854 6332
474 348 581 406 837

1876 343 1932 399 S.
1979 341 2318 399 EPIPHANII

3623 342 3721 399 868

545 456 682 513 X‘lll.
722 457 967 513 Cathari.
1024 456 1293 513 Novatum
1348 456 1651 512 Romanum
1697 458 1868 510 secuti
1900 465 2044 512 sunt.

2222 457 2320 508 11".
2383 454 2648 525 KaBapol,
2692 454 2740 506 οἱ
2802 434 2939 523 ἅμα
2970 452 3206 524 Ναϐάτῳ
3250 455 3614 522 συναφθέντες
3648 456 3724 526 τῷ

479 550 543 604 lli
573 550 820 619 digamos
866 550 1083 617 penitus
1111 549 1483 618 proscribunt,
1518 548 1895 618 pmnitcntiam
1938 562 2047 602 non

477 640 799 696 admittunt.
916 666 935 677 υ

552 727 768 797 1129
805 725 944 781 XIV.
986 726 1251 797 Angelici.
1298 726 1363 781 Hi
1406 744 1676 800 nusquam
1710 729 1871 783 hodie
1898 744 2051 798 repe-

476 815 716 870 riuntur.
758 817 1003 887 Angelici
1050 833 1179 873 vero
1226 819 1438 874 ordinis
1472 836 1530 875 se
1557 836 1680 877 esse
1723 820 2053 890 profiteban-

481 919 588 974 tur,
626 908 791 977 idque
821 910 1041 964 nomine
1068 910 1187 979 ipso
1216 910 1595 980 praeferebant.

549 998 665 1053 XV.
706 998 1026 1068 Apostolici,
1053 1001 1146 1069 qui
1180 1010 1234 1054 et
1269 1001 1576 1069 Apotactici
1608 1001 1722 1058 sive
1752 1002 2055 1059 Renuntia-

480 1096 649 1155 tores,
682 1089 735 1143 in
764 1089 966 1144 Pisidia
1003 1091 1376 1145 inveniuntur.
1413 1090 1477 1145 lli
1514 1093 1661 1148 solos
1697 1094 1820 1149 illos
1855 1096 2055 1150 admit-

483 1188 625 1245 tunt,
656 1182 749 1250 qui
788 1196 846 1236 se
874 1180 1032 1235 bonis
1060 1182 1314 1237 omnibus
1346 1182 1741 1241 abdicaverint.
1787 1186 2053 1242 Cancrum

485 1275 889 1329 Encratitarum
930 1275 1136 1330 similes
1167 1284 1315 1341 sunt,
1345 1277 1447 1331 etsi
1474 1277 1693 1334 diversa
1716 1280 1963 1349 qumdam
1989 1282 2057 1336 ab

484 1365 593 1421 illis
621 1371 886 1419 statuunt.

557 1453 695 1508 XVI.
741 1454 1034 1509 Sabelliani
1067 1469 1193 1509 cum
1226 1453 1504 1511 Noetianis
1548 1449 1604 1510 in
1642 1457 1895 1513 omnibus
1929 1474 2056 1527 pro-

489 1548 776 1615 pemodum
820 1546 1208 1611 consentiunt,
1259 1548 1363 1603 nisi
1407 1548 1551 1618 quod
1609 1549 1821 1604 Patrem
1881 1552 2056 1619 ipsum

486 1642 687 1704 negant
713 1650 834 1689 esse
864 1650 1109 1704 passum.

559 1724 717 1781 XVII.
777 1724 1088 1793 Origeniani
1134 1741 1163 1779 a
1213 1726 1446 1795 quodam
1522 1724 1752 1798 Origene
1805 1727 2053 1783 derivati.

2160 544 2430 615 Ῥωμαίῳ.
2463 543 2573 596 Καὶ
2598 544 2724 606 τοὺς
2745 542 3010 612 διγάμους
3044 541 3321 605 παντελῶς
3350 542 3723 614 ἀποϐαλλόμεο

2149 651 2250 699 von,
2281 635 2372 686 καὶ
2407 634 2690 704 μετάνοιαν
2726 631 2799 703 μὴ
2827 634 3124 702 δεχόμενοι.

2222 727 2321 778 ῙΔ’.
2379 724 2702 793 Ἀγγελικοί.
2763 718 2921 776 Οὗτοι
2972 722 3250 786 παντελῶς
3297 722 3561 790 ἐξέλιπον.
3622 723 3725 776 Δία.

2152 815 2372 886 χοῦντες
2396 815 2451 868 δὲ
2475 811 2612 885 ἦσαν
2645 814 2939 885 ἀγγελικὴν
2966 813 3117 880 τάξιν
3140 814 3305 883 ἔχειν,
3338 817 3369 889 ἧ
3398 814 3486 866 διὰ
3507 815 3569 865 τὸ
3604 814 3723 881 Ἀγ-

2153 906 2343 975 γέλους
2371 904 2832 975 προσκεκλῆσθαι.

2224 999 2325 1052 ΙΕ’.
2375 996 2763 1056 ’Δποστολικοὶι
2799 997 2846 1048 οἱ
2886 996 2977 1049 καὶ
3023 997 3525 1063 Ἀποτακτικο“ι,κα“ι
3574 998 3722 1049 αὐτοὶ

2155 1090 2283 1161 περὶ
2316 1088 2580 1150 Πισιδίαν,
2621 1088 2777 1157 μόνον
2815 1088 3236 1150 Ἀποτακτικοὺς
3262 1088 3542 1158 δεχόμενοι
3564 1126 3577 1150 ,
3605 1088 3723 1140 παῦ’

2156 1176 2381 1239 ἑαυτοὺς
2409 1176 2465 1227 δὲ
2495 1175 2798 1245 εὐχόμενοι,
2826 1176 3335 1247 παραπλησιάζονσι
3369 1176 3425 1228 δὲ
3452 1179 3564 1239 τοῖς
3603 1178 3724 1243 Ἐγ-

2156 1267 2462 1340 κρατίταις.
2504 1265 2702 1329 Ἀλλας
2743 1265 2798 1318 δὲ
2846 1267 2974 1336 παρ’
3016 1266 3212 1328 αὐτοὺς
3245 1265 3531 1337 φρονοῧσιν
3576 1269 3726 1337 αίρέσ

2160 1376 2217 1412 σε
2228 1377 2288 1422 ις.

2226 1445 2726 1513 1ςὀΣα6ε).λιανοὶ,
2780 1452 2826 1503 οί
2860 1448 2929 1502 τὰ
2970 1450 3129 1519 ὃμοια
3164 1451 3404 1521 ἀνοήτως
3431 1450 3445 1479 ¹
3476 1447 3726 1512 δοξάζονο

2156 1558 2266 1603 τες,
2299 1540 2447 1611 παρὰ
2473 1540 2630 1593 τοῦτο
2680 1540 2865 1612 μόνον·
2902 1541 3118 1609 λέγουσι
3163 1543 3270 1613 γὰρ
3303 1542 3376 1612 μὴ
3406 1540 3725 1595 πεπονθέναι

2158 1631 2251 1683 τὸν
2284 1632 2499 1703 Πατέρα
2540 1632 2673 1703 (41).

2229 1721 2324 1779 IZ'.
2367 1724 2719 1794 Ὠριγενιανοί
2769 1741 2913 1788 τινος
2968 1725 3272 1796 Ὠριγένους
3312 1724 3464 1796 (42),
3514 1726 3726 1794 αἰσχρο-

488 1816 810 1886 Turpissimi
849 1817 941 1870 isti
971 1824 1139 1882 sunt,
1184 1831 1246 1870 ac
1288 1816 1549 1871 nefariam
1583 1826 1637 1872 et
1669 1827 2053 1887 prmposteram

2183 1816 2306 1867 τοιοὶ
2336 1815 2392 1868 δὲ
2419 1811 2562 1870 οὗτοί
2584 1818 2740 1881 εἰσιν,
2768 1817 3273 1887 ἀῤῥητοποιοῦντες,
3305 1818 3392 1870 καὶ
3428 1817 3493 1868 τὰ
3527 1818 3726 1869 ἑαυτῶν

488 1911 763 1967 libidinem
794 1918 1070 1975 exercent,
1101 1926 1309 1980 suaque
1338 1925 1568 1979 corpora
1602 1919 1980 1981 corrumpunt.

559 2003 752 2057 XVIII.
811 2003 1123 2073 Origeniani
1193 2002 1285 2055 alii
1340 2002 1407 2056 ab
1454 2002 1683 2071 Origene
1732 2002 2058 2057 Adamantio

492 2096 790 2167 Scriptore.
830 2096 890 2148 lli
945 2104 1285 2148 mortuorum
1337 2094 1793 2149 resurrectionem
1841 2103 2057 2164 negant.

490 2187 623 2241 Tam
669 2187 945 2243 Christum
978 2202 1139 2256 quam
1183 2186 1447 2254 Spiritum
1479 2192 1727 2239 sanctum
1762 2187 1961 2241 creatis
2005 2187 2059 2241 in

491 2280 656 2332 rebus
709 2284 1018 2342 numerant,
1074 2276 1384 2345 paradisum
1433 2290 1497 2329 ac
1551 2277 2061 2345 cuelos,c:eteraque

492 2368 673 2422 omnia
709 2367 773 2419 ad
812 2366 1096 2435 allegorias
1145 2363 1406 2429 referunt,
1440 2362 1641 2420 Christi
1681 2378 1906 2435 regnum
1950 2373 2059 2419 ter-

495 2456 812 2510 minandum
840 2470 962 2510 esse
997 2455 1213 2509 docent.

568 2545 842 2601 Hactenus
873 2545 1002 2599 tomi
1043 2543 1204 2615 primi
1225 2544 1346 2599 libri
1388 2560 1426 2599 lt
1461 2543 1695 2599 haereses
1727 2561 1881 2601 xvnt.

2165 1906 2392 1978 σώματα
2427 1909 2601 1979 φθορᾷ
2626 1909 3028 1979 παραδιδόντες.

2236 1998 2341 2051 IH'.
2396 2001 2749 2069 Ὠριγενιανοὶ
2811 2000 2956 2054 ἄλλοι
2989 1998 3080 2052 τοῦ
3111 2000 3203 2052 καὶ
3259 1999 3591 2069 Ἀδάμαντος
3639 1997 3725 2050 τοῦ

2166 2090 2550 2155 Συντακτικοῦ,
2587 2092 2634 2143 οἱ
2667 2090 2763 2161 τὴν
2792 2090 2898 2144 τῶν
2932 2090 3140 2161 νεκρῶν
3172 2091 3467 2143 ἀνάστασιν
3494 2090 3725 2143 ἀποϐαλ-

2166 2179 2401 2247 λόμενοι.
2451 2180 2684 2249 Χριστὸν
2740 2181 2795 2232 δὲ
2848 2181 3053 2251 κτίσμα
3104 2181 3197 2233 καὶ
3227 2180 3286 2232 τὸ
3315 2179 3469 2247 ἅγιον
3509 2181 3723 2249 Πνεῦμα

2168 2272 2568 2343 εἰσηγούμενοι,
2634 2273 2960 2343 παράδεισον
2998 2273 3053 2324 δὲ
3093 2272 3185 2325 καὶ
3238 2271 3499 2341 οὐρανοὺς
3538 2272 3624 2323 καὶ
3665 2271 3726 2321 τὰ

2167 2363 2300 2416 ἄλλα
2335 2364 2510 2417 πάντα
2539 2362 3087 2434 ἀλληγοροῦντες,καὶ
3117 2363 3269 2426 τέλος
3309 2363 3453 2429 ἕξειν
3480 2362 3577 2433 τὴν
3601 2364 3724 2433 Χρι-

2168 2451 2291 2504 στοῦ
2320 2453 2594 2522 βασιλείαν
2625 2454 2860 2523 τολμῶσι
2893 2453 3091 2520 λέγειν.

2233 2536 2399 2595 Αὗται
2460 2543 2620 2595 πάλιν
2681 2544 2734 2595 αἱ
2787 2542 3059 2596 δεκαοκτὼ
3104 2544 3362 2613 αἱρέσεις,
3408 2543 3503 2595 καὶ
3558 2544 3611 2594 ἐν
3652 2543 3725 2612 τῷ

2169 2634 2369 2707 πρώτῳ
2399 2638 2549 2708 τόμῳ
2566 2637 2656 2690 τοῦ
2677 2637 2927 2709 δευτέρου
2962 2636 3186 2708 βιϐλίου.

1585 2740 1970 2803 ΗᾹῖῐὶῐῐεΕΞ
2013 2743 2212 2808 ΤΟΜΙ
2240 2750 2294 2814 ll
2330 2751 2535 2811 LIBRI
2588 2751 2667 2811 11.

565 2868 626 2925 In
655 2866 894 2925 secundo
922 2880 1052 2921 vero
1087 2874 1233 2920 tomo
1278 2863 1403 2918 libri
1451 2878 1487 2917 ll
1535 2863 1628 2933 qui
1666 2873 1934 2918 tomorum
1980 2880 2069 2920 or-

497 2962 624 3016 dine
652 2978 683 3015 v
712 2970 816 3025 est,
853 2960 1087 3014 haereses
1137 2973 1169 3011 ν
1212 2955 1749 3026 comprehenduntur
1772 2995 1789 3021 ,
1832 2956 1935 3012 hoc
1973 2972 2069 3013 or-

497 3051 659 3105 dine:

566 3143 610 3196 ι.
649 3139 805 3194 Pauli
851 3136 1211 3201 Samosateni,
1244 3138 1337 3206 qui
1380 3135 1683 3191 Antiochiae
1713 3150 1920 3207 magnae
1952 3138 2067 3208 epi-

498 3246 700 3302 sc0pus
731 3230 849 3284 fuit.
890 3228 989 3282 Hic
1033 3227 1424 3298 propemodum
1459 3242 1567 3281 non
1608 3226 1873 3283 exsistere
1911 3229 2069 3284 Chri-

499 3331 645 3378 stum
673 3320 923 3382 aﬂirmat,
968 3326 1130 3387 atque
1161 3316 1430 3387 ejusmodi
1475 3314 1711 3372 Verbum
1755 3313 2067 3382 essetingit,

500 3412 647 3484 quod
679 3412 733 3465 in
760 3408 1064 3481 prolatione
1093 3408 1345 3463 consistit
1371 3426 1383 3463 :
1414 3407 1665 3463 eumdem
1698 3422 1860 3479 porro
1889 3425 2011 3466 esse
2037 3426 2067 3465 a

500 3502 668 3556 Maria
701 3500 954 3570 cmpisse.
989 3500 1068 3552 Ac
1098 3513 1216 3567 quae
1249 3499 1422 3554 sacris
1444 3500 1500 3552 in
1529 3498 1743 3554 Litteris
1770 3498 1836 3554 de
1860 3516 1925 3556 eo
1949 3515 2073 3571 pro-

497 3596 742 3650 nuntiata
787 3600 937 3657 sunt,
988 3590 1332 3662 przedicentis
1381 3608 1503 3647 esse
1553 3608 1702 3648 more
1739 3594 1902 3658 dicta,
1944 3610 2067 3649 cum

498 3685 614 3755 ipse
643 3682 883 3739 nondum
917 3683 1229 3749 exsisteret,
1270 3682 1364 3736 sed
1397 3697 1427 3735 a
1458 3683 1647 3748 Maria,
1684 3685 1762 3739 uti
1796 3685 2065 3749 diximus,

498 3784 553 3832 et
581 3777 648 3829 ab
675 3789 740 3829 eo
771 3775 1036 3829 duntaxat
1072 3784 1316 3843 tempore
1341 3789 1449 3843 quo
1475 3789 1637 3831 carne
1670 3777 1935 3846 praeditus
1962 3777 2061 3830 ad-

498 3867 667 3931 venit,
703 3881 827 3920 esse
857 3866 1106 3935 coeperit.

569 3958 632 4013 ll.
675 3958 977 4025 Manichaei,
1021 3966 1158 4030 quos
1199 3968 1252 4016 et
1299 3960 1591 4016 Acuanitas
1638 3970 1857 4024 vocant,
1898 3962 2070 4019 Manis

495 4048 677 4105 Persa:
701 4050 979 4121 discipuli,
1007 4051 1286 4106 Christum
1315 4053 1496 4122 specie
1528 4062 1691 4107 tenus
1723 4054 2066 4123 profitentur,

497 4145 666 4199 solem
698 4144 990 4212 lunamque
1011 4152 1357 4199 venerantur.
1389 4143 1569 4199 Stellis
1595 4160 1659 4200 ac
1685 4146 1982 4202 virtutibus
2015 4156 2069 4202 et

496 4235 836 4292 daemonibus
879 4236 1208 4305 supplicant.
1244 4235 1374 4290 Duo
1418 4237 1706 4307 principia,
1753 4238 1956 4293 bonum
2003 4254 2067 4294 ac

497 4332 719 4395 malum,
754 4330 1115 4385 constituunt.
1156 4326 1434 4382 Christum
1466 4329 1646 4399 specie
1698 4336 1858 4384 tenus
1901 4346 2067 4399 appa-

2248 2872 2336 2924 Ἐν
2384 2872 2440 2924 δὲ
2505 2872 2583 2941 τῷ
2626 2871 2861 2942 δευτέρῳ
2921 2870 3072 2941 τόμῳ
3131 2870 3226 2922 τοῦ
3286 2869 3454 2923 αὑτοῦ
3508 2869 3721 2939 βιϐλίον,

2164 2961 2400 3032 πέμπτῳ
2417 2962 2472 3015 δὲ
2495 2962 2608 3016 ὄντι
2625 2963 2762 3015 κατὰ
2784 2962 2874 3016 τὸν
2893 2962 3285 3033 προειρημένον
3306 2961 3561 3032 ἀριθμὸν,
3580 2957 3721 3016 αὗταί

2093 3086 2136 3144 C
2169 3056 2305 3107 εἰσιν
2342 3057 2397 3108 αί
2431 3054 2593 3108 πέντε
2618 3056 2891 3126 αἱρέσειςο

2239 3146 2316 3201 Α’.
2378 3147 2591 3201 Παύλου
2650 3148 3030 3218 Σαμοσατέως,
3095 3146 3391 3200 ἐπισκόπου
3447 3148 3720 3218 γενομένου

2181 3237 2508 3307 Ἀντιοχείας
2533 3238 2629 3307 τῆς
2652 3237 2911 3309 μεγάλης.
2933 3232 3097 3299 Οὗτος
3119 3237 3465 3307 ἀνύπαρκτον
3494 3238 3585 3290 τὸν
3610 3239 3723 3308 Χρε-

2170 3328 2293 3381 στὸν
2333 3328 2513 3395 ὀλίγον
2550 3328 2659 3381 δεῖν
2706 3327 3130 3391 διαϐεϐαιοῦται,
3178 3330 3350 3397 Λόγον
3407 3330 3721 3400 προφορικὺν

2169 3419 2330 3471 αὐτὸν
2370 3420 2735 3489 σχηματίσας,
2774 3420 2885 3473 ἀπὸ
2915 3420 2973 3474 δὲ
3009 3420 3227 3491 Μαρίας
3263 3422 3359 3474 καὶ
3396 3421 3559 3492 δεῦρο
3583 3417 3720 3473 εἶναι.

2169 3510 2725 3580 Προκαταγγελτικῶς
2757 3512 2855 3582 μὲν
2881 3511 2949 3564 τὰ
2976 3514 3102 3582 περὶ
3138 3512 3303 3564 αὑτοῦ
3337 3514 3395 3564 ὲν
3420 3516 3541 3576 ταῖς
3572 3513 3720 3574 θείαις

2168 3602 2408 3671 Γραφαῖς
2443 3602 2704 3674 εἰρημένα
2726 3602 2960 3673 ἔχοντος,
2987 3604 3060 3674 μὴ
3080 3603 3230 3666 ὄντος
3254 3604 3330 3665 δὲ,
3354 3604 3467 3656 ἀλλ’
3493 3604 3599 3658 ἀπὸ
3619 3606 3718 3658 M1-

2173 3693 2291 3761 ρίας
2321 3694 2412 3746 καὶ
2432 3693 2591 3763 δεῦρο
2615 3694 2702 3747 διὰ
2730 3693 2830 3764 τῆς
2863 3694 3127 3766 ὲνσάρκου
3167 3696 3491 3765 παρουσίας.

2241 3961 2314 4015 B’.
2349 3964 2635 4033 Μανιχαῖοι
2666 3964 2758 4018 καὶ
2800 3966 3141 4020 Ἀκουανῖται
3172 3965 3302 4037 (45),
3337 3967 3386 4019 οἱ
3436 3966 3531 4019 τοῦ
3580 3966 3712 4036 Μανῆ

2171 4052 2412 4123 μαθηταὶ
2466 4053 2559 4106 τοῦ
2623 4053 2853 4127 Πέρσου,
2896 4055 3127 4126 Χριστὸν
3181 4057 3417 4127 σχήματι
3460 4056 3707 4125 λέγοντες,

2167 4145 2317 4215 ἥλιόν
2350 4163 2409 4198 τε
2445 4145 2693 4211 σέϐοντες
2721 4148 2810 4200 καὶ
2844 4148 3089 4219 σελήνην,
3126 4148 3345 4218 ἄστροις
3376 4165 3433 4201 τε
3457 4150 3550 4202 καὶ
3579 4149 3710 4202 Bavi-

2172 4253 2296 4305 μεσι
2337 4238 2429 4289 καὶ
2466 4237 2717 4308 δαίμοσιν
2759 4240 3062 4309 εὐχόμενοι.
3122 4240 3316 4313 Ἀρχὰς
3356 4241 3449 4293 δύο
3488 4240 3707 4310 εἰσηγού-

2172 4342 2342 4394 μενοι,
2377 4327 2617 4397 πονηράν
2645 4345 2705 4380 τε
2734 4330 2826 4380 καὶ
2860 4328 3089 4400 ἀγαθήν.
3138 4330 3368 4402 Χριστὸν
3393 4332 3604 4401 δοκήσει
3634 4346 3708 4381 πε-

494 4421 694 4484 ruisse,
730 4418 1017 4489 specieque
1048 4427 1207 4473 tenus
1234 4433 1356 4472 esse
1388 4432 1628 4487 passum.
1661 4417 1830 4475 Vetus
1871 4418 2060 4474 Testa-

2183 4416 2413 4486 p'qvévat,
2454 4418 2545 4471 καὶ
2572 4419 2785 4488 δοκήσει
2831 4420 3170 4473 πεπονθέναι.
3204 4422 3445 4474 Παλαιὰν
3466 4422 3707 4493 Διαθήκην

497 4521 735 4566 mentum
765 4526 1019 4580 eumque,
1048 4511 1142 4579 qui
1175 4510 1228 4564 in
1258 4512 1351 4565 illo
1376 4512 1589 4567 locutus
1617 4520 1721 4577 cst,
1757 4505 2064 4568 maledictis

497 4612 747 4658 onerant.
777 4600 1038 4656 Mundum
1067 4602 1288 4671 quidem
1315 4617 1424 4656 non
1453 4604 1789 4670 universum,
1824 4602 1919 4659 sed
1943 4603 2064 4673 ejus

499 4701 706 4764 partem
739 4707 768 4746 a
797 4692 906 4747 Deo
943 4692 1257 4746 fabricatam
1286 4709 1410 4748 esse
1443 4702 1709 4749 statuunt.

572 4779 883 4852 1130111.
909 4778 1193 4834 Hieracita:
1222 4782 1290 4834 ab
1314 4780 1537 4835 llierace
1574 4782 1865 4850 interprete
1892 4794 1953 4833 ac
1973 4779 2065 4834 do-

566 4939 583 4971 ⁸
614 4938 741 4995 Cor.
767 4944 896 5000 ex].
932 4957 970 5005 1,
999 4940 1325 4995 Νοετιανῶν.

566 5051 677 5121 (tt)
702 5050 796 5119 Μὴ
827 5050 1186 5107 πεπονθέναι
1212 5051 1318 5106 τὸν
1348 5052 1596 5120 Πατέρα.
1628 5051 1808 5110 Locus
1835 5052 1938 5107 ista
1965 5070 2067 5110 ceu

497 5123 632 5194 falsa
664 5122 932 5194 exhibens
980 5130 1202 5194 notatur
1231 5123 1299 5177 ab
1330 5123 1637 5192 Augustino
1668 5126 1847 5194 capite
1871 5125 1962 5188 41,
1994 5124 2068 5179 De

493 5193 799 5247 Iliensibus.
832 5192 974 5247 Idem
1000 5190 1057 5246 S.
1093 5192 1291 5247 Doctor
1316 5190 1561 5259 pluribus
1588 5196 1640 5247 in
1683 5190 1815 5249 locis
1844 5210 2067 5249 suorum

495 5263 549 5316 in
577 5262 837 5317 Joannem
859 5261 1234 5329 Tractatuum,
1261 5271 1317 5316 ut
1338 5263 1427 5329 40,
1456 5264 1523 5318 70
1539 5273 1593 5318 et
1616 5265 1702 5327 7t,
1733 5263 2071 5320 Sabellianos

492 5338 550 5388 et
571 5331 1021 5404 Patropassianos
1052 5340 1229 5404 vocat,
1263 5348 1374 5402 quo
1424 5335 1642 5404 nomine
1680 5335 1825 5404 apud
1867 5335 2070 5390 Roma-

496 5417 598 5456 nos
623 5402 811 5458 donari
848 5402 938 5473 qui
970 5404 1111 5473 apud
1147 5403 1432 5473 Egyptios
1470 5402 1762 5459 Sabelliani
1796 5403 2060 5460 diceban-

620 5482 751 5553 ante.
767 5472 1134 5544 Augustinum
1165 5472 1387 5529 in'libro
1412 5472 1490 5528 De
1520 5473 1733 5544 synodi:
1765 5476 2062 5546 scripserat

585 5556 842 5595 lallaSIIIS.

544 5550 842 5598 ιιιαηαείιιε.

564 5609 674 5684 (ῼ)
720 5613 884 5684 Τινρς
923 5614 1278 5684 Ὠριγένους.
1303 5611 1592 5684 ΙηῨΙιετοεί
1620 5612 1689 5669 65
1724 5611 1967 5677 Panarii.
1999 5631 2058 5670 se

490 5680 705 5754 nescire
729 5680 1333 5754 a_it-Epiplianius,num
1361 5683 1679 5754 Origeniani
1710 5686 1798 5738 isti
1828 5686 1895 5739 ab
1910 5687 2058 5739 Ada-

488 5748 696 5805 mantio
735 5748 967 5822 Origene
1014 5748 1487 5823 nuncupationem
1514 5755 1822 5825 acceperint
1871 5770 2051 5823 suam,

2174 4508 2618 4579 βλασφημοῦντες
2661 4510 2754 4563 καὶ
2802 4511 2891 4564 τὸν
2930 4514 2985 4565 ὲν
3037 4514 3171 4583 αὐτῇ
3212 4513 3520 4585 λαλήσαντα
3562 4515 3703 4570 Θεόν’

2169 4600 2372 4671 κόσμον
2403 4601 2460 4653 δὲ
2491 4602 2549 4654 οὐ
2571 4603 2660 4656 τὸν
2684 4604 2879 4667 πάντα,
2914 4605 3047 4659 ἀλλὰ
3065 4606 3229 4677 μέρος
3254 4608 3319 4660 ὲκ
3347 4608 3481 4661 Θεοῦ
3510 4609 3705 4679 γεγενῆ-

2170 4690 2295 4744 σθαι
2323 4693 2645 4763 ὁριζόμενοι.

2242 4786 2321 4838 l".
2363 4785 2738 4855 ’1ερακίται,οί
2770 4788 2877 4841 ἀπὸ
2922 4788 3156 4859 Ἱέρακος
3187 4789 3281 4844 τοῦ
3322 4793 3704 4847 Λεοντοπολίτον

2165 5070 2233 5127 an
2268 5054 2450 5127 potius
2490 5055 2558 5127 ab
2599 5055 2769 5110 altero
2806 5056 3048 5125 ejusdem
3092 5050 3329 5113 nominis
3382 5059 3611 5117 homine.
3639 5063 3702 5117 Ab

2166 5126 2399 5195 Origene
2430 5126 2770 5197 Adamantio
2818 5126 3170 5183 inverisimile
3232 5144 3462 5197 prorsus
3494 5132 3700 5187 declarat

2167 5197 2391 5320 insigne
2412 5196 2700 5251 discrimen
2732 5200 2873 5252 inter
2900 5213 3079 5253 mores
3110 5196 3275 5266 illius,
3300 5209 3353 5253 et
3381 5200 3605 5256 istorum
3627 5204 3702 5257 im-

2168 5282 2237 5320 Du
2284 5274 2479 5320 lCIllaS.

2207 5266 2479 5320 udicitias.

2168 5282 2799 5411 ?u_(04l§|)l_l?z.x_ouaritat.
2831 5335 2908 5411 Eo
2953 5337 3117 5411 etiam
3163 5340 3381 5395 nomine
3432 5342 3698 5411 appellatos

2172 5407 2342 5462 fuisse
2372 5405 2802 5483 bianichzeosab
2845 5409 2991 5483 Acua
3044 5406 3323 5483 Veterano
3346 5405 3597 5483 quodam,
3625 5413 3697 5483 qui

2167 5484 2285 5548 erat
2316 5492 2347 5532 e
2378 5477 2765 5548 MesOpotamia
2796 5478 3093 5548 profectus,
3123 5480 3288 5534 tradit
3314 5477 3377 5534 in'
3403 5479 3621 5535 l’anam
3639 5477 3696 5534 'ad

2166 5547 2311 5603 hunc
2364 5548 2543 5603 locum
2596 5547 2947 5618 Epiphanius.
2988 5550 3199 5603 Ancum
3244 5548 3571 5607 Veteranum
3612 5552 3693 5606 dici

2166 5618 2557 5689 interpretatur
2595 5616 2871 5682 Petavius,
2909 5620 3051 5688 quod
3099 5622 3286 5676 militia
3331 5623 3611 5678 defunctus
3634 5624 3693 5676 le.

2162 5689 2407 5761 gitimam
2440 5690 2754 5746 missionem
2787 5690 3102 5745 obtinuerit.
