3854 6310
89 280 196 335 869

1433 273 2097 334 ANACEPHALIEOSIS.

3272 290 3375 344 870

87 394 187 460 τῆς
220 394 508 461 Αἰγύπτου
538 391 806 463 ἐξηγητοῦ
834 393 1224 462 τινος,’σαρκὺς
1242 393 1537 448 ἀνάστασιν
1568 395 1689 449 ἀϐε-

1815 404 1948 452 :tore
1967 401 2203 468 quodam
2228 398 2570 472 LeontOpoli,
2590 402 2733 473 quod
2751 401 2966 475 [Egypti
2996 401 3251 473 oppidum
3269 415 3375 470 est,

88 484 345 547 τοῦντες,
384 484 658 554 χρώμενοι
680 483 736 535 δὲ
767 482 980 553 Παλαιᾷ
1001 484 1095 536 καὶ
1124 484 1240 555 Νέᾳ
1269 485 1694 557 Διαθήκῃ.ἀπα-

90 574 420 644 ⁴ίορεύοντες
469 573 525 626 δὲ
564 571 744 642 γάμον
791 570 1090 634 παντελῶς,
1142 571 1471 642 μονάζοντας
1516 573 1694 628 δὲκαὶ

91 663 402 734 παρθένους
452 663 546 715 καὶ
593 660 1096 732 ὲγκρατευομένους
1144 661 1424 732 δεχόμενοι
1464 663 1558 716 καὶ
1592 665 1690 734 χή-

90 775 242 827 ρους,
279 756 533 824 λέγοντες
571 753 641 806 τὰ
667 753 895 824 μηδέπω
935 753 993 804 ὲν
1024 751 1215 823 ἡλικίᾳ
1247 753 1516 829 γενόμενα
1565 772 1686 807 παιο

88 847 169 898 εἶα
196 847 213 877 ⁸
257 846 542 917 βασιλείας
583 845 641 897 δὲ
676 845 749 915 μὴ
780 844 1026 914 μετέχειν
1053 844 1238 912 ἔλεγον
1273 845 1398 908 τοὺς
1431 845 1506 916 μὴ
1539 845 1696 916 ἀθλή-

93 955 322 1000 σαντας.

157 1030 235 1082 Δ’.
274 1027 633 1098 Μελητιανοὶ,
661 1029 710 1079 οἱ
743 1029 800 1080 ὲν
831 1025 1096 1097 Αἰγύπτῳ
1131 1026 1340 1098 σχίσμα
1375 1027 1550 1090 ὅντες,
1579 1027 1693 1080 ἀλλ’

90 1117 188 1187 οὐχ
224 1118 464 1186 αἵρεσις,
497 1118 571 1188 μὴ
600 1117 987 1188 συνευξάμενοι
1019 1117 1129 1188 (44)
1151 1122 1263 1181 τοῖς
1287 1121 1345 1171 ὲν
1371 1119 1448 1190 τῷ
1470 1118 1694 1190 διωγμῷ

93 1208 592 1278 παραπεπτωκόσι,
619 1207 712 1262 νῦν
737 1208 792 1260 δὲ
842 1210 1140 1279 Ἀρειανοῖς
1167 1209 1550 1279 συναφθέντες.

159 1382 236 1434 E'.
287 1381 636 1453 ’Δρειανοὶ,οἱ
659 1381 750 1435 καὶ
782 1381 1208 1452 Ἀρειομανῖται,
1235 1381 1285 1434 οἱ
1311 1381 1402 1434 τὸν
1434 1381 1562 1434 Υίὸν
1597 1379 1694 1434 τοῦ

91 1473 225 1526 Θεοῦ
259 1474 477 1544 κτίσμα
509 1473 779 1542 λέγοντες,
818 1474 911 1526 καὶ
944 1473 1006 1524 τὸ
1035 1471 1262 1542 Πνεῦμα
1291 1472 1350 1525 τὸ
1385 1471 1538 1540 ἆγιον
1575 1472 1693 1524 κτί-

95 1583 205 1634 σμα
261 1565 589 1634 κτίσματος.
642 1564 833 1635 Σὰρκα
881 1564 1043 1635 μόνον
1077 1563 1169 1616 τὸν
1199 1563 1428 1634 Σωτῆρα
1461 1562 1695 1632 Χριστὸν

95 1658 200 1711 ἀπὸ
217 1659 450 1729 Μαρίας
472 1658 753 1729 εἰληφέναι
783 1656 1256 1726 διαϐεϐαιούμενοι
1290 1658 1383 1708 καὶ
1413 1657 1472 1709 οὺ
1491 1655 1689 1725 ψυχήν.

1797 489 2048 543 oriundo.
2085 489 2188 556 Qui
2223 494 2680 548 resurrectionem
2718 495 2899 552 carnis
2934 494 3162 564 respuit.
3197 493 3375 550 Utun—

1808 587 1896 632 tur
1925 580 2000 634 illi
2030 578 2211 635 Veteri
2243 596 2307 635 ac
2339 580 2490 636 Novo
2516 581 2883 640 Testamento.
2919 584 3134 653 Nuptiis
3159 584 3376 654 penitus

1796 669 2152 726 interdicunt.
2186 672 2481 728 Monachus
2504 681 2556 728 et
2584 675 2825 746 virgines
2849 683 2902 730 et
2936 675 3280 745 continentes
3313 691 3375 728 ac

1796 760 1993 818 viduos
2043 763 2374 828 admittunt;
2424 780 2628 843 pueros
2677 773 2887 819 matura
2931 766 3172 820 nondum
3219 765 3385 821 aetate

1797 852 1948 921 regni
1975 854 2216 908 celestis
2241 855 2532 925 participes
2558 871 2679 911 esse
2706 866 2925 927 negant,
2953 857 3099 927 quod
3133 858 3375 911 nondum

1797 944 2095 998 certamine
2131 945 2398 1014 perfuncti
2437 954 2586 1001 sunt.

1866 1032 1957 1088 ιν.
1999 1035 2290 1103 Meletiani,
2321 1036 2631 1093 schismatis
2656 1036 2710 1091 in
2744 1036 2982 1110 Egypto
3011 1053 3120 1094 non
3155 1038 3379 1094 haeresis

1797 1125 1977 1179 locum
2011 1125 2280 1180 obtinent.
2319 1127 2420 1194 Qui
2448 1143 2572 1182 cum
2605 1128 2713 1183 illis
2742 1145 2966 1199 precum
2991 1129 3378 1186 communione

1809 1217 2068 1288 conjungi
2102 1219 2415 1282 noluerunt,
2445 1218 2536 1288 qui
2573 1219 2627 1272 in
2659 1219 3042 1289 perSecutione
3062 1219 3202 1290 lapsi
3229 1231 3378 1284 sunt,

1797 1321 1946 1362 nunc
1971 1323 2030 1364 se
2059 1308 2125 1362 ad
2153 1309 2384 1363 Arianos
2404 1317 2787 1380 aggregarunt.

1883 1396 1951 1452 ν.
1992 1399 2326 1463 Ariani,sive
2355 1399 2706 1455 Ariomanitac
2733 1400 2826 1455 Dei
2850 1399 3046 1459 Filium
3075 1408 3379 1456 creaturam

1799 1505 1923 1546 esse
1957 1490 2169 1554 dicunt,
2215 1489 2479 1561 Spiritum
2519 1508 2647 1546 vero
2687 1500 2934 1548 sanctum
2967 1501 3231 1550 creatura:
3259 1511 3381 1549 esse

1802 1589 2134 1646 creaturam,
2169 1580 2503 1638 Salvatorem
2533 1593 2780 1638 nostrum
2809 1599 3028 1639 carnem
3060 1585 3324 1640 duntaxat
3349 1603 3376 1636 τι

1801 1669 1992 1738 Maria,
2017 1686 2124 1725 non
2161 1673 2395 1726 animam
2433 1675 2710 1744 accepisse
2740 1674 3088 1730 conﬁrmant.
3121 1674 3245 1730 Fuit
3293 1677 3381 1730 hic

93 1745 198 1802 Ἦν
246 1749 309 1802 δὲ
365 1741 522 1812 οὗτος
563 1752 592 1803 ό
625 1750 844 1820 Ἀρειος
874 1747 1246 1819 πρεσϐύτερος
1291 1748 1390 1818 τῆς
1442 1748 1689 1813 Ἀλεξαν-

1815 1761 1964 1816 ὶι-ίυε
1988 1762 2242 1817 Ecclesia:
2275 1739 2655 1818 Alexandrinae
2685 1766 2992 1837 presbyter.

91 1841 261 1911 ὁρέων
304 1841 661 1912 Ἐκκλησίας.

159 1932 314 2003 Αὕτη
354 1935 390 2004 ἡ
438 1933 531 1986 τοῦ
583 1933 838 2006 δευτέρου
867 1935 1073 2005 βιϐλίου
1119 1933 1211 1987 τοῦ
1244 1933 1494 2005 δευτέρου
1526 1933 1690 2003 τόμου

95 2027 353 2095 πέμπτου
386 2027 442 2079 δὲ
487 2027 746 2098 ἁπαρχῆς
790 2029 890 2098 τῆς
929 2026 1254 2090 ἀκολουθίας
1291 2027 1465 2092 ὄντος,
1505 2027 1695 2078 ἀνακε-

97 2118 404 2185 φαλαίωσις
424 2118 689 2187 αἱρέσεων
728 2118 910 2173 πέντε.

174 2343 264 2396 Ἐν
290 2342 355 2396 δὲ
391 2341 468 2411 τῷ
509 2340 710 2412 πρώτῳ
746 2341 898 2412 τόμῳ
933 2340 1028 2394 τοῦ
1058 2341 1241 2412 τρίτου
1283 2340 1511 2410 βιϐλίου,
1547 2337 1690 2408 ἕκτῳ

95 2433 150 2487 δὲ
176 2434 295 2487 όντι
322 2433 447 2486 καθ’
469 2433 527 2485 ὃν
551 2433 889 2504 προείπομεν
921 2433 1177 2505 ἀριθμὸν,
1213 2433 1356 2488 ἑπτά
1384 2436 1518 2485 εἰσιν
1549 2430 1694 2502 αἱρέ-

98 2540 208 2588 σεις
243 2524 349 2577 σὺν
380 2525 497 2586 τοῖς
535 2523 849 2594 σχίσμασιν,
881 2523 1053 2587 οὕτως
1079 2541 1092 2553 ο

156 2618 238 2670 A'.
265 2615 550 2678 Αὑδιανοὶ,
599 2615 946 2685 ἀφηνιασμὸς
993 2615 1088 2669 καὶ
1127 2615 1353 2686 σχίσμα,
1385 2615 1445 2667 οὐ
1475 2615 1573 2685 μέν
1608 2630 1690 2667 τοι

98 2708 331 2778 αἵρεσις.
368 2702 527 2760 Οὗτοι
567 2706 666 2776 μὲν
695 2706 971 2778 διαγωγὴν
999 2707 1093 2760 καὶ
1127 2707 1238 2777 βίον
1267 2702 1326 2761 εὖ
1359 2705 1691 2776 τεταγμένον

100 2801 420 2871 κέκτηνται.
483 2798 606 2851 Elui.
643 2797 702 2851 δὲ
749 2797 892 2851 κατὰ
931 2797 1110 2851 πάντα
1138 2800 1236 2869 τὴν
1267 2798 1447 2852 πίστιν
1478 2796 1692 2866 ἔχοντες

99 2894 170 2957 ὡς
213 2897 246 2964 ἡ
309 2891 577 2962 καθολικὴ
633 2891 963 2962 Ἐκκλησία,
1017 2892 1406 2962 μοναστηρίοις
1449 2892 1470 2923 ⁸
1518 2890 1574 2943 δὲ
1640 2892 1690 2945 οἱ

104 2986 317 3048 πλείους
366 2982 715 3038 κατοικοῦσι.
764 2983 1076 3053 Κέχρηνται
1113 2983 1170 3037 δὲ
1204 2985 1298 3036 καὶ
1351 2982 1690 3055 ἀποκρύφους
1720 2999 1764 3058 c

105 3077 318 3139 πολλοῖς
343 3074 686 3146 κατακόρως.
729 3057 804 3126 όύ
843 3073 1193 3144 συνεύχονται
1223 3073 1281 3127 δὲ
1317 3074 1469 3144 ἡμῖν,
1501 3073 1694 3142 ψέγον-

103 3186 187 3230 τες
209 3169 345 3230 τοὺς
375 3169 506 3236 παρ’
533 3168 665 3236 ἡμῖν
691 3165 1352 3233 ἐπισκόπους,πλουσίους
1378 3165 1692 3230 καλοῦντες,

103 3256 191 3308 καὶ
210 3255 432 3318 ἄλλους.
470 3252 764 3307 Ποιοῦσιδὲ
795 3254 890 3308 καὶ
931 3254 994 3307 τὸ
1017 3255 1208 3326 Πάσχα
1239 3254 1568 3320 ἰδιαζόντως,
1605 3257 1693 3309 ὅτε

117 3345 356 3399 Ἰουδαῖοι
382 3343 651 3399 ποιοῦσιν.
686 3344 910 3414 Ἔχουσι
943 3344 1000 3397 δὲ
1044 3343 1308 3398 ἰδιωτικόν
1337 3363 1388 3397 τι
1425 3346 1518 3399 καὶ
1546 3345 1694 3414 φιλό-

103 3452 300 3502 νεικον,
340 3435 616 3507 ξηρότατα
645 3433 707 3487 τὸ
744 3437 870 3489 κατ’
898 3437 1102 3488 εἰκόνα
1135 3435 1528 3508 ἑρμηνεύοντες
1557 3437 1689 3506 (45).

171 3707 248 3762 B'.
302 3704 708 3758 Φωτεινιανοίδ.
735 3698 902 3768 Οὗτος
951 3704 979 3755 ὁ
1014 3705 1276 3768 Φωτεινὸς
1312 3705 1419 3758 ἀπὸ
1466 3706 1692 3778 Σιρμίου

109 3799 394 3871 ὑπάρχων,
417 3797 496 3851 ἔτι
535 3796 631 3850 καὶ
661 3796 820 3868 δεῦρο
856 3796 1082 3867 περιὼν,
1116 3796 1184 3850 τὰ
1209 3798 1370 3868 ὃμοια
1398 3798 1593 3869 Παύλῳ
1620 3798 1696 3870 τῷ

109 3890 420 3960 Σαμοσατεῖ
456 3887 746 3958 ἐφρόνησε.
783 3889 893 3941 Καὶ
921 3887 1082 3952 αὐτὸς
1106 3885 1161 3942 δὲ
1203 3888 1312 3942 ἀπὸ
1348 3890 1567 3962 Μαρίας
1604 3891 1694 3943 καὶ

107 3981 262 4054 δεῦρο
283 3980 378 4033 τὸν
399 3979 634 4051 Χριστὸν
657 3977 1090 4034 διαϐεϐαιοῦται.

174 4159 248 4212 l".
300 4158 730 4229 Μαρκελλιανοὶ,
784 4159 892 4212 ἀπὸ
945 4159 1271 4231 Μαρκέλλου
1302 4158 1412 4230 (46)
1455 4159 1548 4213 τοῦ
1589 4161 1697 4214 ἀπὸ

121 4250 396 4320 ’Δγκύρας
419 4250 520 4321 τῆς
545 4250 834 4315 Γαλατίας.
859 4243 1028 4313 Οὗτος
1063 4254 1120 4304 ὲν
1154 4252 1296 4322 ἀρχῇ
1339 4253 1696 4324 παραπλήσια

1866 1933 1991 1990 "me
2029 1942 2110 1989 est
2159 1935 2399 2006 quinque
2430 1937 2710 1992 hrcreseon
2749 1954 2982 2004 summa,
3025 1956 3145 2010 quae
3184 1941 3236 1996 in
3275 1942 3378 1996 hoc

1796 2042 1832 2080 II
1872 2035 2020 2081 tomo
2061 2027 2186 2081 libri
2218 2044 2278 2091 ιι,
2318 2031 2431 2083 sive
2461 2030 2654 2085 ordine
2685 2048 2713 2082 ν
2753 2031 3130 2086 continentur.

1221 2216 1606 2278 HZERESES
1645 2209 1851 2275 TOMI
1883 2208 1910 2268 Ι
1942 2207 2156 2268 LIBRI
2188 2207 2299 2268 III.

1862 2328 1931 2382 At
1961 2329 2015 2383 in
2051 2328 2233 2399 priore
2269 2335 2414 2382 tomo
2443 2328 2567 2384 libri
2606 2330 2772 2396 tertii,
2809 2331 2926 2386 sive
2955 2331 3146 2387 ordine
3183 2341 3359 2398 sexto,

1801 2419 2102 2474 secundum
2135 2418 2449 2472 institutum
2481 2433 2511 2472 a
2540 2421 2699 2474 nobis
2729 2421 2999 2490 ordinem,
3027 2430 3234 2492 septem
3259 2423 3378 2479 hae-

1801 2527 1955 2566 reses
1984 2511 2336 2566 continentur
2364 2527 2487 2565 cum
2518 2513 2911 2569 schismatibus
2939 2533 2951 2568 :

1865 2601 1906 2657 Ι.
1949 2603 2320 2657 Audianorum
2365 2602 2581 2673 proprie
2623 2603 2862 2659 schisma
2898 2620 2960 2659 ac
2984 2607 3237 2676 defectio,
3268 2621 3378 2660 non

1794 2692 2040 2748 hmresis.
2093 2690 2300 2745 Horum
2353 2692 2488 2747 bene
2510 2693 2760 2748 instituta
2796 2694 3008 2749 vivendi
3054 2696 3194 2748 ratio
3243 2703 3368 2751 est:

1793 2781 1890 2838 sed
1933 2798 2106 2852 neque
2147 2784 2292 2853 quod
2338 2783 2407 2836 ad
2446 2781 2606 2838 ﬁdem
2637 2784 2861 2847 attinet,
2899 2785 2966 2838 ab
3006 2783 3250 2840 Ecclesia
3280 2799 3374 2840 cao

1794 2874 1995 2928 tholiea
2046 2874 2398 2929 dissentiunt.
2458 2875 2715 2930 Habitant
2764 2875 2956 2944 majori
3010 2891 3078 2930 ex
3114 2885 3266 2945 parte
3321 2877 3378 2930 in

1795 2967 2162 3022 monasteriis.
2212 2965 2407 3037 Magna
2444 2975 2527 3022 est
2575 2967 2718 3036 apud
2766 2967 2887 3023 illos
2938 2969 3371 3040 apocryphorum

1798 3058 2059 3112 librorum
2085 3059 2259 3128 c0pia.
2289 3059 2619 3114 Communes
2643 3059 2929 3114 nobiscum
2959 3060 3236 3115 orationes
3260 3075 3371 3114 non

1798 3150 2020 3216 habent,
2059 3153 2435 3222 vituperantes
2481 3152 2771 3222 episcopos
2817 3161 3034 3206 nostros
3065 3153 3376 3222 divitesque

1797 3243 2154 3313 appellantes,
2192 3252 2246 3298 et
2275 3244 2432 3323 alios.
2464 3243 2606 3309 Quin
2665 3244 2828 3298 etiam
2867 3242 3077 3299 Pascha
3125 3243 3379 3313 privatim

1797 3335 1988 3391 eodem
2030 3351 2139 3406 quo
2177 3334 2348 3391 Judtei
2390 3346 2632 3406 tempore
2667 3336 2964 3390 celebrant.
3004 3334 3100 3389 Est
3136 3343 3191 3390 et
3219 3335 3380 3405 quiil-

1797 3423 1920 3477 dam
1964 3426 2240 3494 peculiare
2277 3427 2432 3495 ipsis,
2465 3425 2610 3496 quod
2656 3425 2956 3480 defendunt
2996 3441 3209 3479 summa
3240 3441 3377 3480 cou-

1798 3518 2040 3573 tentione
2065 3537 2077 3572 :
2107 3519 2310 3588 quippe
2339 3518 2470 3572 illud
2514 3517 2658 3586 quod
2693 3519 2956 3588 scriptum
2986 3528 3070 3572 est
3097 3517 3166 3570 ad
3194 3519 3379 3587 imagi-

1798 3625 1935 3673 nem,
1965 3610 2159 3665 durius
2186 3611 2639 3680 interpretantur.

1868 3700 1932 3755 ll.
1976 3702 2306 3757 [’hotiniani.
2341 3702 2609 3759 Photinus
2640 3704 2742 3759 iste
2785 3701 2988 3757 Sirmio
3017 3703 3286 3758 oriundus
3315 3703 3382 3757 ad

1797 3794 2126 3849 hodiernum
2172 3812 2345 3866 usque
2383 3805 2601 3868 tempus
2652 3805 2958 3868 supererat.
3011 3797 3112 3864 Qui
3159 3798 3382 3868 quidem

1798 3888 2109 3941 consimilia
2140 3886 2311 3942 Paulo
2341 3888 2699 3946 Samosateno
2721 3892 2888 3946 sentit
2918 3911 2929 3946 :
2956 3893 3222 3946 nonnulla
3255 3904 3384 3948 sunt

1797 3986 1981 4033 tamen
2020 3979 2075 4034 in
2120 3980 2320 4049 quibus
2349 3981 2416 4034 ab
2447 3982 2634 4036 eodem
2671 3982 2922 4038 dissidet.
2957 3983 3099 4038 Idem
3148 4000 3178 4040 e
3217 3985 3384 4040 Maria

1797 4067 2076 4123 Christum
2111 4069 2326 4122 initium
2356 4071 2576 4139 penitus
2606 4071 2885 4140 accepisse
2915 4081 3084 4141 putat.

1873 4160 1916 4226 ι
1929 4158 2080 4228 131
2102 4157 2186 4210 Ill.
2205 4158 2557 4212 Marcelliani.
2578 4159 2782 4214 Horum
2797 4160 3081 4216 Marcellus
3096 4169 3285 4215 auctor
3296 4177 3386 4218 ex-

1800 4251 1956 4309 stitit.
1973 4253 2202 4320 Ancyrae
2220 4250 2272 4304 in
2294 4249 2500 4303 Galatia
2519 4253 2825 4322 episcopus.
2843 4251 2946 4318 Qui
2968 4267 3089 4307 cum
3111 4253 3266 4308 initio
3286 4270 3384 4325 pro

111 4341 388 4412 Σαϐελλίῳ
433 4342 730 4412 φρονήσας,
768 4341 1122 4412 διεφημίσθη.
1165 4343 1262 4404 Είς
1310 4341 1606 4428 ἀπολογίας
1645 4343 1689 4396 δὲ

1815 4343 2119 4398 Sabelliano
2147 4343 2420 4398 communi
2457 4342 2596 4397 fama
2627 4344 2915 4401 traductus
2941 4354 3109 4412 esset,
3135 4339 3230 4396 sed
3243 4340 3389 4412 seip-

174 4503 190 4533 ¹
219 4501 536 4570 Corruptus
567 4499 741 4554 locus.
818 4502 838 4531 ³
863 4499 992 4554 Cor.
1025 4500 1377 4572 μοναστήρια.
1447 4500 1469 4530 ³
1497 4502 1689 4570 γρ.Φω

1815 4499 1868 4554 κοί
1904 4508 1958 4556 et
1983 4499 2204 4565 Φώτιος.

179 4616 295 4688 (44)
323 4613 424 4682 Μὴ
447 4613 910 4688 συνευξάμενοι,
936 4623 1043 4688 etc.
1073 4615 1343 4688 Meletinm
1377 4615 1429 4669 in
1462 4614 1700 4688 {Egypto

113 4684 432 4758 episcopum
463 4701 495 4738 a
526 4684 688 4758 Petro
722 4686 1092 4742 Alexandrino
1134 4686 1428 4758 schismate
1461 4684 1620 4740 facto
1634 4703 1696 4743 se

116 4756 445 4828 sejunxisse,
473 4756 622 4828 quod
634 4756 813 4828 lapsos
831 4758 882 4809 in
909 4758 1285 4826 persecutione
1315 4756 1554 4828 recipere
1574 4772 1696 4812 cum

117 4824 202 4884 illo
233 4824 538 4888 tenuisset,
573 4825 660 4896 hic
684 4824 923 4889 indit-nt,
949 4829 1197 4896 pluribus
1226 4829 1277 4880 in
1307 4824 1546 4880 Penuria
1574 4843 1701 4881 nar-

119 4908 195 4953 rat
215 4897 584 4968 Epiphanius.
604 4893 767 4968 Quod
796 4906 852 4949 ut
879 4893 1064 4952 minus
1089 4912 1275 4952 verum
1302 4911 1332 4949 a
1359 4897 1492 4968 viris
1521 4897 1700 4953 doctis

119 4969 387 5040 rejicitur,
419 4978 536 5040 tum
563 4967 634 5040 ob
651 4967 719 5040 VS.
750 4967 1034 5040 Athanasii
1063 4968 1116 5022 in
1144 4967 1404 5040 Apologia
1437 4982 1476 5020 ιι
1500 4977 1700 5040 μυριο-

118 5036 355 5096 ritatem.
401 5038 493 5091 ubi
523 5037 860 5108 rschismatis
913 5039 1060 5094 illius
1119 5036 1389 5108 originem
1430 5036 1598 5094 refert
1629 5040 1697 5094 ad

117 5111 300 5165 odium
333 5107 532 5180 Meletii
563 5108 614 5180 in
645 5105 866 5180 Petrum
901 5105 1354 5172 Alexandrinum,
1391 5125 1421 5161 a
1449 5125 1563 5180 quo
1590 5112 1702 5180 epi-

118 5180 320 5251 ιοορειὶ
355 5179 528 5251 gradu
551 5175 748 5251 fuerat
780 5179 1026 5248 dejectus
1067 5180 1138 5251 ob
1173 5175 1515 5236 intolerabile
1563 5175 1700 5236 faci-

120 5247 225 5307 nus'
249 5265 281 5303 a
324 5247 387 5304 se
418 5247 721 5320 admissum
750 5267 766 5314 ;
805 5247 1187 5320 persecutione
1213 5251 1357 5307 enim
1388 5261 1702 5319 superatus,

118 5323 411 5391 episc0pus
444 5319 587 5391 licet,
621 5319 781 5391 idolis
808 5319 1212 5378 Sacr-incaverat
1240 5341 1254 5378 :
1285 5329 1400 5374 tum
1437 5320 1602 5376 etiam
1634 5322 1704 5376 ob

121 5389 409 5446 manifesta
449 5389 704 5443 falsitatis
739 5391 939 5444 iudicia
973 5407 1094 5460 quae
1121 5399 1422 5449 occurrunt
1455 5392 1511 5446 in
1537 5391 1704 5448 Mele-

123 5463 248 5516 tiani
291 5462 612 5517 schismatis
631 5461 800 5526 Actis,
828 5477 893 5516 ex
925 5462 1124 5531 quibus
1145 5479 1301 5518 suam
1333 5461 1480 5516 illam
1513 5478 1706 5517 narra—

123 5535 322 5586 tionem
366 5533 746 5599 desumpseral
795 5531 1152 5602 Epiphanius.
1187 5533 1358 5587 Porro
1391 5534 1491 5586 hac
1543 5535 1596 5588 in
1649 5550 1706 5589 re

122 5618 335 5657 oninem
387 5619 510 5658 esse
541 5604 842 5658 Athanasio
877 5605 1240 5658 adhibendam
1281 5603 1438 5657 [idem
1469 5605 1707 5658 clamant

129 5688 190 5722 m-
212 5683 280 5726 tze
325 5673 556 5727 rationis
587 5674 732 5743 leges
770 5673 1150 5730 omnes.‘Vidc
1180 5675 1471 5731 Baronium
1513 5678 1581 5728 ad
1609 5691 1707 5729 an-

131 5758 251 5797 num
284 5746 414 5809 506,
451 5754 502 5798 et
531 5761 682 5799 num.
715 5745 804 5812 44,
831 5754 883 5800 ct
914 5747 1034 5800 aliis
1069 5745 1192 5801 inde
1219 5743 1595 5817 sequentibus.

1881 4616 1991 4688 (55)
2022 4616 2327 4685 Ξηρότατα
2378 4615 2444 4670 τὸ
2480 4619 2624 4688 κατ’
2665 4619 2870 4672 εἰκόνα
2932 4618 3384 4688 ἑρμηνεύοντες,

1806 4687 2096 4759 referendo
2127 4688 2382 4759 nimirum
2426 4687 2493 4740 ad
2524 4689 2760 4746 hominis
2798 4704 3000 4759 corpus
3044 4687 3178 4742 illud
3209 4687 3387 4745 Geneo

1808 4774 1956 4830 sees,
1985 4756 2276 4810 Faciamus
2319 4758 2579 4830 hominem
2609 4760 2678 4814 ad
2709 4756 2997 4830 imaginem
3051 4767 3101 4830 et
3129 4760 3386 4830 similitu-

1807 4828 1980 4882 dinem
2029 4839 2264 4882 nostram
2298 4827 2450 4899 (Gen.
2491 4846 2530 4896 ι,
2563 4830 2678 4900 26).
2720 4827 2994 4886 Vitlendus
3049 4829 3385 4900 Epiphanius

1808 4897 1863 4951 in
1893 4898 2150 4951 Panario.

1808 4914 1863 4952 Ill
1893 4914 2150 4953 ranarw.

1881 4970 1994 5039 (46)
2043 4969 2183 5023 Ἀπὸ
2214 4969 2592 5038 Μαρκέλλου.
2629 4969 2920 5024 Marcellus
2957 4970 3046 5022 ille
3071 4968 3126 5022 in
3155 4968 3386 5024 historia

1806 5037 2068 5096 Ecclesia:
2098 5039 2353 5110 celebris,
2405 5042 2472 5095 de
2504 5041 2666 5110 cujus
2705 5048 2854 5095 recta
2888 5039 3152 5109 religione
3187 5039 3388 5094 dubius

1810 5111 1897 5164 hic
1936 5112 2104 5166 lueret
2147 5107 2506 5178 Epiphanius,
2535 5107 2820 5178 postquam
2855 5126 2962 5164 non
2996 5107 3155 5164 'satis
3201 5116 3387 5164 certus

1807 5180 1875 5234 de
1895 5182 2083 5236 eadem
2112 5195 2172 5233 se
2203 5180 2525 5234 exhibuerat
2561 5180 2613 5234 in
2662 5178 2938 5236 Pauario:
2968 5178 3276 5242 Marcellus,
3303 5179 3390 5233 in-

1807 5266 1996 5321 quam,
2042 5251 2132 5304 ille
2174 5249 2388 5304 violatze
2422 5265 2594 5306 sacra:
2615 5251 2883 5321 doctrinae
2926 5252 2980 5321 in
3021 5249 3388 5321 suspicionem

1807 5323 2056 5390 pluribus
2093 5321 2238 5373 venit
2285 5321 2358 5375 ob
2385 5336 2446 5374 ea
2493 5336 2615 5390 qua:
2663 5320 2884 5389 scripsit
2919 5320 3186 5374 adversus
3233 5320 3390 5374 malae

1806 5391 2005 5446 indolis
2063 5391 2357 5452 hominem,
2411 5391 2687 5446 Asterium
2753 5391 2928 5459 patria
2987 5390 3386 5459 Cappadocem,

1809 5461 2514 5544 professionesophistam,
2561 5477 2629 5544 ex
2669 5460 2955 5544 idololatra
2989 5460 3386 5544 'Christiauunn,

1808 5530 1864 5586 in
1897 5530 2278 5603 persecutione
2308 5531 2519 5602 lapsum
2542 5542 2595 5588 et
2621 5538 2949 5600 apostatam,
2972 5531 3208 5600 denique
3234 5531 3388 5603 Aria-

1813 5601 1978 5668 nuiu;
2012 5604 2104 5673 qui
2139 5601 2514 5673 adversarium
2542 5620 2701 5658 suum
2737 5618 2833 5657 seu
2873 5603 3092 5657 Sabellii
3124 5601 3390 5658 asseclam

1815 5671 2384 5746 scriptotraduxerat.
