3810 6216
469 292 567 350 UH

1876 280 1936 335 S.
1979 278 2319 336 EPlPllANll
3529 295 3541 303 '
3633 284 3716 339 δη

480 424 601 464 sum
618 409 778 465 etiam
793 408 996 484 scripto
1008 420 1378 480 saepenumero
1396 408 1695 476 purgasset,
1708 417 1737 455 a
1774 399 2035 472 plerisque

2157 400 2409 463 πολλάκις
2445 397 2613 453 ἐλθὼν
2635 397 2771 471 (67),
2799 399 2895 453 καὶ
2919 398 3213 471 ἐγγράφως
3241 399 3718 470 ἀπολογισάμενος.

474 510 659 555 tamen
704 497 973 554 creditum
1019 503 1105 551 est
1151 494 1220 549 ad
1268 493 1488 550 easdem
1534 492 1713 564 ipsum
1759 492 2045 561 opiniones

465 589 859 645 adhaerescere.
892 586 1034 643 Fieri
1063 593 1243 657 potest
1278 592 1337 640 ut
1376 584 1462 639 vel
1506 583 1627 654 ipse
1666 589 1876 637 mutata
1919 597 2045 637 sen-

465 682 635 736 tentia
676 680 958 736 meliorem
990 679 1058 733 ad
1100 686 1339 734 mentem
1391 692 1515 733 sese
1557 677 1919 739 revocaverit,
1961 674 2045 733 vel

460 773 583 841 ejus
611 770 865 841 discipuli
893 789 907 825 :
934 786 1059 825 nam
1093 784 1190 841 pro
1221 769 1315 823 illo
1358 768 1590 838 ejusque
1642 766 1931 838 discipulis
1962 781 2047 821 or-

463 861 689 916 thodoxi
726 859 952 932 quidam
988 874 1109 915 sese
1140 857 1461 913 defensores
1497 858 1971 929 interposuerunt.

423 978 441 1024 ι
532 951 624 1007 ιν.
669 948 1308 1013 Semiariani,Christum
1337 948 1417 1003 illi
1448 958 1756 1004 creaturam
1816 963 1938 1004 esse
1966 947 2048 1003 di-

461 1050 615 1108 cunt,
648 1041 743 1097 sed
767 1039 1076 1096 cavillando
1107 1048 1287 1095 tamen
1316 1050 1515 1111 negant
1538 1049 1861 1095 czeterarum
1887 1054 2047 1093 crea-

463 1142 715 1188 turarum
754 1147 878 1188 esse
899 1130 1131 1186 similem
1160 1147 1173 1183 :
1199 1130 1293 1189 sed
1322 1130 1540 1195 Filium,
1578 1130 1849 1200 inquiunt,
1891 1130 2046 1184 illum

458 1222 729 1287 dicimus;
766 1236 957 1276 verum
989 1235 1058 1275 ne
1087 1235 1153 1274 ex
1183 1223 1535 1290 generatione
1563 1220 1680 1291 ipsa
1711 1222 1821 1276 ulla
1856 1221 1911 1274 in
1944 1219 2048 1273 Pa-

458 1322 598 1371 trem
642 1314 855 1370 all‘ectio
896 1313 1205 1376 derivetur,
1243 1313 1495 1368 eumdem
1541 1319 1790 1368 creatum
1821 1311 2048 1367 conﬁte-

460 1423 605 1462 mur.
637 1405 804 1460 lidcm
831 1415 885 1460 et
911 1404 1175 1477 Spiritum
1201 1412 1452 1461 sanctum
1480 1404 1706 1459 omnino
1738 1410 2047 1458 creaturam

458 1514 584 1555 esse
616 1497 903 1553 deliniunt.
946 1498 1193 1568 Cumque
1237 1497 1547 1568 ὁμοούσιον,
1598 1496 1652 1550 id
1698 1504 1779 1552 est
1815 1497 2043 1550 consub-

460 1587 768 1644 stantialem
826 1601 855 1639 a
899 1585 1040 1641 Filio
1096 1588 1405 1658 repudieut,
1452 1586 1781 1657 ὁμοιούσιον,
1829 1586 1934 1641 hoc
1964 1594 2047 1642 est

460 1678 759 1733 substantia
795 1678 1020 1732 similent
1060 1679 1374 1733 admittunt.
1412 1678 1568 1745 Quod
1626 1678 1805 1749 ipsum
1864 1685 2045 1733 tamen

459 1769 771 1841 ὁμοιοῦσιον
807 1768 1029 1839 quidam
1068 1784 1131 1825 ex
1167 1769 1274 1825 illis
1308 1776 1596 1840 respuunt.

533 1860 599 1917 ν.
640 1860 1142 1917 Pneumatomachi.
1200 1860 1275 1916 De
1324 1861 1542 1917 Christo
1599 1860 1689 1916 isti
1750 1874 1861 1916 non
1909 1859 2050 1915 male

463 1955 728 2019 sentiunt,
766 1953 862 2010 sed
897 1954 953 2009 in
984 1952 1245 2023 Spiritum
1289 1960 1541 2009 sanctum
1587 1953 1947 2008 contumelias
1972 1952 2054 2022 jav

460 2046 637 2108 ciunt,
674 2060 801 2099 cum
841 2052 896 2099 et
924 2052 1170 2099 creatum
1213 2050 1551 2105 asseverent,
1589 2050 1642 2098 et
1688 2058 1717 2095 a
1760 2042 2052 2098 divinitate

460 2136 716 2209 rejiciant
749 2158 762 2193 :
794 2138 903 2192 imo
928 2152 1061 2192 vero
1093 2136 1359 2191 abusione
1391 2135 1626 2205 quadam
1652 2136 1802 2190 vocis
1831 2143 2052 2207 propter

463 2230 738 2285 actionem
791 2230 964 2299 ipsam
1014 2235 1260 2282 creatum
1307 2242 1430 2281 esse
1477 2226 1694 2291 dicant,
1747 2242 1847 2281 nec
1900 2224 2050 2281 aliud

462 2337 586 2377 esse
616 2320 917 2392 quidquam
956 2326 1155 2390 praeter
1187 2319 1295 2373 vim
1333 2317 1734 2372 sanctiﬁcandi.

536 2411 627 2467 Vl.
667 2412 910 2469 Aeriani.
953 2412 1145 2466 Acrius
1180 2426 1210 2465 e
1248 2408 1422 2465 Ponto
1460 2409 1751 2474 oriundus,
1784 2408 2052 2479 hodieque

463 2518 659 2576 magna
695 2503 920 2559 humani
944 2503 1161 2573 generis
1191 2502 1503 2557 calamitate
1531 2510 1805 2572 superest.
1842 2498 2047 2555 Fuerat
2074 2512 2079 2517 ·

462 2596 594 2652 olim
630 2593 902 2651 Eustathii
932 2593 1177 2665 episcopi
1218 2594 1312 2664 qui
1344 2593 1535 2649 Ariani
1568 2592 1774 2649 erroris
1817 2592 2053 2647 insimu-

463 2688 608 2745 latus
643 2704 708 2744 ac
735 2687 1019 2759 depositus
1044 2693 1149 2752 est,
1179 2686 1467 2757 presbyter
1494 2702 1508 2739 :
1535 2682 1813 2756 qui,quod
1844 2682 2054 2753 episco-

462 2797 567 2853 pus
588 2796 687 2853 pro
707 2779 996 2836 Eustathio
1019 2786 1237 2834 creatus
1264 2793 1373 2833 non
1402 2787 1570 2841 esset,
1596 2777 1765 2831 multa
1789 2775 2053 2830 adversus

460 2872 790 2928 catholicam
830 2869 1134 2927 Ecclesiam
1163 2870 1414 2940 dogmata
1452 2876 1799 2924 commentus
1838 2876 1961 2922 est:
1988 2880 2053 2921 ac

461 2964 609 3037 quod
644 2963 713 3019 ad
746 2962 906 3018 fidem
936 2964 1150 3027 attinet,
1192 2976 1490 3034 germanus
1524 2961 1638 3015 Arii
1674 2966 1913 3015 sectator
1941 2966 2049 3026 est;

416 3098 418 3102 ν
463 3054 559 3112 sed
608 3054 846 3125 amplius
902 3052 1164 3124 quiddam
1228 3051 1541 3122 profitetur,
1592 3050 1897 3106 oblationes
1954 3064 2052 3121 pro

2144 492 2299 564 παρὰ
2358 489 2571 545 πολλῶν
2622 491 2737 553 τοῖς
2787 490 2974 553 αὐτοῖς
3033 490 3294 561 ἐμμένειν
3355 491 3719 561 κατηγορήθη.

2148 585 2307 647 Ἴσως
2356 582 2411 636 δὲ
2449 581 2749 652 μεταγνοὺς
2801 580 2941 652 τάχα
2979 580 3168 633 ἑαυτὸν
3197 579 3581 650 διωρθώσατο,
3614 581 3646 651 ἦ
3684 586 3725 633 οἱ

2145 672 2311 731 αὐτοῦ
2339 673 2599 746 μαθηταί.
2630 672 2805 744 ’Υπὲρ
2834 671 2999 725 αὐτοῦ
3040 670 3150 744 γὰρ
3184 672 3281 725 καὶ
3324 672 3477 742 ὑπὲρ
3509 672 3620 724 τῶν
3648 675 3727 726 αὒ-

2145 766 2240 821 τοῦ
2288 766 2545 839 μαθητῶν
2600 763 2871 838 ὁρθόδοξοί
2898 780 3043 829 τινες
3075 762 3187 835 (48)
3231 763 3423 833 μέσως
3469 764 3730 834 ὑπεραπο-

2145 860 2451 931 λογοῦνται.

2217 951 2291 1005 Δ’.
2344 950 2673 1023 Ἠμιάρειοι,
2703 949 2754 1002 oi
2793 948 3029 1021 Χριστὸν
3060 948 3158 1019 μὲν
3199 946 3610 1019 ὁμολογοῦντες
3630 990 3645 1011 ,
3672 952 3733 1002 εί.

2150 1040 2349 1113 ρωνείᾳ
2395 1039 2449 1094 δὲ
2494 1039 2705 1111 κτίσμα
2730 1038 2895 1092 αὐτὸν
2931 1037 3233 1107 φάσκοντες
3254 1038 3400 1108 (49).
3436 1039 3545 1108 οὐχ
3586 1038 3659 1101 ὡς
3689 1040 3733 1091 ἓν

2146 1133 2256 1185 τῶν
2290 1130 2603 1203 κτισμάτων
2624 1148 2638 1163 ο
2674 1131 2833 1199 ἀλλὰ,
2875 1132 3060 1201 φασὶν,
3102 1130 3232 1185 Υίὸν
3265 1130 3444 1185 αὑτὸν
3492 1130 3736 1200 λέγομεν,

2147 1226 2237 1280 διὰ
2264 1225 2324 1278 δὲ
2355 1223 2416 1277 τὸ
2453 1224 2529 1295 μὴ
2558 1222 2734 1288 πάθος
2768 1223 3048 1293 προσάψαι
3081 1225 3260 1295 Πατρὶ
3287 1223 3387 1277 διὰ
3423 1222 3527 1275 τοῦ
3564 1240 3737 1290 γεγει-

2148 1317 2395 1389 νηκέναι,
2443 1314 2663 1369 κτιστὸν
2710 1313 2873 1369 αὐτὸν
2913 1314 3168 1384 λέγομεν.
3212 1314 3327 1368 Καὶ
3368 1313 3511 1383 περὶ
3560 1312 3618 1366 δὲ
3659 1312 3738 1364 τοῦ

2148 1408 2465 1479 Πνεύματος
2490 1405 2584 1460 τοῦ
2619 1406 2772 1474 ἁγίου
2794 1405 3057 1469 ὡσαύτως
3084 1406 3291 1475 κτίσμα
3322 1402 3623 1466 παντελῶς
3646 1405 3741 1473 695-

2149 1498 2354 1567 ζονται,
2388 1498 2857 1572 παρεκὸάλλοντες
2871 1495 3006 1551 Υίοῦ
3026 1497 3086 1549 τὺ
3112 1498 3483 1568 ὀμοούσισν,
3520 1498 3740 1563 dputes.

2148 1606 2289 1645 σιον
2327 1589 2385 1643 δὲ
2425 1588 2639 1643 θέλουσι
2681 1588 2881 1656 λέγειν.
2926 1587 3113 1640 ’Ἄλλοι
3142 1586 3199 1639 δὲ
3231 1586 3290 1652 ἐξ
3334 1585 3533 1638 αὐτῶν
3564 1586 3658 1637 καὶ
3693 1586 3742 1637 τὸ

2150 1683 2498 1755 ὁμοιούσιον
2530 1679 2916 1752 παρεξέὼλον.

2221 1862 2299 1916 E'.
2336 1855 2815 1929 Πνευματομάχοι.
2855 1846 3017 1909 Οὗτοι
3053 1853 3179 1924 περὶ
3216 1852 3320 1922 μὲν
3354 1850 3610 1925 Χριστοῦ
3645 1851 3737 1919 (δυ)

2150 1953 2333 2018 καλῶς
2363 1951 2568 2022 έχουσι,
2597 1950 2660 2003 τὸ
2688 1949 2745 2003 δὲ
2780 1944 3006 2017 Πνεῦμα
3036 1945 3097 1998 τδ
3138 1945 3297 2013 ἅγιον
3338 1943 3733 2014 βλασφημοῦσι,

2150 2047 2368 2102 κτιστὸν
2396 2044 2529 2099 αὐτὸ
2560 2043 2893 2119 ὁριζόμενοι,
2924 2041 3017 2095 καὶ
3038 2039 3138 2093 οὐκ
3168 2038 3228 2093 ὃν
3250 2038 3317 2091 ἐκ
3346 2038 3454 2108 τῆς
3479 2037 3731 2107 θεότητος,

2155 2139 2353 2212 μᾶλλον
2404 2138 2462 2192 δὲ
2529 2132 2987 2206 καταχρηστικῶς
3042 2130 3184 2185 κατὰ
3256 2129 3407 2183 ἰδίαν
3466 2129 3730 2199 ὲνέργειτκ

2151 2227 2399 2299 ἐκτίσθη,
2426 2225 2752 2296 ἀγιαστικὴν
2768 2222 2931 2277 αὐτοῦ
2959 2223 2973 2253 ¹
3008 2220 3239 2292 δύναμιν
3260 2221 3590 2288 φάσκοντες
3618 2214 3733 2272 εἶναι

2195 2322 2339 2377 όνον.

2155 2340 2639 2485 P.02???‘Aeptavol.
2660 2404 2827 2472 Οὗτος
2846 2410 2875 2462 ὁ
2903 2407 3109 2478 ’Λέριος
3130 2404 3241 2459 ἀπὸ
3261 2406 3484 2459 Πόντου
3507 2404 3732 2475 ὡρμᾶτο,

2152 2508 2231 2561 ἔτι
2259 2507 2314 2560 δὲ
2339 2504 2498 2577 δεῦρο
2517 2504 2762 2575 περίεστι
2789 2499 3092 2571 πειρασμὸς
3117 2497 3193 2569 τῷ
3217 2497 3343 2568 βίῳ.
3365 2496 3732 2568 Πρεσϐύτερος

2150 2594 2303 2662 οὗτος
2338 2597 2432 2650 τοῦ
2463 2596 2763 2650 ἐπισκόπου
2794 2591 3091 2646 Εὑσταθίου
3111 2630 3127 2655 ,
3174 2592 3233 2643 ὲν
3280 2591 3599 2661 ’Δρειανοῖς
3641 2591 3733 2643 6t:-

2152 2690 2462 2763 ϐληθέντος.
2510 2688 2603 2742 καὶ
2640 2686 2733 2741 τοῦ
2775 2686 3094 2739 ἐπισκοπεῖν
3128 2684 3493 2746 ἐκπεσόντος.
3539 2682 3731 2753 Ἐπειδὴ

2151 2785 2208 2839 δὲ
2238 2783 2401 2847 αὐτὸς
2438 2781 2645 2852 ’Λέριος
2674 2780 2735 2832 οὐ
2777 2777 3013 2846 κατέστη
3044 2776 3350 2839 ἐπίσκοπος
3378 2777 3513 2829 ἀντὶ
3543 2776 3733 2830 Εὐπαο

2154 2879 2292 2943 θίου,
2317 2874 2487 2933 πολλὰ
2507 2874 2651 2928 κατὰ
2671 2872 2771 2942 τῆς
2807 2869 3136 2940 Ἑκκλησίας
3166 2870 3533 2941 ἐδογμάτισε,
3560 2872 3626 2940 τῇ
3654 2872 3733 2938 μὲν

2155 2971 2336 3027 πίστει
2385 2968 2463 3022 ὢν
2501 2965 2780 3039 Ἀρειανὺς
2831 2963 3199 3025 τελειότατος,
3250 2962 3648 3033 περιττότερον
3688 2962 3733 3012 ἃ

2152 3062 2494 3136 δογματίζει.
2545 3060 2636 3131 Μὴ
2689 3058 2800 3113 δεῖν
2875 3071 3025 3126 φησι
3083 3054 3429 3126 προσφέρειν
3487 3055 3617 3124 περὶ
3644 3054 3735 3105 τῶν

463 3145 699 3201 mortuis
747 3159 857 3200 non
889 3158 1014 3200 esse
1062 3141 1361 3209 faciendas,
1396 3141 1608 3213 jejunia
1650 3148 1860 3211 quartae
1903 3142 2035 3197 feria

2157 3154 2591 3227 κεκοιμημένων,
2624 3149 2908 3222 νηστεύειν
2932 3148 2989 3201 δὲ
3016 3146 3252 3216 τετράδα
3293 3145 3398 3199 καὶ
3428 3144 3733 3216 προῄδεσ-

465 3246 518 3294 σι
545 3238 696 3293 ἴοι-ἰῶ
722 3246 891 3292 sexta:
918 3252 983 3291 ac
1014 3234 1482 3307 Quadragesima’,
1508 3249 1717 3290 necnon
1739 3243 1793 3290 et
1815 3233 2035 3291 Pascha.

2157 3266 2244 3302 τον
2295 3215 2404 3302 itai-
2429 3215 2887 3316 Teaaapaxocrhv
2940 3241 3037 3294 καὶ
3077 3215 3271 3308 Πάσχα
3320 3215 3556 3291 κωλύει.
3595 3239 3735 3290 Ἀπο-

465 3330 538 3384 tis
580 3328 854 3398 prohibet,
904 3342 1088 3382 rerum
1131 3327 1378 3382 omnium
1422 3327 1882 3382 renuntiationem
1912 3341 2053 3398 prae-

465 3420 638 3484 dicat,
675 3419 925 3475 carnium
953 3434 1017 3474 ac
1038 3419 1361 3475 deliciarum
1397 3418 1463 3473 ad
1492 3418 1657 3473 vitam
1689 3434 1852 3474 omne
1880 3435 2053 3489 genus

466 3512 708 3567 adhibet.
740 3510 897 3578 Quod
946 3511 992 3566 si
1016 3512 1141 3582 quis
1176 3518 1507 3567 sectatorum
1551 3525 1775 3567 suorum
1801 3510 2055 3583 jejunare

466 3610 629 3673 velit,
682 3608 923 3664 definitis
970 3608 1075 3663 hoc
1128 3608 1320 3666 diebus
1370 3608 1553 3665 facere
1603 3608 1895 3680 prohibet,
1955 3607 2053 3665 sed

464 3701 686 3771 quando
729 3701 969 3756 libuerit.
1008 3702 1335 3771 Episcopum
1376 3702 1537 3757 docet
1566 3701 1739 3757 nihilo
1780 3710 2047 3773 praestan-

465 3794 661 3847 tiorem
683 3807 807 3847 esse
837 3793 1177 3862 presbytero.

534 3924 554 3959 ⁸
580 3943 671 3995 7p.
706 3926 858 3982 αὐτό.

537 4036 648 4108 (47)
678 4038 783 4102 Εἰς
807 4034 1138 4101 ἀπολογίας
1157 4032 1547 4108 δὲλπολλὰκις
1570 4034 1782 4108 ἐλθών,
1822 4034 2052 4092 Damna-

464 4104 555 4163 tus
585 4104 753 4169 enim,
784 4116 838 4162 et
870 4108 1188 4177 episcopatu
1216 4104 1461 4175 dejectus
1496 4121 1641 4177 anno
1679 4105 1805 4167 336,
1830 4121 1861 4161 a
1894 4108 2041 4177 Gon-

463 4176 954 4247 stautinopolitauo
988 4178 1316 4247 Arianorum
1347 4176 1607 4247 concilio,
1643 4178 1930 4247 epistolam
1960 4176 2043 4232 in-

462 4258 548 4303 ter
589 4244 785 4303 caetera
829 4247 979 4317 dedit
1009 4245 1077 4299 ad
1127 4244 1333 4299 Julium
1376 4244 1696 4300 Romauum—
1722 4247 2043 4317 pontiﬁcem,

460 4327 517 4374 et
559 4328 719 4373 recta:
758 4333 891 4388 suae
916 4316 1037 4371 fidei
1072 4318 1489 4388 professionem,
1522 4333 1683 4388 qu_am
1719 4316 1913 4373 haeresi
1952 4318 2041 4381 72,

463 4391 519 4442 in
545 4388 781 4442 Panario
810 4386 975 4442 refert
992 4394 1178 4443 noster
1196 4386 1553 4456 Epiphanius.
1577 4386 1804 4441 Remam
1826 4388 2045 4450 deinde,

466 4468 525 4511 ut
568 4459 783 4527 plenius
815 4473 874 4513 se
918 4464 1195 4527 purgaret,
1234 4459 1381 4512 venit
1413 4474 1557 4513 anno
1603 4459 1730 4522 5M),
1757 4467 1811 4513 et
1855 4459 1955 4513 hac
1990 4460 2045 4513 in

463 4529 599 4581 urbe
627 4544 735 4598 per
762 4542 965 4598 annum
996 4536 1241 4598 moratus
1273 4535 1356 4598 est
1388 4535 1441 4581 et
1470 4544 1686 4584 menses
1718 4530 1945 4598 aliquot.

533 4596 649 4668 (48)
692 4596 1031 4668 Ὀρθόδοξοί
1074 4613 1252 4668 τινες.
1284 4596 1513 4652 Constat
1544 4606 1598 4653 et
1629 4596 1961 4661 absolutum,
1992 4607 2047 4655 et

464 4667 803 4737 episcopatui
848 4667 1172 4721 innocentia;
1218 4675 1291 4737 iet
1336 4668 1677 4723 orthodoxize
1728 4684 1891 4724 causa
1956 4684 2045 4724 re-

465 4736 718 4809 stitutum
749 4738 920 4792 fuisse
952 4746 1066 4809 tum
1114 4739 1183 4809 ab
1207 4736 1366 4809 Julio_
1382 4738 1657 4805 pontiﬁce,
1693 4739 2047 4809 quemadmo-

462 4809 595 4862 dum
635 4808 750 4875 ipse
779 4809 855 4860 ait
877 4810 933 4860 in
960 4806 1203 4875 Epistula
1234 4809 1303 4861 ad
1330 4805 1631 4863 Orientales
1648 4805 1795 4873 da'ta,
1819 4825 2046 4864 numero

459 4878 616 4948 juxta
643 4877 785 4931 Petri
813 4877 1121 4933 Constantii
1147 4878 1374 4932 edition.
1404 4878 1501 4943 16;
1526 4886 1639 4932 tum
1671 4894 1700 4933 a
1734 4880 2043 4935 Sardiceusi

412 5001 419 5008 _
465 4947 823 5003 celeberrimo
843 4949 1099 5019 concilio,
1142 4950 1219 5003 uti
1264 4956 1449 5018 aperte
1491 4950 1771 5005 declarant
1803 4952 2047 5019 epistola:

463 5018 612 5073 illius
642 5019 936 5088 synodicae.
973 5017 1028 5071 Si
1060 5028 1241 5073 autem
1269 5017 1529 5083 Sabellio,
1566 5020 1734 5076 Paulo
1782 5017 2046 5075 Stimosa-

465 5099 612 5162 teno,
641 5086 876 5162 Photin
895 5089 964 5162 ob
989 5104 1241 5162 errorum
1269 5089 1726 5162 necessitudinem
1750 5092 2045 5162 quamdam

459 5158 712 5281 Bingitur
748 5159 1037 5214 Marcellus
1070 5160 1141 5215 ab
1170 5161 1407 5216 Eusebio
1435 5158 1784 5225 Caesariensi,
1816 5161 2043 5221 Hilario,

507 5231 664 5281 asﬂio
696 5229 911 5281 Manno.
940 5229 1183 5281 Suloicio
1214 5231 1434 5281 Severo-
1456 5232 1809 5281 Hieronvmo-
1835 5231 2043 5281 Joanne

507 5231 664 5302 aStlio
696 5229 911 5302 Magno,
940 5229 1183 5298 Sulpicio
1214 5231 1434 5302 Severo,
1456 5232 1809 5302 Hieronymo,
1835 5231 2046 5286 Joanne

461 5297 877 5373 Chrysoswmo,
911 5309 965 5355 et
982 5297 1133 5373 aliis,
1157 5300 1251 5371 qui
1276 5310 1406 5356 sunt
1436 5304 1577 5357 inter
1604 5297 1811 5367 Patres,
1842 5303 2046 5373 quique

463 5369 653 5442 bac‘in
687 5385 745 5424 re
775 5372 997 5442 allegarj
1047 5369 1280 5436 soleant,
1313 5388 1545 5442 quorum
1591 5388 1841 5439 numero,
1860 5369 1926 5428 'et
1956 5369 2046 5427 au-

461 5440 720 5494 ctoritate
751 5450 933 5497 motus
962 5440 1229 5497 Baronius
1254 5440 1486 5498 credidit
1516 5442 1827 5499 Marcellum
1860 5452 1913 5498 et
1944 5442 2044 5497 Ju-

463 5508 631 5590 lio,.et
647 5510 1072 5590 Sardiceusibus
1098 5511 1352 5590 Patribus
1380 5515 1729 5590 imposuisse,
1749 5515 2043 5590 admodum

461 5581 759 5654 verisimile
786 5590 875 5654 est
926 5596 1023 5654 eos
1056 5597 1248 5654 omnes
1300 5581 1555 5654 abreptos
1609 5584 1783 5640 fuisse
1834 5586 2045 5654 judiclo

465 5648 881 5724 uniusﬁusehii
911 5652 1287 5724 Ca:sariensis,
1328 5648 1739 5723 qui'memorati
1785 5648 2043 5724 superius

462 5717 682 5771 concilii
708 5716 1297 5788 Constantinopolitani
1326 5716 1579 5777 mandato
1603 5724 1743 5779 duos
1774 5716 2042 5795 principio

2153 3340 2345 3407 ταξίαν
2383 3330 2439 3392 δὲ
2476 3336 2763 3408 κηρύσσει,
2802 3332 3197 3406 σαρκοφαγίαις
3222 3331 3282 3385 δὲ
3319 3331 3616 3395 παντοίαις
3658 3334 3733 3385 xt-

2154 3448 2355 3505 κρηται
2408 3430 2503 3484 καὶ
2560 3430 2794 3499 τρυφαῖς
2848 3426 3039 3488 ἀδεῶς.
3074 3425 3137 3478 El
3188 3424 3247 3477 δέ
3286 3442 3376 3487 τις
3422 3425 3538 3476 τῶν
3584 3423 3732 3476 nam;

2157 3523 2417 3598 μαθητῶν
2448 3522 2691 3594 βούλοιτο
2735 3518 3038 3591 νηστεύειν,
3076 3516 3149 3588 μὴ
3190 3518 3252 3569 ὲν
3298 3518 3549 3586 ἡμέραις
3588 3532 3728 3569 τετα-

2154 3618 2406 3687 γμέναις,
2438 3614 2626 3685 φησιν,
2675 3610 2790 3664 ἀλλ’
2821 3611 2911 3663 ὅτε
2960 3608 3156 3679 βούλει.
3201 3608 3413 3661 Φάσκει
3461 3607 3525 3660 δὲ
3584 3608 3729 3678 μηᾶι

2155 3703 2293 3761 εἶναι
2322 3703 2723 3778 διαφορώτερον
2752 3702 3049 3755 ἐπίσκοπον
3080 3698 3489 3770 πρεσϐυτέρου.

2158 4038 2424 4094 adversus
2455 4038 2766 4095 Marcellum
2803 4038 3026 4110 scripsit
3053 4037 3245 4110 libros,
3272 4047 3331 4093 ut
3365 4054 3430 4095 ea
3457 4042 3720 4110 impeteret

2152 4126 2272 4180 quae
2302 4111 2390 4163 ille
2420 4121 2677 4179 posuerat
2703 4110 2759 4164 in
2790 4108 3063 4165 Asterium
3097 4108 3507 4179 Cappadocem.
3536 4108 3721 4169 Deinde

2152 4190 2344 4235 eontra
2369 4180 2679 4235 Marcellum
2708 4181 2958 4250 eutudem
2988 4181 3225 4250 vulgavit
3260 4190 3369 4235 tres
3404 4182 3581 4239 libros
3606 4189 3721 4238 alios

2157 4252 2293 4325 Περὶ
2319 4250 2428 4325 τῆς
2465 4248 3554 4325 ἐκκλησιαστικῆς*ΘεολογίαςτγΠιεεε
3582 4271 3723 4325 porro

2156 4321 2210 4375 in
2246 4321 2495 4395 quinque
2522 4322 2677 4395 libris
2718 4320 3226 4395 ut__Sabellianist_no
3266 4323 3517 4390 pollutus
3554 4320 3721 4395 exagi-

2156 4399 2301 4465 tatur
2350 4393 2537 4465 infelix
2586 4391 2896 4465 Marcellus.
2935 4392 3002 4465 At
3038 4392 3369 4465 multorum
3406 4400 3461 4447 et
3521 4391 3719 4465 quidém

2153 4462 2601 4535 gravissimorum
2629 4463 2871 4535 virorum
2892 4461 3432 4535 _opiuione,_injuria,
3473 4461 3562 4519 vel
3595 4466 3720 4535 quod

2147 4533 2302 4586 falsis
2328 4532 2813 4600 vulgirumoribus
2839 4532 3129 4587 adhazserit
3155 4533 3450 4599 Eusebius,
3476 4538 3564 4590 vel
3592 4532 3719 4590 Aria-

2145 4617 2342 4656 norum
2382 4603 2687 4666 fraudibus,
2717 4611 2772 4657 et
2828 4601 3087 4658 factionis
3140 4606 3326 4659 studio
3368 4606 3537 4659 fuerit
3582 4610 3719 4661 dece-

2146 4682 2305 4743 ptus;
2341 4672 2422 4727 vel
2455 4676 2558 4727 alia
2584 4675 2797 4743 quavis,
2831 4688 2953 4743 qua:
2983 4689 3085 4727 nos
3111 4674 3293 4738 lateat,
3328 4692 3497 4730 causa
3530 4692 3560 4729 a
3594 4679 3718 4731 veri-

2146 4745 2275 4798 tatis
2303 4744 2477 4798 nitore
2507 4747 2798 4804 abductus.
2825 4759 2921 4799 eos
2952 4746 3195 4814 quinque
3223 4746 3513 4814 scripserit
3542 4750 3713 4802 libros.

2216 4813 2327 4883 (49)
2362 4815 2594 4883 Κτίσμα
2637 4814 2825 4869 αὑτὸν
2853 4813 3213 4884 φάσκοντες.
3258 4813 3394 4882 Qua:
3440 4822 3508 4870 tle
3560 4820 3715 4874 Semi-

2145 4886 2351 4939 arianis
2376 4886 2546 4939 hocin
2570 4887 2689 4940 loco
2713 4886 2875 4940 habet
2898 4885 3254 4955 Epiphanius,
3283 4890 3542 4944 omnibus
3563 4898 3713 4950 certe,

2144 4956 2237 5028 qui
2274 4955 2789 5028 Settiiariauihabiti
2819 4966 2969 5018 sunt,
3003 4958 3298 5028 convenire
3328 4973 3438 5011 non
3477 4970 3709 5028 possunt.

2145 5024 2278 5090 Qua:
2326 5026 2540 5079 illorum
2589 5026 2753 5081 fuerit
2802 5026 3076 5081 sententia
3117 5042 3225 5079 non
3272 5024 3499 5083 aliunde
3536 5032 3710 5083 melius

2145 5096 2410 5168 dignosci_
2442 5105 2640 5168 potest,
2690 5112 2854 5165 quam
2886 5112 2953 5149 ex
2994 5097 3147 5151 Actis
3187 5098 3490 5168 Ancyram:
3538 5102 3709 5168 synodi

2146 5160 2272 5218 auiti
2297 5160 2807 5241 licjiciebant
2843 5168 2918 5241 illi
2952 5181 3155 5241 vocem-
3186 5160 3495 5236 atmodum,
3545 5160 3709 5241 u'tpotc

2144 5253 2265 5306 qua:
2295 5238 2349 5290 in
2378 5239 2581 5293 divinis
2610 5255 2718 5293 non
2746 5238 3015 5307 reperitur
3040 5236 3373 5307 Scripturis;
3405 5236 3707 5295 r'itium'Deo

2147 5307 2296 5361 Patri
2332 5323 2426 5378 per
2475 5310 2681 5371 omnia,
2717 5318 2772 5363 et
2823 5308 3035 5363 ratione
3081 5316 3314 5375 natum,
3362 5312 3482 5365 κατ’
3518 5311 3706 5372 οὐσίαν,

2146 5378 2379 5449 similem
2412 5378 2692 5449 dicebant,
2716 5386 2772 5434 et
2795 5379 3123 5449 ὁμοιοῦσιον.

2218 5448 2329 5520 (50)
2367 5444 2543 5504 Οὗτοι
2576 5451 2709 5518 περὶ
2737 5444 3189 5520 μὲν-Χριστοῦ,
3220 5470 3275 5505 κ.
3309 5468 3361 5507 τ.
3395 5451 3442 5505 λ.
3495 5450 3705 5507 Omnino

2146 5518 2335 5573 verum
2365 5535 2475 5573 non
2510 5530 2591 5576 est
2620 5522 2688 5576 de
2718 5518 3079 5576 Christo'non
3111 5524 3251 5578 male
3276 5526 3516 5578 sensisse
3545 5521 3703 5575 Pueu-

2146 5591 2563 5663 matomachos,
2587 5592 2703 5663 sive
2735 5591 3175 5663 placedonianos
3199 5610 3213 5658 ;
3239 5604 3397 5648 erant
3432 5594 3568 5648 enim
3599 5598 3700 5663 ple-

2147 5675 2379 5731 rumque
2423 5658 2768 5731 Semiariani.
2815 5661 3054 5719 Consule
3094 5660 3373 5720 Socratem
3424 5663 3555 5717 Hist.
3589 5658 3698 5717 Eccl.

2148 5733 2184 5785 Ι.
2223 5747 2282 5799 ιι,
2318 5746 2439 5805 cap.
2470 5730 2557 5799 45,
2590 5740 2645 5788 ει
2674 5731 3039 5789 Sozomenum
3071 5738 3164 5792 lib.
3200 5752 3275 5799 tv,
3304 5749 3423 5806 cap.
3456 5735 3538 5790 27.
