3810 6216
61 357 150 416 873

1325 337 1984 396 ANACEPHALZEOSIS.

3191 339 3295 394 874

119 472 185 527 Z'.
225 465 496 523 ’Δετιανοί.
540 463 604 517 Ol
641 461 752 517 ἀπὸ
799 460 1010 515 Ἀετίου
1055 459 1150 516 τοῦ
1201 458 1428 517 Κίλικος
1475 459 1607 512 δια-

1782 459 1897 514 Vll.
1938 459 2175 513 Aetiani.
2228 455 2405 525 Hujus
2452 457 2677 514 haeresis
2706 458 2897 516 Aetius
2941 459 3161 532 quidam
3208 463 3294 517 in-

62 566 198 619 κόνου
223 558 509 630 γενομένου
554 556 659 608 ὑπὸ
703 554 979 628 Γεωργίου
1017 553 1110 608 τοῦ
1155 551 1264 606 τῶν
1310 551 1606 623 Ἀρειανῶν

61 654 333 711 ἐπισκόπου
373 650 473 721 τῆς
518 647 942 718 Ἀλεξανδρείας,
978 649 1027 700 οἱ
1068 647 1163 701 καὶ
1201 646 1468 717 Ἀνόμοιοι
1511 663 1610 700 κα-

60 748 306 815 λούμενοι,
346 742 499 814 παρά
541 759 682 795 τισιν
713 739 1039 811 Εύνομιανοὶ
1075 739 1142 792 δι’
1172 739 1437 810 Εὐνόμιόν
1485 755 1609 791 τινα

63 839 287 914 μαθητὴν
327 836 533 890 Ἀετίου
575 834 885 906 γενόμενον.
919 833 1014 888 καὶ
1063 832 1143 887 ἔτι
1188 833 1468 904 περιόντα.
1506 832 1610 886 Σὺν

61 936 223 996 αὐτοῖς
253 931 308 984 δὲ
346 925 414 1000 ἦν
449 929 544 982 καὶ
573 926 821 992 eosdem;
859 925 1234 997 Ἀρειανίζων,
1266 925 1401 979 ἀλλὰ
1452 924 1612 996 δῆθεν

59 1025 134 1079 διὰ
158 1023 238 1076 τὸν
268 1020 404 1092 πρὸς
467 1019 566 1072 τὸν
598 1018 823 1090 βασιλέα
849 1019 1259 1072 Κωνσταντῖνον
1289 1016 1475 1087 φόϐον,
1509 1018 1615 1085 ἀφ-

59 1117 233 1189 ώρισεν
258 1111 462 1175 ἑαυτὸν,
491 1111 582 1165 καὶ
622 1110 780 1183 μόνος
815 1109 1018 1172 Ἀέτιος
1054 1107 1342 1181 ἐξωρίσθη.
1388 1107 1612 1179 Ἔμεινε

63 1207 274 1283 μέντοιὸ
316 1203 565 1269 Εὑδόξιος
598 1203 970 1276 ’Λρειανίζων,
1003 1203 1065 1256 ού
1124 1201 1308 1273 μέντοι
1344 1217 1408 1270 γε
1472 1199 1616 1254 κατὰ

59 1303 135 1354 τὸν
167 1297 385 1352 Ἀέτιον.
434 1290 594 1350 Οὗτοι
624 1297 673 1348 οί
733 1295 998 1366 Ἀνόμοιοι
1024 1294 1119 1348 καὶ
1178 1293 1444 1347 Ἀετιανοὶ
1473 1309 1615 1345 πανο

59 1390 240 1442 τάπασι
267 1385 502 1456 Χριστὸν
533 1386 628 1439 καὶ
657 1384 718 1438 τὸ
747 1385 902 1452 ἅγιον
933 1382 1159 1455 Πνεῦμα
1189 1380 1615 1452 ἀπαλλοτριοῦσι

60 1479 194 1545 Θεοῦ,
218 1476 432 1532 κτιστὸν
455 1475 616 1530 αὑτὸν
643 1474 1135 1546 διαϐεϐαιούμενοι,
1159 1473 1403 1527 καὶόὺδὲ
1428 1473 1613 1544 ὁμοιό-

59 1572 179 1643 τητά
225 1588 340 1624 τινα
401 1569 544 1640 ἔχειν
594 1568 865 1635 λέγουσιν.
928 1568 1022 1620 Ἐκ
1077 1565 1453 1637 συλλογισμῶν
1505 1566 1615 1638 γὰρ

71 1663 491 1734 Ἀριστοτελικῶν
537 1661 632 1715 καὶ
677 1659 1069 1732 γεωμετρικῶν
1098 1659 1189 1712 τὸν
1221 1658 1354 1711 Θεὸν
1389 1658 1610 1730 Πατέρα

62 1758 304 1828 παριστᾷν
336 1754 638 1826 βούλονται,
673 1754 768 1807 καὶ
806 1751 1041 1823 Χριστὸν
1074 1750 1150 1822 μὴ
1174 1749 1435 1804 δύνασθαι
1472 1743 1614 1802 εἶναι

1710 561 1904 604 \eutor
1939 549 2172 614 exstitit,
2208 563 2410 619 genere
2447 548 2586 602 Cilix
2609 589 2622 611 .
2672 549 2765 618 qui
2805 565 2834 604 a
2871 549 3104 621 Georgio
3139 551 3296 606 Aria-

1711 658 1908 698 norum
1934 641 2274 698 Alexandriae
2295 642 2554 712 episcopo
2577 642 2843 696 diaconus
2873 643 3160 699 ordinatus
3188 657 3292 700 est.

1712 738 2011 790 Anomteos
2045 735 2166 789 illos
2209 735 2504 804 appellant,
2547 735 2635 788 alii
2667 733 3039 792 Eunomianos
3083 738 3296 809 1132

1677 843 1680 846 ’
1715 827 1784 882 ab
1816 825 2085 880 Eunomio
2123 825 2361 897 quodam
2395 825 2537 879 Aetii
2579 823 2870 896 discipulo,
2906 827 2998 896 qui
3030 825 3134 881 hoc
3165 839 3299 882 lem-

1717 933 1847 990 pore
1893 925 2162 988 superest.
2212 917 2350 972 Cum
2389 918 2470 972 eis
2509 928 2628 971 erat
2667 926 2721 972 et
2773 916 3052 972 Eudoxius
3105 921 3298 974 Ariani

1715 1012 2030 1084 dogmatis:
2062 1009 2159 1066 sed
2187 1010 2495 1065 Constantii
2529 1011 2879 1081 imperatoris
2921 1018 3065 1066 metu
3101 1013 3168 1066 ab
3195 1012 3300 1066 illis

1717 1122 1777 1161 se
1802 1107 2126 1177 segregavit,
2154 1119 2218 1158 ac
2253 1106 2407 1160 solus
2441 1104 2632 1160 Aetius
2680 1105 2953 1176 relegatus
2982 1114 3086 1170 est,
3122 1120 3301 1175 quan-

1716 1210 1879 1266 quam
1930 1195 1986 1249 in
2027 1195 2231 1250 Ariano
2277 1195 2532 1267 dogmate
2568 1195 2850 1252 Eudoxius
2889 1198 3300 1266 perseveravit,

1719 1289 1814 1344 sed
1835 1289 2051 1344 Aetium
2083 1289 2309 1342 minime
2339 1297 2563 1345 secutus
2586 1298 2690 1344 est.
2717 1288 2888 1343 Porro
2911 1290 3162 1345 Anonimi
3187 1293 3304 1345 sive

1716 1382 1934 1438 Aetiani
1979 1381 2257 1437 Christum
2293 1389 2347 1436 et
2375 1379 2640 1452 Spiritum
2690 1391 2940 1437 sanctum
2971 1397 3000 1436 a
3036 1381 3146 1438 Deo
3178 1382 3304 1437 fun-

1717 1477 1864 1531 ditus
1913 1476 2151 1530 alienum
2189 1489 2312 1530 esse
2347 1475 2677 1545 praedicant,
2729 1490 2865 1545 quos
2895 1483 3111 1530 creatos
3143 1491 3300 1538 esse,

1720 1584 1899 1640 neque
1965 1568 2267 1639 quidquam
2331 1567 2532 1622 habere
2593 1567 2972 1622 similitudinis
3024 1579 3298 1624 asserunt.

1718 1662 1930 1733 Quippe
1961 1660 2296 1732 syllogismis
2330 1660 2657 1730 quibusdam
2693 1659 3058 1715 Aristotelicis
3084 1675 3148 1716 ac
3175 1676 3304 1732 geo-

1719 1755 1965 1810 metricis
2011 1754 2180 1809 Deum
2214 1751 2433 1808 Patrem
2481 1752 2856 1808 demonstrare
2903 1754 3159 1820 student;
3202 1754 3303 1808 iis-

61 1850 114 1901 ἐκ
171 1847 296 1900 Θεοῦ
356 1845 448 1900 διὰ
501 1843 740 1898 τοιοῦτον
796 1842 1018 1914 τρόπον.
1092 1843 1156 1895 Οἱ
1205 1841 1262 1893 δὲ
1301 1841 1397 1895 ἀπ’
1451 1839 1616 1894 αὑτοῦ

1749 1846 1957 1916 lemque
1997 1847 2229 1915 probare
2263 1845 2541 1900 Christum
2575 1859 2606 1898 a
2639 1843 2751 1899 Deo
2783 1845 2917 1899 oriri
2959 1861 3066 1899 non
3117 1861 3300 1916 posse.

60 1939 355 2010 Εὑνομιανοὶ
400 1937 745 2010 καλούμενοι,
780 1934 1208 2000 ἀναϐαπτίζουσι
1253 1935 1463 1996 πάντας
1490 1935 1616 1998 τοὺς

60 2031 178 2101 πρὸς
213 2029 407 2092 αὐτοὺς
452 2027 802 2099 ἐρχομένους,
847 2027 909 2079 οὐ
967 2025 1126 2096 μόνον
1165 2024 1300 2078 ἀλλὰ
1354 2025 1449 2077 καὶ
1491 2023 1617 2086 τοὺς

71 2120 359 2192 Ἀρειανῶν.
410 2119 865 2184 Ἀναϐαπτίζουσι
891 2118 948 2172 δὲ
998 2116 1140 2172 κατὰ
1193 2117 1468 2187 κεφαλῆς,
1506 2116 1620 2170 ἄνω

60 2217 168 2276 τοὺς
195 2213 358 2276 πόδας
396 2213 720 2283 στρέφοντες
745 2211 856 2266 τῶν
888 2209 1318 2282 βαπτιζομένων,
1346 2207 1421 2271 ὡς
1451 2207 1618 2271 πολὺς

61 2307 218 2377 ᾅδεται
255 2306 432 2374 λόγος.
467 2305 540 2358 Τὸ
594 2306 650 2359 δὲ
688 2305 958 2376 σφαλῆναί
1006 2321 1129 2358 τινα
1185 2305 1244 2356 ὲν
1305 2302 1533 2372 πορνείᾳ
1581 2302 1614 2374 ἢ

62 2402 205 2472 ἑτέρᾳ
230 2400 496 2472 ἁμαρτίᾳ,
541 2399 694 2452 οὐδὲν
726 2395 867 2452 εἷναί
899 2416 1064 2469 φασιν
1085 2414 1097 2427 ·
1133 2396 1288 2450 οὐδὲν
1313 2395 1422 2467 γὰρ
1465 2394 1620 2467 ζητεῖ

61 2498 85 2550 ό
112 2494 248 2558 Θεὸς,
273 2493 409 2548 ἀλλὰ
438 2494 498 2548 τὸ
525 2489 666 2548 εἷναί
688 2511 810 2547 τινα
844 2495 902 2547 ὲν
932 2496 998 2566 τῇ
1031 2492 1212 2549 αὐτῶν
1242 2493 1423 2546 πίστει
1456 2493 1616 2563 μόνον

63 2587 307 2656 λέγουσιν.

122 2671 276 2736 Λῦταί
303 2681 443 2732 εἰσιν
475 2676 678 2748 ὁμοίως
708 2675 805 2731 καὶ
833 2677 891 2730 αἱ
928 2674 1025 2730 τοῦ
1067 2675 1252 2746 τρίτου
1286 2675 1494 2746 βιϐλίου
1524 2671 1622 2727 τοῦ

65 2769 257 2839 πρώτου
285 2771 481 2843 τόμου,
518 2770 679 2823 ἕκτου
718 2767 774 2821 δὲ
803 2769 956 2832 ὄντος
977 2767 1120 2822 κατὰ
1151 2767 1251 2839 τὴν
1276 2765 1618 2830 ἀκολουθίαν,

65 2864 295 2934 αἱρέσεις.

1723 1937 2050 1992 Eunomiani
2079 1954 2208 1994 vero
2237 1940 2305 1994 ab
2340 1940 2458 2012 ipso
2488 1937 2740 2010 profecti,
2773 1957 2965 1996 omnes
3007 1940 3102 2011 qui
3142 1941 3210 1995 ad
3243 1958 3304 1996 se

1725 2030 1986 2094 veniunt,
2039 2030 2236 2086 iterato
2288 2031 2586 2102 baptizant,
2625 2049 2734 2086 non
2768 2034 3073 2090 catholicos
3124 2037 3304 2090 solum

1726 2120 1822 2176 sed
1849 2123 1933 2177 vel
1981 2121 2216 2177 Arianos
2245 2122 2418 2194 ipsos,
2458 2123 2622 2193 idque
2649 2139 2714 2179 eo
2748 2125 2908 2179 modo
2929 2165 2944 2189 ,
2988 2134 3044 2180 ut
3074 2127 3304 2197 pedibus

1728 2226 1949 2268 sursum
1979 2213 2263 2268 conversis
2292 2213 2348 2268 in
2372 2215 2550 2284 capite
2576 2213 2699 2270 illos
2727 2214 3034 2285 baptizent;
3066 2218 3212 2287 quod
3237 2219 3307 2274 de

1726 2303 1836 2358 illis
1867 2304 2206 2374 percrebuit.
2246 2302 2687 2361 Fornicatiouem
2725 2316 2819 2360 aut
2844 2308 2988 2362 aliud
3024 2309 3307 2379 quodlibet

1725 2405 2011 2467 peceatum
2057 2397 2194 2452 nihil
2235 2413 2358 2454 esse
2392 2399 2646 2454 dictitant
2681 2416 2900 2472 :neque
2943 2403 3086 2458 enim
3135 2403 3306 2458 Deum

1725 2489 1872 2544 aliud
1926 2505 2192 2560 quaerere,
2222 2505 2401 2562 quam
2429 2498 2487 2545 ut
2518 2493 2576 2546 in
2606 2507 2668 2546 ea
2699 2494 2816 2548 sola
2849 2510 3012 2565 quam
3043 2496 3144 2566 ipsi
3177 2511 3309 2566 prae-

1728 2579 1934 2646 dicant,
1977 2581 2079 2637 ﬁde
2106 2592 2504 2652 perseveretur.

1799 2676 1894 2732 Hie
1935 2686 2064 2732 sunt
2089 2677 2328 2736 haereses
2368 2679 2503 2734 tomi
2533 2677 2552 2731 1
2583 2679 2709 2735 libri
2743 2680 2888 2737 tertii
2920 2683 3012 2752 qui
3050 2682 3306 2740 instituto

1727 2769 1922 2826 ordine
1952 2779 2144 2827 sextus
2175 2779 2284 2827 est.

1107 3004 1490 3066 ILEBESES
1533 3003 1738 3065 ΤΟΜΙ
1783 3001 1840 3063 ll
1899 3001 2108 3062 LIBRI
2146 3001 2258 3064 III.

135 3149 290 3204 Ἐνδὲ
331 3147 414 3219 τῷ
445 3147 683 3218 δευτέρῳ
743 3147 894 3218 τόμῳ
940 3146 1034 3201 τοῦ
1091 3146 1254 3200 αὑτοῦ
1307 3147 1490 3220 τρίτου
1547 3146 1620 3217 βι-

1803 3145 2050 3216 Denique
2078 3145 2199 3200 libri
2234 3161 2294 3202 ιιι
2327 3155 2508 3201 tomus
2535 3144 2601 3212 ll,
2635 3148 2729 3216 qui
2780 3155 2866 3202 est
2900 3155 3172 3205 tomorum
3223 3171 3311 3209 or-

69 3243 217 3307 ϐλίου,
245 3241 460 3312 ἑϐδόμῳ
495 3239 553 3293 δὲ
577 3239 694 3292 ὄντι
736 3240 858 3294 καθ’
882 3244 947 3310 ἦν
986 3240 1213 3311 εἴπομεν
1241 3241 1526 3313 διαίρεσιν,
1565 3245 1622 3294 ἐν

69 3329 104 3404 ᾧ
131 3336 294 3390 καὶτὸ
319 3334 475 3396 τέλος
508 3332 690 3401 πάσης
736 3332 858 3386 ἐστὶ
888 3333 987 3404 τῆς
1025 3333 1432 3405 πραγματείας,
1475 3334 1626 3405 αἱρέ-

70 3446 166 3493 σεις
186 3429 286 3482 εἰσὶ
318 3427 606 3496 τέσσαρες,
639 3423 839 3488 οὕτως’

125 3523 195 3576 A'.
223 3521 531 3592 Διμοιρῖται
556 3519 607 3572 οἱ
645 3519 740 3571 καὶ
766 3516 1222 3586 Ἀπολλιναρίται,
1242 3521 1297 3573 οἱ
1319 3519 1394 3590 μὴ
1415 3518 1626 3572 τελείαν

70 3615 152 3685 τὴν
183 3613 271 3666 τοῦ
319 3611 562 3684 Χριστοῦ
605 3609 1020 3681 ὲνανθρὼπησιν
1071 3610 1494 3681 ὁμολογοῦντες·
1550 3605 1626 3664 ὦν

69 3722 192 3768 τινες
211 3704 493 3776 ὁμοούσιον
525 3706 593 3774 τῇ
625 3703 839 3774 θεότητι
864 3703 927 3756 τὺ
955 3703 1113 3774 σῶμα
1137 3701 1402 3771 λέγουσιν.
1443 3703 1625 3757 Ἐτόλο

73 3814 229 3865 μησαν
264 3795 320 3849 δέ
354 3794 488 3849 ποτέ
529 3811 675 3857 τινες
708 3793 768 3858 ἐξ
798 3793 976 3849 αὐτῶν
1005 3795 1100 3848 καὶ
1129 3793 1288 3847 τοῦτο
1321 3797 1514 3856 εἰπεῖν,
1545 3795 1626 3848 ὃτι

70 3887 224 3957 ψυχὴν
248 3887 348 3939 οὐκ
395 3884 618 3953 εἴληφεν
645 3885 674 3936 ὁ
712 3882 969 3956 Χριστὸς,
1006 3885 1110 3950 ,καὶ
1134 3884 1292 3938 τοῦτο
1332 3885 1626 3956 ἠρνοῦντο.

69 3977 205 4040 Τινὲς
225 3977 280 4030 δὲ
303 3975 392 4030 διὰ
421 3975 515 4029 τοῦ
543 3975 713 4047 ῥητοῦ
741 3975 822 4040 τὸ,
869 3975 922 4027 '0
955 3978 1147 4046 Λόγος
1183 3977 1342 4044 σὰρξ
1371 3977 1626 4046 ἐγένετο,

70 4069 474 4142 ἐπερειδόμενοι,
509 4069 526 4100 ¹
571 4070 633 4122 τὸ
687 4069 797 4122 ἀπὸ
854 4069 1078 4139 κτιστῆς
1125 4069 1351 4141 σαρκὸς,
1383 4071 1628 4124 τουτέστι

69 4163 282 4234 Μαρίας,
308 4162 416 4232 (τὸ)
477 4161 656 4233 σάρκα
699 4161 861 4215 αὑτὸν
913 4162 1224 4234 εἰληφέναι·
1269 4163 1430 4234 μόνον
1479 4165 1630 4232 φιλο-

70 4255 241 4318 νείκως
262 4257 281 4286 ²
311 4253 499 4323 ἔλεγον
521 4254 612 4307 τὸν
632 4253 804 4323 Λόγον
820 4255 999 4324 σάρκα
1015 4256 1364 4326 γεγενῆσθαιο
1397 4254 1626 4329 ὕστερον

70 4345 450 4417 διανοούμενοι,
489 4344 591 4398 οὐκ
643 4341 758 4398 οἶδα
803 4345 992 4412 δ’ὄτι,
1023 4345 1146 4399 νοῦν
1192 4345 1355 4400 αὑτὸν
1381 4362 1514 4416 φασι
1556 4347 1631 4417 μὴ

74 4438 352 4509 εἰληφέναι.

129 4619 196 4673 B'.
238 4617 840 4688 Ἀντιδικομαριανῖται,
876 4618 926 4671 οἱ
962 4618 1062 4690 τὴν
1097 4617 1258 4688 ἁγίαν
1282 4616 1504 4688 Μαρίαν
1526 4617 1626 4687 τὴν

71 4711 406 4782 ἀειπάρθενον
442 4707 582 4781 μετὰ
629 4707 690 4760 τὸ
718 4707 811 4762 τὸν
848 4708 1080 4782 Σωτῆρα
1125 4710 1513 4779 γεγεννηκέναι
1549 4706 1628 4778 τῷ

83 4803 260 4874 Ἰωσὴφ
287 4801 557 4873 συνῆφθαι
589 4800 860 4870 λέγοντες.

131 4894 199 4948 I".
237 4894 667 4966 Κολλυριδιανοὶ,
713 4894 763 4946 ot
819 4895 898 4955 εἰς
930 4891 1100 4963 ὄνομα
1141 4893 1241 4964 τῆς
1287 4891 1462 4962 αὐτῆς
1507 4892 1629 4945 Μα-

75 4985 180 5056 ρίας
205 4987 260 5038 ἐν
292 4985 478 5056 ἡμέρᾳ
500 4983 596 5038 τοῦ
631 4983 785 5048 ἔτους
826 4983 932 5037 τινὶ
975 4983 1393 5054 ἀποτεταγμένῃ
1437 4981 1627 5035 κολλυ-

77 5077 206 5146 ρίδας
239 5077 390 5139 τινὰς
417 5075 840 5148 προσφέροντες.
882 5068 978 5139 Οἷς
1010 5073 1318 5145 ὲπεΘέμεθα
1349 5075 1520 5144 ὄνομα
1561 5076 1628 5146 τῇ

75 5168 251 5239 πράξει
276 5169 454 5224 αὐτῶν
483 5167 800 5234 ἀκόλουθον,
822 5166 1271 5238 Κολλυριδιανοὺς
1292 5168 1490 5231 αὐτοὺς
1515 5170 1630 5221 όνο-

79 5262 348 5330 μάσαντες.

135 5356 202 5406 Δ¹.
238 5350 646 5416 Μασσαλιανοὶ,
694 5347 868 5412 οὕτως
890 5348 1319 5419 ἐρμηνευόμενοι
1360 5351 1408 5402 οί
1439 5350 1628 5419 Εὺχό-

74 5443 625 5509 μενοι.Συνάπτονται
653 5442 709 5496 δὲ
729 5441 940 5504 τούτοις
963 5442 1058 5494 καὶ
1087 5439 1196 5493 τῶν
1220 5441 1328 5494 ἀπὸ
1359 5441 1630 5514 Ἐλλήνων

78 5534 551 5606 ἐπιτετηδευμένων
592 5533 860 5605 αἱρέσεων
897 5534 948 5586 οἱ
999 5532 1282 5604 λεγόμενοι
1318 5532 1628 5604 Εὐφημίται

79 5623 159 5676 καὶ
188 5625 553 5698 Μαρτυριανοὶ
581 5626 674 5680 καὶ
706 5624 1044 5679 Σατανιανοί.

143 5853 159 5883 ¹
181 5851 484 5924 Supplenda
513 5868 615 5907 vox
647 5852 925 5925 ἠρνοῦντο.

385 5947 652 6008 ΡΑτιοι..
702 5947 817 6010 6a.
879 5947 1076 6010 XLII.

1727 3237 1854 3292 dine
1885 3236 1998 3300 Vll,
2050 3237 2107 3292 in
2139 3252 2250 3308 quo
2290 3238 2460 3294 totius
2503 3241 2687 3310 operis
2739 3239 2865 3296 ﬁnis
2917 3251 3022 3307 est.
3073 3245 3312 3303 hiervses

1729 3331 1975 3386 continet
2005 3329 2092 3384 IV.

1802 3509 1844 3566 1.
1887 3510 2183 3564 Dimaeritae
2207 3511 2302 3580 qui
2328 3518 2383 3564 et
2411 3511 2842 3581 Apollinaristae,
2881 3515 2973 3583 qui
3008 3515 3310 3586 perfectam

1729 3604 1933 3659 Christi
1958 3603 2396 3659 incarnationem
2423 3605 2645 3660 minime
2676 3607 3009 3662 conﬁtentur
3035 3627 3048 3664 :
3072 3625 3308 3680 quorum

1729 3697 1820 3752 alii
1874 3697 2346 3752 eonsubstantiale
2401 3697 2676 3752 divinitati
2735 3714 2858 3754 esse
2912 3715 3116 3772 corpus
3169 3703 3313 3756 allir-

1731 3799 1902 3855 mant,
1953 3789 2046 3844 alii
2080 3804 2210 3845 vero
2243 3789 2536 3845 defendere
2587 3791 2732 3846 istud
2784 3792 2949 3848 etiam
2988 3795 3108 3849 ausi
3157 3807 3308 3860 sunt,

1731 3879 2012 3936 Christum
2052 3895 2397 3950 nequaquam
2431 3881 2671 3935 animam
2707 3883 3110 3954 assumpsisse;
3149 3886 3314 3957 idque

1730 3987 1931 4044 negare
1979 3973 2358 4027 instituerunt.
2404 3971 2638 4039 Quidam
2685 3974 2771 4030 his
2815 3974 3096 4048 Evangelii
3130 3981 3311 4035 verbis

1733 4067 1932 4131 innixi,
1980 4063 2202 4120 Verbum
2233 4083 2360 4119 caro
2387 4065 2590 4134 factum
2615 4077 2692 4120 est
2715 4067 2736 4099 ³
2766 4087 2779 4122 :
2809 4084 2876 4123 ex
2908 4078 3092 4126 creata
3119 4088 3307 4137 carne,

1731 4160 1839 4215 hoc
1889 4167 1975 4216 est
2023 4158 2227 4222 Maria,
2285 4173 2505 4213 carnem
2554 4160 2624 4213 ab
2674 4160 2767 4215 illo
2821 4173 3134 4232 susceptam
3185 4181 3312 4222 esse

1732 4260 2039 4322 negarunt;
2069 4251 2166 4307 sed
2202 4251 2380 4306 solum
2411 4248 2649 4308 Verbum
2684 4267 2906 4307 carnem
2947 4270 3072 4311 esse
3105 4256 3309 4313 factum

1733 4345 2090 4416 pertinaciter
2147 4351 2554 4399 asseverarunt.
2602 4341 2799 4399 Postea
2849 4360 2979 4402 vero
3021 4362 3186 4417 quam
3240 4350 3312 4405 ob

1733 4449 1956 4488 causam
2014 4435 2224 4499 nescio,
2285 4442 2522 4489 mentem
2569 4435 2722 4490 illum
2782 4451 2890 4491 non
2940 4439 3312 4509 assumpsisse

1660 4516 1706 4570 Ι)
1733 4525 2008 4580 dixerunt.

1807 4617 1874 4671 ll.
1911 4617 2486 4674 Autidicomarianitaz
2521 4619 2735 4675 beatam
2774 4636 3101 4694 semperque
3142 4625 3311 4695 virgi-

1735 4724 1860 4764 nem
1893 4709 2118 4764 Mariam
2157 4720 2280 4780 post
2303 4710 2511 4766 editum
2550 4711 2889 4768 Salvatorem
2921 4731 3044 4770 eum
3071 4714 3312 4789 Josepho

1734 4803 2094 4858 consuevisse
2125 4811 2344 4874 putant.

1811 4894 2022 4966 1133
2051 4894 2138 4950 111.
2192 4896 2570 4966 Collyridiani,
2610 4897 2704 4967 qui
2750 4897 2807 4951 in
2850 4899 3093 4968 ejusdem
3129 4901 3315 4959 Mariae

1735 5005 1935 5045 nomen
1971 4999 2115 5045 stato
2147 4990 2275 5042 anni
2304 4988 2390 5043 die
2420 4989 2717 5060 eollyridas
2747 4992 3010 5059 quasdam
3042 4992 3309 5062 ollerunt;

1735 5083 1940 5154 quibus
1981 5089 2413 5135 consentaneum
2452 5094 2520 5136 ex
2552 5096 2614 5141 ea
2658 5097 2718 5135 re
2753 5098 2951 5138 nomen
2987 5083 3309 5148 indidimus.

1735 5176 1866 5230 dum
1899 5171 2304 5245 Collyridiauos
2334 5173 2460 5228 illos
2489 5174 2909 5244 appellavimus.

1807 5347 1894 5403 IV.
1961 5348 2313 5413 Massaliani,
2377 5366 2516 5420 quos
2581 5353 2933 5425 interpretari
3015 5372 3313 5428 possumus

1741 5438 2046 5494 Precantes.
2078 5438 2171 5493 His
2197 5439 2572 5509 adiunguntur
2598 5458 2628 5496 e
2655 5444 2936 5513 gentilium
2962 5447 3150 5513 sectis,
3173 5463 3317 5526 quos

1737 5531 2092 5601 Eupliemitas
2151 5541 2205 5586 et
2276 5531 2636 5605 Martyrianos
2695 5544 2750 5591 et
2816 5535 3144 5596 Satanianos
3213 5557 3315 5598 no-

1737 5625 1964 5679 minam.

1021 5857 1042 5886 ¹
1067 5854 1192 5928 Leg.
1247 5856 1404 5928 μόνον
1438 5856 1493 5911 δὲ
1530 5855 1620 5926 φιλ

1749 5856 1849 5912 ιυιυ
1887 5857 2050 5911 etiam
2081 5861 2206 5910 ante
2228 5853 2288 5910 τὸ
2325 5854 2465 5910 κατὰ
2496 5855 2691 5926 σάρκα.
2769 5857 2789 5889 ³
2824 5856 2980 5913 Joan.
3014 5874 3052 5916 ι.
3084 5856 3170 5912 14.

2984 5949 3066 6011 28
