  <div class='ocr_page' id='page_1' title='image "/cluster/home/n/w/nwhite01/storage/ocr_20150623/42/hvd.32044011752995/439.png"; bbox 0 0 3854 6396; ppageno 0'>
   <div class='ocr_carea' id='block_1_1' title="bbox 439 379 3743 450">
    <p class='ocr_par' dir='ltr' id='par_1_1' title="bbox 439 379 3743 450">
     <span class='ocr_line' id='line_1_1' title="bbox 439 379 3743 450; baseline -0.002 -12"><span class='ocrx_word' id='word_1_1' title='bbox 439 393 571 450; x_wconf 64' lang='lat'><strong>.875</strong></span> <span class='ocrx_word' id='word_1_2' title='bbox 1857 380 1915 436; x_wconf 88' lang='lat' dir='ltr'><strong>S.</strong></span> <span class='ocrx_word' id='word_1_3' title='bbox 1972 379 2316 435; x_wconf 82' lang='lat' dir='ltr'><strong>EPIPHANH</strong></span> <span class='ocrx_word' id='word_1_4' title='bbox 3644 390 3743 445; x_wconf 63' lang='grc' dir='ltr'><strong>εἶθ</strong></span> 
     </span>
    </p>
   </div>
   <div class='ocr_carea' id='block_1_2' title="bbox 540 502 2061 580">
    <p class='ocr_par' dir='ltr' id='par_1_2' title="bbox 540 505 2044 578">
     <span class='ocr_line' id='line_1_2' title="bbox 540 505 2044 578; baseline -0.008 -11"><span class='ocrx_word' id='word_1_5' title='bbox 540 512 766 567; x_wconf 85' lang='lat' dir='ltr'><strong>Summa</strong></span> <span class='ocrx_word' id='word_1_6' title='bbox 793 509 908 566; x_wconf 61' lang='lat' dir='ltr'><strong>hate.</strong></span> <span class='ocrx_word' id='word_1_7' title='bbox 930 517 1016 565; x_wconf 90' lang='lat' dir='ltr'><strong>est</strong></span> <span class='ocrx_word' id='word_1_8' title='bbox 1061 508 1192 562; x_wconf 89' lang='lat' dir='ltr'><strong>tomi</strong></span> <span class='ocrx_word' id='word_1_9' title='bbox 1245 506 1462 578; x_wconf 76' lang='lat' dir='ltr'><strong>septimi</strong></span> <span class='ocrx_word' id='word_1_10' title='bbox 1487 521 1550 560; x_wconf 92' lang='lat' dir='ltr'><strong>ac</strong></span> <span class='ocrx_word' id='word_1_11' title='bbox 1585 506 1749 559; x_wconf 91' lang='lat' dir='ltr'><strong>trium</strong></span> <span class='ocrx_word' id='word_1_12' title='bbox 1780 505 2044 559; x_wconf 87' lang='lat' dir='ltr'><strong>librorum</strong></span> 
     </span>
    </p>
   </div>
   <div class='ocr_carea' id='block_1_3' title="bbox 2172 502 3747 580">
    <p class='ocr_par' dir='ltr' id='par_1_3' title="bbox 2220 502 3747 580">
     <span class='ocr_line' id='line_1_3' title="bbox 2220 502 3747 580; baseline 0.008 -22"><span class='ocrx_word' id='word_1_13' title='bbox 2220 502 2369 575; x_wconf 76' lang='grc' dir='ltr'>Αὕτη</span> <span class='ocrx_word' id='word_1_14' title='bbox 2415 503 2510 557; x_wconf 80' lang='grc' dir='ltr'>καὶ</span> <span class='ocrx_word' id='word_1_15' title='bbox 2555 506 2588 576; x_wconf 81' lang='grc' dir='ltr'>ἡ</span> <span class='ocrx_word' id='word_1_16' title='bbox 2633 505 2729 560; x_wconf 75' lang='grc' dir='ltr'>τοῦ</span> <span class='ocrx_word' id='word_1_17' title='bbox 2774 505 3006 577; x_wconf 76' lang='grc' dir='ltr'>ἑϐδόμου</span> <span class='ocrx_word' id='word_1_18' title='bbox 3031 508 3196 580; x_wconf 89' lang='grc' dir='ltr'>τόμου</span> <span class='ocrx_word' id='word_1_19' title='bbox 3230 511 3747 580; x_wconf 71' lang='grc' dir='ltr'>άνακεφαλαίωσις.</span> 
     </span>
    </p>
   </div>
   <div class='ocr_carea' id='block_1_4' title="bbox 468 596 2045 673">
    <p class='ocr_par' dir='ltr' id='par_1_4' title="bbox 468 596 2045 673">
     <span class='ocr_line' id='line_1_4' title="bbox 468 596 2045 673; baseline -0.006 -15"><span class='ocrx_word' id='word_1_20' title='bbox 468 605 613 668; x_wconf 79' lang='lat' dir='ltr'><strong>ﬁnis,</strong></span> <span class='ocrx_word' id='word_1_21' title='bbox 668 603 1002 673; x_wconf 81' lang='lat' dir='ltr'><strong>colliguntur</strong></span> <span class='ocrx_word' id='word_1_22' title='bbox 1045 602 1285 656; x_wconf 69' lang='lat' dir='ltr'><strong>hiereses</strong></span> <span class='ocrx_word' id='word_1_23' title='bbox 1321 615 1485 654; x_wconf 77' lang='lat' dir='ltr'><strong>Lxxx.</strong></span> <span class='ocrx_word' id='word_1_24' title='bbox 1531 597 1646 653; x_wconf 91' lang='lat' dir='ltr'><strong>Sub</strong></span> <span class='ocrx_word' id='word_1_25' title='bbox 1696 597 1855 651; x_wconf 82' lang='lat' dir='ltr'><strong>linem</strong></span> <span class='ocrx_word' id='word_1_26' title='bbox 1897 596 2045 651; x_wconf 92' lang='lat' dir='ltr'><strong>tertii</strong></span> 
     </span>
    </p>
   </div>
   <div class='ocr_carea' id='block_1_5' title="bbox 467 682 2050 763">
    <p class='ocr_par' dir='ltr' id='par_1_5' title="bbox 467 682 2050 763">
     <span class='ocr_line' id='line_1_5' title="bbox 467 682 2050 763; baseline -0.007 -14"><span class='ocrx_word' id='word_1_27' title='bbox 467 694 597 749; x_wconf 87' lang='lat' dir='ltr'><strong>libri</strong></span> <span class='ocrx_word' id='word_1_28' title='bbox 659 693 989 763; x_wconf 89' lang='lat' dir='ltr'><strong>septimique</strong></span> <span class='ocrx_word' id='word_1_29' title='bbox 1034 690 1192 754; x_wconf 91' lang='lat' dir='ltr'><strong>tomi,</strong></span> <span class='ocrx_word' id='word_1_30' title='bbox 1236 687 1472 743; x_wconf 83' lang='lat' dir='ltr'><strong>formula</strong></span> <span class='ocrx_word' id='word_1_31' title='bbox 1506 687 1629 741; x_wconf 82' lang='lat' dir='ltr'><strong>ﬁdei</strong></span> <span class='ocrx_word' id='word_1_32' title='bbox 1668 700 1832 757; x_wconf 90' lang='lat' dir='ltr'><strong>quam</strong></span> <span class='ocrx_word' id='word_1_33' title='bbox 1866 682 2050 738; x_wconf 78' lang='lat' dir='ltr'><strong>Eccle-</strong></span> 
     </span>
    </p>
   </div>
   <div class='ocr_carea' id='block_1_6' title="bbox 468 775 2048 856">
    <p class='ocr_par' dir='ltr' id='par_1_6' title="bbox 468 775 2048 856">
     <span class='ocr_line' id='line_1_6' title="bbox 468 775 2048 856; baseline -0.008 -15"><span class='ocrx_word' id='word_1_34' title='bbox 468 789 550 842; x_wconf 84' lang='lat' dir='ltr'><strong>sia</strong></span> <span class='ocrx_word' id='word_1_35' title='bbox 583 787 863 841; x_wconf 86' lang='lat' dir='ltr'><strong>catholica</strong></span> <span class='ocrx_word' id='word_1_36' title='bbox 909 784 1218 856; x_wconf 76' lang='lat' dir='ltr'><strong>profitetur,</strong></span> <span class='ocrx_word' id='word_1_37' title='bbox 1266 780 1514 851; x_wconf 86' lang='lat' dir='ltr'><strong>subjecta</strong></span> <span class='ocrx_word' id='word_1_38' title='bbox 1545 786 1651 842; x_wconf 90' lang='lat' dir='ltr'><strong>est,</strong></span> <span class='ocrx_word' id='word_1_39' title='bbox 1697 791 1761 831; x_wconf 92' lang='lat' dir='ltr'><strong>ac</strong></span> <span class='ocrx_word' id='word_1_40' title='bbox 1800 775 2048 831; x_wconf 86' lang='lat' dir='ltr'><strong>veritatis</strong></span> 
     </span>
    </p>
   </div>
   <div class='ocr_carea' id='block_1_7' title="bbox 466 869 2050 946">
    <p class='ocr_par' dir='ltr' id='par_1_7' title="bbox 466 869 2050 946">
     <span class='ocr_line' id='line_1_7' title="bbox 466 869 2050 946; baseline -0.007 -14"><span class='ocrx_word' id='word_1_41' title='bbox 466 879 742 942; x_wconf 80' lang='lat' dir='ltr'><strong>defensio,</strong></span> <span class='ocrx_word' id='word_1_42' title='bbox 775 886 830 933; x_wconf 86' lang='lat' dir='ltr'><strong>et</strong></span> <span class='ocrx_word' id='word_1_43' title='bbox 865 875 1145 946; x_wconf 81' lang='lat' dir='ltr'><strong>Evangelii</strong></span> <span class='ocrx_word' id='word_1_44' title='bbox 1176 873 1384 930; x_wconf 76' lang='lat' dir='ltr'><strong>Christi</strong></span> <span class='ocrx_word' id='word_1_45' title='bbox 1415 870 1770 944; x_wconf 67' lang='lat' dir='ltr'><strong>praedicatio;</strong></span> <span class='ocrx_word' id='word_1_46' title='bbox 1802 885 1866 924; x_wconf 91' lang='lat' dir='ltr'><strong>ac</strong></span> <span class='ocrx_word' id='word_1_47' title='bbox 1894 869 2050 923; x_wconf 84' lang='lat' dir='ltr'><strong>deni-</strong></span> 
     </span>
    </p>
   </div>
   <div class='ocr_carea' id='block_1_8' title="bbox 467 963 2048 1038">
    <p class='ocr_par' dir='ltr' id='par_1_8' title="bbox 467 963 2048 1038">
     <span class='ocr_line' id='line_1_8' title="bbox 467 963 2048 1038; baseline -0.003 -18"><span class='ocrx_word' id='word_1_48' title='bbox 467 985 576 1038; x_wconf 81' lang='lat' dir='ltr'><strong>que</strong></span> <span class='ocrx_word' id='word_1_49' title='bbox 598 968 884 1022; x_wconf 60' lang='lat' dir='ltr'><strong>catholica:</strong></span> <span class='ocrx_word' id='word_1_50' title='bbox 917 966 1177 1021; x_wconf 68' lang='lat' dir='ltr'><strong>Ecclesiae</strong></span> <span class='ocrx_word' id='word_1_51' title='bbox 1206 963 1404 1028; x_wconf 79' lang='lat' dir='ltr'><strong>forma,</strong></span> <span class='ocrx_word' id='word_1_52' title='bbox 1440 979 1561 1034; x_wconf 59' lang='lat' dir='ltr'><strong>quae</strong></span> <span class='ocrx_word' id='word_1_53' title='bbox 1587 977 1712 1017; x_wconf 90' lang='lat' dir='ltr'><strong>cum</strong></span> <span class='ocrx_word' id='word_1_54' title='bbox 1747 963 1815 1016; x_wconf 92' lang='lat' dir='ltr'><strong>ab</strong></span> <span class='ocrx_word' id='word_1_55' title='bbox 1840 970 2048 1016; x_wconf 66' lang='lat' dir='ltr'><strong>aeterno</strong></span> 
     </span>
    </p>
   </div>
   <div class='ocr_carea' id='block_1_9' title="bbox 470 1053 2047 1124">
    <p class='ocr_par' dir='ltr' id='par_1_9' title="bbox 470 1053 2047 1124">
     <span class='ocr_line' id='line_1_9' title="bbox 470 1053 2047 1124; baseline -0.003 -14"><span class='ocrx_word' id='word_1_56' title='bbox 470 1057 658 1119; x_wconf 85' lang='lat' dir='ltr'><strong>fuerit,</strong></span> <span class='ocrx_word' id='word_1_57' title='bbox 701 1055 1053 1112; x_wconf 80' lang='lat' dir='ltr'><strong>successione</strong></span> <span class='ocrx_word' id='word_1_58' title='bbox 1099 1064 1407 1124; x_wconf 85' lang='lat' dir='ltr'><strong>temporum</strong></span> <span class='ocrx_word' id='word_1_59' title='bbox 1446 1063 1572 1124; x_wconf 88' lang='lat' dir='ltr'><strong>post</strong></span> <span class='ocrx_word' id='word_1_60' title='bbox 1611 1053 2047 1108; x_wconf 87' lang='lat' dir='ltr'><strong>incarnationem</strong></span> 
     </span>
    </p>
   </div>
   <div class='ocr_carea' id='block_1_10' title="bbox 433 1145 1550 1218">
    <p class='ocr_par' dir='ltr' id='par_1_10' title="bbox 433 1145 1550 1218">
     <span class='ocr_line' id='line_1_10' title="bbox 433 1145 1550 1218; baseline -0.004 -14"><span class='ocrx_word' id='word_1_61' title='bbox 433 1149 449 1183; x_wconf 63' lang='grc' dir='ltr'>τ’</span> <span class='ocrx_word' id='word_1_62' title='bbox 468 1148 675 1204; x_wconf 76' lang='lat' dir='ltr'><strong>Christi</strong></span> <span class='ocrx_word' id='word_1_63' title='bbox 701 1147 1112 1204; x_wconf 88' lang='lat' dir='ltr'><strong>evidentissime</strong></span> <span class='ocrx_word' id='word_1_64' title='bbox 1142 1145 1417 1218; x_wconf 81' lang='lat' dir='ltr'><strong>patefacta</strong></span> <span class='ocrx_word' id='word_1_65' title='bbox 1445 1154 1550 1202; x_wconf 86' lang='lat' dir='ltr'><strong>est.</strong></span> 
     </span>
    </p>
   </div>
   <div class='ocr_carea' id='block_1_11' title="bbox 517 1320 2048 1392">
    <p class='ocr_par' dir='ltr' id='par_1_11' title="bbox 517 1320 2048 1392">
     <span class='ocr_line' id='line_1_11' title="bbox 517 1320 2048 1392; baseline -0.001 -17"><span class='ocrx_word' id='word_1_66' title='bbox 517 1320 717 1388; x_wconf 80' lang='lat' dir='ltr'><strong>&#39;Quam</strong></span> <span class='ocrx_word' id='word_1_67' title='bbox 770 1321 941 1374; x_wconf 89' lang='lat' dir='ltr'><strong>multa</strong></span> <span class='ocrx_word' id='word_1_68' title='bbox 997 1335 1128 1376; x_wconf 91' lang='lat' dir='ltr'><strong>vero</strong></span> <span class='ocrx_word' id='word_1_69' title='bbox 1173 1321 1242 1377; x_wconf 92' lang='lat' dir='ltr'><strong>ab</strong></span> <span class='ocrx_word' id='word_1_70' title='bbox 1288 1321 1546 1377; x_wconf 85' lang='lat' dir='ltr'><strong>humanis</strong></span> <span class='ocrx_word' id='word_1_71' title='bbox 1585 1320 1821 1392; x_wconf 82' lang='lat' dir='ltr'><strong>ingeniis</strong></span> <span class='ocrx_word' id='word_1_72' title='bbox 1869 1320 2048 1392; x_wconf 86' lang='lat' dir='ltr'><strong>colligi</strong></span> 
     </span>
    </p>
   </div>
   <div class='ocr_carea' id='block_1_12' title="bbox 441 1413 2050 1485">
    <p class='ocr_par' dir='ltr' id='par_1_12' title="bbox 441 1413 2050 1485">
     <span class='ocr_line' id='line_1_12' title="bbox 441 1413 2050 1485; baseline -0.002 -16"><span class='ocrx_word' id='word_1_73' title='bbox 441 1422 710 1484; x_wconf 78' lang='lat' dir='ltr'><strong>&quot;possunt</strong></span> <span class='ocrx_word' id='word_1_74' title='bbox 746 1414 916 1472; x_wconf 49' lang='lat' dir='ltr'><strong>de‘iis</strong></span> <span class='ocrx_word' id='word_1_75' title='bbox 945 1414 1038 1485; x_wconf 86' lang='lat' dir='ltr'><strong>qui</strong></span> <span class='ocrx_word' id='word_1_76' title='bbox 1073 1413 1212 1467; x_wconf 91' lang='lat' dir='ltr'><strong>tanti</strong></span> <span class='ocrx_word' id='word_1_77' title='bbox 1241 1428 1306 1469; x_wconf 91' lang='lat' dir='ltr'><strong>ac</strong></span> <span class='ocrx_word' id='word_1_78' title='bbox 1336 1423 1444 1468; x_wconf 90' lang='lat' dir='ltr'><strong>tam</strong></span> <span class='ocrx_word' id='word_1_79' title='bbox 1475 1413 1805 1468; x_wconf 82' lang='lat' dir='ltr'><strong>excellentes</strong></span> <span class='ocrx_word' id='word_1_80' title='bbox 1845 1413 2050 1467; x_wconf 85' lang='lat' dir='ltr'><strong>haben-</strong></span> 
     </span>
    </p>
   </div>
   <div class='ocr_carea' id='block_1_13' title="bbox 462 1507 2050 1578">
    <p class='ocr_par' dir='ltr' id='par_1_13' title="bbox 462 1507 2050 1578">
     <span class='ocr_line' id='line_1_13' title="bbox 462 1507 2050 1578; baseline 0.001 -17"><span class='ocrx_word' id='word_1_81' title='bbox 462 1514 596 1574; x_wconf 73' lang='lat' dir='ltr'><strong>‘tur,</strong></span> <span class='ocrx_word' id='word_1_82' title='bbox 624 1515 678 1563; x_wconf 86' lang='lat' dir='ltr'><strong>et</strong></span> <span class='ocrx_word' id='word_1_83' title='bbox 707 1508 801 1578; x_wconf 91' lang='lat' dir='ltr'><strong>qui</strong></span> <span class='ocrx_word' id='word_1_84' title='bbox 836 1508 902 1562; x_wconf 91' lang='lat' dir='ltr'><strong>ad</strong></span> <span class='ocrx_word' id='word_1_85' title='bbox 932 1507 1286 1562; x_wconf 87' lang='lat' dir='ltr'><strong>laudabilium</strong></span> <span class='ocrx_word' id='word_1_86' title='bbox 1316 1507 1844 1562; x_wconf 88' lang='lat' dir='ltr'><strong>adolescentularum</strong></span> <span class='ocrx_word' id='word_1_87' title='bbox 1877 1522 2050 1578; x_wconf 85' lang='lat' dir='ltr'><strong>genus</strong></span> 
     </span>
    </p>
   </div>
   <div class='ocr_carea' id='block_1_14' title="bbox 473 1598 2051 1671">
    <p class='ocr_par' dir='ltr' id='par_1_14' title="bbox 473 1598 2051 1671">
     <span class='ocr_line' id='line_1_14' title="bbox 473 1598 2051 1671; baseline 0.001 -19"><span class='ocrx_word' id='word_1_88' title='bbox 473 1599 677 1655; x_wconf 72' lang='lat' dir='ltr'><strong>ascribi</strong></span> <span class='ocrx_word' id='word_1_89' title='bbox 703 1600 1161 1671; x_wconf 81' lang='lat' dir='ltr'><strong>debent,quarum</strong></span> <span class='ocrx_word' id='word_1_90' title='bbox 1187 1615 1296 1654; x_wconf 91' lang='lat' dir='ltr'><strong>non</strong></span> <span class='ocrx_word' id='word_1_91' title='bbox 1322 1607 1406 1654; x_wconf 89' lang='lat' dir='ltr'><strong>est</strong></span> <span class='ocrx_word' id='word_1_92' title='bbox 1439 1601 1734 1654; x_wconf 87' lang='lat' dir='ltr'><strong>numerus!</strong></span> <span class='ocrx_word' id='word_1_93' title='bbox 1767 1598 1901 1652; x_wconf 85' lang='lat' dir='ltr'><strong>Nam</strong></span> <span class='ocrx_word' id='word_1_94' title='bbox 1933 1600 2051 1654; x_wconf 63' lang='lat' dir='ltr'><strong>alia!</strong></span> 
     </span>
    </p>
   </div>
   <div class='ocr_carea' id='block_1_15' title="bbox 472 1689 2047 1761">
    <p class='ocr_par' dir='ltr' id='par_1_15' title="bbox 472 1689 2047 1761">
     <span class='ocr_line' id='line_1_15' title="bbox 472 1689 2047 1761; baseline 0.001 -18"><span class='ocrx_word' id='word_1_95' title='bbox 472 1689 923 1746; x_wconf 69' lang='lat' dir='ltr'><strong>commendanda:</strong></span> <span class='ocrx_word' id='word_1_96' title='bbox 976 1698 1137 1757; x_wconf 90' lang='lat' dir='ltr'><strong>sunt,</strong></span> <span class='ocrx_word' id='word_1_97' title='bbox 1196 1690 1317 1745; x_wconf 60' lang='lat' dir='ltr'><strong>alia:</strong></span> <span class='ocrx_word' id='word_1_98' title='bbox 1380 1689 1786 1759; x_wconf 86' lang='lat' dir='ltr'><strong>vituperatione</strong></span> <span class='ocrx_word' id='word_1_99' title='bbox 1833 1689 2047 1761; x_wconf 61' lang='lat' dir='ltr'><strong>digna};</strong></span> 
     </span>
    </p>
   </div>
   <div class='ocr_carea' id='block_1_16' title="bbox 472 1782 2051 1854">
    <p class='ocr_par' dir='ltr' id='par_1_16' title="bbox 472 1782 2051 1854">
     <span class='ocr_line' id='line_1_16' title="bbox 472 1782 2051 1854; baseline 0 -16"><span class='ocrx_word' id='word_1_100' title='bbox 472 1797 599 1838; x_wconf 90' lang='lat' dir='ltr'><strong>nam</strong></span> <span class='ocrx_word' id='word_1_101' title='bbox 627 1782 880 1838; x_wconf 88' lang='lat' dir='ltr'><strong>nonnulli</strong></span> <span class='ocrx_word' id='word_1_102' title='bbox 914 1783 1266 1852; x_wconf 84' lang='lat' dir='ltr'><strong>reperiuntur</strong></span> <span class='ocrx_word' id='word_1_103' title='bbox 1289 1784 1330 1848; x_wconf 74' lang='grc' dir='ltr'><strong>ί,</strong></span> <span class='ocrx_word' id='word_1_104' title='bbox 1364 1782 1458 1852; x_wconf 89' lang='lat' dir='ltr'><strong>qui</strong></span> <span class='ocrx_word' id='word_1_105' title='bbox 1489 1798 1556 1837; x_wconf 78' lang='lat' dir='ltr'><strong>ex</strong></span> <span class='ocrx_word' id='word_1_106' title='bbox 1589 1783 1803 1853; x_wconf 81' lang='lat' dir='ltr'><strong>privato</strong></span> <span class='ocrx_word' id='word_1_107' title='bbox 1830 1783 2051 1854; x_wconf 87' lang='lat' dir='ltr'><strong>ingenio</strong></span> 
     </span>
    </p>
   </div>
   <div class='ocr_carea' id='block_1_17' title="bbox 2149 594 3750 670">
    <p class='ocr_par' dir='ltr' id='par_1_17' title="bbox 2149 594 3750 670">
     <span class='ocr_line' id='line_1_17' title="bbox 2149 594 3750 670; baseline 0.004 -23"><span class='ocrx_word' id='word_1_108' title='bbox 2149 596 2244 647; x_wconf 80' lang='grc' dir='ltr'><strong>καὶ</strong></span> <span class='ocrx_word' id='word_1_109' title='bbox 2276 594 2430 659; x_wconf 84' lang='grc' dir='ltr'>τέλος</span> <span class='ocrx_word' id='word_1_110' title='bbox 2475 595 2586 648; x_wconf 87' lang='grc' dir='ltr'><strong>τῶν</strong></span> <span class='ocrx_word' id='word_1_111' title='bbox 2625 595 2794 670; x_wconf 84' lang='grc' dir='ltr'>τριῶν</span> <span class='ocrx_word' id='word_1_112' title='bbox 2826 596 3066 667; x_wconf 85' lang='grc' dir='ltr'>βιϐλίων,</span> <span class='ocrx_word' id='word_1_113' title='bbox 3102 600 3243 670; x_wconf 79' lang='grc' dir='ltr'>ὁμοῦ</span> <span class='ocrx_word' id='word_1_114' title='bbox 3275 601 3330 654; x_wconf 78' lang='grc' dir='ltr'>δὲ</span> <span class='ocrx_word' id='word_1_115' title='bbox 3360 605 3538 657; x_wconf 75' lang='grc' dir='ltr'>πᾶσαι</span> <span class='ocrx_word' id='word_1_116' title='bbox 3571 604 3635 656; x_wconf 81' lang='grc' dir='ltr'>αἱ</span> <span class='ocrx_word' id='word_1_117' title='bbox 3667 603 3750 655; x_wconf 78' lang='lat' dir='ltr'><strong>ai-</strong></span> 
     </span>
    </p>
   </div>
   <div class='ocr_carea' id='block_1_18' title="bbox 2151 685 3752 763">
    <p class='ocr_par' dir='ltr' id='par_1_18' title="bbox 2151 685 3752 763">
     <span class='ocr_line' id='line_1_18' title="bbox 2151 685 3752 763; baseline 0.005 -26"><span class='ocrx_word' id='word_1_118' title='bbox 2151 685 2332 756; x_wconf 86' lang='grc' dir='ltr'>ρέσεις</span> <span class='ocrx_word' id='word_1_119' title='bbox 2358 686 2709 756; x_wconf 83' lang='grc' dir='ltr'>ὀγδοήκοντα.</span> <span class='ocrx_word' id='word_1_120' title='bbox 2729 688 2816 741; x_wconf 87' lang='grc' dir='ltr'><strong>Ἐν</strong></span> <span class='ocrx_word' id='word_1_121' title='bbox 2845 688 2994 760; x_wconf 84' lang='grc' dir='ltr'>αὐτῷ</span> <span class='ocrx_word' id='word_1_122' title='bbox 3025 689 3082 742; x_wconf 81' lang='grc' dir='ltr'>δὲ</span> <span class='ocrx_word' id='word_1_123' title='bbox 3113 689 3189 760; x_wconf 86' lang='grc' dir='ltr'><strong>τῷ</strong></span> <span class='ocrx_word' id='word_1_124' title='bbox 3223 693 3369 744; x_wconf 90' lang='grc' dir='ltr'>τέλει</span> <span class='ocrx_word' id='word_1_125' title='bbox 3412 692 3506 746; x_wconf 76' lang='grc' dir='ltr'>τοῦ</span> <span class='ocrx_word' id='word_1_126' title='bbox 3551 692 3752 763; x_wconf 79' lang='grc' dir='ltr'>τρίτου</span> 
     </span>
    </p>
   </div>
   <div class='ocr_carea' id='block_1_19' title="bbox 2151 776 3753 854">
    <p class='ocr_par' dir='ltr' id='par_1_19' title="bbox 2151 776 3753 854">
     <span class='ocr_line' id='line_1_19' title="bbox 2151 776 3753 854; baseline 0.006 -25"><span class='ocrx_word' id='word_1_127' title='bbox 2151 776 2380 848; x_wconf 87' lang='grc' dir='ltr'>βιϐλίου,</span> <span class='ocrx_word' id='word_1_128' title='bbox 2412 778 2626 850; x_wconf 80' lang='grc' dir='ltr'>ἑϐδόμῳ</span> <span class='ocrx_word' id='word_1_129' title='bbox 2672 780 2730 834; x_wconf 78' lang='grc' dir='ltr'>δὲ</span> <span class='ocrx_word' id='word_1_130' title='bbox 2775 780 2948 852; x_wconf 90' lang='grc' dir='ltr'>τόμῳ,</span> <span class='ocrx_word' id='word_1_131' title='bbox 3001 783 3059 834; x_wconf 81' lang='grc' dir='ltr'>ὲν</span> <span class='ocrx_word' id='word_1_132' title='bbox 3103 782 3316 854; x_wconf 82' lang='grc' dir='ltr'>ὑστέρῳ</span> <span class='ocrx_word' id='word_1_133' title='bbox 3349 786 3382 852; x_wconf 81' lang='grc' dir='ltr'><strong>ἠ</strong></span> <span class='ocrx_word' id='word_1_134' title='bbox 3418 783 3615 847; x_wconf 82' lang='grc' dir='ltr'>πίστις</span> <span class='ocrx_word' id='word_1_135' title='bbox 3648 783 3753 853; x_wconf 77' lang='grc' dir='ltr'>τῆς</span> 
     </span>
    </p>
   </div>
   <div class='ocr_carea' id='block_1_20' title="bbox 2150 869 3749 947">
    <p class='ocr_par' dir='ltr' id='par_1_20' title="bbox 2150 869 3749 947">
     <span class='ocr_line' id='line_1_20' title="bbox 2150 869 3749 947; baseline 0.005 -24"><span class='ocrx_word' id='word_1_136' title='bbox 2150 869 2445 941; x_wconf 87' lang='grc' dir='ltr'>καθολικῆς</span> <span class='ocrx_word' id='word_1_137' title='bbox 2485 871 2834 942; x_wconf 85' lang='grc' dir='ltr'>Ἐκκλησίας,</span> <span class='ocrx_word' id='word_1_138' title='bbox 2870 873 2966 926; x_wconf 74' lang='grc' dir='ltr'>καὶ</span> <span class='ocrx_word' id='word_1_139' title='bbox 2987 873 3251 942; x_wconf 74' lang='grc' dir='ltr'><strong>ἀπολογία</strong></span> <span class='ocrx_word' id='word_1_140' title='bbox 3281 877 3425 947; x_wconf 78' lang='grc' dir='ltr'>ὑπὲρ</span> <span class='ocrx_word' id='word_1_141' title='bbox 3450 878 3749 947; x_wconf 42' lang='grc' dir='ltr'>ἀληθείς.</span> 
     </span>
    </p>
   </div>
   <div class='ocr_carea' id='block_1_21' title="bbox 2149 962 3753 1040">
    <p class='ocr_par' dir='ltr' id='par_1_21' title="bbox 2149 962 3753 1040">
     <span class='ocr_line' id='line_1_21' title="bbox 2149 962 3753 1040; baseline 0.006 -26"><span class='ocrx_word' id='word_1_142' title='bbox 2149 962 2245 1014; x_wconf 81' lang='grc' dir='ltr'>καὶ</span> <span class='ocrx_word' id='word_1_143' title='bbox 2270 963 2532 1033; x_wconf 88' lang='grc' dir='ltr'>κήρυγμα</span> <span class='ocrx_word' id='word_1_144' title='bbox 2561 963 2655 1017; x_wconf 80' lang='grc' dir='ltr'>τοῦ</span> <span class='ocrx_word' id='word_1_145' title='bbox 2684 963 3012 1034; x_wconf 86' lang='grc' dir='ltr'>Εύαγγελίου</span> <span class='ocrx_word' id='word_1_146' title='bbox 3035 966 3294 1038; x_wconf 80' lang='grc' dir='ltr'><strong>Χριστοῦ,</strong></span> <span class='ocrx_word' id='word_1_147' title='bbox 3326 970 3419 1021; x_wconf 79' lang='grc' dir='ltr'>καὶ</span> <span class='ocrx_word' id='word_1_148' title='bbox 3446 970 3753 1040; x_wconf 67' lang='grc' dir='ltr'>χαρακτὴρ</span> 
     </span>
    </p>
   </div>
   <div class='ocr_carea' id='block_1_22' title="bbox 2148 1053 3749 1133">
    <p class='ocr_par' dir='ltr' id='par_1_22' title="bbox 2148 1053 3749 1133">
     <span class='ocr_line' id='line_1_22' title="bbox 2148 1053 3749 1133; baseline 0.005 -27"><span class='ocrx_word' id='word_1_149' title='bbox 2148 1053 2249 1124; x_wconf 82' lang='grc' dir='ltr'>τῆς</span> <span class='ocrx_word' id='word_1_150' title='bbox 2289 1054 2583 1126; x_wconf 85' lang='grc' dir='ltr'>καθολικῆς</span> <span class='ocrx_word' id='word_1_151' title='bbox 2631 1055 2960 1127; x_wconf 86' lang='grc' dir='ltr'>Ἐκκλησίας</span> <span class='ocrx_word' id='word_1_152' title='bbox 3016 1057 3115 1128; x_wconf 85' lang='grc' dir='ltr'><strong>τῆς</strong></span> <span class='ocrx_word' id='word_1_153' title='bbox 3162 1058 3495 1124; x_wconf 79' lang='grc' dir='ltr'>ἀπ’,αίῶνος</span> <span class='ocrx_word' id='word_1_154' title='bbox 3547 1061 3749 1133; x_wconf 73' lang='grc' dir='ltr'>οὔσης,</span> 
     </span>
    </p>
   </div>
   <div class='ocr_carea' id='block_1_23' title="bbox 2150 1144 3749 1224">
    <p class='ocr_par' dir='ltr' id='par_1_23' title="bbox 2150 1144 3749 1224">
     <span class='ocr_line' id='line_1_23' title="bbox 2150 1144 3749 1224; baseline 0.004 -26"><span class='ocrx_word' id='word_1_155' title='bbox 2150 1144 2292 1198; x_wconf 86' lang='grc' dir='ltr'>κατὰ</span> <span class='ocrx_word' id='word_1_156' title='bbox 2328 1145 2384 1198; x_wconf 85' lang='grc' dir='ltr'>δὲ</span> <span class='ocrx_word' id='word_1_157' title='bbox 2411 1144 2664 1218; x_wconf 80' lang='grc' dir='ltr'>διαδοχὴν</span> <span class='ocrx_word' id='word_1_158' title='bbox 2697 1149 2906 1218; x_wconf 83' lang='grc' dir='ltr'><strong>χρόνων</strong></span> <span class='ocrx_word' id='word_1_159' title='bbox 2933 1148 3289 1219; x_wconf 81' lang='grc' dir='ltr'><strong>φανερώτατα</strong></span> <span class='ocrx_word' id='word_1_160' title='bbox 3309 1152 3368 1204; x_wconf 87' lang='grc' dir='ltr'>ὲν</span> <span class='ocrx_word' id='word_1_161' title='bbox 3402 1154 3467 1223; x_wconf 81' lang='grc' dir='ltr'>τῇ</span> <span class='ocrx_word' id='word_1_162' title='bbox 3499 1153 3749 1224; x_wconf 73' lang='grc' dir='ltr'>Χριστοῦ</span> 
     </span>
    </p>
   </div>
   <div class='ocr_carea' id='block_1_24' title="bbox 2150 1239 3242 1313">
    <p class='ocr_par' dir='ltr' id='par_1_24' title="bbox 2150 1239 3242 1313">
     <span class='ocr_line' id='line_1_24' title="bbox 2150 1239 3242 1313; baseline 0.005 -23"><span class='ocrx_word' id='word_1_163' title='bbox 2150 1239 2403 1311; x_wconf 84' lang='grc' dir='ltr'>ὲνσάρκῳ</span> <span class='ocrx_word' id='word_1_164' title='bbox 2433 1240 2712 1311; x_wconf 73' lang='grc' dir='ltr'>παρουσίᾳ</span> <span class='ocrx_word' id='word_1_165' title='bbox 2741 1241 3242 1313; x_wconf 80' lang='grc' dir='ltr'>ἀποκαλυφθείσης.</span> 
     </span>
    </p>
   </div>
   <div class='ocr_carea' id='block_1_25' title="bbox 2223 1331 3752 1407">
    <p class='ocr_par' dir='ltr' id='par_1_25' title="bbox 2223 1331 3752 1407">
     <span class='ocr_line' id='line_1_25' title="bbox 2223 1331 3752 1407; baseline 0.003 -24"><span class='ocrx_word' id='word_1_166' title='bbox 2223 1331 2332 1384; x_wconf 76' lang='grc' dir='ltr'><strong>Καὶ</strong></span> <span class='ocrx_word' id='word_1_167' title='bbox 2379 1332 2521 1385; x_wconf 85' lang='grc' dir='ltr'>πόσα</span> <span class='ocrx_word' id='word_1_168' title='bbox 2568 1333 2858 1405; x_wconf 81' lang='grc' dir='ltr'>δυνήσεται</span> <span class='ocrx_word' id='word_1_169' title='bbox 2891 1333 3002 1405; x_wconf 85' lang='grc'>(51)</span> <span class='ocrx_word' id='word_1_170' title='bbox 3046 1337 3074 1387; x_wconf 85' lang='grc' dir='ltr'>ὁ</span> <span class='ocrx_word' id='word_1_171' title='bbox 3123 1334 3247 1398; x_wconf 79' lang='grc' dir='ltr'>νοῦς</span> <span class='ocrx_word' id='word_1_172' title='bbox 3291 1336 3400 1388; x_wconf 88' lang='grc' dir='ltr'><strong>τῶν</strong></span> <span class='ocrx_word' id='word_1_173' title='bbox 3431 1336 3752 1407; x_wconf 75' lang='grc' dir='ltr'>ἀνθρώπων</span> 
     </span>
    </p>
   </div>
   <div class='ocr_carea' id='block_1_26' title="bbox 2147 1421 3749 1502">
    <p class='ocr_par' dir='ltr' id='par_1_26' title="bbox 2147 1421 3749 1502">
     <span class='ocr_line' id='line_1_26' title="bbox 2147 1421 3749 1502; baseline 0.006 -28"><span class='ocrx_word' id='word_1_174' title='bbox 2147 1421 2438 1492; x_wconf 77' lang='grc' dir='ltr'><strong>συλλέγειν</strong></span> <span class='ocrx_word' id='word_1_175' title='bbox 2466 1425 2576 1478; x_wconf 88' lang='grc' dir='ltr'><strong>τῶν</strong></span> <span class='ocrx_word' id='word_1_176' title='bbox 2601 1426 2872 1481; x_wconf 83' lang='grc' dir='ltr'><strong>τοσούτων</strong></span> <span class='ocrx_word' id='word_1_177' title='bbox 2897 1429 2991 1482; x_wconf 80' lang='grc' dir='ltr'>καὶ</span> <span class='ocrx_word' id='word_1_178' title='bbox 3019 1429 3272 1500; x_wconf 85' lang='grc' dir='ltr'>μεγάλων</span> <span class='ocrx_word' id='word_1_179' title='bbox 3294 1430 3749 1502; x_wconf 58' lang='grc' dir='ltr'>ὀνομαζομένων,</span> 
     </span>
    </p>
   </div>
   <div class='ocr_carea' id='block_1_27' title="bbox 2152 1514 3746 1594">
    <p class='ocr_par' dir='ltr' id='par_1_27' title="bbox 2152 1514 3746 1594">
     <span class='ocr_line' id='line_1_27' title="bbox 2152 1514 3746 1594; baseline 0.006 -27"><span class='ocrx_word' id='word_1_180' title='bbox 2152 1514 2246 1568; x_wconf 79' lang='grc' dir='ltr'>καὶ</span> <span class='ocrx_word' id='word_1_181' title='bbox 2273 1516 2330 1569; x_wconf 80' lang='grc' dir='ltr'>ὲν</span> <span class='ocrx_word' id='word_1_182' title='bbox 2359 1519 2479 1580; x_wconf 78' lang='grc' dir='ltr'>ταῖς</span> <span class='ocrx_word' id='word_1_183' title='bbox 2508 1519 2928 1590; x_wconf 75' lang='grc' dir='ltr'>ἐπαινουμέναις</span> <span class='ocrx_word' id='word_1_184' title='bbox 2960 1523 3080 1574; x_wconf 85' lang='grc' dir='ltr'>ὅσαι</span> <span class='ocrx_word' id='word_1_185' title='bbox 3115 1523 3221 1575; x_wconf 81' lang='grc' dir='ltr'>εἰσὶ</span> <span class='ocrx_word' id='word_1_186' title='bbox 3250 1523 3508 1594; x_wconf 73' lang='grc' dir='ltr'>διαφοραὶ</span> <span class='ocrx_word' id='word_1_187' title='bbox 3555 1523 3746 1578; x_wconf 83' lang='grc' dir='ltr'>νεανί-</span> 
     </span>
    </p>
   </div>
   <div class='ocr_carea' id='block_1_28' title="bbox 2149 1599 3744 1689">
    <p class='ocr_par' dir='ltr' id='par_1_28' title="bbox 2149 1599 3744 1689">
     <span class='ocr_line' id='line_1_28' title="bbox 2149 1599 3744 1689; baseline 0.009 -31"><span class='ocrx_word' id='word_1_188' title='bbox 2149 1605 2278 1668; x_wconf 88' lang='grc' dir='ltr'>δων,</span> <span class='ocrx_word' id='word_1_189' title='bbox 2312 1599 2388 1660; x_wconf 82' lang='grc' dir='ltr'>ὧν</span> <span class='ocrx_word' id='word_1_190' title='bbox 2428 1609 2527 1661; x_wconf 83' lang='grc' dir='ltr'>οὐκ</span> <span class='ocrx_word' id='word_1_191' title='bbox 2568 1609 2714 1663; x_wconf 80' lang='grc' dir='ltr'>ἐστιν</span> <span class='ocrx_word' id='word_1_192' title='bbox 2744 1612 3009 1684; x_wconf 83' lang='grc' dir='ltr'>ἀριθμόςὲ</span> <span class='ocrx_word' id='word_1_193' title='bbox 3042 1614 3160 1668; x_wconf 94' lang='grc' dir='ltr'><strong>Τῶν</strong></span> <span class='ocrx_word' id='word_1_194' title='bbox 3187 1615 3285 1686; x_wconf 86' lang='grc' dir='ltr'>μὲν</span> <span class='ocrx_word' id='word_1_195' title='bbox 3328 1617 3461 1689; x_wconf 71' lang='grc' dir='ltr'>πρὸς</span> <span class='ocrx_word' id='word_1_196' title='bbox 3493 1617 3744 1680; x_wconf 81' lang='grc' dir='ltr'>ἔπαινον,</span> 
     </span>
    </p>
   </div>
   <div class='ocr_carea' id='block_1_29' title="bbox 2153 1697 3745 1776">
    <p class='ocr_par' dir='ltr' id='par_1_29' title="bbox 2153 1697 3745 1776">
     <span class='ocr_line' id='line_1_29' title="bbox 2153 1697 3745 1776; baseline 0.008 -26"><span class='ocrx_word' id='word_1_197' title='bbox 2153 1697 2328 1751; x_wconf 84' lang='grc' dir='ltr'>ἄλλων</span> <span class='ocrx_word' id='word_1_198' title='bbox 2375 1699 2432 1752; x_wconf 85' lang='grc' dir='ltr'>δὲ</span> <span class='ocrx_word' id='word_1_199' title='bbox 2485 1700 2558 1772; x_wconf 84' lang='grc' dir='ltr'>μὴ</span> <span class='ocrx_word' id='word_1_200' title='bbox 2605 1702 3045 1775; x_wconf 69' lang='grc' dir='ltr'>ἐπαινουμένωνσ</span> <span class='ocrx_word' id='word_1_201' title='bbox 3079 1706 3193 1776; x_wconf 71' lang='lat'><strong>(52)</strong></span> <span class='ocrx_word' id='word_1_202' title='bbox 3226 1707 3334 1761; x_wconf 89' lang='grc' dir='ltr'><strong>τῶν</strong></span> <span class='ocrx_word' id='word_1_203' title='bbox 3379 1709 3437 1762; x_wconf 86' lang='grc' dir='ltr'>δὲ</span> <span class='ocrx_word' id='word_1_204' title='bbox 3480 1710 3578 1762; x_wconf 81' lang='grc' dir='ltr'><strong>ἀπ’</strong></span> <span class='ocrx_word' id='word_1_205' title='bbox 3609 1711 3745 1763; x_wconf 77' lang='grc' dir='ltr'>ἰδίου</span> 
     </span>
    </p>
   </div>
   <div class='ocr_carea' id='block_1_30' title="bbox 2145 1787 3749 1868">
    <p class='ocr_par' dir='ltr' id='par_1_30' title="bbox 2145 1787 3749 1868">
     <span class='ocr_line' id='line_1_30' title="bbox 2145 1787 3749 1868; baseline 0.009 -30"><span class='ocrx_word' id='word_1_206' title='bbox 2145 1787 2272 1856; x_wconf 33' lang='grc' dir='ltr'>,νοὸς</span> <span class='ocrx_word' id='word_1_207' title='bbox 2304 1787 2372 1841; x_wconf 84' lang='grc' dir='ltr'>τὰ</span> <span class='ocrx_word' id='word_1_208' title='bbox 2399 1788 2535 1858; x_wconf 82' lang='grc' dir='ltr'>πρὸς</span> <span class='ocrx_word' id='word_1_209' title='bbox 2573 1791 2851 1845; x_wconf 82' lang='grc' dir='ltr'>πολιτείαν</span> <span class='ocrx_word' id='word_1_210' title='bbox 2883 1795 2972 1846; x_wconf 77' lang='grc' dir='ltr'>καὶ</span> <span class='ocrx_word' id='word_1_211' title='bbox 3005 1793 3237 1866; x_wconf 77' lang='grc' dir='ltr'>ἄσκησιν</span> <span class='ocrx_word' id='word_1_212' title='bbox 3267 1797 3362 1849; x_wconf 74' lang='grc' dir='ltr'>καὶ</span> <span class='ocrx_word' id='word_1_213' title='bbox 3393 1796 3594 1868; x_wconf 83' lang='grc' dir='ltr'>θεσμὸν</span> <span class='ocrx_word' id='word_1_214' title='bbox 3619 1800 3749 1851; x_wconf 72' lang='grc' dir='ltr'>ἐσυ-</span> 
     </span>
    </p>
   </div>
   <div class='ocr_carea' id='block_1_31' title="bbox 471 1864 2061 1959">
    <p class='ocr_par' dir='ltr' id='par_1_31' title="bbox 471 1875 2046 1946">
     <span class='ocr_line' id='line_1_31' title="bbox 471 1875 2046 1946; baseline -0.001 -14"><span class='ocrx_word' id='word_1_215' title='bbox 471 1891 720 1932; x_wconf 85' lang='lat' dir='ltr'><strong>severam</strong></span> <span class='ocrx_word' id='word_1_216' title='bbox 758 1875 1055 1946; x_wconf 86' lang='lat' dir='ltr'><strong>quamdam</strong></span> <span class='ocrx_word' id='word_1_217' title='bbox 1086 1875 1212 1930; x_wconf 82' lang='lat' dir='ltr'><strong>vitae</strong></span> <span class='ocrx_word' id='word_1_218' title='bbox 1258 1875 1610 1946; x_wconf 89' lang='lat' dir='ltr'><strong>disciplinam</strong></span> <span class='ocrx_word' id='word_1_219' title='bbox 1661 1889 1725 1929; x_wconf 92' lang='lat' dir='ltr'><strong>ac</strong></span> <span class='ocrx_word' id='word_1_220' title='bbox 1764 1876 1934 1945; x_wconf 76' lang='lat' dir='ltr'><strong>legem</strong></span> <span class='ocrx_word' id='word_1_221' title='bbox 1969 1877 2046 1931; x_wconf 79' lang='lat' dir='ltr'><strong>si-</strong></span> 
     </span>
    </p>
   </div>
   <div class='ocr_carea' id='block_1_32' title="bbox 2172 1864 3750 1959">
    <p class='ocr_par' dir='ltr' id='par_1_32' title="bbox 2172 1864 3750 1959">
     <span class='ocr_line' id='line_1_32' title="bbox 2172 1864 3750 1959; baseline 0.006 -30"><span class='ocrx_word' id='word_1_222' title='bbox 2172 1879 2270 1940; x_wconf 67' lang='grc' dir='ltr'>τοῖς</span> <span class='ocrx_word' id='word_1_223' title='bbox 2311 1878 2701 1947; x_wconf 86' lang='grc' dir='ltr'>συλλεγόντων,</span> <span class='ocrx_word' id='word_1_224' title='bbox 2727 1882 2785 1934; x_wconf 81' lang='grc' dir='ltr'>ὲν</span> <span class='ocrx_word' id='word_1_225' title='bbox 2831 1882 3033 1952; x_wconf 83' lang='grc' dir='ltr'>κόμαις</span> <span class='ocrx_word' id='word_1_226' title='bbox 3059 1901 3118 1936; x_wconf 88' lang='grc' dir='ltr'><strong>τε</strong></span> <span class='ocrx_word' id='word_1_227' title='bbox 3139 1864 3438 1955; x_wconf 79' lang='grc' dir='ltr'>προύπτως</span> <span class='ocrx_word' id='word_1_228' title='bbox 3480 1864 3750 1959; x_wconf 75' lang='grc' dir='ltr'>προερχο-</span> 
     </span>
    </p>
   </div>
   <div class='ocr_carea' id='block_1_33' title="bbox 467 1965 2048 2038">
    <p class='ocr_par' dir='ltr' id='par_1_33' title="bbox 467 1965 2048 2038">
     <span class='ocr_line' id='line_1_33' title="bbox 467 1965 2048 2038; baseline -0.002 -15"><span class='ocrx_word' id='word_1_229' title='bbox 467 1967 782 2038; x_wconf 71' lang='lat' dir='ltr'><strong>‘bimetipsis</strong></span> <span class='ocrx_word' id='word_1_230' title='bbox 812 1966 1214 2033; x_wconf 87' lang='lat' dir='ltr'><strong>condiderunt,</strong></span> <span class='ocrx_word' id='word_1_231' title='bbox 1249 1981 1312 2021; x_wconf 92' lang='lat' dir='ltr'><strong>ac</strong></span> <span class='ocrx_word' id='word_1_232' title='bbox 1343 1965 1639 2037; x_wconf 76' lang='lat' dir='ltr'><strong>prolixiora</strong></span> <span class='ocrx_word' id='word_1_233' title='bbox 1681 1981 1838 2021; x_wconf 88' lang='lat' dir='ltr'><strong>coma</strong></span> <span class='ocrx_word' id='word_1_234' title='bbox 1872 1967 2048 2036; x_wconf 88' lang='lat' dir='ltr'><strong>palam</strong></span> 
     </span>
    </p>
   </div>
   <div class='ocr_carea' id='block_1_34' title="bbox 467 2059 2056 2129">
    <p class='ocr_par' dir='ltr' id='par_1_34' title="bbox 467 2059 2056 2129">
     <span class='ocr_line' id='line_1_34' title="bbox 467 2059 2056 2129; baseline -0.002 -13"><span class='ocrx_word' id='word_1_235' title='bbox 467 2067 530 2116; x_wconf 77' lang='lat' dir='ltr'><strong>et</strong></span> <span class='ocrx_word' id='word_1_236' title='bbox 582 2061 637 2115; x_wconf 91' lang='lat' dir='ltr'><strong>in</strong></span> <span class='ocrx_word' id='word_1_237' title='bbox 678 2060 921 2114; x_wconf 92' lang='lat' dir='ltr'><strong>omnium</strong></span> <span class='ocrx_word' id='word_1_238' title='bbox 971 2059 1149 2115; x_wconf 91' lang='lat' dir='ltr'><strong>oculis</strong></span> <span class='ocrx_word' id='word_1_239' title='bbox 1191 2059 1530 2129; x_wconf 86' lang='lat' dir='ltr'><strong>procedunt;</strong></span> <span class='ocrx_word' id='word_1_240' title='bbox 1580 2060 1670 2114; x_wconf 87' lang='lat' dir='ltr'><strong>alii</strong></span> <span class='ocrx_word' id='word_1_241' title='bbox 1712 2073 1839 2114; x_wconf 86' lang='lat' dir='ltr'><strong>vero</strong></span> <span class='ocrx_word' id='word_1_242' title='bbox 1879 2060 2056 2116; x_wconf 87' lang='lat' dir='ltr'><strong>sancti</strong></span> 
     </span>
    </p>
   </div>
   <div class='ocr_carea' id='block_1_35' title="bbox 473 2152 2053 2219">
    <p class='ocr_par' dir='ltr' id='par_1_35' title="bbox 473 2152 2053 2219">
     <span class='ocr_line' id='line_1_35' title="bbox 473 2152 2053 2219; baseline -0.002 -11"><span class='ocrx_word' id='word_1_243' title='bbox 473 2154 685 2209; x_wconf 66' lang='lat' dir='ltr'><strong>fratres</strong></span> <span class='ocrx_word' id='word_1_244' title='bbox 732 2153 787 2208; x_wconf 90' lang='lat' dir='ltr'><strong>in</strong></span> <span class='ocrx_word' id='word_1_245' title='bbox 818 2153 1002 2208; x_wconf 87' lang='lat' dir='ltr'><strong>cilicio</strong></span> <span class='ocrx_word' id='word_1_246' title='bbox 1047 2161 1102 2208; x_wconf 86' lang='lat' dir='ltr'><strong>et</strong></span> <span class='ocrx_word' id='word_1_247' title='bbox 1157 2152 1344 2206; x_wconf 87' lang='lat' dir='ltr'><strong>cinere</strong></span> <span class='ocrx_word' id='word_1_248' title='bbox 1382 2152 1530 2207; x_wconf 90' lang='lat' dir='ltr'><strong>domi</strong></span> <span class='ocrx_word' id='word_1_249' title='bbox 1583 2167 1704 2208; x_wconf 90' lang='lat' dir='ltr'><strong>sese</strong></span> <span class='ocrx_word' id='word_1_250' title='bbox 1734 2153 2053 2219; x_wconf 86' lang='lat' dir='ltr'><strong>continent;</strong></span> 
     </span>
    </p>
   </div>
   <div class='ocr_carea' id='block_1_36' title="bbox 476 2243 2057 2316">
    <p class='ocr_par' dir='ltr' id='par_1_36' title="bbox 476 2243 2057 2316">
     <span class='ocr_line' id='line_1_36' title="bbox 476 2243 2057 2316; baseline 0 -16"><span class='ocrx_word' id='word_1_251' title='bbox 476 2247 569 2300; x_wconf 89' lang='lat' dir='ltr'><strong>alii</strong></span> <span class='ocrx_word' id='word_1_252' title='bbox 604 2245 842 2315; x_wconf 90' lang='lat' dir='ltr'><strong>denique</strong></span> <span class='ocrx_word' id='word_1_253' title='bbox 874 2245 1178 2316; x_wconf 87' lang='lat' dir='ltr'><strong>asperrimo</strong></span> <span class='ocrx_word' id='word_1_254' title='bbox 1217 2243 1430 2300; x_wconf 84' lang='lat' dir='ltr'><strong>vivendi</strong></span> <span class='ocrx_word' id='word_1_255' title='bbox 1467 2245 1738 2310; x_wconf 88' lang='lat' dir='ltr'><strong>instituto,</strong></span> <span class='ocrx_word' id='word_1_256' title='bbox 1777 2260 1840 2299; x_wconf 88' lang='lat' dir='ltr'><strong>ac</strong></span> <span class='ocrx_word' id='word_1_257' title='bbox 1871 2244 2057 2300; x_wconf 91' lang='lat' dir='ltr'><strong>duris-</strong></span> 
     </span>
    </p>
   </div>
   <div class='ocr_carea' id='block_1_37' title="bbox 471 2335 2054 2407">
    <p class='ocr_par' dir='ltr' id='par_1_37' title="bbox 471 2335 2054 2407">
     <span class='ocr_line' id='line_1_37' title="bbox 471 2335 2054 2407; baseline -0.001 -13"><span class='ocrx_word' id='word_1_258' title='bbox 471 2338 637 2394; x_wconf 80' lang='lat' dir='ltr'><strong>simis</strong></span> <span class='ocrx_word' id='word_1_259' title='bbox 671 2337 900 2407; x_wconf 86' lang='lat' dir='ltr'><strong>jejuniis</strong></span> <span class='ocrx_word' id='word_1_260' title='bbox 943 2346 997 2392; x_wconf 90' lang='lat' dir='ltr'><strong>et</strong></span> <span class='ocrx_word' id='word_1_261' title='bbox 1059 2338 1338 2394; x_wconf 83' lang='lat' dir='ltr'><strong>laboribus</strong></span> <span class='ocrx_word' id='word_1_262' title='bbox 1391 2335 1486 2392; x_wconf 90' lang='lat' dir='ltr'><strong>Dei</strong></span> <span class='ocrx_word' id='word_1_263' title='bbox 1536 2351 1703 2392; x_wconf 90' lang='lat' dir='ltr'><strong>causa</strong></span> <span class='ocrx_word' id='word_1_264' title='bbox 1761 2337 2054 2407; x_wconf 79' lang='lat' dir='ltr'><strong>susceptis,</strong></span> 
     </span>
    </p>
   </div>
   <div class='ocr_carea' id='block_1_38' title="bbox 477 2428 2058 2501">
    <p class='ocr_par' dir='ltr' id='par_1_38' title="bbox 477 2428 2058 2501">
     <span class='ocr_line' id='line_1_38' title="bbox 477 2428 2058 2501; baseline -0.001 -18"><span class='ocrx_word' id='word_1_265' title='bbox 477 2429 704 2500; x_wconf 87' lang='lat' dir='ltr'><strong>juvenili</strong></span> <span class='ocrx_word' id='word_1_266' title='bbox 729 2430 966 2500; x_wconf 88' lang='lat' dir='ltr'><strong>quadam</strong></span> <span class='ocrx_word' id='word_1_267' title='bbox 997 2429 1318 2484; x_wconf 79' lang='lat' dir='ltr'><strong>fortitudine</strong></span> <span class='ocrx_word' id='word_1_268' title='bbox 1370 2439 1423 2484; x_wconf 90' lang='lat' dir='ltr'><strong>et</strong></span> <span class='ocrx_word' id='word_1_269' title='bbox 1450 2428 1690 2500; x_wconf 85' lang='lat' dir='ltr'><strong>perfecta</strong></span> <span class='ocrx_word' id='word_1_270' title='bbox 1721 2443 1848 2501; x_wconf 90' lang='lat' dir='ltr'><strong>erga</strong></span> <span class='ocrx_word' id='word_1_271' title='bbox 1879 2429 2058 2500; x_wconf 90' lang='lat' dir='ltr'><strong>Spon-</strong></span> 
     </span>
    </p>
   </div>
   <div class='ocr_carea' id='block_1_39' title="bbox 481 2522 2062 2586">
    <p class='ocr_par' dir='ltr' id='par_1_39' title="bbox 481 2522 2062 2586">
     <span class='ocr_line' id='line_1_39' title="bbox 481 2522 2062 2586; baseline 0 -9"><span class='ocrx_word' id='word_1_272' title='bbox 481 2537 607 2577; x_wconf 86' lang='lat' dir='ltr'><strong>sum</strong></span> <span class='ocrx_word' id='word_1_273' title='bbox 653 2524 1014 2585; x_wconf 87' lang='lat' dir='ltr'><strong>conscientia,</strong></span> <span class='ocrx_word' id='word_1_274' title='bbox 1060 2523 1318 2578; x_wconf 90' lang='lat' dir='ltr'><strong>omnibus</strong></span> <span class='ocrx_word' id='word_1_275' title='bbox 1352 2522 1598 2586; x_wconf 82' lang='lat' dir='ltr'><strong>numeris</strong></span> <span class='ocrx_word' id='word_1_276' title='bbox 1632 2522 1939 2579; x_wconf 85' lang='lat' dir='ltr'><strong>absolutam</strong></span> <span class='ocrx_word' id='word_1_277' title='bbox 1985 2525 2062 2578; x_wconf 78' lang='lat' dir='ltr'><strong>vi-</strong></span> 
     </span>
    </p>
   </div>
   <div class='ocr_carea' id='block_1_40' title="bbox 481 2613 2058 2687">
    <p class='ocr_par' dir='ltr' id='par_1_40' title="bbox 481 2613 2058 2687">
     <span class='ocr_line' id='line_1_40' title="bbox 481 2613 2058 2687; baseline -0.001 -17"><span class='ocrx_word' id='word_1_278' title='bbox 481 2624 596 2670; x_wconf 78' lang='lat' dir='ltr'><strong>tam</strong></span> <span class='ocrx_word' id='word_1_279' title='bbox 623 2617 966 2687; x_wconf 81' lang='lat' dir='ltr'><strong>exprimunt:</strong></span> <span class='ocrx_word' id='word_1_280' title='bbox 998 2615 1090 2669; x_wconf 90' lang='lat' dir='ltr'><strong>alii</strong></span> <span class='ocrx_word' id='word_1_281' title='bbox 1121 2614 1363 2679; x_wconf 89' lang='lat' dir='ltr'><strong>demum,</strong></span> <span class='ocrx_word' id='word_1_282' title='bbox 1397 2613 1542 2685; x_wconf 91' lang='lat' dir='ltr'><strong>quod</strong></span> <span class='ocrx_word' id='word_1_283' title='bbox 1576 2615 1739 2685; x_wconf 90' lang='lat' dir='ltr'><strong>paulo</strong></span> <span class='ocrx_word' id='word_1_284' title='bbox 1769 2623 1896 2671; x_wconf 89' lang='lat' dir='ltr'><strong>ante</strong></span> <span class='ocrx_word' id='word_1_285' title='bbox 1925 2616 2058 2680; x_wconf 85' lang='lat' dir='ltr'><strong>dixi,</strong></span> 
     </span>
    </p>
   </div>
   <div class='ocr_carea' id='block_1_41' title="bbox 481 2706 2063 2778">
    <p class='ocr_par' dir='ltr' id='par_1_41' title="bbox 481 2706 2063 2778">
     <span class='ocr_line' id='line_1_41' title="bbox 481 2706 2063 2778; baseline -0.002 -14"><span class='ocrx_word' id='word_1_286' title='bbox 481 2723 595 2764; x_wconf 87' lang='lat' dir='ltr'><strong>non</strong></span> <span class='ocrx_word' id='word_1_287' title='bbox 633 2709 868 2775; x_wconf 87' lang='lat' dir='ltr'><strong>sincere,</strong></span> <span class='ocrx_word' id='word_1_288' title='bbox 901 2707 994 2764; x_wconf 89' lang='lat' dir='ltr'><strong>sed</strong></span> <span class='ocrx_word' id='word_1_289' title='bbox 1023 2707 1396 2763; x_wconf 86' lang='lat' dir='ltr'><strong>obstinatione</strong></span> <span class='ocrx_word' id='word_1_290' title='bbox 1423 2706 1659 2778; x_wconf 90' lang='lat' dir='ltr'><strong>quadam</strong></span> <span class='ocrx_word' id='word_1_291' title='bbox 1699 2707 1889 2772; x_wconf 89' lang='lat' dir='ltr'><strong>animi,</strong></span> <span class='ocrx_word' id='word_1_292' title='bbox 1914 2708 2063 2763; x_wconf 85' lang='lat' dir='ltr'><strong>velut</strong></span> 
     </span>
    </p>
   </div>
   <div class='ocr_carea' id='block_1_42' title="bbox 485 2798 2058 2875">
    <p class='ocr_par' dir='ltr' id='par_1_42' title="bbox 485 2798 2058 2875">
     <span class='ocr_line' id='line_1_42' title="bbox 485 2798 2058 2875; baseline -0.002 -19"><span class='ocrx_word' id='word_1_293' title='bbox 485 2802 798 2875; x_wconf 82' lang='lat' dir='ltr'><strong>tyrannice,</strong></span> <span class='ocrx_word' id='word_1_294' title='bbox 830 2808 1026 2871; x_wconf 65' lang='lat' dir='ltr'><strong>praeter</strong></span> <span class='ocrx_word' id='word_1_295' title='bbox 1051 2799 1336 2854; x_wconf 83' lang='lat' dir='ltr'><strong>veritatem</strong></span> <span class='ocrx_word' id='word_1_296' title='bbox 1380 2799 1681 2855; x_wconf 81' lang='lat' dir='ltr'><strong>insolenter</strong></span> <span class='ocrx_word' id='word_1_297' title='bbox 1713 2798 2016 2855; x_wconf 77' lang='lat' dir='ltr'><strong>eﬁeruntur</strong></span> <span class='ocrx_word' id='word_1_298' title='bbox 2044 2817 2058 2853; x_wconf 90' lang='lat'><strong>:</strong></span> 
     </span>
    </p>
   </div>
   <div class='ocr_carea' id='block_1_43' title="bbox 466 2893 2061 2967">
    <p class='ocr_par' dir='ltr' id='par_1_43' title="bbox 466 2893 2061 2967">
     <span class='ocr_line' id='line_1_43' title="bbox 466 2893 2061 2967; baseline 0.001 -17"><span class='ocrx_word' id='word_1_299' title='bbox 466 2893 758 2966; x_wconf 71' lang='lat' dir='ltr'><strong>ejusmodi</strong></span> <span class='ocrx_word' id='word_1_300' title='bbox 789 2894 1083 2952; x_wconf 72' lang='lat' dir='ltr'><strong>Zacchzeus</strong></span> <span class='ocrx_word' id='word_1_301' title='bbox 1106 2897 1196 2952; x_wconf 93' lang='lat' dir='ltr'><strong>ille</strong></span> <span class='ocrx_word' id='word_1_302' title='bbox 1220 2895 1342 2961; x_wconf 79' lang='lat' dir='ltr'><strong>fuit,</strong></span> <span class='ocrx_word' id='word_1_303' title='bbox 1376 2896 1471 2967; x_wconf 90' lang='lat' dir='ltr'><strong>qui</strong></span> <span class='ocrx_word' id='word_1_304' title='bbox 1502 2911 1679 2967; x_wconf 84' lang='lat' dir='ltr'><strong>nuper</strong></span> <span class='ocrx_word' id='word_1_305' title='bbox 1714 2897 1769 2951; x_wconf 91' lang='lat' dir='ltr'><strong>in</strong></span> <span class='ocrx_word' id='word_1_306' title='bbox 1801 2904 2061 2951; x_wconf 89' lang='lat' dir='ltr'><strong>montana</strong></span> 
     </span>
    </p>
   </div>
   <div class='ocr_carea' id='block_1_44' title="bbox 474 2987 2060 3060">
    <p class='ocr_par' dir='ltr' id='par_1_44' title="bbox 474 2987 2060 3060">
     <span class='ocr_line' id='line_1_44' title="bbox 474 2987 2060 3060; baseline 0.001 -18"><span class='ocrx_word' id='word_1_307' title='bbox 474 2987 709 3059; x_wconf 67' lang='lat' dir='ltr'><strong>regione</strong></span> <span class='ocrx_word' id='word_1_308' title='bbox 755 2987 823 3042; x_wconf 91' lang='lat' dir='ltr'><strong>ad</strong></span> <span class='ocrx_word' id='word_1_309' title='bbox 872 2987 1248 3060; x_wconf 83' lang='lat' dir='ltr'><strong>Hierosolyma</strong></span> <span class='ocrx_word' id='word_1_310' title='bbox 1303 2997 1557 3044; x_wconf 89' lang='lat' dir='ltr'><strong>mortuus</strong></span> <span class='ocrx_word' id='word_1_311' title='bbox 1601 2997 1724 3055; x_wconf 89' lang='lat' dir='ltr'><strong>est;</strong></span> <span class='ocrx_word' id='word_1_312' title='bbox 1787 2990 1881 3060; x_wconf 90' lang='lat' dir='ltr'><strong>qui</strong></span> <span class='ocrx_word' id='word_1_313' title='bbox 1936 3004 2060 3044; x_wconf 86' lang='lat' dir='ltr'><strong>cum</strong></span> 
     </span>
    </p>
   </div>
   <div class='ocr_carea' id='block_1_45' title="bbox 471 3079 2064 3152">
    <p class='ocr_par' dir='ltr' id='par_1_45' title="bbox 471 3079 2064 3152">
     <span class='ocr_line' id='line_1_45' title="bbox 471 3079 2064 3152; baseline 0.001 -16"><span class='ocrx_word' id='word_1_314' title='bbox 471 3081 703 3137; x_wconf 61' lang='lat' dir='ltr'><strong>nemine</strong></span> <span class='ocrx_word' id='word_1_315' title='bbox 732 3095 976 3152; x_wconf 88' lang='lat' dir='ltr'><strong>unquam</strong></span> <span class='ocrx_word' id='word_1_316' title='bbox 1010 3079 1270 3151; x_wconf 88' lang='lat' dir='ltr'><strong>precandi</strong></span> <span class='ocrx_word' id='word_1_317' title='bbox 1297 3080 1686 3135; x_wconf 91' lang='lat' dir='ltr'><strong>communione</strong></span> <span class='ocrx_word' id='word_1_318' title='bbox 1716 3080 1976 3151; x_wconf 84' lang='lat' dir='ltr'><strong>conjungi</strong></span> <span class='ocrx_word' id='word_1_319' title='bbox 2005 3096 2064 3138; x_wconf 90' lang='lat' dir='ltr'><strong>se</strong></span> 
     </span>
    </p>
   </div>
   <div class='ocr_carea' id='block_1_46' title="bbox 2161 1967 3748 2047">
    <p class='ocr_par' dir='ltr' id='par_1_46' title="bbox 2161 1967 3748 2047">
     <span class='ocr_line' id='line_1_46' title="bbox 2161 1967 3748 2047; baseline 0.009 -28"><span class='ocrx_word' id='word_1_320' title='bbox 2161 1967 2367 2036; x_wconf 59' lang='grc' dir='ltr'>μένων</span> <span class='ocrx_word' id='word_1_321' title='bbox 2406 1969 2580 2024; x_wconf 79' lang='grc' dir='ltr'>ἄλλων</span> <span class='ocrx_word' id='word_1_322' title='bbox 2613 1971 2670 2024; x_wconf 81' lang='grc' dir='ltr'>δὲ</span> <span class='ocrx_word' id='word_1_323' title='bbox 2711 1973 2880 2041; x_wconf 86' lang='grc' dir='ltr'>ἁγίων</span> <span class='ocrx_word' id='word_1_324' title='bbox 2907 1975 3150 2044; x_wconf 65' lang='grc' dir='ltr'>ἀδελφῶν</span> <span class='ocrx_word' id='word_1_325' title='bbox 3183 1979 3240 2030; x_wconf 78' lang='grc' dir='ltr'>ἐν</span> <span class='ocrx_word' id='word_1_326' title='bbox 3271 1978 3463 2047; x_wconf 85' lang='grc' dir='ltr'>σάκκῳ</span> <span class='ocrx_word' id='word_1_327' title='bbox 3486 1981 3582 2031; x_wconf 76' lang='grc' dir='ltr'>καὶ</span> <span class='ocrx_word' id='word_1_328' title='bbox 3613 1998 3748 2032; x_wconf 68' lang='grc' dir='ltr'>σπο-</span> 
     </span>
    </p>
   </div>
   <div class='ocr_carea' id='block_1_47' title="bbox 2156 2056 3747 2133">
    <p class='ocr_par' dir='ltr' id='par_1_47' title="bbox 2156 2056 3747 2133">
     <span class='ocr_line' id='line_1_47' title="bbox 2156 2056 3747 2133; baseline 0.007 -24"><span class='ocrx_word' id='word_1_329' title='bbox 2156 2056 2232 2127; x_wconf 81' lang='grc' dir='ltr'>δῷ</span> <span class='ocrx_word' id='word_1_330' title='bbox 2259 2057 2441 2111; x_wconf 82' lang='grc' dir='ltr'>οἴκαδε</span> <span class='ocrx_word' id='word_1_331' title='bbox 2471 2060 2880 2128; x_wconf 67' lang='grc' dir='ltr'>καθεζομένωνσ</span> <span class='ocrx_word' id='word_1_332' title='bbox 2917 2065 3012 2117; x_wconf 76' lang='grc' dir='ltr'>καὶ</span> <span class='ocrx_word' id='word_1_333' title='bbox 3046 2065 3126 2118; x_wconf 77' lang='grc' dir='ltr'><strong>ἔτι</strong></span> <span class='ocrx_word' id='word_1_334' title='bbox 3154 2067 3328 2120; x_wconf 78' lang='grc' dir='ltr'>ἄλλων</span> <span class='ocrx_word' id='word_1_335' title='bbox 3357 2069 3416 2121; x_wconf 81' lang='grc' dir='ltr'>ὲν</span> <span class='ocrx_word' id='word_1_336' title='bbox 3443 2068 3747 2133; x_wconf 72' lang='grc' dir='ltr'>πολιτείαις</span> 
     </span>
    </p>
   </div>
   <div class='ocr_carea' id='block_1_48' title="bbox 2159 2151 3745 2233">
    <p class='ocr_par' dir='ltr' id='par_1_48' title="bbox 2159 2151 3745 2233">
     <span class='ocr_line' id='line_1_48' title="bbox 2159 2151 3745 2233; baseline 0.008 -31"><span class='ocrx_word' id='word_1_337' title='bbox 2159 2151 2253 2202; x_wconf 80' lang='grc' dir='ltr'>καὶ</span> <span class='ocrx_word' id='word_1_338' title='bbox 2315 2154 2591 2222; x_wconf 83' lang='grc' dir='ltr'>νηστείαις</span> <span class='ocrx_word' id='word_1_339' title='bbox 2650 2151 3116 2227; x_wconf 68' lang='grc' dir='ltr'>ὑπερϐαλλούσαις</span> <span class='ocrx_word' id='word_1_340' title='bbox 3169 2160 3262 2212; x_wconf 83' lang='grc' dir='ltr'><strong>καί</strong></span> <span class='ocrx_word' id='word_1_341' title='bbox 3313 2163 3548 2232; x_wconf 79' lang='grc' dir='ltr'>καμάτῳ</span> <span class='ocrx_word' id='word_1_342' title='bbox 3606 2163 3745 2233; x_wconf 73' lang='grc' dir='ltr'>πρὸς</span> 
     </span>
    </p>
   </div>
   <div class='ocr_carea' id='block_1_49' title="bbox 2158 2238 3747 2319">
    <p class='ocr_par' dir='ltr' id='par_1_49' title="bbox 2158 2238 3747 2319">
     <span class='ocr_line' id='line_1_49' title="bbox 2158 2238 3747 2319; baseline 0.008 -28"><span class='ocrx_word' id='word_1_343' title='bbox 2158 2238 2311 2301; x_wconf 84' lang='grc' dir='ltr'>Θεὸν,</span> <span class='ocrx_word' id='word_1_344' title='bbox 2363 2245 2421 2295; x_wconf 83' lang='grc' dir='ltr'>ὲν</span> <span class='ocrx_word' id='word_1_345' title='bbox 2467 2243 2770 2314; x_wconf 85' lang='grc' dir='ltr'>νεανιότητι</span> <span class='ocrx_word' id='word_1_346' title='bbox 2812 2248 2878 2316; x_wconf 80' lang='grc' dir='ltr'>τῇ</span> <span class='ocrx_word' id='word_1_347' title='bbox 2923 2246 3060 2318; x_wconf 73' lang='grc' dir='ltr'>πρὸς</span> <span class='ocrx_word' id='word_1_348' title='bbox 3106 2248 3199 2300; x_wconf 80' lang='grc' dir='ltr'>τὸν</span> <span class='ocrx_word' id='word_1_349' title='bbox 3228 2250 3482 2319; x_wconf 58' lang='grc' dir='ltr'>Νυμῳίον</span> <span class='ocrx_word' id='word_1_350' title='bbox 3527 2252 3747 2304; x_wconf 75' lang='grc' dir='ltr'>τελείαν</span> 
     </span>
    </p>
   </div>
   <div class='ocr_carea' id='block_1_50' title="bbox 2162 2335 3739 2417">
    <p class='ocr_par' dir='ltr' id='par_1_50' title="bbox 2162 2335 3739 2417">
     <span class='ocr_line' id='line_1_50' title="bbox 2162 2335 3739 2417; baseline 0.003 -28"><span class='ocrx_word' id='word_1_351' title='bbox 2162 2335 2539 2407; x_wconf 79' lang='grc' dir='ltr'>συνείδησιν³’</span> <span class='ocrx_word' id='word_1_352' title='bbox 2585 2336 2789 2408; x_wconf 82' lang='grc' dir='ltr'>ἑτέρων</span> <span class='ocrx_word' id='word_1_353' title='bbox 2839 2339 3024 2417; x_wconf 48' lang='lat' dir='ltr'><strong>asa;</strong></span> <span class='ocrx_word' id='word_1_354' title='bbox 3071 2342 3353 2410; x_wconf 82' lang='grc' dir='ltr'>προεῖπον,</span> <span class='ocrx_word' id='word_1_355' title='bbox 3390 2343 3490 2395; x_wconf 81' lang='grc' dir='ltr'>οὐκ</span> <span class='ocrx_word' id='word_1_356' title='bbox 3538 2345 3739 2414; x_wconf 77' lang='grc' dir='ltr'>ὀρθῶς,</span> 
     </span>
    </p>
   </div>
   <div class='ocr_carea' id='block_1_51' title="bbox 2159 2421 3745 2506">
    <p class='ocr_par' dir='ltr' id='par_1_51' title="bbox 2159 2421 3745 2506">
     <span class='ocr_line' id='line_1_51' title="bbox 2159 2421 3745 2506; baseline 0.001 -24"><span class='ocrx_word' id='word_1_357' title='bbox 2159 2427 2298 2482; x_wconf 83' lang='grc' dir='ltr'>ἀλλὰ</span> <span class='ocrx_word' id='word_1_358' title='bbox 2319 2427 2461 2481; x_wconf 88' lang='grc' dir='ltr'>κατά</span> <span class='ocrx_word' id='word_1_359' title='bbox 2486 2444 2608 2481; x_wconf 86' lang='grc' dir='ltr'>τινα</span> <span class='ocrx_word' id='word_1_360' title='bbox 2633 2428 2901 2499; x_wconf 80' lang='grc' dir='ltr'>πρόληψιν</span> <span class='ocrx_word' id='word_1_361' title='bbox 2925 2421 3064 2494; x_wconf 82' lang='grc' dir='ltr'>νοδς,</span> <span class='ocrx_word' id='word_1_362' title='bbox 3099 2432 3437 2502; x_wconf 85' lang='grc' dir='ltr'>τυραννικῶς</span> <span class='ocrx_word' id='word_1_363' title='bbox 3465 2436 3619 2506; x_wconf 79' lang='grc' dir='ltr'>παρὰ</span> <span class='ocrx_word' id='word_1_364' title='bbox 3648 2435 3745 2505; x_wconf 74' lang='grc' dir='ltr'>τὴν</span> 
     </span>
    </p>
   </div>
   <div class='ocr_carea' id='block_1_52' title="bbox 2161 2521 3743 2597">
    <p class='ocr_par' dir='ltr' id='par_1_52' title="bbox 2161 2521 3743 2597">
     <span class='ocr_line' id='line_1_52' title="bbox 2161 2521 3743 2597; baseline 0.003 -23"><span class='ocrx_word' id='word_1_365' title='bbox 2161 2521 2416 2591; x_wconf 85' lang='grc' dir='ltr'>ἀλήθειαν</span> <span class='ocrx_word' id='word_1_366' title='bbox 2448 2521 2874 2592; x_wconf 85' lang='grc' dir='ltr'>νεανιευομένων</span> <span class='ocrx_word' id='word_1_367' title='bbox 2896 2539 2910 2552; x_wconf 89' lang='grc'>·</span> <span class='ocrx_word' id='word_1_368' title='bbox 2948 2522 3025 2586; x_wconf 86' lang='grc' dir='ltr'>ὼς</span> <span class='ocrx_word' id='word_1_369' title='bbox 3053 2524 3320 2593; x_wconf 78' lang='grc' dir='ltr'>Ζακχαῖος</span> <span class='ocrx_word' id='word_1_370' title='bbox 3352 2523 3463 2592; x_wconf 82' lang='grc'>(55)</span> <span class='ocrx_word' id='word_1_371' title='bbox 3493 2527 3596 2595; x_wconf 84' lang='grc' dir='ltr'>μὲν</span> <span class='ocrx_word' id='word_1_372' title='bbox 3637 2527 3743 2597; x_wconf 65' lang='grc' dir='ltr'>πρὸ</span> 
     </span>
    </p>
   </div>
   <div class='ocr_carea' id='block_1_53' title="bbox 2164 2613 3744 2690">
    <p class='ocr_par' dir='ltr' id='par_1_53' title="bbox 2164 2613 3744 2690">
     <span class='ocr_line' id='line_1_53' title="bbox 2164 2613 3744 2690; baseline 0.004 -24"><span class='ocrx_word' id='word_1_373' title='bbox 2164 2613 2408 2686; x_wconf 78' lang='grc' dir='ltr'>βραχέως</span> <span class='ocrx_word' id='word_1_374' title='bbox 2433 2614 2762 2686; x_wconf 81' lang='grc' dir='ltr'>τελευτήσας</span> <span class='ocrx_word' id='word_1_375' title='bbox 2789 2617 2846 2668; x_wconf 81' lang='grc' dir='ltr'>ὲν</span> <span class='ocrx_word' id='word_1_376' title='bbox 2872 2618 2939 2686; x_wconf 85' lang='grc' dir='ltr'>τῇ</span> <span class='ocrx_word' id='word_1_377' title='bbox 2964 2616 3146 2688; x_wconf 80' lang='grc' dir='ltr'>ὀρεινῇ</span> <span class='ocrx_word' id='word_1_378' title='bbox 3175 2620 3240 2687; x_wconf 86' lang='grc' dir='ltr'>τῇ</span> <span class='ocrx_word' id='word_1_379' title='bbox 3273 2617 3489 2689; x_wconf 73' lang='grc' dir='ltr'>περὶτὰ</span> <span class='ocrx_word' id='word_1_380' title='bbox 3517 2619 3744 2690; x_wconf 78' lang='grc' dir='ltr'>Ἱεροσό-</span> 
     </span>
    </p>
   </div>
   <div class='ocr_carea' id='block_1_54' title="bbox 2162 2706 3742 2780">
    <p class='ocr_par' dir='ltr' id='par_1_54' title="bbox 2162 2706 3742 2780">
     <span class='ocr_line' id='line_1_54' title="bbox 2162 2706 3742 2780; baseline 0.004 -21"><span class='ocrx_word' id='word_1_381' title='bbox 2162 2706 2331 2778; x_wconf 91' lang='grc' dir='ltr'>λυμα,</span> <span class='ocrx_word' id='word_1_382' title='bbox 2365 2707 2424 2770; x_wconf 86' lang='grc' dir='ltr'>ὃς</span> <span class='ocrx_word' id='word_1_383' title='bbox 2457 2707 2634 2761; x_wconf 76' lang='grc' dir='ltr'>οὐδενὶ</span> <span class='ocrx_word' id='word_1_384' title='bbox 2665 2707 2801 2771; x_wconf 83' lang='grc' dir='ltr'>ὅλως</span> <span class='ocrx_word' id='word_1_385' title='bbox 2830 2708 3220 2780; x_wconf 84' lang='grc' dir='ltr'>συνευχόμενος</span> <span class='ocrx_word' id='word_1_386' title='bbox 3246 2710 3569 2765; x_wconf 80' lang='grc' dir='ltr'>διετέλεσεν.</span> <span class='ocrx_word' id='word_1_387' title='bbox 3587 2709 3742 2766; x_wconf 75' lang='grc' dir='ltr'>Ἀλλὰ</span> 
     </span>
    </p>
   </div>
   <div class='ocr_carea' id='block_1_55' title="bbox 2163 2799 3742 2873">
    <p class='ocr_par' dir='ltr' id='par_1_55' title="bbox 2163 2799 3742 2873">
     <span class='ocr_line' id='line_1_55' title="bbox 2163 2799 3742 2873; baseline 0.002 -20"><span class='ocrx_word' id='word_1_388' title='bbox 2163 2800 2258 2853; x_wconf 75' lang='grc' dir='ltr'>καὶ</span> <span class='ocrx_word' id='word_1_389' title='bbox 2291 2799 2380 2853; x_wconf 82' lang='grc' dir='ltr'><strong>διὰ</strong></span> <span class='ocrx_word' id='word_1_390' title='bbox 2415 2799 2512 2871; x_wconf 81' lang='grc' dir='ltr'><strong>τήν</strong></span> <span class='ocrx_word' id='word_1_391' title='bbox 2539 2800 2709 2870; x_wconf 80' lang='grc' dir='ltr'>αὐτὴν</span> <span class='ocrx_word' id='word_1_392' title='bbox 2738 2799 2993 2853; x_wconf 80' lang='grc' dir='ltr'>ὑπόθεσιν</span> <span class='ocrx_word' id='word_1_393' title='bbox 3015 2802 3300 2872; x_wconf 83' lang='grc' dir='ltr'>τολμηρῶς</span> <span class='ocrx_word' id='word_1_394' title='bbox 3327 2803 3499 2870; x_wconf 79' lang='grc' dir='ltr'>ἁγίων</span> <span class='ocrx_word' id='word_1_395' title='bbox 3537 2821 3742 2873; x_wconf 83' lang='grc' dir='ltr'>μυστη-</span> 
     </span>
    </p>
   </div>
   <div class='ocr_carea' id='block_1_56' title="bbox 2168 2892 3739 2966">
    <p class='ocr_par' dir='ltr' id='par_1_56' title="bbox 2168 2892 3739 2966">
     <span class='ocr_line' id='line_1_56' title="bbox 2168 2892 3739 2966; baseline 0.003 -21"><span class='ocrx_word' id='word_1_396' title='bbox 2168 2893 2299 2964; x_wconf 90' lang='grc' dir='ltr'>ρίων</span> <span class='ocrx_word' id='word_1_397' title='bbox 2333 2892 2550 2963; x_wconf 69' lang='grc' dir='ltr'>ψαύειν,</span> <span class='ocrx_word' id='word_1_398' title='bbox 2581 2894 2675 2947; x_wconf 80' lang='grc' dir='ltr'>καὶ</span> <span class='ocrx_word' id='word_1_399' title='bbox 2706 2896 3020 2966; x_wconf 80' lang='grc' dir='ltr'>ἱερουργίαν</span> <span class='ocrx_word' id='word_1_400' title='bbox 3050 2894 3235 2958; x_wconf 84' lang='grc' dir='ltr'>λαῖκὸς</span> <span class='ocrx_word' id='word_1_401' title='bbox 3261 2895 3336 2950; x_wconf 84' lang='grc' dir='ltr'>ὣν</span> <span class='ocrx_word' id='word_1_402' title='bbox 3361 2896 3602 2965; x_wconf 78' lang='grc' dir='ltr'>ἀφειδῶς</span> <span class='ocrx_word' id='word_1_403' title='bbox 3646 2900 3739 2950; x_wconf 77' lang='grc' dir='ltr'><strong>ἑπ-</strong></span> 
     </span>
    </p>
   </div>
   <div class='ocr_carea' id='block_1_57' title="bbox 2164 2983 3736 3060">
    <p class='ocr_par' dir='ltr' id='par_1_57' title="bbox 2164 2983 3736 3060">
     <span class='ocr_line' id='line_1_57' title="bbox 2164 2983 3736 3060; baseline 0.003 -22"><span class='ocrx_word' id='word_1_404' title='bbox 2164 2984 2620 3057; x_wconf 86' lang='grc' dir='ltr'>εχείρει.Ἕτερος</span> <span class='ocrx_word' id='word_1_405' title='bbox 2665 2986 2720 3040; x_wconf 83' lang='grc' dir='ltr'><strong>δέ</strong></span> <span class='ocrx_word' id='word_1_406' title='bbox 2766 3004 2870 3050; x_wconf 88' lang='grc' dir='ltr'>τις,</span> <span class='ocrx_word' id='word_1_407' title='bbox 2894 2987 3044 3051; x_wconf 83' lang='grc' dir='ltr'>ὅστις</span> <span class='ocrx_word' id='word_1_408' title='bbox 3073 2988 3203 3040; x_wconf 79' lang='grc' dir='ltr'>ποτὲ</span> <span class='ocrx_word' id='word_1_409' title='bbox 3244 2983 3312 3058; x_wconf 77' lang='grc' dir='ltr'>ἦν</span> <span class='ocrx_word' id='word_1_410' title='bbox 3347 2988 3488 3060; x_wconf 79' lang='grc' dir='ltr'>ἀνὴρ</span> <span class='ocrx_word' id='word_1_411' title='bbox 3515 2990 3736 3054; x_wconf 82' lang='grc' dir='ltr'>ἐκεῖνος,</span> 
     </span>
    </p>
   </div>
   <div class='ocr_carea' id='block_1_58' title="bbox 2167 3079 3732 3153">
    <p class='ocr_par' dir='ltr' id='par_1_58' title="bbox 2167 3079 3732 3153">
     <span class='ocr_line' id='line_1_58' title="bbox 2167 3079 3732 3153; baseline 0.002 -21"><span class='ocrx_word' id='word_1_412' title='bbox 2167 3080 2259 3132; x_wconf 71' lang='grc' dir='ltr'>καὶ</span> <span class='ocrx_word' id='word_1_413' title='bbox 2288 3079 2396 3133; x_wconf 88' lang='grc' dir='ltr'><strong>τῶν</strong></span> <span class='ocrx_word' id='word_1_414' title='bbox 2412 3079 2710 3133; x_wconf 83' lang='grc' dir='ltr'>δοκούντων</span> <span class='ocrx_word' id='word_1_415' title='bbox 2739 3081 2796 3132; x_wconf 83' lang='grc' dir='ltr'>ὲν</span> <span class='ocrx_word' id='word_1_416' title='bbox 2823 3080 3083 3150; x_wconf 88' lang='grc' dir='ltr'>ἀκρότητι</span> <span class='ocrx_word' id='word_1_417' title='bbox 3112 3079 3226 3150; x_wconf 85' lang='grc' dir='ltr'>βίου</span> <span class='ocrx_word' id='word_1_418' title='bbox 3263 3080 3732 3153; x_wconf 78' lang='grc' dir='ltr'>πεπολιτευμένος,</span> 
     </span>
    </p>
   </div>
   <div class='ocr_carea' id='block_1_59' title="bbox 476 3170 2061 3270">
    <p class='ocr_par' dir='ltr' id='par_1_59' title="bbox 476 3173 2057 3243">
     <span class='ocr_line' id='line_1_59' title="bbox 476 3173 2057 3243; baseline 0.003 -19"><span class='ocrx_word' id='word_1_419' title='bbox 476 3187 684 3243; x_wconf 65' lang='lat' dir='ltr'><strong>passus</strong></span> <span class='ocrx_word' id='word_1_420' title='bbox 733 3183 857 3228; x_wconf 85' lang='lat' dir='ltr'><strong>est:</strong></span> <span class='ocrx_word' id='word_1_421' title='bbox 897 3173 1006 3228; x_wconf 91' lang='lat' dir='ltr'><strong>imo</strong></span> <span class='ocrx_word' id='word_1_422' title='bbox 1051 3189 1182 3229; x_wconf 88' lang='lat' dir='ltr'><strong>vero</strong></span> <span class='ocrx_word' id='word_1_423' title='bbox 1224 3189 1291 3227; x_wconf 83' lang='lat' dir='ltr'><strong>ex</strong></span> <span class='ocrx_word' id='word_1_424' title='bbox 1340 3173 1529 3228; x_wconf 90' lang='lat' dir='ltr'><strong>eodem</strong></span> <span class='ocrx_word' id='word_1_425' title='bbox 1568 3173 1820 3229; x_wconf 88' lang='lat' dir='ltr'><strong>instituto</strong></span> <span class='ocrx_word' id='word_1_426' title='bbox 1871 3174 2057 3229; x_wconf 86' lang='lat' dir='ltr'><strong>divina</strong></span> 
     </span>
    </p>
   </div>
   <div class='ocr_carea' id='block_1_60' title="bbox 2172 3170 3739 3270">
    <p class='ocr_par' dir='ltr' id='par_1_60' title="bbox 2172 3170 3739 3248">
     <span class='ocr_line' id='line_1_60' title="bbox 2172 3170 3739 3248; baseline 0.006 -26"><span class='ocrx_word' id='word_1_427' title='bbox 2172 3171 2306 3243; x_wconf 76' lang='grc' dir='ltr'>πρὸς</span> <span class='ocrx_word' id='word_1_428' title='bbox 2336 3170 2434 3242; x_wconf 82' lang='grc' dir='ltr'>τὴν</span> <span class='ocrx_word' id='word_1_429' title='bbox 2460 3172 2730 3239; x_wconf 80' lang='grc' dir='ltr'>Αἴγυπτον</span> <span class='ocrx_word' id='word_1_430' title='bbox 2774 3172 2866 3224; x_wconf 77' lang='grc' dir='ltr'>ἐπὶ</span> <span class='ocrx_word' id='word_1_431' title='bbox 2909 3173 2976 3226; x_wconf 83' lang='grc' dir='ltr'>τὰ</span> <span class='ocrx_word' id='word_1_432' title='bbox 3025 3175 3266 3244; x_wconf 75' lang='grc' dir='ltr'>ἐρημικὰ</span> <span class='ocrx_word' id='word_1_433' title='bbox 3312 3179 3648 3248; x_wconf 76' lang='grc' dir='ltr'>κατοικήσας</span> <span class='ocrx_word' id='word_1_434' title='bbox 3686 3181 3739 3230; x_wconf 84' lang='grc' dir='ltr'>ἐν</span> 
     </span>
    </p>
   </div>
   <div class='ocr_carea' id='block_1_61' title="bbox 486 3265 2059 3340">
    <p class='ocr_par' dir='ltr' id='par_1_61' title="bbox 486 3265 2059 3340">
     <span class='ocr_line' id='line_1_61' title="bbox 486 3265 2059 3340; baseline 0.003 -20"><span class='ocrx_word' id='word_1_435' title='bbox 486 3265 772 3336; x_wconf 87' lang='lat' dir='ltr'><strong>mysteria,</strong></span> <span class='ocrx_word' id='word_1_436' title='bbox 800 3281 925 3320; x_wconf 92' lang='lat' dir='ltr'><strong>cum</strong></span> <span class='ocrx_word' id='word_1_437' title='bbox 960 3266 1133 3322; x_wconf 90' lang='lat' dir='ltr'><strong>laicus</strong></span> <span class='ocrx_word' id='word_1_438' title='bbox 1158 3276 1328 3333; x_wconf 85' lang='lat' dir='ltr'><strong>esset,</strong></span> <span class='ocrx_word' id='word_1_439' title='bbox 1360 3271 1652 3340; x_wconf 83' lang='lat' dir='ltr'><strong>attingere.</strong></span> <span class='ocrx_word' id='word_1_440' title='bbox 1689 3285 1753 3324; x_wconf 89' lang='lat' dir='ltr'><strong>ac</strong></span> <span class='ocrx_word' id='word_1_441' title='bbox 1787 3269 2059 3325; x_wconf 81' lang='lat' dir='ltr'><strong>sacriﬁcia</strong></span> 
     </span>
    </p>
   </div>
   <div class='ocr_carea' id='block_1_62' title="bbox 487 3357 2061 3432">
    <p class='ocr_par' dir='ltr' id='par_1_62' title="bbox 487 3357 2061 3432">
     <span class='ocr_line' id='line_1_62' title="bbox 487 3357 2061 3432; baseline 0.004 -20"><span class='ocrx_word' id='word_1_442' title='bbox 487 3358 768 3414; x_wconf 87' lang='lat' dir='ltr'><strong>celebrare</strong></span> <span class='ocrx_word' id='word_1_443' title='bbox 802 3357 1016 3414; x_wconf 78' lang='lat' dir='ltr'><strong>nefario</strong></span> <span class='ocrx_word' id='word_1_444' title='bbox 1043 3375 1179 3414; x_wconf 90' lang='lat' dir='ltr'><strong>ausu</strong></span> <span class='ocrx_word' id='word_1_445' title='bbox 1210 3376 1275 3415; x_wconf 92' lang='lat' dir='ltr'><strong>ac</strong></span> <span class='ocrx_word' id='word_1_446' title='bbox 1311 3363 1602 3417; x_wconf 90' lang='lat' dir='ltr'><strong>temerario</strong></span> <span class='ocrx_word' id='word_1_447' title='bbox 1636 3371 1720 3418; x_wconf 90' lang='lat' dir='ltr'><strong>est</strong></span> <span class='ocrx_word' id='word_1_448' title='bbox 1745 3377 2061 3432; x_wconf 79' lang='lat' dir='ltr'><strong>aggressus.</strong></span> 
     </span>
    </p>
   </div>
   <div class='ocr_carea' id='block_1_63' title="bbox 487 3451 2062 3526">
    <p class='ocr_par' dir='ltr' id='par_1_63' title="bbox 487 3451 2062 3526">
     <span class='ocr_line' id='line_1_63' title="bbox 487 3451 2062 3526; baseline 0.004 -21"><span class='ocrx_word' id='word_1_449' title='bbox 487 3451 752 3508; x_wconf 82' lang='lat' dir='ltr'><strong>Inventus</strong></span> <span class='ocrx_word' id='word_1_450' title='bbox 783 3459 869 3508; x_wconf 89' lang='lat' dir='ltr'><strong>est</strong></span> <span class='ocrx_word' id='word_1_451' title='bbox 911 3461 967 3508; x_wconf 89' lang='lat' dir='ltr'><strong>et</strong></span> <span class='ocrx_word' id='word_1_452' title='bbox 1010 3454 1171 3517; x_wconf 87' lang='lat' dir='ltr'><strong>alius,</strong></span> <span class='ocrx_word' id='word_1_453' title='bbox 1202 3455 1518 3526; x_wconf 81' lang='lat' dir='ltr'><strong>quicunque</strong></span> <span class='ocrx_word' id='word_1_454' title='bbox 1563 3456 1654 3511; x_wconf 93' lang='lat' dir='ltr'><strong>ille</strong></span> <span class='ocrx_word' id='word_1_455' title='bbox 1683 3457 1901 3511; x_wconf 88' lang='lat' dir='ltr'><strong>tandem</strong></span> <span class='ocrx_word' id='word_1_456' title='bbox 1937 3456 2062 3520; x_wconf 81' lang='lat' dir='ltr'><strong>fuit,</strong></span> 
     </span>
    </p>
   </div>
   <div class='ocr_carea' id='block_1_64' title="bbox 466 3543 2063 3618">
    <p class='ocr_par' dir='ltr' id='par_1_64' title="bbox 466 3543 2063 3618">
     <span class='ocr_line' id='line_1_64' title="bbox 466 3543 2063 3618; baseline 0.001 -20"><span class='ocrx_word' id='word_1_457' title='bbox 466 3543 778 3598; x_wconf 62' lang='lat' dir='ltr'><strong>excellenti</strong></span> <span class='ocrx_word' id='word_1_458' title='bbox 825 3543 1062 3614; x_wconf 89' lang='lat' dir='ltr'><strong>quodam</strong></span> <span class='ocrx_word' id='word_1_459' title='bbox 1109 3545 1234 3599; x_wconf 68' lang='lat' dir='ltr'><strong>vitae</strong></span> <span class='ocrx_word' id='word_1_460' title='bbox 1289 3560 1523 3616; x_wconf 84' lang='lat' dir='ltr'><strong>genere,</strong></span> <span class='ocrx_word' id='word_1_461' title='bbox 1580 3545 1673 3616; x_wconf 90' lang='lat' dir='ltr'><strong>qui</strong></span> <span class='ocrx_word' id='word_1_462' title='bbox 1732 3545 1788 3600; x_wconf 89' lang='lat' dir='ltr'><strong>in</strong></span> <span class='ocrx_word' id='word_1_463' title='bbox 1843 3546 2063 3618; x_wconf 65' lang='lat' dir='ltr'><strong>Egypti</strong></span> 
     </span>
    </p>
   </div>
   <div class='ocr_carea' id='block_1_65' title="bbox 490 3633 2065 3708">
    <p class='ocr_par' dir='ltr' id='par_1_65' title="bbox 490 3633 2065 3708">
     <span class='ocr_line' id='line_1_65' title="bbox 490 3633 2065 3708; baseline 0.004 -22"><span class='ocrx_word' id='word_1_464' title='bbox 490 3633 788 3690; x_wconf 90' lang='lat' dir='ltr'><strong>solitudine</strong></span> <span class='ocrx_word' id='word_1_465' title='bbox 837 3634 895 3689; x_wconf 90' lang='lat' dir='ltr'><strong>in</strong></span> <span class='ocrx_word' id='word_1_466' title='bbox 944 3635 1283 3691; x_wconf 80' lang='lat' dir='ltr'><strong>monasterio</strong></span> <span class='ocrx_word' id='word_1_467' title='bbox 1312 3635 1575 3708; x_wconf 87' lang='lat' dir='ltr'><strong>degebat;</strong></span> <span class='ocrx_word' id='word_1_468' title='bbox 1629 3636 1760 3690; x_wconf 89' lang='lat' dir='ltr'><strong>item</strong></span> <span class='ocrx_word' id='word_1_469' title='bbox 1811 3638 1953 3694; x_wconf 90' lang='lat' dir='ltr'><strong>alius</strong></span> <span class='ocrx_word' id='word_1_470' title='bbox 1999 3638 2065 3693; x_wconf 91' lang='lat' dir='ltr'><strong>ad</strong></span> 
     </span>
    </p>
   </div>
   <div class='ocr_carea' id='block_1_66' title="bbox 483 3723 2067 3800">
    <p class='ocr_par' dir='ltr' id='par_1_66' title="bbox 483 3723 2067 3800">
     <span class='ocr_line' id='line_1_66' title="bbox 483 3723 2067 3800; baseline 0.005 -22"><span class='ocrx_word' id='word_1_471' title='bbox 483 3723 681 3779; x_wconf 78' lang='lat' dir='ltr'><strong>&#39;Sinam</strong></span> <span class='ocrx_word' id='word_1_472' title='bbox 713 3733 951 3782; x_wconf 86' lang='lat' dir='ltr'><strong>montem</strong></span> <span class='ocrx_word' id='word_1_473' title='bbox 982 3727 1258 3784; x_wconf 88' lang='lat' dir='ltr'><strong>habitans.</strong></span> <span class='ocrx_word' id='word_1_474' title='bbox 1306 3727 1408 3795; x_wconf 87' lang='lat' dir='ltr'><strong>Qui</strong></span> <span class='ocrx_word' id='word_1_475' title='bbox 1445 3730 1608 3785; x_wconf 92' lang='lat' dir='ltr'><strong>ambo</strong></span> <span class='ocrx_word' id='word_1_476' title='bbox 1642 3731 1826 3786; x_wconf 89' lang='lat' dir='ltr'><strong>nescio</strong></span> <span class='ocrx_word' id='word_1_477' title='bbox 1866 3731 2067 3800; x_wconf 83' lang='lat' dir='ltr'><strong>quibus</strong></span> 
     </span>
    </p>
   </div>
   <div class='ocr_carea' id='block_1_67' title="bbox 498 3818 2068 3891">
    <p class='ocr_par' dir='ltr' id='par_1_67' title="bbox 498 3818 2068 3891">
     <span class='ocr_line' id='line_1_67' title="bbox 498 3818 2068 3891; baseline 0.004 -21"><span class='ocrx_word' id='word_1_478' title='bbox 498 3818 731 3871; x_wconf 87' lang='lat' dir='ltr'><strong>somniis</strong></span> <span class='ocrx_word' id='word_1_479' title='bbox 749 3832 814 3872; x_wconf 92' lang='lat' dir='ltr'><strong>eo</strong></span> <span class='ocrx_word' id='word_1_480' title='bbox 835 3819 1162 3874; x_wconf 87' lang='lat' dir='ltr'><strong>temeritatis</strong></span> <span class='ocrx_word' id='word_1_481' title='bbox 1184 3820 1402 3875; x_wconf 90' lang='lat' dir='ltr'><strong>adducti</strong></span> <span class='ocrx_word' id='word_1_482' title='bbox 1421 3830 1569 3886; x_wconf 92' lang='lat' dir='ltr'><strong>sunt,</strong></span> <span class='ocrx_word' id='word_1_483' title='bbox 1597 3829 1673 3886; x_wconf 90' lang='lat' dir='ltr'><strong>ut,</strong></span> <span class='ocrx_word' id='word_1_484' title='bbox 1689 3825 1709 3852; x_wconf 79' lang='grc'>³</span> <span class='ocrx_word' id='word_1_485' title='bbox 1725 3829 1980 3891; x_wconf 86' lang='lat' dir='ltr'><strong>suscepta</strong></span> <span class='ocrx_word' id='word_1_486' title='bbox 1999 3821 2068 3876; x_wconf 89' lang='lat' dir='ltr'><strong>ad</strong></span> 
     </span>
    </p>
   </div>
   <div class='ocr_carea' id='block_1_68' title="bbox 492 3908 2066 3984">
    <p class='ocr_par' dir='ltr' id='par_1_68' title="bbox 492 3908 2066 3984">
     <span class='ocr_line' id='line_1_68' title="bbox 492 3908 2066 3984; baseline 0.005 -22"><span class='ocrx_word' id='word_1_487' title='bbox 492 3908 739 3980; x_wconf 88' lang='lat' dir='ltr'><strong>episcopi</strong></span> <span class='ocrx_word' id='word_1_488' title='bbox 775 3909 1109 3966; x_wconf 75' lang='lat' dir='ltr'><strong>iunctionem</strong></span> <span class='ocrx_word' id='word_1_489' title='bbox 1150 3927 1412 3968; x_wconf 88' lang='lat' dir='ltr'><strong>manuum</strong></span> <span class='ocrx_word' id='word_1_490' title='bbox 1451 3912 1820 3984; x_wconf 84' lang='lat' dir='ltr'><strong>impositione,</strong></span> <span class='ocrx_word' id='word_1_491' title='bbox 1850 3916 2066 3978; x_wconf 88' lang='lat' dir='ltr'><strong>sedere,</strong></span> 
     </span>
    </p>
   </div>
   <div class='ocr_carea' id='block_1_69' title="bbox 494 4003 2071 4078">
    <p class='ocr_par' dir='ltr' id='par_1_69' title="bbox 494 4003 2071 4078">
     <span class='ocr_line' id='line_1_69' title="bbox 494 4003 2071 4078; baseline 0.004 -22"><span class='ocrx_word' id='word_1_492' title='bbox 494 4011 550 4056; x_wconf 87' lang='lat' dir='ltr'><strong>et</strong></span> <span class='ocrx_word' id='word_1_493' title='bbox 599 4003 1228 4078; x_wconf 60' lang='lat' dir='ltr'><strong>episcoporum113ﬁ.</strong></span> <span class='ocrx_word' id='word_1_494' title='bbox 1256 4023 1457 4062; x_wconf 88' lang='lat' dir='ltr'><strong>munus</strong></span> <span class='ocrx_word' id='word_1_495' title='bbox 1493 4008 1647 4062; x_wconf 92' lang='lat' dir='ltr'><strong>obire</strong></span> <span class='ocrx_word' id='word_1_496' title='bbox 1698 4023 1805 4062; x_wconf 89' lang='lat' dir='ltr'><strong>non</strong></span> <span class='ocrx_word' id='word_1_497' title='bbox 1852 4008 2071 4063; x_wconf 89' lang='lat' dir='ltr'><strong>dubita-</strong></span> 
     </span>
    </p>
   </div>
   <div class='ocr_carea' id='block_1_70' title="bbox 495 4093 2073 4168">
    <p class='ocr_par' dir='ltr' id='par_1_70' title="bbox 495 4093 2073 4168">
     <span class='ocr_line' id='line_1_70' title="bbox 495 4093 2073 4168; baseline 0.003 -21"><span class='ocrx_word' id='word_1_498' title='bbox 495 4093 628 4148; x_wconf 82' lang='lat' dir='ltr'><strong>rint.</strong></span> <span class='ocrx_word' id='word_1_499' title='bbox 670 4093 858 4163; x_wconf 77' lang='lat' dir='ltr'><strong>Alii,ct</strong></span> <span class='ocrx_word' id='word_1_500' title='bbox 892 4095 944 4149; x_wconf 90' lang='lat' dir='ltr'><strong>hi</strong></span> <span class='ocrx_word' id='word_1_501' title='bbox 974 4096 1192 4167; x_wconf 87' lang='lat' dir='ltr'><strong>quidem</strong></span> <span class='ocrx_word' id='word_1_502' title='bbox 1244 4113 1353 4152; x_wconf 88' lang='lat' dir='ltr'><strong>non</strong></span> <span class='ocrx_word' id='word_1_503' title='bbox 1388 4097 1568 4168; x_wconf 84' lang='lat' dir='ltr'><strong>pauci,</strong></span> <span class='ocrx_word' id='word_1_504' title='bbox 1599 4105 1844 4153; x_wconf 87' lang='lat' dir='ltr'><strong>castrare</strong></span> <span class='ocrx_word' id='word_1_505' title='bbox 1876 4106 2073 4153; x_wconf 86' lang='lat' dir='ltr'><strong>semet-</strong></span> 
     </span>
    </p>
   </div>
   <div class='ocr_carea' id='block_1_71' title="bbox 493 4186 2070 4260">
    <p class='ocr_par' dir='ltr' id='par_1_71' title="bbox 493 4186 2070 4260">
     <span class='ocr_line' id='line_1_71' title="bbox 493 4186 2070 4260; baseline 0.004 -21"><span class='ocrx_word' id='word_1_506' title='bbox 493 4186 648 4256; x_wconf 86' lang='lat' dir='ltr'><strong>ipsos</strong></span> <span class='ocrx_word' id='word_1_507' title='bbox 701 4195 892 4241; x_wconf 91' lang='lat' dir='ltr'><strong>contra</strong></span> <span class='ocrx_word' id='word_1_508' title='bbox 953 4188 1098 4257; x_wconf 82' lang='lat' dir='ltr'><strong>leges</strong></span> <span class='ocrx_word' id='word_1_509' title='bbox 1139 4189 1368 4260; x_wconf 89' lang='lat' dir='ltr'><strong>juvenili</strong></span> <span class='ocrx_word' id='word_1_510' title='bbox 1417 4192 1654 4260; x_wconf 87' lang='lat' dir='ltr'><strong>quadam</strong></span> <span class='ocrx_word' id='word_1_511' title='bbox 1707 4190 1908 4246; x_wconf 81' lang='lat' dir='ltr'><strong>ferocia</strong></span> <span class='ocrx_word' id='word_1_512' title='bbox 1953 4191 2070 4245; x_wconf 86' lang='lat' dir='ltr'><strong>ausi</strong></span> 
     </span>
    </p>
   </div>
   <div class='ocr_carea' id='block_1_72' title="bbox 497 4278 2074 4350">
    <p class='ocr_par' dir='ltr' id='par_1_72' title="bbox 497 4278 2074 4350">
     <span class='ocr_line' id='line_1_72' title="bbox 497 4278 2074 4350; baseline 0.004 -19"><span class='ocrx_word' id='word_1_513' title='bbox 497 4287 646 4332; x_wconf 84' lang='lat' dir='ltr'><strong>sunt.</strong></span> <span class='ocrx_word' id='word_1_514' title='bbox 686 4278 813 4343; x_wconf 84' lang='lat' dir='ltr'><strong>Alii,</strong></span> <span class='ocrx_word' id='word_1_515' title='bbox 859 4280 953 4350; x_wconf 90' lang='lat' dir='ltr'><strong>qui</strong></span> <span class='ocrx_word' id='word_1_516' title='bbox 989 4280 1309 4337; x_wconf 81' lang='lat' dir='ltr'><strong>audaciores</strong></span> <span class='ocrx_word' id='word_1_517' title='bbox 1353 4281 1632 4346; x_wconf 84' lang='lat' dir='ltr'><strong>videntur,</strong></span> <span class='ocrx_word' id='word_1_518' title='bbox 1666 4297 1734 4336; x_wconf 79' lang='lat' dir='ltr'><strong>ex</strong></span> <span class='ocrx_word' id='word_1_519' title='bbox 1778 4282 2074 4337; x_wconf 88' lang='lat' dir='ltr'><strong>catholico-</strong></span> 
     </span>
    </p>
   </div>
   <div class='ocr_carea' id='block_1_73' title="bbox 497 4369 2075 4444">
    <p class='ocr_par' dir='ltr' id='par_1_73' title="bbox 497 4369 2075 4444">
     <span class='ocr_line' id='line_1_73' title="bbox 497 4369 2075 4444; baseline 0.004 -22"><span class='ocrx_word' id='word_1_520' title='bbox 497 4382 620 4422; x_wconf 86' lang='lat' dir='ltr'><strong>rum</strong></span> <span class='ocrx_word' id='word_1_521' title='bbox 649 4369 920 4438; x_wconf 88' lang='lat' dir='ltr'><strong>partibus,</strong></span> <span class='ocrx_word' id='word_1_522' title='bbox 955 4371 1164 4439; x_wconf 85' lang='lat' dir='ltr'><strong>privata</strong></span> <span class='ocrx_word' id='word_1_523' title='bbox 1198 4372 1304 4427; x_wconf 88' lang='lat' dir='ltr'><strong>sibi</strong></span> <span class='ocrx_word' id='word_1_524' title='bbox 1334 4372 1571 4427; x_wconf 82' lang='lat' dir='ltr'><strong>factione</strong></span> <span class='ocrx_word' id='word_1_525' title='bbox 1597 4373 1849 4438; x_wconf 87' lang='lat' dir='ltr'><strong>conllala,</strong></span> <span class='ocrx_word' id='word_1_526' title='bbox 1879 4383 2075 4444; x_wconf 62' lang='lat' dir='ltr'><strong>praeter</strong></span> 
     </span>
    </p>
   </div>
   <div class='ocr_carea' id='block_1_74' title="bbox 497 4451 2074 4527">
    <p class='ocr_par' dir='ltr' id='par_1_74' title="bbox 497 4451 2074 4527">
     <span class='ocr_line' id='line_1_74' title="bbox 497 4451 2074 4527; baseline 0.006 -18"><span class='ocrx_word' id='word_1_527' title='bbox 497 4451 762 4510; x_wconf 73' lang='lat' dir='ltr'><strong>Ecclesia:</strong></span> <span class='ocrx_word' id='word_1_528' title='bbox 796 4460 1276 4527; x_wconf 84' lang='lat' dir='ltr'><strong>consuetudinem,</strong></span> <span class='ocrx_word' id='word_1_529' title='bbox 1314 4476 1379 4515; x_wconf 91' lang='lat' dir='ltr'><strong>ac</strong></span> <span class='ocrx_word' id='word_1_530' title='bbox 1405 4461 1542 4516; x_wconf 91' lang='lat' dir='ltr'><strong>citra</strong></span> <span class='ocrx_word' id='word_1_531' title='bbox 1578 4463 1906 4520; x_wconf 87' lang='lat' dir='ltr'><strong>universalis</strong></span> <span class='ocrx_word' id='word_1_532' title='bbox 1941 4480 2074 4519; x_wconf 91' lang='lat' dir='ltr'><strong>con-</strong></span> 
     </span>
    </p>
   </div>
   <div class='ocr_carea' id='block_1_75' title="bbox 2171 3263 3737 3339">
    <p class='ocr_par' dir='ltr' id='par_1_75' title="bbox 2171 3263 3737 3339">
     <span class='ocr_line' id='line_1_75' title="bbox 2171 3263 3737 3339; baseline 0.006 -23"><span class='ocrx_word' id='word_1_533' title='bbox 2171 3263 2540 3336; x_wconf 85' lang='grc' dir='ltr'>μοναστηρίῳ,</span> <span class='ocrx_word' id='word_1_534' title='bbox 2564 3266 2655 3317; x_wconf 83' lang='grc' dir='ltr'><strong>καὶ</strong></span> <span class='ocrx_word' id='word_1_535' title='bbox 2681 3265 2838 3330; x_wconf 78' lang='grc' dir='ltr'>ἄλλος</span> <span class='ocrx_word' id='word_1_536' title='bbox 2872 3267 3009 3337; x_wconf 80' lang='grc' dir='ltr'>πρὸς</span> <span class='ocrx_word' id='word_1_537' title='bbox 3038 3267 3114 3337; x_wconf 84' lang='grc' dir='ltr'>τῷ</span> <span class='ocrx_word' id='word_1_538' title='bbox 3140 3267 3336 3339; x_wconf 86' lang='grc' dir='ltr'>Σιναίῳ</span> <span class='ocrx_word' id='word_1_539' title='bbox 3354 3286 3369 3300; x_wconf 91' lang='grc'><strong>·</strong></span> <span class='ocrx_word' id='word_1_540' title='bbox 3393 3269 3444 3322; x_wconf 81' lang='grc' dir='ltr'>οῖ</span> <span class='ocrx_word' id='word_1_541' title='bbox 3471 3271 3582 3324; x_wconf 86' lang='grc' dir='ltr'>άπὸ</span> <span class='ocrx_word' id='word_1_542' title='bbox 3609 3273 3737 3324; x_wconf 82' lang='grc' dir='ltr'>ὀνει-</span> 
     </span>
    </p>
   </div>
   <div class='ocr_carea' id='block_1_76' title="bbox 2170 3354 3736 3432">
    <p class='ocr_par' dir='ltr' id='par_1_76' title="bbox 2170 3354 3736 3432">
     <span class='ocr_line' id='line_1_76' title="bbox 2170 3354 3736 3432; baseline 0.005 -25"><span class='ocrx_word' id='word_1_543' title='bbox 2170 3354 2344 3427; x_wconf 84' lang='grc' dir='ltr'>ράτων</span> <span class='ocrx_word' id='word_1_544' title='bbox 2379 3354 2813 3419; x_wconf 81' lang='grc' dir='ltr'>ὲνεανιεύσαντο,</span> <span class='ocrx_word' id='word_1_545' title='bbox 2850 3357 3155 3428; x_wconf 78' lang='grc' dir='ltr'>ἐπισκοπῆς</span> <span class='ocrx_word' id='word_1_546' title='bbox 3190 3358 3474 3430; x_wconf 80' lang='grc' dir='ltr'>δεξάμενοι</span> <span class='ocrx_word' id='word_1_547' title='bbox 3505 3362 3736 3432; x_wconf 77' lang='grc' dir='ltr'>χειροθε-</span> 
     </span>
    </p>
   </div>
   <div class='ocr_carea' id='block_1_77' title="bbox 2169 3446 3734 3522">
    <p class='ocr_par' dir='ltr' id='par_1_77' title="bbox 2169 3446 3734 3522">
     <span class='ocr_line' id='line_1_77' title="bbox 2169 3446 3734 3522; baseline 0.004 -22"><span class='ocrx_word' id='word_1_548' title='bbox 2169 3448 2288 3500; x_wconf 85' lang='grc' dir='ltr'>σίαν</span> <span class='ocrx_word' id='word_1_549' title='bbox 2309 3447 2350 3510; x_wconf 66' lang='grc'>⁸,</span> <span class='ocrx_word' id='word_1_550' title='bbox 2379 3446 2649 3518; x_wconf 86' lang='grc' dir='ltr'>καθῆσθαί</span> <span class='ocrx_word' id='word_1_551' title='bbox 2690 3464 2748 3500; x_wconf 91' lang='grc' dir='ltr'><strong>τε</strong></span> <span class='ocrx_word' id='word_1_552' title='bbox 2790 3449 2884 3502; x_wconf 78' lang='grc' dir='ltr'>καὶ</span> <span class='ocrx_word' id='word_1_553' title='bbox 2911 3447 2981 3501; x_wconf 87' lang='grc' dir='ltr'><strong>τὰ</strong></span> <span class='ocrx_word' id='word_1_554' title='bbox 3007 3450 3317 3504; x_wconf 80' lang='grc' dir='ltr'>ἐπισκόπων</span> <span class='ocrx_word' id='word_1_555' title='bbox 3360 3454 3622 3522; x_wconf 84' lang='grc' dir='ltr'>πράττειν</span> <span class='ocrx_word' id='word_1_556' title='bbox 3649 3457 3734 3508; x_wconf 69' lang='grc' dir='ltr'><strong>καὶ</strong></span> 
     </span>
    </p>
   </div>
   <div class='ocr_carea' id='block_1_78' title="bbox 2166 3538 3732 3615">
    <p class='ocr_par' dir='ltr' id='par_1_78' title="bbox 2166 3538 3732 3615">
     <span class='ocr_line' id='line_1_78' title="bbox 2166 3538 3732 3615; baseline 0.003 -23"><span class='ocrx_word' id='word_1_557' title='bbox 2166 3540 2319 3592; x_wconf 75' lang='grc' dir='ltr'>αὐτοὶ</span> <span class='ocrx_word' id='word_1_558' title='bbox 2355 3538 2919 3612; x_wconf 80' lang='grc' dir='ltr'>ἐπεχείρουν.Ἔτεροι</span> <span class='ocrx_word' id='word_1_559' title='bbox 2968 3540 3024 3592; x_wconf 86' lang='grc' dir='ltr'>δὲ</span> <span class='ocrx_word' id='word_1_560' title='bbox 3066 3541 3165 3594; x_wconf 82' lang='grc' dir='ltr'>οὐκ</span> <span class='ocrx_word' id='word_1_561' title='bbox 3212 3541 3381 3610; x_wconf 83' lang='grc' dir='ltr'>ὀλίγοι</span> <span class='ocrx_word' id='word_1_562' title='bbox 3417 3545 3732 3615; x_wconf 76' lang='grc' dir='ltr'>εὐνουχίξειν</span> 
     </span>
    </p>
   </div>
   <div class='ocr_carea' id='block_1_79' title="bbox 2168 3629 3732 3707">
    <p class='ocr_par' dir='ltr' id='par_1_79' title="bbox 2168 3629 3732 3707">
     <span class='ocr_line' id='line_1_79' title="bbox 2168 3629 3732 3707; baseline 0.004 -25"><span class='ocrx_word' id='word_1_563' title='bbox 2168 3631 2393 3694; x_wconf 76' lang='grc' dir='ltr'>ἑαυτοὺς</span> <span class='ocrx_word' id='word_1_564' title='bbox 2422 3629 2573 3700; x_wconf 83' lang='grc' dir='ltr'>παρὰ</span> <span class='ocrx_word' id='word_1_565' title='bbox 2596 3631 2665 3684; x_wconf 82' lang='grc' dir='ltr'>τὰ</span> <span class='ocrx_word' id='word_1_566' title='bbox 2699 3630 3146 3701; x_wconf 80' lang='grc' dir='ltr'>προστεταγμένα</span> <span class='ocrx_word' id='word_1_567' title='bbox 3179 3631 3336 3703; x_wconf 81' lang='grc' dir='ltr'>δῆθεν</span> <span class='ocrx_word' id='word_1_568' title='bbox 3363 3635 3732 3707; x_wconf 80' lang='grc' dir='ltr'>νεανιεύμστος</span> 
     </span>
    </p>
   </div>
   <div class='ocr_carea' id='block_1_80' title="bbox 2169 3721 3730 3793">
    <p class='ocr_par' dir='ltr' id='par_1_80' title="bbox 2169 3721 3730 3793">
     <span class='ocr_line' id='line_1_80' title="bbox 2169 3721 3730 3793; baseline 0.005 -20"><span class='ocrx_word' id='word_1_569' title='bbox 2169 3721 2328 3792; x_wconf 81' lang='grc' dir='ltr'>χάριν</span> <span class='ocrx_word' id='word_1_570' title='bbox 2372 3721 2700 3792; x_wconf 82' lang='grc' dir='ltr'>ἐτόλμησαν.</span> <span class='ocrx_word' id='word_1_571' title='bbox 2722 3722 2938 3793; x_wconf 85' lang='grc' dir='ltr'>Ἕτεροι</span> <span class='ocrx_word' id='word_1_572' title='bbox 2981 3722 3039 3775; x_wconf 84' lang='grc' dir='ltr'>δὲ</span> <span class='ocrx_word' id='word_1_573' title='bbox 3071 3722 3353 3788; x_wconf 79' lang='grc' dir='ltr'>δοκοῦντες</span> <span class='ocrx_word' id='word_1_574' title='bbox 3381 3729 3730 3781; x_wconf 73' lang='grc' dir='ltr'>νεανιεύεσθαι</span> 
     </span>
    </p>
   </div>
   <div class='ocr_carea' id='block_1_81' title="bbox 2168 3813 3729 3892">
    <p class='ocr_par' dir='ltr' id='par_1_81' title="bbox 2168 3813 3729 3892">
     <span class='ocr_line' id='line_1_81' title="bbox 2168 3813 3729 3892; baseline 0.005 -26"><span class='ocrx_word' id='word_1_575' title='bbox 2168 3813 2408 3884; x_wconf 89' lang='grc' dir='ltr'>τολμῶσι</span> <span class='ocrx_word' id='word_1_576' title='bbox 2433 3815 2584 3886; x_wconf 75' lang='grc' dir='ltr'>παρὰ</span> <span class='ocrx_word' id='word_1_577' title='bbox 2605 3816 2732 3878; x_wconf 83' lang='grc' dir='ltr'>τοὺς</span> <span class='ocrx_word' id='word_1_578' title='bbox 2755 3814 2914 3878; x_wconf 77' lang='grc' dir='ltr'>ὄντας</span> <span class='ocrx_word' id='word_1_579' title='bbox 2932 3816 2971 3878; x_wconf 82' lang='grc'>⁵,</span> <span class='ocrx_word' id='word_1_580' title='bbox 2999 3816 3074 3880; x_wconf 84' lang='grc' dir='ltr'>ὡς</span> <span class='ocrx_word' id='word_1_581' title='bbox 3106 3817 3216 3870; x_wconf 76' lang='grc' dir='ltr'>ἀπὸ</span> <span class='ocrx_word' id='word_1_582' title='bbox 3241 3817 3540 3889; x_wconf 82' lang='grc' dir='ltr'>ὀρθοδόξων</span> <span class='ocrx_word' id='word_1_583' title='bbox 3567 3821 3729 3892; x_wconf 80' lang='grc' dir='ltr'>ὁρμώ-</span> 
     </span>
    </p>
   </div>
   <div class='ocr_carea' id='block_1_82' title="bbox 2174 3905 3726 3978">
    <p class='ocr_par' dir='ltr' id='par_1_82' title="bbox 2174 3905 3726 3978">
     <span class='ocr_line' id='line_1_82' title="bbox 2174 3905 3726 3978; baseline 0.005 -20"><span class='ocrx_word' id='word_1_584' title='bbox 2174 3924 2345 3978; x_wconf 86' lang='grc' dir='ltr'>μενοι,</span> <span class='ocrx_word' id='word_1_585' title='bbox 2371 3905 2627 3975; x_wconf 88' lang='grc' dir='ltr'>σύλλογον</span> <span class='ocrx_word' id='word_1_586' title='bbox 2650 3908 2862 3972; x_wconf 81' lang='grc' dir='ltr'>ἑαυτοῖς</span> <span class='ocrx_word' id='word_1_587' title='bbox 2886 3909 3314 3976; x_wconf 80' lang='grc' dir='ltr'>ἐπισπάσασθαι,</span> <span class='ocrx_word' id='word_1_588' title='bbox 3344 3911 3480 3966; x_wconf 83' lang='grc' dir='ltr'>ἀλλὰ</span> <span class='ocrx_word' id='word_1_589' title='bbox 3504 3915 3597 3967; x_wconf 72' lang='grc' dir='ltr'>καὶ</span> <span class='ocrx_word' id='word_1_590' title='bbox 3618 3916 3726 3968; x_wconf 76' lang='grc' dir='ltr'>ἄνευ</span> 
     </span>
    </p>
   </div>
   <div class='ocr_carea' id='block_1_83' title="bbox 2172 3999 3726 4074">
    <p class='ocr_par' dir='ltr' id='par_1_83' title="bbox 2172 3999 3726 4074">
     <span class='ocr_line' id='line_1_83' title="bbox 2172 3999 3726 4074; baseline 0.003 -22"><span class='ocrx_word' id='word_1_591' title='bbox 2172 3999 2497 4070; x_wconf 79' lang='grc' dir='ltr'>ἐπικρίσεως</span> <span class='ocrx_word' id='word_1_592' title='bbox 2534 3999 2753 4052; x_wconf 87' lang='grc' dir='ltr'>συνόδου</span> <span class='ocrx_word' id='word_1_593' title='bbox 2796 4001 3178 4072; x_wconf 80' lang='grc' dir='ltr'>οὶκουμενικῆς</span> <span class='ocrx_word' id='word_1_594' title='bbox 3219 4001 3606 4067; x_wconf 76' lang='grc' dir='ltr'>ἀναϐαπτίζειν</span> <span class='ocrx_word' id='word_1_595' title='bbox 3633 4006 3726 4074; x_wconf 59' lang='grc' dir='ltr'>(δὲ)</span> 
     </span>
    </p>
   </div>
   <div class='ocr_carea' id='block_1_84' title="bbox 2171 4091 3725 4166">
    <p class='ocr_par' dir='ltr' id='par_1_84' title="bbox 2171 4091 3725 4166">
     <span class='ocr_line' id='line_1_84' title="bbox 2171 4091 3725 4166; baseline 0.001 -20"><span class='ocrx_word' id='word_1_596' title='bbox 2171 4093 2298 4155; x_wconf 71' lang='grc' dir='ltr'>τοὺς</span> <span class='ocrx_word' id='word_1_597' title='bbox 2331 4092 2660 4163; x_wconf 78' lang='grc' dir='ltr'>ἐρχομένους</span> <span class='ocrx_word' id='word_1_598' title='bbox 2693 4091 2828 4164; x_wconf 84' lang='grc' dir='ltr'>πρὸς</span> <span class='ocrx_word' id='word_1_599' title='bbox 2867 4093 3063 4155; x_wconf 81' lang='grc' dir='ltr'>αὐτοὺς</span> <span class='ocrx_word' id='word_1_600' title='bbox 3087 4093 3244 4164; x_wconf 80' lang='grc' dir='ltr'>δῆθεν</span> <span class='ocrx_word' id='word_1_601' title='bbox 3271 4095 3379 4147; x_wconf 80' lang='grc' dir='ltr'><strong>ἀπὸ</strong></span> <span class='ocrx_word' id='word_1_602' title='bbox 3419 4096 3725 4166; x_wconf 72' lang='grc' dir='ltr'>’Λρειανῶνο</span> 
     </span>
    </p>
   </div>
   <div class='ocr_carea' id='block_1_85' title="bbox 2178 4184 3729 4259">
    <p class='ocr_par' dir='ltr' id='par_1_85' title="bbox 2178 4184 3729 4259">
     <span class='ocr_line' id='line_1_85' title="bbox 2178 4184 3729 4259; baseline 0.003 -22"><span class='ocrx_word' id='word_1_603' title='bbox 2178 4185 2402 4257; x_wconf 80' lang='grc' dir='ltr'>μηδέπω</span> <span class='ocrx_word' id='word_1_604' title='bbox 2423 4184 2515 4238; x_wconf 83' lang='grc' dir='ltr'>τοῦ</span> <span class='ocrx_word' id='word_1_605' title='bbox 2544 4186 2870 4258; x_wconf 85' lang='grc' dir='ltr'>πράγματος</span> <span class='ocrx_word' id='word_1_606' title='bbox 2894 4187 2952 4250; x_wconf 82' lang='grc' dir='ltr'>ἐξ</span> <span class='ocrx_word' id='word_1_607' title='bbox 2975 4187 3320 4257; x_wconf 77' lang='grc' dir='ltr'>ἐπικρίσεως,</span> <span class='ocrx_word' id='word_1_608' title='bbox 3344 4186 3420 4250; x_wconf 90' lang='grc' dir='ltr'><strong>ὡς</strong></span> <span class='ocrx_word' id='word_1_609' title='bbox 3442 4187 3603 4259; x_wconf 73' lang='grc' dir='ltr'>ἔφην,</span> <span class='ocrx_word' id='word_1_610' title='bbox 3626 4206 3729 4242; x_wconf 85' lang='grc' dir='ltr'>συν-</span> 
     </span>
    </p>
   </div>
   <div class='ocr_carea' id='block_1_86' title="bbox 2173 4277 3727 4351">
    <p class='ocr_par' dir='ltr' id='par_1_86' title="bbox 2173 4277 3727 4351">
     <span class='ocr_line' id='line_1_86' title="bbox 2173 4277 3727 4351; baseline -0.002 -20"><span class='ocrx_word' id='word_1_611' title='bbox 2173 4278 2294 4332; x_wconf 89' lang='grc' dir='ltr'>όδου</span> <span class='ocrx_word' id='word_1_612' title='bbox 2325 4277 2643 4348; x_wconf 86' lang='grc' dir='ltr'>τμηθέντος,</span> <span class='ocrx_word' id='word_1_613' title='bbox 2666 4279 2754 4331; x_wconf 82' lang='grc' dir='ltr'><strong>διὰ</strong></span> <span class='ocrx_word' id='word_1_614' title='bbox 2797 4277 2859 4331; x_wconf 85' lang='grc' dir='ltr'>τὸ</span> <span class='ocrx_word' id='word_1_615' title='bbox 2901 4278 3102 4348; x_wconf 74' lang='grc' dir='ltr'>ἀναμὶξ</span> <span class='ocrx_word' id='word_1_616' title='bbox 3140 4279 3265 4341; x_wconf 81' lang='grc' dir='ltr'>τοὺς</span> <span class='ocrx_word' id='word_1_617' title='bbox 3295 4277 3456 4342; x_wconf 82' lang='grc' dir='ltr'>λαοὺς</span> <span class='ocrx_word' id='word_1_618' title='bbox 3484 4279 3727 4351; x_wconf 81' lang='grc' dir='ltr'>ὑπάρχειν</span> 
     </span>
    </p>
   </div>
   <div class='ocr_carea' id='block_1_87' title="bbox 2177 4365 3728 4442">
    <p class='ocr_par' dir='ltr' id='par_1_87' title="bbox 2177 4365 3728 4442">
     <span class='ocr_line' id='line_1_87' title="bbox 2177 4365 3728 4442; baseline 0.001 -20"><span class='ocrx_word' id='word_1_619' title='bbox 2177 4370 2254 4424; x_wconf 76' lang='grc' dir='ltr'>ἔτι</span> <span class='ocrx_word' id='word_1_620' title='bbox 2281 4369 2459 4442; x_wconf 81' lang='grc' dir='ltr'>δεῦρο,</span> <span class='ocrx_word' id='word_1_621' title='bbox 2493 4371 2586 4424; x_wconf 71' lang='grc' dir='ltr'>καὶ</span> <span class='ocrx_word' id='word_1_622' title='bbox 2609 4369 2836 4432; x_wconf 75' lang='grc' dir='ltr'>πολλοὺς</span> <span class='ocrx_word' id='word_1_623' title='bbox 2862 4369 2961 4441; x_wconf 82' lang='grc' dir='ltr'>μὲν</span> <span class='ocrx_word' id='word_1_624' title='bbox 2987 4365 3126 4423; x_wconf 85' lang='grc' dir='ltr'>εἶναι</span> <span class='ocrx_word' id='word_1_625' title='bbox 3159 4368 3495 4441; x_wconf 79' lang='grc' dir='ltr'>ὀρθοδόξους,</span> <span class='ocrx_word' id='word_1_626' title='bbox 3528 4373 3662 4425; x_wconf 73' lang='grc' dir='ltr'>κατὰ</span> <span class='ocrx_word' id='word_1_627' title='bbox 3684 4371 3728 4423; x_wconf 71' lang='grc' dir='ltr'>δὲ</span> 
     </span>
    </p>
   </div>
   <div class='ocr_carea' id='block_1_88' title="bbox 2180 4464 3728 4538">
    <p class='ocr_par' dir='ltr' id='par_1_88' title="bbox 2180 4464 3728 4538">
     <span class='ocr_line' id='line_1_88' title="bbox 2180 4464 3728 4538; baseline -0.003 -18"><span class='ocrx_word' id='word_1_628' title='bbox 2180 4467 2471 4538; x_wconf 81' lang='grc' dir='ltr'>ὑπόκρισιν</span> <span class='ocrx_word' id='word_1_629' title='bbox 2502 4466 2639 4536; x_wconf 80' lang='grc' dir='ltr'>πρὸς</span> <span class='ocrx_word' id='word_1_630' title='bbox 2665 4467 2789 4527; x_wconf 78' lang='grc' dir='ltr'>τοὺς</span> <span class='ocrx_word' id='word_1_631' title='bbox 2825 4464 3205 4537; x_wconf 82' lang='grc' dir='ltr'>ίερατεύοντας</span> <span class='ocrx_word' id='word_1_632' title='bbox 3232 4465 3728 4534; x_wconf 78' lang='grc' dir='ltr'>συνημμένους,ἔως</span> 
     </span>
    </p>
   </div>
   <div class='ocr_carea' id='block_1_89' title="bbox 489 4549 2061 4628">
    <p class='ocr_par' dir='ltr' id='par_1_89' title="bbox 489 4549 2061 4628">
     <span class='ocr_line' id='line_1_89' title="bbox 489 4549 2061 4628; baseline 0.006 -25"><span class='ocrx_word' id='word_1_633' title='bbox 489 4549 610 4603; x_wconf 70' lang='grc' dir='ltr'><strong>οἱϋί</strong></span> <span class='ocrx_word' id='word_1_634' title='bbox 652 4549 955 4612; x_wconf 86' lang='lat' dir='ltr'><strong>decretum,</strong></span> <span class='ocrx_word' id='word_1_635' title='bbox 1000 4567 1096 4608; x_wconf 89' lang='lat' dir='ltr'><strong>eos</strong></span> <span class='ocrx_word' id='word_1_636' title='bbox 1134 4555 1226 4623; x_wconf 89' lang='lat' dir='ltr'><strong>qui</strong></span> <span class='ocrx_word' id='word_1_637' title='bbox 1258 4556 1327 4610; x_wconf 91' lang='lat' dir='ltr'><strong>ab</strong></span> <span class='ocrx_word' id='word_1_638' title='bbox 1361 4556 1580 4611; x_wconf 84' lang='lat' dir='ltr'><strong>Arianis</strong></span> <span class='ocrx_word' id='word_1_639' title='bbox 1624 4555 1689 4609; x_wconf 89' lang='lat' dir='ltr'><strong>ad</strong></span> <span class='ocrx_word' id='word_1_640' title='bbox 1730 4573 1859 4613; x_wconf 88' lang='lat' dir='ltr'><strong>suas</strong></span> <span class='ocrx_word' id='word_1_641' title='bbox 1893 4567 2061 4628; x_wconf 72' lang='lat' dir='ltr'><strong>partes</strong></span> 
     </span>
    </p>
   </div>
   <div class='ocr_carea' id='block_1_90' title="bbox 2172 4549 3728 4628">
    <p class='ocr_par' dir='ltr' id='par_1_90' title="bbox 2183 4555 3728 4628">
     <span class='ocr_line' id='line_1_90' title="bbox 2183 4555 3728 4628; baseline -0.002 -17"><span class='ocrx_word' id='word_1_642' title='bbox 2183 4559 2248 4612; x_wconf 83' lang='grc' dir='ltr'>ἂν</span> <span class='ocrx_word' id='word_1_643' title='bbox 2278 4557 2579 4628; x_wconf 71' lang='grc' dir='ltr'>ἁφορισμὸς</span> <span class='ocrx_word' id='word_1_644' title='bbox 2604 4557 2826 4628; x_wconf 87' lang='grc' dir='ltr'>γένηται</span> <span class='ocrx_word' id='word_1_645' title='bbox 2859 4557 2958 4626; x_wconf 77' lang='grc' dir='ltr'>τῆς</span> <span class='ocrx_word' id='word_1_646' title='bbox 2981 4555 3232 4626; x_wconf 82' lang='grc' dir='ltr'>τοιαύτης</span> <span class='ocrx_word' id='word_1_647' title='bbox 3256 4555 3578 4626; x_wconf 76' lang='grc' dir='ltr'>βλασφήμου</span> <span class='ocrx_word' id='word_1_648' title='bbox 3603 4558 3728 4626; x_wconf 78' lang='grc' dir='ltr'>αἰρέ-</span> 
     </span>
    </p>
   </div>
   <div class='ocr_carea' id='block_1_91' title="bbox 502 4645 2078 4717">
    <p class='ocr_par' dir='ltr' id='par_1_91' title="bbox 502 4645 2078 4717">
     <span class='ocr_line' id='line_1_91' title="bbox 502 4645 2078 4717; baseline 0.008 -22"><span class='ocrx_word' id='word_1_649' title='bbox 502 4651 818 4709; x_wconf 88' lang='lat' dir='ltr'><strong>transeunt,</strong></span> <span class='ocrx_word' id='word_1_650' title='bbox 876 4645 1071 4699; x_wconf 91' lang='lat' dir='ltr'><strong>iterum</strong></span> <span class='ocrx_word' id='word_1_651' title='bbox 1111 4646 1394 4717; x_wconf 85' lang='lat' dir='ltr'><strong>baptizare</strong></span> <span class='ocrx_word' id='word_1_652' title='bbox 1443 4649 1574 4703; x_wconf 92' lang='lat' dir='ltr'><strong>nihil</strong></span> <span class='ocrx_word' id='word_1_653' title='bbox 1609 4659 1899 4716; x_wconf 84' lang='lat' dir='ltr'><strong>verentur;</strong></span> <span class='ocrx_word' id='word_1_654' title='bbox 1953 4668 2078 4706; x_wconf 91' lang='lat' dir='ltr'><strong>cum</strong></span> 
     </span>
    </p>
   </div>
   <div class='ocr_carea' id='block_1_92' title="bbox 2181 4649 3728 4720">
    <p class='ocr_par' dir='ltr' id='par_1_92' title="bbox 2181 4649 3728 4720">
     <span class='ocr_line' id='line_1_92' title="bbox 2181 4649 3728 4720; baseline -0.003 -17"><span class='ocrx_word' id='word_1_655' title='bbox 2181 4667 2339 4713; x_wconf 87' lang='grc' dir='ltr'>σεως,</span> <span class='ocrx_word' id='word_1_656' title='bbox 2374 4651 2467 4704; x_wconf 75' lang='grc' dir='ltr'>καὶ</span> <span class='ocrx_word' id='word_1_657' title='bbox 2511 4651 2631 4702; x_wconf 85' lang='grc' dir='ltr'>τότε</span> <span class='ocrx_word' id='word_1_658' title='bbox 2684 4651 2806 4702; x_wconf 90' lang='grc' dir='ltr'>κατ’</span> <span class='ocrx_word' id='word_1_659' title='bbox 2836 4650 3008 4719; x_wconf 76' lang='grc' dir='ltr'>αὐτῆς</span> <span class='ocrx_word' id='word_1_660' title='bbox 3036 4649 3403 4720; x_wconf 76' lang='grc' dir='ltr'>ὁρισθήσεται.</span> <span class='ocrx_word' id='word_1_661' title='bbox 3425 4651 3519 4702; x_wconf 84' lang='grc' dir='ltr'>Ἐκ</span> <span class='ocrx_word' id='word_1_662' title='bbox 3549 4651 3728 4702; x_wconf 85' lang='grc' dir='ltr'>τούτων</span> 
     </span>
    </p>
   </div>
   <div class='ocr_carea' id='block_1_93' title="bbox 497 4734 2061 4814">
    <p class='ocr_par' dir='ltr' id='par_1_93' title="bbox 497 4734 2061 4814">
     <span class='ocr_line' id='line_1_93' title="bbox 497 4734 2061 4814; baseline 0.007 -26"><span class='ocrx_word' id='word_1_663' title='bbox 497 4734 744 4789; x_wconf 83' lang='lat' dir='ltr'><strong>nondum</strong></span> <span class='ocrx_word' id='word_1_664' title='bbox 773 4750 837 4791; x_wconf 88' lang='lat' dir='ltr'><strong>ea</strong></span> <span class='ocrx_word' id='word_1_665' title='bbox 866 4752 975 4800; x_wconf 90' lang='lat' dir='ltr'><strong>res,</strong></span> <span class='ocrx_word' id='word_1_666' title='bbox 1008 4747 1064 4791; x_wconf 84' lang='lat' dir='ltr'><strong>ut</strong></span> <span class='ocrx_word' id='word_1_667' title='bbox 1097 4739 1232 4806; x_wconf 80' lang='lat' dir='ltr'><strong>dixi,</strong></span> <span class='ocrx_word' id='word_1_668' title='bbox 1284 4741 1609 4796; x_wconf 86' lang='lat' dir='ltr'><strong>universalis</strong></span> <span class='ocrx_word' id='word_1_669' title='bbox 1650 4744 1842 4814; x_wconf 71' lang='lat' dir='ltr'><strong>synodi</strong></span> <span class='ocrx_word' id='word_1_670' title='bbox 1872 4744 2061 4813; x_wconf 82' lang='lat' dir='ltr'><strong>judicit</strong></span> 
     </span>
    </p>
   </div>
   <div class='ocr_carea' id='block_1_94' title="bbox 2172 4734 3726 4814">
    <p class='ocr_par' dir='ltr' id='par_1_94' title="bbox 2178 4740 3726 4806">
     <span class='ocr_line' id='line_1_94' title="bbox 2178 4740 3726 4806; baseline -0.003 -10"><span class='ocrx_word' id='word_1_671' title='bbox 2178 4743 2234 4796; x_wconf 80' lang='grc' dir='ltr'>δὲ</span> <span class='ocrx_word' id='word_1_672' title='bbox 2291 4742 2398 4796; x_wconf 82' lang='grc' dir='ltr'><strong>τῶν</strong></span> <span class='ocrx_word' id='word_1_673' title='bbox 2446 4743 2618 4805; x_wconf 77' lang='grc' dir='ltr'>οὓτως</span> <span class='ocrx_word' id='word_1_674' title='bbox 2676 4741 3152 4806; x_wconf 79' lang='grc' dir='ltr'>ἀναϐαπτιζόντων</span> <span class='ocrx_word' id='word_1_675' title='bbox 3225 4740 3321 4795; x_wconf 85' lang='grc' dir='ltr'><strong>ἀπ’</strong></span> <span class='ocrx_word' id='word_1_676' title='bbox 3373 4740 3504 4794; x_wconf 79' lang='grc' dir='ltr'>ἰδίου</span> <span class='ocrx_word' id='word_1_677' title='bbox 3564 4740 3726 4794; x_wconf 86' lang='grc' dir='ltr'>κελεύ-</span> 
     </span>
    </p>
   </div>
   <div class='ocr_carea' id='block_1_95' title="bbox 502 4827 2078 4905">
    <p class='ocr_par' dir='ltr' id='par_1_95' title="bbox 502 4827 2078 4905">
     <span class='ocr_line' id='line_1_95' title="bbox 502 4827 2078 4905; baseline 0.009 -26"><span class='ocrx_word' id='word_1_678' title='bbox 502 4827 687 4883; x_wconf 81' lang='lat' dir='ltr'><strong>decisa</strong></span> <span class='ocrx_word' id='word_1_679' title='bbox 735 4829 827 4894; x_wconf 86' lang='lat' dir='ltr'><strong>sit,</strong></span> <span class='ocrx_word' id='word_1_680' title='bbox 859 4831 1004 4900; x_wconf 91' lang='lat' dir='ltr'><strong>quod</strong></span> <span class='ocrx_word' id='word_1_681' title='bbox 1039 4831 1217 4887; x_wconf 88' lang='lat' dir='ltr'><strong>adhuc</strong></span> <span class='ocrx_word' id='word_1_682' title='bbox 1250 4835 1434 4904; x_wconf 92' lang='lat' dir='ltr'><strong>populi</strong></span> <span class='ocrx_word' id='word_1_683' title='bbox 1493 4837 1805 4905; x_wconf 86' lang='lat' dir='ltr'><strong>promiscue</strong></span> <span class='ocrx_word' id='word_1_684' title='bbox 1861 4838 1928 4892; x_wconf 90' lang='lat' dir='ltr'><strong>ad</strong></span> <span class='ocrx_word' id='word_1_685' title='bbox 1976 4837 2078 4892; x_wconf 84' lang='lat' dir='ltr'><strong>ho-</strong></span> 
     </span>
    </p>
   </div>
   <div class='ocr_carea' id='block_1_96' title="bbox 499 4919 2078 5000">
    <p class='ocr_par' dir='ltr' id='par_1_96' title="bbox 499 4919 2078 5000">
     <span class='ocr_line' id='line_1_96' title="bbox 499 4919 2078 5000; baseline 0.007 -25"><span class='ocrx_word' id='word_1_686' title='bbox 499 4919 752 4976; x_wconf 90' lang='lat' dir='ltr'><strong>diernum</strong></span> <span class='ocrx_word' id='word_1_687' title='bbox 816 4939 992 4995; x_wconf 88' lang='lat' dir='ltr'><strong>usque</strong></span> <span class='ocrx_word' id='word_1_688' title='bbox 1057 4934 1274 4996; x_wconf 84' lang='lat' dir='ltr'><strong>tempus</strong></span> <span class='ocrx_word' id='word_1_689' title='bbox 1342 4926 1648 4981; x_wconf 84' lang='lat' dir='ltr'><strong>habeantur</strong></span> <span class='ocrx_word' id='word_1_690' title='bbox 1691 4930 1879 4982; x_wconf 87' lang='lat' dir='ltr'><strong>:inter</strong></span> <span class='ocrx_word' id='word_1_691' title='bbox 1939 4945 2078 5000; x_wconf 84' lang='lat' dir='ltr'><strong>quos</strong></span> 
     </span>
    </p>
   </div>
   <div class='ocr_carea' id='block_1_97' title="bbox 501 5014 2076 5090">
    <p class='ocr_par' dir='ltr' id='par_1_97' title="bbox 501 5014 2076 5090">
     <span class='ocr_line' id='line_1_97' title="bbox 501 5014 2076 5090; baseline 0.003 -20"><span class='ocrx_word' id='word_1_692' title='bbox 501 5014 660 5070; x_wconf 89' lang='lat' dir='ltr'><strong>multi</strong></span> <span class='ocrx_word' id='word_1_693' title='bbox 694 5016 911 5085; x_wconf 89' lang='lat' dir='ltr'><strong>quidem</strong></span> <span class='ocrx_word' id='word_1_694' title='bbox 955 5025 1086 5072; x_wconf 89' lang='lat' dir='ltr'><strong>sunt</strong></span> <span class='ocrx_word' id='word_1_695' title='bbox 1127 5018 1406 5081; x_wconf 87' lang='lat' dir='ltr'><strong>catholici,</strong></span> <span class='ocrx_word' id='word_1_696' title='bbox 1444 5016 1538 5073; x_wconf 89' lang='lat' dir='ltr'><strong>sed</strong></span> <span class='ocrx_word' id='word_1_697' title='bbox 1579 5019 1703 5074; x_wconf 85' lang='lat' dir='ltr'><strong>ﬁcte</strong></span> <span class='ocrx_word' id='word_1_698' title='bbox 1755 5036 1818 5074; x_wconf 91' lang='lat' dir='ltr'><strong>ac</strong></span> <span class='ocrx_word' id='word_1_699' title='bbox 1854 5037 1950 5090; x_wconf 88' lang='lat' dir='ltr'><strong>per</strong></span> <span class='ocrx_word' id='word_1_700' title='bbox 2001 5023 2076 5077; x_wconf 59' lang='lat' dir='ltr'><strong>si-</strong></span> 
     </span>
    </p>
   </div>
   <div class='ocr_carea' id='block_1_98' title="bbox 493 5109 2074 5184">
    <p class='ocr_par' dir='ltr' id='par_1_98' title="bbox 493 5109 2074 5184">
     <span class='ocr_line' id='line_1_98' title="bbox 493 5109 2074 5184; baseline 0.005 -20"><span class='ocrx_word' id='word_1_701' title='bbox 493 5109 856 5165; x_wconf 75' lang='lat' dir='ltr'><strong>mulationem</strong></span> <span class='ocrx_word' id='word_1_702' title='bbox 887 5126 1011 5165; x_wconf 92' lang='lat' dir='ltr'><strong>cum</strong></span> <span class='ocrx_word' id='word_1_703' title='bbox 1058 5111 1440 5167; x_wconf 87' lang='lat' dir='ltr'><strong>sacerdotibus</strong></span> <span class='ocrx_word' id='word_1_704' title='bbox 1475 5121 1603 5168; x_wconf 88' lang='lat' dir='ltr'><strong>sunt</strong></span> <span class='ocrx_word' id='word_1_705' title='bbox 1632 5114 1938 5184; x_wconf 85' lang='lat' dir='ltr'><strong>conjuncti,</strong></span> <span class='ocrx_word' id='word_1_706' title='bbox 1975 5116 2074 5172; x_wconf 86' lang='lat' dir='ltr'><strong>do-</strong></span> 
     </span>
    </p>
   </div>
   <div class='ocr_carea' id='block_1_99' title="bbox 577 5264 1403 5329">
    <p class='ocr_par' dir='ltr' id='par_1_99' title="bbox 577 5264 1403 5329">
     <span class='ocr_line' id='line_1_99' title="bbox 577 5264 1403 5329; baseline 0 -9"><span class='ocrx_word' id='word_1_707' title='bbox 577 5267 776 5321; x_wconf 76' lang='lat' dir='ltr'><strong>‘Cant.</strong></span> <span class='ocrx_word' id='word_1_708' title='bbox 830 5283 904 5329; x_wconf 79' lang='lat' dir='ltr'><strong>vi,</strong></span> <span class='ocrx_word' id='word_1_709' title='bbox 959 5265 1011 5319; x_wconf 90' lang='lat'><strong>7.</strong></span> <span class='ocrx_word' id='word_1_710' title='bbox 1113 5264 1224 5320; x_wconf 83' lang='lat' dir='ltr'><strong>’F.</strong></span> <span class='ocrx_word' id='word_1_711' title='bbox 1274 5281 1403 5320; x_wconf 90' lang='lat' dir='ltr'><strong>non.</strong></span> 
     </span>
    </p>
   </div>
   <div class='ocr_carea' id='block_1_100' title="bbox 501 5336 1209 5409">
    <p class='ocr_par' dir='ltr' id='par_1_100' title="bbox 501 5336 1209 5409">
     <span class='ocr_line' id='line_1_100' title="bbox 501 5336 1209 5409; baseline -0.003 -17"><span class='ocrx_word' id='word_1_712' title='bbox 501 5337 526 5369; x_wconf 83' lang='grc'>⁸</span> <span class='ocrx_word' id='word_1_713' title='bbox 554 5336 616 5392; x_wconf 78' lang='lat' dir='ltr'><strong>F.</strong></span> <span class='ocrx_word' id='word_1_714' title='bbox 646 5337 878 5402; x_wconf 85' lang='grc' dir='ltr'>κανόνας</span> <span class='ocrx_word' id='word_1_715' title='bbox 905 5352 1003 5409; x_wconf 86' lang='lat' dir='ltr'><strong>pro</strong></span> <span class='ocrx_word' id='word_1_716' title='bbox 1031 5336 1209 5400; x_wconf 75' lang='grc' dir='ltr'>ὄντας.</span> 
     </span>
    </p>
   </div>
   <div class='ocr_carea' id='block_1_101' title="bbox 573 5493 2080 5565">
    <p class='ocr_par' dir='ltr' id='par_1_101' title="bbox 573 5493 2080 5565">
     <span class='ocr_line' id='line_1_101' title="bbox 573 5493 2080 5565; baseline -0.001 -16"><span class='ocrx_word' id='word_1_717' title='bbox 573 5494 685 5564; x_wconf 84' lang='grc'>(51)</span> <span class='ocrx_word' id='word_1_718' title='bbox 719 5495 827 5549; x_wconf 84' lang='lat' dir='ltr'><strong>Kal</strong></span> <span class='ocrx_word' id='word_1_719' title='bbox 853 5495 1016 5549; x_wconf 79' lang='grc' dir='ltr'>πόσα</span> <span class='ocrx_word' id='word_1_720' title='bbox 1032 5493 1518 5563; x_wconf 76' lang='grc' dir='ltr'>δυνήσεται.Ηεεο</span> <span class='ocrx_word' id='word_1_721' title='bbox 1546 5501 1600 5550; x_wconf 91' lang='lat' dir='ltr'><strong>et</strong></span> <span class='ocrx_word' id='word_1_722' title='bbox 1629 5509 1748 5565; x_wconf 83' lang='lat' dir='ltr'><strong>quae</strong></span> <span class='ocrx_word' id='word_1_723' title='bbox 1774 5501 2080 5564; x_wconf 90' lang='lat' dir='ltr'><strong>sequuntur</strong></span> 
     </span>
    </p>
   </div>
   <div class='ocr_carea' id='block_1_102' title="bbox 1513 5263 2850 5340">
    <p class='ocr_par' dir='ltr' id='par_1_102' title="bbox 1513 5263 2850 5340">
     <span class='ocr_line' id='line_1_102' title="bbox 1513 5263 2850 5340; baseline 0.001 -20"><span class='ocrx_word' id='word_1_724' title='bbox 1513 5268 1534 5299; x_wconf 81' lang='grc'><strong><em>⁸</em></strong></span> <span class='ocrx_word' id='word_1_725' title='bbox 1562 5285 1650 5338; x_wconf 71' lang='lat' dir='ltr'><strong>7p.</strong></span> <span class='ocrx_word' id='word_1_726' title='bbox 1703 5266 1884 5338; x_wconf 80' lang='grc' dir='ltr'>τελείᾳ</span> <span class='ocrx_word' id='word_1_727' title='bbox 1922 5268 2224 5340; x_wconf 88' lang='grc' dir='ltr'>συνειδήσει</span> <span class='ocrx_word' id='word_1_728' title='bbox 2295 5263 2850 5340; x_wconf 81' lang='grc' dir='ltr'>πληροφορουμένων.</span> 
     </span>
    </p>
   </div>
   <div class='ocr_carea' id='block_1_103' title="bbox 2181 4828 3726 4906">
    <p class='ocr_par' dir='ltr' id='par_1_103' title="bbox 2181 4828 3726 4906">
     <span class='ocr_line' id='line_1_103' title="bbox 2181 4828 3726 4906; baseline -0.001 -20"><span class='ocrx_word' id='word_1_729' title='bbox 2181 4851 2404 4906; x_wconf 87' lang='grc' dir='ltr'>σματος,</span> <span class='ocrx_word' id='word_1_730' title='bbox 2467 4835 2548 4897; x_wconf 82' lang='grc' dir='ltr'><strong>είς</strong></span> <span class='ocrx_word' id='word_1_731' title='bbox 2603 4833 2878 4904; x_wconf 83' lang='grc' dir='ltr'>ἡμετέρας</span> <span class='ocrx_word' id='word_1_732' title='bbox 2937 4832 3105 4895; x_wconf 78' lang='grc' dir='ltr'>ἀκοὰς</span> <span class='ocrx_word' id='word_1_733' title='bbox 3147 4834 3374 4902; x_wconf 82' lang='grc' dir='ltr'>ἀφῖκται</span> <span class='ocrx_word' id='word_1_734' title='bbox 3439 4828 3521 4896; x_wconf 77' lang='grc' dir='ltr'><strong>εἷς</strong></span> <span class='ocrx_word' id='word_1_735' title='bbox 3577 4832 3726 4903; x_wconf 81' lang='grc' dir='ltr'>ὑπάρ-</span> 
     </span>
    </p>
   </div>
   <div class='ocr_carea' id='block_1_104' title="bbox 2180 4923 3725 4997">
    <p class='ocr_par' dir='ltr' id='par_1_104' title="bbox 2180 4923 3725 4997">
     <span class='ocr_line' id='line_1_104' title="bbox 2180 4923 3725 4997; baseline -0.003 -19"><span class='ocrx_word' id='word_1_736' title='bbox 2180 4945 2295 4997; x_wconf 82' lang='grc' dir='ltr'>χειν</span> <span class='ocrx_word' id='word_1_737' title='bbox 2359 4927 2417 4979; x_wconf 81' lang='grc' dir='ltr'>ὲν</span> <span class='ocrx_word' id='word_1_738' title='bbox 2456 4929 2522 4997; x_wconf 84' lang='grc' dir='ltr'><strong>τῇ</strong></span> <span class='ocrx_word' id='word_1_739' title='bbox 2575 4925 2681 4979; x_wconf 84' lang='grc' dir='ltr'><strong>τῶν</strong></span> <span class='ocrx_word' id='word_1_740' title='bbox 2717 4926 2931 4978; x_wconf 87' lang='grc' dir='ltr'>Λυκίων</span> <span class='ocrx_word' id='word_1_741' title='bbox 2983 4923 3135 4995; x_wconf 78' lang='grc' dir='ltr'>χώρᾳ</span> <span class='ocrx_word' id='word_1_742' title='bbox 3184 4923 3570 4997; x_wconf 87' lang='grc' dir='ltr'>πρεσϐύτερος.</span> <span class='ocrx_word' id='word_1_743' title='bbox 3627 4924 3725 4977; x_wconf 82' lang='grc' dir='ltr'><strong>Εἰσὶ</strong></span> 
     </span>
    </p>
   </div>
   <div class='ocr_carea' id='block_1_105' title="bbox 2181 5012 3722 5087">
    <p class='ocr_par' dir='ltr' id='par_1_105' title="bbox 2181 5012 3722 5087">
     <span class='ocr_line' id='line_1_105' title="bbox 2181 5012 3722 5087; baseline -0.004 -13"><span class='ocrx_word' id='word_1_744' title='bbox 2181 5021 2236 5074; x_wconf 83' lang='grc' dir='ltr'>δὲ</span> <span class='ocrx_word' id='word_1_745' title='bbox 2283 5021 2378 5073; x_wconf 75' lang='grc' dir='ltr'>καὶ</span> <span class='ocrx_word' id='word_1_746' title='bbox 2421 5020 2586 5081; x_wconf 81' lang='grc' dir='ltr'>ἄλλοι,</span> <span class='ocrx_word' id='word_1_747' title='bbox 2659 5012 2734 5072; x_wconf 77' lang='grc' dir='ltr'>ὧν</span> <span class='ocrx_word' id='word_1_748' title='bbox 2793 5019 3021 5081; x_wconf 76' lang='grc' dir='ltr'>ἕκαστος</span> <span class='ocrx_word' id='word_1_749' title='bbox 3087 5016 3208 5071; x_wconf 83' lang='grc' dir='ltr'>καθ’</span> <span class='ocrx_word' id='word_1_750' title='bbox 3265 5018 3458 5070; x_wconf 78' lang='grc' dir='ltr'>ἑαυτὸν</span> <span class='ocrx_word' id='word_1_751' title='bbox 3516 5016 3722 5087; x_wconf 72' lang='grc' dir='ltr'>εὔχεται,</span> 
     </span>
    </p>
   </div>
   <div class='ocr_carea' id='block_1_106' title="bbox 2183 5109 3725 5184">
    <p class='ocr_par' dir='ltr' id='par_1_106' title="bbox 2183 5109 3725 5184">
     <span class='ocr_line' id='line_1_106' title="bbox 2183 5109 3725 5184; baseline -0.007 -16"><span class='ocrx_word' id='word_1_752' title='bbox 2183 5115 2276 5168; x_wconf 70' lang='grc' dir='ltr'>καὶ</span> <span class='ocrx_word' id='word_1_753' title='bbox 2347 5115 2407 5167; x_wconf 86' lang='grc' dir='ltr'>οὐ</span> <span class='ocrx_word' id='word_1_754' title='bbox 2468 5114 2606 5184; x_wconf 83' lang='grc' dir='ltr'>μετά</span> <span class='ocrx_word' id='word_1_755' title='bbox 2657 5118 2803 5174; x_wconf 84' lang='grc' dir='ltr'>τινος</span> <span class='ocrx_word' id='word_1_756' title='bbox 2843 5110 2906 5164; x_wconf 86' lang='grc' dir='ltr'>τὸ</span> <span class='ocrx_word' id='word_1_757' title='bbox 2975 5109 3252 5176; x_wconf 85' lang='grc' dir='ltr'>παράπαν.</span> <span class='ocrx_word' id='word_1_758' title='bbox 3309 5109 3527 5178; x_wconf 77' lang='grc' dir='ltr'>Ἐτεροι</span> <span class='ocrx_word' id='word_1_759' title='bbox 3583 5110 3633 5162; x_wconf 82' lang='grc' dir='ltr'>δὲ</span> <span class='ocrx_word' id='word_1_760' title='bbox 3679 5110 3725 5159; x_wconf 82' lang='grc' dir='ltr'>ὲν</span> 
     </span>
    </p>
   </div>
   <div class='ocr_carea' id='block_1_107' title="bbox 2946 5261 3719 5337">
    <p class='ocr_par' dir='ltr' id='par_1_107' title="bbox 2946 5261 3719 5337">
     <span class='ocr_line' id='line_1_107' title="bbox 2946 5261 3719 5337; baseline -0.005 -21"><span class='ocrx_word' id='word_1_761' title='bbox 2946 5264 2967 5294; x_wconf 74' lang='grc'><strong>⁸</strong></span> <span class='ocrx_word' id='word_1_762' title='bbox 3000 5261 3061 5317; x_wconf 80' lang='lat' dir='ltr'><strong>F.</strong></span> <span class='ocrx_word' id='word_1_763' title='bbox 3113 5263 3173 5317; x_wconf 82' lang='grc' dir='ltr'><strong>ού</strong></span> <span class='ocrx_word' id='word_1_764' title='bbox 3242 5262 3432 5334; x_wconf 82' lang='grc' dir='ltr'>δεξάμ.</span> <span class='ocrx_word' id='word_1_765' title='bbox 3488 5264 3719 5337; x_wconf 73' lang='grc' dir='ltr'>χειροθεσ.</span> 
     </span>
    </p>
   </div>
   <div class='ocr_carea' id='block_1_108' title="bbox 2253 5485 3719 5563">
    <p class='ocr_par' dir='ltr' id='par_1_108' title="bbox 2253 5485 3719 5563">
     <span class='ocr_line' id='line_1_108' title="bbox 2253 5485 3719 5563; baseline -0.007 -17"><span class='ocrx_word' id='word_1_766' title='bbox 2253 5491 2367 5563; x_wconf 75' lang='grc'>(55)</span> <span class='ocrx_word' id='word_1_767' title='bbox 2410 5490 2502 5563; x_wconf 81' lang='grc' dir='ltr'>Ὡς</span> <span class='ocrx_word' id='word_1_768' title='bbox 2545 5488 2859 5563; x_wconf 71' lang='grc' dir='ltr'>Ζακχαῖος.</span> <span class='ocrx_word' id='word_1_769' title='bbox 2909 5485 3043 5542; x_wconf 83' lang='lat' dir='ltr'><strong>Vide</strong></span> <span class='ocrx_word' id='word_1_770' title='bbox 3071 5501 3192 5557; x_wconf 70' lang='lat' dir='ltr'><strong>quae</strong></span> <span class='ocrx_word' id='word_1_771' title='bbox 3239 5487 3306 5544; x_wconf 90' lang='lat' dir='ltr'><strong>de</strong></span> <span class='ocrx_word' id='word_1_772' title='bbox 3342 5488 3449 5544; x_wconf 90' lang='lat' dir='ltr'><strong>isto</strong></span> <span class='ocrx_word' id='word_1_773' title='bbox 3490 5487 3719 5563; x_wconf 47' lang='lat' dir='ltr'><strong>lacrimo</strong></span> 
     </span>
    </p>
   </div>
   <div class='ocr_carea' id='block_1_109' title="bbox 504 5560 3560 5636">
    <p class='ocr_par' dir='ltr' id='par_1_109' title="bbox 504 5560 3560 5636">
     <span class='ocr_line' id='line_1_109' title="bbox 504 5560 3560 5636; baseline -0.002 -17"><span class='ocrx_word' id='word_1_774' title='bbox 504 5563 575 5619; x_wconf 87' lang='lat' dir='ltr'><strong>ad</strong></span> <span class='ocrx_word' id='word_1_775' title='bbox 608 5560 766 5620; x_wconf 81' lang='lat' dir='ltr'><strong>tinem</strong></span> <span class='ocrx_word' id='word_1_776' title='bbox 796 5581 968 5636; x_wconf 87' lang='lat' dir='ltr'><strong>usque</strong></span> <span class='ocrx_word' id='word_1_777' title='bbox 1005 5560 1188 5635; x_wconf 84' lang='lat' dir='ltr'><strong>operis</strong></span> <span class='ocrx_word' id='word_1_778' title='bbox 1217 5565 1409 5636; x_wconf 88' lang='lat' dir='ltr'><strong>iisdem</strong></span> <span class='ocrx_word' id='word_1_779' title='bbox 1435 5565 1608 5621; x_wconf 82' lang='lat' dir='ltr'><strong>ferme</strong></span> <span class='ocrx_word' id='word_1_780' title='bbox 1640 5560 1868 5621; x_wconf 75' lang='lat' dir='ltr'><strong>exarata</strong></span> <span class='ocrx_word' id='word_1_781' title='bbox 1899 5566 2082 5636; x_wconf 80' lang='lat' dir='ltr'><strong>verbis</strong></span> <span class='ocrx_word' id='word_1_782' title='bbox 2179 5560 2576 5636; x_wconf 68' lang='lat' dir='ltr'><strong>adnotavimus</strong></span> <span class='ocrx_word' id='word_1_783' title='bbox 2597 5560 2663 5613; x_wconf 81' lang='lat' dir='ltr'><strong>ad</strong></span> <span class='ocrx_word' id='word_1_784' title='bbox 2699 5566 3071 5636; x_wconf 46' lang='grc' dir='ltr'>πίθηκοι-ειυφή</span> <span class='ocrx_word' id='word_1_785' title='bbox 3085 5575 3258 5636; x_wconf 81' lang='lat' dir='ltr'><strong>nuper</strong></span> <span class='ocrx_word' id='word_1_786' title='bbox 3291 5577 3442 5636; x_wconf 83' lang='lat' dir='ltr'><strong>num.</strong></span> <span class='ocrx_word' id='word_1_787' title='bbox 3482 5561 3560 5613; x_wconf 78' lang='grc'><strong>15.</strong></span> 
     </span>
    </p>
   </div>
   <div class='ocr_carea' id='block_1_110' title="bbox 505 5635 1228 5706">
    <p class='ocr_par' dir='ltr' id='par_1_110' title="bbox 505 5635 1228 5706">
     <span class='ocr_line' id='line_1_110' title="bbox 505 5635 1228 5706; baseline -0.001 -15"><span class='ocrx_word' id='word_1_788' title='bbox 505 5637 752 5691; x_wconf 81' lang='lat' dir='ltr'><strong>invenies</strong></span> <span class='ocrx_word' id='word_1_789' title='bbox 787 5637 840 5689; x_wconf 92' lang='lat' dir='ltr'><strong>in</strong></span> <span class='ocrx_word' id='word_1_790' title='bbox 885 5635 1228 5706; x_wconf 78' lang='lat' dir='ltr'><strong>Expositione</strong></span> 
     </span>
    </p>
   </div>
   <div class='ocr_carea' id='block_1_111' title="bbox 500 5706 1235 5777">
    <p class='ocr_par' dir='ltr' id='par_1_111' title="bbox 500 5706 1235 5777">
     <span class='ocr_line' id='line_1_111' title="bbox 500 5706 1235 5777; baseline 0.003 -17"><span class='ocrx_word' id='word_1_791' title='bbox 500 5721 664 5777; x_wconf 75' lang='lat' dir='ltr'><strong>grum</strong></span> <span class='ocrx_word' id='word_1_792' title='bbox 700 5722 874 5775; x_wconf 86' lang='lat' dir='ltr'><strong>usque</strong></span> <span class='ocrx_word' id='word_1_793' title='bbox 903 5723 1113 5762; x_wconf 89' lang='lat' dir='ltr'><strong>numer.</strong></span> <span class='ocrx_word' id='word_1_794' title='bbox 1151 5706 1235 5762; x_wconf 76' lang='grc'>18.</span> 
     </span>
    </p>
   </div>
   <div class='ocr_carea' id='block_1_112' title="bbox 1266 5635 2086 5706">
    <p class='ocr_par' dir='ltr' id='par_1_112' title="bbox 1266 5635 2086 5706">
     <span class='ocr_line' id='line_1_112' title="bbox 1266 5635 2086 5706; baseline 0.001 -17"><span class='ocrx_word' id='word_1_795' title='bbox 1266 5635 1392 5706; x_wconf 81' lang='lat' dir='ltr'><strong>ﬁdei</strong></span> <span class='ocrx_word' id='word_1_796' title='bbox 1451 5653 1482 5692; x_wconf 91' lang='lat' dir='ltr'><strong>a</strong></span> <span class='ocrx_word' id='word_1_797' title='bbox 1516 5653 1665 5692; x_wconf 90' lang='lat' dir='ltr'><strong>num.</strong></span> <span class='ocrx_word' id='word_1_798' title='bbox 1699 5636 1788 5700; x_wconf 81' lang='grc'>15,</span> <span class='ocrx_word' id='word_1_799' title='bbox 1844 5635 1912 5689; x_wconf 88' lang='lat' dir='ltr'><strong>ad</strong></span> <span class='ocrx_word' id='word_1_800' title='bbox 1948 5636 2086 5690; x_wconf 81' lang='lat' dir='ltr'><strong>inte-</strong></span> 
     </span>
    </p>
   </div>
   <div class='ocr_carea' id='block_1_113' title="bbox 2252 5627 3716 5704">
    <p class='ocr_par' dir='ltr' id='par_1_113' title="bbox 2252 5627 3716 5704">
     <span class='ocr_line' id='line_1_113' title="bbox 2252 5627 3716 5704; baseline -0.005 -17"><span class='ocrx_word' id='word_1_801' title='bbox 2252 5634 2359 5704; x_wconf 65' lang='grc'>(54)</span> <span class='ocrx_word' id='word_1_802' title='bbox 2407 5628 2858 5704; x_wconf 69' lang='grc' dir='ltr'>Ἇνᾳΰαπτίζειν,</span> <span class='ocrx_word' id='word_1_803' title='bbox 2894 5627 3097 5704; x_wconf 70' lang='lat' dir='ltr'><strong>etc.__F_J_t</strong></span> <span class='ocrx_word' id='word_1_804' title='bbox 3126 5629 3214 5684; x_wconf 92' lang='lat' dir='ltr'><strong>hic</strong></span> <span class='ocrx_word' id='word_1_805' title='bbox 3250 5632 3558 5685; x_wconf 84' lang='lat' dir='ltr'><strong>recolantur</strong></span> <span class='ocrx_word' id='word_1_806' title='bbox 3586 5641 3716 5704; x_wconf 60' lang='lat' dir='ltr'><strong>oper;</strong></span> 
     </span>
    </p>
   </div>
   <div class='ocr_carea' id='block_1_114' title="bbox 2182 5693 3716 5787">
    <p class='ocr_par' dir='ltr' id='par_1_114' title="bbox 2182 5693 3716 5787">
     <span class='ocr_line' id='line_1_114' title="bbox 2182 5693 3716 5787; baseline -0.005 -28"><span class='ocrx_word' id='word_1_807' title='bbox 2182 5693 2401 5787; x_wconf 48' lang='lat' dir='ltr'><strong>tet‘qu&#39;m</strong></span> <span class='ocrx_word' id='word_1_808' title='bbox 2423 5701 2764 5787; x_wconf 43' lang='lat' dir='ltr'><strong>scripsimus.</strong></span> <span class='ocrx_word' id='word_1_809' title='bbox 2789 5699 2856 5753; x_wconf 90' lang='lat' dir='ltr'><strong>ad</strong></span> <span class='ocrx_word' id='word_1_810' title='bbox 2895 5700 3232 5787; x_wconf 66' lang='lat' dir='ltr'><strong>simillimum</strong></span> <span class='ocrx_word' id='word_1_811' title='bbox 3277 5703 3456 5758; x_wconf 87' lang='lat' dir='ltr'><strong>locum</strong></span> <span class='ocrx_word' id='word_1_812' title='bbox 3513 5693 3643 5755; x_wconf 80' lang='lat' dir='ltr'><strong>num.</strong></span> <span class='ocrx_word' id='word_1_813' title='bbox 3670 5693 3716 5751; x_wconf 79' lang='lat' dir='ltr'><strong>i3</strong></span> 
     </span>
    </p>
   </div>
   <div class='ocr_carea' id='block_1_115' title="bbox 581 5769 3033 5850">
    <p class='ocr_par' dir='ltr' id='par_1_115' title="bbox 581 5769 3033 5850">
     <span class='ocr_line' id='line_1_115' title="bbox 581 5769 3033 5850; baseline -0.001 -23"><span class='ocrx_word' id='word_1_814' title='bbox 581 5774 694 5850; x_wconf 69' lang='lat'><strong>(52)</strong></span> <span class='ocrx_word' id='word_1_815' title='bbox 723 5769 1069 5850; x_wconf 10' lang='lat' dir='ltr'><strong>tionlericum</strong></span> <span class='ocrx_word' id='word_1_816' title='bbox 1101 5777 1224 5833; x_wconf 85' lang='lat' dir='ltr'><strong>istis</strong></span> <span class='ocrx_word' id='word_1_817' title='bbox 1249 5793 1370 5848; x_wconf 66' lang='lat' dir='ltr'><strong>qua:</strong></span> <span class='ocrx_word' id='word_1_818' title='bbox 1394 5777 1650 5850; x_wconf 81' lang='lat' dir='ltr'><strong>leguntur</strong></span> <span class='ocrx_word' id='word_1_819' title='bbox 1703 5791 1852 5831; x_wconf 88' lang='lat' dir='ltr'><strong>num.</strong></span> <span class='ocrx_word' id='word_1_820' title='bbox 1884 5773 1954 5831; x_wconf 78' lang='lat' dir='ltr'><strong>l5</strong></span> <span class='ocrx_word' id='word_1_821' title='bbox 1981 5774 2089 5830; x_wconf 75' lang='lat' dir='ltr'><strong>Ex-</strong></span> <span class='ocrx_word' id='word_1_822' title='bbox 2185 5769 2389 5830; x_wconf 81' lang='lat' dir='ltr'><strong>laudati</strong></span> <span class='ocrx_word' id='word_1_823' title='bbox 2426 5774 2480 5828; x_wconf 90' lang='lat' dir='ltr'><strong>in</strong></span> <span class='ocrx_word' id='word_1_824' title='bbox 2517 5769 2862 5841; x_wconf 73' lang='lat' dir='ltr'><strong>Expositione</strong></span> <span class='ocrx_word' id='word_1_825' title='bbox 2887 5769 3033 5841; x_wconf 78' lang='lat' dir='ltr'><strong>ﬁdei.</strong></span> 
     </span>
    </p>
   </div>
   <div class='ocr_carea' id='block_1_116' title="bbox 499 5846 962 5914">
    <p class='ocr_par' dir='ltr' id='par_1_116' title="bbox 499 5846 962 5914">
     <span class='ocr_line' id='line_1_116' title="bbox 499 5846 962 5914; baseline 0.006 -14"><span class='ocrx_word' id='word_1_826' title='bbox 499 5846 788 5914; x_wconf 50' lang='lat' dir='ltr'><strong>yodtionis</strong></span> <span class='ocrx_word' id='word_1_827' title='bbox 818 5846 962 5914; x_wconf 68' lang='lat' dir='ltr'><strong>ﬁdei.</strong></span> 
     </span>
    </p>
   </div>
  </div>
