  <div class='ocr_page' id='page_1' title='image "/cluster/home/n/w/nwhite01/storage/ocr_20150623/42/hvd.32044011752995/440.png"; bbox 0 0 3810 6216; ppageno 0'>
   <div class='ocr_carea' id='block_1_1' title="bbox 145 345 248 407">
    <p class='ocr_par' dir='ltr' id='par_1_1' title="bbox 145 345 248 407">
     <span class='ocr_line' id='line_1_1' title="bbox 145 345 248 407; baseline -0.029 0"><span class='ocrx_word' id='word_1_1' title='bbox 145 345 248 407; x_wconf 79' lang='grc' dir='ltr'>επ</span> 
     </span>
    </p>
   </div>
   <div class='ocr_carea' id='block_1_2' title="bbox 1429 341 2087 398">
    <p class='ocr_par' dir='ltr' id='par_1_2' title="bbox 1429 341 2087 398">
     <span class='ocr_line' id='line_1_2' title="bbox 1429 341 2087 398; baseline -0.003 -2"><span class='ocrx_word' id='word_1_2' title='bbox 1429 341 1791 398; x_wconf 73' lang='lat' dir='ltr'><strong>ANACEPIIA</strong></span> <span class='ocrx_word' id='word_1_3' title='bbox 1801 341 2087 398; x_wconf 68' lang='grc' dir='ltr'><strong>ιΑΞΟΞΙδ.</strong></span> 
     </span>
    </p>
   </div>
   <div class='ocr_carea' id='block_1_3' title="bbox 3297 335 3404 393">
    <p class='ocr_par' dir='ltr' id='par_1_3' title="bbox 3297 335 3404 393">
     <span class='ocr_line' id='line_1_3' title="bbox 3297 335 3404 393; baseline -0.019 -1"><span class='ocrx_word' id='word_1_4' title='bbox 3297 335 3404 393; x_wconf 74' lang='lat'><strong>878</strong></span> 
     </span>
    </p>
   </div>
   <div class='ocr_carea' id='block_1_4' title="bbox 147 458 1708 537">
    <p class='ocr_par' dir='ltr' id='par_1_4' title="bbox 147 461 1708 537">
     <span class='ocr_line' id='line_1_4' title="bbox 147 461 1708 537; baseline -0.001 -19"><span class='ocrx_word' id='word_1_5' title='bbox 147 465 340 527; x_wconf 69' lang='grc' dir='ltr'>κλοιοῖς</span> <span class='ocrx_word' id='word_1_6' title='bbox 503 461 654 534; x_wconf 70' lang='grc' dir='ltr'>παρὰ</span> <span class='ocrx_word' id='word_1_7' title='bbox 678 463 764 516; x_wconf 67' lang='grc' dir='ltr'><strong>τον</strong></span> <span class='ocrx_word' id='word_1_8' title='bbox 797 462 992 534; x_wconf 75' lang='grc' dir='ltr'>θεσμὸν</span> <span class='ocrx_word' id='word_1_9' title='bbox 1027 463 1124 533; x_wconf 77' lang='grc' dir='ltr'>τῆς</span> <span class='ocrx_word' id='word_1_10' title='bbox 1153 461 1494 534; x_wconf 82' lang='grc' dir='ltr'>Ἐκκλησίας.</span> <span class='ocrx_word' id='word_1_11' title='bbox 1527 465 1708 536; x_wconf 61' lang='grc' dir='ltr'>Διόπερ</span> 
     </span>
    </p>
   </div>
   <div class='ocr_carea' id='block_1_5' title="bbox 1819 458 3404 537">
    <p class='ocr_par' dir='ltr' id='par_1_5' title="bbox 1829 458 3404 518">
     <span class='ocr_line' id='line_1_5' title="bbox 1829 458 3404 518; baseline -0.006 0"><span class='ocrx_word' id='word_1_12' title='bbox 1829 479 1930 518; x_wconf 86' lang='lat' dir='ltr'><strong>nec</strong></span> <span class='ocrx_word' id='word_1_13' title='bbox 1972 459 2308 517; x_wconf 83' lang='lat' dir='ltr'><strong>exsecranda</strong></span> <span class='ocrx_word' id='word_1_14' title='bbox 2359 459 2449 515; x_wconf 87' lang='lat' dir='ltr'><strong>illa</strong></span> <span class='ocrx_word' id='word_1_15' title='bbox 2497 465 2648 516; x_wconf 89' lang='lat' dir='ltr'><strong>secta</strong></span> <span class='ocrx_word' id='word_1_16' title='bbox 2697 459 2765 516; x_wconf 85' lang='lat' dir='ltr'><strong>ab</strong></span> <span class='ocrx_word' id='word_1_17' title='bbox 2819 458 3078 514; x_wconf 61' lang='lat' dir='ltr'><strong>Ecclesiae</strong></span> <span class='ocrx_word' id='word_1_18' title='bbox 3119 459 3404 512; x_wconf 86' lang='lat' dir='ltr'><strong>consortio</strong></span> 
     </span>
    </p>
   </div>
   <div class='ocr_carea' id='block_1_6' title="bbox 145 555 1722 626">
    <p class='ocr_par' dir='ltr' id='par_1_6' title="bbox 145 555 1722 626">
     <span class='ocr_line' id='line_1_6' title="bbox 145 555 1722 626; baseline -0.001 -18"><span class='ocrx_word' id='word_1_19' title='bbox 145 557 232 608; x_wconf 73' lang='grc' dir='ltr'><strong>ἐπὶ</strong></span> <span class='ocrx_word' id='word_1_20' title='bbox 259 556 399 608; x_wconf 84' lang='grc' dir='ltr'>τέλει</span> <span class='ocrx_word' id='word_1_21' title='bbox 437 555 638 619; x_wconf 80' lang='grc' dir='ltr'>παντὸς</span> <span class='ocrx_word' id='word_1_22' title='bbox 681 557 772 608; x_wconf 85' lang='grc' dir='ltr'><strong>τοῦ</strong></span> <span class='ocrx_word' id='word_1_23' title='bbox 817 555 977 623; x_wconf 81' lang='grc' dir='ltr'>λόγου</span> <span class='ocrx_word' id='word_1_24' title='bbox 1016 556 1259 619; x_wconf 78' lang='grc' dir='ltr'><strong>νεάνιδας</strong></span> <span class='ocrx_word' id='word_1_25' title='bbox 1285 556 1440 624; x_wconf 74' lang='grc' dir='ltr'>ἔφην,</span> <span class='ocrx_word' id='word_1_26' title='bbox 1466 555 1539 626; x_wconf 81' lang='grc' dir='ltr'>μὴ</span> <span class='ocrx_word' id='word_1_27' title='bbox 1567 556 1722 626; x_wconf 82' lang='grc' dir='ltr'>ἐχού-</span> 
     </span>
    </p>
   </div>
   <div class='ocr_carea' id='block_1_7' title="bbox 149 646 1729 718">
    <p class='ocr_par' dir='ltr' id='par_1_7' title="bbox 149 646 1729 718">
     <span class='ocr_line' id='line_1_7' title="bbox 149 646 1729 718; baseline -0.001 -19"><span class='ocrx_word' id='word_1_28' title='bbox 149 663 244 709; x_wconf 92' lang='grc' dir='ltr'><strong>σας</strong></span> <span class='ocrx_word' id='word_1_29' title='bbox 298 646 550 718; x_wconf 87' lang='grc' dir='ltr'>ἀριθμὸν,</span> <span class='ocrx_word' id='word_1_30' title='bbox 576 649 672 710; x_wconf 84' lang='grc' dir='ltr'>τάς</span> <span class='ocrx_word' id='word_1_31' title='bbox 725 665 786 700; x_wconf 83' lang='grc' dir='ltr'><strong>τε</strong></span> <span class='ocrx_word' id='word_1_32' title='bbox 829 649 968 702; x_wconf 80' lang='grc' dir='ltr'>κατά</span> <span class='ocrx_word' id='word_1_33' title='bbox 993 649 1092 716; x_wconf 76' lang='grc' dir='ltr'>τὴν</span> <span class='ocrx_word' id='word_1_34' title='bbox 1125 648 1262 701; x_wconf 82' lang='grc' dir='ltr'>ἰδίαν</span> <span class='ocrx_word' id='word_1_35' title='bbox 1292 648 1502 700; x_wconf 78' lang='grc' dir='ltr'>ἔννοιαν</span> <span class='ocrx_word' id='word_1_36' title='bbox 1535 648 1729 710; x_wconf 79' lang='grc' dir='ltr'>αὐταῖς</span> 
     </span>
    </p>
   </div>
   <div class='ocr_carea' id='block_1_8' title="bbox 144 737 1720 810">
    <p class='ocr_par' dir='ltr' id='par_1_8' title="bbox 144 737 1720 810">
     <span class='ocr_line' id='line_1_8' title="bbox 144 737 1720 810; baseline 0.004 -22"><span class='ocrx_word' id='word_1_37' title='bbox 144 737 514 802; x_wconf 85' lang='grc' dir='ltr'>νεανιζούσας,</span> <span class='ocrx_word' id='word_1_38' title='bbox 539 739 602 792; x_wconf 80' lang='grc' dir='ltr'>οὐ</span> <span class='ocrx_word' id='word_1_39' title='bbox 629 741 736 810; x_wconf 83' lang='grc' dir='ltr'>μὴν</span> <span class='ocrx_word' id='word_1_40' title='bbox 789 741 866 803; x_wconf 86' lang='grc' dir='ltr'><strong>είς</strong></span> <span class='ocrx_word' id='word_1_41' title='bbox 916 741 977 794; x_wconf 85' lang='grc' dir='ltr'>τὸ</span> <span class='ocrx_word' id='word_1_42' title='bbox 1030 739 1257 808; x_wconf 82' lang='grc' dir='ltr'>ἀγαθὺν.</span> <span class='ocrx_word' id='word_1_43' title='bbox 1284 743 1362 804; x_wconf 85' lang='grc' dir='ltr'>εἰς</span> <span class='ocrx_word' id='word_1_44' title='bbox 1389 741 1450 794; x_wconf 82' lang='grc' dir='ltr'>τὸ</span> <span class='ocrx_word' id='word_1_45' title='bbox 1482 741 1720 794; x_wconf 78' lang='grc' dir='ltr'><strong>τελειοῦν</strong></span> 
     </span>
    </p>
   </div>
   <div class='ocr_carea' id='block_1_9' title="bbox 143 829 1722 903">
    <p class='ocr_par' dir='ltr' id='par_1_9' title="bbox 143 829 1722 903">
     <span class='ocr_line' id='line_1_9' title="bbox 143 829 1722 903; baseline 0.003 -22"><span class='ocrx_word' id='word_1_46' title='bbox 143 829 237 898; x_wconf 79' lang='grc' dir='ltr'>τῆς</span> <span class='ocrx_word' id='word_1_47' title='bbox 277 829 470 898; x_wconf 83' lang='grc' dir='ltr'>σοφίας</span> <span class='ocrx_word' id='word_1_48' title='bbox 511 829 577 882; x_wconf 75' lang='grc' dir='ltr'>τὰ</span> <span class='ocrx_word' id='word_1_49' title='bbox 620 830 759 902; x_wconf 75' lang='grc' dir='ltr'>εἴδη,</span> <span class='ocrx_word' id='word_1_50' title='bbox 797 830 1110 902; x_wconf 74' lang='grc' dir='ltr'>φρονήσεώς</span> <span class='ocrx_word' id='word_1_51' title='bbox 1145 849 1203 884; x_wconf 90' lang='grc' dir='ltr'><strong>τε</strong></span> <span class='ocrx_word' id='word_1_52' title='bbox 1236 834 1328 886; x_wconf 70' lang='grc' dir='ltr'>καὶ</span> <span class='ocrx_word' id='word_1_53' title='bbox 1357 832 1608 903; x_wconf 78' lang='grc' dir='ltr'><strong>ἀνδρείας</strong></span> <span class='ocrx_word' id='word_1_54' title='bbox 1629 833 1722 886; x_wconf 76' lang='grc' dir='ltr'>καὶ</span> 
     </span>
    </p>
   </div>
   <div class='ocr_carea' id='block_1_10' title="bbox 147 916 1718 992">
    <p class='ocr_par' dir='ltr' id='par_1_10' title="bbox 147 916 1718 992">
     <span class='ocr_line' id='line_1_10' title="bbox 147 916 1718 992; baseline 0.004 -22"><span class='ocrx_word' id='word_1_55' title='bbox 147 918 497 989; x_wconf 82' lang='grc' dir='ltr'><strong>σωφροσύνης</strong></span> <span class='ocrx_word' id='word_1_56' title='bbox 517 921 610 972; x_wconf 70' lang='grc' dir='ltr'>καὶ</span> <span class='ocrx_word' id='word_1_57' title='bbox 636 920 1002 992; x_wconf 78' lang='grc' dir='ltr'><strong>δικαιοσύνης.</strong></span> <span class='ocrx_word' id='word_1_58' title='bbox 1040 920 1129 986; x_wconf 79' lang='grc' dir='ltr'><strong>Ἐξ</strong></span> <span class='ocrx_word' id='word_1_59' title='bbox 1159 916 1232 974; x_wconf 84' lang='grc' dir='ltr'>ὧν</span> <span class='ocrx_word' id='word_1_60' title='bbox 1257 922 1410 976; x_wconf 84' lang='grc' dir='ltr'><strong>ἄλλαι</strong></span> <span class='ocrx_word' id='word_1_61' title='bbox 1444 923 1718 988; x_wconf 76' lang='grc' dir='ltr'>νεανίζου-</span> 
     </span>
    </p>
   </div>
   <div class='ocr_carea' id='block_1_11' title="bbox 145 1011 1716 1086">
    <p class='ocr_par' dir='ltr' id='par_1_11' title="bbox 145 1011 1716 1086">
     <span class='ocr_line' id='line_1_11' title="bbox 145 1011 1716 1086; baseline 0.003 -24"><span class='ocrx_word' id='word_1_62' title='bbox 145 1027 234 1062; x_wconf 90' lang='grc' dir='ltr'><strong>σαι</strong></span> <span class='ocrx_word' id='word_1_63' title='bbox 277 1011 369 1064; x_wconf 74' lang='grc' dir='ltr'><strong>ἐπὶ</strong></span> <span class='ocrx_word' id='word_1_64' title='bbox 413 1012 476 1064; x_wconf 86' lang='grc' dir='ltr'>τὸ</span> <span class='ocrx_word' id='word_1_65' title='bbox 519 1013 1004 1086; x_wconf 78' lang='grc' dir='ltr'><strong>τυραννικώτερον,</strong></span> <span class='ocrx_word' id='word_1_66' title='bbox 1051 1015 1146 1068; x_wconf 79' lang='grc' dir='ltr'>καὶ</span> <span class='ocrx_word' id='word_1_67' title='bbox 1173 1015 1280 1068; x_wconf 77' lang='grc' dir='ltr'><strong>ἀπὸ</strong></span> <span class='ocrx_word' id='word_1_68' title='bbox 1314 1015 1416 1085; x_wconf 78' lang='grc' dir='ltr'>τῆς</span> <span class='ocrx_word' id='word_1_69' title='bbox 1459 1015 1716 1085; x_wconf 81' lang='grc' dir='ltr'><strong>ἀληθείας</strong></span> 
     </span>
    </p>
   </div>
   <div class='ocr_carea' id='block_1_12' title="bbox 143 1102 1711 1178">
    <p class='ocr_par' dir='ltr' id='par_1_12' title="bbox 143 1102 1711 1178">
     <span class='ocr_line' id='line_1_12' title="bbox 143 1102 1711 1178; baseline 0.003 -23"><span class='ocrx_word' id='word_1_70' title='bbox 143 1102 340 1168; x_wconf 73' lang='grc' dir='ltr'>ἑαυτὰς</span> <span class='ocrx_word' id='word_1_71' title='bbox 365 1105 711 1175; x_wconf 75' lang='grc' dir='ltr'>ἐκτρέπουσι,</span> <span class='ocrx_word' id='word_1_72' title='bbox 739 1107 878 1160; x_wconf 82' lang='grc' dir='ltr'>ὥστε</span> <span class='ocrx_word' id='word_1_73' title='bbox 905 1107 982 1178; x_wconf 82' lang='grc' dir='ltr'>μὴ</span> <span class='ocrx_word' id='word_1_74' title='bbox 1009 1104 1148 1160; x_wconf 79' lang='grc' dir='ltr'>εἶναι</span> <span class='ocrx_word' id='word_1_75' title='bbox 1201 1107 1434 1178; x_wconf 76' lang='grc' dir='ltr'>ἀριθμὸν</span> <span class='ocrx_word' id='word_1_76' title='bbox 1485 1106 1711 1161; x_wconf 84' lang='grc' dir='ltr'>τούτων.</span> 
     </span>
    </p>
   </div>
   <div class='ocr_carea' id='block_1_13' title="bbox 1829 547 3398 628">
    <p class='ocr_par' dir='ltr' id='par_1_13' title="bbox 1829 547 3398 628">
     <span class='ocr_line' id='line_1_13' title="bbox 1829 547 3398 628; baseline -0.006 -17"><span class='ocrx_word' id='word_1_77' title='bbox 1829 563 2162 628; x_wconf 77' lang='lat' dir='ltr'><strong>segregetur,</strong></span> <span class='ocrx_word' id='word_1_78' title='bbox 2217 561 2275 608; x_wconf 93' lang='lat' dir='ltr'><strong>ut</strong></span> <span class='ocrx_word' id='word_1_79' title='bbox 2309 561 2440 608; x_wconf 90' lang='lat' dir='ltr'><strong>tunc</strong></span> <span class='ocrx_word' id='word_1_80' title='bbox 2483 553 2686 624; x_wconf 83' lang='lat' dir='ltr'><strong>aliquid</strong></span> <span class='ocrx_word' id='word_1_81' title='bbox 2727 554 2796 606; x_wconf 90' lang='lat' dir='ltr'><strong>de</strong></span> <span class='ocrx_word' id='word_1_82' title='bbox 2827 552 2918 606; x_wconf 91' lang='lat' dir='ltr'><strong>illa</strong></span> <span class='ocrx_word' id='word_1_83' title='bbox 2971 558 3267 607; x_wconf 75' lang='lat' dir='ltr'><strong>statuatur.</strong></span> <span class='ocrx_word' id='word_1_84' title='bbox 3321 547 3398 602; x_wconf 72' lang='lat' dir='ltr'><strong>Ex</strong></span> 
     </span>
    </p>
   </div>
   <div class='ocr_carea' id='block_1_14' title="bbox 1827 643 3404 716">
    <p class='ocr_par' dir='ltr' id='par_1_14' title="bbox 1827 643 3404 716">
     <span class='ocr_line' id='line_1_14' title="bbox 1827 643 3404 716; baseline -0.003 -16"><span class='ocrx_word' id='word_1_85' title='bbox 1827 647 1899 702; x_wconf 92' lang='lat' dir='ltr'><strong>iis</strong></span> <span class='ocrx_word' id='word_1_86' title='bbox 1927 647 2018 716; x_wconf 88' lang='lat' dir='ltr'><strong>qui</strong></span> <span class='ocrx_word' id='word_1_87' title='bbox 2049 656 2242 716; x_wconf 87' lang='lat' dir='ltr'><strong>suapte</strong></span> <span class='ocrx_word' id='word_1_88' title='bbox 2281 647 2606 700; x_wconf 81' lang='lat' dir='ltr'><strong>auctoritate</strong></span> <span class='ocrx_word' id='word_1_89' title='bbox 2649 645 2846 700; x_wconf 88' lang='lat' dir='ltr'><strong>iterum</strong></span> <span class='ocrx_word' id='word_1_90' title='bbox 2875 645 2981 698; x_wconf 89' lang='lat' dir='ltr'><strong>hoc</strong></span> <span class='ocrx_word' id='word_1_91' title='bbox 3021 643 3184 697; x_wconf 89' lang='lat' dir='ltr'><strong>modo</strong></span> <span class='ocrx_word' id='word_1_92' title='bbox 3226 643 3404 714; x_wconf 86' lang='lat' dir='ltr'><strong>bapti-</strong></span> 
     </span>
    </p>
   </div>
   <div class='ocr_carea' id='block_1_15' title="bbox 1827 736 3400 810">
    <p class='ocr_par' dir='ltr' id='par_1_15' title="bbox 1827 736 3400 810">
     <span class='ocr_line' id='line_1_15' title="bbox 1827 736 3400 810; baseline -0.002 -17"><span class='ocrx_word' id='word_1_93' title='bbox 1827 749 1973 804; x_wconf 77' lang='lat' dir='ltr'><strong>zant,</strong></span> <span class='ocrx_word' id='word_1_94' title='bbox 2013 739 2176 794; x_wconf 86' lang='lat' dir='ltr'><strong>audio</strong></span> <span class='ocrx_word' id='word_1_95' title='bbox 2199 739 2490 810; x_wconf 84' lang='lat' dir='ltr'><strong>quemdam</strong></span> <span class='ocrx_word' id='word_1_96' title='bbox 2541 739 2596 792; x_wconf 90' lang='lat' dir='ltr'><strong>in</strong></span> <span class='ocrx_word' id='word_1_97' title='bbox 2631 736 2798 808; x_wconf 80' lang='lat' dir='ltr'><strong>Lycia</strong></span> <span class='ocrx_word' id='word_1_98' title='bbox 2831 737 3208 808; x_wconf 86' lang='lat' dir='ltr'><strong>presbyterum</strong></span> <span class='ocrx_word' id='word_1_99' title='bbox 3255 751 3400 791; x_wconf 86' lang='lat' dir='ltr'><strong>esse.</strong></span> 
     </span>
    </p>
   </div>
   <div class='ocr_carea' id='block_1_16' title="bbox 1826 828 3402 901">
    <p class='ocr_par' dir='ltr' id='par_1_16' title="bbox 1826 828 3402 901">
     <span class='ocr_line' id='line_1_16' title="bbox 1826 828 3402 901; baseline -0.003 -16"><span class='ocrx_word' id='word_1_100' title='bbox 1826 830 1933 886; x_wconf 87' lang='lat' dir='ltr'><strong>Sed</strong></span> <span class='ocrx_word' id='word_1_101' title='bbox 1966 839 2021 886; x_wconf 86' lang='lat' dir='ltr'><strong>et</strong></span> <span class='ocrx_word' id='word_1_102' title='bbox 2053 831 2178 886; x_wconf 89' lang='lat' dir='ltr'><strong>aliis</strong></span> <span class='ocrx_word' id='word_1_103' title='bbox 2223 832 2277 884; x_wconf 88' lang='lat' dir='ltr'><strong>in</strong></span> <span class='ocrx_word' id='word_1_104' title='bbox 2312 831 2452 886; x_wconf 92' lang='lat' dir='ltr'><strong>locis</strong></span> <span class='ocrx_word' id='word_1_105' title='bbox 2497 831 2854 901; x_wconf 89' lang='lat' dir='ltr'><strong>reperiuntur</strong></span> <span class='ocrx_word' id='word_1_106' title='bbox 2883 829 2998 894; x_wconf 86' lang='lat' dir='ltr'><strong>alii,</strong></span> <span class='ocrx_word' id='word_1_107' title='bbox 3029 828 3120 896; x_wconf 78' lang='lat' dir='ltr'><strong>qui</strong></span> <span class='ocrx_word' id='word_1_108' title='bbox 3155 829 3402 897; x_wconf 82' lang='lat' dir='ltr'><strong>singilla-</strong></span> 
     </span>
    </p>
   </div>
   <div class='ocr_carea' id='block_1_17' title="bbox 1823 921 3398 994">
    <p class='ocr_par' dir='ltr' id='par_1_17' title="bbox 1823 921 3398 994">
     <span class='ocr_line' id='line_1_17' title="bbox 1823 921 3398 994; baseline -0.001 -17"><span class='ocrx_word' id='word_1_109' title='bbox 1823 923 1920 977; x_wconf 87' lang='lat' dir='ltr'><strong>tim</strong></span> <span class='ocrx_word' id='word_1_110' title='bbox 1979 937 2042 977; x_wconf 92' lang='lat' dir='ltr'><strong>ac</strong></span> <span class='ocrx_word' id='word_1_111' title='bbox 2101 923 2338 992; x_wconf 85' lang='lat' dir='ltr'><strong>separati</strong></span> <span class='ocrx_word' id='word_1_112' title='bbox 2397 937 2590 994; x_wconf 87' lang='lat' dir='ltr'><strong>preces</strong></span> <span class='ocrx_word' id='word_1_113' title='bbox 2648 921 2890 986; x_wconf 91' lang='lat' dir='ltr'><strong>obeunt,</strong></span> <span class='ocrx_word' id='word_1_114' title='bbox 2949 929 3002 976; x_wconf 90' lang='lat' dir='ltr'><strong>et</strong></span> <span class='ocrx_word' id='word_1_115' title='bbox 3061 923 3398 991; x_wconf 88' lang='lat' dir='ltr'><strong>reliquorum</strong></span> 
     </span>
    </p>
   </div>
   <div class='ocr_carea' id='block_1_18' title="bbox 1823 1011 3400 1083">
    <p class='ocr_par' dir='ltr' id='par_1_18' title="bbox 1823 1011 3400 1083">
     <span class='ocr_line' id='line_1_18' title="bbox 1823 1011 3400 1083; baseline 0 -17"><span class='ocrx_word' id='word_1_116' title='bbox 1823 1013 2266 1066; x_wconf 87' lang='lat' dir='ltr'><strong>communionem</strong></span> <span class='ocrx_word' id='word_1_117' title='bbox 2293 1017 2512 1066; x_wconf 83' lang='lat' dir='ltr'><strong>omnem</strong></span> <span class='ocrx_word' id='word_1_118' title='bbox 2547 1023 2835 1083; x_wconf 89' lang='lat' dir='ltr'><strong>respuunt.</strong></span> <span class='ocrx_word' id='word_1_119' title='bbox 2874 1012 2980 1066; x_wconf 82' lang='lat' dir='ltr'><strong>Alii</strong></span> <span class='ocrx_word' id='word_1_120' title='bbox 3026 1012 3250 1067; x_wconf 85' lang='lat' dir='ltr'><strong>cellaria</strong></span> <span class='ocrx_word' id='word_1_121' title='bbox 3293 1011 3400 1067; x_wconf 89' lang='lat' dir='ltr'><strong>sibi</strong></span> 
     </span>
    </p>
   </div>
   <div class='ocr_carea' id='block_1_19' title="bbox 1821 1104 3400 1176">
    <p class='ocr_par' dir='ltr' id='par_1_19' title="bbox 1821 1104 3400 1176">
     <span class='ocr_line' id='line_1_19' title="bbox 1821 1104 3400 1176; baseline 0.001 -18"><span class='ocrx_word' id='word_1_122' title='bbox 1821 1115 2019 1176; x_wconf 72' lang='lat' dir='ltr'><strong>praeter</strong></span> <span class='ocrx_word' id='word_1_123' title='bbox 2054 1104 2313 1160; x_wconf 69' lang='lat' dir='ltr'><strong>Ecclesia:</strong></span> <span class='ocrx_word' id='word_1_124' title='bbox 2342 1106 2488 1176; x_wconf 81' lang='lat' dir='ltr'><strong>leges</strong></span> <span class='ocrx_word' id='word_1_125' title='bbox 2525 1109 2829 1160; x_wconf 87' lang='lat' dir='ltr'><strong>innectunt.</strong></span> <span class='ocrx_word' id='word_1_126' title='bbox 2863 1104 3038 1171; x_wconf 82' lang='lat' dir='ltr'><strong>Quam</strong></span> <span class='ocrx_word' id='word_1_127' title='bbox 3067 1105 3138 1160; x_wconf 91' lang='lat' dir='ltr'><strong>ob</strong></span> <span class='ocrx_word' id='word_1_128' title='bbox 3173 1119 3400 1160; x_wconf 86' lang='lat' dir='ltr'><strong>causam</strong></span> 
     </span>
    </p>
   </div>
   <div class='ocr_carea' id='block_1_20' title="bbox 145 1197 3402 1270">
    <p class='ocr_par' dir='ltr' id='par_1_20' title="bbox 145 1197 3402 1270">
     <span class='ocr_line' id='line_1_20' title="bbox 145 1197 3402 1270; baseline 0 -18"><span class='ocrx_word' id='word_1_129' title='bbox 145 1197 566 1268; x_wconf 90' lang='lat' dir='ltr'><strong>disputationem</strong></span> <span class='ocrx_word' id='word_1_130' title='bbox 593 1217 808 1256; x_wconf 90' lang='lat' dir='ltr'><strong>omnem</strong></span> <span class='ocrx_word' id='word_1_131' title='bbox 833 1202 936 1257; x_wconf 88' lang='lat' dir='ltr'><strong>hac</strong></span> <span class='ocrx_word' id='word_1_132' title='bbox 994 1205 1264 1258; x_wconf 86' lang='lat' dir='ltr'><strong>sententia</strong></span> <span class='ocrx_word' id='word_1_133' title='bbox 1325 1203 1590 1266; x_wconf 87' lang='lat' dir='ltr'><strong>conclusi,</strong></span> <span class='ocrx_word' id='word_1_134' title='bbox 1653 1201 2090 1256; x_wconf 84' lang='lat' dir='ltr'><strong>adolescentulas</strong></span> <span class='ocrx_word' id='word_1_135' title='bbox 2150 1217 2274 1256; x_wconf 78' lang='lat' dir='ltr'><strong>esse</strong></span> <span class='ocrx_word' id='word_1_136' title='bbox 2334 1202 2486 1255; x_wconf 86' lang='lat' dir='ltr'><strong>nullo</strong></span> <span class='ocrx_word' id='word_1_137' title='bbox 2521 1217 2752 1256; x_wconf 87' lang='lat' dir='ltr'><strong>numero</strong></span> <span class='ocrx_word' id='word_1_138' title='bbox 2778 1199 3402 1270; x_wconf 66' lang='lat' dir='ltr'><strong>eomprehensas:quae</strong></span> 
     </span>
    </p>
   </div>
   <div class='ocr_carea' id='block_1_21' title="bbox 143 1291 3398 1368">
    <p class='ocr_par' dir='ltr' id='par_1_21' title="bbox 143 1291 3398 1368">
     <span class='ocr_line' id='line_1_21' title="bbox 143 1291 3398 1368; baseline 0.002 -25"><span class='ocrx_word' id='word_1_139' title='bbox 143 1291 356 1360; x_wconf 84' lang='lat' dir='ltr'><strong>privato</strong></span> <span class='ocrx_word' id='word_1_140' title='bbox 385 1296 618 1350; x_wconf 84' lang='lat' dir='ltr'><strong>consilio</strong></span> <span class='ocrx_word' id='word_1_141' title='bbox 651 1297 914 1352; x_wconf 86' lang='lat' dir='ltr'><strong>audacter</strong></span> <span class='ocrx_word' id='word_1_142' title='bbox 944 1297 1350 1368; x_wconf 86' lang='lat' dir='ltr'><strong>insolenterque</strong></span> <span class='ocrx_word' id='word_1_143' title='bbox 1381 1313 1440 1354; x_wconf 90' lang='lat' dir='ltr'><strong>se</strong></span> <span class='ocrx_word' id='word_1_144' title='bbox 1490 1306 1716 1368; x_wconf 82' lang='lat' dir='ltr'><strong>gerunt;</strong></span> <span class='ocrx_word' id='word_1_145' title='bbox 1759 1313 1869 1352; x_wconf 93' lang='lat' dir='ltr'><strong>non</strong></span> <span class='ocrx_word' id='word_1_146' title='bbox 1903 1307 1963 1351; x_wconf 91' lang='lat' dir='ltr'><strong>ut</strong></span> <span class='ocrx_word' id='word_1_147' title='bbox 1991 1297 2122 1351; x_wconf 90' lang='lat' dir='ltr'><strong>boni</strong></span> <span class='ocrx_word' id='word_1_148' title='bbox 2149 1297 2352 1366; x_wconf 89' lang='lat' dir='ltr'><strong>aliquid</strong></span> <span class='ocrx_word' id='word_1_149' title='bbox 2383 1307 2812 1368; x_wconf 88' lang='lat' dir='ltr'><strong>consequantur,</strong></span> <span class='ocrx_word' id='word_1_150' title='bbox 2871 1307 2966 1350; x_wconf 87' lang='lat' dir='ltr'><strong>aut</strong></span> <span class='ocrx_word' id='word_1_151' title='bbox 3001 1296 3284 1366; x_wconf 72' lang='lat' dir='ltr'><strong>sapientia:</strong></span> <span class='ocrx_word' id='word_1_152' title='bbox 3339 1296 3398 1350; x_wconf 90' lang='lat' dir='ltr'><strong>in</strong></span> 
     </span>
    </p>
   </div>
   <div class='ocr_carea' id='block_1_22' title="bbox 144 1388 3400 1468">
    <p class='ocr_par' dir='ltr' id='par_1_22' title="bbox 144 1388 3400 1468">
     <span class='ocr_line' id='line_1_22' title="bbox 144 1388 3400 1468; baseline 0 -22"><span class='ocrx_word' id='word_1_153' title='bbox 144 1405 260 1446; x_wconf 88' lang='lat' dir='ltr'><strong>sese</strong></span> <span class='ocrx_word' id='word_1_154' title='bbox 312 1406 486 1460; x_wconf 79' lang='lat' dir='ltr'><strong>genus</strong></span> <span class='ocrx_word' id='word_1_155' title='bbox 550 1393 770 1464; x_wconf 84' lang='lat' dir='ltr'><strong>aliquod</strong></span> <span class='ocrx_word' id='word_1_156' title='bbox 830 1397 1151 1466; x_wconf 82' lang='lat' dir='ltr'><strong>expoliant,</strong></span> <span class='ocrx_word' id='word_1_157' title='bbox 1217 1405 1346 1468; x_wconf 89' lang='lat' dir='ltr'><strong>puta</strong></span> <span class='ocrx_word' id='word_1_158' title='bbox 1380 1399 1708 1468; x_wconf 60' lang='lat' dir='ltr'><strong>prudentia}.</strong></span> <span class='ocrx_word' id='word_1_159' title='bbox 1745 1396 2104 1463; x_wconf 80' lang='lat' dir='ltr'><strong>fortitudinis,</strong></span> <span class='ocrx_word' id='word_1_160' title='bbox 2153 1390 2827 1464; x_wconf 63' lang='lat' dir='ltr'><strong>temperantiie,justitiaa.</strong></span> <span class='ocrx_word' id='word_1_161' title='bbox 2861 1388 2982 1456; x_wconf 82' lang='lat' dir='ltr'><strong>Quo</strong></span> <span class='ocrx_word' id='word_1_162' title='bbox 3035 1403 3100 1444; x_wconf 84' lang='lat' dir='ltr'><strong>ex</strong></span> <span class='ocrx_word' id='word_1_163' title='bbox 3167 1405 3400 1446; x_wconf 86' lang='lat' dir='ltr'><strong>numero</strong></span> 
     </span>
    </p>
   </div>
   <div class='ocr_carea' id='block_1_23' title="bbox 147 1480 3285 1561">
    <p class='ocr_par' dir='ltr' id='par_1_23' title="bbox 147 1480 3285 1561">
     <span class='ocr_line' id='line_1_23' title="bbox 147 1480 3285 1561; baseline -0.002 -24"><span class='ocrx_word' id='word_1_164' title='bbox 147 1483 428 1553; x_wconf 83' lang='lat' dir='ltr'><strong>tyrannico</strong></span> <span class='ocrx_word' id='word_1_165' title='bbox 463 1499 619 1538; x_wconf 89' lang='lat' dir='ltr'><strong>more</strong></span> <span class='ocrx_word' id='word_1_166' title='bbox 663 1485 910 1556; x_wconf 68' lang='lat' dir='ltr'><strong>quaedam</strong></span> <span class='ocrx_word' id='word_1_167' title='bbox 953 1487 1279 1553; x_wconf 67' lang='lat' dir='ltr'><strong>efferuntur,</strong></span> <span class='ocrx_word' id='word_1_168' title='bbox 1327 1500 1492 1561; x_wconf 90' lang='lat' dir='ltr'><strong>atque</strong></span> <span class='ocrx_word' id='word_1_169' title='bbox 1533 1507 1562 1544; x_wconf 88' lang='lat' dir='ltr'><strong>a</strong></span> <span class='ocrx_word' id='word_1_170' title='bbox 1597 1492 1820 1545; x_wconf 74' lang='lat' dir='ltr'><strong>veritate</strong></span> <span class='ocrx_word' id='word_1_171' title='bbox 1858 1487 2170 1550; x_wconf 86' lang='lat' dir='ltr'><strong>deﬂectunt,</strong></span> <span class='ocrx_word' id='word_1_172' title='bbox 2201 1485 2353 1540; x_wconf 91' lang='lat' dir='ltr'><strong>nullo</strong></span> <span class='ocrx_word' id='word_1_173' title='bbox 2381 1490 2441 1536; x_wconf 89' lang='lat' dir='ltr'><strong>ut</strong></span> <span class='ocrx_word' id='word_1_174' title='bbox 2482 1496 2710 1536; x_wconf 91' lang='lat' dir='ltr'><strong>numero</strong></span> <span class='ocrx_word' id='word_1_175' title='bbox 2743 1480 3008 1536; x_wconf 87' lang='lat' dir='ltr'><strong>contineri</strong></span> <span class='ocrx_word' id='word_1_176' title='bbox 3053 1480 3285 1549; x_wconf 84' lang='lat' dir='ltr'><strong>possint.</strong></span> 
     </span>
    </p>
   </div>
   <div class='ocr_carea' id='block_1_24' title="bbox 205 1574 1712 1658">
    <p class='ocr_par' dir='ltr' id='par_1_24' title="bbox 205 1574 1712 1658">
     <span class='ocr_line' id='line_1_24' title="bbox 205 1574 1712 1658; baseline 0.007 -30"><span class='ocrx_word' id='word_1_177' title='bbox 205 1574 352 1646; x_wconf 79' lang='grc' dir='ltr'>Αὕτη</span> <span class='ocrx_word' id='word_1_178' title='bbox 403 1576 458 1630; x_wconf 67' lang='grc' dir='ltr'>δὲ</span> <span class='ocrx_word' id='word_1_179' title='bbox 501 1579 538 1646; x_wconf 74' lang='grc' dir='ltr'><strong><em>ἠ</em></strong></span> <span class='ocrx_word' id='word_1_180' title='bbox 579 1579 689 1646; x_wconf 78' lang='grc' dir='ltr'><strong>μία</strong></span> <span class='ocrx_word' id='word_1_181' title='bbox 729 1583 1050 1650; x_wconf 75' lang='grc' dir='ltr'>περιστερὰ</span> <span class='ocrx_word' id='word_1_182' title='bbox 1091 1585 1184 1638; x_wconf 75' lang='grc' dir='ltr'>καὶ</span> <span class='ocrx_word' id='word_1_183' title='bbox 1241 1585 1370 1654; x_wconf 86' lang='grc' dir='ltr'>ἁγία</span> <span class='ocrx_word' id='word_1_184' title='bbox 1445 1586 1712 1658; x_wconf 81' lang='grc' dir='ltr'>παρθένος</span> 
     </span>
    </p>
   </div>
   <div class='ocr_carea' id='block_1_25' title="bbox 139 1668 1708 1749">
    <p class='ocr_par' dir='ltr' id='par_1_25' title="bbox 139 1668 1708 1749">
     <span class='ocr_line' id='line_1_25' title="bbox 139 1668 1708 1749; baseline 0.006 -27"><span class='ocrx_word' id='word_1_185' title='bbox 139 1668 265 1722; x_wconf 77' lang='grc' dir='ltr'>θεὸν</span> <span class='ocrx_word' id='word_1_186' title='bbox 286 1669 556 1738; x_wconf 81' lang='grc' dir='ltr'>ὁμολογεῖ,</span> <span class='ocrx_word' id='word_1_187' title='bbox 583 1672 802 1743; x_wconf 79' lang='grc' dir='ltr'><strong>Πατέρα</strong></span> <span class='ocrx_word' id='word_1_188' title='bbox 827 1675 922 1726; x_wconf 78' lang='grc' dir='ltr'>καὶ</span> <span class='ocrx_word' id='word_1_189' title='bbox 949 1673 1078 1728; x_wconf 78' lang='grc' dir='ltr'>Υἱὸν</span> <span class='ocrx_word' id='word_1_190' title='bbox 1119 1677 1213 1729; x_wconf 82' lang='grc' dir='ltr'>καὶ</span> <span class='ocrx_word' id='word_1_191' title='bbox 1255 1677 1408 1746; x_wconf 75' lang='grc' dir='ltr'>ἅγιον</span> <span class='ocrx_word' id='word_1_192' title='bbox 1444 1677 1670 1749; x_wconf 85' lang='grc' dir='ltr'><strong>Πνεῦμα</strong></span> <span class='ocrx_word' id='word_1_193' title='bbox 1695 1695 1708 1706; x_wconf 92' lang='grc'><strong>·</strong></span> 
     </span>
    </p>
   </div>
   <div class='ocr_carea' id='block_1_26' title="bbox 1891 1577 3400 1649">
    <p class='ocr_par' dir='ltr' id='par_1_26' title="bbox 1891 1577 3400 1649">
     <span class='ocr_line' id='line_1_26' title="bbox 1891 1577 3400 1649; baseline -0.003 -12"><span class='ocrx_word' id='word_1_194' title='bbox 1891 1583 2018 1638; x_wconf 71' lang='lat' dir='ltr'><strong>Ilaec</strong></span> <span class='ocrx_word' id='word_1_195' title='bbox 2066 1591 2248 1637; x_wconf 86' lang='lat' dir='ltr'><strong>autem</strong></span> <span class='ocrx_word' id='word_1_196' title='bbox 2299 1597 2405 1634; x_wconf 84' lang='lat' dir='ltr'><strong>una</strong></span> <span class='ocrx_word' id='word_1_197' title='bbox 2455 1577 2554 1633; x_wconf 89' lang='lat' dir='ltr'><strong>illa</strong></span> <span class='ocrx_word' id='word_1_198' title='bbox 2606 1577 2850 1631; x_wconf 85' lang='lat' dir='ltr'><strong>columba</strong></span> <span class='ocrx_word' id='word_1_199' title='bbox 2905 1585 3202 1647; x_wconf 87' lang='lat' dir='ltr'><strong>sanctaque</strong></span> <span class='ocrx_word' id='word_1_200' title='bbox 3245 1579 3400 1649; x_wconf 80' lang='lat' dir='ltr'><strong>virgo</strong></span> 
     </span>
    </p>
   </div>
   <div class='ocr_carea' id='block_1_27' title="bbox 1817 1668 3399 1740">
    <p class='ocr_par' dir='ltr' id='par_1_27' title="bbox 1817 1668 3399 1740">
     <span class='ocr_line' id='line_1_27' title="bbox 1817 1668 3399 1740; baseline -0.001 -10"><span class='ocrx_word' id='word_1_201' title='bbox 1817 1675 1986 1730; x_wconf 91' lang='lat' dir='ltr'><strong>Deum</strong></span> <span class='ocrx_word' id='word_1_202' title='bbox 2018 1674 2309 1729; x_wconf 83' lang='lat' dir='ltr'><strong>conﬁtetur</strong></span> <span class='ocrx_word' id='word_1_203' title='bbox 2331 1671 2544 1726; x_wconf 88' lang='lat' dir='ltr'><strong>Patrem</strong></span> <span class='ocrx_word' id='word_1_204' title='bbox 2586 1681 2638 1725; x_wconf 89' lang='lat' dir='ltr'><strong>et</strong></span> <span class='ocrx_word' id='word_1_205' title='bbox 2669 1668 2863 1723; x_wconf 87' lang='lat' dir='ltr'><strong>Filium</strong></span> <span class='ocrx_word' id='word_1_206' title='bbox 2897 1679 2948 1724; x_wconf 89' lang='lat' dir='ltr'><strong>et</strong></span> <span class='ocrx_word' id='word_1_207' title='bbox 2977 1669 3239 1740; x_wconf 85' lang='lat' dir='ltr'><strong>Spiritum</strong></span> <span class='ocrx_word' id='word_1_208' title='bbox 3270 1687 3399 1728; x_wconf 86' lang='lat' dir='ltr'><strong>san-</strong></span> 
     </span>
    </p>
   </div>
   <div class='ocr_carea' id='block_1_28' title="bbox 139 1760 1708 1859">
    <p class='ocr_par' dir='ltr' id='par_1_28' title="bbox 139 1761 1706 1838">
     <span class='ocr_line' id='line_1_28' title="bbox 139 1761 1706 1838; baseline 0.005 -24"><span class='ocrx_word' id='word_1_209' title='bbox 139 1761 352 1831; x_wconf 84' lang='grc' dir='ltr'>Πατέρα</span> <span class='ocrx_word' id='word_1_210' title='bbox 383 1761 606 1828; x_wconf 85' lang='grc' dir='ltr'>τέλειον,</span> <span class='ocrx_word' id='word_1_211' title='bbox 643 1763 768 1815; x_wconf 79' lang='grc' dir='ltr'><strong>Υἰὸν</strong></span> <span class='ocrx_word' id='word_1_212' title='bbox 793 1763 1020 1828; x_wconf 86' lang='grc' dir='ltr'>τέλειον,</span> <span class='ocrx_word' id='word_1_213' title='bbox 1051 1766 1274 1838; x_wconf 80' lang='grc' dir='ltr'><strong>Πνεῦμα</strong></span> <span class='ocrx_word' id='word_1_214' title='bbox 1301 1767 1456 1836; x_wconf 79' lang='grc' dir='ltr'>ἅγιον</span> <span class='ocrx_word' id='word_1_215' title='bbox 1484 1769 1706 1822; x_wconf 87' lang='grc' dir='ltr'>τέλειον·</span> 
     </span>
    </p>
   </div>
   <div class='ocr_carea' id='block_1_29' title="bbox 1819 1760 3398 1859">
    <p class='ocr_par' dir='ltr' id='par_1_29' title="bbox 1819 1760 3398 1835">
     <span class='ocr_line' id='line_1_29' title="bbox 1819 1760 3398 1835; baseline -0.001 -14"><span class='ocrx_word' id='word_1_216' title='bbox 1819 1777 1963 1822; x_wconf 89' lang='lat' dir='ltr'><strong>ctum</strong></span> <span class='ocrx_word' id='word_1_217' title='bbox 2008 1785 2021 1820; x_wconf 92' lang='lat'><strong>:</strong></span> <span class='ocrx_word' id='word_1_218' title='bbox 2057 1765 2274 1820; x_wconf 83' lang='lat' dir='ltr'><strong>Patrem</strong></span> <span class='ocrx_word' id='word_1_219' title='bbox 2321 1763 2643 1834; x_wconf 80' lang='lat' dir='ltr'><strong>perlectum,</strong></span> <span class='ocrx_word' id='word_1_220' title='bbox 2686 1760 2884 1816; x_wconf 87' lang='lat' dir='ltr'><strong>Filium</strong></span> <span class='ocrx_word' id='word_1_221' title='bbox 2919 1762 3240 1832; x_wconf 77' lang='lat' dir='ltr'><strong>perfectum,</strong></span> <span class='ocrx_word' id='word_1_222' title='bbox 3273 1779 3398 1835; x_wconf 88' lang='lat' dir='ltr'><strong>per-</strong></span> 
     </span>
    </p>
   </div>
   <div class='ocr_carea' id='block_1_30' title="bbox 137 1853 1706 1934">
    <p class='ocr_par' dir='ltr' id='par_1_30' title="bbox 137 1853 1706 1934">
     <span class='ocr_line' id='line_1_30' title="bbox 137 1853 1706 1934; baseline 0.006 -28"><span class='ocrx_word' id='word_1_223' title='bbox 137 1853 416 1922; x_wconf 82' lang='grc' dir='ltr'>ὀμοούσιον</span> <span class='ocrx_word' id='word_1_224' title='bbox 437 1855 536 1924; x_wconf 79' lang='grc' dir='ltr'>τὴν</span> <span class='ocrx_word' id='word_1_225' title='bbox 559 1855 782 1926; x_wconf 85' lang='grc' dir='ltr'>Τριάδα.</span> <span class='ocrx_word' id='word_1_226' title='bbox 803 1856 962 1910; x_wconf 81' lang='grc' dir='ltr'>Ἀλλὰ</span> <span class='ocrx_word' id='word_1_227' title='bbox 981 1857 1076 1910; x_wconf 83' lang='grc' dir='ltr'>τὸν</span> <span class='ocrx_word' id='word_1_228' title='bbox 1099 1859 1224 1912; x_wconf 79' lang='grc' dir='ltr'><strong>Υἱὸν</strong></span> <span class='ocrx_word' id='word_1_229' title='bbox 1248 1861 1311 1914; x_wconf 81' lang='grc' dir='ltr'>ὲκ</span> <span class='ocrx_word' id='word_1_230' title='bbox 1337 1862 1550 1932; x_wconf 84' lang='grc' dir='ltr'>Πατρὸς</span> <span class='ocrx_word' id='word_1_231' title='bbox 1572 1863 1706 1934; x_wconf 88' lang='grc' dir='ltr'><strong>ἀλη-</strong></span> 
     </span>
    </p>
   </div>
   <div class='ocr_carea' id='block_1_31' title="bbox 135 1944 1709 2022">
    <p class='ocr_par' dir='ltr' id='par_1_31' title="bbox 135 1944 1709 2022">
     <span class='ocr_line' id='line_1_31' title="bbox 135 1944 1709 2022; baseline 0.006 -24"><span class='ocrx_word' id='word_1_232' title='bbox 135 1944 294 2008; x_wconf 82' lang='grc' dir='ltr'>θινῶς</span> <span class='ocrx_word' id='word_1_233' title='bbox 326 1946 743 2018; x_wconf 76' lang='grc' dir='ltr'><strong>γεγεννημένον,</strong></span> <span class='ocrx_word' id='word_1_234' title='bbox 780 1949 874 2000; x_wconf 71' lang='grc' dir='ltr'>καὶ</span> <span class='ocrx_word' id='word_1_235' title='bbox 895 1948 956 2000; x_wconf 81' lang='grc' dir='ltr'>τὸ</span> <span class='ocrx_word' id='word_1_236' title='bbox 982 1949 1136 2017; x_wconf 74' lang='grc' dir='ltr'>ἅγιον</span> <span class='ocrx_word' id='word_1_237' title='bbox 1171 1950 1394 2022; x_wconf 86' lang='grc' dir='ltr'>Πνεῦμα</span> <span class='ocrx_word' id='word_1_238' title='bbox 1425 1951 1525 2006; x_wconf 81' lang='grc' dir='ltr'>οὐκ</span> <span class='ocrx_word' id='word_1_239' title='bbox 1555 1951 1709 2007; x_wconf 89' lang='grc' dir='ltr'>ἀλλό-</span> 
     </span>
    </p>
   </div>
   <div class='ocr_carea' id='block_1_32' title="bbox 135 2035 1710 2116">
    <p class='ocr_par' dir='ltr' id='par_1_32' title="bbox 135 2035 1710 2116">
     <span class='ocr_line' id='line_1_32' title="bbox 135 2035 1710 2116; baseline 0.008 -28"><span class='ocrx_word' id='word_1_240' title='bbox 135 2053 278 2107; x_wconf 87' lang='grc' dir='ltr'>τριον</span> <span class='ocrx_word' id='word_1_241' title='bbox 305 2037 521 2110; x_wconf 74' lang='grc' dir='ltr'>Πατρὸς</span> <span class='ocrx_word' id='word_1_242' title='bbox 553 2039 645 2090; x_wconf 76' lang='grc' dir='ltr'>καὶ</span> <span class='ocrx_word' id='word_1_243' title='bbox 667 2038 796 2092; x_wconf 83' lang='grc' dir='ltr'>Υἱοῦ</span> <span class='ocrx_word' id='word_1_244' title='bbox 813 2056 825 2069; x_wconf 91' lang='grc'><strong>·</strong></span> <span class='ocrx_word' id='word_1_245' title='bbox 855 2035 1020 2094; x_wconf 82' lang='grc' dir='ltr'>οὖσαν</span> <span class='ocrx_word' id='word_1_246' title='bbox 1041 2041 1097 2094; x_wconf 86' lang='grc' dir='ltr'>δὲ</span> <span class='ocrx_word' id='word_1_247' title='bbox 1133 2044 1216 2095; x_wconf 76' lang='grc' dir='ltr'><strong>ἀεὶ</strong></span> <span class='ocrx_word' id='word_1_248' title='bbox 1244 2043 1342 2114; x_wconf 84' lang='grc' dir='ltr'>τὴν</span> <span class='ocrx_word' id='word_1_249' title='bbox 1369 2045 1594 2116; x_wconf 87' lang='grc' dir='ltr'>Τριάδα,</span> <span class='ocrx_word' id='word_1_250' title='bbox 1615 2047 1710 2100; x_wconf 81' lang='grc' dir='ltr'>καὶ</span> 
     </span>
    </p>
   </div>
   <div class='ocr_carea' id='block_1_33' title="bbox 139 2127 1708 2206">
    <p class='ocr_par' dir='ltr' id='par_1_33' title="bbox 139 2127 1708 2206">
     <span class='ocr_line' id='line_1_33' title="bbox 139 2127 1708 2206; baseline 0.008 -27"><span class='ocrx_word' id='word_1_251' title='bbox 139 2127 400 2197; x_wconf 80' lang='grc' dir='ltr'>μηδέποτε</span> <span class='ocrx_word' id='word_1_252' title='bbox 447 2129 764 2201; x_wconf 78' lang='grc' dir='ltr'>προσθήκην</span> <span class='ocrx_word' id='word_1_253' title='bbox 813 2132 1235 2204; x_wconf 82' lang='grc' dir='ltr'>ὲπιδεχομένην’</span> <span class='ocrx_word' id='word_1_254' title='bbox 1273 2135 1346 2206; x_wconf 81' lang='grc' dir='ltr'>μὴ</span> <span class='ocrx_word' id='word_1_255' title='bbox 1394 2135 1620 2206; x_wconf 81' lang='grc' dir='ltr'>ἔχουσαν</span> <span class='ocrx_word' id='word_1_256' title='bbox 1651 2138 1708 2191; x_wconf 81' lang='grc' dir='ltr'><strong>δέ</strong></span> 
     </span>
    </p>
   </div>
   <div class='ocr_carea' id='block_1_34' title="bbox 137 2219 1709 2300">
    <p class='ocr_par' dir='ltr' id='par_1_34' title="bbox 137 2219 1709 2300">
     <span class='ocr_line' id='line_1_34' title="bbox 137 2219 1709 2300; baseline 0.006 -28"><span class='ocrx_word' id='word_1_257' title='bbox 137 2235 186 2272; x_wconf 84' lang='grc' dir='ltr'><strong>τι</strong></span> <span class='ocrx_word' id='word_1_258' title='bbox 207 2219 262 2270; x_wconf 82' lang='grc' dir='ltr'>ὲν</span> <span class='ocrx_word' id='word_1_259' title='bbox 283 2219 422 2290; x_wconf 75' lang='grc' dir='ltr'>αὐτῇ</span> <span class='ocrx_word' id='word_1_260' title='bbox 449 2221 806 2292; x_wconf 79' lang='grc' dir='ltr'>ὑποϐεϐηκδς,</span> <span class='ocrx_word' id='word_1_261' title='bbox 831 2225 912 2287; x_wconf 87' lang='grc' dir='ltr'><strong>είς</strong></span> <span class='ocrx_word' id='word_1_262' title='bbox 936 2225 1064 2294; x_wconf 86' lang='grc' dir='ltr'>μίαν</span> <span class='ocrx_word' id='word_1_263' title='bbox 1089 2225 1144 2277; x_wconf 81' lang='grc' dir='ltr'>δὲ</span> <span class='ocrx_word' id='word_1_264' title='bbox 1169 2227 1394 2298; x_wconf 80' lang='grc' dir='ltr'><strong>ἑνότητα</strong></span> <span class='ocrx_word' id='word_1_265' title='bbox 1436 2229 1530 2282; x_wconf 77' lang='grc' dir='ltr'>καὶ</span> <span class='ocrx_word' id='word_1_266' title='bbox 1578 2229 1709 2300; x_wconf 89' lang='grc' dir='ltr'>μίαν</span> 
     </span>
    </p>
   </div>
   <div class='ocr_carea' id='block_1_35' title="bbox 135 2311 1709 2390">
    <p class='ocr_par' dir='ltr' id='par_1_35' title="bbox 135 2311 1709 2390">
     <span class='ocr_line' id='line_1_35' title="bbox 135 2311 1709 2390; baseline 0.008 -27"><span class='ocrx_word' id='word_1_267' title='bbox 135 2311 300 2382; x_wconf 83' lang='grc' dir='ltr'>ἀρχὴν</span> <span class='ocrx_word' id='word_1_268' title='bbox 327 2313 424 2366; x_wconf 78' lang='grc' dir='ltr'><strong>τοῦ</strong></span> <span class='ocrx_word' id='word_1_269' title='bbox 452 2313 588 2366; x_wconf 85' lang='grc' dir='ltr'>Θεοῦ</span> <span class='ocrx_word' id='word_1_270' title='bbox 615 2317 706 2368; x_wconf 79' lang='grc' dir='ltr'>καὶ</span> <span class='ocrx_word' id='word_1_271' title='bbox 739 2316 950 2390; x_wconf 85' lang='grc' dir='ltr'>Πατρὸς</span> <span class='ocrx_word' id='word_1_272' title='bbox 979 2317 1342 2389; x_wconf 77' lang='grc' dir='ltr'>ἀναγομένην.</span> <span class='ocrx_word' id='word_1_273' title='bbox 1368 2322 1474 2374; x_wconf 90' lang='lat' dir='ltr'><strong>Kal</strong></span> <span class='ocrx_word' id='word_1_274' title='bbox 1501 2323 1564 2376; x_wconf 81' lang='grc' dir='ltr'>ἐκ</span> <span class='ocrx_word' id='word_1_275' title='bbox 1580 2323 1709 2375; x_wconf 87' lang='grc' dir='ltr'>ταύ-</span> 
     </span>
    </p>
   </div>
   <div class='ocr_carea' id='block_1_36' title="bbox 136 2403 1707 2480">
    <p class='ocr_par' dir='ltr' id='par_1_36' title="bbox 136 2403 1707 2480">
     <span class='ocr_line' id='line_1_36' title="bbox 136 2403 1707 2480; baseline 0.009 -27"><span class='ocrx_word' id='word_1_276' title='bbox 136 2419 228 2470; x_wconf 78' lang='grc' dir='ltr'>της</span> <span class='ocrx_word' id='word_1_277' title='bbox 255 2404 354 2472; x_wconf 79' lang='grc' dir='ltr'>τῆς</span> <span class='ocrx_word' id='word_1_278' title='bbox 389 2403 616 2474; x_wconf 81' lang='grc' dir='ltr'>Τριάδος</span> <span class='ocrx_word' id='word_1_279' title='bbox 665 2407 880 2477; x_wconf 79' lang='grc' dir='ltr'>Πατρὸς</span> <span class='ocrx_word' id='word_1_280' title='bbox 927 2409 1022 2461; x_wconf 75' lang='grc' dir='ltr'>καὶ</span> <span class='ocrx_word' id='word_1_281' title='bbox 1055 2408 1184 2461; x_wconf 86' lang='grc' dir='ltr'>Υἱοῦ</span> <span class='ocrx_word' id='word_1_282' title='bbox 1218 2411 1312 2464; x_wconf 79' lang='grc' dir='ltr'>καὶ</span> <span class='ocrx_word' id='word_1_283' title='bbox 1349 2411 1504 2480; x_wconf 79' lang='grc' dir='ltr'>ἁγίου</span> <span class='ocrx_word' id='word_1_284' title='bbox 1537 2413 1707 2466; x_wconf 77' lang='grc' dir='ltr'>Πνεῦ-</span> 
     </span>
    </p>
   </div>
   <div class='ocr_carea' id='block_1_37' title="bbox 138 2494 1708 2566">
    <p class='ocr_par' dir='ltr' id='par_1_37' title="bbox 138 2494 1708 2566">
     <span class='ocr_line' id='line_1_37' title="bbox 138 2494 1708 2566; baseline 0.008 -21"><span class='ocrx_word' id='word_1_285' title='bbox 138 2511 298 2564; x_wconf 78' lang='grc' dir='ltr'>ματος</span> <span class='ocrx_word' id='word_1_286' title='bbox 321 2494 396 2548; x_wconf 80' lang='grc' dir='ltr'>τὰ</span> <span class='ocrx_word' id='word_1_287' title='bbox 425 2496 602 2550; x_wconf 83' lang='grc' dir='ltr'>πάντα</span> <span class='ocrx_word' id='word_1_288' title='bbox 629 2499 878 2552; x_wconf 77' lang='grc' dir='ltr'>ἐκτίσθαι</span> <span class='ocrx_word' id='word_1_289' title='bbox 895 2501 934 2563; x_wconf 89' lang='grc'>¹,</span> <span class='ocrx_word' id='word_1_290' title='bbox 974 2501 1072 2554; x_wconf 83' lang='grc' dir='ltr'>οὐκ</span> <span class='ocrx_word' id='word_1_291' title='bbox 1105 2501 1234 2556; x_wconf 78' lang='grc' dir='ltr'>ὄντα</span> <span class='ocrx_word' id='word_1_292' title='bbox 1265 2505 1412 2566; x_wconf 81' lang='grc' dir='ltr'>ποτὲ,</span> <span class='ocrx_word' id='word_1_293' title='bbox 1433 2503 1556 2558; x_wconf 73' lang='grc' dir='ltr'>οὔτε</span> <span class='ocrx_word' id='word_1_294' title='bbox 1579 2523 1708 2560; x_wconf 90' lang='grc' dir='ltr'>συν-</span> 
     </span>
    </p>
   </div>
   <div class='ocr_carea' id='block_1_38' title="bbox 136 2585 1707 2668">
    <p class='ocr_par' dir='ltr' id='par_1_38' title="bbox 136 2585 1707 2668">
     <span class='ocr_line' id='line_1_38' title="bbox 136 2585 1707 2668; baseline 0.009 -30"><span class='ocrx_word' id='word_1_295' title='bbox 136 2585 254 2638; x_wconf 77' lang='grc' dir='ltr'>όντα</span> <span class='ocrx_word' id='word_1_296' title='bbox 289 2586 368 2656; x_wconf 78' lang='grc' dir='ltr'>τῷ</span> <span class='ocrx_word' id='word_1_297' title='bbox 419 2586 557 2659; x_wconf 82' lang='grc' dir='ltr'>Θεῷ,</span> <span class='ocrx_word' id='word_1_298' title='bbox 591 2588 714 2644; x_wconf 74' lang='grc' dir='ltr'>οὔτε</span> <span class='ocrx_word' id='word_1_299' title='bbox 765 2593 1214 2664; x_wconf 79' lang='grc' dir='ltr'>προῦπάρξαντα,</span> <span class='ocrx_word' id='word_1_300' title='bbox 1242 2597 1502 2668; x_wconf 85' lang='grc' dir='ltr'>γινόμενα</span> <span class='ocrx_word' id='word_1_301' title='bbox 1543 2599 1600 2652; x_wconf 83' lang='grc' dir='ltr'>δὲ</span> <span class='ocrx_word' id='word_1_302' title='bbox 1643 2600 1707 2652; x_wconf 85' lang='grc' dir='ltr'>ὲκ</span> 
     </span>
    </p>
   </div>
   <div class='ocr_carea' id='block_1_39' title="bbox 135 2677 1708 2759">
    <p class='ocr_par' dir='ltr' id='par_1_39' title="bbox 135 2677 1708 2759">
     <span class='ocr_line' id='line_1_39' title="bbox 135 2677 1708 2759; baseline 0.01 -29"><span class='ocrx_word' id='word_1_303' title='bbox 135 2677 221 2730; x_wconf 80' lang='grc' dir='ltr'><strong>τοῦ</strong></span> <span class='ocrx_word' id='word_1_304' title='bbox 252 2679 326 2750; x_wconf 78' lang='grc' dir='ltr'>μὴ</span> <span class='ocrx_word' id='word_1_305' title='bbox 357 2679 511 2744; x_wconf 80' lang='grc' dir='ltr'>ὄντος</span> <span class='ocrx_word' id='word_1_306' title='bbox 541 2683 622 2747; x_wconf 88' lang='grc' dir='ltr'><strong>είς</strong></span> <span class='ocrx_word' id='word_1_307' title='bbox 651 2683 712 2737; x_wconf 83' lang='grc' dir='ltr'>τὸ</span> <span class='ocrx_word' id='word_1_308' title='bbox 739 2679 879 2738; x_wconf 81' lang='grc' dir='ltr'>εἶναι</span> <span class='ocrx_word' id='word_1_309' title='bbox 928 2687 1038 2740; x_wconf 83' lang='grc' dir='ltr'><strong>ἀπὸ</strong></span> <span class='ocrx_word' id='word_1_310' title='bbox 1077 2689 1288 2759; x_wconf 83' lang='grc' dir='ltr'>Πατρὸς</span> <span class='ocrx_word' id='word_1_311' title='bbox 1329 2691 1422 2744; x_wconf 62' lang='grc' dir='ltr'><strong>καὶ⁸</strong></span> <span class='ocrx_word' id='word_1_312' title='bbox 1449 2691 1580 2745; x_wconf 86' lang='grc' dir='ltr'>Υίοῦ</span> <span class='ocrx_word' id='word_1_313' title='bbox 1616 2695 1708 2746; x_wconf 71' lang='grc' dir='ltr'>καὶ</span> 
     </span>
    </p>
   </div>
   <div class='ocr_carea' id='block_1_40' title="bbox 135 2773 1706 2854">
    <p class='ocr_par' dir='ltr' id='par_1_40' title="bbox 135 2773 1706 2854">
     <span class='ocr_line' id='line_1_40' title="bbox 135 2773 1706 2854; baseline 0.006 -28"><span class='ocrx_word' id='word_1_314' title='bbox 135 2773 282 2840; x_wconf 80' lang='grc' dir='ltr'>ἁγίου</span> <span class='ocrx_word' id='word_1_315' title='bbox 319 2773 655 2845; x_wconf 82' lang='grc' dir='ltr'>[Ινεύματος.</span> <span class='ocrx_word' id='word_1_316' title='bbox 701 2777 812 2830; x_wconf 82' lang='grc' dir='ltr'><strong>Καὶ</strong></span> <span class='ocrx_word' id='word_1_317' title='bbox 853 2777 1042 2832; x_wconf 92' lang='grc' dir='ltr'>τοῦτον</span> <span class='ocrx_word' id='word_1_318' title='bbox 1071 2779 1162 2832; x_wconf 77' lang='grc' dir='ltr'>τὸν</span> <span class='ocrx_word' id='word_1_319' title='bbox 1196 2781 1416 2854; x_wconf 78' lang='grc' dir='ltr'>Πατέρα</span> <span class='ocrx_word' id='word_1_320' title='bbox 1453 2784 1548 2836; x_wconf 78' lang='grc' dir='ltr'>καὶ</span> <span class='ocrx_word' id='word_1_321' title='bbox 1579 2785 1706 2838; x_wconf 72' lang='grc' dir='ltr'>Υίὸν</span> 
     </span>
    </p>
   </div>
   <div class='ocr_carea' id='block_1_41' title="bbox 137 2865 1706 2940">
    <p class='ocr_par' dir='ltr' id='par_1_41' title="bbox 137 2865 1706 2940">
     <span class='ocr_line' id='line_1_41' title="bbox 137 2865 1706 2940; baseline 0.009 -24"><span class='ocrx_word' id='word_1_322' title='bbox 137 2867 222 2917; x_wconf 81' lang='grc' dir='ltr'>καὶ</span> <span class='ocrx_word' id='word_1_323' title='bbox 243 2865 398 2933; x_wconf 82' lang='grc' dir='ltr'>ἆγιον</span> <span class='ocrx_word' id='word_1_324' title='bbox 423 2865 644 2937; x_wconf 81' lang='grc' dir='ltr'>Πνεῦμα</span> <span class='ocrx_word' id='word_1_325' title='bbox 671 2873 784 2933; x_wconf 85' lang='grc' dir='ltr'>τοῖς</span> <span class='ocrx_word' id='word_1_326' title='bbox 809 2871 974 2924; x_wconf 85' lang='grc' dir='ltr'>αὐτοῦ</span> <span class='ocrx_word' id='word_1_327' title='bbox 1005 2872 1180 2940; x_wconf 81' lang='grc' dir='ltr'>ἁγίοις</span> <span class='ocrx_word' id='word_1_328' title='bbox 1209 2873 1619 2938; x_wconf 82' lang='grc' dir='ltr'>καταξιώσαντα</span> <span class='ocrx_word' id='word_1_329' title='bbox 1647 2879 1706 2929; x_wconf 85' lang='grc' dir='ltr'>ὲν</span> 
     </span>
    </p>
   </div>
   <div class='ocr_carea' id='block_1_42' title="bbox 135 2957 1706 3039">
    <p class='ocr_par' dir='ltr' id='par_1_42' title="bbox 135 2957 1706 3039">
     <span class='ocr_line' id='line_1_42' title="bbox 135 2957 1706 3039; baseline 0.009 -31"><span class='ocrx_word' id='word_1_330' title='bbox 135 2957 414 3022; x_wconf 82' lang='grc' dir='ltr'>ὀπτασίαις</span> <span class='ocrx_word' id='word_1_331' title='bbox 460 2963 712 3032; x_wconf 75' lang='grc' dir='ltr'>φανῆναι,</span> <span class='ocrx_word' id='word_1_332' title='bbox 759 2961 1007 3036; x_wconf 83' lang='grc' dir='ltr'>καθάπερ</span> <span class='ocrx_word' id='word_1_333' title='bbox 1054 2965 1281 3034; x_wconf 69' lang='grc' dir='ltr'>ἠδύνατο</span> <span class='ocrx_word' id='word_1_334' title='bbox 1319 2967 1548 3032; x_wconf 78' lang='grc' dir='ltr'>ἕκαστος</span> <span class='ocrx_word' id='word_1_335' title='bbox 1597 2987 1706 3039; x_wconf 88' lang='grc' dir='ltr'><strong>χω-</strong></span> 
     </span>
    </p>
   </div>
   <div class='ocr_carea' id='block_1_43' title="bbox 141 3049 1704 3132">
    <p class='ocr_par' dir='ltr' id='par_1_43' title="bbox 141 3049 1704 3132">
     <span class='ocr_line' id='line_1_43' title="bbox 141 3049 1704 3132; baseline 0.008 -30"><span class='ocrx_word' id='word_1_336' title='bbox 141 3053 264 3119; x_wconf 86' lang='grc' dir='ltr'>ρεῖν.</span> <span class='ocrx_word' id='word_1_337' title='bbox 293 3049 438 3104; x_wconf 71' lang='grc' dir='ltr'>κατὰ</span> <span class='ocrx_word' id='word_1_338' title='bbox 469 3053 530 3105; x_wconf 89' lang='grc' dir='ltr'>τὸ</span> <span class='ocrx_word' id='word_1_339' title='bbox 556 3055 797 3126; x_wconf 75' lang='grc' dir='ltr'>χάρισμα</span> <span class='ocrx_word' id='word_1_340' title='bbox 822 3057 918 3127; x_wconf 76' lang='grc' dir='ltr'>τῆς</span> <span class='ocrx_word' id='word_1_341' title='bbox 944 3057 1107 3111; x_wconf 82' lang='grc' dir='ltr'>αὑτοῦ</span> <span class='ocrx_word' id='word_1_342' title='bbox 1133 3058 1363 3130; x_wconf 80' lang='grc' dir='ltr'>δυνατῆς</span> <span class='ocrx_word' id='word_1_343' title='bbox 1401 3059 1704 3132; x_wconf 80' lang='grc' dir='ltr'>θεότητος¹,</span> 
     </span>
    </p>
   </div>
   <div class='ocr_carea' id='block_1_44' title="bbox 1817 1853 3395 1929">
    <p class='ocr_par' dir='ltr' id='par_1_44' title="bbox 1817 1853 3395 1929">
     <span class='ocr_line' id='line_1_44' title="bbox 1817 1853 3395 1929; baseline -0.003 -14"><span class='ocrx_word' id='word_1_344' title='bbox 1817 1861 2016 1916; x_wconf 81' lang='lat' dir='ltr'><strong>fectum</strong></span> <span class='ocrx_word' id='word_1_345' title='bbox 2048 1859 2309 1929; x_wconf 88' lang='lat' dir='ltr'><strong>Spiritum</strong></span> <span class='ocrx_word' id='word_1_346' title='bbox 2340 1865 2611 1920; x_wconf 88' lang='lat' dir='ltr'><strong>sanctum,</strong></span> <span class='ocrx_word' id='word_1_347' title='bbox 2648 1855 3169 1911; x_wconf 83' lang='lat' dir='ltr'><strong>consubstantialem</strong></span> <span class='ocrx_word' id='word_1_348' title='bbox 3213 1853 3395 1910; x_wconf 86' lang='lat' dir='ltr'><strong>Triui-</strong></span> 
     </span>
    </p>
   </div>
   <div class='ocr_carea' id='block_1_45' title="bbox 1815 1945 3394 2018">
    <p class='ocr_par' dir='ltr' id='par_1_45' title="bbox 1815 1945 3394 2018">
     <span class='ocr_line' id='line_1_45' title="bbox 1815 1945 3394 2018; baseline -0.004 -11"><span class='ocrx_word' id='word_1_349' title='bbox 1815 1961 2000 2007; x_wconf 81' lang='lat' dir='ltr'><strong>tatem.</strong></span> <span class='ocrx_word' id='word_1_350' title='bbox 2033 1951 2138 2004; x_wconf 86' lang='lat' dir='ltr'><strong>Scd</strong></span> <span class='ocrx_word' id='word_1_351' title='bbox 2165 1949 2356 2004; x_wconf 83' lang='lat' dir='ltr'><strong>Filium</strong></span> <span class='ocrx_word' id='word_1_352' title='bbox 2383 1963 2508 2004; x_wconf 86' lang='lat' dir='ltr'><strong>vere</strong></span> <span class='ocrx_word' id='word_1_353' title='bbox 2539 1963 2567 2001; x_wconf 91' lang='lat' dir='ltr'><strong>a</strong></span> <span class='ocrx_word' id='word_1_354' title='bbox 2591 1947 2750 2003; x_wconf 86' lang='lat' dir='ltr'><strong>Patre</strong></span> <span class='ocrx_word' id='word_1_355' title='bbox 2769 1948 3028 2018; x_wconf 85' lang='lat' dir='ltr'><strong>genitum,</strong></span> <span class='ocrx_word' id='word_1_356' title='bbox 3053 1957 3106 2002; x_wconf 89' lang='lat' dir='ltr'><strong>et</strong></span> <span class='ocrx_word' id='word_1_357' title='bbox 3133 1945 3394 2018; x_wconf 87' lang='lat' dir='ltr'><strong>Spiritum</strong></span> 
     </span>
    </p>
   </div>
   <div class='ocr_carea' id='block_1_46' title="bbox 1815 2039 3393 2110">
    <p class='ocr_par' dir='ltr' id='par_1_46' title="bbox 1815 2039 3393 2110">
     <span class='ocr_line' id='line_1_46' title="bbox 1815 2039 3393 2110; baseline -0.004 -10"><span class='ocrx_word' id='word_1_358' title='bbox 1815 2055 2068 2100; x_wconf 87' lang='lat' dir='ltr'><strong>sanctum</strong></span> <span class='ocrx_word' id='word_1_359' title='bbox 2101 2059 2131 2098; x_wconf 90' lang='lat' dir='ltr'><strong>a</strong></span> <span class='ocrx_word' id='word_1_360' title='bbox 2163 2041 2326 2096; x_wconf 86' lang='lat' dir='ltr'><strong>Patre</strong></span> <span class='ocrx_word' id='word_1_361' title='bbox 2381 2039 2630 2110; x_wconf 89' lang='lat' dir='ltr'><strong>Filioque</strong></span> <span class='ocrx_word' id='word_1_362' title='bbox 2675 2055 2783 2095; x_wconf 85' lang='lat' dir='ltr'><strong>non</strong></span> <span class='ocrx_word' id='word_1_363' title='bbox 2821 2041 3061 2096; x_wconf 90' lang='lat' dir='ltr'><strong>alienum</strong></span> <span class='ocrx_word' id='word_1_364' title='bbox 3097 2057 3110 2095; x_wconf 89' lang='lat'><strong>:</strong></span> <span class='ocrx_word' id='word_1_365' title='bbox 3152 2040 3393 2094; x_wconf 86' lang='lat' dir='ltr'><strong>Trinita-</strong></span> 
     </span>
    </p>
   </div>
   <div class='ocr_carea' id='block_1_47' title="bbox 1815 2133 3392 2207">
    <p class='ocr_par' dir='ltr' id='par_1_47' title="bbox 1815 2133 3392 2207">
     <span class='ocr_line' id='line_1_47' title="bbox 1815 2133 3392 2207; baseline -0.001 -17"><span class='ocrx_word' id='word_1_366' title='bbox 1815 2146 1947 2202; x_wconf 87' lang='lat' dir='ltr'><strong>tem,</strong></span> <span class='ocrx_word' id='word_1_367' title='bbox 1995 2137 2238 2207; x_wconf 88' lang='lat' dir='ltr'><strong>inquam.</strong></span> <span class='ocrx_word' id='word_1_368' title='bbox 2269 2147 2390 2204; x_wconf 64' lang='lat' dir='ltr'><strong>quae</strong></span> <span class='ocrx_word' id='word_1_369' title='bbox 2419 2147 2634 2204; x_wconf 88' lang='lat' dir='ltr'><strong>semper</strong></span> <span class='ocrx_word' id='word_1_370' title='bbox 2659 2133 2750 2197; x_wconf 89' lang='lat' dir='ltr'><strong>sit,</strong></span> <span class='ocrx_word' id='word_1_371' title='bbox 2781 2147 2956 2201; x_wconf 87' lang='lat' dir='ltr'><strong>neque</strong></span> <span class='ocrx_word' id='word_1_372' title='bbox 3006 2133 3171 2187; x_wconf 88' lang='lat' dir='ltr'><strong>ullam</strong></span> <span class='ocrx_word' id='word_1_373' title='bbox 3201 2147 3392 2188; x_wconf 84' lang='lat' dir='ltr'><strong>acces-</strong></span> 
     </span>
    </p>
   </div>
   <div class='ocr_carea' id='block_1_48' title="bbox 1813 2224 3394 2298">
    <p class='ocr_par' dir='ltr' id='par_1_48' title="bbox 1813 2224 3394 2298">
     <span class='ocr_line' id='line_1_48' title="bbox 1813 2224 3394 2298; baseline -0.003 -13"><span class='ocrx_word' id='word_1_374' title='bbox 1813 2231 2024 2286; x_wconf 87' lang='lat' dir='ltr'><strong>sionem</strong></span> <span class='ocrx_word' id='word_1_375' title='bbox 2087 2227 2289 2298; x_wconf 88' lang='lat' dir='ltr'><strong>capiat,</strong></span> <span class='ocrx_word' id='word_1_376' title='bbox 2339 2239 2518 2296; x_wconf 85' lang='lat' dir='ltr'><strong>neque</strong></span> <span class='ocrx_word' id='word_1_377' title='bbox 2560 2225 2856 2295; x_wconf 86' lang='lat' dir='ltr'><strong>quidquam</strong></span> <span class='ocrx_word' id='word_1_378' title='bbox 2911 2226 2966 2280; x_wconf 90' lang='lat' dir='ltr'><strong>in</strong></span> <span class='ocrx_word' id='word_1_379' title='bbox 3003 2240 3124 2281; x_wconf 89' lang='lat' dir='ltr'><strong>sese</strong></span> <span class='ocrx_word' id='word_1_380' title='bbox 3163 2224 3394 2281; x_wconf 83' lang='lat' dir='ltr'><strong>inferius</strong></span> 
     </span>
    </p>
   </div>
   <div class='ocr_carea' id='block_1_49' title="bbox 1815 2315 3394 2390">
    <p class='ocr_par' dir='ltr' id='par_1_49' title="bbox 1815 2315 3394 2390">
     <span class='ocr_line' id='line_1_49' title="bbox 1815 2315 3394 2390; baseline -0.005 -12"><span class='ocrx_word' id='word_1_381' title='bbox 1815 2323 2041 2387; x_wconf 81' lang='lat' dir='ltr'><strong>habeat;</strong></span> <span class='ocrx_word' id='word_1_382' title='bbox 2072 2333 2300 2390; x_wconf 67' lang='lat' dir='ltr'><strong>quaeque</strong></span> <span class='ocrx_word' id='word_1_383' title='bbox 2334 2317 2403 2372; x_wconf 87' lang='lat' dir='ltr'><strong>ad</strong></span> <span class='ocrx_word' id='word_1_384' title='bbox 2449 2317 2778 2387; x_wconf 82' lang='lat' dir='ltr'><strong>singularem</strong></span> <span class='ocrx_word' id='word_1_385' title='bbox 2811 2315 3095 2381; x_wconf 83' lang='lat' dir='ltr'><strong>unitatem,</strong></span> <span class='ocrx_word' id='word_1_386' title='bbox 3140 2317 3394 2370; x_wconf 88' lang='lat' dir='ltr'><strong>unicum-</strong></span> 
     </span>
    </p>
   </div>
   <div class='ocr_carea' id='block_1_50' title="bbox 1813 2405 3393 2484">
    <p class='ocr_par' dir='ltr' id='par_1_50' title="bbox 1813 2405 3393 2484">
     <span class='ocr_line' id='line_1_50' title="bbox 1813 2405 3393 2484; baseline -0.004 -16"><span class='ocrx_word' id='word_1_387' title='bbox 1813 2429 1920 2484; x_wconf 87' lang='lat' dir='ltr'><strong>que</strong></span> <span class='ocrx_word' id='word_1_388' title='bbox 1954 2411 2048 2466; x_wconf 87' lang='lat' dir='ltr'><strong>Dei</strong></span> <span class='ocrx_word' id='word_1_389' title='bbox 2089 2427 2152 2464; x_wconf 88' lang='lat' dir='ltr'><strong>ae</strong></span> <span class='ocrx_word' id='word_1_390' title='bbox 2181 2407 2364 2462; x_wconf 85' lang='lat' dir='ltr'><strong>Patris</strong></span> <span class='ocrx_word' id='word_1_391' title='bbox 2395 2407 2722 2478; x_wconf 84' lang='lat' dir='ltr'><strong>principium</strong></span> <span class='ocrx_word' id='word_1_392' title='bbox 2757 2405 3045 2461; x_wconf 80' lang='lat' dir='ltr'><strong>referatur.</strong></span> <span class='ocrx_word' id='word_1_393' title='bbox 3089 2405 3173 2462; x_wconf 82' lang='lat' dir='ltr'><strong>Ab</strong></span> <span class='ocrx_word' id='word_1_394' title='bbox 3203 2409 3393 2463; x_wconf 84' lang='lat' dir='ltr'><strong>eadem</strong></span> 
     </span>
    </p>
   </div>
   <div class='ocr_carea' id='block_1_51' title="bbox 1815 2496 3392 2568">
    <p class='ocr_par' dir='ltr' id='par_1_51' title="bbox 1815 2496 3392 2568">
     <span class='ocr_line' id='line_1_51' title="bbox 1815 2496 3392 2568; baseline -0.004 -9"><span class='ocrx_word' id='word_1_395' title='bbox 1815 2503 2084 2559; x_wconf 87' lang='lat' dir='ltr'><strong>Trinitate</strong></span> <span class='ocrx_word' id='word_1_396' title='bbox 2133 2500 2294 2555; x_wconf 84' lang='lat' dir='ltr'><strong>Patre</strong></span> <span class='ocrx_word' id='word_1_397' title='bbox 2339 2509 2393 2554; x_wconf 85' lang='lat' dir='ltr'><strong>et</strong></span> <span class='ocrx_word' id='word_1_398' title='bbox 2446 2497 2585 2552; x_wconf 87' lang='lat' dir='ltr'><strong>Filio</strong></span> <span class='ocrx_word' id='word_1_399' title='bbox 2626 2505 2680 2552; x_wconf 89' lang='lat' dir='ltr'><strong>et</strong></span> <span class='ocrx_word' id='word_1_400' title='bbox 2734 2496 2938 2568; x_wconf 89' lang='lat' dir='ltr'><strong>Spiritu</strong></span> <span class='ocrx_word' id='word_1_401' title='bbox 2981 2508 3173 2553; x_wconf 90' lang='lat' dir='ltr'><strong>sancto</strong></span> <span class='ocrx_word' id='word_1_402' title='bbox 3209 2505 3392 2554; x_wconf 88' lang='lat' dir='ltr'><strong>creata</strong></span> 
     </span>
    </p>
   </div>
   <div class='ocr_carea' id='block_1_52' title="bbox 1813 2589 3393 2661">
    <p class='ocr_par' dir='ltr' id='par_1_52' title="bbox 1813 2589 3393 2661">
     <span class='ocr_line' id='line_1_52' title="bbox 1813 2589 3393 2661; baseline -0.003 -11"><span class='ocrx_word' id='word_1_403' title='bbox 1813 2611 1936 2650; x_wconf 89' lang='lat' dir='ltr'><strong>esse</strong></span> <span class='ocrx_word' id='word_1_404' title='bbox 1967 2601 2183 2657; x_wconf 89' lang='lat' dir='ltr'><strong>cuncta,</strong></span> <span class='ocrx_word' id='word_1_405' title='bbox 2225 2605 2347 2661; x_wconf 75' lang='lat' dir='ltr'><strong>quae</strong></span> <span class='ocrx_word' id='word_1_406' title='bbox 2395 2589 2689 2659; x_wconf 86' lang='lat' dir='ltr'><strong>aliquando</strong></span> <span class='ocrx_word' id='word_1_407' title='bbox 2727 2605 2834 2644; x_wconf 90' lang='lat' dir='ltr'><strong>non</strong></span> <span class='ocrx_word' id='word_1_408' title='bbox 2864 2589 3173 2652; x_wconf 78' lang='lat' dir='ltr'><strong>exstabant,</strong></span> <span class='ocrx_word' id='word_1_409' title='bbox 3217 2607 3393 2660; x_wconf 84' lang='lat' dir='ltr'><strong>neque</strong></span> 
     </span>
    </p>
   </div>
   <div class='ocr_carea' id='block_1_53' title="bbox 1813 2681 3394 2747">
    <p class='ocr_par' dir='ltr' id='par_1_53' title="bbox 1813 2681 3394 2747">
     <span class='ocr_line' id='line_1_53' title="bbox 1813 2681 3394 2747; baseline -0.004 -4"><span class='ocrx_word' id='word_1_410' title='bbox 1813 2703 1938 2743; x_wconf 90' lang='lat' dir='ltr'><strong>cum</strong></span> <span class='ocrx_word' id='word_1_411' title='bbox 1975 2685 2086 2740; x_wconf 88' lang='lat' dir='ltr'><strong>Deo</strong></span> <span class='ocrx_word' id='word_1_412' title='bbox 2113 2693 2292 2747; x_wconf 87' lang='lat' dir='ltr'><strong>erant,</strong></span> <span class='ocrx_word' id='word_1_413' title='bbox 2331 2698 2432 2738; x_wconf 89' lang='lat' dir='ltr'><strong>nec</strong></span> <span class='ocrx_word' id='word_1_414' title='bbox 2479 2689 2606 2737; x_wconf 88' lang='lat' dir='ltr'><strong>ante</strong></span> <span class='ocrx_word' id='word_1_415' title='bbox 2630 2681 2984 2746; x_wconf 82' lang='lat' dir='ltr'><strong>exsistebant,</strong></span> <span class='ocrx_word' id='word_1_416' title='bbox 3025 2684 3116 2737; x_wconf 90' lang='lat' dir='ltr'><strong>sed</strong></span> <span class='ocrx_word' id='word_1_417' title='bbox 3157 2697 3188 2736; x_wconf 87' lang='lat' dir='ltr'><strong>e</strong></span> <span class='ocrx_word' id='word_1_418' title='bbox 3223 2683 3394 2737; x_wconf 84' lang='lat' dir='ltr'><strong>nihilo</strong></span> 
     </span>
    </p>
   </div>
   <div class='ocr_carea' id='block_1_54' title="bbox 1815 2774 3392 2850">
    <p class='ocr_par' dir='ltr' id='par_1_54' title="bbox 1815 2774 3392 2850">
     <span class='ocr_line' id='line_1_54' title="bbox 1815 2774 3392 2850; baseline -0.004 -16"><span class='ocrx_word' id='word_1_419' title='bbox 1815 2779 2018 2850; x_wconf 88' lang='lat' dir='ltr'><strong>aliquid</strong></span> <span class='ocrx_word' id='word_1_420' title='bbox 2071 2793 2194 2834; x_wconf 85' lang='lat' dir='ltr'><strong>esse</strong></span> <span class='ocrx_word' id='word_1_421' title='bbox 2261 2785 2568 2848; x_wconf 72' lang='lat' dir='ltr'><strong>cmperunt,</strong></span> <span class='ocrx_word' id='word_1_422' title='bbox 2614 2791 2644 2830; x_wconf 90' lang='lat' dir='ltr'><strong>a</strong></span> <span class='ocrx_word' id='word_1_423' title='bbox 2687 2775 2847 2830; x_wconf 86' lang='lat' dir='ltr'><strong>Patre</strong></span> <span class='ocrx_word' id='word_1_424' title='bbox 2871 2783 2924 2830; x_wconf 93' lang='lat' dir='ltr'><strong>et</strong></span> <span class='ocrx_word' id='word_1_425' title='bbox 2956 2774 3092 2831; x_wconf 85' lang='lat' dir='ltr'><strong>Filio</strong></span> <span class='ocrx_word' id='word_1_426' title='bbox 3118 2785 3172 2831; x_wconf 92' lang='lat' dir='ltr'><strong>et</strong></span> <span class='ocrx_word' id='word_1_427' title='bbox 3201 2783 3392 2831; x_wconf 88' lang='lat' dir='ltr'><strong>sancto</strong></span> 
     </span>
    </p>
   </div>
   <div class='ocr_carea' id='block_1_55' title="bbox 1817 2867 3392 2943">
    <p class='ocr_par' dir='ltr' id='par_1_55' title="bbox 1817 2867 3392 2943">
     <span class='ocr_line' id='line_1_55' title="bbox 1817 2867 3392 2943; baseline -0.001 -17"><span class='ocrx_word' id='word_1_428' title='bbox 1817 2871 2024 2943; x_wconf 90' lang='lat' dir='ltr'><strong>Spiritu</strong></span> <span class='ocrx_word' id='word_1_429' title='bbox 2064 2871 2366 2942; x_wconf 89' lang='lat' dir='ltr'><strong>producta;</strong></span> <span class='ocrx_word' id='word_1_430' title='bbox 2390 2879 2442 2924; x_wconf 90' lang='lat' dir='ltr'><strong>et</strong></span> <span class='ocrx_word' id='word_1_431' title='bbox 2471 2868 2616 2922; x_wconf 85' lang='lat' dir='ltr'><strong>hunc</strong></span> <span class='ocrx_word' id='word_1_432' title='bbox 2655 2867 2865 2938; x_wconf 79' lang='lat'><strong>1135</strong></span> <span class='ocrx_word' id='word_1_433' title='bbox 2893 2869 3070 2938; x_wconf 91' lang='lat' dir='ltr'><strong>ipsum</strong></span> <span class='ocrx_word' id='word_1_434' title='bbox 3095 2867 3306 2924; x_wconf 86' lang='lat' dir='ltr'><strong>Patrem</strong></span> <span class='ocrx_word' id='word_1_435' title='bbox 3335 2875 3392 2924; x_wconf 82' lang='lat' dir='ltr'><strong>et</strong></span> 
     </span>
    </p>
   </div>
   <div class='ocr_carea' id='block_1_56' title="bbox 1813 2961 3392 3032">
    <p class='ocr_par' dir='ltr' id='par_1_56' title="bbox 1813 2961 3392 3032">
     <span class='ocr_line' id='line_1_56' title="bbox 1813 2961 3392 3032; baseline -0.001 -14"><span class='ocrx_word' id='word_1_436' title='bbox 1813 2965 2010 3019; x_wconf 84' lang='lat' dir='ltr'><strong>Filium</strong></span> <span class='ocrx_word' id='word_1_437' title='bbox 2057 2971 2112 3016; x_wconf 81' lang='lat' dir='ltr'><strong>et</strong></span> <span class='ocrx_word' id='word_1_438' title='bbox 2153 2961 2414 3032; x_wconf 85' lang='lat' dir='ltr'><strong>Spiritum</strong></span> <span class='ocrx_word' id='word_1_439' title='bbox 2443 2969 2689 3016; x_wconf 87' lang='lat' dir='ltr'><strong>sanctum</strong></span> <span class='ocrx_word' id='word_1_440' title='bbox 2735 2961 2940 3016; x_wconf 85' lang='lat' dir='ltr'><strong>sanctis</strong></span> <span class='ocrx_word' id='word_1_441' title='bbox 2979 2961 3094 3017; x_wconf 86' lang='lat' dir='ltr'><strong>suis</strong></span> <span class='ocrx_word' id='word_1_442' title='bbox 3127 2962 3182 3016; x_wconf 93' lang='lat' dir='ltr'><strong>in</strong></span> <span class='ocrx_word' id='word_1_443' title='bbox 3225 2962 3392 3017; x_wconf 86' lang='lat' dir='ltr'><strong>visio-</strong></span> 
     </span>
    </p>
   </div>
   <div class='ocr_carea' id='block_1_57' title="bbox 1813 3054 3390 3127">
    <p class='ocr_par' dir='ltr' id='par_1_57' title="bbox 1813 3054 3390 3127">
     <span class='ocr_line' id='line_1_57' title="bbox 1813 3054 3390 3127; baseline 0 -15"><span class='ocrx_word' id='word_1_444' title='bbox 1813 3059 1976 3112; x_wconf 88' lang='lat' dir='ltr'><strong>nibus</strong></span> <span class='ocrx_word' id='word_1_445' title='bbox 2036 3069 2298 3126; x_wconf 87' lang='lat' dir='ltr'><strong>apparere</strong></span> <span class='ocrx_word' id='word_1_446' title='bbox 2355 3054 2633 3124; x_wconf 78' lang='lat' dir='ltr'><strong>dignatum</strong></span> <span class='ocrx_word' id='word_1_447' title='bbox 2692 3069 2834 3117; x_wconf 90' lang='lat' dir='ltr'><strong>esse,</strong></span> <span class='ocrx_word' id='word_1_448' title='bbox 2884 3063 3148 3124; x_wconf 90' lang='lat' dir='ltr'><strong>quantum</strong></span> <span class='ocrx_word' id='word_1_449' title='bbox 3193 3071 3390 3127; x_wconf 86' lang='lat' dir='ltr'><strong>capere</strong></span> 
     </span>
    </p>
   </div>
   <div class='ocr_carea' id='block_1_58' title="bbox 137 3142 1708 3234">
    <p class='ocr_par' dir='ltr' id='par_1_58' title="bbox 137 3142 1704 3225">
     <span class='ocr_line' id='line_1_58' title="bbox 137 3142 1704 3225; baseline 0.01 -31"><span class='ocrx_word' id='word_1_450' title='bbox 137 3143 262 3214; x_wconf 81' lang='grc' dir='ltr'>ὅπερ</span> <span class='ocrx_word' id='word_1_451' title='bbox 294 3142 578 3214; x_wconf 80' lang='grc' dir='ltr'>ἐχαρίζετο</span> <span class='ocrx_word' id='word_1_452' title='bbox 603 3146 818 3217; x_wconf 76' lang='grc' dir='ltr'>ἑκάστῳ</span> <span class='ocrx_word' id='word_1_453' title='bbox 849 3148 956 3201; x_wconf 79' lang='grc' dir='ltr'><strong>τῶν</strong></span> <span class='ocrx_word' id='word_1_454' title='bbox 987 3149 1450 3222; x_wconf 79' lang='grc' dir='ltr'>καταξιουμένων.</span> <span class='ocrx_word' id='word_1_455' title='bbox 1495 3151 1577 3224; x_wconf 73' lang='lat' dir='ltr'><strong>Hi;</strong></span> <span class='ocrx_word' id='word_1_456' title='bbox 1608 3157 1704 3225; x_wconf 82' lang='grc' dir='ltr'>μὲν</span> 
     </span>
    </p>
   </div>
   <div class='ocr_carea' id='block_1_59' title="bbox 1819 3142 3392 3234">
    <p class='ocr_par' dir='ltr' id='par_1_59' title="bbox 1819 3145 3392 3219">
     <span class='ocr_line' id='line_1_59' title="bbox 1819 3145 3392 3219; baseline 0.003 -19"><span class='ocrx_word' id='word_1_457' title='bbox 1819 3149 2046 3219; x_wconf 85' lang='lat' dir='ltr'><strong>quisque</strong></span> <span class='ocrx_word' id='word_1_458' title='bbox 2086 3155 2316 3215; x_wconf 84' lang='lat' dir='ltr'><strong>poterat,</strong></span> <span class='ocrx_word' id='word_1_459' title='bbox 2351 3145 2650 3201; x_wconf 88' lang='lat' dir='ltr'><strong>secundum</strong></span> <span class='ocrx_word' id='word_1_460' title='bbox 2687 3146 2887 3200; x_wconf 88' lang='lat' dir='ltr'><strong>donum</strong></span> <span class='ocrx_word' id='word_1_461' title='bbox 2919 3150 3154 3217; x_wconf 79' lang='lat' dir='ltr'><strong>potentis</strong></span> <span class='ocrx_word' id='word_1_462' title='bbox 3193 3149 3392 3204; x_wconf 89' lang='lat' dir='ltr'><strong>divini-</strong></span> 
     </span>
    </p>
   </div>
   <div class='ocr_carea' id='block_1_60' title="bbox 139 3236 1701 3313">
    <p class='ocr_par' dir='ltr' id='par_1_60' title="bbox 139 3236 1701 3313">
     <span class='ocr_line' id='line_1_60' title="bbox 139 3236 1701 3313; baseline 0.006 -26"><span class='ocrx_word' id='word_1_463' title='bbox 139 3236 345 3308; x_wconf 78' lang='grc' dir='ltr'>Πατέρα</span> <span class='ocrx_word' id='word_1_464' title='bbox 373 3236 670 3291; x_wconf 80' lang='grc' dir='ltr'>θεάσασθαι</span> <span class='ocrx_word' id='word_1_465' title='bbox 705 3237 886 3304; x_wconf 81' lang='grc' dir='ltr'>καθὼς</span> <span class='ocrx_word' id='word_1_466' title='bbox 914 3240 1161 3309; x_wconf 75' lang='grc' dir='ltr'>ἠδύνατο,</span> <span class='ocrx_word' id='word_1_467' title='bbox 1199 3241 1427 3295; x_wconf 83' lang='grc' dir='ltr'>ἀκοῦσαι</span> <span class='ocrx_word' id='word_1_468' title='bbox 1457 3243 1556 3313; x_wconf 79' lang='grc' dir='ltr'>τῆς</span> <span class='ocrx_word' id='word_1_469' title='bbox 1589 3261 1701 3312; x_wconf 65' lang='grc' dir='ltr'>φοι·</span> 
     </span>
    </p>
   </div>
   <div class='ocr_carea' id='block_1_61' title="bbox 139 3328 1702 3403">
    <p class='ocr_par' dir='ltr' id='par_1_61' title="bbox 139 3328 1702 3403">
     <span class='ocr_line' id='line_1_61' title="bbox 139 3328 1702 3403; baseline 0.004 -21"><span class='ocrx_word' id='word_1_470' title='bbox 139 3328 228 3398; x_wconf 86' lang='grc' dir='ltr'>νῆς</span> <span class='ocrx_word' id='word_1_471' title='bbox 273 3329 442 3382; x_wconf 83' lang='grc' dir='ltr'>αὑτοῦ</span> <span class='ocrx_word' id='word_1_472' title='bbox 487 3329 562 3393; x_wconf 86' lang='grc' dir='ltr'><strong>ώς</strong></span> <span class='ocrx_word' id='word_1_473' title='bbox 609 3329 840 3402; x_wconf 77' lang='grc' dir='ltr'>ἐχώρει·</span> <span class='ocrx_word' id='word_1_474' title='bbox 875 3332 951 3397; x_wconf 88' lang='grc' dir='ltr'>ὡς</span> <span class='ocrx_word' id='word_1_475' title='bbox 980 3334 1038 3386; x_wconf 85' lang='grc' dir='ltr'>ὲν</span> <span class='ocrx_word' id='word_1_476' title='bbox 1068 3333 1298 3403; x_wconf 83' lang='grc' dir='ltr'>στόματι</span> <span class='ocrx_word' id='word_1_477' title='bbox 1345 3334 1439 3388; x_wconf 85' lang='grc' dir='ltr'><strong>τοῦ</strong></span> <span class='ocrx_word' id='word_1_478' title='bbox 1481 3336 1702 3390; x_wconf 77' lang='grc' dir='ltr'>Ἡσαΐου</span> 
     </span>
    </p>
   </div>
   <div class='ocr_carea' id='block_1_62' title="bbox 139 3421 1700 3496">
    <p class='ocr_par' dir='ltr' id='par_1_62' title="bbox 139 3421 1700 3496">
     <span class='ocr_line' id='line_1_62' title="bbox 139 3421 1700 3496; baseline 0.004 -22"><span class='ocrx_word' id='word_1_479' title='bbox 139 3421 340 3490; x_wconf 73' lang='grc' dir='ltr'>ἔλεγενο</span> <span class='ocrx_word' id='word_1_480' title='bbox 387 3421 534 3477; x_wconf 79' lang='grc' dir='ltr'>Ἰδοὺ</span> <span class='ocrx_word' id='word_1_481' title='bbox 581 3423 840 3488; x_wconf 78' lang='grc' dir='ltr'>συνήσει</span> <span class='ocrx_word' id='word_1_482' title='bbox 889 3427 923 3478; x_wconf 82' lang='grc' dir='ltr'><em>ὀ</em></span> <span class='ocrx_word' id='word_1_483' title='bbox 974 3425 1116 3492; x_wconf 80' lang='grc' dir='ltr'>παῖς</span> <span class='ocrx_word' id='word_1_484' title='bbox 1159 3445 1278 3494; x_wconf 83' lang='grc' dir='ltr'><strong>μου</strong></span> <span class='ocrx_word' id='word_1_485' title='bbox 1304 3428 1338 3479; x_wconf 86' lang='grc' dir='ltr'><em>ὁ</em></span> <span class='ocrx_word' id='word_1_486' title='bbox 1365 3429 1666 3496; x_wconf 79' lang='grc' dir='ltr'>ἀγαπητός</span> <span class='ocrx_word' id='word_1_487' title='bbox 1687 3443 1700 3458; x_wconf 77' lang='lat'>&#39;</span> 
     </span>
    </p>
   </div>
   <div class='ocr_carea' id='block_1_63' title="bbox 139 3513 1707 3589">
    <p class='ocr_par' dir='ltr' id='par_1_63' title="bbox 139 3513 1707 3589">
     <span class='ocr_line' id='line_1_63' title="bbox 139 3513 1707 3589; baseline 0.003 -21"><span class='ocrx_word' id='word_1_488' title='bbox 139 3513 284 3568; x_wconf 81' lang='grc' dir='ltr'>τοῦτο</span> <span class='ocrx_word' id='word_1_489' title='bbox 333 3515 486 3585; x_wconf 83' lang='grc' dir='ltr'>φωνὴ</span> <span class='ocrx_word' id='word_1_490' title='bbox 545 3516 777 3586; x_wconf 80' lang='grc' dir='ltr'>Πατρός.</span> <span class='ocrx_word' id='word_1_491' title='bbox 831 3517 940 3570; x_wconf 85' lang='lat' dir='ltr'><strong>Kal.</strong></span> <span class='ocrx_word' id='word_1_492' title='bbox 974 3517 1050 3581; x_wconf 83' lang='grc' dir='ltr'>ὡς</span> <span class='ocrx_word' id='word_1_493' title='bbox 1083 3519 1110 3570; x_wconf 85' lang='grc' dir='ltr'>ὁ</span> <span class='ocrx_word' id='word_1_494' title='bbox 1131 3518 1357 3589; x_wconf 79' lang='grc' dir='ltr'>Δανιὴλ,</span> <span class='ocrx_word' id='word_1_495' title='bbox 1387 3515 1562 3572; x_wconf 80' lang='grc' dir='ltr'>Εἷδεν</span> <span class='ocrx_word' id='word_1_496' title='bbox 1599 3521 1707 3572; x_wconf 82' lang='grc' dir='ltr'><strong>τὸν</strong></span> 
     </span>
    </p>
   </div>
   <div class='ocr_carea' id='block_1_64' title="bbox 139 3605 1702 3684">
    <p class='ocr_par' dir='ltr' id='par_1_64' title="bbox 139 3605 1702 3684">
     <span class='ocr_line' id='line_1_64' title="bbox 139 3605 1702 3684; baseline 0.004 -24"><span class='ocrx_word' id='word_1_497' title='bbox 139 3607 397 3660; x_wconf 65' lang='lat' dir='ltr'><strong>natator</strong></span> <span class='ocrx_word' id='word_1_498' title='bbox 421 3605 540 3660; x_wconf 80' lang='grc' dir='ltr'><strong>τῶν</strong></span> <span class='ocrx_word' id='word_1_499' title='bbox 571 3607 834 3676; x_wconf 79' lang='grc' dir='ltr'>ἡμερῶν·</span> <span class='ocrx_word' id='word_1_500' title='bbox 867 3609 1024 3662; x_wconf 85' lang='grc' dir='ltr'>τοῦτο</span> <span class='ocrx_word' id='word_1_501' title='bbox 1053 3609 1286 3664; x_wconf 76' lang='grc' dir='ltr'>ὀπτασία</span> <span class='ocrx_word' id='word_1_502' title='bbox 1334 3611 1428 3664; x_wconf 90' lang='grc' dir='ltr'><strong>τοῦ</strong></span> <span class='ocrx_word' id='word_1_503' title='bbox 1471 3611 1702 3684; x_wconf 84' lang='grc' dir='ltr'>Πατρός.</span> 
     </span>
    </p>
   </div>
   <div class='ocr_carea' id='block_1_65' title="bbox 149 3699 1702 3774">
    <p class='ocr_par' dir='ltr' id='par_1_65' title="bbox 149 3699 1702 3774">
     <span class='ocr_line' id='line_1_65' title="bbox 149 3699 1702 3774; baseline 0.005 -22"><span class='ocrx_word' id='word_1_504' title='bbox 149 3699 230 3762; x_wconf 86' lang='grc' dir='ltr'>Ὦς</span> <span class='ocrx_word' id='word_1_505' title='bbox 259 3701 316 3753; x_wconf 81' lang='grc' dir='ltr'>δὲ</span> <span class='ocrx_word' id='word_1_506' title='bbox 345 3703 406 3752; x_wconf 85' lang='grc' dir='ltr'>ὲν</span> <span class='ocrx_word' id='word_1_507' title='bbox 442 3699 518 3770; x_wconf 86' lang='grc' dir='ltr'>τῷ</span> <span class='ocrx_word' id='word_1_508' title='bbox 546 3701 798 3774; x_wconf 78' lang='grc' dir='ltr'>προφήτῃ</span> <span class='ocrx_word' id='word_1_509' title='bbox 833 3701 996 3755; x_wconf 84' lang='grc' dir='ltr'>πάλιν</span> <span class='ocrx_word' id='word_1_510' title='bbox 1017 3717 1030 3732; x_wconf 92' lang='grc'><strong>·</strong></span> <span class='ocrx_word' id='word_1_511' title='bbox 1072 3701 1214 3770; x_wconf 69' lang='grc' dir='ltr'><strong>Ἐγὼ</strong></span> <span class='ocrx_word' id='word_1_512' title='bbox 1241 3702 1483 3771; x_wconf 80' lang='grc' dir='ltr'>ὁράσεις</span> <span class='ocrx_word' id='word_1_513' title='bbox 1510 3700 1702 3773; x_wconf 79' lang='grc' dir='ltr'><strong>ἐπλή-</strong></span> 
     </span>
    </p>
   </div>
   <div class='ocr_carea' id='block_1_66' title="bbox 139 3789 1704 3862">
    <p class='ocr_par' dir='ltr' id='par_1_66' title="bbox 139 3789 1704 3862">
     <span class='ocr_line' id='line_1_66' title="bbox 139 3789 1704 3862; baseline 0.003 -18"><span class='ocrx_word' id='word_1_514' title='bbox 139 3793 300 3854; x_wconf 78' lang='grc' dir='ltr'>θυνα,</span> <span class='ocrx_word' id='word_1_515' title='bbox 343 3789 444 3844; x_wconf 78' lang='grc' dir='ltr'>καὶ</span> <span class='ocrx_word' id='word_1_516' title='bbox 480 3792 550 3844; x_wconf 82' lang='grc' dir='ltr'><strong>ἐν</strong></span> <span class='ocrx_word' id='word_1_517' title='bbox 589 3792 760 3860; x_wconf 81' lang='grc' dir='ltr'>χερσὶ</span> <span class='ocrx_word' id='word_1_518' title='bbox 803 3793 1128 3862; x_wconf 69' lang='grc' dir='ltr'><strong>προφητῶν</strong></span> <span class='ocrx_word' id='word_1_519' title='bbox 1163 3795 1468 3862; x_wconf 78' lang='grc' dir='ltr'>ώμοιώθην</span> <span class='ocrx_word' id='word_1_520' title='bbox 1489 3811 1504 3826; x_wconf 74' lang='grc' dir='ltr'><strong>σ</strong></span> <span class='ocrx_word' id='word_1_521' title='bbox 1547 3794 1704 3848; x_wconf 85' lang='grc' dir='ltr'>τοῦτο</span> 
     </span>
    </p>
   </div>
   <div class='ocr_carea' id='block_1_67' title="bbox 139 3882 1704 3958">
    <p class='ocr_par' dir='ltr' id='par_1_67' title="bbox 139 3882 1704 3958">
     <span class='ocr_line' id='line_1_67' title="bbox 139 3882 1704 3958; baseline 0.005 -23"><span class='ocrx_word' id='word_1_522' title='bbox 139 3882 280 3953; x_wconf 80' lang='grc' dir='ltr'>φωνὴ</span> <span class='ocrx_word' id='word_1_523' title='bbox 307 3883 569 3947; x_wconf 83' lang='grc' dir='ltr'>Υίοῦ.⁹Ως</span> <span class='ocrx_word' id='word_1_524' title='bbox 599 3884 652 3938; x_wconf 81' lang='grc' dir='ltr'>δὲ</span> <span class='ocrx_word' id='word_1_525' title='bbox 677 3888 734 3938; x_wconf 83' lang='grc' dir='ltr'>ὲν</span> <span class='ocrx_word' id='word_1_526' title='bbox 764 3885 1052 3957; x_wconf 79' lang='grc' dir='ltr'>Ἰεζεκιήλ’</span> <span class='ocrx_word' id='word_1_527' title='bbox 1087 3888 1194 3941; x_wconf 81' lang='lat' dir='ltr'><strong>Kal</strong></span> <span class='ocrx_word' id='word_1_528' title='bbox 1215 3889 1396 3942; x_wconf 70' lang='grc' dir='ltr'>ἔλαϐέ</span> <span class='ocrx_word' id='word_1_529' title='bbox 1417 3905 1496 3958; x_wconf 85' lang='grc' dir='ltr'><strong>με</strong></span> <span class='ocrx_word' id='word_1_530' title='bbox 1517 3889 1704 3942; x_wconf 81' lang='grc' dir='ltr'>Πνεῦ-</span> 
     </span>
    </p>
   </div>
   <div class='ocr_carea' id='block_1_68' title="bbox 137 3979 1705 4056">
    <p class='ocr_par' dir='ltr' id='par_1_68' title="bbox 137 3979 1705 4056">
     <span class='ocr_line' id='line_1_68' title="bbox 137 3979 1705 4056; baseline 0.005 -26"><span class='ocrx_word' id='word_1_531' title='bbox 137 3993 214 4044; x_wconf 84' lang='grc' dir='ltr'><strong>μα</strong></span> <span class='ocrx_word' id='word_1_532' title='bbox 244 3979 412 4039; x_wconf 83' lang='grc' dir='ltr'>Θεοῦ,</span> <span class='ocrx_word' id='word_1_533' title='bbox 436 3980 532 4033; x_wconf 81' lang='grc' dir='ltr'>καὶ</span> <span class='ocrx_word' id='word_1_534' title='bbox 559 3979 808 4044; x_wconf 76' lang='grc' dir='ltr'>ἐξέϐαλέ</span> <span class='ocrx_word' id='word_1_535' title='bbox 830 3998 908 4050; x_wconf 80' lang='grc' dir='ltr'><strong>με</strong></span> <span class='ocrx_word' id='word_1_536' title='bbox 933 3984 1020 4047; x_wconf 85' lang='grc' dir='ltr'>εὶς</span> <span class='ocrx_word' id='word_1_537' title='bbox 1039 3981 1104 4035; x_wconf 82' lang='grc' dir='ltr'>τὸ</span> <span class='ocrx_word' id='word_1_538' title='bbox 1134 3983 1369 4036; x_wconf 76' lang='grc' dir='ltr'>πεδίονο</span> <span class='ocrx_word' id='word_1_539' title='bbox 1401 3983 1557 4037; x_wconf 87' lang='grc' dir='ltr'>τοῦτο</span> <span class='ocrx_word' id='word_1_540' title='bbox 1579 3985 1705 4056; x_wconf 79' lang='grc' dir='ltr'>περὶ</span> 
     </span>
    </p>
   </div>
   <div class='ocr_carea' id='block_1_69' title="bbox 141 4067 1702 4141">
    <p class='ocr_par' dir='ltr' id='par_1_69' title="bbox 141 4067 1702 4141">
     <span class='ocr_line' id='line_1_69' title="bbox 141 4067 1702 4141; baseline 0.005 -21"><span class='ocrx_word' id='word_1_541' title='bbox 141 4067 224 4120; x_wconf 87' lang='grc' dir='ltr'><strong>τοῦ</strong></span> <span class='ocrx_word' id='word_1_542' title='bbox 257 4069 414 4137; x_wconf 80' lang='grc' dir='ltr'>ἁγίου</span> <span class='ocrx_word' id='word_1_543' title='bbox 448 4070 782 4141; x_wconf 78' lang='grc' dir='ltr'>Πνεύματος.</span> <span class='ocrx_word' id='word_1_544' title='bbox 817 4073 926 4125; x_wconf 84' lang='lat' dir='ltr'><strong>Kal</strong></span> <span class='ocrx_word' id='word_1_545' title='bbox 975 4073 1144 4127; x_wconf 84' lang='grc' dir='ltr'>πολλὰ</span> <span class='ocrx_word' id='word_1_546' title='bbox 1191 4074 1305 4127; x_wconf 76' lang='grc' dir='ltr'>ἐστι</span> <span class='ocrx_word' id='word_1_547' title='bbox 1358 4074 1581 4128; x_wconf 86' lang='grc' dir='ltr'>τοιαῦτα</span> <span class='ocrx_word' id='word_1_548' title='bbox 1613 4075 1702 4128; x_wconf 87' lang='grc' dir='ltr'><strong>λέ-</strong></span> 
     </span>
    </p>
   </div>
   <div class='ocr_carea' id='block_1_70' title="bbox 140 4152 1704 4238">
    <p class='ocr_par' dir='ltr' id='par_1_70' title="bbox 140 4152 1704 4238">
     <span class='ocr_line' id='line_1_70' title="bbox 140 4152 1704 4238; baseline 0.006 -27"><span class='ocrx_word' id='word_1_549' title='bbox 140 4175 268 4226; x_wconf 81' lang='grc' dir='ltr'>γειν,</span> <span class='ocrx_word' id='word_1_550' title='bbox 289 4152 364 4212; x_wconf 81' lang='grc' dir='ltr'>ὧν</span> <span class='ocrx_word' id='word_1_551' title='bbox 387 4159 582 4228; x_wconf 85' lang='grc' dir='ltr'>ὀλίγων</span> <span class='ocrx_word' id='word_1_552' title='bbox 611 4159 718 4214; x_wconf 79' lang='grc' dir='ltr'><strong>ἀπὸ</strong></span> <span class='ocrx_word' id='word_1_553' title='bbox 749 4163 949 4234; x_wconf 84' lang='grc' dir='ltr'>μέρους</span> <span class='ocrx_word' id='word_1_554' title='bbox 972 4165 1410 4236; x_wconf 76' lang='grc' dir='ltr'>ὑπομνησθέντες</span> <span class='ocrx_word' id='word_1_555' title='bbox 1434 4168 1492 4219; x_wconf 83' lang='grc' dir='ltr'>ὲν</span> <span class='ocrx_word' id='word_1_556' title='bbox 1521 4181 1704 4238; x_wconf 82' lang='grc' dir='ltr'>παρα-</span> 
     </span>
    </p>
   </div>
   <div class='ocr_carea' id='block_1_71' title="bbox 139 4247 1702 4328">
    <p class='ocr_par' dir='ltr' id='par_1_71' title="bbox 139 4247 1702 4328">
     <span class='ocr_line' id='line_1_71' title="bbox 139 4247 1702 4328; baseline 0.007 -27"><span class='ocrx_word' id='word_1_557' title='bbox 139 4247 298 4321; x_wconf 80' lang='grc' dir='ltr'>δρομῇ</span> <span class='ocrx_word' id='word_1_558' title='bbox 329 4251 410 4314; x_wconf 87' lang='grc' dir='ltr'><strong>είς</strong></span> <span class='ocrx_word' id='word_1_559' title='bbox 433 4252 494 4304; x_wconf 81' lang='grc' dir='ltr'>τὸ</span> <span class='ocrx_word' id='word_1_560' title='bbox 523 4251 690 4317; x_wconf 79' lang='grc' dir='ltr'>δεῖξαι</span> <span class='ocrx_word' id='word_1_561' title='bbox 719 4254 808 4307; x_wconf 80' lang='grc' dir='ltr'>τὸν</span> <span class='ocrx_word' id='word_1_562' title='bbox 842 4256 1168 4326; x_wconf 79' lang='grc' dir='ltr'>χαρακτῆρα</span> <span class='ocrx_word' id='word_1_563' title='bbox 1213 4255 1312 4326; x_wconf 76' lang='grc' dir='ltr'>τῆς</span> <span class='ocrx_word' id='word_1_564' title='bbox 1357 4258 1702 4328; x_wconf 88' lang='grc' dir='ltr'>Ἐκκλησίας,</span> 
     </span>
    </p>
   </div>
   <div class='ocr_carea' id='block_1_72' title="bbox 138 4342 1705 4418">
    <p class='ocr_par' dir='ltr' id='par_1_72' title="bbox 138 4342 1705 4418">
     <span class='ocr_line' id='line_1_72' title="bbox 138 4342 1705 4418; baseline 0.004 -23"><span class='ocrx_word' id='word_1_565' title='bbox 138 4342 200 4396; x_wconf 71' lang='grc' dir='ltr'><strong>τὰ</strong></span> <span class='ocrx_word' id='word_1_566' title='bbox 223 4343 312 4396; x_wconf 84' lang='grc' dir='ltr'>δύο</span> <span class='ocrx_word' id='word_1_567' title='bbox 343 4346 566 4415; x_wconf 79' lang='grc' dir='ltr'>ῥήματα</span> <span class='ocrx_word' id='word_1_568' title='bbox 593 4347 964 4417; x_wconf 85' lang='grc' dir='ltr'>παρεθέμεθα,</span> <span class='ocrx_word' id='word_1_569' title='bbox 1006 4348 1214 4418; x_wconf 86' lang='grc' dir='ltr'>μυρίων</span> <span class='ocrx_word' id='word_1_570' title='bbox 1245 4349 1414 4403; x_wconf 78' lang='grc' dir='ltr'>ὄντων</span> <span class='ocrx_word' id='word_1_571' title='bbox 1463 4351 1558 4404; x_wconf 71' lang='grc' dir='ltr'>καὶ</span> <span class='ocrx_word' id='word_1_572' title='bbox 1607 4351 1705 4402; x_wconf 64' lang='lat' dir='ltr'><strong>an.</strong></span> 
     </span>
    </p>
   </div>
   <div class='ocr_carea' id='block_1_73' title="bbox 139 4434 1707 4515">
    <p class='ocr_par' dir='ltr' id='par_1_73' title="bbox 139 4434 1707 4515">
     <span class='ocr_line' id='line_1_73' title="bbox 139 4434 1707 4515; baseline 0.007 -29"><span class='ocrx_word' id='word_1_573' title='bbox 139 4434 310 4488; x_wconf 77' lang='grc' dir='ltr'>ἐκεινα</span> <span class='ocrx_word' id='word_1_574' title='bbox 351 4437 462 4490; x_wconf 83' lang='grc' dir='ltr'><strong>τῶν</strong></span> <span class='ocrx_word' id='word_1_575' title='bbox 500 4439 702 4508; x_wconf 80' lang='grc' dir='ltr'>ὁμοίων</span> <span class='ocrx_word' id='word_1_576' title='bbox 744 4437 952 4503; x_wconf 85' lang='grc' dir='ltr'>τούτοις</span> <span class='ocrx_word' id='word_1_577' title='bbox 993 4441 1052 4492; x_wconf 84' lang='grc' dir='ltr'>ἐν</span> <span class='ocrx_word' id='word_1_578' title='bbox 1089 4443 1210 4504; x_wconf 85' lang='grc' dir='ltr'>ταῖς</span> <span class='ocrx_word' id='word_1_579' title='bbox 1249 4441 1418 4506; x_wconf 83' lang='grc' dir='ltr'>θείαις</span> <span class='ocrx_word' id='word_1_580' title='bbox 1463 4443 1707 4515; x_wconf 81' lang='grc' dir='ltr'>Γραφαϊς</span> 
     </span>
    </p>
   </div>
   <div class='ocr_carea' id='block_1_74' title="bbox 1809 3238 3386 3312">
    <p class='ocr_par' dir='ltr' id='par_1_74' title="bbox 1809 3238 3386 3312">
     <span class='ocr_line' id='line_1_74' title="bbox 1809 3238 3386 3312; baseline 0.002 -18"><span class='ocrx_word' id='word_1_581' title='bbox 1809 3241 1937 3294; x_wconf 88' lang='lat' dir='ltr'><strong>tatis</strong></span> <span class='ocrx_word' id='word_1_582' title='bbox 1989 3238 2182 3308; x_wconf 87' lang='lat' dir='ltr'><strong>ipsius,</strong></span> <span class='ocrx_word' id='word_1_583' title='bbox 2217 3239 2362 3308; x_wconf 88' lang='lat' dir='ltr'><strong>quod</strong></span> <span class='ocrx_word' id='word_1_584' title='bbox 2399 3239 2690 3308; x_wconf 85' lang='lat' dir='ltr'><strong>unicuique</strong></span> <span class='ocrx_word' id='word_1_585' title='bbox 2732 3254 2920 3294; x_wconf 90' lang='lat' dir='ltr'><strong>eorum</strong></span> <span class='ocrx_word' id='word_1_586' title='bbox 2965 3242 3057 3310; x_wconf 91' lang='lat' dir='ltr'><strong>qui</strong></span> <span class='ocrx_word' id='word_1_587' title='bbox 3086 3241 3234 3312; x_wconf 79' lang='lat' dir='ltr'><strong>digni</strong></span> <span class='ocrx_word' id='word_1_588' title='bbox 3263 3242 3386 3297; x_wconf 77' lang='lat' dir='ltr'><strong>laeti</strong></span> 
     </span>
    </p>
   </div>
   <div class='ocr_carea' id='block_1_75' title="bbox 1809 3329 3391 3406">
    <p class='ocr_par' dir='ltr' id='par_1_75' title="bbox 1809 3329 3391 3406">
     <span class='ocr_line' id='line_1_75' title="bbox 1809 3329 3391 3406; baseline 0.003 -22"><span class='ocrx_word' id='word_1_589' title='bbox 1809 3331 2046 3393; x_wconf 77' lang='lat' dir='ltr'><strong>fuerant,</strong></span> <span class='ocrx_word' id='word_1_590' title='bbox 2065 3332 2345 3401; x_wconf 85' lang='lat' dir='ltr'><strong>impertiit.</strong></span> <span class='ocrx_word' id='word_1_591' title='bbox 2378 3331 2451 3384; x_wconf 88' lang='lat' dir='ltr'><strong>Ita</strong></span> <span class='ocrx_word' id='word_1_592' title='bbox 2471 3329 2649 3386; x_wconf 87' lang='lat' dir='ltr'><strong>Patris</strong></span> <span class='ocrx_word' id='word_1_593' title='bbox 2671 3341 2924 3400; x_wconf 87' lang='lat' dir='ltr'><strong>aspectus</strong></span> <span class='ocrx_word' id='word_1_594' title='bbox 2949 3334 3242 3404; x_wconf 89' lang='lat' dir='ltr'><strong>unicuique</strong></span> <span class='ocrx_word' id='word_1_595' title='bbox 3267 3351 3391 3406; x_wconf 77' lang='lat' dir='ltr'><strong>pcr-</strong></span> 
     </span>
    </p>
   </div>
   <div class='ocr_carea' id='block_1_76' title="bbox 1809 3425 3390 3498">
    <p class='ocr_par' dir='ltr' id='par_1_76' title="bbox 1809 3425 3390 3498">
     <span class='ocr_line' id='line_1_76' title="bbox 1809 3425 3390 3498; baseline 0.003 -22"><span class='ocrx_word' id='word_1_596' title='bbox 1809 3425 2011 3478; x_wconf 89' lang='lat' dir='ltr'><strong>missns</strong></span> <span class='ocrx_word' id='word_1_597' title='bbox 2037 3433 2140 3485; x_wconf 88' lang='lat' dir='ltr'><strong>est,</strong></span> <span class='ocrx_word' id='word_1_598' title='bbox 2173 3434 2436 3492; x_wconf 89' lang='lat' dir='ltr'><strong>quantum</strong></span> <span class='ocrx_word' id='word_1_599' title='bbox 2493 3437 2680 3478; x_wconf 86' lang='lat' dir='ltr'><strong>vocem</strong></span> <span class='ocrx_word' id='word_1_600' title='bbox 2713 3425 2858 3479; x_wconf 88' lang='lat' dir='ltr'><strong>illius</strong></span> <span class='ocrx_word' id='word_1_601' title='bbox 2895 3425 3084 3480; x_wconf 90' lang='lat' dir='ltr'><strong>audire</strong></span> <span class='ocrx_word' id='word_1_602' title='bbox 3130 3441 3194 3480; x_wconf 90' lang='lat' dir='ltr'><strong>ac</strong></span> <span class='ocrx_word' id='word_1_603' title='bbox 3225 3437 3390 3498; x_wconf 80' lang='lat' dir='ltr'><strong>prout</strong></span> 
     </span>
    </p>
   </div>
   <div class='ocr_carea' id='block_1_77' title="bbox 1811 3514 3382 3588">
    <p class='ocr_par' dir='ltr' id='par_1_77' title="bbox 1811 3514 3382 3588">
     <span class='ocr_line' id='line_1_77' title="bbox 1811 3514 3382 3588; baseline 0.003 -21"><span class='ocrx_word' id='word_1_604' title='bbox 1811 3529 2008 3585; x_wconf 86' lang='lat' dir='ltr'><strong>capere</strong></span> <span class='ocrx_word' id='word_1_605' title='bbox 2048 3523 2302 3585; x_wconf 86' lang='lat' dir='ltr'><strong>poterat;</strong></span> <span class='ocrx_word' id='word_1_606' title='bbox 2359 3523 2416 3568; x_wconf 88' lang='lat' dir='ltr'><strong>ut</strong></span> <span class='ocrx_word' id='word_1_607' title='bbox 2466 3529 2589 3570; x_wconf 88' lang='lat' dir='ltr'><strong>cum</strong></span> <span class='ocrx_word' id='word_1_608' title='bbox 2629 3530 2726 3585; x_wconf 91' lang='lat' dir='ltr'><strong>per</strong></span> <span class='ocrx_word' id='word_1_609' title='bbox 2751 3514 2946 3570; x_wconf 87' lang='lat' dir='ltr'><strong>Isaiam</strong></span> <span class='ocrx_word' id='word_1_610' title='bbox 2993 3518 3064 3570; x_wconf 90' lang='lat' dir='ltr'><strong>ita</strong></span> <span class='ocrx_word' id='word_1_611' title='bbox 3101 3517 3382 3588; x_wconf 91' lang='lat' dir='ltr'><strong>loquitur:</strong></span> 
     </span>
    </p>
   </div>
   <div class='ocr_carea' id='block_1_78' title="bbox 1807 3607 3388 3682">
    <p class='ocr_par' dir='ltr' id='par_1_78' title="bbox 1807 3607 3388 3682">
     <span class='ocr_line' id='line_1_78' title="bbox 1807 3607 3388 3682; baseline 0.003 -20"><span class='ocrx_word' id='word_1_612' title='bbox 1807 3611 1944 3662; x_wconf 83' lang='lat' dir='ltr'><strong>Ecce</strong></span> <span class='ocrx_word' id='word_1_613' title='bbox 1994 3607 2250 3676; x_wconf 78' lang='lat' dir='ltr'><strong>intelliget</strong></span> <span class='ocrx_word' id='word_1_614' title='bbox 2307 3623 2435 3676; x_wconf 83' lang='lat' dir='ltr'><strong>puer</strong></span> <span class='ocrx_word' id='word_1_615' title='bbox 2476 3624 2620 3663; x_wconf 84' lang='lat' dir='ltr'><strong>meus</strong></span> <span class='ocrx_word' id='word_1_616' title='bbox 2667 3607 2888 3663; x_wconf 80' lang='lat' dir='ltr'><strong>dilectus</strong></span> <span class='ocrx_word' id='word_1_617' title='bbox 2922 3610 2942 3641; x_wconf 86' lang='grc'>³</span> <span class='ocrx_word' id='word_1_618' title='bbox 2986 3627 3000 3662; x_wconf 95' lang='lat'><strong>:</strong></span> <span class='ocrx_word' id='word_1_619' title='bbox 3043 3626 3162 3682; x_wconf 66' lang='lat' dir='ltr'><strong>quae</strong></span> <span class='ocrx_word' id='word_1_620' title='bbox 3207 3611 3388 3666; x_wconf 81' lang='lat' dir='ltr'><strong>Patris</strong></span> 
     </span>
    </p>
   </div>
   <div class='ocr_carea' id='block_1_79' title="bbox 1807 3699 3389 3774">
    <p class='ocr_par' dir='ltr' id='par_1_79' title="bbox 1807 3699 3389 3774">
     <span class='ocr_line' id='line_1_79' title="bbox 1807 3699 3389 3774; baseline 0.003 -20"><span class='ocrx_word' id='word_1_621' title='bbox 1807 3701 1980 3770; x_wconf 87' lang='lat' dir='ltr'><strong>ipsius</strong></span> <span class='ocrx_word' id='word_1_622' title='bbox 2006 3701 2168 3754; x_wconf 87' lang='lat' dir='ltr'><strong>verba</strong></span> <span class='ocrx_word' id='word_1_623' title='bbox 2204 3707 2351 3756; x_wconf 86' lang='lat' dir='ltr'><strong>sunt.</strong></span> <span class='ocrx_word' id='word_1_624' title='bbox 2380 3699 2470 3754; x_wconf 91' lang='lat' dir='ltr'><strong>Sic</strong></span> <span class='ocrx_word' id='word_1_625' title='bbox 2509 3699 2736 3756; x_wconf 87' lang='lat' dir='ltr'><strong>Daniel:</strong></span> <span class='ocrx_word' id='word_1_626' title='bbox 2777 3701 2896 3755; x_wconf 85' lang='lat' dir='ltr'><strong>Vidi</strong></span> <span class='ocrx_word' id='word_1_627' title='bbox 2947 3701 3235 3774; x_wconf 75' lang='lat' dir='ltr'><strong>Antiquam</strong></span> <span class='ocrx_word' id='word_1_628' title='bbox 3275 3705 3389 3760; x_wconf 77' lang='lat' dir='ltr'><strong>die-</strong></span> 
     </span>
    </p>
   </div>
   <div class='ocr_carea' id='block_1_80' title="bbox 1807 3792 3386 3866">
    <p class='ocr_par' dir='ltr' id='par_1_80' title="bbox 1807 3792 3386 3866">
     <span class='ocr_line' id='line_1_80' title="bbox 1807 3792 3386 3866; baseline 0.004 -20"><span class='ocrx_word' id='word_1_629' title='bbox 1807 3792 2193 3862; x_wconf 66' lang='lat' dir='ltr'><strong>rum‘:quod</strong></span> <span class='ocrx_word' id='word_1_630' title='bbox 2247 3793 2422 3848; x_wconf 89' lang='lat' dir='ltr'><strong>visum</strong></span> <span class='ocrx_word' id='word_1_631' title='bbox 2475 3795 2654 3851; x_wconf 88' lang='lat' dir='ltr'><strong>Patris</strong></span> <span class='ocrx_word' id='word_1_632' title='bbox 2709 3795 2987 3866; x_wconf 88' lang='lat' dir='ltr'><strong>proprium</strong></span> <span class='ocrx_word' id='word_1_633' title='bbox 3061 3795 3180 3851; x_wconf 81' lang='lat' dir='ltr'><strong>fuit.</strong></span> <span class='ocrx_word' id='word_1_634' title='bbox 3241 3797 3386 3863; x_wconf 79' lang='lat' dir='ltr'><strong>Quin</strong></span> 
     </span>
    </p>
   </div>
   <div class='ocr_carea' id='block_1_81' title="bbox 1807 3885 3386 3960">
    <p class='ocr_par' dir='ltr' id='par_1_81' title="bbox 1807 3885 3386 3960">
     <span class='ocr_line' id='line_1_81' title="bbox 1807 3885 3386 3960; baseline 0.003 -20"><span class='ocrx_word' id='word_1_635' title='bbox 1807 3889 1969 3940; x_wconf 89' lang='lat' dir='ltr'><strong>etiam</strong></span> <span class='ocrx_word' id='word_1_636' title='bbox 1999 3885 2142 3954; x_wconf 89' lang='lat' dir='ltr'><strong>apud</strong></span> <span class='ocrx_word' id='word_1_637' title='bbox 2176 3885 2342 3939; x_wconf 89' lang='lat' dir='ltr'><strong>alium</strong></span> <span class='ocrx_word' id='word_1_638' title='bbox 2371 3887 2687 3957; x_wconf 90' lang='lat' dir='ltr'><strong>prophetam</strong></span> <span class='ocrx_word' id='word_1_639' title='bbox 2720 3907 2735 3943; x_wconf 80' lang='grc' dir='ltr'><strong>ι</strong></span> <span class='ocrx_word' id='word_1_640' title='bbox 2768 3887 2900 3958; x_wconf 85' lang='lat' dir='ltr'><strong>Ego,</strong></span> <span class='ocrx_word' id='word_1_641' title='bbox 2937 3889 3136 3960; x_wconf 86' lang='lat' dir='ltr'><strong>inquit,</strong></span> <span class='ocrx_word' id='word_1_642' title='bbox 3162 3891 3386 3945; x_wconf 75' lang='lat' dir='ltr'><strong>visiones</strong></span> 
     </span>
    </p>
   </div>
   <div class='ocr_carea' id='block_1_82' title="bbox 1807 3977 3386 4049">
    <p class='ocr_par' dir='ltr' id='par_1_82' title="bbox 1807 3977 3386 4049">
     <span class='ocr_line' id='line_1_82' title="bbox 1807 3977 3386 4049; baseline 0.005 -20"><span class='ocrx_word' id='word_1_643' title='bbox 1807 3977 2178 4046; x_wconf 73' lang='lat' dir='ltr'><strong>multiplicari,</strong></span> <span class='ocrx_word' id='word_1_644' title='bbox 2206 3989 2254 4031; x_wconf 82' lang='lat' dir='ltr'><strong>et</strong></span> <span class='ocrx_word' id='word_1_645' title='bbox 2277 3979 2332 4032; x_wconf 89' lang='lat' dir='ltr'><strong>in</strong></span> <span class='ocrx_word' id='word_1_646' title='bbox 2367 3979 2610 4034; x_wconf 69' lang='lat' dir='ltr'><strong>manibus</strong></span> <span class='ocrx_word' id='word_1_647' title='bbox 2649 3981 3020 4049; x_wconf 83' lang='lat' dir='ltr'><strong>prophetarum</strong></span> <span class='ocrx_word' id='word_1_648' title='bbox 3054 3983 3386 4038; x_wconf 75' lang='lat' dir='ltr'><strong>assimilatus</strong></span> 
     </span>
    </p>
   </div>
   <div class='ocr_carea' id='block_1_83' title="bbox 1809 4069 3386 4144">
    <p class='ocr_par' dir='ltr' id='par_1_83' title="bbox 1809 4069 3386 4144">
     <span class='ocr_line' id='line_1_83' title="bbox 1809 4069 3386 4144; baseline 0.004 -20"><span class='ocrx_word' id='word_1_649' title='bbox 1809 4083 1926 4124; x_wconf 83' lang='lat' dir='ltr'><strong>sum</strong></span> <span class='ocrx_word' id='word_1_650' title='bbox 1953 4070 1996 4124; x_wconf 75' lang='grc'><strong>³.</strong></span> <span class='ocrx_word' id='word_1_651' title='bbox 2029 4069 2106 4126; x_wconf 87' lang='lat' dir='ltr'><strong>Ea</strong></span> <span class='ocrx_word' id='word_1_652' title='bbox 2156 4086 2257 4124; x_wconf 83' lang='lat' dir='ltr'><strong>vox</strong></span> <span class='ocrx_word' id='word_1_653' title='bbox 2309 4081 2392 4126; x_wconf 89' lang='lat' dir='ltr'><strong>est</strong></span> <span class='ocrx_word' id='word_1_654' title='bbox 2424 4070 2546 4125; x_wconf 88' lang='lat' dir='ltr'><strong>Filii</strong></span> <span class='ocrx_word' id='word_1_655' title='bbox 2583 4075 2823 4143; x_wconf 83' lang='lat' dir='ltr'><strong>propria.</strong></span> <span class='ocrx_word' id='word_1_656' title='bbox 2856 4075 3010 4144; x_wconf 85' lang='lat' dir='ltr'><strong>Apud</strong></span> <span class='ocrx_word' id='word_1_657' title='bbox 3045 4075 3386 4131; x_wconf 86' lang='lat' dir='ltr'><strong>Ezechielem</strong></span> 
     </span>
    </p>
   </div>
   <div class='ocr_carea' id='block_1_84' title="bbox 1809 4159 3388 4234">
    <p class='ocr_par' dir='ltr' id='par_1_84' title="bbox 1809 4159 3388 4234">
     <span class='ocr_line' id='line_1_84' title="bbox 1809 4159 3388 4234; baseline 0.003 -18"><span class='ocrx_word' id='word_1_658' title='bbox 1809 4177 1937 4216; x_wconf 86' lang='lat' dir='ltr'><strong>vero</strong></span> <span class='ocrx_word' id='word_1_659' title='bbox 1972 4175 1986 4213; x_wconf 90' lang='lat'>:</span> <span class='ocrx_word' id='word_1_660' title='bbox 2027 4159 2094 4214; x_wconf 82' lang='lat' dir='ltr'><strong>Et</strong></span> <span class='ocrx_word' id='word_1_661' title='bbox 2113 4165 2398 4230; x_wconf 77' lang='lat' dir='ltr'><strong>assumpsit</strong></span> <span class='ocrx_word' id='word_1_662' title='bbox 2433 4181 2530 4230; x_wconf 89' lang='lat' dir='ltr'><strong>me,</strong></span> <span class='ocrx_word' id='word_1_663' title='bbox 2561 4165 2756 4234; x_wconf 86' lang='lat' dir='ltr'><strong>inquit,</strong></span> <span class='ocrx_word' id='word_1_664' title='bbox 2786 4163 3015 4234; x_wconf 79' lang='lat' dir='ltr'><strong>Spiritus</strong></span> <span class='ocrx_word' id='word_1_665' title='bbox 3048 4167 3162 4230; x_wconf 85' lang='lat' dir='ltr'><strong>Dei,</strong></span> <span class='ocrx_word' id='word_1_666' title='bbox 3208 4177 3258 4220; x_wconf 87' lang='lat' dir='ltr'><strong>et</strong></span> <span class='ocrx_word' id='word_1_667' title='bbox 3285 4167 3388 4232; x_wconf 86' lang='lat' dir='ltr'><strong>eie-</strong></span> 
     </span>
    </p>
   </div>
   <div class='ocr_carea' id='block_1_85' title="bbox 1811 4253 3388 4330">
    <p class='ocr_par' dir='ltr' id='par_1_85' title="bbox 1811 4253 3388 4330">
     <span class='ocr_line' id='line_1_85' title="bbox 1811 4253 3388 4330; baseline 0.006 -25"><span class='ocrx_word' id='word_1_668' title='bbox 1811 4253 1880 4305; x_wconf 84' lang='lat' dir='ltr'><strong>cit</strong></span> <span class='ocrx_word' id='word_1_669' title='bbox 1905 4269 1984 4306; x_wconf 82' lang='lat' dir='ltr'><strong>me</strong></span> <span class='ocrx_word' id='word_1_670' title='bbox 2007 4253 2060 4306; x_wconf 86' lang='lat' dir='ltr'><strong>in</strong></span> <span class='ocrx_word' id='word_1_671' title='bbox 2079 4267 2322 4322; x_wconf 74' lang='lat' dir='ltr'><strong>campum</strong></span> <span class='ocrx_word' id='word_1_672' title='bbox 2347 4255 2368 4285; x_wconf 82' lang='grc'><strong><em>⁶</em></strong></span> <span class='ocrx_word' id='word_1_673' title='bbox 2389 4255 2562 4324; x_wconf 86' lang='lat' dir='ltr'><strong>:quod</strong></span> <span class='ocrx_word' id='word_1_674' title='bbox 2592 4255 2658 4310; x_wconf 91' lang='lat' dir='ltr'><strong>ad</strong></span> <span class='ocrx_word' id='word_1_675' title='bbox 2691 4255 2954 4327; x_wconf 88' lang='lat' dir='ltr'><strong>Spiritum</strong></span> <span class='ocrx_word' id='word_1_676' title='bbox 2986 4265 3235 4314; x_wconf 90' lang='lat' dir='ltr'><strong>sanctum</strong></span> <span class='ocrx_word' id='word_1_677' title='bbox 3269 4276 3388 4330; x_wconf 88' lang='lat' dir='ltr'><strong>per-</strong></span> 
     </span>
    </p>
   </div>
   <div class='ocr_carea' id='block_1_86' title="bbox 1813 4345 3386 4424">
    <p class='ocr_par' dir='ltr' id='par_1_86' title="bbox 1813 4345 3386 4424">
     <span class='ocr_line' id='line_1_86' title="bbox 1813 4345 3386 4424; baseline 0.006 -24"><span class='ocrx_word' id='word_1_678' title='bbox 1813 4347 1966 4401; x_wconf 89' lang='lat' dir='ltr'><strong>tinet.</strong></span> <span class='ocrx_word' id='word_1_679' title='bbox 2001 4345 2282 4415; x_wconf 87' lang='lat' dir='ltr'><strong>Ejusmodi</strong></span> <span class='ocrx_word' id='word_1_680' title='bbox 2317 4348 2420 4402; x_wconf 90' lang='lat' dir='ltr'><strong>alia</strong></span> <span class='ocrx_word' id='word_1_681' title='bbox 2445 4347 2678 4418; x_wconf 82' lang='lat' dir='ltr'><strong>proferri</strong></span> <span class='ocrx_word' id='word_1_682' title='bbox 2708 4351 3106 4420; x_wconf 88' lang='lat' dir='ltr'><strong>quamplurima</strong></span> <span class='ocrx_word' id='word_1_683' title='bbox 3129 4363 3386 4424; x_wconf 86' lang='lat' dir='ltr'><strong>possunt;</strong></span> 
     </span>
    </p>
   </div>
   <div class='ocr_carea' id='block_1_87' title="bbox 1810 4440 3388 4518">
    <p class='ocr_par' dir='ltr' id='par_1_87' title="bbox 1810 4440 3388 4518">
     <span class='ocr_line' id='line_1_87' title="bbox 1810 4440 3388 4518; baseline 0.005 -24"><span class='ocrx_word' id='word_1_684' title='bbox 1810 4453 1840 4494; x_wconf 93' lang='lat' dir='ltr'><strong>e</strong></span> <span class='ocrx_word' id='word_1_685' title='bbox 1864 4440 2063 4509; x_wconf 89' lang='lat' dir='ltr'><strong>quibus</strong></span> <span class='ocrx_word' id='word_1_686' title='bbox 2097 4455 2266 4509; x_wconf 90' lang='lat' dir='ltr'><strong>pauca</strong></span> <span class='ocrx_word' id='word_1_687' title='bbox 2293 4442 2538 4510; x_wconf 63' lang='lat' dir='ltr'><strong>quaedam</strong></span> <span class='ocrx_word' id='word_1_688' title='bbox 2570 4443 2748 4498; x_wconf 82' lang='lat' dir='ltr'><strong>obiter</strong></span> <span class='ocrx_word' id='word_1_689' title='bbox 2778 4445 3183 4515; x_wconf 89' lang='lat' dir='ltr'><strong>proposuimus.</strong></span> <span class='ocrx_word' id='word_1_690' title='bbox 3211 4449 3388 4518; x_wconf 88' lang='lat' dir='ltr'><strong>Atque</strong></span> 
     </span>
    </p>
   </div>
   <div class='ocr_carea' id='block_1_88' title="bbox 140 4521 1708 4603">
    <p class='ocr_par' dir='ltr' id='par_1_88' title="bbox 140 4521 1708 4603">
     <span class='ocr_line' id='line_1_88' title="bbox 140 4521 1708 4603; baseline 0.007 -26"><span class='ocrx_word' id='word_1_691' title='bbox 140 4521 368 4588; x_wconf 80' lang='grc' dir='ltr'>ΙΙαλαιᾶς</span> <span class='ocrx_word' id='word_1_692' title='bbox 409 4544 468 4579; x_wconf 88' lang='grc' dir='ltr'><strong>τε</strong></span> <span class='ocrx_word' id='word_1_693' title='bbox 497 4527 588 4580; x_wconf 73' lang='grc' dir='ltr'>καὶ</span> <span class='ocrx_word' id='word_1_694' title='bbox 615 4529 822 4600; x_wconf 81' lang='grc' dir='ltr'>Καινῆς</span> <span class='ocrx_word' id='word_1_695' title='bbox 855 4530 1131 4602; x_wconf 81' lang='grc' dir='ltr'>Διαθήκης</span> <span class='ocrx_word' id='word_1_696' title='bbox 1161 4533 1566 4603; x_wconf 72' lang='grc' dir='ltr'>ἐμφερομένων.</span> <span class='ocrx_word' id='word_1_697' title='bbox 1599 4537 1708 4589; x_wconf 89' lang='lat' dir='ltr'><strong>Kal</strong></span> 
     </span>
    </p>
   </div>
   <div class='ocr_carea' id='block_1_89' title="bbox 1819 4521 3389 4603">
    <p class='ocr_par' dir='ltr' id='par_1_89' title="bbox 1819 4532 3389 4602">
     <span class='ocr_line' id='line_1_89' title="bbox 1819 4532 3389 4602; baseline 0.006 -17"><span class='ocrx_word' id='word_1_698' title='bbox 1819 4541 1876 4585; x_wconf 86' lang='grc' dir='ltr'><strong>ιιι</strong></span> <span class='ocrx_word' id='word_1_699' title='bbox 1913 4533 2191 4602; x_wconf 86' lang='lat' dir='ltr'><strong>propriam</strong></span> <span class='ocrx_word' id='word_1_700' title='bbox 2237 4532 2494 4590; x_wconf 65' lang='lat' dir='ltr'><strong>Ecclesiae</strong></span> <span class='ocrx_word' id='word_1_701' title='bbox 2529 4535 2756 4591; x_wconf 83' lang='lat' dir='ltr'><strong>formam</strong></span> <span class='ocrx_word' id='word_1_702' title='bbox 2803 4552 2867 4591; x_wconf 91' lang='lat' dir='ltr'><strong>ac</strong></span> <span class='ocrx_word' id='word_1_703' title='bbox 2897 4546 3054 4593; x_wconf 89' lang='lat' dir='ltr'><strong>notas</strong></span> <span class='ocrx_word' id='word_1_704' title='bbox 3079 4541 3389 4595; x_wconf 89' lang='lat' dir='ltr'><strong>ostendere-</strong></span> 
     </span>
    </p>
   </div>
   <div class='ocr_carea' id='block_1_90' title="bbox 139 4615 1704 4694">
    <p class='ocr_par' dir='ltr' id='par_1_90' title="bbox 139 4615 1704 4694">
     <span class='ocr_line' id='line_1_90' title="bbox 139 4615 1704 4694; baseline 0.006 -26"><span class='ocrx_word' id='word_1_705' title='bbox 139 4615 214 4669; x_wconf 79' lang='grc' dir='ltr'>ὅτι</span> <span class='ocrx_word' id='word_1_706' title='bbox 237 4617 398 4681; x_wconf 83' lang='grc' dir='ltr'>αὐτὸς</span> <span class='ocrx_word' id='word_1_707' title='bbox 427 4619 632 4690; x_wconf 80' lang='grc' dir='ltr'>Κύριος</span> <span class='ocrx_word' id='word_1_708' title='bbox 659 4621 858 4674; x_wconf 77' lang='grc' dir='ltr'>ἔπλασε</span> <span class='ocrx_word' id='word_1_709' title='bbox 881 4623 942 4674; x_wconf 76' lang='grc' dir='ltr'><strong>τδ</strong></span> <span class='ocrx_word' id='word_1_710' title='bbox 973 4621 1134 4692; x_wconf 85' lang='grc' dir='ltr'>σῶμα</span> <span class='ocrx_word' id='word_1_711' title='bbox 1159 4623 1237 4694; x_wconf 81' lang='grc' dir='ltr'>τῷ</span> <span class='ocrx_word' id='word_1_712' title='bbox 1274 4624 1466 4694; x_wconf 81' lang='grc' dir='ltr'>Ἀδὰμ,</span> <span class='ocrx_word' id='word_1_713' title='bbox 1493 4625 1584 4678; x_wconf 78' lang='grc' dir='ltr'>καὶ</span> <span class='ocrx_word' id='word_1_714' title='bbox 1604 4626 1704 4680; x_wconf 79' lang='grc' dir='ltr'><strong>ἐν-</strong></span> 
     </span>
    </p>
   </div>
   <div class='ocr_carea' id='block_1_91' title="bbox 136 4699 1706 4790">
    <p class='ocr_par' dir='ltr' id='par_1_91' title="bbox 136 4699 1706 4790">
     <span class='ocr_line' id='line_1_91' title="bbox 136 4699 1706 4790; baseline 0.008 -30"><span class='ocrx_word' id='word_1_715' title='bbox 136 4699 425 4764; x_wconf 62' lang='grc' dir='ltr'>έπνευσεν</span> <span class='ocrx_word' id='word_1_716' title='bbox 449 4711 520 4763; x_wconf 77' lang='grc' dir='ltr'><strong>ἐν</strong></span> <span class='ocrx_word' id='word_1_717' title='bbox 541 4712 699 4778; x_wconf 83' lang='grc' dir='ltr'>αὐτῷ</span> <span class='ocrx_word' id='word_1_718' title='bbox 731 4730 847 4768; x_wconf 69' lang='grc' dir='ltr'><strong>τινο</strong></span> <span class='ocrx_word' id='word_1_719' title='bbox 857 4713 930 4782; x_wconf 77' lang='grc' dir='ltr'><strong>ὴν·</strong></span> <span class='ocrx_word' id='word_1_720' title='bbox 960 4713 1122 4782; x_wconf 81' lang='grc' dir='ltr'>ζωῆς,</span> <span class='ocrx_word' id='word_1_721' title='bbox 1145 4715 1334 4780; x_wconf 85' lang='grc' dir='ltr'>κτίσας</span> <span class='ocrx_word' id='word_1_722' title='bbox 1357 4715 1504 4788; x_wconf 79' lang='grc' dir='ltr'>αὐτῷ</span> <span class='ocrx_word' id='word_1_723' title='bbox 1529 4717 1706 4790; x_wconf 75' lang='grc' dir='ltr'>ψυχὴν</span> 
     </span>
    </p>
   </div>
   <div class='ocr_carea' id='block_1_92' title="bbox 139 4797 1704 4883">
    <p class='ocr_par' dir='ltr' id='par_1_92' title="bbox 139 4797 1704 4883">
     <span class='ocr_line' id='line_1_92' title="bbox 139 4797 1704 4883; baseline 0.009 -32"><span class='ocrx_word' id='word_1_724' title='bbox 139 4797 326 4862; x_wconf 76' lang='grc' dir='ltr'>ζῶσαν.</span> <span class='ocrx_word' id='word_1_725' title='bbox 355 4803 464 4855; x_wconf 77' lang='lat' dir='ltr'><strong>Kal</strong></span> <span class='ocrx_word' id='word_1_726' title='bbox 499 4804 582 4856; x_wconf 76' lang='grc' dir='ltr'>ὅτι</span> <span class='ocrx_word' id='word_1_727' title='bbox 623 4805 785 4868; x_wconf 81' lang='grc' dir='ltr'>αὐτὸς</span> <span class='ocrx_word' id='word_1_728' title='bbox 816 4805 1014 4858; x_wconf 84' lang='grc' dir='ltr'>δέδωκε</span> <span class='ocrx_word' id='word_1_729' title='bbox 1051 4807 1142 4860; x_wconf 86' lang='grc' dir='ltr'>τὸν</span> <span class='ocrx_word' id='word_1_730' title='bbox 1175 4809 1338 4878; x_wconf 79' lang='grc' dir='ltr'>νόμον</span> <span class='ocrx_word' id='word_1_731' title='bbox 1375 4809 1453 4880; x_wconf 82' lang='grc' dir='ltr'><strong>τῷ</strong></span> <span class='ocrx_word' id='word_1_732' title='bbox 1497 4811 1704 4883; x_wconf 82' lang='grc' dir='ltr'>Μωῦσῇ</span> 
     </span>
    </p>
   </div>
   <div class='ocr_carea' id='block_1_93' title="bbox 138 4891 1708 4970">
    <p class='ocr_par' dir='ltr' id='par_1_93' title="bbox 138 4891 1708 4970">
     <span class='ocr_line' id='line_1_93' title="bbox 138 4891 1708 4970; baseline 0.008 -29"><span class='ocrx_word' id='word_1_733' title='bbox 138 4891 164 4940; x_wconf 78' lang='grc' dir='ltr'>ὁ</span> <span class='ocrx_word' id='word_1_734' title='bbox 189 4891 336 4954; x_wconf 81' lang='grc' dir='ltr'>θεὸς,</span> <span class='ocrx_word' id='word_1_735' title='bbox 379 4893 568 4965; x_wconf 82' lang='grc' dir='ltr'>Πατὴρ</span> <span class='ocrx_word' id='word_1_736' title='bbox 589 4896 682 4948; x_wconf 77' lang='grc' dir='ltr'>καὶ</span> <span class='ocrx_word' id='word_1_737' title='bbox 717 4895 845 4959; x_wconf 84' lang='grc' dir='ltr'>Υἱὸς</span> <span class='ocrx_word' id='word_1_738' title='bbox 873 4898 970 4949; x_wconf 73' lang='lat' dir='ltr'><strong>ml</strong></span> <span class='ocrx_word' id='word_1_739' title='bbox 994 4897 1148 4966; x_wconf 77' lang='grc' dir='ltr'>ἅγιον</span> <span class='ocrx_word' id='word_1_740' title='bbox 1178 4897 1422 4969; x_wconf 83' lang='grc' dir='ltr'>Πνεῦμα,</span> <span class='ocrx_word' id='word_1_741' title='bbox 1455 4899 1552 4970; x_wconf 88' lang='grc' dir='ltr'><strong>μία</strong></span> <span class='ocrx_word' id='word_1_742' title='bbox 1591 4899 1708 4954; x_wconf 85' lang='grc' dir='ltr'>θεό-</span> 
     </span>
    </p>
   </div>
   <div class='ocr_carea' id='block_1_94' title="bbox 137 4985 1708 5064">
    <p class='ocr_par' dir='ltr' id='par_1_94' title="bbox 137 4985 1708 5064">
     <span class='ocr_line' id='line_1_94' title="bbox 137 4985 1708 5064; baseline 0.006 -27"><span class='ocrx_word' id='word_1_743' title='bbox 137 4997 246 5051; x_wconf 77' lang='grc' dir='ltr'>της.</span> <span class='ocrx_word' id='word_1_744' title='bbox 275 4985 380 5038; x_wconf 84' lang='grc' dir='ltr'><strong>Καὶ</strong></span> <span class='ocrx_word' id='word_1_745' title='bbox 418 4985 500 5038; x_wconf 75' lang='grc' dir='ltr'>ὅτι</span> <span class='ocrx_word' id='word_1_746' title='bbox 549 4987 598 5039; x_wconf 81' lang='grc' dir='ltr'>οἱ</span> <span class='ocrx_word' id='word_1_747' title='bbox 633 4988 910 5059; x_wconf 72' lang='grc' dir='ltr'>προφῆται</span> <span class='ocrx_word' id='word_1_748' title='bbox 957 4989 1061 5042; x_wconf 77' lang='grc' dir='ltr'><strong>ὑπὸ</strong></span> <span class='ocrx_word' id='word_1_749' title='bbox 1101 4989 1202 5060; x_wconf 80' lang='grc' dir='ltr'>τῆς</span> <span class='ocrx_word' id='word_1_750' title='bbox 1255 4991 1423 5060; x_wconf 79' lang='grc' dir='ltr'>αὐτῆς</span> <span class='ocrx_word' id='word_1_751' title='bbox 1453 4991 1708 5064; x_wconf 84' lang='grc' dir='ltr'>Θεότητος</span> 
     </span>
    </p>
   </div>
   <div class='ocr_carea' id='block_1_95' title="bbox 139 5075 1708 5154">
    <p class='ocr_par' dir='ltr' id='par_1_95' title="bbox 139 5075 1708 5154">
     <span class='ocr_line' id='line_1_95' title="bbox 139 5075 1708 5154; baseline 0.007 -27"><span class='ocrx_word' id='word_1_752' title='bbox 139 5075 533 5148; x_wconf 79' lang='grc' dir='ltr'>ἀπεστάλησαν.</span> <span class='ocrx_word' id='word_1_753' title='bbox 563 5080 672 5133; x_wconf 75' lang='grc' dir='ltr'><strong>Καὶ</strong></span> <span class='ocrx_word' id='word_1_754' title='bbox 694 5081 776 5133; x_wconf 81' lang='grc' dir='ltr'>ὃτι</span> <span class='ocrx_word' id='word_1_755' title='bbox 801 5082 964 5144; x_wconf 77' lang='grc' dir='ltr'>αὐτὸς</span> <span class='ocrx_word' id='word_1_756' title='bbox 988 5084 1118 5154; x_wconf 84' lang='grc' dir='ltr'>ἡμῖν</span> <span class='ocrx_word' id='word_1_757' title='bbox 1151 5085 1180 5134; x_wconf 75' lang='grc' dir='ltr'>ὁ</span> <span class='ocrx_word' id='word_1_758' title='bbox 1207 5083 1358 5147; x_wconf 85' lang='grc' dir='ltr'>Θεὸς,</span> <span class='ocrx_word' id='word_1_759' title='bbox 1384 5085 1412 5136; x_wconf 84' lang='grc' dir='ltr'><strong>ὁ</strong></span> <span class='ocrx_word' id='word_1_760' title='bbox 1441 5084 1708 5139; x_wconf 80' lang='grc' dir='ltr'>Ἰουδαίων</span> 
     </span>
    </p>
   </div>
   <div class='ocr_carea' id='block_1_96' title="bbox 137 5169 1708 5242">
    <p class='ocr_par' dir='ltr' id='par_1_96' title="bbox 137 5169 1708 5242">
     <span class='ocr_line' id='line_1_96' title="bbox 137 5169 1708 5242; baseline 0.009 -24"><span class='ocrx_word' id='word_1_761' title='bbox 137 5182 194 5220; x_wconf 79' lang='grc' dir='ltr'><strong>τε</strong></span> <span class='ocrx_word' id='word_1_762' title='bbox 241 5169 332 5222; x_wconf 67' lang='grc' dir='ltr'>καὶ</span> <span class='ocrx_word' id='word_1_763' title='bbox 379 5171 716 5241; x_wconf 81' lang='grc' dir='ltr'>Χριστιανῶν</span> <span class='ocrx_word' id='word_1_764' title='bbox 747 5171 824 5226; x_wconf 79' lang='grc' dir='ltr'><strong>ὢν</strong></span> <span class='ocrx_word' id='word_1_765' title='bbox 870 5173 1022 5238; x_wconf 83' lang='grc' dir='ltr'>Θεὸς,</span> <span class='ocrx_word' id='word_1_766' title='bbox 1041 5175 1328 5240; x_wconf 84' lang='grc' dir='ltr'>Ἰουδαίους</span> <span class='ocrx_word' id='word_1_767' title='bbox 1370 5193 1430 5229; x_wconf 88' lang='grc' dir='ltr'><strong>τε</strong></span> <span class='ocrx_word' id='word_1_768' title='bbox 1473 5177 1708 5242; x_wconf 81' lang='grc' dir='ltr'>καλέσας</span> 
     </span>
    </p>
   </div>
   <div class='ocr_carea' id='block_1_97' title="bbox 139 5260 1706 5343">
    <p class='ocr_par' dir='ltr' id='par_1_97' title="bbox 139 5260 1706 5343">
     <span class='ocr_line' id='line_1_97' title="bbox 139 5260 1706 5343; baseline 0.009 -33"><span class='ocrx_word' id='word_1_769' title='bbox 139 5260 212 5322; x_wconf 84' lang='grc' dir='ltr'>εἰς</span> <span class='ocrx_word' id='word_1_770' title='bbox 235 5260 580 5332; x_wconf 78' lang='grc' dir='ltr'>δικαιοσύνην</span> <span class='ocrx_word' id='word_1_771' title='bbox 605 5265 731 5327; x_wconf 83' lang='grc' dir='ltr'>τοὺς</span> <span class='ocrx_word' id='word_1_772' title='bbox 760 5265 834 5336; x_wconf 82' lang='grc' dir='ltr'>μὴ</span> <span class='ocrx_word' id='word_1_773' title='bbox 861 5267 1234 5338; x_wconf 81' lang='grc' dir='ltr'>ἀρνουμένους</span> <span class='ocrx_word' id='word_1_774' title='bbox 1261 5269 1359 5338; x_wconf 82' lang='grc' dir='ltr'>τὴν</span> <span class='ocrx_word' id='word_1_775' title='bbox 1382 5270 1476 5322; x_wconf 85' lang='grc' dir='ltr'><strong>τοῦ</strong></span> <span class='ocrx_word' id='word_1_776' title='bbox 1497 5271 1706 5343; x_wconf 82' lang='grc' dir='ltr'>Κυρίου</span> 
     </span>
    </p>
   </div>
   <div class='ocr_carea' id='block_1_98' title="bbox 139 5349 1708 5430">
    <p class='ocr_par' dir='ltr' id='par_1_98' title="bbox 139 5349 1708 5430">
     <span class='ocr_line' id='line_1_98' title="bbox 139 5349 1708 5430; baseline 0.008 -26"><span class='ocrx_word' id='word_1_777' title='bbox 139 5349 288 5422; x_wconf 72' lang='grc' dir='ltr'>ἡμῶν</span> <span class='ocrx_word' id='word_1_778' title='bbox 331 5353 504 5426; x_wconf 78' lang='grc' dir='ltr'>Ἰησοῦ</span> <span class='ocrx_word' id='word_1_779' title='bbox 532 5354 766 5428; x_wconf 79' lang='grc' dir='ltr'>Χριστοῦ</span> <span class='ocrx_word' id='word_1_780' title='bbox 796 5359 1116 5430; x_wconf 86' lang='grc' dir='ltr'>παρουσίαν.</span> <span class='ocrx_word' id='word_1_781' title='bbox 1146 5361 1255 5414; x_wconf 89' lang='lat' dir='ltr'><strong>Kal</strong></span> <span class='ocrx_word' id='word_1_782' title='bbox 1279 5363 1486 5425; x_wconf 79' lang='grc' dir='ltr'>πάντας</span> <span class='ocrx_word' id='word_1_783' title='bbox 1516 5361 1708 5428; x_wconf 79' lang='grc' dir='ltr'>σώζων</span> 
     </span>
    </p>
   </div>
   <div class='ocr_carea' id='block_1_99' title="bbox 202 5509 679 5584">
    <p class='ocr_par' dir='ltr' id='par_1_99' title="bbox 202 5509 679 5584">
     <span class='ocr_line' id='line_1_99' title="bbox 202 5509 679 5584; baseline 0.008 -20"><span class='ocrx_word' id='word_1_784' title='bbox 202 5509 224 5584; x_wconf 60' lang='grc' dir='ltr'><strong>ξ</strong></span> <span class='ocrx_word' id='word_1_785' title='bbox 249 5527 334 5584; x_wconf 46' lang='grc' dir='ltr'><strong>πρ,</strong></span> <span class='ocrx_word' id='word_1_786' title='bbox 363 5513 679 5584; x_wconf 79' lang='grc' dir='ltr'>κεκτῆσθαι.</span> 
     </span>
    </p>
   </div>
   <div class='ocr_carea' id='block_1_100' title="bbox 140 5574 1180 5652">
    <p class='ocr_par' dir='ltr' id='par_1_100' title="bbox 140 5574 1180 5652">
     <span class='ocr_line' id='line_1_100' title="bbox 140 5574 1180 5652; baseline 0.009 -19"><span class='ocrx_word' id='word_1_787' title='bbox 140 5574 162 5607; x_wconf 87' lang='grc'><strong>⁹</strong></span> <span class='ocrx_word' id='word_1_788' title='bbox 187 5574 374 5636; x_wconf 67' lang='lat' dir='ltr'><strong>Eiéch.</strong></span> <span class='ocrx_word' id='word_1_789' title='bbox 409 5599 490 5648; x_wconf 90' lang='grc' dir='ltr'>ιιι,</span> <span class='ocrx_word' id='word_1_790' title='bbox 519 5574 611 5648; x_wconf 61' lang='lat'><strong>&#39;12,</strong></span> <span class='ocrx_word' id='word_1_791' title='bbox 646 5585 736 5639; x_wconf 73' lang='lat'><strong>2‘2.</strong></span> <span class='ocrx_word' id='word_1_792' title='bbox 807 5574 1180 5652; x_wconf 51' lang='lat' dir='ltr'><strong>&#39;7&#39;Ge&#39;n.&#39;n,&#39;7.</strong></span> 
     </span>
    </p>
   </div>
   <div class='ocr_carea' id='block_1_101' title="bbox 759 5513 1824 5592">
    <p class='ocr_par' dir='ltr' id='par_1_101' title="bbox 759 5513 1824 5592">
     <span class='ocr_line' id='line_1_101' title="bbox 759 5513 1824 5592; baseline 0.007 -22"><span class='ocrx_word' id='word_1_793' title='bbox 759 5513 778 5532; x_wconf 85' lang='grc'><strong>⁸</strong></span> <span class='ocrx_word' id='word_1_794' title='bbox 801 5532 900 5592; x_wconf 48' lang='grc' dir='ltr'><strong>γρἐ</strong></span> <span class='ocrx_word' id='word_1_795' title='bbox 925 5516 1174 5592; x_wconf 67' lang='grc' dir='ltr'>χάρισμα</span> <span class='ocrx_word' id='word_1_796' title='bbox 1210 5519 1378 5573; x_wconf 81' lang='grc' dir='ltr'>αὑτοῦ</span> <span class='ocrx_word' id='word_1_797' title='bbox 1418 5521 1508 5576; x_wconf 84' lang='grc' dir='ltr'>διὰ</span> <span class='ocrx_word' id='word_1_798' title='bbox 1545 5521 1646 5592; x_wconf 82' lang='grc' dir='ltr'>τῆς</span> <span class='ocrx_word' id='word_1_799' title='bbox 1681 5521 1824 5577; x_wconf 86' lang='grc' dir='ltr'>θεότ.</span> 
     </span>
    </p>
   </div>
   <div class='ocr_carea' id='block_1_102' title="bbox 1807 4627 3386 4688">
    <p class='ocr_par' dir='ltr' id='par_1_102' title="bbox 1807 4627 3386 4688">
     <span class='ocr_line' id='line_1_102' title="bbox 1807 4627 3386 4688; baseline 0.004 -8"><span class='ocrx_word' id='word_1_800' title='bbox 1807 4643 1951 4688; x_wconf 87' lang='lat' dir='ltr'><strong>mus,</strong></span> <span class='ocrx_word' id='word_1_801' title='bbox 1987 4629 2098 4682; x_wconf 91' lang='lat' dir='ltr'><strong>duo</strong></span> <span class='ocrx_word' id='word_1_802' title='bbox 2124 4627 2292 4681; x_wconf 84' lang='lat' dir='ltr'><strong>triave</strong></span> <span class='ocrx_word' id='word_1_803' title='bbox 2319 4629 2482 4682; x_wconf 86' lang='lat' dir='ltr'><strong>verba</strong></span> <span class='ocrx_word' id='word_1_804' title='bbox 2511 4629 2566 4684; x_wconf 92' lang='lat' dir='ltr'><strong>in</strong></span> <span class='ocrx_word' id='word_1_805' title='bbox 2597 4630 2832 4684; x_wconf 89' lang='lat' dir='ltr'><strong>medium</strong></span> <span class='ocrx_word' id='word_1_806' title='bbox 2849 4631 3130 4686; x_wconf 89' lang='lat' dir='ltr'><strong>attulimus</strong></span> <span class='ocrx_word' id='word_1_807' title='bbox 3161 4647 3228 4686; x_wconf 76' lang='lat' dir='ltr'><strong>ex</strong></span> <span class='ocrx_word' id='word_1_808' title='bbox 3259 4632 3386 4686; x_wconf 87' lang='lat' dir='ltr'><strong>inli—</strong></span> 
     </span>
    </p>
   </div>
   <div class='ocr_carea' id='block_1_103' title="bbox 1808 4721 3383 4794">
    <p class='ocr_par' dir='ltr' id='par_1_103' title="bbox 1808 4721 3383 4794">
     <span class='ocr_line' id='line_1_103' title="bbox 1808 4721 3383 4794; baseline 0.003 -19"><span class='ocrx_word' id='word_1_809' title='bbox 1808 4721 1940 4776; x_wconf 88' lang='lat' dir='ltr'><strong>nitis</strong></span> <span class='ocrx_word' id='word_1_810' title='bbox 1964 4721 2119 4784; x_wconf 85' lang='lat' dir='ltr'><strong>locis,</strong></span> <span class='ocrx_word' id='word_1_811' title='bbox 2148 4737 2269 4793; x_wconf 73' lang='lat' dir='ltr'><strong>quaa</strong></span> <span class='ocrx_word' id='word_1_812' title='bbox 2307 4721 2522 4777; x_wconf 89' lang='lat' dir='ltr'><strong>illorum</strong></span> <span class='ocrx_word' id='word_1_813' title='bbox 2553 4723 2746 4779; x_wconf 88' lang='lat' dir='ltr'><strong>similia</strong></span> <span class='ocrx_word' id='word_1_814' title='bbox 2771 4723 2824 4778; x_wconf 91' lang='lat' dir='ltr'><strong>in</strong></span> <span class='ocrx_word' id='word_1_815' title='bbox 2857 4723 3155 4794; x_wconf 85' lang='lat' dir='ltr'><strong>Scripturis</strong></span> <span class='ocrx_word' id='word_1_816' title='bbox 3182 4741 3244 4782; x_wconf 91' lang='lat' dir='ltr'><strong>ac</strong></span> <span class='ocrx_word' id='word_1_817' title='bbox 3274 4735 3383 4780; x_wconf 88' lang='lat' dir='ltr'><strong>tam</strong></span> 
     </span>
    </p>
   </div>
   <div class='ocr_carea' id='block_1_104' title="bbox 1810 4811 3386 4890">
    <p class='ocr_par' dir='ltr' id='par_1_104' title="bbox 1810 4811 3386 4890">
     <span class='ocr_line' id='line_1_104' title="bbox 1810 4811 3386 4890; baseline 0.005 -24"><span class='ocrx_word' id='word_1_818' title='bbox 1810 4811 2002 4870; x_wconf 76' lang='lat' dir='ltr'><strong>Vetere</strong></span> <span class='ocrx_word' id='word_1_819' title='bbox 2023 4831 2184 4884; x_wconf 89' lang='lat' dir='ltr'><strong>quam</strong></span> <span class='ocrx_word' id='word_1_820' title='bbox 2218 4815 2371 4870; x_wconf 87' lang='lat' dir='ltr'><strong>Novo</strong></span> <span class='ocrx_word' id='word_1_821' title='bbox 2397 4815 2748 4872; x_wconf 86' lang='lat' dir='ltr'><strong>Testamento</strong></span> <span class='ocrx_word' id='word_1_822' title='bbox 2787 4817 3061 4890; x_wconf 76' lang='lat' dir='ltr'><strong>leguntur.</strong></span> <span class='ocrx_word' id='word_1_823' title='bbox 3087 4817 3220 4874; x_wconf 85' lang='lat' dir='ltr'><strong>Illud</strong></span> <span class='ocrx_word' id='word_1_824' title='bbox 3255 4835 3386 4876; x_wconf 91' lang='lat' dir='ltr'><strong>vero</strong></span> 
     </span>
    </p>
   </div>
   <div class='ocr_carea' id='block_1_105' title="bbox 1809 4907 3387 4982">
    <p class='ocr_par' dir='ltr' id='par_1_105' title="bbox 1809 4907 3387 4982">
     <span class='ocr_line' id='line_1_105' title="bbox 1809 4907 3387 4982; baseline 0.005 -21"><span class='ocrx_word' id='word_1_825' title='bbox 1809 4907 2033 4977; x_wconf 87' lang='lat' dir='ltr'><strong>insuper</strong></span> <span class='ocrx_word' id='word_1_826' title='bbox 2059 4907 2298 4964; x_wconf 85' lang='lat' dir='ltr'><strong>Ecclesia</strong></span> <span class='ocrx_word' id='word_1_827' title='bbox 2332 4909 2939 4978; x_wconf 85' lang='lat' dir='ltr'><strong>prolitetur,Dominum</strong></span> <span class='ocrx_word' id='word_1_828' title='bbox 2973 4911 3151 4981; x_wconf 88' lang='lat' dir='ltr'><strong>ipsum</strong></span> <span class='ocrx_word' id='word_1_829' title='bbox 3183 4927 3387 4982; x_wconf 87' lang='lat' dir='ltr'><strong>corpus</strong></span> 
     </span>
    </p>
   </div>
   <div class='ocr_carea' id='block_1_106' title="bbox 1810 5001 3381 5072">
    <p class='ocr_par' dir='ltr' id='par_1_106' title="bbox 1810 5001 3381 5072">
     <span class='ocr_line' id='line_1_106' title="bbox 1810 5001 3381 5072; baseline 0.003 -18"><span class='ocrx_word' id='word_1_830' title='bbox 1810 5003 2018 5056; x_wconf 81' lang='lat' dir='ltr'><strong>Adamn</strong></span> <span class='ocrx_word' id='word_1_831' title='bbox 2044 5001 2362 5067; x_wconf 79' lang='lat' dir='ltr'><strong>fabricasse,</strong></span> <span class='ocrx_word' id='word_1_832' title='bbox 2399 5013 2452 5057; x_wconf 90' lang='lat' dir='ltr'><strong>et</strong></span> <span class='ocrx_word' id='word_1_833' title='bbox 2475 5003 2764 5072; x_wconf 74' lang='lat' dir='ltr'><strong>inspirasse</strong></span> <span class='ocrx_word' id='word_1_834' title='bbox 2793 5004 2874 5056; x_wconf 82' lang='lat' dir='ltr'><strong>illi</strong></span> <span class='ocrx_word' id='word_1_835' title='bbox 2903 5005 3150 5070; x_wconf 79' lang='lat' dir='ltr'><strong>spiritum</strong></span> <span class='ocrx_word' id='word_1_836' title='bbox 3187 5005 3305 5059; x_wconf 66' lang='lat' dir='ltr'><strong>vita</strong></span> <span class='ocrx_word' id='word_1_837' title='bbox 3335 5007 3381 5068; x_wconf 80' lang='grc' dir='ltr'>τ,</span> 
     </span>
    </p>
   </div>
   <div class='ocr_carea' id='block_1_107' title="bbox 1810 5093 3386 5168">
    <p class='ocr_par' dir='ltr' id='par_1_107' title="bbox 1810 5093 3386 5168">
     <span class='ocr_line' id='line_1_107' title="bbox 1810 5093 3386 5168; baseline 0.002 -21"><span class='ocrx_word' id='word_1_838' title='bbox 1810 5107 1934 5147; x_wconf 91' lang='lat' dir='ltr'><strong>cum</strong></span> <span class='ocrx_word' id='word_1_839' title='bbox 1987 5093 2256 5148; x_wconf 81' lang='lat' dir='ltr'><strong>viventem</strong></span> <span class='ocrx_word' id='word_1_840' title='bbox 2292 5095 2340 5148; x_wconf 91' lang='lat' dir='ltr'><strong>ei</strong></span> <span class='ocrx_word' id='word_1_841' title='bbox 2373 5103 2684 5164; x_wconf 85' lang='lat' dir='ltr'><strong>procrearet</strong></span> <span class='ocrx_word' id='word_1_842' title='bbox 2719 5096 2974 5148; x_wconf 85' lang='lat' dir='ltr'><strong>animam.</strong></span> <span class='ocrx_word' id='word_1_843' title='bbox 3027 5094 3164 5148; x_wconf 86' lang='lat' dir='ltr'><strong>Tum</strong></span> <span class='ocrx_word' id='word_1_844' title='bbox 3213 5095 3386 5168; x_wconf 78' lang='lat' dir='ltr'><strong>Moysi</strong></span> 
     </span>
    </p>
   </div>
   <div class='ocr_carea' id='block_1_108' title="bbox 1813 5185 3387 5256">
    <p class='ocr_par' dir='ltr' id='par_1_108' title="bbox 1813 5185 3387 5256">
     <span class='ocr_line' id='line_1_108' title="bbox 1813 5185 3387 5256; baseline 0.003 -18"><span class='ocrx_word' id='word_1_845' title='bbox 1813 5187 1980 5255; x_wconf 82' lang='lat' dir='ltr'><strong>legem</strong></span> <span class='ocrx_word' id='word_1_846' title='bbox 2021 5185 2316 5242; x_wconf 87' lang='lat' dir='ltr'><strong>tradidisse</strong></span> <span class='ocrx_word' id='word_1_847' title='bbox 2345 5185 2512 5241; x_wconf 90' lang='lat' dir='ltr'><strong>Deum</strong></span> <span class='ocrx_word' id='word_1_848' title='bbox 2543 5189 2720 5256; x_wconf 91' lang='lat' dir='ltr'><strong>ipsum</strong></span> <span class='ocrx_word' id='word_1_849' title='bbox 2755 5185 2988 5250; x_wconf 89' lang='lat' dir='ltr'><strong>Patrem,</strong></span> <span class='ocrx_word' id='word_1_850' title='bbox 3035 5198 3089 5242; x_wconf 90' lang='lat' dir='ltr'><strong>et</strong></span> <span class='ocrx_word' id='word_1_851' title='bbox 3115 5187 3308 5242; x_wconf 83' lang='lat' dir='ltr'><strong>Filium</strong></span> <span class='ocrx_word' id='word_1_852' title='bbox 3332 5199 3387 5244; x_wconf 85' lang='lat' dir='ltr'><strong>et</strong></span> 
     </span>
    </p>
   </div>
   <div class='ocr_carea' id='block_1_109' title="bbox 1812 5273 3388 5348">
    <p class='ocr_par' dir='ltr' id='par_1_109' title="bbox 1812 5273 3388 5348">
     <span class='ocr_line' id='line_1_109' title="bbox 1812 5273 3388 5348; baseline 0.004 -20"><span class='ocrx_word' id='word_1_853' title='bbox 1812 5273 2076 5346; x_wconf 90' lang='lat' dir='ltr'><strong>Spiritum</strong></span> <span class='ocrx_word' id='word_1_854' title='bbox 2105 5285 2372 5342; x_wconf 88' lang='lat' dir='ltr'><strong>sanctum,</strong></span> <span class='ocrx_word' id='word_1_855' title='bbox 2392 5293 2512 5348; x_wconf 66' lang='lat' dir='ltr'><strong>quae</strong></span> <span class='ocrx_word' id='word_1_856' title='bbox 2533 5287 2616 5334; x_wconf 86' lang='lat' dir='ltr'><strong>est</strong></span> <span class='ocrx_word' id='word_1_857' title='bbox 2643 5293 2749 5332; x_wconf 91' lang='lat' dir='ltr'><strong>una</strong></span> <span class='ocrx_word' id='word_1_858' title='bbox 2779 5279 3057 5334; x_wconf 86' lang='lat' dir='ltr'><strong>divinitas.</strong></span> <span class='ocrx_word' id='word_1_859' title='bbox 3096 5279 3298 5334; x_wconf 82' lang='lat' dir='ltr'><strong>Deinde</strong></span> <span class='ocrx_word' id='word_1_860' title='bbox 3316 5283 3388 5336; x_wconf 88' lang='lat' dir='ltr'><strong>ah</strong></span> 
     </span>
    </p>
   </div>
   <div class='ocr_carea' id='block_1_110' title="bbox 1809 5367 3388 5440">
    <p class='ocr_par' dir='ltr' id='par_1_110' title="bbox 1809 5367 3388 5440">
     <span class='ocr_line' id='line_1_110' title="bbox 1809 5367 3388 5440; baseline 0.002 -18"><span class='ocrx_word' id='word_1_861' title='bbox 1809 5367 1998 5422; x_wconf 86' lang='lat' dir='ltr'><strong>eadem</strong></span> <span class='ocrx_word' id='word_1_862' title='bbox 2049 5367 2334 5424; x_wconf 79' lang='lat' dir='ltr'><strong>divinitate</strong></span> <span class='ocrx_word' id='word_1_863' title='bbox 2393 5369 2686 5440; x_wconf 88' lang='lat' dir='ltr'><strong>prophetas</strong></span> <span class='ocrx_word' id='word_1_864' title='bbox 2733 5387 2856 5427; x_wconf 91' lang='lat' dir='ltr'><strong>esse</strong></span> <span class='ocrx_word' id='word_1_865' title='bbox 2895 5373 3115 5427; x_wconf 89' lang='lat' dir='ltr'><strong>missos.</strong></span> <span class='ocrx_word' id='word_1_866' title='bbox 3157 5373 3235 5426; x_wconf 82' lang='lat' dir='ltr'><strong>Ad</strong></span> <span class='ocrx_word' id='word_1_867' title='bbox 3274 5375 3388 5428; x_wconf 68' lang='lat' dir='ltr'><strong>hate</strong></span> 
     </span>
    </p>
   </div>
   <div class='ocr_carea' id='block_1_111' title="bbox 1943 5525 3385 5600">
    <p class='ocr_par' dir='ltr' id='par_1_111' title="bbox 1943 5525 3385 5600">
     <span class='ocr_line' id='line_1_111' title="bbox 1943 5525 3385 5600; baseline 0.005 -19"><span class='ocrx_word' id='word_1_868' title='bbox 1943 5527 1965 5557; x_wconf 85' lang='grc'><em>³</em></span> <span class='ocrx_word' id='word_1_869' title='bbox 1991 5525 2094 5582; x_wconf 86' lang='lat' dir='ltr'><strong>lsa.</strong></span> <span class='ocrx_word' id='word_1_870' title='bbox 2123 5544 2218 5594; x_wconf 82' lang='lat' dir='ltr'><strong>LII,</strong></span> <span class='ocrx_word' id='word_1_871' title='bbox 2261 5529 2346 5583; x_wconf 74' lang='grc'><strong>15.</strong></span> <span class='ocrx_word' id='word_1_872' title='bbox 2456 5531 2476 5561; x_wconf 68' lang='grc'>⁸</span> <span class='ocrx_word' id='word_1_873' title='bbox 2507 5529 2642 5586; x_wconf 88' lang='lat' dir='ltr'><strong>Dan.</strong></span> <span class='ocrx_word' id='word_1_874' title='bbox 2671 5549 2770 5599; x_wconf 85' lang='lat' dir='ltr'><strong>vn,</strong></span> <span class='ocrx_word' id='word_1_875' title='bbox 2813 5533 2866 5588; x_wconf 88' lang='lat'><strong>9.</strong></span> <span class='ocrx_word' id='word_1_876' title='bbox 2972 5535 2990 5566; x_wconf 82' lang='lat'><strong>&#39;</strong></span> <span class='ocrx_word' id='word_1_877' title='bbox 3025 5535 3147 5591; x_wconf 90' lang='lat' dir='ltr'><strong>Ose.</strong></span> <span class='ocrx_word' id='word_1_878' title='bbox 3177 5551 3270 5600; x_wconf 73' lang='lat' dir='ltr'><strong>xu,</strong></span> <span class='ocrx_word' id='word_1_879' title='bbox 3299 5535 3385 5588; x_wconf 77' lang='grc'><strong>10.</strong></span> 
     </span>
    </p>
   </div>
   <div class='ocr_carea' id='block_1_112' title="bbox 221 5695 3388 5780">
    <p class='ocr_par' dir='ltr' id='par_1_112' title="bbox 221 5695 3388 5780">
     <span class='ocr_line' id='line_1_112' title="bbox 221 5695 3388 5780; baseline 0.007 -34"><span class='ocrx_word' id='word_1_880' title='bbox 221 5695 308 5752; x_wconf 75' lang='grc'><strong>55)</strong></span> <span class='ocrx_word' id='word_1_881' title='bbox 345 5696 438 5780; x_wconf 68' lang='grc' dir='ltr'>Ἐν</span> <span class='ocrx_word' id='word_1_882' title='bbox 471 5697 718 5780; x_wconf 53' lang='grc' dir='ltr'>κέοιρῖς,</span> <span class='ocrx_word' id='word_1_883' title='bbox 751 5705 856 5780; x_wconf 73' lang='lat' dir='ltr'><strong>etc.</strong></span> <span class='ocrx_word' id='word_1_884' title='bbox 893 5701 958 5780; x_wconf 83' lang='lat' dir='ltr'><strong>in</strong></span> <span class='ocrx_word' id='word_1_885' title='bbox 991 5699 1329 5765; x_wconf 69' lang='lat' dir='ltr'><strong>Expositione</strong></span> <span class='ocrx_word' id='word_1_886' title='bbox 1373 5705 1520 5774; x_wconf 70' lang='lat' dir='ltr'><strong>ﬁdei,</strong></span> <span class='ocrx_word' id='word_1_887' title='bbox 1551 5706 1716 5761; x_wconf 87' lang='lat' dir='ltr'><strong>citato</strong></span> <span class='ocrx_word' id='word_1_888' title='bbox 1749 5721 1900 5762; x_wconf 91' lang='lat' dir='ltr'><strong>num.</strong></span> <span class='ocrx_word' id='word_1_889' title='bbox 1943 5705 2025 5774; x_wconf 78' lang='lat' dir='ltr'><strong>l5,</strong></span> <span class='ocrx_word' id='word_1_890' title='bbox 2063 5707 2216 5766; x_wconf 89' lang='lat' dir='ltr'><strong>locus</strong></span> <span class='ocrx_word' id='word_1_891' title='bbox 2259 5709 2360 5768; x_wconf 91' lang='lat' dir='ltr'><strong>iste</strong></span> <span class='ocrx_word' id='word_1_892' title='bbox 2387 5709 2572 5768; x_wconf 87' lang='lat' dir='ltr'><strong>Latine</strong></span> <span class='ocrx_word' id='word_1_893' title='bbox 2611 5711 2876 5780; x_wconf 87' lang='lat' dir='ltr'><strong>redditur,</strong></span> <span class='ocrx_word' id='word_1_894' title='bbox 2921 5713 3030 5769; x_wconf 74' lang='lat' dir='ltr'><strong>Alii</strong></span> <span class='ocrx_word' id='word_1_895' title='bbox 3082 5713 3219 5768; x_wconf 76' lang='lat' dir='ltr'><strong>collo</strong></span> <span class='ocrx_word' id='word_1_896' title='bbox 3269 5711 3388 5768; x_wconf 72' lang='lat' dir='ltr'><strong>uia-</strong></span> 
     </span>
    </p>
   </div>
   <div class='ocr_carea' id='block_1_113' title="bbox 137 5767 1231 5841">
    <p class='ocr_par' dir='ltr' id='par_1_113' title="bbox 137 5767 1231 5841">
     <span class='ocr_line' id='line_1_113' title="bbox 137 5767 1231 5841; baseline 0.008 -24"><span class='ocrx_word' id='word_1_897' title='bbox 137 5767 248 5818; x_wconf 77' lang='lat' dir='ltr'><strong>cala</strong></span> <span class='ocrx_word' id='word_1_898' title='bbox 282 5779 468 5836; x_wconf 73' lang='lat' dir='ltr'><strong>prater</strong></span> <span class='ocrx_word' id='word_1_899' title='bbox 499 5767 750 5825; x_wconf 72' lang='lat' dir='ltr'><strong>Ecclesiae</strong></span> <span class='ocrx_word' id='word_1_900' title='bbox 785 5769 918 5841; x_wconf 71' lang='lat' dir='ltr'><strong>leges</strong></span> <span class='ocrx_word' id='word_1_901' title='bbox 942 5774 1231 5826; x_wconf 72' lang='lat' dir='ltr'><strong>umectum.</strong></span> 
     </span>
    </p>
   </div>
  </div>
