3810 6216
376 262 483 317 ετξ)

1782 253 1843 306 S.
1885 250 2228 306 EPIPHANII

3536 254 3645 310 830

373 374 533 431 nobis
562 373 728 428 Deum
778 388 901 429 esse
939 373 1089 427 illum
1130 373 1222 441 qui
1254 370 1565 427 Iudaeorum
1595 385 1658 424 ac
1688 368 1954 424 Christia-

2080 372 2180 433 γοὺς
2214 371 2353 425 κατὰ
2401 372 2499 443 τὴν
2542 372 2801 444 ἀληθινὴν
2826 372 2992 426 αὑτοῦ
3025 372 3205 425 πίστιν
3244 371 3525 441 βιοῦντας,
3558 380 3653 425 ui.

375 481 569 521 norum
592 473 675 519 est
709 463 883 523 Deus;
919 463 1249 534 quiJudaeos
1277 463 1341 517 ad
1365 463 1635 531 justitiam
1666 476 1761 516 eos
1792 476 1953 515 voca-

374 559 472 622 vit,
513 558 609 626 qui
660 556 1096 611 incarnationem
1145 555 1318 625 ipsam
1362 553 1575 606 Domini
1617 552 1789 606 nostri
1826 550 1955 608 Jesu

373 650 576 705 Christi
608 665 953 720 nequaquam
982 648 1315 718 abnegarent
1349 667 1360 702 :
1393 647 1594 716 quique
1628 659 1817 700 omnes
1845 645 1955 697 sal-

376 749 483 805 vat,
521 742 615 811 qui
642 757 707 795 ex
734 756 874 795 vera:
903 740 1074 809 ipsius
1110 739 1228 793 ﬁdei
1264 739 1585 809 praescripto
1604 737 1769 791 vitam
1799 736 1957 789 insti-

374 841 557 896 tuunt,
617 848 792 903 neque
831 848 970 887 verae
1016 841 1070 887 et
1122 832 1448 902 evangelica}
1494 831 1640 884 illius
1693 829 1957 883 doctrina:

376 924 726 995 praedicatum
783 924 981 992 ubique
1022 922 1219 993 dogma
1264 929 1551 992 respuunt.
1595 919 1753 974 Venit
1785 918 1954 982 enim,

375 1017 524 1070 venit
556 1014 1102 1087 Unigenitus,itaque
1129 1022 1303 1069 mater
1336 1023 1525 1068 nostra
1558 1012 1799 1067 Ecclesia
1834 1026 1958 1079 pro-

374 1110 580 1162 iitetur.
600 1106 729 1173 Qua:
750 1107 1078 1178 tranquillus
1100 1107 1250 1177 pacis
1276 1114 1465 1175 portus
1486 1112 1570 1160 est
1600 1122 1611 1158 :
1638 1112 1691 1159 et
1714 1102 1959 1157 suavitas

2061 462 2135 533 μὴ
2168 464 2535 535 ἀρνουμένους
2578 466 2678 536 τὴν
2728 465 2987 537 ἀλήθειαν
3018 466 3111 518 τοῦ
3146 466 3511 537 κηρύγματος
3558 471 3652 535 τῆς

2057 554 2315 623 ἀληθείας
2360 557 2455 609 καὶ
2495 557 2857 627 εὐαγγελικῆς
2901 557 3066 612 αὐτοῦ
3092 554 3655 619 διδασκαλίαςῗΗλθε

2059 645 2188 716 γὰρ,
2223 642 2385 717 ἦλθεν
2434 651 2462 701 ὁ
2504 650 2852 721 Μονογενής·
2899 652 2995 703 καὶ
3046 648 3217 712 οὕτως
3242 650 3359 718 ἔχει
3394 653 3428 717 ἡ
3465 650 3656 720 μήτηρ

2060 738 2216 807 ἡμῶν
2256 737 2622 810 Ἐκκλησία,ὸ
2670 741 2833 812 λιμὴν
2883 743 2912 793 ὁ
2958 740 3131 803 εὔδιος
3184 741 3287 810 τῆς
3339 741 3657 809 εἰρήνηςνή

2061 829 2331 899 εὐφρασία
2380 833 2412 901 ἡ
2468 832 2704 887 πνέουσα
2747 834 2837 885 τὸν
2884 832 3093 902 κύπρον
3122 833 3222 902 τῆς
3253 830 3535 900 ἀμπέλου,
3567 831 3659 882 καὶ

2063 920 2259 993 βότρυν
2288 923 2529 995 φέρουσα
2558 928 2692 995 ἡμῖν
2720 924 2821 995 τῆς
2847 925 3119 994 εὐλογίας,
3152 926 3246 978 καὶ
3272 923 3333 976 τὸ
3363 922 3656 976 lustr.er

2060 1014 2192 1083 ἡμῖν
2239 1017 2391 1087 πόμα
2424 1019 2545 1072 καθ’
2572 1020 2807 1091 ἑκάστην
2838 1019 3072 1090 ἡμέραν,
3105 1013 3245 1089 αἷμα
3278 1016 3527 1089 Χριστοῦ
3562 1035 3657 1086 κα·

2061 1101 2316 1176 ριζομένη
2352 1107 2840 1179 ἅκρατον,ἀληθές.

374 1198 623 1269 quendam
691 1215 916 1270 cyprum
960 1199 1087 1253 vitis
1154 1199 1426 1262 redulcns,
1464 1205 1519 1252 et
1568 1198 1784 1251 botrum
1856 1193 2018 1248 nobis
2060 1195 2463 1255 benedictionis
2521 1201 2811 1270 proferens
2842 1202 3131 1266 ‘;necnon
3179 1210 3234 1256 et
3284 1200 3654 1271 pra-semissi—

377 1312 525 1350 mum
559 1295 692 1350 illud
716 1295 1086 1365 abstergendo
1125 1295 1348 1348 mmrori
1402 1304 1611 1364 potum,
1660 1307 1886 1379 .inerum
1956 1290 2155 1345 scilicet
2217 1308 2282 1347 ac
2334 1310 2521 1349 verum
2588 1296 2791 1351 Christi
2848 1298 3170 1367 sanguinem
3235 1295 3497 1365 quotidie
3554 1294 3653 1347 lar~

377 1405 559 1459 giens.

445 1480 711 1535 Praeterea
741 1479 1017 1535 Christum
1035 1494 1065 1534 e
1084 1476 1251 1531 Maria
1283 1493 1498 1549 semper
1537 1478 1746 1548 virgine
1769 1490 1959 1531 revera

376 1583 564 1629 natum
592 1588 711 1629 esse
727 1570 1185 1642 credit,eSpiritu
1216 1578 1548 1633 sancto,non
1577 1586 1641 1625 ex
1672 1569 1821 1624 virili
1870 1583 1959 1624 se-

2139 1473 2260 1526 Ὅτι
2310 1472 2564 1545 ἀληθινὸς
2599 1477 2618 1505 ³
2686 1476 2949 1547 ἐγεννήθη
3000 1476 3232 1545 Χριστὸς
3267 1477 3383 1530 ἀπὸ
3442 1478 3655 1545 Μαρίας

2065 1566 2166 1636 τῆς
2222 1567 2583 1639 ἁειπαρθένου
2640 1569 2729 1624 διὰ
2782 1574 3100 1643 Πνεύματος
3161 1572 3348 1640 ἁγίου,
3398 1572 3506 1623 οὐκ
3556 1574 3657 1623 ἀπῇ

376 1668 541 1731 mine,
567 1665 662 1721 sed
690 1664 1002 1735 exipsamet
1031 1673 1383 1719 sacrosancta
1404 1659 1658 1731 Virgine;
1685 1676 1750 1715 ac
1774 1661 1958 1731 reipsa

2080 1658 2386 1730 τπέρματος
2414 1660 2629 1732 ἀνδρὸς,
2657 1662 2771 1718 ἀλλ’
2802 1666 2897 1716 ἀπ’
2921 1666 3091 1735 αὐτῆς
3119 1666 3221 1735 τῆς
3247 1666 3422 1732 ἁγίας
3453 1664 3655 1736 Παρθέ-

376 1774 598 1827 corpus,
626 1772 736 1812 non
776 1760 958 1827 specie
982 1756 1246 1811 duntaxat
1262 1754 1559 1825 accepisse,
1594 1754 1809 1825 1136
1833 1769 1959 1809 car-

380 1866 530 1917 nem,
559 1850 804 1920 inquam,
832 1864 1039 1914 veram,
1073 1863 1273 1915 corpus
1291 1863 1477 1903 verum
1507 1854 1631 1903 cum
1661 1849 1880 1902 ossibus
1902 1862 1966 1903 ac

377 1944 594 2007 nervis,
652 1943 989 2013 reliquisque
1038 1957 1161 2013 quae
1231 1941 1391 1997 nobis
1447 1941 1638 1997 insunt
1686 1940 1963 2006 omnibus,

378 2035 513 2089 nihil
543 2044 603 2089 ut
634 2049 664 2089 a
692 2036 852 2091 nobis
910 2034 1066 2107 ipsis,
1106 2044 1476 2106 praeterquam
1514 2034 1800 2088 excellenti
1833 2049 1968 2104 qua-

378 2127 503 2182 dam
539 2128 851 2185 sanctitatis
878 2143 941 2182 ac
972 2127 1279 2183 divinitatis
1303 2126 1479 2198 gloria
1511 2126 1807 2197 discrepet,
1850 2134 1965 2180 tum

380 2221 527 2291 quod
563 2222 875 2276 sanctitatis
908 2237 1005 2277 vas
1044 2222 1135 2276 sit.
1168 2220 1342 2277 liabet
1377 2228 1557 2277 autem
1586 2221 1768 2275 omnia
1793 2220 1969 2290 perfe-

380 2309 628 2369 ctissime
650 2315 789 2368 citra
819 2321 1127 2385 peccatum.
1172 2313 1353 2379 Quare
1387 2312 1626 2367 humana
1656 2327 1846 2367 revera
1883 2320 1971 2367 est

380 2407 563 2461 anima
588 2406 871 2475 praeditus,
900 2405 1247 2475 humanaque
1268 2412 1447 2459 mente
1470 2404 1525 2458 in
1555 2405 1787 2459 veritate
1811 2424 1823 2459 :
1859 2418 1969 2458 non

381 2499 528 2569 quod
558 2508 793 2554 mentem
829 2498 1151 2569 bypostasin
1182 2513 1304 2553 esse
1326 2496 1593 2563 dicamus,
1614 2507 1673 2551 ut
1703 2496 1971 2550 allirmant

382 2593 499 2649 alii.
552 2592 824 2647 Caeterum
886 2592 1040 2646 nulla
1105 2591 1313 2661 peccati
1355 2591 1682 2661 contagione
1735 2587 1972 2644 fmdatus

384 2693 491 2749 est,
546 2699 828 2755 nunquam
874 2698 938 2739 os
973 2683 1125 2737 illius
1158 2682 1449 2737 mentitum
1474 2689 1579 2745 est,
1615 2696 1795 2751 neque
1828 2680 1973 2734 labia

390 2778 576 2832 dolum
629 2776 811 2832 locuta
840 2784 969 2831 sunt
998 2777 1040 2839 ³,
1076 2790 1172 2829 cor
1199 2775 1266 2829 ad
1305 2774 1630 2829 irritandum
1672 2789 1780 2826 non
1809 2772 1975 2827 decli-

389 2873 561 2937 navit,
588 2886 744 2926 mens
769 2869 834 2923 ad
857 2885 916 2925 ea
940 2884 1063 2940 quae
1090 2868 1244 2923 nefas
1279 2878 1384 2931 est,
1414 2883 1524 2922 non
1558 2866 1809 2933 deﬂexit;
1845 2882 1975 2921 caro

394 2964 531 3019 nihil
570 2978 758 3018 eorum
808 2977 928 3032 quae
964 2961 1033 3016 ad
1088 2960 1271 3015 carnis
1304 2960 1638 3029 voluptatein
1679 2959 1973 3029 pertinent,

2067 1769 2157 1805 νου
2186 1751 2368 1806 λαϐὼν
2396 1753 2457 1805 τὸ
2488 1754 2646 1824 σῶμα
2685 1757 2742 1809 ἐν
2780 1756 3029 1828 ἀληθείᾳ,
3060 1758 3153 1811 καὶ
3185 1757 3288 1810 οὐκ
3322 1760 3384 1811 ἐν
3419 1756 3657 1825 δοκήσει,

2070 1843 2247 1914 σάρκα
2282 1843 2571 1916 ἀληθινῶς,
2624 1845 2781 1916 σῶμα
2827 1847 3117 1918 ἀληθινῶς,
3172 1849 3271 1901 σὺν
3321 1848 3545 1911 ὀστέοις
3574 1851 3658 1901 καὶ

2067 1937 2278 2007 νεύροις
2313 1938 2406 1991 καὶ
2458 1940 2592 1992 πᾶσι
2639 1943 2752 2003 τοῖς
2786 1941 3095 2012 ἡμετέροις,
3148 1941 3323 2013 μηδὲν
3369 1941 3472 2009 ἀφ’
3512 1942 3659 2011 ἡμῶν

2066 2021 2477 2102 διηλλαγμένος,
2511 2032 2543 2103 ἢ
2583 2032 2741 2102 μόνον
2770 2033 2830 2085 τὸ
2857 2032 3066 2098 ἔνδοξον
3088 2033 3188 2104 τῆς
3216 2033 3393 2087 αὑτοῦ
3438 2035 3650 2103 ἁγιότη-

2068 2139 2160 2186 τος
2193 2124 2285 2176 καὶ
2318 2122 2588 2193 θεότητος.
2626 2125 2721 2179 καὶ
2756 2124 2985 2188 σκεύους
3021 2126 3360 2196 ἁγιωσύνης,
3405 2128 3508 2179 καὶ
3540 2128 3659 2179 ἀνα-

2073 2216 2365 2287 μαρτήτως
2422 2217 2492 2268 τὰ
2543 2216 2721 2270 πάντα
2774 2218 2997 2281 τελείως
3054 2218 3215 2289 ἔχων,
3265 2219 3369 2271 καὶ
3413 2218 3660 2288 taxi-‘19,;

2069 2308 2246 2379 ψυχὴν
2276 2309 2620 2381 ἀνθρωπίνην
2650 2312 2707 2363 ὲν
2741 2311 2986 2382 ἀληθείᾳ,
3023 2311 3146 2364 νοῦν
3179 2312 3268 2365 τὸν
3317 2311 3660 2383 ἀνθρώπινον

2072 2402 2130 2454 ὲν
2163 2401 2392 2472 ἀληθείᾳ
2412 2421 2424 2433 ο
2455 2404 2555 2473 οὐχ
2581 2402 2656 2467 ὼς
2690 2402 2846 2473 ἡμῶν
2876 2403 3378 2475 διαϐεϐαιουμένων
3422 2403 3520 2457 τὸν
3545 2406 3659 2457 νοῦν

2071 2488 2209 2546 εἷναι
2245 2494 2561 2560 ὑπόστασιν,
2610 2495 2790 2559 καθὼς
2818 2496 2965 2551 ἄλλοι
2999 2497 3236 2566 λέγουσι.
3276 2498 3448 2551 Κατά
3492 2500 3659 2551 πάντα

2071 2584 2129 2637 δὲ
2157 2585 2231 2657 μὴ
2258 2586 2556 2657 χρανθέντα
2587 2590 2645 2641 ὲν
2668 2590 2931 2660 ἁμαρτίᾳ,
2970 2590 3143 2659 στόμα
3186 2591 3261 2661 μὴ
3290 2592 3656 2661 ψευσάμενον,

2073 2678 2225 2747 χείλη
2277 2677 2351 2749 μὴ
2383 2678 2692 2750 λαλήσαντα
2741 2680 2911 2747 δόλον,
2956 2684 3182 2756 καρδίαν
3215 2683 3291 2754 μὴ
3332 2684 3657 2739 ἐκκλίνασαν

2075 2769 2154 2830 είς
2184 2767 2491 2839 ἐρεθισμὸν,
2528 2769 2653 2822 νοῦν
2695 2769 2769 2840 μὴ
2814 2772 3157 2841 ἐκτραπέντα
3205 2774 3285 2835 εἰς
3318 2773 3357 2826 ἃ
3412 2775 3490 2843 μὴ
3541 2776 3656 2844 χρὴ.

2077 2859 2257 2929 σάρκα
2291 2857 2364 2931 μὴ
2398 2859 2495 2931 τὴν
2537 2861 2738 2931 σαρκὸς
2768 2862 2958 2933 ἡδονὴν
3005 2865 3427 2934 ἐργασαμένην-
3464 2866 3656 2927 τέλειος

2076 2950 2283 3003 ἄνωθεν
2340 2951 2494 3014 Θεὸς,
2533 2953 2634 3006 οὑκ
2680 2952 2849 3004 ἐλθὼν
2895 2955 3216 3024 κατοικῆσαι
3269 2958 3330 3008 ἐν
3367 2956 3653 3025 ἀνθρώπῳ,

392 3055 637 3111 admisit.
673 3054 819 3110 Deus
871 3056 939 3109 ab
988 3064 1194 3109 azterno
1238 3052 1535 3122 perfectus,
1574 3054 1665 3122 qui
1697 3067 1803 3106 non
1832 3061 1891 3106 ut
1919 3052 1968 3106 in

2080 3041 2192 3095 ἀλλ’
2240 3042 2401 3104 αὐτὸς
2449 3043 2568 3106 ὅλος
2606 3044 2625 3073 ⁸
2678 3045 3123 3116 ἐνανθρωπήσας,
3174 3047 3237 3098 οὐ
3284 3047 3526 3116 τραπεὶς
3568 3050 3654 3116 τὴν

370 3149 608 3206 ιὶιοιηὶηε
643 3148 912 3202 habitaret
944 3147 1164 3201 advenit
1192 3162 1206 3210 ;
1247 3145 1345 3200 sed
1381 3143 1620 3199 Verbum
1656 3145 1831 3214 ipsum
1864 3144 1966 3197 ho-

388 3241 592 3296 minem
635 3239 833 3306 induit,
865 3254 974 3293 non
1023 3246 1219 3292 natura
1252 3245 1543 3301 mutatum,
1576 3236 1671 3291 sed
1705 3252 1826 3290 eam
1849 3252 1969 3306 quae

390 3332 630 3387 hominis
649 3332 870 3402 propria
904 3339 1009 3397 est,
1036 3348 1159 3385 cum
1192 3331 1476 3385 divinitate
1508 3331 1870 3400 complexum.
1910 3329 1967 3382 In

389 3421 629 3494 Virginis
685 3433 837 3477 utero
873 3437 1063 3477 revera
1094 3423 1335 3492 genitus,
1378 3436 1590 3490 suoque
1620 3428 1865 3489 tempore
1913 3419 1968 3473 in

391 3524 547 3569 utero
578 3522 925 3585 portatus,ac
940 3530 1034 3584 per
1056 3513 1318 3584 genitales
1341 3513 1621 3567 meatusin
1656 3512 1828 3567 lucem
1855 3510 1971 3565 edi-

393 3614 480 3659 tus
504 3605 622 3659 sine
653 3604 1136 3675 ullaturpitmline,
1160 3604 1405 3659 fmditate
1425 3604 1674 3658 vellabe:
1708 3611 1830 3673 post
1859 3604 1973 3657 haec

389 3694 653 3749 educatus
688 3704 849 3764 atque
888 3710 917 3746 a
946 3694 1217 3765 Symeone
1246 3702 1301 3747 et
1339 3694 1495 3747 Anna
1530 3693 1584 3745 in
1615 3693 1758 3747 ulnis
1789 3702 1971 3763 gesta-

393 3797 478 3842 tus
516 3806 529 3841 :
567 3801 596 3839 a
622 3786 789 3841 Maria
836 3797 1103 3857 portatus,
1146 3789 1245 3841 iter
1280 3796 1467 3857 postea
1514 3786 1747 3857 pedibus
1786 3787 1974 3843 confe-

372 3878 487 3945 -cit,
519 3878 899 3948 peregrinatus
934 3887 1038 3940 est,
1079 3878 1145 3932 ad
1176 3879 1469 3949 pueritiam
1507 3878 1774 3947 pervenit,
1817 3885 1976 3933 actate

392 3973 781 4026 corroboratus
807 3980 910 4034 est,
951 3974 1187 4025 humana
1218 3971 1272 4025 in
1308 3987 1367 4027 se
1397 3971 1578 4025 omnia
1610 3970 1846 4041 perfecte
1881 3970 1975 4024 ha-

393 4065 531 4128 buit,
590 4079 857 4119 annorum
896 4078 1124 4119 numero
1175 4078 1400 4129 census,
1444 4066 1710 4118 mensium
1746 4078 1975 4118 numero

392 4158 449 4213 in
478 4157 813 4229 praegnantis
837 4166 995 4212 utero
1023 4164 1291 4225 gestatus,
1322 4156 1499 4223 factus
1524 4172 1589 4211 ea:
1625 4157 1859 4220 muliere,
1900 4156 1978 4225 fa-

390 4260 509 4303 ctus
548 4249 649 4302 sub
668 4249 775 4319 lege
803 4248 842 4305 ³.
881 4247 1085 4303 Deinde
1140 4246 1205 4301 ad
1243 4245 1536 4301 Jordanem
1566 4246 1841 4315 proiectus
1870 4254 1975 4312 est,

393 4339 704 4410 ibidemque
763 4355 791 4393 a
840 4337 1052 4394 Joanne
1081 4339 1414 4409 baptizatus,
1444 4352 1566 4391 cum
1609 4338 1811 4391 Iotione
1839 4336 1976 4391 nihil

392 4449 531 4501 opus
553 4434 795 4497 haberet,
827 4433 921 4488 sed
957 4445 1122 4495 utea,
1157 4446 1276 4501 qua:
1309 4440 1573 4501 suscepta:
1603 4430 1840 4485 hominis
1879 4445 1975 4483 na-

396 4533 533 4580 tura:
577 4537 943 4581 consentanea
1005 4532 1153 4585 sunt,
1196 4532 1459 4585 servaret,
1520 4523 1748 4591 justitiae
1794 4523 1965 4592 legem

397 4619 722 4690 perturbare
764 4618 957 4684 noluit,
1014 4625 1072 4670 ut
1121 4615 1473 4685 impleretur,
1514 4616 1971 4683 quemadmodum

398 4715 516 4784 ipse
554 4710 705 4776 dicit,
736 4710 916 4765 omnis
950 4708 1165 4779 justitia
1189 4708 1232 4771 ι,
1266 4718 1430 4778 atque
1454 4723 1636 4761 veram
1677 4724 1706 4761 a
1760 4724 1818 4763 se
1846 4722 1973 4762 car-

400 4822 521 4860 nem
580 4816 873 4873 veramque
921 4801 1157 4855 hominis
1190 4809 1444 4853 naturam
1504 4808 1814 4868 susceptam
1851 4814 1974 4855 esse

396 4903 740 4952 monstraret.
797 4892 963 4963 Igitur
994 4893 1061 4947 ad
1103 4907 1273 4961 aquas
1305 4889 1607 4953 descendit,
1667 4891 1740 4943 ita
1792 4899 1972 4944 tamen

396 4998 454 5041 ut
483 4986 757 5042 conferret
777 4984 980 5055 aliquid
1008 4984 1189 5054 potius
1216 4998 1377 5054 quam
1409 4984 1711 5052 acciperet;
1746 4982 1973 5052 largire-

395 5088 484 5132 tur
546 5078 714 5148 magis
764 5091 927 5146 quam
968 5075 1377 5146 reicujuspiam
1433 5075 1735 5145 indigeret:
1770 5076 1973 5146 quippe

395 5171 613 5225 easdem
651 5170 773 5224 illas
825 5170 996 5237 aquas
1030 5182 1127 5223 sua
1158 5168 1277 5222 luce
1301 5166 1664 5228 collustravit,
1709 5176 1761 5220 et
1788 5166 1854 5220 ad
1879 5183 1971 5221 eo-

395 5277 517 5315 rum
557 5277 675 5331 quze
725 5261 777 5314 in
810 5276 930 5314 sese
962 5258 1291 5331 perﬁcienda
1323 5266 1500 5325 erant,
1543 5259 1970 5313 adumbrandam

396 5355 708 5425 imaginem,
741 5352 1031 5424 quamdam
1062 5336 1167 5405 vim
1202 5351 1308 5406 illis
1337 5352 1620 5422 impertiit,
1650 5362 1704 5406 ut
1742 5353 1835 5423 qui
1870 5353 1974 5422 ipsi

396 5460 585 5501 revera
645 5445 947 5513 crederent,
989 5458 1053 5497 ac
1080 5443 1329 5499 veritatis
1372 5454 1557 5500 essent
1601 5444 1705 5499 tide
1741 5445 1971 5514 prazditi,

2069 3134 2251 3203 φύσιν,
2287 3135 2770 3206 συμπεριειληφὼς
2804 3136 2860 3189 δὲ
2892 3138 3007 3207 ἅμα
3036 3140 3100 3208 τῇ
3137 3136 3359 3208 θεότητι
3390 3140 3494 3207 τὴν
3534 3140 3653 3191 ἰδίαν

2070 3224 2505 3297 ὲνανθρώπησιν.
2570 3228 2659 3280 Ἑν
2720 3229 2903 3300 μήτρᾳ
2969 3229 3253 3301 Παρθένου
3312 3230 3561 3299 γεγονὼς
3604 3235 3653 3284 ὲν

2070 3319 2314 3390 ἀληθείᾳ,
2341 3320 2695 3392 κυοφορηθεὶς
2714 3322 2804 3374 τὸν
2826 3322 3035 3392 χρόνον,
3058 3322 3343 3393 γεννηθεὶς
3364 3324 3455 3377 διὰ
3481 3343 3651 3396 7am;-

2070 3408 2238 3461 τικῶν
2274 3409 2458 3480 πόρων
2482 3411 2951 3481 ἀνεπαισχύντως,
2976 3415 3281 3485 ἀχράντως,
3313 3416 3649 3485 ἀμολῦντως·

2072 3504 2425 3575 ἀνατραφεὶς,
2460 3508 2551 3559 καὶ
2581 3507 2990 3573 ὲναγκαλισθεὶς
3022 3508 3125 3561 ὑπό
3148 3526 3207 3561 τε
3234 3509 3529 3578 Συμεῶνος
3569 3510 3651 3561 καὶ

2077 3597 2292 3668 Ἀννης,
2340 3596 2666 3667 βασταχθεὶς
2694 3598 2799 3651 ὑπὸ
2831 3599 3069 3669 Μαρίας,
3108 3598 3410 3662 πεζεῦσας,
3456 3600 3650 3652 ὁδοιπο-

2079 3692 2270 3761 ρήσας.
2320 3691 2532 3744 παιδίον
2574 3690 2834 3760 γεγονὼς,
2888 3690 3184 3762 ἀνδρωθεὶς
3236 3696 3303 3762 τῇ
3352 3692 3562 3763 ἡλικίᾳ,
3590 3693 3649 3745 τὰ

2075 3784 2253 3837 πάντα
2285 3783 2422 3854 ἔχων
2451 3785 2507 3837 ἐν
2534 3783 2713 3853 ἑαυτῷ
2748 3785 2805 3836 ὲν
2829 3783 3147 3855 τελειότητι,
3184 3787 3242 3837 ὲν
3277 3785 3504 3855 ἀριθμῷ
3529 3787 3649 3838 ἑτῶν

2074 3876 2364 3946 λογισθεὶς,
2397 3879 2453 3929 ἐν
2502 3876 2721 3949 ἀριθμῷ
2752 3877 2934 3947 μηνῶν
2964 3880 3022 3930 ὲν
3063 3877 3244 3947 κοιλίᾳ
3274 3878 3645 3949 κυοφορηθεὶς,

2076 3970 2397 4039 γενόμενος
2432 3970 2500 4024 ἐκ
2550 3972 2853 4039 γυναικὸς,
2907 3973 3229 4041 γενόμενος
3279 3972 3404 4026 ὑπὸ
3442 3973 3645 4041 νόμον·

2076 4061 2245 4115 ἐλθὼν
2276 4063 2367 4116 ἐπὶ
2412 4063 2503 4116 τὸν
2550 4064 2840 4135 Ἰορδάνην,
2881 4063 3196 4135 βαπτισθεὶς
3244 4065 3350 4118 ὑπὸ
3396 4067 3645 4129 Ἰωάννου,

2076 4157 2177 4208 οὐκ
2206 4155 2551 4225 ἐπιδεόμενος
2584 4156 2807 4227 λουτροῦ
2827 4174 2843 4188 ⁸
2875 4157 2962 4212 διὰ
2985 4158 3042 4211 δὲ
3070 4159 3130 4210 τὸ
3157 4159 3455 4212 ἀκόλουθον
3484 4161 3578 4230 τῆς
3601 4163 3648 4212 ἐν

2079 4246 2225 4317 νόμῳ
2262 4247 2722 4320 ὲνανθρωπὴσεως
2750 4250 2823 4321 μὴ
2852 4250 3140 4321 ταράσσων
3172 4252 3232 4303 τὸ
3258 4250 3491 4311 δίκαιον,
3518 4254 3648 4315 ὅπως

2081 4338 2364 4409 πληρωθῇ,
2396 4339 2471 4403 ὡς
2497 4341 2656 4404 αὐτὸς
2685 4343 2810 4412 ἔφη,
2844 4344 2993 4394 πᾶσα
3025 4343 3365 4414 δικαιοσύνη,
3398 4345 3485 4397 ἵνα
3513 4344 3644 4414 δείξῃ

2078 4430 2163 4483 ὅτι
2212 4431 2469 4501 ἀληθινὴν
2510 4433 2693 4503 σάρκα
2739 4433 3043 4492 ἐνεδύσατο,
3090 4435 3348 4506 ἀληθινὴν
3388 4438 3644 4508 ἐνανθρὼ-

2082 4540 2268 4594 πησιν.
2324 4526 2734 4597 Κατερχόμενος
2782 4528 2864 4589 εὶς
2916 4527 2987 4580 τά
3037 4527 3237 4591 ὕδατα,
3285 4528 3466 4593 διδοὺς
3522 4532 3644 4601 ᾗπερ

2080 4615 2391 4686 λαμϐάνων,
2423 4618 2794 4688 παρεχόμενος
2823 4619 2968 4689 ἤπερ
3003 4619 3370 4690 ὲπιδεόμενος,
3414 4623 3645 4689 φωτίζων

2081 4707 2239 4769 αὐτὰ,
2272 4708 2586 4779 ὲνδυναμῶν
2623 4709 2763 4763 αὺτά
2802 4711 2881 4773 εὶς
2924 4710 3095 4763 τύπον
3139 4710 3249 4763 τῶν
3275 4711 3573 4781 μελλόντων
3596 4714 3643 4764 ὲν

2081 4800 2229 4869 αὐτῷ
2268 4801 2637 4856 τελειοῦσθαι·
2689 4803 2838 4865 ὅπως
2881 4804 2933 4855 oi
2961 4803 3109 4874 αὐτῷ
3150 4807 3573 4869 πεπιστευκότες
3594 4807 3641 4857 ἐν

2080 4894 2326 4965 ἀληθείᾳ,
2374 4896 2464 4949 καὶ
2504 4896 2717 4966 ἔχοντες
2759 4896 2857 4968 τὴν
2892 4898 3073 4951 πίστιν
3105 4896 3205 4966 τῆς
3242 4898 3525 4967 ἀληθείας,
3559 4899 3642 4966 μά-

2082 4987 2246 5041 θωσιν
2295 4989 2376 5041 ὅτι
2411 4987 2680 5059 ἀληθινῶς
2728 4989 3173 5062 ὲνηνθρώπησεν,
3225 4990 3501 5061 ἀληθινῶς
3529 4991 3637 5043 ἐδα-

2081 5080 2279 5151 πτίσθη
2304 5099 2314 5109 ·
2346 5082 2440 5134 καὶ
2467 5079 2639 5145 οὕτως
2657 5082 2745 5135 διά
2770 5083 2869 5151 τῆς
2888 5080 3054 5134 αὐτοῦ
3087 5082 3535 5150 συγκαταθέσεως
3561 5084 3634 5134 καὶ

2080 5174 2232 5225 αὐτοὶ
2269 5174 2573 5244 ἐρχόμενοι,
2612 5173 2817 5228 λάϐωσι
2842 5174 2940 5245 τῆς
2970 5174 3134 5227 αὐτοῦ
3166 5175 3521 5237 καταϐάσεως
3556 5174 3633 5242 τὴν

2079 5264 2326 5334 δύναμιν,
2360 5267 2451 5318 καὶ
2505 5266 2847 5335 φωτισθῶσιν
2901 5267 3010 5320 ἀπὸ
3056 5267 3155 5337 τῆς
3188 5266 3355 5319 αὑτοῦ
3392 5284 3631 5335 φωταγωο

2081 5357 2203 5423 γίας
2226 5373 2238 5385 ⁸
2282 5356 2787 5429 πληροφορούμενοι
2832 5358 2909 5428 τῷ
2937 5359 2995 5412 ἐν
3024 5357 3101 5428 τῷ
3132 5359 3397 5430 Προφήτῃ
3434 5358 3569 5428 ρητῴ
3594 5360 3624 5387 ’-

2083 5452 2186 5514 Εἰς
2237 5450 2630 5521 μεταλλαγὴν
2677 5450 3005 5520 δυνάμεως,
3068 5454 3152 5517 εὶς
3220 5452 3495 5520 παροχῖρν
3536 5468 3625 5504 ί-ωι

469 5603 487 5634 ⁸
519 5600 677 5679 (ἔτι-ιιιζ
712 5619 748 5662 ι,
786 5604 896 5679 15.-
948 5604 967 5633 ²
999 5599 1016 5652 l
1043 5599 1192 5679 Pe_tr.
1215 5616 1275 5667 ιι,
1302 5601 1392 5656 92.
1469 5600 1491 5632 '
1528 5600 1702 5655 (λειω.
1731 5617 1800 5666 tv,
1826 5603 1878 5656 4.
1957 5606 1968 5634 ⁸

2080 5606 2196 5661 itth.
2226 5620 2285 5679 tit
2340 5608 2427 5670 15,
2487 5611 2619 5679 “rp.
2647 5609 2931 5673 ἀλττθινῶς.
3000 5612 3020 5643 ⁸
3049 5628 3137 5678 γρ.
3179 5614 3206 5665 ὀ
3245 5610 3436 5679 Λόγος.
3508 5611 3525 5644 ⁷
3553 5626 3621 5677 no.

397 5673 606 5733 εληρου
618 5672 772 5725 μένου
809 5673 916 5724 τοῦ.
933 5671 1163 5743 ..ρητοῦ.
