3854 6308
157 431 256 492 est
1485 429 2154 486 ANACEPHALAEOSIS.
3343 425 3482 482 sas

158 551 372 622 τηρὶας
418 549 533 620 τῆς
581 549 891 616 δυνάμεως
951 551 1056 604 τοῦ
1097 551 1279 618 ἄρτου
1319 551 1436 606 ἀπὸ
1487 551 1592 618 τῆς
1658 553 1762 604 Ἰε-

1887 551 2230 628 ntelligerent
2255 563 2362 604 non
2391 549 2542 602 illum
2579 547 2699 602 ficte
2728 547 3022 601 humanam
3069 544 3312 600 induisse
3345 561 3446 600 na-

159 643 490 712 ρουσαλὴμ
545 641 1028 711 λαμϐανομένης,
1078 643 1174 696 καί
1223 643 1332 712 τῆς
1377 644 1594 714 ίσχύος
1648 643 1756 696 τοῦ

1879 650 2068 704 turam,
2103 655 2281 712 neque
2309 640 2437 695 ﬁcte
2464 655 2587 695 esse
2617 637 2776 708 aquis
2798 639 3087 691 intinctum
3117 637 3450 708 :eademque

159 734 410 800 ὓδατος.
1863 741 1918 788 et
1952 734 2054 804 ipsi
2095 734 2307 789 ratione
2339 749 2433 803 per
2459 747 2578 788 eam
2621 745 2780 802 quam
2812 729 2902 784 ille
2935 744 3044 799 pra:
3077 743 3198 783 sese
3227 729 3446 793 tulerat,

161 827 734 883 accommodationem
801 827 1147 896 accedentes,
1191 831 1417 886 inditam
1455 832 1606 886 illius
1631 830 1995 886 descensione
2037 829 2146 884 vim
2199 830 2254 883 in
2318 843 2440 886 sese
2505 826 2863 891 transferant,
2921 824 3276 896 ejusdemque
3327 825 3450 881 luce

161 923 573 997 perfundantur
605 945 618 978 :
662 925 873 996 1137
889 943 998 996 quo
1023 928 1398 999 propheticum
1429 929 1720 1000 impleatur
1753 929 2036 982 oraculum
2063 948 2077 983 :
2113 925 2194 981 Ad
2240 925 2630 981 immutandam
2657 927 2905 980 uirtutem
2952 923 3448 983 canciliandamaue

163 1023 398 1078 salutem
427 1038 493 1074 ea:
526 1021 626 1074 illa
657 1023 812 1090 panis
837 1023 1050 1086 virtute,
1076 1041 1194 1095 quae
1249 1027 1316 1078 ab
1347 1025 1652 1080 Jerusalem
1683 1023 1966 1094 accipitur,
1993 1041 2358 1095 aquarumque
2403 1025 2469 1078 vi.

249 1111 522 1166 Ἐνταῦθα
571 1111 628 1165 δὲ
692 1113 749 1166 ὲν
797 1113 1020 1186 Χριστῷ
1075 1116 1608 1188 ἰσχυροποιουμένων
1663 1116 1765 1188 τῆς

163 1207 456 1276 δυνάμεως
481 1205 575 1260 τοῦ
603 1206 794 1277 ἄρτου,
829 1208 925 1261 καὶ
951 1209 1050 1280 τῆς
1075 1208 1168 1262 τοῦ
1202 1209 1394 1274 ὓδατος
1425 1210 1608 1282 ἰσχύος
1628 1201 1768 1265 δῖνα

164 1299 270 1350 οὐκ
301 1297 468 1369 ἄρτος
498 1299 630 1368 ἡμῖν
662 1297 888 1370 γένηται
929 1298 1178 1372 δύναμις,
1227 1300 1362 1354 ἀλλά
1403 1301 1634 1372 δύναμις
1662 1300 1764 1372 ἄρ-

165 1407 264 1443 του
289 1405 302 1419 ·
337 1391 432 1444 καὶ
462 1389 669 1462 βρῶσις
707 1392 804 1462 μὲν
829 1393 858 1445 ὁ
895 1391 1080 1464 ἄρτος,
1124 1395 1158 1466 ἡ
1190 1394 1247 1448 δὲ
1271 1395 1500 1466 δύναμις
1533 1396 1590 1448 ὲν
1617 1393 1765 1465 αὐτῷ

167 1483 252 1545 εἰς
277 1481 630 1554 ζωογόνησιν.
655 1479 760 1536 Καὶ
793 1483 892 1554 οὐχ
921 1483 1008 1537 ἵνα
1047 1484 1109 1537 τὸ
1139 1484 1283 1557 ὕδωρ
1308 1489 1458 1557 ἡμᾶς
1489 1485 1762 1557 καθαρίσῃ

171 1573 363 1645 μόνον,
393 1574 510 1627 ἀλλ’
548 1574 634 1627 ἴνα
675 1577 732 1628 ὲν
762 1578 828 1646 τῇ
879 1575 1023 1646 ίσχύῖ
1055 1576 1149 1630 τοῦ
1181 1576 1372 1641 ὓδατος
1411 1577 1499 1632 διά
1537 1577 1636 1648 τῆς
1675 1577 1766 1630 πί-

169 1684 350 1730 στεως
392 1666 488 1720 καὶ
547 1669 863 1737 ἐνεργείας,
907 1671 1002 1724 καὶ
1049 1669 1399 1742 ὲλπίδος,καὶ
1453 1669 1768 1742 μυστηρίων

169 1757 534 1822 τελειώσεως,
571 1759 666 1811 καὶ
711 1761 1009 1832 ὀνομασίας
1040 1762 1140 1833 τῆς
1179 1763 1514 1831 ἀγιαστείας,
1541 1763 1768 1833 γένηται

170 1849 309 1920 ἡμῖν
360 1851 443 1914 εἰς
489 1850 768 1906 τελείωσιν
827 1853 1122 1923 σωτηρίας.
1191 1853 1457 1908 Ἀνελθὼν
1515 1854 1622 1908 ἀπὸ
1669 1851 1762 1906 τοῦ

1933 1115 2034 1170 llic
2065 1116 2212 1170 enim
2273 1115 2328 1169 in
2380 1114 2600 1170 Christo
2658 1113 2816 1184 panis
2863 1113 3037 1167 virtus
3077 1125 3141 1165 ac
3176 1109 3258 1165 vis
3295 1126 3450 1180 aqua»

1866 1207 2282 1268 corroboratur,
2331 1214 2391 1260 ut
2442 1221 2551 1260 non
2589 1205 2748 1275 panis
2778 1202 2894 1274 ipse
2944 1202 3016 1258 sit
3059 1200 3220 1256 nobis
3251 1201 3446 1268 virtus,

1863 1299 1957 1354 sed
1996 1299 2173 1354 virtus
2200 1314 2230 1352 a
2261 1314 2400 1368 pane
2423 1296 2701 1368 profecta;
2735 1311 2800 1352 ac
2822 1295 2980 1351 cibus
3005 1295 3225 1366 quidem
3263 1303 3452 1350 noster

1862 1391 2018 1462 panis
2045 1401 2146 1456 est,
2175 1391 2267 1445 sed
2301 1392 2354 1444 in
2395 1390 2515 1460 ipso
2553 1388 2736 1444 vitalis
2771 1386 3018 1458 quaedam
3051 1387 3226 1442 virtus
3261 1386 3444 1440 conti-

1863 1490 2044 1536 netur.
2077 1481 2264 1552 Neque
2283 1483 2334 1536 id
2368 1483 2546 1536 solum
2578 1486 2759 1534 actum
2782 1487 2954 1543 est,ut
2972 1491 3074 1532 nos
3103 1491 3244 1547 aqua
3260 1492 3453 1546 repur-

1867 1582 2040 1644 garet,
2075 1574 2170 1630 sed
2203 1581 2263 1628 ut
2313 1587 2468 1643 aqum
2506 1571 2578 1635 vi,
2611 1585 2710 1640 per
2761 1568 2922 1624 ﬁdem
2969 1576 3023 1624 et
3065 1569 3337 1624 actionem
3396 1577 3454 1623 et

1865 1682 2038 1737 spem,
2063 1682 2127 1722 ac
2146 1666 2534 1736 mysteriorum
2561 1661 2922 1717 initiationem
2939 1669 2993 1716 et.
3015 1661 3452 1718 consecrationis

1868 1759 2312 1829 appellationem,
2374 1755 2672 1828 perfectam
2743 1753 3164 1824 absolutamque
3217 1753 3450 1810 salutem

1869 1851 2029 1906 nobis
2063 1852 2198 1923 ipsis
2221 1849 2518 1905 conferret.
2543 1847 2686 1918 Ergo
2715 1845 2972 1903 Christus
2997 1847 3244 1904 ascendit
3271 1863 3301 1902 e
3324 1845 3451 1902 Jor-

183 1939 457 2014 Ἰορδάνου
477 1940 711 2002 ,ἀκούων
741 1943 923 2015 φωνὴν
941 1920 1153 2012 ῙΪατρὸς
1183 1947 1262 2009 εἰς
1286 1943 1456 2016 ἀκοὴν
1481 1944 1766 2016 παρόντων

1879 1945 2028 2008 iane,
2055 1920 2242 1998 vocem
2293 1941 2474 1998 Patris
2522 1940 2714 2004 audiit,
2757 1955 2920 2010 quam
2956 1949 3012 1996 et
3053 1938 3309 2010 discipuli
3359 1939 3452 2008 qui

171 2031 284 2086 τῶν
329 2031 589 2104 μαθητῶν
631 2033 710 2097 είς
733 2031 795 2086 τὸ
827 2035 1100 2100 ὑποδεῖξαι
1127 2036 1209 2100 τίς
1237 2037 1265 2088 ὁ
1299 2034 1766 2106 μαρτυρούμενος,

175 2125 275 2177 καὶ
301 2123 398 2178 τοῦ
423 2125 580 2196 ἁγίου
610 2127 925 2198 Πνεύματος
963 2129 1021 2182 ὲν
1064 2127 1194 2183 εῖδει
1225 2128 1552 2200 περιστερᾶς
1579 2143 1772 2198 κατερ-

175 2216 436 2288 χομένου,
483 2217 737 2290 καθάπερ
765 2219 1081 2284 ὲν-πολλαίς
1107 2219 1384 2290 αἱρέσεσιν
1431 2219 1766 2290 εἰρήκαμεν·

175 2309 266 2360 ἵνα
301 2306 378 2378 μὴ
411 2307 710 2380 συναλοιφὴ
750 2311 784 2380 ὴ
815 2307 986 2381 Τριάς
1011 2307 1265 2380 νομισθῇ,
1297 2307 1769 2380 σχηματιζομένω

175 2397 274 2452 τοῦ
305 2398 628 2470 Πνεύματος
662 2401 719 2453 ὲν
770 2400 876 2473 ἰδίᾳ
927 2399 1258 2454 ὑποστάσειο
1308 2398 1769 2470 ὲπικαθεζομένου

175 2493 234 2546 δὲ
281 2491 380 2546 τοῦ
434 2492 773 2564 Πνεύματος,
824 2495 919 2548 καὶ¹
961 2495 1260 2567 ἐρχομένου
1313 2495 1401 2547 ἐπ’
1452 2493 1635 2558 αὐτὸν,
1684 2493 1772 2546 ἵνα

175 2583 322 2655 ὀφθῇ
365 2585 395 2638 ὁ
439 2585 918 2656 μαρτυρούμενος
954 2587 1040 2639 ἵνα
1073 2585 1210 2658 σάρξ
1244 2588 1276 2657 ἡ
1311 2586 1438 2654 ἁγία
1476 2584 1604 2656 φίλη
1638 2580 1773 2638 οὖσα

177 2676 274 2730 καὶ
311 2675 700 2748 εὐδοκουμένη,
731 2678 836 2731 ὑπὸ
879 2677 974 2731 τοῦ
1014 2679 1227 2750 Πατρὸς
1271 2679 1366 2732 καὶ
1393 2675 1487 2730 τοῦ
1523 2677 1774 2746 Πνεύμα-

176 2787 274 2834 τος
323 2770 738 2842 μαρτυρηθείη’
788 2773 876 2826 ἵνα
911 2775 940 2826 ὁ
985 2773 1176 2845 Πατὴρ
1228 2770 1526 2842 εὐδοκητὴς
1570 2766 1628 2846 ᾗ,
1677 2771 1772 2826 καὶ

179 2863 365 2936 κῆρυξ
391 2863 494 2933 τῆς
525 2861 618 2918 τοῦ
651 2865 777 2918 Υἱοῦ
807 2865 1072 2938 ἐνσάρκου
1099 2866 1436 2938 παρουσίαςο
1469 2866 1558 2920 ἵνα
1580 2866 1608 2916 ὁ
1647 2864 1772 2928 Υἱὸς

180 2953 444 3024 ἀληθινὸς
487 2954 664 3025 ὀφθῇ,
712 2955 807 3008 καὶ
857 2955 1126 3028 πληρώσῃ
1180 2956 1242 3008 τὺ
1288 2955 1612 3027 εἰρημένον
1661 2953 1774 3008 Καὶ

173 3046 334 3116 μετὰ
371 3047 560 3102 ταῦτα
588 3047 686 3100 ἐπὶ
719 3047 830 3116 τῆς
859 3047 971 3118 γῆς
1005 3047 1194 3118 ὤφθη,
1226 3049 1324 3102 καὶ
1342 3048 1494 3118 μετὰ
1519 3048 1640 3102 τῶν
1664 3049 1773 3102 ἀν·-

181 3139 435 3207 θρὼπων
463 3137 960 3208 συνανεστράρη.
1005 3139 1266 3194 Ἀνελθὼν
1301 3141 1407 3194 ἀπὸ
1435 3140 1528 3195 τοῦ
1574 3141 1773 3213 Ἰορδά-

181 3249 298 3293 νου,
333 3229 524 3300 σαφῶς
568 3232 660 3284 καὶ
709 3231 978 3304 ἀληθινῶς
1008 3233 1116 3286 ἀπὸ
1155 3231 1250 3286 τοῦ
1291 3233 1536 3287 διαϐόλου
1585 3250 1772 3306 πειρα-

185 3323 336 3386 σθεὶς
374 3325 434 3375 ἐν
463 3325 530 3393 τῇ
581 3323 794 3394 ἐρήμῳ,
849 3325 943 3378 καὶ
995 3325 1254 3388 πεινάσας
1289 3325 1513 3396 ὕστερον
1541 3325 1631 3380 διὰ
1673 3327 1773 3399 τὴν

181 3415 513 3470 ἀκολουθίαν
562 3417 654 3469 καὶ
697 3416 954 3488 ἀλήθειαν
985 3417 1087 3489 τῆς
1134 3417 1402 3490 ἐνσάρκου
1431 3419 1734 3490 παρουσίας
1756 3435 1771 3450 ⁸

183 3514 282 3568 καὶ
314 3511 709 3583 ἐπιλεξάμενος
753 3513 1022 3584 μαθητὰς,
1071 3514 1165 3568 καὶ
1203 3513 1446 3586 κηρύξας
1491 3514 1771 3586 ἀλήθειαν,

185 3605 280 3659 καὶ
310 3605 608 3675 ίασάμενος
633 3604 705 3658 τά
731 3604 904 3676 πάθη,
935 3604 1300 3676 καθευδήσας,
1334 3603 1617 3672 πεινάσας,
1646 3605 1776 3659 ὁδοι-

187 3697 460 3770 πορήσας,
495 3695 824 3768 θεοσημείας
865 3699 881 3728 ¹
925 3697 1325 3768 ἐργασάμενος,
1361 3699 1587 3770 νεκροὺς
1629 3697 1774 3764 ἐγεί-

187 3807 312 3860 ρας,
363 3788 585 3858 τυφλοῖς
617 3790 680 3843 τδ
717 3790 937 3861 βλέπειν
966 3788 1288 3862 παρασχὼν,
1316 3791 1522 3862 χωλοὺς
1548 3789 1642 3843 καὶ
1671 3807 1777 3844 πα-

189 3883 521 3952 ραλυτικοὺς
565 3883 1020 3953 ἰσχυροποιήσας⁹
1084 3883 1144 3946 ὃς
1201 3883 1434 3956 ἐκήρυξε
1481 3883 1544 3936 τὸ
1595 3883 1777 3954 Εὐαγ-

185 3973 395 4042 γέλιον,
439 3973 539 4045 τὴν
582 3972 863 4044 ἀλήθειαν,
896 3973 992 4046 τὴν
1037 3974 1314 4045 βασιλείαν
1350 3975 1460 4028 τῶν
1507 3975 1774 4046 οὐρανῶν,

187 4066 290 4136 τὴν
323 4065 492 4119 αὐτοῦ
541 4065 954 4137 φιλανθρωπίαν
989 4069 1084 4122 καὶ
1131 4069 1225 4123 τοῦ
1279 4069 1494 4140 Πατρὸς
1540 4071 1633 4123 καὶ
1681 4067 1776 4123 τοῦ

187 4158 349 4228 ἁγίου
380 4153 720 4228 Πνεύματος,

275 4428 336 4481 '0
376 4427 518 4499 ὑπὲρ
570 4427 726 4499 ἡμῶν
757 4427 820 4481 τὸ
872 4429 1042 4492 πάθος
1082 4429 1384 4500 ὑπομείνας
1421 4431 1479 4482 ἐν
1524 4429 1780 4502 ἀληθείᾳ,

189 4521 250 4576 ὲν
288 4522 358 4591 τῇ
393 4521 559 4591 σαρκὶ
587 4521 680 4573 καὶ
713 4521 769 4573 ὲν
793 4523 859 4592 τῇ
893 4521 1075 4594 τελείᾳ
1100 4523 1513 4594 ὲνανθρωπήσει
1539 4563 1554 4588 ,
1588 4523 1778 4577 παθὼν

1869 2039 2116 2100 aderant,
2149 2038 2442 2093 audierunt
2467 2036 2508 2100 ³,
2551 2042 2612 2090 ιιι
2639 2035 2768 2106 quis
2789 2035 2880 2088 ille
2907 2032 3044 2089 foret
3081 2033 3180 2088 cui
3207 2031 3454 2088 testimo-

1867 2129 2018 2184 nium
2063 2127 2197 2184 illud
2250 2127 2609 2198 prmberetur,
2669 2130 3050 2196 agnoscerent.
3101 2121 3240 2177 Tum
3289 2123 3456 2178 etiam

1872 2220 2112 2292 Spiritus
2169 2231 2394 2275 sanctus
2447 2216 2717 2274 columba:
2782 2217 2965 2286 specie
3010 2216 3266 2286 delapsus
3329 2223 3454 2278 est,

1871 2313 2330 2382 quemadmodum
2361 2315 2420 2368 in
2447 2313 2744 2368 multarum
2777 2312 3057 2366 baereseon
3084 2309 3460 2364 confutatione

1872 2403 2133 2459 diximus.
2199 2403 2278 2459 Ac
2333 2418 2402 2458 ne
2457 2401 2710 2459 Trinitas.
2749 2403 2870 2472 ipsa
2909 2402 2966 2456 in
3007 2415 3176 2454 unum
3235 2399 3458 2454 redacta

1873 2497 2214 2568 confusaque
2239 2499 2578 2564 crederetur,
2607 2495 2847 2568 Spiritus
2881 2495 3106 2566 propria
3135 2495 3189 2549 in
3221 2509 3458 2564 persona

1874 2589 2104 2662 ﬁguram
2157 2590 2304 2644 illam
2348 2588 2547 2653 induit,
2575 2599 2629 2644 et
2649 2603 2813 2658 super
2847 2587 3000 2641 illum
3035 2587 3258 2648 resedit,
3291 2602 3460 2656 seque

1876 2681 1930 2736 in
1963 2683 2142 2752 ipsum
2197 2679 2519 2742 insinuavit,
2575 2691 2632 2734 ut
2683 2680 2734 2734 is
2773 2677 2862 2732 cui
2907 2677 3280 2732 testimonium
3325 2677 3459 2730 illud

1876 2775 2300 2845 suﬂragabatur,
2359 2773 2698 2844 conspicuus
2760 2775 3136 2839 esset;utque
3169 2783 3461 2824 sacrosan-

1875 2877 2020 2922 ctam
2053 2868 2202 2922 illam
2246 2881 2470 2921 carnem
2513 2864 2744 2919 amicam
2779 2876 2904 2918 esse
2941 2869 2995 2916 et
3046 2861 3265 2933 placere
3322 2859 3458 2926 Deo,

1875 2960 2054 3016 Patris
2106 2974 2173 3014 ac
2213 2957 2454 3030 Spiritus
2507 2955 2838 3011 auctoritate
2884 2961 3186 3018 constaret,
3213 2961 3274 3008 ut
3300 2951 3463 3008 Pater

1877 3052 2216 3122 complaceat
2273 3050 2380 3106 sibi
2444 3049 2501 3103 in
2539 3045 2710 3110 Filio,
2761 3055 2818 3103 et
2861 3046 3264 3102 lncarnationis
3311 3045 3463 3100 illius

1876 3157 2058 3214 praeco
2085 3155 2208 3196 esse
2245 3139 2530 3203 videatur;
2567 3153 2632 3192 ac
2661 3137 2900 3208 denique
2929 3151 3096 3192 verus
3133 3146 3193 3190 ut.
3231 3149 3464 3205 appare-

1877 3243 1962 3291 ret
2002 3233 2196 3300 Filius,
2244 3239 2298 3289 et
2333 3233 2464 3288 illud
2497 3231 2774 3303 propheta:
2817 3228 3138 3286 vaticinium
3169 3229 3459 3297 expleret:

1881 3328 1949 3384 Et
1969 3337 2085 3400 post
2107 3321 2216 3383 huic
2245 3328 2300 3381 in
2327 3337 2470 3381 terra
2492 3327 2635 3380 visus
2657 3333 2760 3389 est,
2795 3333 2847 3378 et
2883 3340 3000 3378 cum
3018 3320 3314 3377 hominibus
3345 3336 3465 3374 con-

1879 3427 2117 3474 versatus
2176 3427 2254 3472 est
2287 3416 2328 3469 ⁵.
2375 3415 2544 3486 Igitur
2597 3429 2628 3468 a
2673 3411 2912 3468 Iordane
2961 3410 3264 3481 digressus,
3311 3415 3464 3462 certo

1878 3525 2115 3579 vereque
2174 3523 2206 3562 a
2249 3507 2470 3563 diabolo
2499 3507 2555 3561 in
2579 3505 2801 3562 deserto
2828 3511 3080 3560 tentatus
3103 3509 3222 3568 est;
3252 3509 3307 3556 et
3339 3505 3465 3569 post

1875 3602 2144 3674 jejunium
2201 3600 2458 3666 esuriit’,
2505 3608 2564 3654 ut
2595 3598 2738 3668 quod
2787 3611 2930 3652 vera:
2987 3593 3140 3652 carni
3193 3599 3468 3662 suscepta:

1879 3703 2314 3749 consentaneum
2335 3699 2420 3746 est
2447 3691 2798 3761 exprimeret.
2839 3685 3153 3742 Secundum
3173 3683 3288 3737 base
3306 3681 3482 3738 disci-

1879 3787 2040 3858 pulos
2069 3785 2250 3858 elegit,
2274 3784 2560 3840 veritatem
2593 3779 2930 3852 prmdicavit,
2979 3775 3332 3848 aegritudines
3376 3789 3468 3830 sa-

1879 3879 2056 3944 navit,
2086 3877 2330 3940 dormiit,
2365 3875 2578 3937 esuriit,
2606 3875 2706 3929 iter
2745 3871 2893 3936 fecit,
2933 3867 3180 3941 prodigia
3207 3865 3466 3938 patravit,

1881 3981 2130 4028 mortuos
2160 3970 2434 4034 excitavit,
2458 3968 2621 4024 caecis
2643 3965 2822 4022 visum
2851 3961 3284 4034 repraesentavit,
3311 3959 3468 4014 clau-

1882 4067 1968 4122 dis
2000 4073 2053 4120 et
2097 4063 2416 4136 paralyticis
2463 4061 2608 4115 vires
2650 4059 2892 4114 restituit
2928 4052 3494 4128 :quiEvangelium,

1882 4158 2190 4220 veritatem,
2213 4169 2440 4225 regnum
2471 4153 2765 4215 calorum,
2806 4163 2962 4206 suam
2998 4147 3172 4218 ipsius
3194 4151 3249 4198 et
3285 4140 3468 4198 Patris

1881 4259 1936 4304 et
1967 4249 2203 4320 Spiritus
2229 4246 2408 4301 sancti
2447 4244 2751 4300 bonitatem
2793 4239 3300 4304 humanitatemque
3329 4249 3470 4304 prae-

1883 4339 2104 4394 dicavit.

1953 4430 2096 4485 ldem
2149 4430 2238 4485 ille
2275 4442 2442 4500 porro
2484 4439 2672 4483 revera
2711 4423 3021 4497 passionem
3072 4421 3126 4474 in
3165 4434 3264 4475 sua
3299 4433 3469 4474 carne

1881 4534 1934 4581 et
1966 4522 2204 4590 perlecta
2235 4521 2471 4578 hominis
2503 4529 2702 4574 natura
2736 4515 3024 4580 sustinuit,
3062 4529 3187 4570 vere
3217 4513 3272 4566 in
3303 4525 3470 4566 cruce

193 4615 254 4666 ἐν
281 4613 514 4684 ἀληθείᾳ
532 4615 623 4667 ἐπὶ
653 4613 748 4668 τοῦ
782 4613 1038 4686 σταυροῦ,
1059 4614 1324 4687 συνούσης
1353 4615 1502 4687 αὑτῷ
1534 4616 1634 4688 τῆς
1658 4617 1774 4671 θεό-

1885 4633 2080 4690 passus
2109 4624 2194 4674 est
2225 4636 2238 4672 :
2273 4616 2344 4670 ita
2387 4613 2606 4686 quidem
2647 4619 2706 4670 ut
2753 4612 2808 4666 in
2837 4625 2904 4666 eo
2946 4607 3207 4664 divinitas
3235 4607 3468 4664 exsiste-

190 4725 356 4779 τητος
381 4747 396 4770 ,
425 4707 540 4760 ἀλλ’
581 4709 642 4762 οὐ
669 4708 977 4780 τραπείσης
1003 4709 1084 4771 είς
1125 4709 1188 4761 τὸ
1216 4709 1448 4780 πάσχειν
1468 4752 1483 4776 ,
1518 4708 1686 4782 οῦσης
1722 4711 1782 4766 δὲ

193 4800 443 4866 ἀπαθοῦς
481 4802 576 4855 καὶ¹
607 4801 899 4874 ἀτρέπτου.
953 4801 1074 4854 Τῶν
1106 4799 1200 4854 δύο
1227 4799 1562 4856 ἀκολουθιῶν
1594 4802 1783 4873 σαφῶς

191 4892 670 4962 κατανοουμένων,
701 4889 938 4964 Χριστοῦ
967 4893 1267 4963 πάσχοντος
1296 4893 1438 4964 ὑπὲρ
1465 4893 1624 4966 ἡμῶν
1650 4913 1782 4968 σαρ-

193 4982 274 5050 κὶ,
305 4981 554 5043 ἀπαθοῦς
585 4981 642 5034 δὲ
675 4982 925 5052 μένοντος
970 4985 1028 5036 ὲν
1058 4983 1270 5054 θεότητι
1291 5002 1304 5015 ·
1338 4985 1400 5038 ού
1431 4985 1526 5038 τοῦ
1565 4986 1778 5059 ἀνθρὼ-

193 5088 300 5126 που
352 5071 472 5124 κατ’
508 5071 642 5125 ἰδίαν
670 5072 821 5136 ὄντος
840 5074 884 5140 ³,
915 5073 1050 5127 ἀλλά
1081 5075 1346 5146 συνούσης
1374 5075 1476 5146 τῆς
1505 5077 1778 5148 θεότητος,

195 5165 272 5238 μὴ
319 5164 637 5236 πασχούσης
683 5164 739 5218 δὲ
782 5165 868 5218 διὰ
906 5165 966 5218 τὸ
994 5167 1294 5238 ἀκραιφνὲς
1327 5169 1423 5221 καὶ
1448 5168 1781 5243 ἀσύγκριτον

191 5259 291 5328 τῆς
331 5257 523 5320 οὐσίας
551 5273 564 5287 ·
598 5257 899 5327 πάσχοντος
926 5257 984 5311 δὲ
1013 5260 1072 5311 ὲν
1106 5259 1291 5330 σαρκὶ,
1325 5261 1420 5315 καὶ
1443 5259 1780 5332 θανατουμέ-

193 5366 288 5402 νου
323 5349 382 5402 ὲν
415 5349 615 5420 σαρκὶ,
657 5347 858 5414 ζῶντος
889 5349 946 5402 δὲ
985 5351 1075 5403 ἀεὶ
1107 5350 1164 5402 ἐν
1221 5350 1468 5422 θεότητι,
1505 5355 1598 5406 καὶ
1639 5354 1783 5424 ἐγεί-

196 5457 385 5514 ροντος
427 5442 552 5505 τοὺς
583 5442 809 5513 νεκρούς
830 5459 843 5472 ·
875 5441 969 5496 τοῦ
999 5443 1250 5514 σώματος
1285 5445 1549 5515 ταφέντος
1571 5447 1629 5500 ὲν
1659 5447 1783 5518 ἁλη-

195 5533 318 5604 θείᾳ
339 5575 354 5600 ,
389 5535 486 5586 καὶ
517 5533 724 5605 ἀψύχου
779 5535 1059 5605 μείναντος
1092 5535 1152 5588 τὸ
1183 5538 1482 5610 τριήμερον
1510 5537 1682 5592 ἄπνου
1719 5556 1782 5592 τε

195 5625 290 5679 καὶ
331 5625 616 5696 ἀκινήτου,
656 5625 1020 5698 ἐνεὰηθὲντος
1055 5626 1111 5680 δὲ
1141 5627 1229 5681 διὰ
1251 5629 1351 5700 τῆς
1386 5629 1649 5696 σινδόνος,
1677 5649 1781 5685 κα-

293 5805 311 5836 ι
349 5821 440 5872 π).
475 5801 612 5858 Θεοῦ
643 5807 866 5874 σημεῖα.

193 5887 214 5920 ε
249 5873 448 5930 Matth.
479 5888 552 5938 tv,
587 5875 611 5930 l
645 5873 766 5948 sqq.

975 5808 994 5840 '
1019 5803 1174 5860 Adde
1208 5807 1302 5860 καὶ
1343 5808 1441 5878 τῆς
1491 5807 1744 5882 θεότητος
1796 5811 1916 5866 κατ’
1958 5811 2113 5866 ἰδίαν.

1885 4718 1991 4776 ret,
2017 4710 2110 4767 sed
2139 4710 2206 4764 ad
2245 4707 2560 4779 patiendum
2589 4705 2816 4760 minime
2848 4702 3066 4773 1138
3091 4715 3214 4757 sese
3243 4713 3471 4756 conver—

1887 4809 2046 4866 teret,
2078 4799 2174 4857 sed
2206 4800 2476 4872 passionis
2503 4813 2700 4869 expers
2721 4808 2770 4852 et
2815 4793 3172 4850 immutabilis
3203 4799 3466 4848 maneret.

1887 4892 2006 4960 Qua
2045 4893 2101 4948 in
2133 4908 2193 4948 re
2238 4891 2347 4947 duo
2391 4893 2481 4946 illa
2527 4899 2896 4946 consentanea
2934 4886 3240 4942 certissime
3269 4883 3472 4940 intelli-

1886 4995 2110 5058 guntur,
2141 4993 2200 5040 ut
2231 4995 2284 5040 et
2319 4985 2570 5041 Christus
2604 4997 2704 5054 pro
2735 4980 2896 5036 nobis
2932 4993 3099 5034 carne
3135 4978 3208 5032 sit
3247 4991 3470 5046 passus,

1888 5086 1942 5134 et
1977 5078 2250 5149 passionis
2293 5093 2490 5146 espers
2533 5077 2588 5130 in
2637 5073 2922 5128 divinitate
2958 5077 3277 5142 permaneat
3309 5087 3322 5122 :
3361 5083 3474 5121 non

1885 5171 2032 5242 quod
2072 5169 2310 5224 hominis
2349 5174 2545 5222 natura
2601 5181 2666 5220 ae
2709 5163 2972 5220 divinitas
3023 5166 3289 5231 separatae
3335 5173 3368 5212 a
3412 5171 3474 5212 se

1887 5263 2118 5317 invicem
2156 5261 2444 5324 exsistant,
2478 5259 2571 5315 sed
2614 5256 2832 5312 tametsi
2871 5269 2980 5309 una
3029 5267 3154 5308 cum
3193 5250 3284 5305 illa
3326 5258 3476 5306 esset

1885 5353 2167 5416 divinitas,
2201 5351 2336 5407 nihil
2369 5353 2442 5407 ob
2474 5351 2744 5408 sinceram
2777 5359 2831 5403 et
2863 5342 3341 5416 incomparabilem
3375 5357 3472 5396 na-

1887 5456 2066 5501 turam
2097 5454 2182 5502 est
2211 5461 2492 5517 perpessa.
2528 5443 2596 5499 At.
2636 5441 2889 5498 Christus
2935 5447 2991 5494 et
3029 5439 3084 5493 in
3127 5451 3294 5492 carne
3345 5451 3471 5505 pas-

1891 5557 1992 5598 sus
2021 5549 2129 5607 est,
2167 5550 2220 5597 et
2267 5542 2326 5596 in
2359 5555 2525 5595 carne
2555 5547 2729 5593 morte
2773 5543 2858 5592 est
2891 5533 3135 5597 allectus,
3177 5545 3300 5584 cum
3331 5529 3472 5582 inte-

1891 5634 2001 5690 rim.
2026 5632 2312 5689 divinitate
2355 5633 2471 5704 ipsa
2527 5631 2735 5686 viveret
2776 5642 2840 5682 ac
2887 5631 3134 5681 litortuos
3171 5620 3468 5681 excitaret;

2224 5812 2244 5844 ³
2267 5809 2455 5867 Matth.
2493 5825 2576 5878 in,
2605 5807 2671 5865 l3
2705 5822 2828 5880 sqq.
2931 5805 2953 5837 δ
2983 5801 3190 5860 Barueh
3249 5815 3332 5862 Ill,
3363 5791 3458 5851 38.
