3810 6216
405 333 514 388 885

1806 330 1861 384 S.
1906 326 2241 384 EPIPIIANII

3561 311 3660 365 888

407 457 610 513 corpus
673 457 802 498 vero
859 457 1046 497 revera
1094 445 1401 513 sepultum,
1459 459 1522 498 ac
1567 443 1747 499 triduo
1799 442 1980 496 anima

2106 439 2390 501 ἀτεθέντος
2418 438 2476 490 ἐν
2525 434 2602 507 τῷ
2655 435 2896 506 μνήματι
2923 473 2940 497 ,
2974 429 3421 500 συγκλεισθέντος
3448 425 3543 478 διὰ
3570 424 3660 476 τοῦ

406 550 603 590 carens
637 543 690 588 et
723 534 918 604 spiritu
952 544 1206 606 motuque
1235 536 1462 605 jacerct,
1507 536 1822 590 obvolutum
1864 535 1978 589 siu-

408 630 583 691 done,
625 626 680 680 in
737 627 1131 682 monimentum
1181 627 1521 699 depositum,
1574 626 1854 682 occlusum
1903 624 1980 678 la-

407 719 534 788 pide
571 734 634 773 ac
669 719 861 789 sigillis
902 719 1269 790 obsignatum.
1323 719 1507 791 Neque
1553 735 1681 774 vero
1731 719 1848 788 ipsa
1897 724 1982 770 est

408 811 670 866 conclusa
723 810 981 866 divinitas
1025 820 1120 865 aut
1150 811 1378 880 sepulta,
1433 811 1524 866 sed
1575 825 1697 864 cum
1741 808 1980 864 sanctis-

409 902 549 957 sima
591 903 710 971 ejus
741 903 922 957 anima
959 903 1026 958 ad
1057 901 1262 957 inferos
1305 898 1604 966 descendit,
1639 901 1983 970 indidemque

409 991 652 1062 captivas
699 991 910 1046 animas
959 992 1197 1062 eripuit;
1250 992 1528 1046 stimulum
1577 991 1768 1046 mortis
1815 987 1982 1044 infre-

409 1087 487 1158 git
519 1087 572 1151 ¹;
610 1085 847 1140 claustra
900 1093 954 1138 et
1008 1083 1382 1138 adamantinos
1436 1091 1616 1139 vectes
1654 1083 1899 1155 perrupit
1936 1083 1978 1148 ¹;

411 1177 606 1231 mortis
661 1175 878 1231 dolores
922 1189 1020 1230 sua
1063 1183 1329 1245 potestate
1377 1175 1626 1231 dissolvit
1666 1196 1678 1231 :
1718 1185 1833 1231 tum
1875 1191 1982 1230 una

412 1281 536 1321 cum
563 1265 741 1318 anima
771 1265 990 1319 emersit
1011 1263 1087 1318 ad
1119 1279 1366 1334 superos.
1409 1262 1538 1330 Qua:
1562 1265 1776 1335 quidem
1804 1265 1983 1318 anima

411 1356 637 1411 minime
665 1353 808 1425 apud
835 1355 1040 1410 inferos
1065 1357 1254 1410 relicta
1287 1357 1406 1423 fuit,
1439 1372 1613 1428 neque
1643 1372 1771 1412 caro
1793 1372 1984 1410 corru-

412 1447 652 1516 ptionem
688 1446 822 1500 vidit
855 1446 910 1512 a;
951 1461 1112 1516 quam
1143 1446 1399 1504 divinitas
1429 1465 1548 1518 quae
1589 1464 1710 1502 cum
1747 1449 1835 1502 illa
1862 1463 1987 1502 con-

409 1539 598 1608 juncta
627 1553 841 1607 semper
884 1548 1022 1603 erat,
1054 1538 1347 1605 excitavit;
1400 1549 1513 1593 tum
1561 1555 1682 1594 cum
1723 1539 1984 1596 Dominus

412 1631 532 1700 ipse
562 1627 706 1684 Deus
735 1643 798 1682 ac
839 1627 1092 1694 Verbum,
1126 1629 1329 1700 Deique
1359 1629 1530 1684 Filius
1561 1647 1684 1684 cum
1719 1633 1898 1686 anima
1931 1641 1986 1688 et

414 1737 666 1793 corpore,
698 1729 922 1792 totoque
960 1723 1096 1776 adeo
1129 1722 1493 1778 instrumento
1528 1724 1764 1779 surrexit
1800 1742 1814 1780 :
1844 1728 1983 1796 quod

413 1816 672 1886 deinceps
713 1817 856 1870 velut
888 1817 942 1870 in
983 1815 1233 1886 spiritum
1285 1817 1600 1884 conﬂatum,
1640 1834 1861 1885 corpus,
1902 1820 1986 1874 in-

414 1923 600 1978 quam,
639 1908 881 1978 spiritale
918 1908 1118 1962 factum
1163 1916 1267 1975 est,
1304 1909 1448 1979 quod
1494 1911 1620 1964 olim
1662 1912 1988 1966 contrectari

415 2008 648 2070 poterat,
693 2007 748 2056 et
788 2000 1069 2055 divinitate
1115 2001 1231 2070 ipsa
1264 2009 1456 2070 sponte
1488 2003 1850 2071 permittente,
1888 2001 1988 2057 lla-

415 2092 529 2162 gris
553 2093 858 2162 expositum
900 2091 1094 2158 fuerat,
1123 2103 1177 2149 et
1209 2093 1423 2149 Satanae
1474 2095 1862 2151 tentationibus
1899 2112 1991 2166 ap-

415 2182 663 2252 petitum,
699 2199 762 2239 ac
797 2184 947 2248 fami,
993 2201 1188 2241 somno
1210 2226 1226 2250 ,
1280 2187 1472 2250 labori,
1507 2189 1734 2243 tristitiae
1762 2203 1826 2243 ac.
1853 2205 1989 2244 moe-

417 2275 532 2330 rori
573 2276 864 2332 obnoxium
900 2295 911 2330 :
954 2277 1084 2331 illud
1129 2278 1306 2348 ipsum
1344 2290 1752 2334 sacrosanctum
1787 2295 1988 2352 corpus

419 2369 676 2439 deinceps
709 2384 832 2423 cum
865 2368 1147 2424 divinitate
1173 2369 1519 2440 conjunctum
1558 2371 1692 2438 fult;
1725 2389 1843 2443 qua:
1869 2389 1992 2440 per-

418 2471 584 2530 petuo
623 2473 746 2513 cum
773 2459 864 2513 illo
894 2459 1020 2512 dum
1070 2459 1174 2512 ista
1224 2467 1518 2530 pateretur,
1554 2460 1729 2516 fuerat
1759 2463 1991 2532 conjun-

422 2558 530 2606 cta.
565 2548 812 2605 Surrexit
853 2549 1018 2614 enim,
1052 2550 1337 2622 ipsumque
1381 2567 1580 2622 corpus
1617 2553 1670 2608 in
1699 2570 1865 2607 unum
1905 2570 1990 2610 se-

420 2658 545 2698 cum
599 2642 885 2712 spiritum,
942 2656 1216 2712 unamque
1272 2643 1700 2712 singularitatem
1753 2661 1816 2700 ac
1875 2648 1989 2718 glo-

418 2737 559 2789 riam
585 2732 1030 2802 diviuitatemque
1069 2732 1361 2802 copulavit.
1395 2731 1604 2789 Etenim
1649 2750 1835 2789 revera
1867 2744 1990 2806 post

419 2832 652 2882 mortem
691 2825 960 2896 apparuit,
1005 2832 1060 2879 et
1109 2839 1136 2878 a
1185 2823 1390 2879 Tlioma
1442 2832 1810 2882 contrectatus
1869 2836 1989 2894 est;

420 2926 478 2970 et
532 2933 656 2972 cum
708 2917 970 2987 apostolis
1033 2917 1381 2972 manducavit
1428 2925 1483 2972 et
1527 2918 1682 2983 bibit,
1735 2935 1798 2973 ac
1841 2920 1993 2975 deni-

422 3025 530 3079 que
574 3008 934 3079 quadraginta
962 3007 1078 3063 dies
1111 3009 1444 3079 totidemque
1491 3019 1677 3066 noctes
1721 3027 1845 3066 cum
1885 3013 1992 3068 illis

2080 533 2225 586 λίθου
2258 533 2352 585 καὶ
2379 529 2671 602 σφραγῖδος
2699 528 2806 582 τῶν
2829 526 3188 580 ἐπιτεθέντων
3206 541 3219 554 ·
3249 524 3375 591 οὐχὶ
3414 521 3520 587 τῆς
3534 519 3661 571 Θεό-

2079 641 2239 695 τητος
2274 621 2720 692 συγκλεισθείσης
2761 621 2873 691 (56)
2899 662 2914 685 ,
2949 619 3011 672 οὐ
3055 619 3153 687 τῆς
3191 617 3452 683 θεότητος
3478 612 3662 679 ττι-,εεὲ-

2083 733 2214 786 σης,
2251 713 2720 783 συγκατελθούσης
2745 713 2800 765 δέ
2820 716 2885 784 τῇ
2913 713 3058 781 ψυχῇ
3094 713 3160 780 τῇ
3192 709 3326 777 ἁγίᾳ.
3365 709 3450 767 εἰς
3479 707 3551 758 τὰ
3575 723 3666 756 u-

2081 807 2337 877 ταχθόνια
2358 847 2372 868 ,
2409 803 2634 875 ἐλούσης
2666 803 2873 856 ἐκεῖθεν
2905 802 3001 873 τὴν
3027 801 3134 854 τῶν
3160 799 3351 869 ψυχῶν
3388 795 3666 863 αἰχμαλω-

2084 898 2204 952 σίαν
2227 942 2240 960 ,
2277 896 2554 965 κλασάσης
2597 894 2822 966 κέντρον
2872 894 3139 954 θανάτου,
3190 886 3573 962 διαρῤτζξάστρς
3604 885 3666 936 τὰ

2083 989 2308 1059 κλεῖθρα
2340 987 2431 1041 καὶ⁵
2462 987 2587 1049 τοὺς
2648 986 2878 1056 μοχλοὺς
2926 985 3051 1047 τοὺς
3102 978 3506 1052 ἀδαμαντίνους
3530 1017 3547 1038 ,
3581 975 3667 1026 καὶ

2083 1080 2324 1150 λυσάσης
2351 1080 2540 1144 ὠδῖνας
2567 1078 2797 1133 Θανάτου
2831 1077 2852 1108 ⁷
2882 1078 2939 1129 ἐν
2987 1075 3094 1147 ἰδίᾳ
3123 1071 3383 1142 ἐξουσίᾳ,
3419 1065 3668 1122 ἀνελθοῦ-

2085 1187 2186 1240 σης
2217 1170 2313 1223 σὺν
2340 1172 2406 1240 τῇ
2450 1169 2593 1240 ψυχῇ
2616 1208 2630 1230 ,
2670 1167 2744 1238 μὴ
2774 1166 3026 1236 ἐαθείσης
3045 1165 3144 1234 τῆς
3173 1162 3358 1233 ψυχῆς
3393 1163 3477 1223 εἰς
3519 1158 3666 1228 ᾅδην,

2088 1263 2223 1335 μηδέ
2247 1263 2344 1333 τῆς
2373 1263 2573 1334 σαρκὸς
2600 1258 2909 1332 ἐωρακυίας
2931 1255 3250 1326 διαφθορὰν,
3279 1250 3666 1320 dvas-maia";

2085 1357 2255 1427 αὐτὴν
2285 1355 2384 1425 τῆς
2413 1354 2666 1423 θεότητος
2695 1352 2782 1403 ἀεὶ
2818 1349 3083 1419 συνούσης
3115 1348 3256 1417 αὐτῇ
3281 1362 3296 1376 ·
3338 1344 3670 1404 ἀναστάντκ

2087 1450 2184 1501 σὺν
2214 1449 2349 1517 αὐτῇ
2377 1445 2470 1498 τοῦ
2510 1442 2714 1514 Κυρίου
2745 1441 2879 1494 Θεοῦ
2904 1440 3078 1508 Λόγου
3103 1441 3200 1492 καὶ
3229 1435 3367 1490 Υἱοῦ
3397 1433 3540 1487 Θεοῦ
3585 1435 3671 1486 σὺν

2084 1539 2227 1609 ψυχῇ
2270 1538 2364 1590 καὶ
2398 1536 2606 1607 σώματι
2639 1536 2731 1588 καὶ
2753 1533 2916 1587 παντὶ
2962 1530 3036 1601 τῷ
3067 1529 3290 1592 σκεύει,
3341 1524 3669 1580 ουνενωθέν-

2085 1648 2177 1694 τος
2207 1630 2370 1684 αὐτοῦ
2403 1629 2495 1683 τοῦ
2550 1627 2777 1690 σκεύους
2828 1628 2907 1689 είς
2941 1623 3158 1694 πνεῦμα
3183 1663 3197 1685 ,
3230 1621 3372 1675 αὐτὸ
3420 1619 3486 1671 τὸ
3527 1618 3673 1686 σῶμα

2088 1723 2454 1793 πνευματικὸν
2515 1720 2797 1793 ὑπάρξαν.
2833 1718 2894 1770 τὸ
2947 1717 3077 1770 ποτέ
3131 1717 3244 1785 ἀς,ςῇ
3283 1711 3671 1780 ὑποκείμενον,

2089 1815 2182 1869 καὶ
2214 1813 2432 1886 μάστιξι
2470 1813 2768 1885 παραδοθὲν
2800 1810 3030 1880 ἑκουσίῳ
3057 1809 3156 1878 τῆς
3209 1807 3478 1876 θεότητος
3530 1803 3675 1870 θελή-

2091 1925 2240 1979 ματι.
2271 1908 2363 1961 καὶ
2387 1907 2746 1978 πειρασθῆναι
2777 1904 2885 1957 ὑπὸ
2917 1903 3010 1956 τοῦ
3039 1903 3255 1955 Σατανᾶ
3293 1897 3673 1968 συγχωρηθὲν,

2088 2001 2182 2053 καὶ
2209 2000 2368 2069 πείνᾳ
2399 1997 2818 2070 προσπελάζειν,
2843 1997 2937 2050 καὶ
2961 1994 3114 2065 ὕπνῳ
3150 1992 3248 2047 καὶ
3289 1992 3568 2061 καμάτῳ,
3594 1988 3675 2040 λύ-

2090 2105 2168 2161 πῃ
2209 2105 2268 2141 τε
2303 2089 2395 2142 καὶ
2435 2087 2717 2159 ἀδημονίᾳ.
2777 2085 2916 2139 Αὐτὸ
2948 2085 3009 2139 τὸ
3041 2084 3202 2155 σῶμα
3234 2083 3298 2136 τὸ
3345 2083 3512 2148 ἅγιον
3563 2096 3676 2130 aw-

2089 2180 2287 2234 ενωθὲν
2331 2180 2514 2234 λοιπὸν
2561 2179 2797 2250 θεότητι,
2833 2176 3257 2249 ἀπαραλείπτως
3294 2177 3399 2245 τῆς
3429 2173 3675 2240 θεότητος

2090 2271 2474 2342 συνηνωμένης
2500 2269 2578 2340 τῷ
2605 2267 2674 2322 τὰ
2694 2268 2916 2322 τοιαῦτα
2942 2266 3236 2319 πεπονθότι
3258 2263 3410 2334 ἁγίῳ
3446 2261 3670 2331 σώματι.

2102 2363 2324 2432 Ἀνέστη
2360 2361 2502 2434 γὰρ,
2536 2362 2629 2414 καὶ
2674 2362 2979 2431 συνήνωσεν
3027 2357 3158 2410 αὐτὸ
3195 2357 3277 2419 εἰς
3331 2355 3533 2410 ἑαυτὸν
3557 2395 3572 2414 ,
3603 2355 3673 2418 εἰς

2090 2452 2306 2524 πνεῦμα
2335 2453 2376 2515 ⁸,
2407 2454 2486 2516 εἰς
2516 2453 2642 2523 μίαν
2673 2451 2918 2522 ἑνότητα,
2950 2450 3029 2511 είς
3061 2448 3188 2518 μίαν
3222 2445 3578 2512 δοξολογξαν,
3604 2446 3672 2505 εἰς

2094 2546 2221 2617 μίαν
2252 2545 2444 2600 ἐαυτοῦ
2475 2545 2720 2615 θεότητα.
2759 2543 2975 2614 Πέφηνε
3033 2543 3128 2611 μὲν
3181 2539 3294 2610 γὰρ
3327 2540 3388 2591 ἐν
3432 2537 3669 2607 ἀληθεία,

2090 2639 2185 2694 καὶ
2219 2638 2541 2710 ἐψηλαφήθη
2583 2639 2687 2692 ὑπὸ
2713 2637 2808 2691 τοῦ
2843 2638 3047 2707 Θωμᾶ,
3082 2635 3176 2688 καὶ
3210 2636 3325 2696 τοῖς
3358 2630 3672 2690 ἀποστόλοις

2094 2732 2358 2802 συνέφαγε
2387 2733 2430 2796 ⁹,
2466 2731 2560 2783 καὶ
2598 2728 2925 2799 συναυλίσθη
2953 2730 2996 2759 ¹⁰
3023 2727 3135 2797 (57)
3175 2727 3292 2796 μετ’
3323 2724 3514 2777 αὐτῶν
3561 2740 3670 2774 τεσ-

2093 2825 2402 2897 σαράκοντα
2455 2824 2667 2895 ἡμέρας
2702 2823 2797 2877 καὶ
2853 2820 3262 2891 τεσσαράκοντα
3295 2817 3542 2880 νύκταςο
3567 2816 3668 2867 ἀλλ’

2093 2918 2304 2989 εἰσῆλθε
2341 2918 2520 2989 θυρῶν
2551 2915 2952 2987 κεκλεισμένων
2977 2953 2990 2977 ,
3029 2913 3122 2965 καὶ
3159 2911 3298 2982 μετὰ
3321 2910 3388 2962 τὸ
3421 2907 3670 2960 εἰσελθεῖν

2093 3013 2331 3066 ἐδείκνυε
2389 3011 2555 3084 νεῦρα
2593 3013 2686 3065 καὶ
2723 3013 2855 3064 ὀστᾶ
2885 3050 2899 3072 ,
2947 3010 3114 3061 τύπον
3158 3007 3307 3076 ἥλων
3367 3006 3466 3057 καὶ
3517 3003 3670 3054 τύπον

425 3108 782 3156 conversatus
824 3107 928 3155 est.
974 3099 1055 3154 Ad
1098 3100 1212 3154 haec
1261 3101 1498 3156 occlusis
1537 3101 1744 3158 foribus
1792 3103 1993 3174 ingres-

2106 3105 2295 3175 λόγχης
2317 3144 2332 3166 ,
2360 3105 2439 3158 ὅτι
2483 3104 2613 3156 αὐτὸ
2650 3099 2718 3176 ἦν
2756 3101 2969 3173 ἀληθῶς
2990 3101 3050 3152 τὸ
3077 3099 3257 3169 σῶμα.
3308 3099 3440 3149 Ὀτι
3470 3096 3526 3148 δέ
3558 3113 3667 3147 συν-

426 3209 545 3257 sus,
599 3207 797 3248 nervos
848 3202 901 3247 et
951 3207 1098 3256 ossa,
1138 3193 1522 3264 clavorumque
1566 3210 1630 3250 ac
1663 3197 1862 3251 lanceae
1899 3213 1994 3252 ve-

425 3285 589 3356 stigia
627 3285 970 3352 monstravit,
1014 3294 1067 3339 et
1113 3299 1299 3339 verum
1335 3300 1458 3342 esse
1503 3301 1700 3357 corpus
1755 3288 1993 3344 edocuit.

427 3378 585 3446 Quod
611 3387 792 3432 autem
841 3377 893 3430 iu
930 3392 1092 3430 unam
1137 3377 1474 3433 divinitatem
1500 3380 1848 3450 conjunctum
1885 3386 1998 3435 nul-

426 3472 535 3525 lam
576 3469 808 3540 amplius
848 3468 1157 3539 passionem
1187 3470 1400 3541 1139
1427 3472 1511 3527 vel
1547 3484 1774 3528 mortem
1805 3490 2000 3544 exspeo

428 3572 563 3630 ctet,
592 3564 678 3619 bis
719 3562 900 3617 verbis
929 3561 1168 3616 declarat
1197 3564 1490 3633 Apostolus
1522 3586 1533 3619 :
1571 3565 1813 3620 Surrexit
1841 3563 1999 3621 Chri-

429 3667 583 3719 stus;
621 3672 726 3710 non
776 3655 886 3721 iam
941 3655 1200 3716 moritur;
1251 3671 1393 3708 mors
1444 3655 1526 3708 illi
1573 3657 1717 3710 ultra
1771 3674 1874 3710 non
1912 3656 2002 3710 do-

429 3746 722 3799 minabitur
762 3746 806 3798 δ.
857 3743 1002 3800 ldem
1054 3760 1181 3815 ergo
1231 3746 1375 3814 quod
1430 3747 1541 3816 pati
1582 3755 1828 3817 poterat,
1872 3765 2000 3818 pas-

431 3839 604 3894 sionis
657 3853 852 3908 expers
895 3837 1112 3903 mansit,
1147 3837 1403 3894 divinitas
1461 3839 1670 3895 scilicet
1714 3855 1838 3893 cum
1879 3856 2002 3894 cor-

429 3947 563 4002 pore
591 3943 644 3987 et
678 3932 856 3985 anima
899 3945 963 3984 ac
1001 3937 1113 3984 tota
1139 3929 1476 3988 humanitate
1505 3931 1832 4001 conjuncta;
1863 3933 2003 3988 Deus

431 4024 550 4093 ipse
585 4039 678 4092 per
712 4038 852 4079 sese.
891 4022 994 4088 Qui
1040 4023 1341 4078 ascendens
1382 4024 1434 4077 in
1469 4025 1688 4088 cmlum,
1727 4025 1793 4078 ad
1827 4025 2008 4080 dexte-

430 4129 547 4166 ram
586 4111 766 4168 Patris
803 4113 1051 4168 consedit
1088 4113 1143 4167 in
1171 4114 1341 4184 gloria
1369 4115 1412 4176 ',
1438 4128 1547 4168 non
1585 4123 1642 4168 ut
1679 4129 1879 4184 corpus
1909 4113 2004 4169 de-

432 4214 682 4275 poneret,
725 4205 818 4261 sed
861 4213 919 4258 ut
962 4204 1016 4258 in
1048 4205 1209 4260 unius
1238 4205 1567 4274 perfectione
1610 4206 1912 4261 divinitatis
1951 4206 2006 4260 in

433 4299 678 4368 spiritale
727 4295 1004 4351 conﬂaret.
1057 4295 1522 4363 Quemadmodum
1573 4297 1687 4352 hinc
1733 4299 1848 4366 ipsa
1894 4313 2009 4352 cor-

431 4403 566 4458 pora
599 4394 806 4451 nostra,
847 4403 968 4457 quae
1021 4402 1167 4442 nunc
1209 4388 1462 4442 animalia
1507 4389 1864 4452 seminantur,
1899 4389 2010 4459 spi-

2098 3196 2243 3267 ήφθη
2279 3198 2359 3258 είς
2395 3195 2522 3265 μίαν
2555 3194 2802 3264 θεότητα,
2849 3191 3048 3264 μηκέτι
3086 3189 3409 3260 προσδοκῶν
3466 3189 3667 3246 παθεῖν,

2099 3288 2293 3360 μηκέτι
2324 3287 2699 3358 ἀποθνήσκων,
2740 3286 2815 3348 ὣς
2844 3301 3008 3354 φησιν
3056 3283 3084 3334 ὁ
3125 3282 3279 3349 ἅγιος
3322 3278 3665 3339 ’Λπόστολος-

2109 3381 2349 3448 Ἀνέστη
2389 3381 2601 3448 Κύριος
2626 3381 2690 3441 ¹¹,
2736 3378 2934 3432 οὐκέτι
2981 3372 3380 3438 ἀποθνήσκει,
3432 3372 3670 3436 θάνατος

2097 3469 2280 3524 αὐτοῦ
2324 3469 2524 3523 οὐκέτι
2576 3469 2852 3537 κυριεύει.
2905 3467 2978 3520 Τὸ
3007 3465 3245 3536 παθητὸν
3273 3465 3318 3494 η
3351 3462 3562 3523 ἀπαθὲς
3598 3463 3670 3513 ἀεὶ

2102 3562 2291 3632 μένον,
2323 3562 2383 3614 τὸ
2411 3561 2590 3616 θεῖκὺν
2623 3563 2718 3615 σὺν
2754 3560 2966 3631 σώματι
3000 3558 3094 3612 καὶ
3122 3557 3270 3627 ψυχῇ
3304 3555 3405 3609 καὶ
3441 3555 3587 3626 πάσῃ
3613 3556 3668 3622 τῇ

2100 3655 2507 3727 ἐνανθρωπήσει
2538 3672 2551 3685 ·
2585 3655 2748 3718 αὐτὸς
2781 3655 2914 3717 Θεὸς
2950 3653 2995 3685 ¹⁸
3044 3651 3152 3713 ὢν,
3201 3649 3449 3703 ἀνελθὼν
3497 3648 3552 3700 δέ
3603 3649 3668 3708 εἰς

2100 3750 2392 3820 οὐρανοὺς,
2447 3748 2700 3802 ἐκάθισεν
2751 3750 2809 3801 ἐν
2859 3747 3010 3819 δεξιᾷ
3042 3745 3135 3799 τοῦ
3175 3744 3395 3814 Πατρός
3432 3744 3489 3795 ἐν
3535 3741 3666 3811 δόξῃ,

2102 3844 2202 3895 οὐκ
2244 3840 2577 3912 ἀποθέμενος
2606 3841 2666 3893 τὸ
2695 3840 2850 3909 ἅγιον
2887 3839 3067 3909 σῶμα,
3101 3837 3235 3892 ἀλλὰ
3270 3835 3581 3895 συνενώσας
3605 3835 3668 3893 εἰς

2105 3935 2471 4006 πνευματικὸν
2519 3936 2575 3990 ἐν
2622 3933 2920 4006 τελειότητι
2976 3933 3105 4004 μιᾶς
3134 3930 3394 4000 θεότητος
3419 3945 3433 3957 ·
3474 3927 3549 3988 ὡς
3591 3925 3668 3977 καὶ

2104 4027 2173 4080 τὰ
2204 4023 2654 4094 ἡμῶνσωματικὰ
2670 4022 2827 4095 μέλη,
2860 4023 2928 4077 τὰ
2953 4022 3047 4075 νῦν
3088 4022 3429 4092 σπειρόμενα
3460 4016 3665 4088 ψυχικᾶ.

2106 4118 2408 4188 ἐγείρονται
2455 4118 2832 4187 πνευματικά·
2873 4117 2942 4169 τά
2983 4114 3077 4168 νῦν
3113 4114 3454 4186 σπειρόμενα
3484 4114 3542 4163 ἐν
3569 4111 3669 4177 φθο-

2111 4213 2210 4281 ρᾷ.
2239 4210 2542 4281 ἐγείρονται
2576 4211 2634 4261 ἐν
2677 4208 2983 4279 ἀφθαρσίᾳ·
3021 4207 3089 4261 τὰ
3127 4205 3222 4259 νῦν
3266 4205 3599 4275 σπειρόμενα
3623 4203 3668 4251 ἐν

2108 4301 2356 4372 θανάτῳ,
2396 4303 2698 4375 ἐγείρονται
2735 4303 2793 4354 ἐν
2821 4301 3108 4371 ἀθανασίᾳ.
3140 4301 3204 4352 Εἰ
3230 4299 3414 4351 τοίνυν
3448 4299 3517 4348 τὰ
3556 4295 3669 4365 ﬁgi-

2109 4412 2241 4465 τερα
2273 4394 2474 4458 οὕτως,
2522 4395 2672 4464 πόσῳ
2720 4411 2784 4463 γε
2834 4394 3032 4463 μᾶλλον
3087 4394 3261 4445 ἐκεῖνο
3292 4391 3354 4441 τὸ
3410 4389 3562 4455 ἅγιον
3595 4388 3668 4438 κιιί

431 4482 575 4536 ritali
608 4480 840 4550 quadam
877 4479 1186 4535 conditione
1217 4490 1546 4552 resurgunt:
1586 4496 1728 4551 quae,
1762 4483 1993 4551 inquam.

2111 4486 2501 4558 ἀνεκδιήγητον
2528 4529 2541 4550 ,
2596 4489 2689 4539 καὶ
2728 4485 3057 4557 ἀσύγκριτον
3117 4483 3212 4535 καὶ
3265 4484 3566 4554 ἀκραιφνὲς
3607 4477 3668 4546 τῷ

431 4590 558 4626 cum
588 4573 940 4642 corruptione
989 4582 1263 4636 seruntur,
1293 4589 1414 4627 cum
1455 4574 1862 4644 incorruptione
1892 4590 2008 4628 sur-

431 4675 568 4734 gunt
599 4681 613 4717 :
651 4678 772 4732 quae
813 4663 868 4716 in
912 4670 1086 4718 morte
1134 4664 1495 4730 seminantur,
1531 4679 1651 4718 cum
1684 4666 2006 4720 immortali-

433 4764 545 4810 tate
592 4763 884 4827 resurgunt
915 4755 955 4809 ⁸.
988 4754 1195 4821 Quodsi
1237 4756 1500 4826 ejusmodi
1542 4773 1767 4826 corpora
1823 4767 2010 4812 nostra

431 4849 618 4902 futura
657 4855 805 4911 sunt,
838 4858 1042 4917 quanto
1063 4849 1235 4918 magis
1264 4847 1668 4903 sanctissimum
1695 4847 1828 4901 illud
1854 4847 2012 4902 Chri-

433 4941 504 4996 sti
536 4956 757 5011 corpus,
791 4939 936 5010 quod
967 4939 1131 4994 nullis
1158 4939 1337 4994 verbis
1365 4939 1642 5009 explicari,
1683 4955 1859 5010 neque
1886 4957 2009 4994 cum

432 5033 543 5086 ulla
576 5048 636 5088 re
663 5030 967 5101 comparari
1008 5037 1187 5100 potest
1219 5048 1231 5084 :
1264 5030 1418 5093 illud,
1471 5030 1710 5100 inquam,
1763 5031 2016 5087 sinceris-

432 5141 635 5187 simum
669 5140 734 5179 ac
761 5123 874 5180 Deo
915 5124 1292 5194 conjunctum,
1337 5123 1613 5193 singulare
1661 5124 1916 5194 deinceps
1959 5133 2012 5179 et

505 5285 520 5312 ¹
556 5282 574 5335 l
604 5283 730 5337 Cor.
764 5299 862 5347 ιν,
896 5282 984 5338 55.
1059 5285 1080 5316 ¹
1109 5283 1253 5338 Psal.
1282 5297 1390 5342 CVI,
1431 5281 1517 5341 l6.

430 5368 522 5414 xv,
551 5353 620 5406 4'2
659 5370 779 5424 sqq.
879 5353 898 5383 ⁷
926 5372 1014 5424 πρ.
1057 5354 1202 5424 ᾅδου.
1318 5356 1448 5421 “rp.
1501 5353 1558 5406 ἓν
1593 5353 1825 5423 πνεῦμα.

1594 5281 1781 5336 'Psal.
1808 5298 1895 5347 xv,
1932 5282 2034 5346 15;
2069 5283 2190 5336 Act.
2229 5300 2290 5346 ιτ,
2322 5283 2412 5340 9.7.

1937 5352 2100 5405 9Alia
2137 5354 2297 5410 lectio
2357 5356 2528 5418 addit,
2599 5357 2690 5410 καὶ
2762 5354 2997 5408 συνέπιε.

2111 4579 2230 4650 Θεῷ
2259 4579 2631 4649 συνηνωμένον
2655 4619 2669 4641 ,
2724 4579 2785 4631 τὸ
2837 4577 2894 4629 ἒν
2947 4577 3004 4628 ὃν
3034 4575 3215 4628 λοιπὸν
3258 4574 3560 4646 μονοειδές
3600 4573 3667 4629 Ὡς

2114 4674 2207 4728 καὶ
2257 4674 2314 4725 ἐν
2346 4674 2520 4743 τούτῳ
2560 4673 2925 4743 ἐπιμαρτυρεῖ
2973 4673 3001 4724 ό
3056 4669 3378 4730 Ἀπόστολος
3408 4708 3424 4730 ,
3484 4666 3664 4733 λέγων’

2116 4765 2185 4815 El
2237 4762 2333 4815 καὶ
2365 4761 2711 4832 ἐγνώκαμεν
2759 4761 2909 4814 κατὰ
2940 4761 3140 4830 σάρκα
3188 4759 3486 4827 Χριστὸν,
3535 4753 3666 4809 ἀλλὰ

2115 4851 2234 4905 νῦν
2261 4854 2461 4906 οὐκέτι
2501 4851 2872 4922 γινώσκομεν
2899 4871 2912 4884 ο
2943 4853 3040 4922 οὐχ
3074 4853 3155 4904 ὅτι
3187 4850 3348 4902 διεῖλε
3389 4850 3491 4917 τὴν
3519 4848 3666 4915 signa

2117 4943 2224 4994 ἀπὸ
2273 4945 2372 5014 τῆς
2420 4943 2672 5013 θεότητος
2709 4983 2722 5008 ,
2770 4943 2905 4999 ἀλλά
2952 4945 3123 5014 αὐτὴν
3182 4941 3453 5012 μένουσαν
3487 4939 3564 5000 ¹δ,
3592 4936 3665 4989 καὶ

2116 5034 2236 5105 Θεῷ
2283 5037 2668 5108 συνηνωμένην
2696 5077 2710 5099 ,
2759 5036 2955 5106 μηκέτι
3002 5036 3058 5088 δὲ
3097 5031 3260 5088 οὖσαν
3305 5031 3448 5085 κατά
3498 5031 3662 5097 σάρκα.

2119 5127 2256 5180 ἀλλὰ
2281 5135 2429 5183 κατὰ
2458 5130 2694 5200 πνεῦμα
2731 5132 2773 5162 ’⁵
2800 5130 3172 5200 ἁγιωσύνης,
3203 5126 3272 5191 ἐξ
3307 5123 3660 5182 ἀναστάσεως

2489 5286 2510 5316 ⁸
2540 5285 2697 5337 Rom.
2726 5301 2801 5344 vt,
2829 5285 2881 5337 9.
2940 5284 2961 5313 ⁸
2989 5280 3144 5335 Rom.
3182 5297 3296 5334 vttt.
3323 5280 3413 5334 54.
3477 5279 3498 5308 ⁸
3525 5273 3659 5348 Ιίέθΐἶ

2489 5368 2526 5402 1-
2599 5357 2690 5402 καὶ
2762 5354 2997 5402 συνέπιε.
3101 5353 3143 5382 ¹⁰
3174 5352 3294 5402 Act.
3356 5367 3394 5402 l.
3470 5348 3555 5402 sed
3603 5345 3658 5394 ΠΗ

3174 5367 3294 5404 ACl.
3356 5367 3394 5406 Ι.

435 5413 862 5509 σξναλισθέκξτων
897 5413 1112 5509 legitur.
1200 5425 1265 5506 3'
1428 5424 1676 5494 Χριστός.
1733 5413 1789 5509 Ἶξ
1828 5423 1902 5476 Ita
1939 5439 1993 5477 ca

2107 5428 2293 5479 auat-io
2331 5413 2637 5482 correctum
2663 5435 2765 5481 est.
2842 5425 2988 5492 "ap.
3045 5420 3314 5482 αύτόθεος.
3393 5420 3436 5450 ³⁸
3479 5435 3554 5486 ἴῬο
3584 5413 3657 5482 μὲν

431 5489 615 5548 οὖσαν.
711 5496 752 5528 ⁸⁸
790 5513 879 5565 ῃο.
920 5489 1061 5548 κατὰ
1095 5489 1347 5567 πνεῦμα,⁷
1371 5494 1446 5558 ὣς
1475 5489 1628 5564 φησι,
1661 5493 1802 5546 κατά
1824 5510 1977 5548 πνευ.

507 5647 623 5719 (56)
653 5650 798 5715 Οὐχὶ
836 5648 947 5720 τῆς
981 5651 1272 5717 Θεότητος
1305 5650 1832 5720 συγκλεισθείσης.
1872 5645 2019 5720 AYidc

435 5717 558 5789 qua:
604 5717 671 5771 de
715 5720 801 5770 illa
851 5717 1138 5791 Epiphauii
1179 5717 1714 5791 opiuiouvegdiximus
1743 5721 1808 5775 ad
1868 5717 2018 5774 Fidei

436 5791 814 5860 mpositt‘onem
845 5804 994 5842 num.
1035 5789 1120 5844 Π.

2203 5647 2312 5716 (57)
2340 5645 2745 5710 Σιινίιυλίσθη.
2787 5642 3047 5716 Eumdem
3070 5712 3079 5716 Δ
3102 5639 3248 5716 ltunc
3277 5638 3454 5716 locum
3476 5632 3578 5690 vide
3595 5630 3650 5689 ci-

2130 5708 2241 5772 tato
2273 5708 2396 5772 mox
2440 5720 2492 5770 iu
2529 5708 2758 5773 uutneru
2792 5716 2855 5768 l7
2884 5711 3239 5782 Expositionis
3272 5708 3416 5778 fidei.
