3810 6216
55 291 159 346 835

1379 291 2048 350 ANACEPHALASOSIS.

3211 292 3346 350 ρεστ

58 400 286 471 νεκρῶν
327 403 442 458 τοῦ
471 403 692 472 Κυρίου
729 403 899 474 ἡμῶν
945 405 1148 474 Ἰησοῦ
1189 405 1467 472 Χριστοῦ.
1509 404 1645 458 Τοῦ-

1765 406 2070 460 mil‘orme?
2106 403 2260 472 Quod
2309 404 2524 476 quidem
2558 390 2854 475 Apostolus
2907 406 3006 460 hac
3053 409 3339 460 sententia

59 512 146 548 τον
170 493 308 564 ὁμοῦ
353 495 490 548 θεὸν
524 496 539 528 ¹
574 495 770 566 ἔχουσα
793 536 809 562 ,
854 497 1038 568 ἅπαθῆ
1077 499 1170 551 καὶ
1213 497 1451 551 παθόντα
1471 539 1486 561 ,
1551 499 1644 550 καὶ

62 586 296 655 ταφέντα
329 588 432 641 καὶ
461 587 766 642 ἀναστάντα
805 591 898 643 καὶ
945 588 1237 643 ἀνελθόντα
1269 591 1326 642 ὲν
1357 588 1512 662 δόξῃ,
1553 590 1644 660 ὲρ-

64 681 286 749 χύμενον
342 682 531 750 κρῖναι
578 679 786 744 ζῶντας
819 682 911 734 καὶ
942 682 1202 752 νεκροὺς,
1243 680 1318 746 ῶς
1351 698 1550 752 φησιν,
1584 682 1643 735 ὲν

65 767 285 839 ἀληθεία
306 809 322 832 ,
363 765 452 825 Οὖ
481 769 594 839 τῆς
615 771 941 838 βασιλείας
968 775 1079 826 οὐκ
1107 773 1279 826 ἔσται
1304 771 1502 838 τέλος.

1747 506 2016 553 testatur:
2051 496 2121 551 Et
2156 499 2202 552 si
2239 497 2506 561 novimus,
2548 497 2745 567 inquit.
2790 498 3071 552 secundum
3115 512 3324 550 carnem

1745 584 2035 652 Christum,
2064 602 2166 640 non
2187 587 2304 656 jam
2330 587 2688 656 cognoscimus
2717 588 2766 653 ';
2798 603 2904 642 non
2935 587 3077 658 quod
3107 602 3324 642 carnem

1746 692 1777 730 a
1805 677 2089 733 divinitate
2129 677 2450 748 sejunxerit,
2499 676 2590 733 sed
2621 679 2766 748 quod
2813 679 3042 733 exsistat
3080 678 3169 731 illa
3205 677 3328 747 qui-

1744 771 1888 833 dem,
1926 785 1992 824 ac
2029 787 2152 826 cum
2213 770 2320 825 Deo
2352 771 2647 842 jungatur;
2693 787 2882 824 verum
2938 787 3046 824 non
3096 771 3330 839 amplius

68 863 361 917 secundum
426 877 682 929 carnem,
739 867 833 921 sed
887 867 1186 922 secundum
1230 867 1481 938 spiritum
1523 867 1614 931 sit,
1668 872 1728 920 ut
1785 866 2013 936 ipsemet
2075 867 2287 933 asserit,
2343 866 2625 934 secundum
2657 867 2899 934 spiritum
2945 867 3330 935 sanctiﬁcatio—

68 958 164 1018 nis,
198 972 263 1010 ex
294 961 680 1014 resurrectione
714 971 1042 1015 mortuorum
1070 963 1286 1017 Domini
1309 963 1480 1017 nostri
1544 962 1675 1016 Jesu
1712 961 1912 1016 Christi
1937 961 1980 1015 ⁸.
2046 960 2204 1016 Hune
2256 962 2421 1033 igitur
2465 963 2707 1018 Ecclesia
2765 963 2924 1019 simul
2979 963 3145 1016 Deum
3207 976 3331 1017 esse

72 1047 368 1119 proﬁtetur,
413 1052 688 1119 passionis
735 1063 1010 1124 expertem
1053 1065 1106 1110 et
1149 1071 1394 1126 passum,
1438 1054 1530 1126 qui
1577 1054 1823 1124 sepultus
1852 1055 1943 1118 sit,
1976 1054 2357 1118 resurrexerit,
2388 1067 2510 1107 cum
2575 1054 2745 1124 gloria
2801 1053 3000 1109 coelum
3059 1066 3330 1106 conscen-

72 1145 222 1205 derit,
247 1153 544 1200 venturum
576 1147 816 1205 indidem
839 1149 1090 1221 judicare
1126 1153 1285 1209 vivos
1315 1160 1370 1207 et
1394 1159 1659 1216 mortuos,
1690 1150 1853 1221 idque
1887 1151 2024 1206 adeo
2065 1165 2192 1206 vere
2232 1151 2308 1205 uti
2354 1150 2561 1204 dictum
2604 1158 2689 1205 est

73 1245 165 1296 erit
191 1241 312 1310 ﬁnis
343 1241 387 1296 ⁵.

141 1338 246 1391 Καὶ
271 1339 383 1411 γὰρ
409 1341 506 1395 καὶ
539 1343 780 1397 πιστεύει
808 1346 841 1415 ἡ
869 1344 1024 1416 ἡμῶν
1047 1348 1066 1377 ¹
1100 1346 1240 1418 αὕτη
1281 1349 1314 1418 ἡ
1344 1347 1473 1416 ἁγία
1522 1347 1645 1399 Ἐκ·

81 1429 264 1499 κλησία
289 1469 305 1493 ,
337 1431 437 1484 κα)⁸
489 1432 564 1496 ὡς
594 1434 731 1506 αὐτῇ
777 1434 991 1507 ἀληθῶς
1029 1439 1398 1510 κεκήρυκται,
1432 1436 1647 1509 ἀληθῶς

80 1523 519 1593 προστέτακται·
587 1527 669 1582 ὅτι
732 1530 1179 1603 κοιμηθησόμεθα
1240 1533 1480 1599 πάντες,
1554 1535 1649 1586 καὶ

83 1616 493 1688 ἀναστησόμεθα
538 1619 634 1672 σὺν
665 1620 878 1692 σώματι
921 1622 1124 1694 τούτῳ,
1157 1626 1254 1678 σὺν
1281 1623 1425 1696 ψυχῇ
1455 1623 1646 1697 ταύτῃ,

85 1709 172 1761 σὺν
205 1711 365 1762 παντὶ
394 1709 476 1780 τῷ
503 1711 755 1784 ἡμετέρῳ
789 1713 1005 1768 σκεύει·
1034 1716 1120 1770 ἵνα
1138 1716 1368 1780 ἕκαστος
1400 1716 1648 1788 ἀπολάϐῃ

86 1801 209 1873 πρὸς
248 1801 284 1856 ἃ
329 1801 592 1874 ἔπραξεν.
634 1805 756 1858 Ὅτι
785 1807 896 1878 γὰρ
937 1808 1228 1872 ἀνάστασις
1284 1809 1526 1880 νεκρῶν,
1557 1810 1650 1862 καὶ

85 1892 249 1962 κρίσις
274 1893 496 1958 αἰώνιος
548 1897 642 1950 καὶ
675 1897 920 1967 βασιλεία
965 1900 1212 1972 οὐρανῶν
1254 1901 1346 1953 καὶ
1406 1900 1652 1955 ἀνάπαυ-

89 2002 162 2048 σις
189 1989 295 2048 τοῖς
318 1986 556 2051 δικαίοις
590 1989 684 2042 καὶ
716 1989 1052 2062 κληρονομία
1077 1993 1282 2048 πιστῶν
1345 1994 1438 2047 καὶ
1492 1994 1654 2066 χορὸς

90 2072 464 2147 μετ”ἁγγέλων
487 2122 500 2144 ,
530 2080 639 2135 τῶν
672 2084 1052 2156 τετηρηκότων
1085 2085 1184 2157 τὴν
1216 2086 1397 2141 πίστιν
1430 2087 1524 2139 καὶ
1554 2086 1652 2157 τὴν

89 2170 293 2238 ἁγνείαν
328 2171 422 2224 καὶ
455 2171 556 2244 τὴν
585 2172 775 2228 ἐλπίδα
809 2176 1022 2240 καὶτὰς
1055 2176 1148 2230 τοῦ
1183 2178 1384 2250 Κυρίου
1410 2177 1652 2244 ἐντολὰς,

89 2262 284 2333 ἀληθῶς
331 2265 450 2317 ἐστι
471 2307 489 2329 ,
535 2267 628 2319 καὶ
659 2269 992 2339 κεκήρυκται
1027 2272 1120 2324 καὶ
1151 2271 1481 2341 ὴσφάλισται
1504 2313 1519 2334 ,
1561 2271 1654 2324 καὶ

93 2354 386 2410 πιστεύεται
413 2357 501 2410 ὅτι
524 2350 671 2412 οὗτοι
698 2361 1092 2432 ᾁναστήσονται
1120 2364 1198 2426 είς
1233 2363 1377 2434 ζωὴν
1411 2362 1650 2428 αἰώνιον,

97 2445 180 2498 καὶ
204 2441 340 2501 οὗτοι
381 2450 462 2512 είς
509 2451 694 2521 κρίσιν
725 2452 975 2517 αἰώνιον,
1005 2455 1143 2507 κατᾶ
1170 2455 1231 2507 τὸ
1269 2455 1653 2526 γεγραμμένον

101 2541 150 2591 ὲν
182 2542 284 2602 τοῖς
325 2541 703 2610 Εὑαγγελίοις.
735 2545 878 2598 Ὅσα
917 2547 1025 2618 γὰρ
1075 2546 1222 2615 λέγει
1261 2549 1289 2600 ὁ
1335 2547 1652 2611 Ἀπόστολος

99 2629 182 2680 καὶ
222 2631 385 2683 πᾶσαι
425 2634 481 2684 αἱ
517 2631 674 2701 ἅγιαι
709 2634 924 2705 Γραφαὶ
951 2675 965 2698 ,
1023 2635 1198 2707 άληθῆ
1255 2636 1550 2707 τυγχάνει·
1604 2638 1653 2690 εί

102 2722 184 2773 καλ⁸
216 2722 360 2794 παρὰ
403 2725 518 2788 τοῖς
567 2726 902 2798 ἀπιστήσασι
953 2727 1048 2780 καὶ
1098 2729 1284 2793 κακῶς
1343 2729 1654 2801 νεναηκόσιν

101 2814 280 2885 ἑτέρως
306 2815 769 2886 ὑπολαμϐάνεται.
811 2819 972 2890 Ἡμῖν
999 2819 1058 2872 δὲ
1088 2819 1228 2892 αὕτη
1272 2823 1305 2893 ἡ
1334 2821 1517 2885 πίστις
1559 2822 1656 2876 καὶ

102 2904 222 2976 αὕτη
247 2908 278 2977 ἡ
306 2908 470 2979 τιμὴ,
497 2910 593 2962 καί⁵
622 2908 760 2980 αὕτη
792 2913 824 2982 ἡ
856 2914 1038 2984 μήτηρ
1065 2912 1221 2984 ἡμῶν
1251 2915 1283 2983 ἡ
1337 2912 1652 2986 Ἐκκλησία,

104 2995 179 3048 διὰ
209 2997 433 3063 πίστεως
464 2999 714 3066 σώζουσα
746 3002 855 3074 (58)
880 3045 894 3070 ,
932 3007 1026 3058 καὶ⁵
1054 3005 1120 3058 δι’
1149 3005 1363 3070 ἐλπίδος
1392 3023 1656 3077 κρατυνο-

111 3085 227 3159 μένη
276 3089 368 3142 καὶ
418 3091 608 3165 ἀγάπῃ
659 3095 936 3166 Χριστοῦ,
972 3097 1321 3171 τελειουμένη
1372 3098 1428 3152 ἔν
1475 3118 1536 3160 τε
1587 3102 1652 3172 τῇ

2740 1167 2755 1204 :
2819 1151 2984 1221 Cujus
3030 1151 3175 1218 regni
3228 1165 3332 1202 non

1822 1337 1957 1392 Nam
2001 1347 2056 1394 et
2106 1337 2212 1392 hoc
2255 1345 2444 1392 sancta
2494 1336 2611 1408 ipsa
2659 1345 2832 1391 mater
2880 1335 3140 1400 Ecclesia,
3185 1339 3354 1409 quod.

1752 1446 1879 1488 vere
1908 1431 2013 1486 sibi
2043 1429 2393 1502 medicatum
2441 1445 2676 1500 vereque
2717 1431 3030 1483 mandatum
3071 1437 3176 1493 est,
3212 1447 3335 1486 cre-

1754 1522 1870 1579 dit:
1909 1523 2233 1578 moriturum
2277 1539 2719 1593 unumquemque
2760 1530 3005 1578 nostrqu
3041 1539 3104 1579 ac
3151 1540 3335 1580 resur-

1756 1626 2032 1672 recturum
2055 1633 2178 1672 cum
2208 1617 2310 1672 hoc
2337 1617 2456 1684 ipso
2484 1631 2734 1686 corpore,
2762 1631 2886 1670 cum
2910 1615 3098 1672 eadem
3129 1617 3348 1684 anima,

1756 1727 1881 1767 cum
1913 1720 2026 1766 toto
2056 1711 2158 1765 hoc
2182 1711 2568 1772 instrumento,
2597 1707 2830 1779 denique
2864 1719 2922 1762 ut
2958 1708 3186 1778 quilibet
3216 1724 3334 1764 me-

1756 1804 1878 1860 ritis
1927 1804 2043 1859 suis
2088 1809 2456 1858 Consent-anea
2503 1801 2729 1874 praemia
2788 1800 3056 1872 percipiat
3103 1801 3144 1855 ⁸.
3196 1799 3332 1854 Nam

1753 1897 1900 1970 quod
1926 1909 2267 1953 mortuorum
2296 1898 2482 1952 futura
2503 1896 2836 1953 resurrectio
2863 1897 2933 1952 sit
2955 1903 3116 1970 atque
3134 1904 3336 1952 aeterna

1753 1992 2056 2055 damnatio,
2084 1993 2418 2062 caelesteque
2439 2007 2690 2062 regnum,
2720 1999 2775 2046 et
2788 1990 3062 2061 justorum
3094 1990 3250 2060 quies
3273 2004 3339 2045 ac

1754 2083 1991 2139 ﬁdelium
2023 2084 2334 2148 hereditas,
2369 2084 2783 2153 communisque
2808 2098 2932 2138 cum
2977 2082 3184 2153 angelis
3213 2082 3338 2136 cho-

1753 2195 1848 2234 rus
1908 2179 2000 2234 iis
2028 2179 2360 2234 constitutus
2407 2178 2500 2250 qui
2548 2177 2707 2232 ﬁdem
2756 2183 2812 2232 et
2857 2176 3236 2232 castimoniam
3283 2185 3339 2232 et

1752 2288 1904 2342 spem
1956 2287 2021 2326 ac
2073 2271 2290 2325 Domini
2333 2278 2599 2340 praecepta
2644 2270 2936 2334 servarint,
2986 2269 3336 2325 verissimum

1753 2372 1872 2428 est;
1905 2362 2070 2434 idque
2111 2370 2166 2417 et
2205 2363 2560 2434 praedicatum
2592 2368 2646 2416 et
2676 2361 2978 2415 certissime
3017 2361 3342 2431 comproba-

1757 2465 1869 2510 tum
1895 2463 1948 2510 et
1974 2455 2284 2511 creditum:
2331 2439 2587 2524 quoniam
2633 2454 2689 2508 hi
2747 2459 3032 2523 resurgent
3074 2453 3128 2506 in
3175 2452 3342 2506 vitam

1760 2545 1972 2618 1140
1998 2554 2276 2612 aeternam,
2306 2554 2359 2601 et
2404 2546 2491 2600 isti
2522 2545 2574 2599 in
2616 2545 2884 2614 judicium
2915 2554 3180 2598 aeternum
3203 2544 3248 2606 ⁷,
3284 2551 3350 2595 ut

1755 2635 1811 2690 in
1863 2635 2156 2706 Evangelio
2206 2637 2468 2704 scriptum
2519 2646 2618 2690 est.
2677 2634 2812 2688 Nam
2870 2648 3208 2704 quaecunque
3259 2633 3343 2686 vel

1754 2727 2044 2798 Apostolus
2081 2727 2164 2782 vel
2199 2742 2356 2781 sacra
2391 2728 2567 2782 omnis
2601 2725 2886 2796 Scriptura
2926 2733 3182 2789 testatur,
3215 2738 3342 2775 vera

1757 2827 1906 2884 sunt,
1932 2819 2059 2874 licet
2085 2817 2332 2874 inﬁdeles
2369 2833 2434 2873 ac
2467 2833 2749 2889 perperam
2782 2817 3146 2888 intelligentes
3186 2815 3344 2870 aliter

1755 2911 2089 2967 existiment.
2131 2909 2301 2966 Nobis
2331 2927 2458 2966 vero
2493 2927 2555 2965 ea
2585 2910 2804 2966 demum
2840 2909 2973 2964 ﬁdes
3004 2919 3107 2971 est,
3149 2909 3196 2962 is
3241 2909 3345 2961 ho-

1756 3020 1858 3060 nor
1897 3018 1961 3059 ac
1993 3003 2231 3074 dignitas
2270 3021 2282 3056 ;
2333 3003 2448 3058 haec
2490 3011 2574 3057 est
2626 3011 2812 3057 nostra
2860 3010 3034 3055 mater
3077 3000 3342 3067 Ecclesia,

1756 3111 1876 3167 qua:
1907 3111 2004 3166 per
2053 3095 2210 3150 ﬁdem
2244 3104 2446 3156 servat,
2494 3111 2590 3165 spe
2637 3094 3030 3150 corroboratur
3058 3104 3112 3149 et
3138 3094 3343 3150 Christi

105 3179 431 3251 ὁμολογίᾳ,ἕν
477 3201 540 3236 τε
576 3187 689 3250 τοῖς
741 3187 1082 3262 μυστηρίοις,
1112 3188 1170 3242 ἕν
1220 3207 1280 3243 τε
1310 3193 1376 3263 τῇ
1407 3191 1502 3244 τοῦ
1529 3193 1649 3245 λου-

1765 3190 2044 3253 charitate,
2083 3204 2298 3244 necnon
2339 3197 2392 3244 et
2431 3188 2703 3258 ejusmodi
2747 3186 3087 3258 professione
3121 3201 3186 3241 ac
3230 3202 3348 3257 my-

105 3271 217 3342 τροῦ
263 3273 541 3348 καθαρσίῳ
583 3277 838 3350 δυνάμει·
869 3282 951 3335 ὅτι
1002 3283 1384 3351 Ἀπελθόντες
1432 3287 1654 3351 βαπτί-

109 3379 238 3420 σατε
263 3369 344 3434 εὶς
371 3367 559 3440 ὄνομα
583 3371 810 3441 Πατρός
836 3374 934 3427 καὶ
959 3375 1090 3429 Υἱοῦ
1118 3375 1214 3429 καὶ
1264 3378 1438 3447 ἁγίου
1477 3381 1660 3434 Πνεύ-

107 3476 304 3526 ματοςΝ
355 3464 433 3525 είς
479 3461 651 3532 ὄνομα
701 3463 758 3517 δὲ
811 3463 1001 3537 θεῖκῆς
1053 3466 1310 3537 Τριάδος,
1366 3469 1660 3539 ὀνομασίας

113 3549 354 3620 μηδεμίαν
385 3551 647 3624 διαφορὰν
674 3553 923 3626 ἐχούσης.
971 3556 1107 3609 Ἀλλ’
1138 3559 1220 3611 ὅτι
1252 3558 1384 3623 Θεὸς
1413 3553 1492 3622 εἷς
1528 3562 1659 3630 ἡμῖν

113 3637 160 3688 ὲν
186 3639 320 3709 νόμῳ
353 3641 446 3694 καὶ
495 3644 554 3696 ἐν
592 3645 900 3714 προφήταις
945 3646 1038 3698 καὶ
1072 3648 1130 3699 ὲν
1181 3648 1534 3717 Εὐαγγελίοις
1565 3651 1658 3704 καὶ

115 3729 164 3781 ἐν
194 3731 492 3799 ἀποστόλοις
544 3735 653 3807 (59)
675 3776 689 3800 ,
725 3737 782 3788 ὲν
814 3736 1028 3809 Παλαιᾷ
1076 3739 1170 3792 καὶ
1199 3739 1377 3810 Καινῇ
1414 3739 1656 3812 Διαθήκῃ

117 3827 419 3895 κεκήρυκται
450 3830 544 3882 καὶ
574 3829 937 3899 κατήγγελται
989 3833 1082 3884 καὶ
1122 3830 1474 3886 πεπίστευται
1501 3873 1517 3899 ,
1548 3834 1661 3885 Πα-

117 3917 206 3989 τὴρ
233 3921 320 3973 καὶ
349 3911 472 3987 Υἱὸς
524 3925 620 3977 καὶ
673 3926 824 3994 ἆγιον
863 3925 1116 3994 Πνεῦμαο
1173 3925 1311 3995 μήτε
1364 3924 1656 3997 συναλοιφή

119 4025 189 4072 τις
231 4007 354 4065 οὖσα
385 4016 675 4087 ήθεότης,
729 4017 866 4070 ἀλλὰ
907 4016 1077 4088 Τριὰς
1123 4017 1290 4081 ὅντως
1319 4016 1499 4070 τελεία
1525 4033 1538 4047 ·
1571 4016 1658 4069 τέ-

120 4096 238 4164 λειος
261 4104 286 4156 ὁ
333 4106 546 4178 Πατὴρ,
579 4107 783 4173 τέλειος
816 4111 844 4162 ὁ
891 4108 1048 4172 Υἱὸς.
1100 4108 1301 4161 τέλειον
1345 4108 1407 4160 τὸ
1435 4108 1658 4178 Πνεῦμα

119 4192 170 4244 τὸ
193 4195 350 4264 ἅγιον,
385 4200 479 4269 μία
524 4201 715 4272 θεότης
738 4244 752 4267 ,
783 4198 864 4265 εἷς
885 4201 1046 4265 Θεός·
1073 4193 1118 4268 ᾧ
1143 4203 1176 4270 ἡ
1211 4200 1338 4265 δόξα
1357 4242 1370 4265 ,
1397 4200 1530 4272 τιμὴ
1565 4203 1658 4254 καὶ

123 4285 294 4356 κράτος
334 4289 423 4344 νῦν
456 4291 550 4344 καὶ
581 4293 667 4345 ἀεὶ
700 4292 793 4346 καὶ
839 4293 918 4356 εἰς
960 4293 1086 4356 τοὺς
1122 4291 1321 4356 αἰῶνας
1369 4292 1477 4346 τῶν
1530 4292 1657 4347 αἰώ-

124 4393 229 4432 νων.
271 4382 450 4454 Ἀμήν.

1763 3279 1968 3345 steriis,
2022 3279 2390 3350 haptismique
2439 3278 2491 3332 vi
2554 3293 2618 3333 ac
2674 3278 2997 3349 purgatione
3037 3275 3342 3346 perﬁcitur.

1765 3371 1986 3438 Euntes,
2016 3355 2215 3443 inquit,
2247 3369 2508 3439 baptizata
2545 3370 2600 3424 in
2631 3371 2837 3424 nomine
2868 3368 3074 3433 Patris,
3106 3377 3155 3423 et
3192 3365 3344 3436 Filii,

1763 3475 1812 3519 et
1848 3464 2086 3533 Spiritus
2121 3465 2292 3518 sancti
2322 3464 2344 3496 ⁸
2379 3483 2393 3518 :
2426 3464 2479 3517 in
2529 3462 2750 3518 nomine
2794 3461 2992 3516 divina:
3035 3460 3342 3525 Trinitatis,

1765 3557 1924 3628 cujus
1953 3556 2244 3627 appellatio
2273 3555 2547 3611 diversum
2577 3555 2710 3609 nihil
2737 3554 2997 3609 continet.
3031 3553 3086 3609 Si
3123 3553 3342 3623 quidem

1769 3667 1910 3705 unus
1943 3664 2007 3704 ac
2041 3649 2335 3718 singularis
2370 3647 2512 3704 Deus
2542 3658 2597 3704 et
2631 3649 2686 3702 in
2715 3649 2833 3719 lege
2869 3658 2922 3704 et
2949 3648 3250 3717 praphetis,
3287 3647 3345 3702 in

1767 3742 2074 3813 Evangeliis
2112 3751 2167 3797 et
2200 3742 2485 3812 apostolis,
2525 3741 2580 3796 in
2619 3738 2814 3796 Vetere
2859 3749 2914 3796 et
2954 3739 3104 3795 Novo
3148 3739 3343 3795 Testa.

1763 3845 1947 3889 mento
1976 3833 2324 3903 praedicatus,
2353 3833 2636 3888 nuntiatus
2663 3843 2746 3889 est
2783 3847 2848 3886 ac
2873 3830 3134 3898 creditur,
3160 3830 3342 3898 Pater,

1763 3938 1816 3984 et
1854 3927 2046 3992 Filius,
2083 3939 2137 3982 et
2184 3927 2423 3998 Spiritus
2467 3935 2714 3983 sanctus.
2760 3925 2948 3998 Neque
2998 3942 3128 3982 vero
3156 3927 3346 3982 coniu-

1765 4036 1884 4076 sum
1915 4020 2170 4091 quiddam
2204 4021 2322 4090 ipsa
2347 4019 2615 4076 Divinitas
2643 4027 2748 4083 est,
2777 4018 2871 4074 sed
2893 4017 3129 4088 perfecta
3154 4033 3345 4073 revera

1764 4113 2004 4168 Trinitas
2043 4121 2148 4176 est,
2181 4113 2454 4183 perfectus
2489 4110 2670 4174 Pater,
2705 4111 2978 4182 perlectus
3007 4108 3200 4174 Filius,
3231 4125 3348 4179 per»

1765 4205 1941 4260 tectus
1983 4201 2216 4274 Spiritus
2255 4215 2515 4268 sanctus;
2549 4219 2654 4258 una
2687 4203 2965 4270 divinitas,
3000 4216 3144 4256 unus
3179 4199 3344 4263 Deus,

1765 4297 1853 4350 cui
1892 4296 2087 4368 gloria,
2131 4295 2304 4349 honor
2346 4304 2399 4350 et
2430 4295 2716 4366 imperium
2753 4311 2895 4351 mine
2935 4304 2988 4350 et
3036 4309 3255 4365 semper
3292 4302 3346 4348 et

1693 4383 1738 4440 Ι)
1767 4389 1823 4442 in
1849 4388 2047 4444 saecula
2076 4387 2419 4442 saeculorum.
2455 4387 2646 4440 Amen.

182 4533 196 4562 ¹
227 4535 350 4607 Lego
371 4539 648 4613 ἄνθρωπον
673 4541 806 4613 ὁμοῦ
837 4543 931 4596 καὶ
958 4543 1110 4596 Θεόν.
1182 4545 1202 4575 ⁸
1237 4559 1326 4614 γρ.
1355 4543 1537 4666 μήτηρ
1577 4542 1649 4614 ήμ

182 4618 232 4659 ιτ.
259 4623 309 4667 v,
341 4610 424 4664 10.
501 4613 520 4644 ⁷
552 4612 708 4667 Joan.
747 4630 800 4667 ν.
825 4613 916 4667 29.
987 4614 1221 4667 ‘Malth.
1262 4630 1454 4667 xxvm.
1533 4612 1584 4667 9.

1823 4541 1912 4596 ³11
1945 4542 2068 4598 Cor.
2100 4558 2152 4610 v,
2180 4542 2267 4598 16.
2344 4542 2367 4571 ⁸
2395 4540 2552 4598 Rom.
2593 4544 2632 4607 ι,
2662 4540 2717 4594 4.
2794 4539 2813 4570 ⁸
2846 4539 2978 4595 Luc.
3015 4555 3056 4604 ι,
3090 4539 3177 4594 55.
3259 4536 3346 4592 ‘ll

128 4600 232 4659 Cor.
259 4600 316 4672 νζ
341 4610 424 4664 10.
472 4600 520 4644 ’⁷
552 4600 718 4668 ιιοίιη.’
747 4630 800 4678 v,
825 4613 916 4668 29.
987 4615 1010 4647 ⁸
1030 4614 1221 4671 Matth.
1244 4600 1454 4679 ’ὶιῦιιὶν

188 4764 286 4833 (58)
313 4769 408 4824 Διὰ
433 4771 688 4838 πίστεως
720 4768 1017 4830 σώζουσα.
1051 4773 1186 4828 Vide
1225 4772 1400 4827 locum
1449 4772 1594 4826 hunc
1625 4787 1656 4826 a

132 4829 610 4913 Tlioniasionostro
659 4829 872 4898 diverSa
915 4844 1362 4913 interpretatione
1394 4843 1654 4896 donatum

134 4911 417 4983 numerem
453 4922 766 4968 memoratae
789 4929 896 4970 non
927 4911 1094 4970 semel
1120 4913 1482 4980 Expositionis
1506 4913 1650 4983 ﬁdei.

194 4973 292 5048 (59)
330 4980 427 5036 Ἐν
448 4984 830 5052 ἀποστόλοις.
875 4985 1150 5062 Petavius,
1177 4973 1330 5056 Apud
1366 4973 1654 5053 aposiolos.

1763 4861 1870 4914 que
1909 4847 1980 4901 oh
2007 4863 2230 4906 causam
2279 4863 2308 4902 a

1763 4931 1914 4972 num.
1948 4919 2035 4976 18.

1765 4771 2118 4834 Renoventur
2177 4777 2264 4832 hic
2315 4791 2438 4834 uuae
2483 4775 2551 4830 ad
2604 4775 2838 4832 similem
2881 4775 3059 4829 locum
3091 4772 3350 4828 similem-

2355 4793 2438 4832 uae
2483 4793 2551 4830 aa
2604 4793 2838 4832 Stmllem
2881 4793 3059 4829 locum
3091 4793 3346 4828 siautem-

2313 4793 2660 4904 gnotavimus
2714 4849 2769 4903 in
2822 4844 3163 4915 Expositione
3194 4843 3346 4911 ﬁdei,
