3810 6216
217 319 319 374 839

709 441 794 496 Ea:
830 442 1014 501 Fastis
1042 447 1380 520 Capitolinis.

871 575 1139 618 SUFl-‘ECTI.

316 643 377 700 C.
415 644 667 704 Visellius
710 645 900 706 Varro.

211 713 300 790 lli.
326 715 404 790 AC.
443 715 613 790 Silius
641 717 846 790 Nepos.
1037 725 1098 781 L.
1128 727 1405 785 Munatius
1432 729 1691 790 Plancus.

206 785 282 838 20
321 785 453 842 Sex.
481 785 771 860 Pompede
798 789 998 861 Nepos.
1032 794 1182 855 Sext.
1213 785 1487 872 Apulejus,
1513 785 1712 875 Nepos.

203 928 268 982 21
319 929 521 986 Drusus
547 928 749 988 Caesar.
1027 937 1088 993 C.
1118 937 1286 994 Norb.
1327 941 1576 998 Flaccus.

204 998 278 1052 22
313 999 398 1053 Ti.
430 1000 679 1057 Statilius
704 1001 939 1060 Taurus.
1029 1007 1089 1062 L.
1123 1009 1375 1066 Scribon.
1417 1012 1570 1067 Libo.

201 1067 276 1149 gf)
312 1069 606 1149 §._leitls
631 1071 828 1149 Rufus.
1027 1077 1090 1132 L.
1125 1078 1457 1149 Pomponius
1493 1083 1742 1142 Flaccus.

201 1137 274 1193 24
312 1139 434 1196 Tib.
457 1140 597 1213 Aug.
629 1142 721 1200 lll.
1026 1137 1380 1209 Germanicus
1408 1137 1685 1212 Caesar-ill.

880 1325 1154 1368 SUFFECTI.

310 1399 371 1454 L.
398 1399 557 1470 Sejus
594 1402 825 1461 Tubero.
1016 1410 1299 1469 Rubellius
1324 1413 1587 1471 Blandus.

196 1470 273 1525 95
312 1471 381 1542 Μ.
409 1471 585 1542 Julius
613 1475 846 1529 Silanus.
1020 1482 1082 1536 C.
1107 1482 1394 1540 Norbanus
1421 1470 1668 1542 Flaccus.

196 1543 272 1612 $136
311 1541 382 1612 ll.
415 1541 665 1598 Valerius
685 1544 935 1604 Messala.
1020 1551 1090 1606 M.
1115 1553 1368 1610 Aurelius
1391 1558 1570 1612 Cotta.

196 1609 272 1663 27
311 1611 560 1669 Tiberius
588 1614 677 1670 1V.
1018 1621 1227 1680 Drusus
1251 1609 1430 1682 Julius
1448 1609 1525 1683 ll.

192 1748 270 1805 28
309 1750 372 1806 D.
403 1751 655 1814 Haterius
675 1758 932 1833 Agrippa.
1014 1761 1076 1817 C.
1103 1762 1368 1835 Sulpitius
1391 1765 1586 1822 Galba.

864 1875 1139 1915 SUFFECTI.

396 1942 587 2026 Yibius
617 1947 868 2026 Ruﬁnus.
1018 1955 1089 2010 Μ.
1120 1956 1382 2026 Coccejus
1407 1957 1600 2015 Nerva.

189 2011 270 2086 29
306 2013 368 2086 ρ.
393 2017 614 2072 Asinius
651 2021 844 2076 Pollio.
1017 2026 1080 2080 C.
1113 2011 1381 2084 Antistius
1416 2011 1605 2086 vetus;

189 2082 267 2164 :59
309 2080 662 2164 schema.
689 2090 986 2164 Cethegus.
1021 2095 1080 2150 L.
1108 2080 1378 2154 Visellius
1391 2080 1586 2157 v.51;

190 2153 264 2207 51
307 2151 378 2208 Μ.
421 2156 642 2214 Asinius
671 2151 929 2234 Agrippa.
1019 2151 1229 2224 Cossus
1245 2151 1411 2226 Corn.
1441 2151 1724 2230 Lentulus.

187 2291 268 2349 32
312 2293 373 2351 C.
410 2295 704 2357 Calvisius.
1012 2306 1116 2362 Cn.
1157 2307 1438 2367 Getulicus
1473 2311 1732 2370 Sabinus.

858 2412 1052 2455 SUFFEC
1060 2416 1114 2454 ἸΊ
1123 2439 1137 2455 .

303 2481 370 2558 ρ.
393 2482 630 2558 Marcius
655 2489 846 2548 Barea.
1019 2493 1085 2550 Τ.
1114 2494 1342 2554 Rustius
1357 2497 1590 2557 Numius
1607 2499 1817 2558 Gallus.

191 2550 268 2636 ἓξ
402 2553 717 2636 Licinius.“
1020 2564 1084 2636 L.
1109 2550 1458 2636 Calpurnius.

191 2623 266 2696 ἒξ
306 2625 613 2696 Ap.Julius
640 2630 883 2689 Silanus.
1023 2633 1083 2690 P.
1118 2623 1287 2694 Silius
1310 2623 1507 2696 Nerva.

190 2693 266 2770 gs
304 2696 366 2770 ρ.
397 2695 682 2770 ῌΔᾳὺθιιίιιε
707 2700 989 2762 Geminus.
1020 2704 1084 2760 c.
1113 2693 1309 2761 Fusius
1330 2693 1695 2770 etCeminus.

187 2763 262 2855 ἐξ
303 2764 692 2855 Vinucius.
1020 2775 1082 2855 ρ.
1099 2763 1353 2855 Cassius
1370 2763 1675 2855 magna;

187 2834 259 2888 57
303 2835 425 2893 Tib.
455 2836 522 2894 ν.
1021 2847 1281 2918 Sejanus.

1381 330 1468 386 DE
1504 331 1692 388 ANNO
1727 333 1980 390 NATALl
2019 334 2309 392 CHRISTI.

3371 337 3477 397 890

2108 459 2190 514 Ex
2224 458 2551 530 Epiphania.
2776 461 2864 517 Ea:
2886 460 3072 518 Fastis
3101 459 3320 519 Siculis.

1862 735 2011 792 Sexti
2044 737 2172 792 duo.
2690 737 2920 795 Flaccus
2947 749 3002 796 et
3027 739 3269 798 Sil-anus.

1857 806 2152 930 Polliipejus
2177 808 2406 880 Magnus
2432 819 2488 866 et
2507 808 2655 883 Apu-
2691 808 2891 866 Sextus
2919 821 2973 867 et
3004 810 3223 868 Sextus.

1950 896 2088 930 t‘IUS.

1950 896 2088 933 t'IUS.

1859 896 2137 1022 Et‘ltllltllssrl
2171 948 2415 1022 Flaccus.
2687 950 2879 1022 Pomp.
2909 951 3049 1017 Mag.
3084 962 3138 1006 et
3163 951 3325 1022 Apul.

1859 1017 2072 1073 Taurus
2100 1031 2154 1074 et
2185 1021 2340 1076 Libo.
2689 1017 2888 1077 Brutus
2913 1032 2968 1077 et
2995 1017 3226 1078 Flaccus
3245 1020 3310 1077 ll.

1855 1089 2088 1144 Crassus
2107 1099 2163 1144 et
2194 1090 2388 1149 Rufus.
2690 1092 2904 1147 Taurus
2933 1103 2987 1148 et
3019 1092 3176 1148 Libo.

1853 1157 2105 1241 Tiberius
2128 1160 2166 1212 ll
2271 1161 2480 1220 Drusus
2520 1162 2655 1218 Ger—
2688 1163 2922 1218 Crassus
2941 1173 2995 1219 et
3024 1162 3225 1220 Rufus.

1922 1247 2171 1284 manicas
2249 1273 2262 1284 .

1922 1247 2171 1287 manicus
2200 1247 2262 1287 Il.

1852 1487 2074 1546 Silanus
2108 1499 2164 1547 et
2204 1490 2426 1548 Balbus.
2689 1489 3032 1548 Tib.C:esar.
3065 1491 3132 1547 lll
3155 1502 3210 1549 et
3241 1491 3441 1554 Rufus.

1847 1558 2082 1616 Messala
2115 1574 2168 1616 et
2198 1561 2418 1617 Gratus.
2687 1562 2909 1618 Silanus
2934 1572 2989 1618 et
3014 1563 3236 1621 Balbus.

1847 1628 2098 1712 Tiberius
2115 1631 2179 1686 [ll
2197 1633 2480 1756 leltIDi-usus
2513 1633 2649 1689 Ger-
2683 1633 2914 1690 Messala
2933 1644 2990 1690 et
3007 1633 3228 1691 Gratus.

1922 1717 2170 1756 mantcus
2272 1742 2286 1756 .

1850 1770 2088 1843 Agrippa
2112 1782 2167 1828 et
2188 1773 2412 1830 Balbus.
2676 1772 2802 1830 Tib.
2827 1777 3011 1832 Caesar
3041 1773 3109 1830 IV
3135 1784 3190 1833 et
3217 1773 3449 1833 Drusus.

1848 2033 2022 2108 Pollio
2051 2043 2106 2089 et
2132 2033 2321 2108 Vetus.
2680 2036 2916 2108 Agrippa
2938 2046 2994 2108 et
3020 2037 3189 2093 Galba

1847 2105 2123 2175 Cethegus
2153 2114 2209 2175 et
2238 2105 2435 2161 Varus.
2682 2105 2836 2162 Pullo
2853 2105 2921 2162 et
2940 2107 3127 2164 Vetus.

1846 2174 2086 2300 Apriplga
2154 2174 2200 2230 ll
2270 2187 2324 2232 et
2383 2175 2646 2234 Lentulus
2680 2178 2955 2248 Cethegus
2986 2189 3042 2234 et
3066 2179 3265 2235 Varus.

1931 2260 1996 2300 aa
2058 2262 2110 2300 a.

1931 2260 2110 2314 galba.

1844 2315 2128 2372 Getulicus
2148 2325 2204 2372 et
2237 2314 2496 2373 Sabinus.
2679 2317 2914 2389 Agrippa
2943 2317 2988 2372 ll
3027 2327 3082 2374 et
3115 2317 3398 2376 Lentulus.

2682 2569 2961 2626 Getulicus
2981 2579 3034 2625 et
3056 2569 3313 2627 Sabinus.

2682 2641 2916 2696 Crassus
2947 2651 2998 2696 et
3029 2640 3176 2696 Piso.

1851 2570 2089 2627 Crassus
2113 2579 2168 2627 et
2196 2569 2345 2626 Piso.

1857 2641 2113 2696 Silvanus
2141 2650 2196 2695 et
2222 2639 2420 2698 Nerva.

1857 2712 2074 2767 Gemini
2100 2712 2230 2767 duo.
2686 2709 2903 2766 Silanus
2929 2722 2980 2766 et
3009 2709 3207 2765 Nerva.

1858 2782 2035 2837 Rufus
2056 2791 2110 2837 et
2138 2781 2410 2837 Rubellio.
2685 2780 2945 2836 Geminus
2975 2791 3029 2834 et
3064 2781 3348 2837 Geminus.

1859 2853 2108 2909 Vinicius
2133 2862 2188 2909 et
2211 2851 2490 2923 Longinus
2512 2851 2652 2907 Cas—
2685 2849 2862 2907 Rufus
2893 2862 2948 2907 et
2978 2851 3318 2907 Rubellinus.

1930 2940 2068 2981 Slus.

951 3050 1165 3110 NOTAE
1203 3055 1297 3110 AD
1335 3056 1708 3119 EXCERPTA
1747 3065 2280 3126 CONSULATUUM
2319 3065 2684 3122 COLLEGIA.

261 3183 325 3238 In
351 3181 439 3239 bis
466 3191 624 3240 coss.‘
653 3184 878 3255 paribus
912 3188 1177 3244 nonnulla
1221 3200 1353 3248 sunt
1389 3194 1773 3255 observatione
1801 3210 1848 3267 Α
1875 3202 2064 3258 Planci
2093 3204 2387 3260 consulatu
2428 3203 2706 3258 decimum
2741 3200 2998 3272 quintum
3029 3216 3059 3255 a
3099 3217 3248 3260 coss.
3280 3204 3474 3276 Augu-

187 3276 384 3348 digna.

262 3367 326 3423 ln
353 3383 406 3422 γι
435 3365 776 3440 Epiphanius
804 3369 1062 3428 Pisonem
1095 3372 1141 3428 ll
1170 3378 1454 3434 consulem
1501 3383 1732 3439 ascribit
1765 3403 1779 3440 :

188 3459 344 3530 quod
385 3475 560 3530 neque
591 3461 648 3516 in
702 3460 1050 3532 Capitolinis,
1085 3482 1264 3537 neque
1298 3471 1354 3524 in
1385 3470 1586 3529 Siculis
1619 3475 1782 3530 addi-

189 3559 314 3605 tum
337 3559 452 3618 est;
477 3551 572 3606 sed
601 3553 670 3608 ad
699 3551 845 3609 anei
869 3553 1137 3613 duntaxat
1160 3558 1378 3618 Pisonis
1403 3566 1778 3635 consulatum,

187 3641 292 3710 qui
319 3655 462 3696 anno
500 3640 660 3699 Urbis
705 3643 807 3700 747
836 3649 1110 3705 convenit.
1151 3652 1231 3708 Ac
1262 3654 1477 3712 videtur
1501 3636 1568 3714 ex
1597 3676 1662 3717 eo
1686 3679 1784 3718 na-

192 3741 286 3786 tus
318 3746 494 3798 error,
532 3734 678 3804 quod
722 3735 859 3791 alter
885 3738 1133 3807 ejusdem
1167 3745 1410 3802 nominis
1450 3747 1513 3805 L.
1544 3749 1782 3823 Calpur-

187 3823 326 3878 nius
385 3820 514 3879 Piso
571 3822 891 3883 Caesoninus
943 3845 1088 3886 anno
1159 3832 1226 3889 U.
1283 3836 1346 3892 (ὲ.
1431 3839 1533 3896 739
1591 3820 1780 3902 fuerit.

191 3912 309 3967 Sed
358 3913 450 3969 ille
497 3912 560 3969 L.
596 3914 769 3985 filius;
803 3929 988 3975 noster
1036 3922 1128 3978 hic
1172 3939 1300 3982 vero
1358 3927 1506 3986 (Σιιωί
1559 3933 1780 3991 dicitur.

264 4005 328 4060 ln
362 4023 437 4062 vn
481 4009 791 4077 consulatu,
858 4028 1142 4083 perperam
1208 4021 1353 4091 apud
1409 4021 1781 4096 Epiphanium

191 4097 259 4153 L.
285 4097 492 4167 Caesar,
509 4115 605 4170 pro
621 4101 756 4157 Caio
777 4104 1014 4174 positum
1033 4121 1134 4164 εει.
1156 4107 1291 4166 Nam
1315 4112 1519 4171 Lucius
1531 4117 1649 4186 ejus
1668 4119 1782 4175 fra-

190 4201 282 4246 ter
310 4205 430 4246 cos.
457 4191 793 4262 designatus,
826 4206 1122 4270 antequam
1167 4205 1554 4276 magistratum
1589 4211 1780 4282 iniret,

190 4285 507 4341 exstinctus
537 4295 642 4343 est.

270 4374 331 4430 In
358 4393 391 4431 x
414 4376 562 4433 Fasti
599 4379 768 4436 Siculi
795 4391 852 4438 et
880 4382 1220 4456 Epiphanius
1245 4388 1451 4447 Ailium
1505 4393 1701 4452 Catum
1728 4406 1784 4454 et

195 4471 560 4531 Saturninum
617 4479 1034 4547 praeterierunt;
1087 4481 1183 4538 sed
1254 4494 1312 4541 et
1366 4485 1572 4544 frustra
1633 4491 1778 4561 apud

1884 3304 1972 3348 sto
2030 3293 2152 3349 Xlll
2181 3304 2234 3350 et
2290 3293 2482 3350 Silano
2512 3309 2658 3349 coss.
2690 3293 2844 3362 ponit
2889 3294 3241 3349 consulatum
3297 3297 3473 3362 illum,

1886 3399 2012 3440 cum
2056 3404 2147 3444 xvr
2198 3403 2322 3443 esse
2379 3386 2650 3442 debuerit.
2681 3385 2822 3441 Tum
2877 3403 2968 3441 xv:
2999 3387 3130 3443 facit
3153 3387 3473 3459 Pompeium

1881 3475 2140 3548 Magnum
2193 3486 2250 3533 et
2272 3478 2594 3548 Apuleium;
2618 3478 2714 3547 qui
2742 3493 2870 3532 cum
2905 3479 3283 3548 superioribus
3310 3481 3475 3536 iidem

1883 3585 2008 3626 esse
2033 3571 2309 3626 videntur.
2341 3569 2476 3624 Nam
2497 3585 2529 3625 e
2547 3569 2763 3626 duobus
2787 3569 2989 3637 Sextis,
3017 3572 3153 3628 alter
3181 3572 3476 3644 Pompeius

1887 3661 2090 3735 Nepos,
2113 3665 2254 3720 alter
2286 3663 2548 3734 Apuleius
2595 3661 2777 3734 Nepos
2811 3665 3120 3735 appellatus
3162 3676 3266 3725 est.
3317 3668 3477 3735 Quod

1885 3757 2028 3813 idem
2052 3758 2244 3813 vitium
2269 3757 2324 3812 in
2358 3755 2541 3812 Fastis
2569 3755 2778 3813 Siculis
2809 3759 3075 3814 cernitur.

1957 3849 2016 3904 ln
2039 3865 2115 3904 xu
2170 3865 2270 3919 pro
2295 3847 2501 3904 Brutus
2538 3848 2684 3920 apud
2712 3847 2985 3921 Epiph.et
3026 3849 3478 3920 SiculosFastos,

1886 3935 2068 3992 scribe
2097 3936 2331 3991 Drusus.

1957 4027 2231 4097 Deinceps
2287 4042 2464 4097 usque
2493 4027 2560 4082 ad
2593 4043 2784 4083 xxxvn
2808 4030 3153 4085 consulatum
3198 4029 3348 4085 Fasti
3380 4029 3474 4085 Si-

1886 4120 1992 4174 culi
2023 4134 2132 4174 uno
2173 4134 2320 4174 anno
2351 4119 2621 4174 tardiores
2681 4129 2813 4176 sunt
2851 4137 3015 4191 quam
3045 4118 3383 4191 Epiphanius
3416 4131 3474 4177 et

1885 4210 2196 4280 Capitolini.
2229 4207 2367 4266 Puta
2388 4209 2632 4266 Taurum
2660 4221 2714 4266 et
2736 4210 2999 4267 Libonem
3034 4213 3091 4267 in
3116 4223 3305 4270 nostra
3328 4214 3472 4269 serie

1886 4320 2012 4358 xxiv
2044 4303 2336 4371 collocant,
2385 4318 2551 4373 quem
2606 4304 2770 4359 ambo
2799 4305 2892 4360 isti
2926 4290 3087 4372 xxtn,
3119 4314 3174 4361 et
3201 4306 3276 4360 ita
3309 4307 3469 4362 dein-

1863 4413 2035 4478 ‘ceps.
2077 4396 2248 4464 Cujus
2279 4412 2344 4452 ea
2398 4412 2564 4452 causa
2610 4406 2716 4458 est.
2767 4399 2912 4469 quod
2946 4398 3284 4469 Epiphanius
3339 4415 3466 4455 cum

1884 4489 2088 4547 extrito
2147 4504 2256 4543 uno
2302 4489 2593 4544 consulum
2627 4490 2773 4562 pari,
2823 4491 3082 4546 nimirum
3118 4492 3248 4546 anni
3304 4489 3470 4550 Urbis

193 4567 567 4640 Epiphaniam
593 4570 822 4645 Magnus
875 4573 1170 4646 Pompeius
1201 4594 1325 4634 cum
1364 4579 1582 4638 Valerio
1617 4557 1776 4640 com-
1811 4557 1855 4614 Β
1885 4580 2008 4647 765,
2036 4579 2242 4636 Tiberii
2275 4580 2418 4637 Cass.
2467 4591 2523 4637 et
2554 4557 2770 4639 Fonteii
2827 4582 3133 4652 Capitonis,
3171 4583 3467 4642 Sextorum

192 4660 440 4727 ponitur.
485 4660 613 4718 Fuit
648 4665 793 4720 enim
844 4666 890 4722 is
932 4666 1109 4724 Cinna
1152 4669 1404 4742 Magnus,
1455 4690 1565 4730 non
1609 4674 1776 4732 Pom-

190 4753 382 4826 peius.

269 4843 332 4900 ln
360 4861 438 4901 xu
477 4846 668 4902 vitium
696 4849 917 4920 irrepsit
940 4852 1139 4923 partim
1169 4869 1238 4909 ex
1268 4855 1499 4914 suffecto
1525 4874 1642 4915 cos.
1679 4861 1784 4916 At-

193 4935 311 4991 teio
339 4935 624 5007 Capitone,
661 4941 858 5009 partim
887 4957 956 4998 ex
980 4945 1272 5002 consulatu
1311 4963 1425 5002 xix.
1462 4948 1601 5004 Cum
1634 4952 1781 5008 enim

195 5042 350 5082 armo
377 5027 536 5084 Urbis
566 5030 670 5086 767
691 5047 836 5088 coss.
857 5033 1064 5092 fuerint
1104 5035 1358 5095 Tiberius
1405 5037 1448 5094 ll
1473 5051 1529 5096 et
1553 5041 1616 5099 C.
1638 5041 1784 5099 Fon-

195 5120 345 5176 teius
377 5119 598 5191 Capito;
622 5139 767 5181 anno
794 5142 926 5183 vero
953 5127 1055 5184 759
1077 5130 1337 5188 sullectus
1368 5132 1774 5206 fueritCapito:

195 5212 300 5283 qui
356 5211 550 5272 Fastos
599 5214 818 5275 Gra:cos
862 5221 1246 5289 condiderunt,
1291 5224 1614 5295 Capitonem
1678 5243 1780 5298 pro

198 5304 484 5363 ordinario
518 5319 870 5366 numerantes
888 5328 1012 5367 cum
1044 5311 1167 5368 Tib.
1198 5312 1415 5371 Czesare
1433 5318 1774 5387 copularunt.

273 5398 333 5455 In
383 5415 478 5455 xix
531 5403 816 5459 consulatu
868 5403 1018 5460 Fasti
1065 5405 1235 5462 Siculi
1270 5407 1548 5466 Tiberium
1603 5410 1784 5468 Cassa-

201 5488 416 5544 rem.ll
469 5501 524 5548 et
598 5492 910 5565 Scipionem
964 5498 1367 5554 committunt:
1437 5500 1778 5572 Epiphanius

201 5579 463 5638 Flaccum
501 5592 555 5639 et
604 5584 872 5653 Silanum,
932 5590 1024 5659 qui
1071 5604 1191 5646 esse
1235 5591 1424 5647 debuit
1459 5594 1780 5649 consulatus

201 5687 358 5734 xxVI.
393 5690 537 5731 anno
572 5675 735 5734 Urbis
762 5678 1054 5735 772.1dem
1090 5680 1430 5752 Epiphanius
1484 5683 1773 5740 Sextorum

204 5769 442 5824 duorum
499 5769 786 5838 collegium
821 5781 1184 5839 antevertens,
1243 5786 1512 5842 expuncto
1570 5775 1688 5835 Silii
1725 5787 1779 5835 ct

1885 4675 2120 4729 duorum
2160 4675 2507 4730 consulatum
2543 4675 2924 4745 anticipasset,
2967 4691 3113 4731 anno
3148 4675 3314 4734 Urbis
3339 4677 3463 4746 766,

1887 4763 1982 4834 qui
2015 4763 2264 4834 sequenti
2287 4764 2660 4834 competebat.
2694 4764 2823 4821 huic
2851 4765 2954 4836 ipsi
2977 4766 3083 4822 767
3112 4765 3462 4838 Pompeium,

1885 4866 1942 4911 et
1984 4855 2274 4927 Apuleium
2329 4860 2740 4926 accommodat,
2787 4858 2884 4929 qui
2935 4859 3097 4914 iidem
3156 4870 3285 4916 sunt
3337 4877 3463 4917 cum

1887 4947 2070 5004 Sextis
2091 4949 2330 5006 duobus.
2385 4951 2460 5004 Ita
2495 4965 2616 5004 cum
2649 4949 2978 5019 Capitolinis
3030 4951 3084 5004 in
3116 4952 3346 5023 gratiam
3375 4967 3464 5008 re-

1897 5041 2018 5096 diit.
2042 5042 2115 5097 At
2138 5043 2308 5098 Siculi
2341 5044 2467 5112 quia
2490 5058 2634 5098 coss.
2659 5043 2788 5096 anni
2833 5043 2937 5098 765
2963 5058 3073 5099 non
3104 5045 3384 5114 omittunt,
3407 5056 3463 5102 et

1843 5196 1849 5202 _
1883 5148 1952 5188 ex
1975 5151 2084 5192 uno
2110 5135 2340 5206 collegio
2367 5136 2497 5190 anni
2523 5136 2627 5191 767
2651 5137 2760 5192 duo
2790 5135 3024 5205 faciunt;
3056 5153 3460 5208 supervacaneo

1887 5227 1982 5284 illo
2013 5228 2254 5298 Pompeii
2287 5236 2342 5282 et
2403 5227 2617 5296 Apuleii
2661 5227 2985 5299 interposito
3029 5229 3314 5286 consulatu
3351 5239 3459 5288 tar-

1885 5321 2068 5378 diores
2089 5321 2350 5378 exhibent
2381 5319 2640 5389 reliquos.

1957 5413 2018 5468 ln
2041 5429 2169 5468 xxiv
2214 5412 2357 5484 apud
2413 5411 2610 5481 Epiph.
2645 5419 2701 5466 et
2743 5409 2797 5465 in
2852 5411 3030 5468 Fastis
3067 5428 3168 5484 pro
3223 5413 3483 5488 Crassus,

1885 5502 2116 5559 Flaccus
2154 5502 2398 5574 leg.,nisi
2428 5503 2502 5557 sit
2529 5500 2793 5558 sull‘ectus
2813 5503 3031 5573 aliquis.

1956 5610 2065 5650 xxv
2095 5593 2374 5650 Tiberium
2417 5610 2533 5651 cos.
2583 5594 2883 5652 secundum
2917 5595 3080 5650 habet
3115 5610 3214 5666 pro
3236 5596 3353 5654 lll._

1955 5685 2013 5741 ln
2051 5702 2175 5740 xxv:
2206 5702 2303 5756 pro
2338 5685 2506 5743 Balbo
2542 5686 2770 5743 Flaccus
2814 5686 3174 5743 ascribendus
3223 5697 3307 5743 est
3346 5687 3454 5744 nisi

1887 5778 2149 5838 sullectus
2172 5777 2370 5846 aliquis
2397 5780 2576 5836 locum
2615 5780 2704 5837 hic
2729 5779 3000 5846 habuerit,
3038 5781 3184 5850 quod
3217 5779 3360 5836 idem
3387 5780 3454 5838 de
