3810 6216
353 316 455 373 891

1478 312 1823 368 ΑΡΡΕΝΒΙ·Χ
1849 306 2472 365 DlSSERTATlONUM.

3498 304 3602 361 8‘32

356 450 503 488 xxvn
544 449 641 505 par
662 444 745 491 est
771 435 990 491 credere
1018 455 1030 491 :
1058 436 1145 491 ubi
1185 436 1387 493 Gratus
1415 453 1512 507 pro
1543 437 1697 492 Cotta
1744 435 1921 490 nomi-
1954 441 1998 495 Α
2028 433 2141 485 rius
2164 430 2229 495 V,
2254 440 2307 485 et
2337 429 2569 499 Sejanus
2601 443 2747 482 anno
2773 426 2896 493 785,
2925 426 3143 482 Juliauo
3173 427 3242 482 75
3264 429 3602 494 conveniant,

353 538 535 579 natur.

424 612 479 664 ι..
511 614 796 669 consulatu
831 632 1018 680 χχχνι,
1052 618 1146 687 qui
1175 629 1258 673 est
1283 617 1335 670 in
1368 616 1655 688 Epiphanii
1692 619 1934 673 indiculo

355 719 531 769 χχχιι,
564 705 740 774 major
770 716 855 762 est
888 708 1059 765 labes.
1090 708 1223 763 Nam
1273 708 1439 765 Siculi
1473 709 1619 763 Fasti
1654 726 1778 764 cum
1805 709 1934 779 Epi-

353 794 558 864 phanio
599 808 721 866 post
768 803 1014 870 geminos
1042 802 1202 867 duos,
1244 802 1443 857 Rufum
1472 815 1521 857 et
1556 803 1929 857 Rubellionem

355 888 547 957 (Siculi
577 889 951 965 Rubellinum)
981 896 1269 952 collocant.
1302 898 1371 950 At
1401 896 1694 966 Capitolini
1726 897 1797 950 Μ.
1833 898 1931 952 Vi-

353 980 575 1035 nucium
625 990 680 1036 et
728 982 982 1037 Cassium
1045 983 1373 1053 Longinum.
1423 983 1626 1039 Rufum
1656 1002 1820 1056 porro
1879 997 1934 1041 et

352 1067 701 1126 Rubellinum
740 1074 995 1131 suffectos
1050 1086 1205 1146 putat
1256 1075 1499 1146 Scaliger
1558 1087 1611 1131 et
1668 1074 1931 1145 Keplerus

351 1160 406 1215 in
442 1161 676 1233 Eclogis.
742 1164 853 1236 Ego
906 1168 1046 1221 idem
1094 1170 1178 1223 his
1231 1170 1283 1222 in
1337 1185 1479 1225 coss.
1529 1170 1675 1241 quod
1716 1186 1806 1224 an.
1841 1186 1927 1224 XVI

351 1255 701 1308 commissum
759 1257 930 1313 fuisse
968 1262 1236 1329 suspiCor.
1289 1259 1424 1315 Nam
1461 1270 1519 1315 ut
1548 1262 1656 1316 illic
1687 1279 1753 1316 ex
1822 1281 1931 1320 uno

349 1346 577 1416 collegio
602 1345 728 1402 Sex.
767 1348 1007 1420 Pompeii
1032 1350 1254 1421 Nepotis
1307 1362 1360 1407 et
1401 1354 1527 1407 Sex.
1562 1354 1776 1423 Apuleii
1824 1354 1931 1409 Ne-

342 1442 514 1511 potis,
549 1443 658 1497 duo
689 1460 834 1501 coss.
861 1448 1011 1515 paria
1040 1446 1181 1501 facta
1216 1457 1373 1513 sunt;
1411 1450 1699 1503 Sextorum
1740 1451 1932 1505 videli-

350 1544 436 1588 cet
461 1534 695 1589 dnorum
743 1546 797 1590 et
826 1536 1069 1607 Pompeii
1111 1547 1275 1609 atque
1306 1540 1519 1607 Apuleii
1552 1559 1564 1595 :
1597 1541 1669 1594 ita
1727 1540 1925 1595 Rufum

348 1633 404 1678 et.
452 1623 798 1680 Rubellinum
834 1627 1067 1681 duorum
1120 1644 1239 1684 esse
1296 1630 1651 1683 Geminorum
1707 1633 1927 1686 nomina

349 1715 707 1780 crediderim;
740 1719 845 1772 nisi
869 1720 1013 1788 quod
1058 1735 1156 1789 pro
1192 1720 1382 1788 Rufus,
1414 1718 1612 1773 Fusius
1640 1722 1924 1792 legendum

2037 523 2298 577 Vinucius
2331 534 2511 575 autem
2562 529 2615 574 et
2649 520 2875 575 Cassius
2902 520 3029 586 784,
3055 517 3275 574 Juliano
3306 518 3391 575 76.
3426 519 3603 573 Gemi-

2034 634 2228 671 norum
2274 626 2419 670 certe
2455 616 2774 669 consulatus
2798 615 3030 669 incurrit
3067 615 3120 668 in
3172 631 3377 668 annum
3406 613 3603 669 Tiberii

2036 710 2102 762 15
2120 710 2389 763 labentem
2417 717 2469 761 et
2490 707 2558 761 ab
2578 708 2825 776 Augusto
2847 723 3033 762 mense
3055 708 3181 761 anni
3212 708 3608 775 superioris'rn-

2033 807 2311 859 clmatum.
2349 804 2526 873 Cmpit
2556 804 2701 857 enirn
2732 802 2850 856 Kal.
2875 802 3100 859 Januar.
3136 804 3263 857 anni
3288 802 3491 857 Juliani
3519 805 3602 859 71.

2032 899 2099 951 At
2138 896 2399 952 Vinucius
2434 907 2487 951 et
2524 895 2751 950 Cassius
2782 911 2927 949 coss.
2960 897 3209 950 incidunt
3239 895 3293 949 in
3328 894 3603 951 lulianum

2034 990 2121 1053 75,
2146 990 2343 1043 Tiberii
2373 988 2433 1042 16
2457 988 2569 1055 jam
2607 988 2949 1043 inchoatum.

2104 1083 2178 1137 Ac
2206 1083 2271 1137 de
2296 1080 2528 1137 Vinncio
2556 1089 2608 1136 et
2638 1081 2831 1136 Cassio
2871 1091 3142 1152 postrema
3173 1094 3447 1151 superest,
3472 1082 3611 1137 dilb-

2032 1175 2341 1244 cillimaque
2370 1175 2633 1245 qmestio,
2659 1173 2892 1227 iidemne
2929 1174 3005 1227 illi
3043 1175 3172 1235 sint,
3212 1191 3356 1244 quos
3390 1175 3608 1230 Tacitus

2033 1267 2222 1320 scribit
2253 1267 2347 1321 lib.
2381 1283 2431 1321 vt
2465 1267 2632 1330 Ann.,
2676 1281 3005 1335 progeneros
3048 1283 3077 1318 a
3122 1265 3342 1319 Tiberio
3384 1268 3609 1330 ascitos,

2032 1372 2083 1411 a.
2112 1356 2237 1419 786,
2265 1355 2383 1411 Ser.
2414 1356 2578 1411 Galba
2611 1365 2663 1410 et
2697 1355 2757 1409 L.
2795 1354 2944 1409 Sulla
2979 1371 3124 1410 coss.
3166 1355 3302 1409 Nam
3332 1355 3394 1409 L.
3425 1358 3610 1411 Cassio

2032 1448 2345 1515 Drusillam,
2376 1449 2447 1501 Μ.
2473 1448 2681 1503 Vinicio
2708 1447 2903 1501 Juliam
2926 1446 3236 1502 Germanici
3275 1448 3419 1501 tilias
3450 1449 3612 1502 collo—

1992 1602 1999 1615 ς
2031 1552 2183 1596 catas
2205 1558 2324 1596 esse
2346 1549 2553 1595 narrat.
2592 1540 2816 1605 Vinicio,
2855 1540 3051 1609 inquit,
3081 1541 3404 1608 oppidanum
3432 1557 3607 1611 genus.

2032 1633 2249 1689 Calibus
2288 1643 2457 1695 ortus,
2497 1642 2645 1701 patre
2674 1642 2828 1702 atque
2855 1648 2950 1685 avo
2986 1632 3382 1693 consularibus,
3424 1643 3612 1685 (cetera

2037 1729 2265 1798 equestri
2305 1726 2518 1795 [auxilia
2554 1736 2689 1788 erat,
2732 1725 2875 1777 mitis
2910 1725 3117 1794 ingenio
3155 1733 3207 1777 et
3266 1735 3493 1793 comptae
3534 1726 3613 1793 fa-

347 1814 452 1860 est.
500 1806 590 1862 Sic
619 1809 763 1863 enim
803 1811 1220 1879 appellanturzC.
1247 1810 1525 1865 Rubellius
1549 1812 1834 1877 Geminus,
1858 1814 1920 1869 C.
1957 1810 1996 1862 Β
2027 1820 2253 1873 ειιηάὶίε.
2285 1818 2501 1873 Cassius
2545 1817 2729 1886 plebeii
2766 1814 2945 1869 Roma:
2971 1816 3392 1885 generis,verum
3411 1817 3614 1884 antiqui

350 1895 548 1953 Fusius
566 1899 847 1957 Geminus.
863 1902 1130 1968 Quocirca
1146 1903 1340 1979 merito
1355 1912 1463 1957 tam
1482 1905 1601 1968 hos,
1619 1922 1782 1974 quam
1804 1908 1926 1962 illos

349 1995 987 2059 prmtermisitOnnlrius,
1011 2012 1076 2051 ac
1092 2013 1157 2051 ne
1179 1997 1528 2052 suﬂ'ectorum
1552 1999 1775 2068 quidem
1800 2000 1923 2056 loco

351 2084 575 2151 habmt;
605 2087 747 2153 quod
776 2088 973 2141 frustra
1000 2088 1225 2143 miratus
1242 2098 1324 2142 est
1348 2088 1609 2159 Scaliger,
1647 2090 1742 2144 lib.
1764 2107 1814 2144 γι
1850 2091 1927 2145 De

348 2178 577 2245 emerat,
608 2195 729 2248 pag.
762 2181 887 2236 571.

419 2266 497 2321 Ex
551 2268 652 2323 hac
707 2270 894 2325 eadem
930 2273 1139 2340 collegii
1188 2272 1543 2329 distractione
1592 2274 1814 2341 factum,
1868 2284 1927 2329 ιιι

351 2354 564 2414 Vinucii
608 2378 672 2417 ac
713 2362 939 2433 Longini
995 2366 1315 2421 consulatus
1369 2368 1512 2436 apud
1561 2366 1924 2437 Epiphanium

350 2454 477 2508 sede
519 2472 616 2509 sua
659 2457 896 2521 laxatus,
932 2475 1106 2512 χχχιιι
1161 2461 1278 2515 loco
1312 2476 1341 2514 a
1387 2460 1708 2515 consulibus
1738 2463 1925 2532 Augu-

350 2552 438 2599 sto
462 2544 574 2599 Xlll
600 2558 652 2601 et
704 2547 925 2603 Silvano
969 2562 1284 2620 poneretur,
1318 2568 1441 2605 cuin
1476 2568 1628 2607 xxx"
1660 2570 1781 2609 esse
1830 2556 1925 2609 de-

350 2637 541 2692 buerit.
577 2636 785 2692 Etenim
824 2655 967 2693 anno
1016 2639 1082 2694 U.
1135 2642 1195 2696 C.
1248 2642 1371 2705 785,
1402 2641 1621 2697 Juliano
1663 2644 1750 2709 75,
1792 2662 1921 2699 con-

349 2728 494 2796 gruit
527 2727 717 2783 Vinicii
751 2732 1087 2794 consulatus,
1125 2733 1287 2803 idque
1317 2750 1381 2788 ex
1415 2732 1756 2789 Varroniana
1790 2752 1923 2807 epo-

348 2818 449 2873 cha
483 2837 495 2871 :
526 2837 650 2874 nam
680 2823 966 2892 Capitolini
1002 2822 1146 2879 Fasti
1198 2841 1343 2881 anno
1379 2826 1484 2881 782
1518 2827 1809 2883 collocant.
1865 2828 1921 2881 In

347 2925 458 2978 quo
481 2912 706 2966 mirilice
731 2913 1095 2969 hallucinalus
1112 2924 1194 2969 est
1211 2914 1471 2985 Scaliger,
1485 2917 1613 2970 dum
1632 2916 1922 2972 Onufrium

349 3005 549 3073 arguit,
594 3006 736 3075 quod
768 3008 1113 3061 consulatum
1175 3006 1371 3062 Vinicii
1408 3009 1461 3061 in
1505 3008 1607 3063 785
1632 3011 1926 3065 contulerit

348 3111 413 3148 cx
445 3094 706 3150 Varronis
747 3099 1032 3159 sententia,
1057 3113 1181 3151 cum
1216 3097 1581 3153 Catonianum
1629 3109 1682 3153 et
1709 3100 1924 3169 Capito-

351 3186 520 3241 linum
547 3204 815 3242 annorum
840 3205 1127 3243 numerum
1161 3193 1315 3261 sequi
1347 3208 1405 3245 se
1437 3191 1771 3260 profiteatur.
1807 3194 1926 3260 Quo

350 3279 486 3332 nihil
536 3278 725 3334 falsius
778 3281 1031 3334 excidere
1086 3281 1363 3351 Scaligero
1417 3283 1614 3352 potuit.
1662 3281 1931 3340 Onufrins

349 3372 494 3425 etim
523 3371 828 3427 Comment.
863 3374 914 3427 in
938 3374 969 3426 Ι.
1005 3373 1277 3445 IFast.,in
1311 3375 1417 3429 line
1450 3376 1701 3430 diatriba:
1730 3377 1797 3431 de
1832 3392 1930 3430 an-

349 3479 422 3519 no
458 3462 618 3520 Urbis
684 3466 913 3521 conditae
958 3465 1334 3521 disertissimis
1383 3468 1564 3522 verbis
1622 3466 1921 3522 Varronem

352 3566 596 3611 secutum
643 3573 702 3612 se
730 3573 851 3612 esse
899 3568 1145 3613 testatur.
1184 3558 1456 3623 Varronis,
1492 3559 1689 3629 inquit,
1724 3571 1931 3614 senten-

351 3651 481 3703 tiam
510 3652 563 3703 in
593 3650 673 3703 his
708 3648 888 3704 Fastis
916 3668 996 3703 nte
1020 3652 1166 3721 sequi
1211 3652 1414 3720 fateor;
1459 3669 1561 3704 non
1589 3652 1727 3722 quod
1753 3654 1799 3705 ei
1823 3670 1931 3705 ma-

350 3742 430 3811 gis
457 3758 615 3810 quam
649 3739 816 3793 Fabio
848 3741 1073 3802 Pictori,
1103 3742 1178 3793 vel
1218 3740 1403 3795 Verrio
1433 3742 1651 3805 Flacco,
1686 3754 1777 3796 aut
1812 3744 1932 3797 Dio-

350 3836 501 3903 nysio
553 3834 793 3896 credam;
843 3834 932 3886 sed
960 3833 1098 3903 quod
1141 3834 1254 3903 ejus
1290 3836 1601 3888 sententiam
1632 3838 1832 3905 passim
1863 3840 1926 3890 ab

351 3924 588 3978 omnibus
643 3935 937 3995 susceptam
992 3927 1156 3994 fuisse
1213 3928 1713 3994 animadverterim,
1773 3940 1929 3999 atque

351 4024 603 4085 tanquam
624 4020 857 4069 omnium
886 4016 1213 4071 verissimam
1256 4020 1707 4089 certissimamque
1748 4020 1927 4074 obser-

348 4118 544 4160 vatam.
575 4105 731 4173 Quod
756 4108 824 4161 ab
858 4124 923 4162 eo
967 4118 1241 4163 servatum
1275 4125 1393 4163 esse
1434 4110 1728 4165 discrimen
1766 4112 1928 4168 unius

346 4199 497 4261 anui,
526 4213 637 4268 quo
664 4200 811 4255 illius
868 4198 1013 4275 Fasti
1057 4217 1085 4254 a
1136 4202 1458 4270 Capitolinis
1519 4212 1573 4256 et
1616 4202 1927 4273 Sigonianis

350 4290 629 4355 diﬂ‘erunt,
666 4292 800 4345 satis
844 4292 1104 4347 ostendit.
1159 4291 1259 4347 llic
1320 4293 1410 4347 ille
1456 4309 1620 4363 porro
1684 4293 1929 4351 Vinicius

354 4394 458 4447 est,
482 4384 569 4439 cui
591 4384 898 4437 historicum
920 4401 1077 4439 suum
1104 4383 1436 4438 Breviarium
1470 4384 1701 4441 Velleius
1732 4387 1928 4441 inscri-

355 4478 462 4547 psit
488 4495 500 4531 :
529 4478 686 4547 cujus
714 4478 778 4531 ad
802 4478 1169 4545 consulatum,
1196 4480 1263 4533 ab
1298 4478 1459 4534 Urbis
1507 4480 1661 4534 initio
1704 4496 1812 4535 non
1838 4496 1927 4534 an-
1958 4503 2003 4561 υ

350 4585 453 4625 nos
478 4570 701 4639 prazcise
733 4571 836 4625 785
867 4582 1139 4637 numerat,
1183 4582 1243 4626 ut
1285 4573 1474 4627 scribit
1528 4571 1789 4643 SenIiger,
1832 4574 1925 4627 sed

352 4662 475 4718 772.
504 4662 826 4733 Quanquam
873 4664 1127 4718 mendum
1177 4664 1318 4720 inest
1341 4666 1394 4719 in
1441 4667 1707 4729 numeris,
1735 4676 1788 4720 et
1824 4666 1930 4719 782

349 4755 767 4811 restituendum.
792 4754 857 4807 Et
891 4765 1017 4809 sunt
1041 4756 1241 4825 alioqui
1270 4757 1481 4811 numeri
1504 4758 1645 4825 apud
1664 4756 1929 4811 Velleium

349 4862 541 4904 omnes
563 4848 954 4919 propemodum
988 4847 1188 4914 vitiosi,
1209 4858 1304 4903 aut
1330 4859 1476 4905 certe
1494 4866 1683 4919 parum
1715 4851 1805 4907 ille
1825 4852 1927 4907 sibi

349 4951 586 5006 constat,
630 4943 759 4997 dum
810 4942 948 4997 alios
977 4950 1140 5012 atque
1173 4943 1313 4998 alios
1361 4952 1613 4998 auctores
1657 4945 1926 5012 sequitur.

350 5038 537 5108 Itaque
578 5047 762 5092 utrum
808 5036 1201 5092 Varronianam
1248 5053 1315 5092 an
1355 5036 1926 5109 Capitolinam,quam

348 5127 708 5184 Catonianam
732 5128 1171 5198 vocatScaliger,
1203 5130 1467 5183 rationem
1489 5131 1743 5196 tenuerit,
1776 5140 1928 5188 certo

350 5222 691 5291 pronuntiari
745 5221 952 5290 nequit.
1012 5222 1313 5291 Scripsisse
1363 5222 1579 5293 quidem
1641 5225 1719 5279 vel
1781 5241 1927 5281 anno

352 5312 494 5381 ipso,
521 5329 631 5383 quo
666 5311 913 5368 Vinicius
935 5312 1127 5367 consul
1165 5311 1286 5379 fuit,
1317 5314 1401 5367 vel
1433 5314 1651 5369 ineunte
1677 5316 1926 5386 sequenti

353 5406 544 5459 saltem
574 5405 893 5465 absolvisse,
920 5404 1043 5458 inde
1088 5404 1275 5473 liquet,
1306 5404 1452 5473 quod
1480 5403 1720 5462 ﬂorentis
1749 5407 1928 5461 adhuc

356 5494 537 5563 Seiani
563 5497 741 5566 operis
767 5496 818 5549 in
848 5499 952 5549 line
977 5496 1241 5559 meminit,
1263 5498 1351 5563 qui
1373 5495 1591 5551 Tiberio
1620 5498 1659 5551 V
1681 5514 1795 5552 cos.
1825 5498 1926 5554 hoc

353 5601 439 5641 est
466 5584 631 5640 Urbis
656 5585 759 5641 784
792 5585 1108 5655 proﬂigatns
1156 5594 1258 5641 est.
1285 5585 1487 5651 Quodsi
1519 5587 1593 5641 ita
1617 5596 1720 5651 est,
1746 5588 1924 5642 locum

356 5682 523 5736 habet
556 5679 762 5732 nullum
817 5679 1011 5733 eruditi
1054 5680 1155 5733 viri
1185 5680 1514 5747 conjectura,
1540 5680 1631 5750 qui
1676 5680 1923 5736 dubitare

358 5788 510 5831 visus
537 5780 641 5839 est,
667 5785 734 5825 an
765 5770 1075 5841 transposui
1106 5772 1416 5828 consulatus
1441 5780 1644 5839 essent,
1680 5781 1738 5829 ut.
1764 5771 1927 5829 Tibe-

2030 1911 2396 1980 Iwnoratique,
2422 1922 2469 1963 et
2497 1926 2673 1963 severa
2698 1910 2867 1977 patris
2888 1907 3168 1975 disciplina
3186 1908 3469 1966 educatus.
3492 1910 3614 1975 faci-

2030 2002 2181 2057 litate
2214 2003 2407 2071 swpius
2460 2019 2616 2072 quant
2649 2000 2913 2053 industria
2952 1999 3451 2053 commendabatur.
3495 1999 3613 2055 Mox

2028 2094 2247 2149 eosdem
2279 2094 2515 2149 Juvenes
2543 2094 2794 2163 appellat.
2827 2093 2971 2147 Sane
3004 2093 3126 2146 illos
3158 2093 3305 2161 ipsos
3340 2108 3493 2157 esse,
3522 2094 3615 2164 qui

2027 2203 2172 2242 coss.
2206 2187 2381 2240 tribus
2410 2186 2567 2240 annis
2598 2196 2721 2239 ante
2768 2185 3005 2249 fuerant,
3052 2184 3284 2239 suadent
3334 2186 3455 2254 ipsa
3502 2187 3612 2255 prio

2027 2291 2177 2330 mum
2222 2276 2473 2340 nomina;
2509 2277 2610 2331 etsi
2647 2275 2825 2331 Cassii
2858 2291 3169 2345 praenomen
3198 2275 3345 2345 apud
3381 2275 3615 2333 Dionem

2027 2367 2099 2422 sit
2125 2365 2305 2431 Caius,
2337 2383 2441 2421 non
2473 2366 2668 2420 Lucius
2695 2383 2713 2420 :
2744 2366 3020 2436 quomodo
3052 2366 3216 2420 etiam
3252 2382 3280 2419 a
3305 2364 3610 2435 Pomponio

2028 2460 2125 2513 lib.
2152 2458 2229 2513 De
2257 2462 2390 2529 orig.
2416 2459 2559 2529 juris
2589 2459 2925 2527 appellatur;
2957 2456 3049 2523 qui
3076 2456 3609 2525 etjurisconsnltum

2028 2553 2180 2607 illum
2218 2552 2280 2607 C.
2325 2554 2574 2607 Cassium
2613 2553 2915 2623 Longinum
2956 2566 3078 2605 cum
3117 2552 3217 2604 boc
3249 2560 3447 2604 nostro
3484 2567 3613 2604 ron-

2029 2648 2227 2709 l‘undit,
2267 2647 2532 2717 probante
2574 2646 2927 2716 Cuspiniano,
2962 2646 3298 2699 reclamante
3344 2660 3480 2697 vero
3521 2643 3574 2697 Li
3600 2671 3613 2683 -

2027 2742 2168 2811 psio,
2200 2741 2278 2794 Ad
2306 2741 2418 2795 haec
2442 2738 2736 2794 Suetonius
2762 2738 2814 2791 in
2847 2736 2977 2793 Caio
3004 2736 3293 2792 Drusillam
3321 2736 3387 2789 Ι..
3416 2735 3610 2790 Cassi-3

2028 2833 2272 2904 Longino
2319 2832 2573 2901 nupsisse
2624 2829 2883 2901 prodidit.
2911 2829 3059 2895 Quas
3093 2830 3164 2883 ob
3200 2844 3405 2883 causas
3450 2842 3609 2881 nemo

2026 2926 2290 2981 hactenus
2317 2924 2585 2979 dubitavit
2611 2923 2742 2993 quin
2779 2922 2940 2977 ambo
2973 2922 3047 2975 illi
3072 2919 3388 2974 Germanici
3415 2920 3593 2989 generi

2026 3030 2172 3069 coss.
2200 3014 2400 3069 fuerint
2427 3013 2553 3067 anni
2580 3012 2701 3067 785.
2734 3011 2952 3065 Primus
2993 3009 3255 3080 Keplerus
3295 3009 3354 3061 in
3387 3007 3598 3079 Eclogis

2029 3104 2349 3159 addubitare
2377 3103 2542 3173 cwpit
2572 3121 2585 3156 :
2616 3102 2909 3171 etquidem
2945 3100 3089 3169 jure.
3122 3097 3258 3151 Nam
3296 3098 3425 3167 quis
3461 3107 3606 3167 putet

2030 3197 2520 3266 praetermissurum
2547 3197 2660 3249 haac
2687 3195 2953 3251 Tacitum.
2979 3208 3101 3247 cum
3132 3194 3419 3260 utriusque
3445 3206 3603 3245 orna-

2031 3299 2209 3344 menta
2234 3289 2573 3344 recenseret?
2595 3287 2755 3357 Atqui
2783 3288 2849 3341 de
2885 3285 3094 3340 Vinicio
3124 3300 3293 3338 unum
3329 3285 3434 3339 hoc
3460 3296 3605 3338 retu-

2031 3380 2125 3434 lit:
2157 3389 2310 3449 patre
2339 3390 2501 3447 atque
2534 3395 2633 3431 avo
2659 3376 3050 3431 consularibus
3085 3374 3387 3427 oriundum
3418 3372 3603 3427 fuisse.

2032 3472 2107 3526 De
2130 3472 2324 3527 Cassio
2352 3486 2500 3537 vero,
2538 3469 2731 3539 plebeii
2767 3468 2936 3522 fuisse
2963 3466 3201 3536 generis.
3239 3463 3605 3532 Quamobrem

2030 3575 2238 3620 certum
2278 3564 2408 3618 mihi
2452 3572 2555 3626 est,
2598 3563 2844 3617 diversos
2888 3562 3021 3616 istos
3052 3577 3176 3616 esse
3212 3577 3243 3615 a
3284 3577 3434 3616 coss.
3482 3563 3603 3614 anni

2033 3656 2155 3717 785,
2182 3656 2430 3724 quamvis
2456 3654 2593 3708 idem
2618 3669 2814 3708 nomen
2842 3653 3149 3707 habuerint.
3187 3650 3459 3706 Suetonio
3484 3668 3607 3705 vero

2032 3748 2331 3804 similitudo
2363 3748 2645 3801 nominum
2687 3745 3014 3814 imposuisse
3047 3745 3278 3808 videtur,
3312 3754 3376 3797 ut
3404 3758 3603 3798 consu-

2030 3842 2197 3896 larem
2236 3848 2453 3895 vocaret
2486 3839 2754 3904 Cassium,
2787 3838 2928 3906 quod
2953 3835 3245 3907 ὁμώνυμος
3281 3835 3420 3889 alter
3454 3836 3607 3903 paulo

2029 3944 2159 3988 ante
2191 3933 2533 3988 consulatum
2570 3930 2849 4000 gessisset.
2883 3927 3009 3982 Hzec
3046 3927 3113 3982 de
3164 3942 3310 3981 coss.
3365 3928 3434 3980 ab
3483 3924 3604 3995 Epi—

2028 4022 2230 4091 phanio
2256 4020 2536 4075 recensitis
2564 4019 2875 4087 diligentius
2898 4018 3149 4088 persequi
3172 4032 3355 4086 operae
3378 4017 3604 4085 pretium

2030 4115 2164 4179 fuit;
2200 4114 2342 4183 quod
2372 4129 2437 4167 ex
2478 4113 2691 4166 illorum
2750 4122 3007 4166 contextu
3057 4120 3180 4178 apta
3231 4124 3606 4179 suspensaque

2030 4206 2102 4260 sit
2146 4220 2412 4258 annorum
2460 4203 2660 4257 Christi
2703 4202 2905 4268 series;
2966 4201 3304 4271 proindeque
3358 4200 3604 4255 substru-

2029 4294 2206 4348 ctione
2236 4294 2337 4347 ista
2368 4309 2506 4363 opus
2537 4305 2620 4348 est
2652 4293 2736 4359 iis,
2774 4294 2866 4363 qui
2894 4308 3082 4347 verum
3116 4292 3325 4346 Christi
3360 4290 3603 4346 Natalem

2029 4383 2359 4453 investigare
2405 4384 2672 4438 student:
2718 4400 2882 4454 quam
2947 4384 3327 4438 stabiliendum
3388 4385 3602 4439 lulcicn-

2030 4474 2486 4544 damque-merito
2519 4475 2622 4530 sibi
2653 4476 2809 4529 duxit
2840 4475 3103 4545 Keplerns
3136 4476 3257 4545 ejus
3282 4476 3603 4546 disputatio-

2033 4569 2117 4622 nis
2156 4568 2334 4630 initio,
2376 4584 2540 4638 quam
2579 4568 2645 4622 de
2679 4568 2885 4623 Christi
2921 4568 3095 4623 Natali
3121 4579 3250 4623 ante
3280 4569 3493 4639 aliquot
3516 4586 3601 4622 an-

2031 4677 2132 4717 nos
2155 4662 2511 4717 elucubravit.
2556 4662 2614 4715 ln
2649 4678 2755 4731 qua
2787 4663 3022 4732 primum
3056 4663 3302 4716 omnium
3336 4661 3601 4717 Romano-

2030 4770 2151 4807 rum
2178 4770 2319 4810 coss.
2352 4764 2663 4825 perpetuam
2690 4756 3115 4820 successionem,
3150 4770 3181 4810 e
3218 4772 3326 4826 qua
3361 4756 3601 4811 nonnulli

2031 4845 2349 4901 consulatus
2373 4847 2568 4916 quinos
2586 4848 2951 4902 detrahendos
2974 4847 3256 4917 putabant,
3278 4849 3600 4902 ﬁrmissimis

2030 4940 2364 5009 argumentis
2394 4942 2782 4994 communitam
2820 4941 3050 5009 reliquit.
3089 4940 3192 4994 Sed
3232 4949 3319 4993 est
3350 4941 3599 5010 quiddam

2033 5041 2233 5096 tamen,
2261 5033 2407 5101 quod
2441 5033 2509 5087 ab
2537 5048 2603 5088 eo
2635 5033 2813 5087 minus
2842 5032 3282 5087 animadversum
3314 5032 3407 5086 hic
3437 5033 3599 5087 obiter

2031 5124 2299 5178 ascribam
2324 5141 2337 5189 ;
2368 5135 2423 5179 ut
2451 5126 2638 5179 eadem
2663 5140 2827 5194 opera
2868 5124 3038 5179 Taciti
3068 5125 3273 5187 locum,
3303 5126 3400 5193 qui
3434 5127 3597 5179 hacte-

2030 5233 2135 5272 nus
2184 5218 2379 5273 vitiose
2410 5218 2627 5290 legitur.
2662 5219 2959 5289 integritati
2988 5219 3297 5273 restituam.
3346 5216 3415 5273 Ut
3448 5220 3597 5289 igitur

2031 5308 2291 5379 lieplerus
2317 5310 2573 5375 aﬂirmet,
2607 5311 2745 5365 inter
2774 5309 3051 5364 Tiberium
3075 5322 3128 5365 et
3153 5311 3429 5366 Neronem
3463 5312 3596 5363 nulla

2028 5420 2175 5460 coss.
2201 5420 2324 5459 esse
2345 5404 2716 5459 subtrahenda
2747 5406 2922 5474 paria,
2951 5403 3141 5458 Taciti'
3162 5405 3305 5457 inter
3330 5406 3438 5458 alia
3467 5406 3597 5459 testi-

2028 5496 2271 5551 monimn
2300 5497 2476 5552 aﬂ‘ert.
2505 5497 2605 5563 Qui
2639 5498 2691 5551 in
2735 5496 2993 5567 Agricola:
3014 5498 3185 5551 soceri
3240 5496 3359 5549 Vita
3400 5497 3598 5555 scribit,

2028 5588 2329 5643 decessisse
2377 5588 2525 5641 illum
2575 5588 2795 5659 Collega
2823 5598 2875 5641 et
2905 5587 3092 5641 Prisco
3123 5602 3449 5643 coss..anno
3477 5597 3596 5639 aeta-

2028 5683 2096 5736 tis
2123 5682 2213 5745 56,
2244 5691 2427 5735 natum
2487 5696 2616 5735 vero
2645 5682 2777 5735 Caio
2800 5679 2863 5733 ιιι
2908 5696 3053 5735 coss.
3090 5679 3165 5733 Ex
3207 5696 3319 5749 quo
3360 5681 3433 5732 ita
3454 5675 3594 5731 colli-

2032 5774 2109 5845 git
2158 5792 2170 5830 :
2214 5773 2457 5830 Tertium
2499 5773 2616 5829 Caii
2660 5776 3002 5831 consulatum
3056 5788 3200 5828 anno
3261 5770 3599 5839 Dionysium
