3854 6322
191 367 310 422 893

1383 368 1468 421 DE
1502 365 1690 422 ANNO
1725 365 1979 422 NA'I‘ALI
2017 365 2317 423 CHRISTI.

3367 365 3475 424 894

192 506 326 546 εει-σεε
350 488 427 546 ιθ
462 488 813 545 tribuendum
856 489 1046 556 videri,
1094 505 1226 554 non,
1260 501 1316 544 ut
1351 489 1572 560 quidam
1601 489 1795 559 opiua-
1826 498 1868 550 Α
1900 503 2079 544 annus
2109 503 2140 542 a
2173 496 2302 542 nato
2348 487 2578 541 Domino
2607 486 2732 548 564.
2764 502 2873 558 quo
2914 486 3326 545 Valentinianum
3365 489 3472 543 im-

202 584 394 648 batur,
419 583 511 638 ιε.
573 583 770 637 Verum
797 598 921 638 cum
946 582 1064 638 Caii
1090 583 1411 639 consulatus
1444 600 1501 638 Ill
1555 600 1789 639 concur—

191 683 287 730 rat
318 690 450 729 cum
495 691 548 728 a.
581 672 644 728 U.
676 673 739 729 C.
778 673 915 739 793;
956 673 1187 744 Collega:
1237 685 1418 730 autem
1463 691 1528 731 ac
1590 674 1784 735 Prisci,

191 783 326 821 cum
357 782 510 821 anno
533 765 675 833 846;
707 767 800 836 qui
827 781 973 821 anno
1006 767 1108 823 795
1131 768 1202 822 sit
1231 776 1414 834 natus,
1440 767 1486 823 is
1515 783 1658 822 anno
1683 766 1788 820 846

191 875 310 912 non
343 861 470 930 plus
501 875 668 929 quam
708 875 797 914 LIV
830 873 1004 914 annos
1033 867 1195 914 natus
1223 873 1344 914 esse
1380 859 1573 929 potuit.
1607 858 1787 926 Quare

190 952 346 1020 apud
386 950 638 1008 Tacitum
687 952 862 1006 miror
899 951 1354 1007 animadvertisse
1387 951 1658 1008 neminem
1687 967 1786 1023 pro

189 1039 266 1097 56
321 1041 614 1112 legendum
651 1056 774 1097 esse
815 1042 904 1096 54.
948 1041 1288 1097 Facillimum
1325 1052 1506 1097 autem
1563 1043 1665 1098 fuit
1719 1059 1786 1098 ex

191 1144 461 1187 notarum
501 1132 816 1189 inversione
841 1133 1033 1188 vitium
1066 1149 1096 1188 a
1127 1133 1366 1189 librariis
1385 1135 1618 1190 admitti.

194 1288 408 1356 Quibus
439 1309 577 1347 coss.
604 1291 757 1361 vulgo
785 1291 984 1347 Christi
1015 1292 1228 1346 Natalis
1263 1295 1594 1362 assignetur:
1625 1292 1714 1346 ubi
1734 1301 1784 1347 et

382 1362 447 1416 de
472 1363 659 1416 bisexti
687 1365 1008 1418 correctione
1040 1375 1285 1417 accurate
1305 1366 1604 1418 disseritur.

181 1521 186 1524 .
267 1472 559 1527 Christum
599 1474 844 1544 Augusto
871 1473 988 1528 XIII
1022 1484 1077 1530 et
1135 1475 1356 1531 Silvano
1404 1492 1549 1533 coss.
1593 1486 1780 1533 natum

187 1578 320 1621 esse
348 1576 667 1621 constanter
691 1566 924 1620 aﬂirmat
951 1569 1308 1638 Epiphanius.
1342 1567 1446 1624 Sed
1475 1585 1600 1624 cum
1636 1570 1780 1624 idem

190 1671 246 1711 vr
277 1656 362 1711 Id.
377 1656 505 1712 Jan.
539 1655 784 1714 Natalem
805 1659 947 1714 diem
963 1675 1084 1714 esse
1102 1660 1342 1725 deﬁniat,
1356 1661 1478 1730 jure
1495 1662 1780 1716 Annalium

187 1751 498 1806 ecclesiast.
521 1753 769 1822 scriptor
806 1752 871 1806 ad
901 1753 1115 1807 illorum
1143 1769 1355 1823 gregem
1375 1753 1777 1824 aliungendum

189 1859 319 1899 esse
355 1845 542 1913 potius
572 1841 938 1912 Epiphanium
969 1853 1142 1912 putat,
1173 1843 1266 1913 qui
1306 1859 1450 1898 anno
1489 1845 1776 1914 superiori,
1812 1845 1853 1900 Β

193 1936 305 1990 hoc
335 1945 421 1990 est
457 1935 686 1989 Lentulo
715 1945 767 1990 et
790 1934 1082 1990 Messalino
1107 1942 1470 1998 coss.,natum
1495 1934 1776 1991 Christum

187 2029 539 2088 existimant,
582 2042 744 2096 quam
779 2031 993 2093 eorum,
1023 2027 1116 2096 qui
1156 2027 1224 2082 iis
1271 2027 1426 2097 ipsis,
1469 2042 1608 2097 quos
1652 2026 1779 2097 Epi-

189 2121 436 2192 phanius
482 2119 746 2182 nominat,
779 2134 921 2173 coss.
960 2117 1200 2173 Natalem
1247 2120 1595 2190 consignant.
1644 2119 1779 2175 Pro-

190 2223 378 2284 pterea
414 2212 644 2281 quod,si
677 2226 1024 2266 communem
1055 2211 1122 2266 de
1152 2227 1338 2266 mense
1370 2210 1576 2266 Natalis
1601 2226 1665 2267 ac
1691 2213 1778 2266 die

190 2305 526 2380 sententiam
547 2313 692 2359 esset
721 2304 1028 2372 amplexus,
1063 2305 1288 2358 omnino
1319 2306 1628 2374 superiores
1652 2305 1776 2360 illos

190 2414 339 2454 coss.
370 2398 718 2468 praetulisset.
753 2397 906 2452 Unde
927 2397 1262 2458 Cassiodori,
1299 2415 1458 2468 quem
1506 2397 1776 2454 Baronius

189 2493 469 2560 sequitur,
501 2505 608 2542 non
633 2488 848 2544 Onul‘rii
872 2489 1091 2544 decreto
1109 2490 1461 2559 cpinionique
1487 2489 1774 2559 sull‘ragari

189 2582 476 2654 putandus
510 2593 612 2638 est.
641 2581 798 2648 Quod
829 2582 996 2654 igitur
1025 2581 1273 2636 Christus
1303 2581 1535 2638 Lentulo
1559 2590 1613 2636 et
1643 2581 1778 2637 Mes-

190 2680 372 2735 salino
401 2693 546 2733 coss.
564 2685 716 2732 ortus
746 2677 837 2741 sit,
866 2692 1008 2732 anno
1031 2675 1248 2730 Juliano
1281 2676 1372 2742 45,
1407 2675 1647 2732 studiose
1677 2677 1772 2730 de-

187 2777 549 2825 monstratur
588 2767 644 2821 in
690 2767 1009 2832 Annalibus,
1057 2766 1220 2836 idque
1255 2767 1398 2821 velut
1436 2766 1773 2821 fundamenti

190 2861 316 2917 loco
345 2861 592 2928 ponitur,
617 2876 727 2930 quo
755 2867 1002 2925 nutante,
1037 2868 1096 2914 ut
1125 2859 1281 2913 aiunt
1322 2858 1446 2928 ipsi,
1477 2858 1772 2912 Annalium

189 2964 512 3011 contextum
567 2968 782 3007 omnem
829 2967 990 3007 ruere
1046 2952 1350 3022 collabique
1403 2951 1476 3005 sit
1527 2967 1773 3006 necesse.

190 3047 434 3103 Proinde
464 3046 676 3116 primus
716 3061 746 3099 a
790 3042 970 3098 Natali
1017 3042 1240 3106 Christi,
1286 3043 1398 3098 sive
1430 3042 1774 3115 Dionysiame

1892 581 2103 651 perium
2139 582 2367 645 adeptus
2385 588 2490 644 est,
2526 579 2832 636 bisextilem
2860 582 3049 636 habuit
3072 582 3238 639 diem.
3271 597 3466 650 quem-

1890 673 2182 728 admodum
2235 671 2340 727 376
2387 674 2578 728 scribit
2636 673 2978 728 Ammianus.
3024 672 3163 742 Ergo
3205 673 3309 727 565
3343 683 3470 726 ante

1891 765 2038 819 illum
2076 780 2328 836 perteque
2358 766 2626 823 bisextilis
2659 775 2763 822 est.
2793 766 2955 836 Atqui
2979 766 3068 819 ille
3097 774 3178 820 est
3213 765 3346 836 ipse.
3367 765 3463 834 qui

1889 855 2176 912 Lentulum
2205 867 2260 912 et
2283 857 2658 914 Marcellinum
2695 872 2838 913 coss.
2873 856 3109 928 praefert,
3141 857 3338 926 quibus
3366 855 3467 911 De-

1887 949 2091 1004 cembri
2118 964 2303 1004 mense
2328 959 2488 1005 natus
2513 958 2598 1005 est
2620 950 2895 1004 Christus.
2922 947 3086 1003 Recte
3110 947 3383 1019 igiturhic
3407 949 3463 1002 in

1886 1039 2185 1094 Annalibus
2215 1043 2542 1098 constitutus
2574 1043 2808 1096 videtur.

1959 1131 2138 1203 Pergit
2168 1134 2220 1188 iu
2260 1135 2449 1189 eodem
2499 1146 2819 1206 argumento
2866 1133 3086 1188 uberius
3118 1129 3461 1201 explicando,

1885 1231 1940 1278 et
1968 1223 2035 1278 de
2063 1223 2276 1280 Juliana
2304 1226 2564 1282 bisextilis
2594 1225 2724 1281 anni
2755 1225 3111 1295 dispositione
3168 1234 3332 1294 atque
3353 1224 3463 1276 Au-

1885 1319 2025 1388 gusti
2056 1320 2390 1375 correctione
2433 1320 2686 1384 disserit;
2730 1331 2791 1376 ut
2836 1329 3112 1391 appareat,
3151 1333 3355 1373 annum
3394 1319 3460 1372 il-

1884 1413 2018 1476 lum,
2037 1413 2129 1483 qui
2151 1422 2235 1467 est
2253 1411 2502 1470 Julianus
2524 1413 2614 1477 45,
2639 1414 2911 1470 bisextum
2945 1413 3224 1470 habuisse.
3247 1411 3460 1468 Etenim

1881 1503 2060 1560 Julius
2098 1506 2281 1560 Caesar
2311 1522 2455 1562 anno
2483 1507 2551 1560 ab
2582 1506 2650 1561 U.
2693 1508 2758 1563 C.
2801 1507 3145 1562 Varroniano
3187 1505 3311 1566 708.
3349 1522 3462 1576 quo

1884 1597 2002 1668 ipse
2033 1598 2248 1653 tertium
2279 1613 2402 1653 cum
2440 1598 2642 1668 Lepido
2674 1615 2818 1655 coss.
2851 1599 2972 1664 fuit,
3014 1613 3216 1652 annum
3253 1597 3458 1652 Roma-

1880 1704 2012 1743 num
2058 1690 2347 1744 emendare
2375 1689 2455 1745 sic
2485 1698 2567 1744 est
2605 1705 2914 1759 aggressus,
2947 1698 3004 1742 ut
3043 1689 3302 1759 deinceps
3325 1705 3460 1759 quo—

1880 1795 1987 1850 que
2028 1795 2170 1834 anno
2199 1795 2253 1835 ιν
2299 1780 2533 1835 solidum
2570 1781 2714 1836 diem
2749 1779 3175 1835 iutercalandum
3201 1780 3455 1834 decreve-

1883 1871 1970 1924 rit.
1995 1871 2073 1924 Ac
2111 1870 2156 1925 si
2193 1884 2338 1923 anno
2367 1869 2461 1924 illo
2498 1870 2923 1935 emendationis,
2956 1886 3117 1941 quem
3149 1869 3458 1924 Macrobius

1878 1961 2526 2033 Confusionis-appellat,
2573 1962 2709 2016 nihil
2747 1971 2942 2032 praeter
2981 1979 3195 2019 menses
3235 1979 3300 2020 ac
3337 1964 3456 2018 dies

1878 2053 2271 2120 intercalasset,
2293 2057 2362 2110 ab
2381 2071 2446 2110 eo
2473 2055 2594 2125 ipso
2613 2054 2942 2116 bisextilium
2963 2071 3225 2111 annorum
3248 2057 3456 2111 ducen-

1877 2146 2005 2200 dum
2046 2147 2234 2202 fuisset
2263 2147 2569 2214 exordium,
2611 2147 2687 2202 ita
2720 2157 2778 2200 ut
2809 2147 3018 2216 primus
3063 2161 3118 2201 iv
3137 2158 3256 2216 post
3288 2162 3453 2212 anno,

1877 2237 2078 2308 Lepido
2112 2238 2154 2292 ll
2185 2246 2240 2293 et
2272 2237 2476 2294 Planco
2508 2253 2656 2294 coss.
2703 2248 3063 2311 congrueret:
3097 2255 3205 2309 qua
3248 2239 3456 2295 ratione

1877 2346 1972 2400 per
1994 2330 2351 2402 quadriennia
2391 2332 2794 2400 descendendo,
2839 2332 3103 2388 bisextilis
3134 2333 3454 2390 undecimus

1877 2438 1987 2477 non
2019 2423 2074 2478 in
2135 2423 2205 2477 45
2233 2439 2260 2478 a
2294 2424 2633 2481 correctione
2700 2441 2926 2490 annum,
2988 2424 3082 2480 sed
3117 2425 3172 2479 in
3203 2425 3293 2488 44,
3349 2426 3455 2482 hoc

1874 2523 1978 2579 est,
2021 2530 2128 2568 non
2160 2515 2212 2568 in
2245 2514 2534 2570 Lentulum
2578 2527 2628 2571 et
2672 2515 3054 2582 Messalinum,
3101 2518 3194 2572 sed
3254 2517 3307 2572 in
3339 2519 3454 2573 Au-

1874 2615 2094 2678 gustum
2137 2605 2252 2659 Xlll
2287 2617 2342 2662 et
2379 2607 2648 2662 Plautium
2693 2624 2838 2664 coss.
2896 2611 3210 2674 incurreret,
3252 2611 3452 2680 quibus

1873 2699 2076 2755 Christi
2111 2701 2343 2755 natalem
2373 2701 2685 2771 assignabat
2719 2700 3000 2756 Ouul‘rius.
3033 2702 3102 2755 At
3127 2703 3176 2756 id
3210 2718 3368 2758 secus
3394 2719 3454 2760 se

1873 2786 2084 2841 habuit.
2119 2785 2254 2841 Nam
2287 2799 2482 2858 prieter
2517 2789 2815 2844 solidorum
2846 2791 3055 2845 dierum
3089 2792 3454 2848 inlercalatio-

1873 2895 2019 2944 nem,
2043 2879 2322 2949 quadrans
2361 2880 2586 2948 insuper
2611 2880 2740 2944 diei,
2777 2881 2919 2950 quod
2958 2880 3180 2938 Solinus
3207 2885 3385 2947 docet,
3419 2901 3450 2940 a

1871 2970 2087 3026 Caesare
2119 2980 2204 3026 est
2232 2971 2498 3042 adjectus.
2523 2971 2695 3039 Quem
2723 2983 2778 3028 ut
2805 2974 3172 3038 interralaret,
3201 2977 3328 3046 quia
3357 2993 3452 3034 so.

1871 3064 1956 3118 lus
1985 3064 2110 3118 addi
2151 3080 2258 3118 non
2300 3075 2529 3134 poterat,
2576 3076 2798 3122 necesse
2825 3066 2945 3134 fuit,
2987 3077 3046 3123 ut
3076 3069 3130 3122 in
3177 3084 3452 3124 auuumtv

189 3153 406 3248 ξεξεῗῧς
431 3138 668 3248 νυιυειιξίε
702 3152 881 3248 almus
906 3135 1382 3248 ³οΚ²ξ¹χ³³ῗξ¹εξ¹ξίίδ
1413 3138 1540 3248 ³¹¹ξξί
1572 3135 1768 3241 ³¹¹¹Ῐ⁵ξηί
1798 3185 1846 3248 c
1875 3157 2206 3223 diﬂ‘erretur;
2247 3159 2419 3214 donec
2446 3159 2690 3215 videlicet
2713 3175 2779 3214 ex
2801 3163 3100 3231 quadrante
3133 3163 3223 3217 illo
3269 3173 3324 3218 et
3349 3167 3448 3216 tri-

187 3231 262 3286 44
288 3231 482 3286 iisdem
513 3231 568 3284 in
597 3229 903 3284 Annalibus
933 3229 1125 3298 incipit
1150 3247 1165 3282 :
1186 3227 1350 3284 Urbis
1382 3244 1448 3284 ex
1482 3228 1772 3284 Varronia-

189 3341 263 3381 ua
296 3325 510 3379 ratione
535 3324 662 3388 752,
686 3323 844 3392 cujus
876 3320 1069 3376 Palilia
1095 3322 1266 3392 Aprili
1300 3337 1487 3378 mense
1521 3322 1770 3393 proxime

187 3425 381 3473 secuta
416 3423 544 3470 sunt
579 3432 594 3468 :
627 3414 762 3469 adeo
791 3423 852 3468 ut
880 3413 932 3466 in
965 3427 1168 3467 annum
1204 3412 1368 3469 Urbis
1399 3413 1495 3469 751
1531 3415 1770 3486 vulgaris

187 3523 313 3561 aera:
365 3504 724 3576 primordium
781 3505 1058 3572 incurrat;
1123 3503 1458 3576 Olympiadis
1514 3507 1616 3561 I94
1671 3523 1770 3560 an-

189 3615 325 3655 num
363 3599 419 3651 2.
467 3599 565 3653 Est
601 3613 666 3652 ea
696 3599 916 3667 quidem
948 3599 1261 3654 Cassiodori
1309 3597 1599 3663 sententia,
1632 3597 1769 3652 alio-

188 3707 424 3760 rumque
468 3700 576 3746 tam
607 3699 875 3753 veterum,
901 3706 1062 3760 quam
1091 3691 1490 3756 recentiorum;
1517 3699 1590 3754 et,
1622 3688 1768 3759 quod

187 3785 256 3840 ad
303 3783 550 3837 Natalem
593 3783 771 3852 ipsum
821 3784 1034 3850 attinet,
1082 3799 1213 3838 sane
1250 3781 1566 3853 probabilis.
1609 3781 1767 3849 Quod

186 3890 372 3932 autem
401 3877 488 3930 ille
517 3876 658 3932 idem
686 3893 864 3932 annus
897 3892 1018 3930 cum
1052 3891 1159 3930 era
1182 3873 1512 3946 Dionysiana
1534 3875 1768 3944 conjun»

185 3970 334 4040 gitur
359 4006 372 4030 .
414 3967 515 4019 hoc
548 3973 652 4033 est,
680 3967 825 4036 quod
864 3965 1075 4036 primus
1105 3981 1228 4020 terte
1257 3963 1768 4020 Christianzelulia-

185 4075 292 4113 nus
321 4073 444 4112 esse
469 4057 539 4112 44
559 4059 844 4124 asseritur,
872 4058 1087 4130 Olymp.
1121 4055 1225 4111 194
1243 4058 1536 4123 secundus,
1563 4056 1616 4110 id
1639 4072 1766 4111 vero

185 4165 534 4220 nequaquam
569 4149 830 4219 procedit.
863 4148 1092 4204 Biennio
1119 4150 1262 4204 enim
1287 4149 1530 4214 aberrat,
1558 4155 1617 4202 ut
1640 4149 1764 4218 qui-

186 4241 313 4296 dem
352 4241 600 4311 plerique
640 4241 902 4296 bactenus
936 4242 1466 4307 animadverterunt;
1495 4251 1554 4296 ut
1583 4251 1764 4295 autem

189 4333 474 4396 existimo,
522 4332 684 4387 etiam
725 4332 960 4387 triennio
1017 4347 1046 4387 a
1095 4331 1338 4404 Dionysii
1377 4339 1558 4386 mente
1600 4342 1764 4401 atque

181 4443 292 4482 tera
329 4427 531 4489 distat,
573 4426 650 4479 uti
680 4426 844 4495 paulo
879 4436 1002 4496 post
1034 4425 1512 4480 demonstrabitur.
1543 4421 1654 4478 Nos
1681 4423 1765 4476 in-

1876 3252 1976 3307 bus
2004 3252 2128 3307 aliis
2161 3253 2386 3307 totidem
2411 3255 2864 3322 consequentium
2894 3271 3186 3320 annorum,
3214 3257 3327 3311 dies
3351 3273 3449 3312 ex-

1873 3357 2139 3417 surgeret.
2183 3345 2370 3417 Itaque
2418 3348 2654 3417 primum
2712 3347 2983 3403 bisextum
3031 3365 3137 3404 non
3187 3351 3377 3421 quinto
3415 3368 3447 3408 a

1870 3437 2204 3492 correctione
2255 3452 2419 3502 anno,
2474 3445 2534 3492 ut
2590 3439 2787 3508 alioqui
2832 3437 3072 3493 futurum
3127 3440 3446 3509 dicebatur,

1872 3529 1962 3583 sed
1979 3528 2146 3598 ιν.ρυί
2168 3527 2506 3584 antecedenti
2524 3529 2880 3585 correctionis
2899 3546 3042 3586 anno
3063 3533 3443 3600 respondebat,

1871 3637 1965 3676 seu
1991 3631 2112 3691 post
2139 3621 2280 3677 tertii
2307 3622 2436 3676 anni
2463 3622 2772 3690 circuitum,
2804 3624 2976 3678 Pansa
2999 3635 3051 3679 et
3073 3623 3248 3680 Hirtio
3269 3641 3440 3692 coss.,

1869 3715 2145 3769 observari
2175 3715 2339 3784 jussit
2369 3732 2382 3769 :
2416 3715 2622 3784 reliqua
2641 3716 2896 3784 deinceps
2927 3725 3446 3788 postquemqucan-

1871 3824 1997 3860 num
2023 3821 2078 3861 tv
2095 3806 2164 3861 ab
2197 3808 2300 3861 hoc
2329 3808 2527 3878 primo.
2557 3807 2878 3878 Quanquam
2913 3810 3242 3873 sacerdotes,
3279 3827 3445 3881 penes

1868 3911 2008 3966 quos
2036 3895 2390 3950 intercalandi
2423 3912 2556 3952 cura
2585 3907 2723 3964 erat,
2763 3913 2828 3954 eo
2856 3898 3112 3966 fortasse,
3155 3902 3300 3971 quod
3329 3903 3444 3970 pri-

1869 4004 2016 4042 mum
2059 3987 2330 4043 bisextum
2380 3999 2502 4059 post
2572 4006 2774 4045 annum
2815 4009 2877 4049 Ill
2901 3993 3136 4047 locatum
3178 3994 3440 4059 viderent,

1866 4095 2053 4135 errore
2095 4081 2264 4146 ducti,
2309 4083 2588 4150 sequentia
2623 4083 2820 4139 similia
2853 4093 2971 4154 post
3001 4088 3215 4139 tertium
3246 4103 3441 4155 quem-

1867 4188 1970 4242 que
2010 4182 2363 4242 usurparunt,
2396 4190 2710 4241 annumque
2738 4174 3042 4230 Romanqu
3075 4193 3234 4230 xxxvi
3263 4193 3440 4233 anuo-

1866 4280 1987 4319 rum
2015 4265 2190 4334 spatio
2219 4265 2290 4318 ita
2320 4267 2706 4332 depravarunt,
2737 4276 2795 4320 ut
2817 4284 2912 4336 pro
2936 4285 2988 4322 Ix
3022 4269 3214 4324 diebus
3237 4271 3434 4326 duode-

1867 4357 2411 4426 nosinterponereut.
2451 4359 2606 4424 Quod
2636 4362 2913 4430 Augustus
2951 4374 3010 4417 ut
3036 4363 3351 4434 corrigeret.
3385 4373 3439 4420 et

1869 4459 1976 4505 tres
2001 4465 2096 4504 eos
2124 4450 2243 4504 dies
2263 4450 2570 4521 superﬂuos
2599 4462 2891 4520 resecaret,
2916 4471 2989 4509 xu
3016 4465 3303 4526 sequentes
3321 4457 3438 4512 sine

184 4520 500 4616 ίεξίἮ-(ιυω
539 4518 592 4572 ίη
627 4517 914 4616 ΑΡΡὟὈΨ-
941 4518 1007 4572 ad
1061 4517 1302 4572 Amm“
1346 4517 1415 4572 de
1438 4516 1572 4616 _h°?
1615 4531 1759 4570 ³⁰¹¹⁰
1789 4531 1836 4588 Ι)
1864 4543 2098 4598 bisextili
2147 4516 2556 4598 intercalatione
2587 4544 2810 4615 transigi
2835 4516 3016 4616 jussit,
3135 4545 3438 4604 Censorino

179 4609 458 4664 subtiliter
481 4618 533 4663 et
564 4609 835 4679 exquisite
863 4608 1214 4680 disputantur
1241 4608 1596 4679 expendenda
1623 4623 1756 4662 cen-

178 4717 418 4758 ευιιηυε.

249 4819 390 4874 Cum
427 4815 592 4887 igitur
615 4832 643 4870 a
671 4816 951 4872 nonnullis
977 4816 1272 4888 improbari
1299 4831 1456 4871 suam
1491 4814 1559 4870 de
1581 4812 1760 4870 Natali

177 4908 389 4964 Christi
419 4909 743 4964 sententiam
783 4909 1011 4976 videret,
1061 4910 1131 4962 ob
1185 4909 1237 4962 id
1290 4923 1457 4962 unum
1497 4909 1757 4971 maxime,

177 5001 325 5071 quod
369 5001 424 5053 in
453 4998 729 5055 Julianum
760 5002 851 5066 45,
882 5002 973 5072 qui
1000 5017 1142 5057 coss.
1177 5001 1340 5056 habet
1369 4999 1658 5055 Lentulum
1707 5010 1760 5054 et

177 5091 578 5154 Marcellinum,
613 5091 1031 5161 bisextilis,.dies
1054 5091 1278 5148 minime
1299 5093 1538 5158 caderet,
1568 5101 1758 5146 contra

177 5185 266 5238 ille
296 5184 376 5238 sic
405 5185 742 5253 praescribit:
770 5185 1005 5239 Tantum
1037 5185 1248 5250 abesse,
1287 5195 1346 5240 ut
1372 5186 1427 5239 in
1457 5201 1660 5240 annum
1695 5185 1760 5238 il-

175 5277 290 5331 lum
322 5277 591 5334 bisextilis
614 5277 730 5333 dies
763 5293 866 5333 non
894 5279 1120 5345 incidat,
1155 5288 1214 5334 ut
1251 5279 1304 5333 in
1328 5278 1495 5333 alium
1521 5278 1753 5342 nullum,

175 5370 284 5424 nisi
313 5371 382 5424 ab
407 5369 596 5424 eodem
621 5379 900 5441 quartum,
927 5371 1043 5426 sive
1073 5381 1222 5434 ante,
1254 5371 1369 5425 sive
1399 5382 1522 5442 post
1554 5371 1753 5441 ipsum,

174 5462 472 5516 convenire
502 5463 698 5532 possit.
732 5461 944 5517 Etenim
982 5479 1081 5533 pro
1109 5463 1387 5528 confesso,
1422 5464 1756 5533 minimeque

173 5554 344 5608 dubio
381 5553 435 5607 id
476 5555 530 5609 iu
579 5555 682 5610 hac
726 5563 839 5610 tota
881 5556 1254 5626 disputatione
1302 5557 1514 5612 sumit:
1547 5571 1752 5611 annum

176 5647 353 5713 illum,
383 5662 495 5718 quo
533 5659 694 5704 natus
741 5659 826 5706 est
866 5651 1140 5712 Christus,
1187 5652 1496 5707 bisextilem
1537 5652 1750 5707 fuisse:

175 5751 460 5811 propterea
491 5743 634 5812 quod
661 5743 754 5813 qui
785 5744 1042 5814 deinceps
1067 5745 1137 5798 ab
1183 5760 1247 5799 eo
1286 5745 1567 5815 propagati
1603 5755 1751 5804 sunt,

175 5847 272 5904 per
309 5842 607 5904 quaternos
633 5837 795 5894 divisi
832 5836 1109 5893 bisextiles
1144 5844 1456 5892 occurrunt.
1489 5834 1609 5901 Iam
1627 5850 1753 5892 vero

1864 4642 1918 4689 et
1941 4634 2129 4690 Asinio
2151 4634 2304 4690 Callo
2327 4649 2470 4691 coss.
2497 4634 2621 4691 llaec
2644 4637 2696 4691 in
2718 4638 3032 4693 Annalibus.
3067 4639 3199 4708 Quae
3230 4651 3288 4696 ut
3307 4658 3411 4698 ocu

1864 4725 1932 4781 lis
1971 4726 2103 4797 ipsis
2145 4727 2387 4797 subjecta
2444 4728 2602 4798 plane
2655 4730 3044 4800 percipiantur,
3115 4732 3436 4789 laterculum

1864 4818 2072 4888 aliquot
2118 4819 2498 4874 consulatuum
2549 4823 2806 4887 attexuit;
2859 4823 3013 4879 initio
3061 4824 3224 4881 ducto
3263 4827 3333 4880 ab
3370 4840 3436 4880 eo

1862 4927 2027 4979 anno,
2064 4928 2174 4983 quo
2201 4911 2415 4968 Juliana
2454 4919 2619 4985 ccepit
2651 4917 2836 4970 editio.
2868 4917 3023 4982 Quod
3061 4933 3185 4972 cum
3231 4919 3296 4972 ad
3342 4933 3433 4974 eo-

1862 5021 2003 5072 rum,
2035 5023 2157 5076 qua:
2179 5008 2434 5080 deinceps
2463 5014 2806 5082 proponenda
2835 5023 2984 5076 sunt,
3023 5013 3433 5084 intelligentiam

1862 5113 1968 5152 non
1998 5099 2323 5154 mediocrem
2364 5103 2647 5158 utilitatem
2691 5105 2865 5172 possit
2905 5103 3114 5168 aﬂ‘erre,
3153 5121 3250 5158 nos
3278 5121 3431 5160 eum-

1860 5191 1981 5244 dem
2008 5190 2159 5246 illum
2195 5194 2491 5248 indiculum
2526 5197 2920 5262 exscribemus,
2954 5197 3044 5251 ubi
3073 5213 3195 5267 quae
3224 5198 3278 5251 in
3315 5213 3432 5254 rem

1860 5281 2085 5349 faciunt,
2117 5300 2286 5354 pauca
2313 5290 2820 5356 praemonuerimus.
2843 5287 3137 5344 Sciendum
3162 5291 3306 5344 enim
3325 5299 3428 5356 est,

1858 5389 1964 5429 non
1995 5375 2168 5430 solum
2200 5377 2390 5432 bisexti
2422 5393 2450 5432 a
2479 5377 2626 5435 Julio
2653 5379 2868 5436 Caesare
2885 5381 3117 5436 ordinati
3141 5382 3430 5448 rationem,

1858 5482 1922 5523 ac
1951 5466 2207 5531 formam,
2235 5472 2328 5526 sed
2358 5473 2600 5541 ejusdem
2623 5488 2842 5544 quoque
2865 5474 3338 5545 depravationem;
3363 5489 3430 5531 ac

1857 5569 2133 5631 postremo
2178 5565 2550 5635 Augustanam
2601 5567 2745 5622 illam
2797 5569 3214 5633 correctionem,
3247 5576 3302 5623 et
3339 5568 3425 5624 in-

1856 5653 2250 5709 staurationem
2281 5656 2427 5710 varie
2453 5657 2748 5712 admodum
2778 5659 3058 5730 explicari.
3093 5659 3232 5714 Sunt
3253 5659 3423 5723 enim,

1856 5745 2054 5815 quibus
2097 5746 2272 5816 placet
2313 5746 2516 5804 Iulium
2561 5750 2831 5807 Ctesarem
2885 5769 3028 5807 anno
3073 5751 3426 5808 Confusionis

1860 5839 1991 5895 nihil
2028 5851 2222 5912 praeter
2265 5842 2467 5901 solidos
2511 5860 2727 5904 menses
2773 5863 2837 5903 ac
2885 5847 3000 5905 dies
3045 5844 3423 5916 iutercalasse;
