3810 6216
384 309 490 363 895

1530 304 1877 360 APPENDIX
1926 301 2553 359 DlSSERTATIONUM.

3557 294 3660 351 896

385 422 612 489 ideoque
648 420 883 491 primum
920 435 1123 476 annum
1166 421 1440 477 Julianum
1478 422 1652 478 instar
1690 422 1961 479 biscxtilis
1989 427 2036 482 A
2065 421 2379 488 obscurum,
2429 434 2723 491 quamnam
2772 417 3104 488 castiganda)
3142 416 3286 472 labis
3319 414 3472 469 illius
3506 414 3657 467 viam

384 513 557 568 fuisse
597 530 610 565 :
666 524 831 581 atque
882 514 1017 568 adeo
1052 514 1325 583 legitimos
1353 523 1407 568 et
1447 515 1757 569 ordinarios
1780 514 1965 569 bisex-

383 605 505 661 tiles
561 620 683 661 esse
722 606 857 661 istos
904 608 1231 677 oportuisse.
1288 607 1343 672 5,
1378 607 1432 675 9,
1465 608 1549 672 15,
1581 617 1710 673 etc.,
1760 607 1962 675 57,41,

378 698 471 765 ιδ,
508 698 597 761 49,
636 698 723 753 55.
792 698 864 752 Ita
900 698 1143 770 Scaliger
1197 700 1290 754 lib.
1327 714 1378 752 ιν
1440 698 1518 751 De
1569 699 1771 753 emend.
1834 698 1963 761 Alii,

380 790 476 863 qui
509 790 867 861 quadrantem
903 792 1006 847 diei
1042 801 1237 862 praeter
1270 791 1475 846 solidos
1516 790 1633 846 dies
1673 792 1965 846 intercala-

380 890 499 937 tum
525 891 740 952 putant,
774 882 1077 954 legitimum
1102 882 1426 944 bisextilem,
1455 880 1686 935 Julianze
1710 880 1968 937 editionis

382 987 584 1027 annum
622 973 839 1027 tertium
874 981 1139 1033 statuunt,
1171 971 1239 1026 ab
1274 986 1447 1041 eoque
1476 971 1733 1040 deinceps
1790 970 1840 1036 7,
1876 972 1966 1039 11,

382 1064 473 1127 15,
502 1072 607 1120 etc.
640 1063 821 1120 Tertia
854 1071 1032 1135 potest
1064 1064 1132 1119 ad
1157 1078 1251 1119 eas
1272 1064 1530 1119 accedere
1561 1062 1736 1117 forma
1759 1103 1774 1129 ,
1798 1073 1859 1116 ut
1883 1064 1968 1117 ni-

382 1156 582 1210 mirum
608 1154 957 1211 Confusionis
978 1170 1155 1211 annus
1186 1156 1300 1225 ipse
1329 1154 1599 1211 bisextilis
1624 1156 1796 1209 vicem
1829 1170 1971 1224 prae-

382 1245 587 1310 buerit;
631 1260 696 1300 ac
749 1246 979 1300 subinde
1042 1243 1291 1300 Julianus
1339 1243 1395 1310 4,
1431 1244 1487 1309 8,
1527 1244 1615 1311 12,
1668 1255 1798 1311 etc.,
1850 1254 1968 1301 tum

380 1335 471 1401 56,
536 1335 627 1403 40,
664 1338 755 1403 44,
810 1338 898 1403 48,
934 1337 1023 1404 52,
1094 1338 1360 1391 bisextum
1410 1337 1512 1391 sibi
1560 1353 1627 1392 ex
1672 1336 1802 1392 Julii
1858 1336 1971 1393 Cae-

382 1428 525 1484 saris
603 1430 1009 1485 constructione
1077 1430 1372 1486 vindicent.
1445 1429 1524 1484 Ex
1569 1430 1635 1486 iis
1684 1430 1970 1486 ordinandi

382 1520 599 1588 formis,
630 1538 793 1590 Quam
823 1522 1004 1576 Caesar
1028 1522 1280 1584 tenuerit,
1306 1522 1577 1577 afﬁrmare
1610 1520 1828 1578 dillicile
1850 1533 1967 1589 est;

383 1614 843 1682 quemadmodum
889 1615 1053 1669 etiam
1092 1630 1215 1685 qua:
1262 1614 1427 1670 fuerit
1467 1615 1797 1684 depravandi
1829 1615 1971 1669 ratio

384 1705 530 1761 haud
579 1706 655 1761 ita
695 1716 846 1762 certo
890 1716 1127 1766 constat.
1174 1707 1357 1762 Potuit
1386 1706 1533 1761 enim
1569 1721 1715 1761 anno
1748 1704 1971 1762 Juliano

384 1800 546 1854 tertio
572 1809 761 1855 contra
794 1801 1169 1871 prwscriptum
1213 1800 1447 1857 Caesaris
1483 1801 1832 1855 intercalari:
1864 1815 1966 1870 po-

383 1892 489 1947 tuit
530 1902 585 1947 et
622 1903 839 1963 quarto,
877 1909 1002 1949 cum
1044 1894 1238 1964 quinto
1290 1893 1546 1965 jussisset
1608 1912 1621 1948 :
1673 1892 1820 1949 unde
1874 1892 1965 1959 36,

384 1984 469 2039 vel
516 1983 585 2040 37
640 1985 871 2042 vitiosus
926 1987 1157 2043 exstitit.
1221 1985 1410 2057 Neque
1464 2000 1598 2041 vero
1639 1984 1821 2041 minus
1887 1992 1971 2040 est

2066 517 2346 584 Augustus
2377 514 2579 568 inierit.
2597 512 2867 567 Autenim
2897 511 3134 582 primum
3154 525 3216 564 ex
3238 524 3312 563 xu
3331 506 3658 577 ἀνεμόόλοις

2065 623 2185 663 esse
2210 607 2377 678 jussit
2405 605 2683 660 Julianum
2714 603 2804 670 38,
2838 618 2950 674 quo
2979 604 3046 657 ad
3069 600 3514 657 emendationem
3539 598 3657 651 ani-

2067 716 2217 755 mum
2249 700 2478 770 adjecit;
2508 700 2553 754 si
2586 706 2896 769 postremus
2935 695 3204 750 bisextilis
3224 693 3468 747 vitiosus
3494 691 3659 745 fuerit

2065 794 2133 848 37
2176 811 2189 847 :
2241 794 2313 847 ita
2365 802 2424 847 ut
2477 792 2834 847 duodecimus
2880 789 2989 843 τῶν
3048 786 3366 859 ἀνεμὸὁλων
3431 784 3657 839 Julian:

2067 886 2322 942 editionis
2352 885 2514 940 fuerit
2540 885 2608 940 49
2648 904 2660 939 :
2704 899 2771 938 ex
2819 898 2929 954 quo
2974 882 3228 950 deinceps
3256 880 3391 934 anni
3425 880 3478 932 in
3512 878 3656 933 ordio

2068 992 2192 1032 nem
2220 977 2449 1041 redacti,
2469 983 2523 1030 et
2560 990 2705 1029 anno
2733 974 2803 1029 55
2840 974 3113 1043 legitimus
3148 971 3420 1027 bisextilis
3450 971 3654 1026 incidit.

2068 1069 2175 1123 Aut
2227 1069 2273 1123 si
2321 1067 2388 1123 56
2465 1076 2775 1137 postremus
2837 1066 3105 1122 bisextilis
3176 1064 3309 1129 fuit;
3359 1062 3653 1118 duodecim

2068 1157 2270 1212 biscxti
2320 1172 2548 1226 prorsus
2607 1165 2856 1225 expertes
2886 1170 2917 1208 a
2966 1153 3035 1208 56
3091 1152 3157 1208 ad
3204 1152 3277 1207 48
3333 1152 3654 1221 pertexendi

2070 1255 2227 1314 sunt;
2289 1248 2424 1302 adeo
2462 1256 2519 1301 ut
2552 1248 2763 1317 primus
2802 1245 3069 1301 bisextilis
3124 1262 3186 1300 ex
3226 1244 3426 1298 ordine
3470 1243 3527 1297 in
3568 1242 3660 1296 Ju-

2069 1341 2273 1395 lianum
2318 1340 2386 1393 52
2432 1340 2750 1393 incurrerit.
2799 1339 2870 1392 At
2915 1337 3116 1393 Paulus
3168 1336 3660 1403 Middelburgeusis

2071 1434 2167 1488 lib.
2198 1444 2299 1498 xu,
2335 1447 2460 1487 cum
2518 1431 2773 1485 vitiosum
2803 1430 3073 1485 biscxtum
3132 1443 3276 1483 anno
3306 1429 3361 1493 3,
3399 1429 3454 1489 6,
3487 1427 3542 1493 9,
3604 1445 3663 1483 ac

2071 1525 2307 1594 denique
2363 1524 2433 1578 '56
2467 1522 2845 1577 intercalatum
2906 1537 3028 1577 esse
3072 1522 3323 1588 dixisset,
3351 1521 3663 1575 duodecim»

2073 1631 2181 1688 que
2231 1630 2552 1672 communes
2612 1614 2731 1671 illos
2782 1613 2836 1668 in
2901 1615 2971 1670 48
3019 1615 3249 1670 desiisse
3294 1633 3309 1669 :
3351 1615 3430 1669 ita
3475 1624 3535 1668 ut
3595 1616 3661 1669 52

2076 1712 2349 1766 bisextum
2398 1704 2658 1776 Exigerct,
2711 1723 2914 1761 novum
2968 1724 2999 1762 a
3050 1707 3434 1767 sacerdotibus
3475 1708 3661 1762 vitium

2074 1800 2316 1856 oblatum
2356 1799 2579 1864 asserit;
2641 1808 2702 1853 ut
2762 1797 2831 1851 49
2870 1798 3179 1853 bisexliiem
3225 1798 3469 1853 iecerit:
3524 1800 3663 1853 unde

2075 1891 2273 1961 reliqui
2300 1890 2560 1960 deinceps
2598 1887 2664 1943 ad
2699 1896 2913 1943 aetatem
2940 1898 3187 1944 nostram
3223 1888 3508 1945 bisextiles
3544 1903 3663 1958 pm-

2076 1983 2257 2054 pagati
2288 1988 2435 2037 sunt.

1576 2157 1950 2218 lNDlCULUS
1976 2154 2285 2225 ALIQUOT
2319 2156 2515 2217 COSS.

618 2296 796 2370 Olym-
868 2300 1025 2370 Anni
1118 2302 1260 2357 Anni

598 2369 807 2439 piades.
848 2369 1074 2428 Juliani.
1117 2370 1304 2429 Urbis.

1720 2301 1879 2360 Coss.

2378 2302 2572 2356 Annus
2656 2300 2892 2357 Bisexti-
2929 2301 3165 2357 Bisexti-
3230 2302 3452 2359 Littera

2379 2371 2583 2427 Coniu-
2641 2371 2888 2427 lesetlit-
2927 2372 3167 2428 lesetlit-
3237 2390 3425 2429 emen-

2383 2442 2577 2498 sionis.
2633 2452 2761 2498 tera:
2794 2444 2876 2496 vi-
2916 2453 3045 2498 terte
3098 2443 3162 2497 D.
3206 2443 3316 2499 dati
3346 2445 3453 2499 Cv-

2640 2514 2793 2567 tiosa!
2813 2530 2880 2569 ex
2934 2514 3146 2570 vitiosa!
3227 2518 3297 2570 cli
3352 2531 3382 2569 a

2633 2582 2858 2641 Mittelb.
2912 2600 2981 2641 ex
3010 2585 3157 2641 Scal.
3194 2587 3430 2659 August.

1168 2652 1272 2707 707
1417 2652 1484 2718 ρ.
1526 2649 1783 2707 Calenus.

1408 2721 1472 2777 Ρ.
1514 2723 1788 2779 Vatinius.

1162 2814 1267 2869 708
1412 2815 1477 2869 C.
1517 2813 1697 2868 Julius
1734 2815 1920 2870 Caesar
1954 2814 2043 2871 lll.

1413 2884 1484 2939 Μ.
1526 2884 1788 2940 ΑΞηιὶιὶυε
1816 2885 2075 2956 Lepidus.

945 2978 975 3031 1
1160 2976 1265 3033 709
1410 2977 1477 3034 C.
1513 2976 1693 3033 Julius
1725 2976 1907 3033 Caesar
1938 2977 2028 3043 IV,
2729 2983 2770 3036 C
3016 2983 3061 3036 Β
3276 2982 3317 3038 C
3340 2982 3380 3036 Β

1485 3049 1606 3104 sine
1647 3049 1878 3119 collega.

676 3138 779 3194 184
953 3141 990 3195 2
1169 3141 1273 3197 710
1414 3142 1478 3198 C.
1518 3142 1696 3199 Julius
1730 3145 1915 3200 Caesar
1948 3144 2014 3199 V.

1840 3161 1915 3200 sar
1948 3144 2014 3199 V.
2726 3149 2769 3204 B
3018 3149 3064 3202 A
3300 3151 3344 3207 A

1419 3212 1493 3268 M.
1534 3214 1828 3270 Antonius.

955 3305 990 3360 5
1168 3305 1266 3361 711
1414 3304 1476 3362 C.
1517 3304 1711 3361 Vibius
1760 3305 1966 3363 Pansa.
2701 3312 2811 3368 AG
3027 3313 3072 3368 G
3190 3358 3219 3369 -
3304 3313 3347 3369 Ο

1412 3358 1480 3431 AL
1522 3358 1781 3432 Hiiiidsf
2701 3358 2745 3366 "
2772 3358 2808 3368 ν
3032 3358 3069 3368 ν
3188 3358 3227 3395 *

958 3473 995 3528 4
1169 3474 1277 3531 719.
1414 3473 1486 3530 Μ.
1529 3474 1790 3529 Ᾱζηιίιίιιε
1813 3473 2055 3543 Lepidus
2088 3475 2156 3530 ll.

1859 3473 2055 3543 epidus
2088 3475 2156 3530 ll.
2735 3476 2776 3529 F
3006 3476 3046 3531 F
3067 3470 3108 3529 Ε
3324 3476 3361 3533 F

1416 3545 1479 3600 L.
1520 3545 1799 3602 Munatius
1850 3547 2109 3602 Plancus.

954 3632 990 3689 5
1167 3634 1271 3690 715
1414 3634 1478 3690 L.
1520 3636 1817 3691 Antonius.
2734 3638 2777 3694 E
3030 3639 3075 3695 D
3301 3641 3340 3695 Ε
3362 3641 3400 3694 D

1415 3706 1477 3759 P.
1519 3706 1787 3761 Servilius
1819 3704 2122 3765 Isauricus.

675 3794 781 3851 185
959 3794 995 3850 6
1171 3795 1278 3851 714
1414 3797 1479 3852 C.
1522 3796 1791 3853 Domitius
1820 3796 2106 3857 Calvinus.
2725 3801 2826 3858 DC
3041 3803 3085 3857 (Σ
3332 3802 3374 3859 C

1419 3867 1483 3923 C.
1525 3868 1752 3923 Asinius
1777 3868 1974 3924 Pollio.

960 3957 992 4012 7
1171 3957 1277 4014 715
1419 3959 1480 4014 L.
1522 3958 1789 4015 Martinus
1818 3959 2183 4020 Censorinus.
2741 3964 2784 4017 B
3001 3966 3105 4021 BA
3322 3966 3365 4020 Β

1414 4030 1475 4085 C.
1516 4030 1796 4087 Calvisius
1834 4031 2095 4089 Sabinus.

957 4124 991 4182 8
1170 4122 1275 4181 716
1418 4124 1531 4196 Ap.
1547 4126 1823 4196 Claudius
1852 4126 2110 4185 Pulcher.
2750 4132 2796 4185 A
3045 4131 3090 4188 G
3305 4133 3351 4186 Δ

1414 4195 1481 4251 C.
1515 4195 1806 4252 Norbanus
1840 4197 2092 4255 Flaccus.

958 4293 992 4350 9
1168 4294 1272 4349 717
1419 4294 1491 4365 Ill.
1532 4294 1793 4365 Agrippa.
2706 4299 2749 4355 C
2767 4298 2808 4354 F
3040 4299 3081 4354 F
3264 4298 3307 4355 G
3328 4296 3358 4353 Ε

1423 4364 1487 4419 L.
1526 4364 1795 4422 Caninius
1833 4366 2047 4423 Gallus.

682 4454 786 4509 186
930 4456 998 4510 10
1177 4456 1280 4511 718
1425 4455 1485 4509 L.
1525 4455 1730 4512 Gellius
1760 4457 2063 4524 Poplicola.
2754 4460 2795 4515 E
3010 4459 3053 4516 Ε
3074 4460 3118 4514 D
3305 4459 3347 4515 E

1425 4524 1499 4583 M.
1538 4529 1801 4597 Cocceius
1827 4527 2027 4584 Nerva.

936 4619 994 4672 11
1185 4620 1288 4674 719
1427 4618 1494 4672 L.
1532 4618 1891 4677 Corniﬁcius.
2749 4622 2793 4675 Ι)
3046 4624 3089 4678 C
3300 4621 3343 4677 Ι)

1432 4689 1560 4745 Sex.
1600 4689 1914 4761 Pompejus.

934 4779 1004 4836 12
1182 4778 1286 4834 720
1426 4779 1499 4835 M.
1540 4780 1817 4837 Antonius
1847 4782 1913 4836 ll.
2386 4782 2387 4785 “

1847 4782 1913 4836 ll.
2386 4782 2387 4785 “
2713 4780 2756 4839 C
2779 4780 2820 4835 Β
3034 4781 3077 4835 Β
3298 4782 3337 4839 C

1432 4850 1498 4906 L.
1540 4852 1861 4907 Scribonius
1887 4853 2044 4907 Libo.

932 4946 999 5003 15
1178 4944 1279 5001 721
1425 4944 1489 5001 C.
1530 4944 1715 5000 Caesar
1749 4944 2080 5003 Octavianus
2110 4945 2174 5002 ll.
2734 4947 2780 5003 A
2998 4945 3107 5001 AB
3256 4947 3365 5005 ΒΔ
3416 4998 3421 5003 .

1432 5016 1476 5071 L
1489 5059 1503 5072 .
1548 5015 1831 5072 Volcatius
1867 5016 2079 5074 Tullus.

681 5113 786 5172 187
930 5113 999 5168 14
1176 5113 1281 5168 722
1423 5112 1525 5168 Cn.
1565 5112 1840 5169 Domitius
1871 5114 2293 5172 Ahenobarbus.
2749 5114 2795 5170 ϐ
3044 5111 3087 5167 F
3303 5115 3350 5172 ϐ

1425 5184 1488 5239 C.
1530 5183 1723 5240 Sosius
1752 5184 1954 5255 Nepos.

928 5274 999 5333 15
1178 5275 1283 5332 725
1426 5275 1489 5330 C.
1529 5277 1716 5332 Caesar
1744 5275 2079 5333 Octavianus
2110 5276 2201 5335 lll.

1849 5277 2079 5333 avianus
2110 5276 2201 5335 lll.
2712 5278 2751 5334 F
2768 5277 2810 5332 E
3045 5278 3091 5333 Ε
3308 5277 3350 5335 Ρ

1427 5344 1500 5401 Μ.
1534 5347 1784 5403 Valerius
1819 5347 2075 5404 Messala.

931 5442 999 5498 16
1175 5438 1281 5496 724
1424 5438 1488 5494 C.
1524 5438 1707 5495 Caesar
1733 5438 2062 5498 Octavianus
2084 5439 2173 5496 1V.
2737 5441 2778 5494 D
2994 5441 3094 5498 DC
3306 5443 3352 5500 E

1434 5510 1508 5565 Μ.
1544 5509 1790 5566 Licinius
1818 5512 2073 5568 Crassus.

928 5600 996 5660 17
1173 5606 1281 5663 725
1425 5607 1563 5677 imp.
1603 5604 1787 5661 Caesar
1845 5605 2173 5664 Octavianus
2200 5605 2266 5664 ν.
2748 5607 2790 5662 C
3043 5604 3085 5662 Β
3278 5607 3383 5664 DC

1432 5674 1561 5731 Scit.
1602 5677 1864 5746 Apulejus
1888 5678 2086 5749 Nepos.

690 5770 794 5828 188
937 5774 1003 5828 18
1188 5773 1281 5827 ῖῖϋ
1424 5771 1560 5841 imp.
1603 5773 1784 5825 Caesar
1822 5775 2146 5832 Octaxianus
2188 5774 2275 5829 Vl.
2712 5774 2820 5833 BA
3034 5776 3081 5831 A
3307 5773 3355 5827 Β

1432 5840 1773 5907 M.Agripna
1806 5842 1869 5897 ll.
