  <div class='ocr_page' id='page_1' title='image "/cluster/home/n/w/nwhite01/storage/ocr_20150623/42/hvd.32044011752995/451.png"; bbox 0 0 3810 6216; ppageno 0'>
   <div class='ocr_carea' id='block_1_1' title="bbox 485 385 591 441">
    <p class='ocr_par' dir='ltr' id='par_1_1' title="bbox 485 385 591 441">
     <span class='ocr_line' id='line_1_1' title="bbox 485 385 591 441; baseline 0.009 -1"><span class='ocrx_word' id='word_1_1' title='bbox 485 385 591 441; x_wconf 82' lang='lat'><strong>899</strong></span> 
     </span>
    </p>
   </div>
   <div class='ocr_carea' id='block_1_2' title="bbox 1633 382 3730 445">
    <p class='ocr_par' dir='ltr' id='par_1_2' title="bbox 1633 382 3730 445">
     <span class='ocr_line' id='line_1_2' title="bbox 1633 382 3730 445; baseline 0.001 -3"><span class='ocrx_word' id='word_1_2' title='bbox 1633 382 1979 442; x_wconf 76' lang='lat' dir='ltr'><strong>APPENDIX</strong></span> <span class='ocrx_word' id='word_1_3' title='bbox 2010 382 2636 441; x_wconf 72' lang='lat' dir='ltr'><strong>DlSSERTATlONUM.</strong></span> <span class='ocrx_word' id='word_1_4' title='bbox 3642 388 3730 445; x_wconf 76' lang='lat'><strong>900</strong></span> 
     </span>
    </p>
   </div>
   <div class='ocr_carea' id='block_1_3' title="bbox 558 501 3731 575">
    <p class='ocr_par' dir='ltr' id='par_1_3' title="bbox 558 501 3731 575">
     <span class='ocr_line' id='line_1_3' title="bbox 558 501 3731 575; baseline 0.001 -18"><span class='ocrx_word' id='word_1_5' title='bbox 558 503 715 559; x_wconf 86' lang='lat' dir='ltr'><strong>Nunc</strong></span> <span class='ocrx_word' id='word_1_6' title='bbox 743 501 898 570; x_wconf 85' lang='lat' dir='ltr'><strong>illud,</strong></span> <span class='ocrx_word' id='word_1_7' title='bbox 942 502 995 558; x_wconf 92' lang='lat' dir='ltr'><strong>in</strong></span> <span class='ocrx_word' id='word_1_8' title='bbox 1028 516 1137 573; x_wconf 90' lang='lat' dir='ltr'><strong>quo</strong></span> <span class='ocrx_word' id='word_1_9' title='bbox 1176 505 1376 575; x_wconf 85' lang='lat' dir='ltr'><strong>negotii</strong></span> <span class='ocrx_word' id='word_1_10' title='bbox 1427 506 1592 561; x_wconf 90' lang='lat' dir='ltr'><strong>totius</strong></span> <span class='ocrx_word' id='word_1_11' title='bbox 1643 522 1855 560; x_wconf 89' lang='lat' dir='ltr'><strong>summa</strong></span> <span class='ocrx_word' id='word_1_12' title='bbox 1892 506 2225 569; x_wconf 72' lang='lat' dir='ltr'><strong>verti-Aen</strong></span> <span class='ocrx_word' id='word_1_13' title='bbox 2278 522 2439 559; x_wconf 80' lang='lat' dir='ltr'><strong>sensu</strong></span> <span class='ocrx_word' id='word_1_14' title='bbox 2497 510 2687 561; x_wconf 87' lang='lat' dir='ltr'><strong>demus</strong></span> <span class='ocrx_word' id='word_1_15' title='bbox 2740 506 3087 562; x_wconf 87' lang='lat' dir='ltr'><strong>intercalatas</strong></span> <span class='ocrx_word' id='word_1_16' title='bbox 3139 506 3349 569; x_wconf 77' lang='lat' dir='ltr'><strong>fuisse,</strong></span> <span class='ocrx_word' id='word_1_17' title='bbox 3404 505 3553 575; x_wconf 90' lang='lat' dir='ltr'><strong>quod</strong></span> <span class='ocrx_word' id='word_1_18' title='bbox 3611 504 3731 559; x_wconf 76' lang='lat' dir='ltr'><strong>ulna</strong></span> 
     </span>
    </p>
   </div>
   <div class='ocr_carea' id='block_1_4' title="bbox 487 595 2064 666">
    <p class='ocr_par' dir='ltr' id='par_1_4' title="bbox 487 595 2064 666">
     <span class='ocr_line' id='line_1_4' title="bbox 487 595 2064 666; baseline -0.001 -16"><span class='ocrx_word' id='word_1_19' title='bbox 487 606 600 661; x_wconf 87' lang='lat' dir='ltr'><strong>tur,</strong></span> <span class='ocrx_word' id='word_1_20' title='bbox 648 596 925 651; x_wconf 82' lang='lat' dir='ltr'><strong>observari</strong></span> <span class='ocrx_word' id='word_1_21' title='bbox 957 597 1233 663; x_wconf 93' lang='lat' dir='ltr'><strong>convenit,</strong></span> <span class='ocrx_word' id='word_1_22' title='bbox 1274 613 1474 650; x_wconf 88' lang='lat' dir='ltr'><strong>anntttn</strong></span> <span class='ocrx_word' id='word_1_23' title='bbox 1525 600 1834 666; x_wconf 82' lang='lat' dir='ltr'><strong>quempiam</strong></span> <span class='ocrx_word' id='word_1_24' title='bbox 1884 596 1937 649; x_wconf 93' lang='lat' dir='ltr'><strong>in</strong></span> <span class='ocrx_word' id='word_1_25' title='bbox 1964 595 2064 649; x_wconf 75' lang='grc' dir='ltr'>,ιιι-</span> 
     </span>
    </p>
   </div>
   <div class='ocr_carea' id='block_1_5' title="bbox 489 690 2062 764">
    <p class='ocr_par' dir='ltr' id='par_1_5' title="bbox 489 690 2062 764">
     <span class='ocr_line' id='line_1_5' title="bbox 489 690 2062 764; baseline 0 -21"><span class='ocrx_word' id='word_1_26' title='bbox 489 691 761 744; x_wconf 90' lang='lat' dir='ltr'><strong>liauorum</strong></span> <span class='ocrx_word' id='word_1_27' title='bbox 790 690 931 745; x_wconf 90' lang='lat' dir='ltr'><strong>serie</strong></span> <span class='ocrx_word' id='word_1_28' title='bbox 956 691 1155 764; x_wconf 77' lang='lat' dir='ltr'><strong>duplici</strong></span> <span class='ocrx_word' id='word_1_29' title='bbox 1187 691 1397 743; x_wconf 89' lang='lat' dir='ltr'><strong>ratione</strong></span> <span class='ocrx_word' id='word_1_30' title='bbox 1437 690 1740 745; x_wconf 80' lang='lat' dir='ltr'><strong>bisextilem</strong></span> <span class='ocrx_word' id='word_1_31' title='bbox 1773 691 2062 743; x_wconf 89' lang='lat' dir='ltr'><strong>nominari.</strong></span> 
     </span>
    </p>
   </div>
   <div class='ocr_carea' id='block_1_6' title="bbox 486 782 2066 854">
    <p class='ocr_par' dir='ltr' id='par_1_6' title="bbox 486 782 2066 854">
     <span class='ocr_line' id='line_1_6' title="bbox 486 782 2066 854; baseline 0 -18"><span class='ocrx_word' id='word_1_32' title='bbox 486 782 623 837; x_wconf 85' lang='lat' dir='ltr'><strong>Nam</strong></span> <span class='ocrx_word' id='word_1_33' title='bbox 657 783 740 837; x_wconf 91' lang='lat' dir='ltr'><strong>vel</strong></span> <span class='ocrx_word' id='word_1_34' title='bbox 783 793 1001 854; x_wconf 76' lang='lat' dir='ltr'><strong>propter</strong></span> <span class='ocrx_word' id='word_1_35' title='bbox 1035 783 1473 837; x_wconf 79' lang='lat' dir='ltr'><strong>antecedentium</strong></span> <span class='ocrx_word' id='word_1_36' title='bbox 1527 798 1793 837; x_wconf 91' lang='lat' dir='ltr'><strong>annorum</strong></span> <span class='ocrx_word' id='word_1_37' title='bbox 1843 798 2066 837; x_wconf 88' lang='lat' dir='ltr'><strong>succes-</strong></span> 
     </span>
    </p>
   </div>
   <div class='ocr_carea' id='block_1_7' title="bbox 488 871 2067 938">
    <p class='ocr_par' dir='ltr' id='par_1_7' title="bbox 488 871 2067 938">
     <span class='ocr_line' id='line_1_7' title="bbox 488 871 2067 938; baseline 0 -13"><span class='ocrx_word' id='word_1_38' title='bbox 488 871 700 925; x_wconf 86' lang='lat' dir='ltr'><strong>sionem</strong></span> <span class='ocrx_word' id='word_1_39' title='bbox 750 888 814 925; x_wconf 79' lang='lat' dir='ltr'><strong>ex</strong></span> <span class='ocrx_word' id='word_1_40' title='bbox 864 871 1099 926; x_wconf 67' lang='lat' dir='ltr'><strong>Caasaris</strong></span> <span class='ocrx_word' id='word_1_41' title='bbox 1128 871 1473 926; x_wconf 85' lang='lat' dir='ltr'><strong>ordinatione</strong></span> <span class='ocrx_word' id='word_1_42' title='bbox 1519 872 1787 927; x_wconf 78' lang='lat' dir='ltr'><strong>bisextilis</strong></span> <span class='ocrx_word' id='word_1_43' title='bbox 1834 882 1950 938; x_wconf 88' lang='lat' dir='ltr'><strong>est;</strong></span> <span class='ocrx_word' id='word_1_44' title='bbox 1982 873 2067 926; x_wconf 85' lang='lat' dir='ltr'><strong>vel</strong></span> 
     </span>
    </p>
   </div>
   <div class='ocr_carea' id='block_1_8' title="bbox 490 963 2064 1033">
    <p class='ocr_par' dir='ltr' id='par_1_8' title="bbox 490 963 2064 1033">
     <span class='ocr_line' id='line_1_8' title="bbox 490 963 2064 1033; baseline 0 -16"><span class='ocrx_word' id='word_1_45' title='bbox 490 974 738 1033; x_wconf 89' lang='lat' dir='ltr'><strong>respectu</strong></span> <span class='ocrx_word' id='word_1_46' title='bbox 765 963 830 1017; x_wconf 88' lang='lat' dir='ltr'><strong>ad</strong></span> <span class='ocrx_word' id='word_1_47' title='bbox 858 964 1093 1033; x_wconf 89' lang='lat' dir='ltr'><strong>primum</strong></span> <span class='ocrx_word' id='word_1_48' title='bbox 1121 966 1458 1033; x_wconf 88' lang='lat' dir='ltr'><strong>Augusteum</strong></span> <span class='ocrx_word' id='word_1_49' title='bbox 1484 965 1830 1018; x_wconf 88' lang='lat' dir='ltr'><strong>emendatum</strong></span> <span class='ocrx_word' id='word_1_50' title='bbox 1859 965 2064 1030; x_wconf 87' lang='lat' dir='ltr'><strong>habito,</strong></span> 
     </span>
    </p>
   </div>
   <div class='ocr_carea' id='block_1_9' title="bbox 489 1055 2071 1125">
    <p class='ocr_par' dir='ltr' id='par_1_9' title="bbox 489 1055 2071 1125">
     <span class='ocr_line' id='line_1_9' title="bbox 489 1055 2071 1125; baseline 0.001 -16"><span class='ocrx_word' id='word_1_51' title='bbox 489 1056 651 1124; x_wconf 89' lang='lat' dir='ltr'><strong>cujus</strong></span> <span class='ocrx_word' id='word_1_52' title='bbox 697 1055 983 1124; x_wconf 83' lang='lat' dir='ltr'><strong>dispositio</strong></span> <span class='ocrx_word' id='word_1_53' title='bbox 1026 1055 1079 1108; x_wconf 93' lang='lat' dir='ltr'><strong>in</strong></span> <span class='ocrx_word' id='word_1_54' title='bbox 1111 1057 1414 1125; x_wconf 84' lang='lat' dir='ltr'><strong>superiores</strong></span> <span class='ocrx_word' id='word_1_55' title='bbox 1438 1072 1657 1125; x_wconf 91' lang='lat' dir='ltr'><strong>quoque</strong></span> <span class='ocrx_word' id='word_1_56' title='bbox 1686 1057 1953 1111; x_wconf 90' lang='lat' dir='ltr'><strong>redundat</strong></span> <span class='ocrx_word' id='word_1_57' title='bbox 2005 1072 2071 1111; x_wconf 89' lang='lat' dir='ltr'><strong>ac</strong></span> 
     </span>
    </p>
   </div>
   <div class='ocr_carea' id='block_1_10' title="bbox 487 1145 2069 1219">
    <p class='ocr_par' dir='ltr' id='par_1_10' title="bbox 487 1145 2069 1219">
     <span class='ocr_line' id='line_1_10' title="bbox 487 1145 2069 1219; baseline 0 -18"><span class='ocrx_word' id='word_1_58' title='bbox 487 1148 812 1216; x_wconf 83' lang='lat' dir='ltr'><strong>regreditur.</strong></span> <span class='ocrx_word' id='word_1_59' title='bbox 854 1145 1004 1219; x_wconf 86' lang='lat' dir='ltr'><strong>(Nos</strong></span> <span class='ocrx_word' id='word_1_60' title='bbox 1052 1148 1199 1203; x_wconf 90' lang='lat' dir='ltr'><strong>enim</strong></span> <span class='ocrx_word' id='word_1_61' title='bbox 1248 1148 1519 1203; x_wconf 89' lang='lat' dir='ltr'><strong>Julianam</strong></span> <span class='ocrx_word' id='word_1_62' title='bbox 1572 1148 1802 1202; x_wconf 81' lang='lat' dir='ltr'><strong>formam</strong></span> <span class='ocrx_word' id='word_1_63' title='bbox 1858 1149 1926 1203; x_wconf 89' lang='lat' dir='ltr'><strong>ab</strong></span> <span class='ocrx_word' id='word_1_64' title='bbox 1956 1148 2069 1201; x_wconf 84' lang='lat' dir='ltr'><strong>Au-</strong></span> 
     </span>
    </p>
   </div>
   <div class='ocr_carea' id='block_1_11' title="bbox 488 1239 2069 1308">
    <p class='ocr_par' dir='ltr' id='par_1_11' title="bbox 488 1239 2069 1308">
     <span class='ocr_line' id='line_1_11' title="bbox 488 1239 2069 1308; baseline 0.002 -17"><span class='ocrx_word' id='word_1_65' title='bbox 488 1248 649 1307; x_wconf 88' lang='lat' dir='ltr'><strong>gusto</strong></span> <span class='ocrx_word' id='word_1_66' title='bbox 678 1239 1005 1295; x_wconf 90' lang='lat' dir='ltr'><strong>recensitam</strong></span> <span class='ocrx_word' id='word_1_67' title='bbox 1047 1241 1113 1294; x_wconf 90' lang='lat' dir='ltr'><strong>ad</strong></span> <span class='ocrx_word' id='word_1_68' title='bbox 1156 1241 1457 1295; x_wconf 81' lang='lat' dir='ltr'><strong>anteriores</strong></span> <span class='ocrx_word' id='word_1_69' title='bbox 1500 1256 1674 1295; x_wconf 88' lang='lat' dir='ltr'><strong>annos</strong></span> <span class='ocrx_word' id='word_1_70' title='bbox 1734 1241 1975 1308; x_wconf 85' lang='lat' dir='ltr'><strong>adeoque</strong></span> <span class='ocrx_word' id='word_1_71' title='bbox 2002 1239 2069 1294; x_wconf 90' lang='lat' dir='ltr'><strong>ad</strong></span> 
     </span>
    </p>
   </div>
   <div class='ocr_carea' id='block_1_12' title="bbox 490 1332 2070 1402">
    <p class='ocr_par' dir='ltr' id='par_1_12' title="bbox 490 1332 2070 1402">
     <span class='ocr_line' id='line_1_12' title="bbox 490 1332 2070 1402; baseline 0.001 -16"><span class='ocrx_word' id='word_1_72' title='bbox 490 1332 679 1386; x_wconf 89' lang='lat' dir='ltr'><strong>mundi</strong></span> <span class='ocrx_word' id='word_1_73' title='bbox 710 1332 882 1401; x_wconf 88' lang='lat' dir='ltr'><strong>ipsius</strong></span> <span class='ocrx_word' id='word_1_74' title='bbox 930 1342 1109 1387; x_wconf 92' lang='lat' dir='ltr'><strong>ortum</strong></span> <span class='ocrx_word' id='word_1_75' title='bbox 1161 1333 1401 1389; x_wconf 91' lang='lat' dir='ltr'><strong>methodi</strong></span> <span class='ocrx_word' id='word_1_76' title='bbox 1445 1332 1617 1402; x_wconf 85' lang='lat' dir='ltr'><strong>gratia</strong></span> <span class='ocrx_word' id='word_1_77' title='bbox 1654 1333 2070 1389; x_wconf 90' lang='lat' dir='ltr'><strong>accommodare</strong></span> 
     </span>
    </p>
   </div>
   <div class='ocr_carea' id='block_1_13' title="bbox 488 1424 2067 1493">
    <p class='ocr_par' dir='ltr' id='par_1_13' title="bbox 488 1424 2067 1493">
     <span class='ocr_line' id='line_1_13' title="bbox 488 1424 2067 1493; baseline 0.003 -18"><span class='ocrx_word' id='word_1_78' title='bbox 488 1424 775 1490; x_wconf 80' lang='lat' dir='ltr'><strong>solemus.)</strong></span> <span class='ocrx_word' id='word_1_79' title='bbox 820 1424 1064 1493; x_wconf 78' lang='lat' dir='ltr'><strong>Exempli</strong></span> <span class='ocrx_word' id='word_1_80' title='bbox 1116 1440 1279 1479; x_wconf 88' lang='lat' dir='ltr'><strong>causa</strong></span> <span class='ocrx_word' id='word_1_81' title='bbox 1313 1443 1326 1479; x_wconf 88' lang='lat'><strong>:</strong></span> <span class='ocrx_word' id='word_1_82' title='bbox 1364 1441 1541 1479; x_wconf 91' lang='lat' dir='ltr'><strong>annus</strong></span> <span class='ocrx_word' id='word_1_83' title='bbox 1576 1424 1825 1480; x_wconf 85' lang='lat' dir='ltr'><strong>Julianus</strong></span> <span class='ocrx_word' id='word_1_84' title='bbox 1874 1424 1965 1488; x_wconf 79' lang='grc'><strong>45,</strong></span> <span class='ocrx_word' id='word_1_85' title='bbox 2013 1425 2067 1479; x_wconf 92' lang='lat' dir='ltr'><strong>in</strong></span> 
     </span>
    </p>
   </div>
   <div class='ocr_carea' id='block_1_14' title="bbox 488 1512 2067 1586">
    <p class='ocr_par' dir='ltr' id='par_1_14' title="bbox 488 1512 2067 1586">
     <span class='ocr_line' id='line_1_14' title="bbox 488 1512 2067 1586; baseline 0.002 -18"><span class='ocrx_word' id='word_1_86' title='bbox 488 1530 651 1584; x_wconf 87' lang='lat' dir='ltr'><strong>quem</strong></span> <span class='ocrx_word' id='word_1_87' title='bbox 698 1512 1061 1586; x_wconf 78' lang='lat' dir='ltr'><strong>Dionysianus</strong></span> <span class='ocrx_word' id='word_1_88' title='bbox 1090 1518 1290 1572; x_wconf 88' lang='lat' dir='ltr'><strong>natalis</strong></span> <span class='ocrx_word' id='word_1_89' title='bbox 1334 1517 1545 1584; x_wconf 88' lang='lat' dir='ltr'><strong>incidit,</strong></span> <span class='ocrx_word' id='word_1_90' title='bbox 1607 1518 1651 1573; x_wconf 93' lang='lat' dir='ltr'><strong>si</strong></span> <span class='ocrx_word' id='word_1_91' title='bbox 1697 1534 1819 1571; x_wconf 87' lang='lat' dir='ltr'><strong>vera</strong></span> <span class='ocrx_word' id='word_1_92' title='bbox 1853 1527 1937 1573; x_wconf 91' lang='lat' dir='ltr'><strong>est</strong></span> <span class='ocrx_word' id='word_1_93' title='bbox 1970 1516 2067 1571; x_wconf 87' lang='lat' dir='ltr'><strong>Ju-</strong></span> 
     </span>
    </p>
   </div>
   <div class='ocr_carea' id='block_1_15' title="bbox 488 1609 2070 1679">
    <p class='ocr_par' dir='ltr' id='par_1_15' title="bbox 488 1609 2070 1679">
     <span class='ocr_line' id='line_1_15' title="bbox 488 1609 2070 1679; baseline -0.001 -17"><span class='ocrx_word' id='word_1_94' title='bbox 488 1610 633 1663; x_wconf 87' lang='lat' dir='ltr'><strong>liana</strong></span> <span class='ocrx_word' id='word_1_95' title='bbox 666 1609 754 1661; x_wconf 91' lang='lat' dir='ltr'><strong>illa</strong></span> <span class='ocrx_word' id='word_1_96' title='bbox 790 1609 1058 1663; x_wconf 80' lang='lat' dir='ltr'><strong>bisextilis</strong></span> <span class='ocrx_word' id='word_1_97' title='bbox 1105 1609 1420 1677; x_wconf 83' lang='lat' dir='ltr'><strong>descriptio,</strong></span> <span class='ocrx_word' id='word_1_98' title='bbox 1448 1624 1610 1679; x_wconf 88' lang='lat' dir='ltr'><strong>quam</strong></span> <span class='ocrx_word' id='word_1_99' title='bbox 1643 1610 1876 1662; x_wconf 80' lang='lat' dir='ltr'><strong>Annales</strong></span> <span class='ocrx_word' id='word_1_100' title='bbox 1916 1609 2070 1663; x_wconf 81' lang='lat' dir='ltr'><strong>exhi-</strong></span> 
     </span>
    </p>
   </div>
   <div class='ocr_carea' id='block_1_16' title="bbox 489 1700 2069 1770">
    <p class='ocr_par' dir='ltr' id='par_1_16' title="bbox 489 1700 2069 1770">
     <span class='ocr_line' id='line_1_16' title="bbox 489 1700 2069 1770; baseline -0.001 -15"><span class='ocrx_word' id='word_1_101' title='bbox 489 1701 641 1764; x_wconf 86' lang='lat' dir='ltr'><strong>bent,</strong></span> <span class='ocrx_word' id='word_1_102' title='bbox 661 1700 929 1755; x_wconf 82' lang='lat' dir='ltr'><strong>bisextum</strong></span> <span class='ocrx_word' id='word_1_103' title='bbox 964 1700 1171 1754; x_wconf 90' lang='lat' dir='ltr'><strong>nullum</strong></span> <span class='ocrx_word' id='word_1_104' title='bbox 1202 1700 1408 1765; x_wconf 86' lang='lat' dir='ltr'><strong>habuit,</strong></span> <span class='ocrx_word' id='word_1_105' title='bbox 1445 1701 1539 1755; x_wconf 88' lang='lat' dir='ltr'><strong>sed</strong></span> <span class='ocrx_word' id='word_1_106' title='bbox 1568 1702 1749 1770; x_wconf 87' lang='lat' dir='ltr'><strong>potius</strong></span> <span class='ocrx_word' id='word_1_107' title='bbox 1780 1702 1868 1754; x_wconf 75' lang='grc'><strong>45.</strong></span> <span class='ocrx_word' id='word_1_108' title='bbox 1905 1701 1971 1754; x_wconf 86' lang='lat' dir='ltr'><strong>At</strong></span> <span class='ocrx_word' id='word_1_109' title='bbox 2002 1716 2069 1755; x_wconf 78' lang='lat' dir='ltr'><strong>ex</strong></span> 
     </span>
    </p>
   </div>
   <div class='ocr_carea' id='block_1_17' title="bbox 492 1787 2071 1859">
    <p class='ocr_par' dir='ltr' id='par_1_17' title="bbox 492 1787 2071 1859">
     <span class='ocr_line' id='line_1_17' title="bbox 492 1787 2071 1859; baseline -0.002 -16"><span class='ocrx_word' id='word_1_110' title='bbox 492 1790 723 1859; x_wconf 80' lang='lat' dir='ltr'><strong>Augusti</strong></span> <span class='ocrx_word' id='word_1_111' title='bbox 755 1790 1115 1854; x_wconf 88' lang='lat' dir='ltr'><strong>correctione,</strong></span> <span class='ocrx_word' id='word_1_112' title='bbox 1136 1790 1249 1844; x_wconf 87' lang='lat' dir='ltr'><strong>sive</strong></span> <span class='ocrx_word' id='word_1_113' title='bbox 1281 1804 1443 1859; x_wconf 90' lang='lat' dir='ltr'><strong>quam</strong></span> <span class='ocrx_word' id='word_1_114' title='bbox 1466 1788 1664 1842; x_wconf 85' lang='lat' dir='ltr'><strong>Paulus</strong></span> <span class='ocrx_word' id='word_1_115' title='bbox 1692 1787 2071 1855; x_wconf 81' lang='lat' dir='ltr'><strong>Forosempro—</strong></span> 
     </span>
    </p>
   </div>
   <div class='ocr_carea' id='block_1_18' title="bbox 2169 597 3731 667">
    <p class='ocr_par' dir='ltr' id='par_1_18' title="bbox 2169 597 3731 667">
     <span class='ocr_line' id='line_1_18' title="bbox 2169 597 3731 667; baseline -0.002 -17"><span class='ocrx_word' id='word_1_116' title='bbox 2169 614 2385 651; x_wconf 87' lang='lat' dir='ltr'><strong>menses</strong></span> <span class='ocrx_word' id='word_1_117' title='bbox 2432 599 2657 667; x_wconf 89' lang='lat' dir='ltr'><strong>diesque</strong></span> <span class='ocrx_word' id='word_1_118' title='bbox 2708 599 2911 653; x_wconf 90' lang='lat' dir='ltr'><strong>solidos</strong></span> <span class='ocrx_word' id='word_1_119' title='bbox 2964 610 3333 659; x_wconf 79' lang='lat' dir='ltr'><strong>excurrerent,</strong></span> <span class='ocrx_word' id='word_1_120' title='bbox 3368 612 3496 651; x_wconf 89' lang='lat' dir='ltr'><strong>cum</strong></span> <span class='ocrx_word' id='word_1_121' title='bbox 3536 597 3590 649; x_wconf 90' lang='lat' dir='ltr'><strong>in</strong></span> <span class='ocrx_word' id='word_1_122' title='bbox 3622 613 3731 648; x_wconf 76' lang='lat' dir='ltr'><strong>anni</strong></span> 
     </span>
    </p>
   </div>
   <div class='ocr_carea' id='block_1_19' title="bbox 2168 690 3733 762">
    <p class='ocr_par' dir='ltr' id='par_1_19' title="bbox 2168 690 3733 762">
     <span class='ocr_line' id='line_1_19' title="bbox 2168 690 3733 762; baseline -0.004 -13"><span class='ocrx_word' id='word_1_123' title='bbox 2168 692 2516 749; x_wconf 79' lang='lat' dir='ltr'><strong>Conlusionis</strong></span> <span class='ocrx_word' id='word_1_124' title='bbox 2563 693 2769 747; x_wconf 74' lang='lat' dir='ltr'><strong>exitum</strong></span> <span class='ocrx_word' id='word_1_125' title='bbox 2805 693 3133 762; x_wconf 57' lang='lat' dir='ltr'><strong>peraequatio</strong></span> <span class='ocrx_word' id='word_1_126' title='bbox 3163 693 3264 745; x_wconf 89' lang='lat' dir='ltr'><strong>ista</strong></span> <span class='ocrx_word' id='word_1_127' title='bbox 3296 690 3614 751; x_wconf 81' lang='lat' dir='ltr'><strong>conveniat,</strong></span> <span class='ocrx_word' id='word_1_128' title='bbox 3641 705 3733 743; x_wconf 84' lang='lat' dir='ltr'><strong>non</strong></span> 
     </span>
    </p>
   </div>
   <div class='ocr_carea' id='block_1_20' title="bbox 2170 782 3734 857">
    <p class='ocr_par' dir='ltr' id='par_1_20' title="bbox 2170 782 3734 857">
     <span class='ocr_line' id='line_1_20' title="bbox 2170 782 3734 857; baseline -0.003 -18"><span class='ocrx_word' id='word_1_129' title='bbox 2170 787 2346 857; x_wconf 88' lang='lat' dir='ltr'><strong>potuit</strong></span> <span class='ocrx_word' id='word_1_130' title='bbox 2392 785 2572 840; x_wconf 67' lang='lat' dir='ltr'><strong>Caesar</strong></span> <span class='ocrx_word' id='word_1_131' title='bbox 2627 787 2935 856; x_wconf 82' lang='lat' dir='ltr'><strong>proximum</strong></span> <span class='ocrx_word' id='word_1_132' title='bbox 2972 786 3241 840; x_wconf 78' lang='lat' dir='ltr'><strong>bisextum</strong></span> <span class='ocrx_word' id='word_1_133' title='bbox 3275 786 3329 837; x_wconf 91' lang='lat' dir='ltr'><strong>in</strong></span> <span class='ocrx_word' id='word_1_134' title='bbox 3370 785 3406 839; x_wconf 80' lang='grc'><strong>5</strong></span> <span class='ocrx_word' id='word_1_135' title='bbox 3450 782 3734 845; x_wconf 70' lang='lat' dir='ltr'><strong>lulianum,</strong></span> 
     </span>
    </p>
   </div>
   <div class='ocr_carea' id='block_1_21' title="bbox 2170 876 3737 943">
    <p class='ocr_par' dir='ltr' id='par_1_21' title="bbox 2170 876 3737 943">
     <span class='ocr_line' id='line_1_21' title="bbox 2170 876 3737 943; baseline -0.004 -9"><span class='ocrx_word' id='word_1_136' title='bbox 2170 880 2262 935; x_wconf 90' lang='lat' dir='ltr'><strong>sed</strong></span> <span class='ocrx_word' id='word_1_137' title='bbox 2301 880 2352 932; x_wconf 91' lang='lat' dir='ltr'><strong>in</strong></span> <span class='ocrx_word' id='word_1_138' title='bbox 2384 879 2416 931; x_wconf 75' lang='grc'>4</span> <span class='ocrx_word' id='word_1_139' title='bbox 2452 880 2727 934; x_wconf 88' lang='lat' dir='ltr'><strong>ineuntem</strong></span> <span class='ocrx_word' id='word_1_140' title='bbox 2757 879 3031 943; x_wconf 87' lang='lat' dir='ltr'><strong>indicere;</strong></span> <span class='ocrx_word' id='word_1_141' title='bbox 3065 888 3176 931; x_wconf 88' lang='lat' dir='ltr'><strong>tum</strong></span> <span class='ocrx_word' id='word_1_142' title='bbox 3208 877 3441 939; x_wconf 87' lang='lat' dir='ltr'><strong>scilicet,</strong></span> <span class='ocrx_word' id='word_1_143' title='bbox 3482 892 3606 928; x_wconf 85' lang='lat' dir='ltr'><strong>cum</strong></span> <span class='ocrx_word' id='word_1_144' title='bbox 3640 876 3737 928; x_wconf 50' lang='lat' dir='ltr'><strong>dies</strong></span> 
     </span>
    </p>
   </div>
   <div class='ocr_carea' id='block_1_22' title="bbox 2168 966 3737 1039">
    <p class='ocr_par' dir='ltr' id='par_1_22' title="bbox 2168 966 3737 1039">
     <span class='ocr_line' id='line_1_22' title="bbox 2168 966 3737 1039; baseline -0.006 -13"><span class='ocrx_word' id='word_1_145' title='bbox 2168 987 2235 1026; x_wconf 82' lang='lat' dir='ltr'><strong>ex</strong></span> <span class='ocrx_word' id='word_1_146' title='bbox 2295 970 2692 1039; x_wconf 86' lang='lat' dir='ltr'><strong>quadrantibus</strong></span> <span class='ocrx_word' id='word_1_147' title='bbox 2742 969 2983 1024; x_wconf 89' lang='lat' dir='ltr'><strong>collectis</strong></span> <span class='ocrx_word' id='word_1_148' title='bbox 3033 968 3240 1022; x_wconf 89' lang='lat' dir='ltr'><strong>solidus</strong></span> <span class='ocrx_word' id='word_1_149' title='bbox 3288 966 3737 1021; x_wconf 71' lang='lat' dir='ltr'><strong>exsisteret:etsi</strong></span> 
     </span>
    </p>
   </div>
   <div class='ocr_carea' id='block_1_23' title="bbox 2171 1058 3735 1131">
    <p class='ocr_par' dir='ltr' id='par_1_23' title="bbox 2171 1058 3735 1131">
     <span class='ocr_line' id='line_1_23' title="bbox 2171 1058 3735 1131; baseline -0.004 -16"><span class='ocrx_word' id='word_1_150' title='bbox 2171 1063 2450 1131; x_wconf 82' lang='lat' dir='ltr'><strong>quadrans</strong></span> <span class='ocrx_word' id='word_1_151' title='bbox 2498 1060 2587 1115; x_wconf 86' lang='lat' dir='ltr'><strong>ille</strong></span> <span class='ocrx_word' id='word_1_152' title='bbox 2641 1061 2894 1115; x_wconf 89' lang='lat' dir='ltr'><strong>horarius</strong></span> <span class='ocrx_word' id='word_1_153' title='bbox 2948 1075 3054 1114; x_wconf 91' lang='lat' dir='ltr'><strong>non</strong></span> <span class='ocrx_word' id='word_1_154' title='bbox 3099 1075 3222 1113; x_wconf 89' lang='lat' dir='ltr'><strong>cum</strong></span> <span class='ocrx_word' id='word_1_155' title='bbox 3258 1058 3480 1112; x_wconf 83' lang='lat' dir='ltr'><strong>duobus</strong></span> <span class='ocrx_word' id='word_1_156' title='bbox 3532 1058 3735 1124; x_wconf 73' lang='lat' dir='ltr'><strong>reliquis</strong></span> 
     </span>
    </p>
   </div>
   <div class='ocr_carea' id='block_1_24' title="bbox 2172 1149 3737 1222">
    <p class='ocr_par' dir='ltr' id='par_1_24' title="bbox 2172 1149 3737 1222">
     <span class='ocr_line' id='line_1_24' title="bbox 2172 1149 3737 1222; baseline -0.008 -12"><span class='ocrx_word' id='word_1_157' title='bbox 2172 1155 2473 1218; x_wconf 90' lang='lat' dir='ltr'><strong>mensibus,</strong></span> <span class='ocrx_word' id='word_1_158' title='bbox 2510 1153 2602 1209; x_wconf 90' lang='lat' dir='ltr'><strong>sed</strong></span> <span class='ocrx_word' id='word_1_159' title='bbox 2656 1169 2783 1207; x_wconf 88' lang='lat' dir='ltr'><strong>eum</strong></span> <span class='ocrx_word' id='word_1_160' title='bbox 2836 1151 3178 1207; x_wconf 78' lang='lat' dir='ltr'><strong>Mercedonio</strong></span> <span class='ocrx_word' id='word_1_161' title='bbox 3234 1149 3633 1222; x_wconf 74' lang='grc' dir='ltr'><strong>προληπτικῶς</strong></span> <span class='ocrx_word' id='word_1_162' title='bbox 3669 1151 3737 1200; x_wconf 75' lang='lat' dir='ltr'><strong>in-</strong></span> 
     </span>
    </p>
   </div>
   <div class='ocr_carea' id='block_1_25' title="bbox 2172 1242 3739 1315">
    <p class='ocr_par' dir='ltr' id='par_1_25' title="bbox 2172 1242 3739 1315">
     <span class='ocr_line' id='line_1_25' title="bbox 2172 1242 3739 1315; baseline -0.005 -14"><span class='ocrx_word' id='word_1_163' title='bbox 2172 1248 2336 1302; x_wconf 91' lang='lat' dir='ltr'><strong>lissus</strong></span> <span class='ocrx_word' id='word_1_164' title='bbox 2374 1246 2477 1301; x_wconf 91' lang='lat' dir='ltr'><strong>dici</strong></span> <span class='ocrx_word' id='word_1_165' title='bbox 2530 1255 2729 1315; x_wconf 80' lang='lat' dir='ltr'><strong>potest,</strong></span> <span class='ocrx_word' id='word_1_166' title='bbox 2759 1253 2817 1299; x_wconf 88' lang='lat' dir='ltr'><strong>ut</strong></span> <span class='ocrx_word' id='word_1_167' title='bbox 2845 1245 3054 1315; x_wconf 88' lang='lat' dir='ltr'><strong>justum</strong></span> <span class='ocrx_word' id='word_1_168' title='bbox 3108 1244 3173 1298; x_wconf 88' lang='lat' dir='ltr'><strong>ad</strong></span> <span class='ocrx_word' id='word_1_169' title='bbox 3211 1242 3583 1311; x_wconf 86' lang='lat' dir='ltr'><strong>colligendum</strong></span> <span class='ocrx_word' id='word_1_170' title='bbox 3630 1256 3739 1309; x_wconf 75' lang='lat' dir='ltr'><strong>qua-</strong></span> 
     </span>
    </p>
   </div>
   <div class='ocr_carea' id='block_1_26' title="bbox 2170 1332 3745 1407">
    <p class='ocr_par' dir='ltr' id='par_1_26' title="bbox 2170 1332 3745 1407">
     <span class='ocr_line' id='line_1_26' title="bbox 2170 1332 3745 1407; baseline -0.004 -15"><span class='ocrx_word' id='word_1_171' title='bbox 2170 1340 2418 1393; x_wconf 87' lang='lat' dir='ltr'><strong>drantem</strong></span> <span class='ocrx_word' id='word_1_172' title='bbox 2493 1337 2720 1393; x_wconf 84' lang='lat' dir='ltr'><strong>alterum</strong></span> <span class='ocrx_word' id='word_1_173' title='bbox 2786 1337 3021 1407; x_wconf 88' lang='lat' dir='ltr'><strong>spatium</strong></span> <span class='ocrx_word' id='word_1_174' title='bbox 3082 1350 3227 1389; x_wconf 91' lang='lat' dir='ltr'><strong>anno</strong></span> <span class='ocrx_word' id='word_1_175' title='bbox 3288 1338 3475 1405; x_wconf 88' lang='lat' dir='ltr'><strong>primo</strong></span> <span class='ocrx_word' id='word_1_176' title='bbox 3550 1332 3745 1385; x_wconf 81' lang='lat' dir='ltr'><strong>Juliana</strong></span> 
     </span>
    </p>
   </div>
   <div class='ocr_carea' id='block_1_27' title="bbox 2172 1422 3745 1495">
    <p class='ocr_par' dir='ltr' id='par_1_27' title="bbox 2172 1422 3745 1495">
     <span class='ocr_line' id='line_1_27' title="bbox 2172 1422 3745 1495; baseline -0.003 -13"><span class='ocrx_word' id='word_1_177' title='bbox 2172 1430 2391 1483; x_wconf 89' lang='lat' dir='ltr'><strong>ineunte</strong></span> <span class='ocrx_word' id='word_1_178' title='bbox 2432 1442 2552 1482; x_wconf 91' lang='lat' dir='ltr'><strong>esse</strong></span> <span class='ocrx_word' id='word_1_179' title='bbox 2598 1426 2854 1495; x_wconf 87' lang='lat' dir='ltr'><strong>potuerlt.</strong></span> <span class='ocrx_word' id='word_1_180' title='bbox 2908 1425 3277 1480; x_wconf 84' lang='lat' dir='ltr'><strong>Nihilominus</strong></span> <span class='ocrx_word' id='word_1_181' title='bbox 3329 1426 3399 1479; x_wconf 89' lang='lat' dir='ltr'><strong>de</strong></span> <span class='ocrx_word' id='word_1_182' title='bbox 3448 1424 3551 1477; x_wconf 86' lang='lat' dir='ltr'><strong>hoc</strong></span> <span class='ocrx_word' id='word_1_183' title='bbox 3597 1422 3745 1477; x_wconf 75' lang='lat' dir='ltr'><strong>Solini</strong></span> 
     </span>
    </p>
   </div>
   <div class='ocr_carea' id='block_1_28' title="bbox 2172 1516 3182 1586">
    <p class='ocr_par' dir='ltr' id='par_1_28' title="bbox 2172 1516 3182 1586">
     <span class='ocr_line' id='line_1_28' title="bbox 2172 1516 3182 1586; baseline -0.004 -15"><span class='ocrx_word' id='word_1_184' title='bbox 2172 1518 2291 1571; x_wconf 95' lang='lat' dir='ltr'><strong>loco</strong></span> <span class='ocrx_word' id='word_1_185' title='bbox 2320 1516 2666 1586; x_wconf 87' lang='lat' dir='ltr'><strong>cogitandum</strong></span> <span class='ocrx_word' id='word_1_186' title='bbox 2703 1516 2936 1585; x_wconf 84' lang='lat' dir='ltr'><strong>amplius</strong></span> <span class='ocrx_word' id='word_1_187' title='bbox 2965 1530 3182 1569; x_wconf 88' lang='lat' dir='ltr'><strong>censeo.</strong></span> 
     </span>
    </p>
   </div>
   <div class='ocr_carea' id='block_1_29' title="bbox 2242 1603 3742 1671">
    <p class='ocr_par' dir='ltr' id='par_1_29' title="bbox 2242 1603 3742 1671">
     <span class='ocr_line' id='line_1_29' title="bbox 2242 1603 3742 1671; baseline -0.003 -12"><span class='ocrx_word' id='word_1_188' title='bbox 2242 1606 2337 1660; x_wconf 86' lang='lat' dir='ltr'><strong>llis</strong></span> <span class='ocrx_word' id='word_1_189' title='bbox 2360 1606 2665 1660; x_wconf 86' lang='lat' dir='ltr'><strong>necessario</strong></span> <span class='ocrx_word' id='word_1_190' title='bbox 2691 1606 3020 1669; x_wconf 80' lang='lat' dir='ltr'><strong>constitutis,</strong></span> <span class='ocrx_word' id='word_1_191' title='bbox 3044 1620 3246 1659; x_wconf 90' lang='lat' dir='ltr'><strong>annum</strong></span> <span class='ocrx_word' id='word_1_192' title='bbox 3279 1618 3553 1671; x_wconf 77' lang='lat' dir='ltr'><strong>negamus</strong></span> <span class='ocrx_word' id='word_1_193' title='bbox 3591 1603 3742 1665; x_wconf 80' lang='lat' dir='ltr'><strong>illum,</strong></span> 
     </span>
    </p>
   </div>
   <div class='ocr_carea' id='block_1_30' title="bbox 2172 1694 3744 1767">
    <p class='ocr_par' dir='ltr' id='par_1_30' title="bbox 2172 1694 3744 1767">
     <span class='ocr_line' id='line_1_30' title="bbox 2172 1694 3744 1767; baseline -0.005 -16"><span class='ocrx_word' id='word_1_194' title='bbox 2172 1714 2279 1767; x_wconf 91' lang='lat' dir='ltr'><strong>quo</strong></span> <span class='ocrx_word' id='word_1_195' title='bbox 2334 1696 2597 1751; x_wconf 87' lang='lat' dir='ltr'><strong>Lentulus</strong></span> <span class='ocrx_word' id='word_1_196' title='bbox 2630 1706 2683 1750; x_wconf 90' lang='lat' dir='ltr'><strong>et</strong></span> <span class='ocrx_word' id='word_1_197' title='bbox 2717 1695 3045 1751; x_wconf 85' lang='lat' dir='ltr'><strong>Messalinus</strong></span> <span class='ocrx_word' id='word_1_198' title='bbox 3092 1710 3235 1749; x_wconf 89' lang='lat' dir='ltr'><strong>coss.</strong></span> <span class='ocrx_word' id='word_1_199' title='bbox 3262 1694 3515 1754; x_wconf 85' lang='lat' dir='ltr'><strong>fuerunt,</strong></span> <span class='ocrx_word' id='word_1_200' title='bbox 3555 1694 3744 1746; x_wconf 54' lang='lat' dir='ltr'><strong>bisem.</strong></span> 
     </span>
    </p>
   </div>
   <div class='ocr_carea' id='block_1_31' title="bbox 2172 1786 3743 1844">
    <p class='ocr_par' dir='ltr' id='par_1_31' title="bbox 2172 1786 3743 1844">
     <span class='ocr_line' id='line_1_31' title="bbox 2172 1786 3743 1844; baseline -0.005 0"><span class='ocrx_word' id='word_1_201' title='bbox 2172 1790 2278 1844; x_wconf 90' lang='lat' dir='ltr'><strong>lem</strong></span> <span class='ocrx_word' id='word_1_202' title='bbox 2303 1789 2488 1843; x_wconf 85' lang='lat' dir='ltr'><strong>fuisse.</strong></span> <span class='ocrx_word' id='word_1_203' title='bbox 2515 1787 2700 1842; x_wconf 87' lang='lat' dir='ltr'><strong>Fuerit</strong></span> <span class='ocrx_word' id='word_1_204' title='bbox 2732 1788 2877 1842; x_wconf 91' lang='lat' dir='ltr'><strong>enim</strong></span> <span class='ocrx_word' id='word_1_205' title='bbox 2898 1804 2964 1843; x_wconf 79' lang='lat' dir='ltr'><strong>ex</strong></span> <span class='ocrx_word' id='word_1_206' title='bbox 2986 1786 3116 1841; x_wconf 87' lang='lat' dir='ltr'><strong>Julii</strong></span> <span class='ocrx_word' id='word_1_207' title='bbox 3138 1786 3375 1842; x_wconf 53' lang='lat' dir='ltr'><strong>Casaris</strong></span> <span class='ocrx_word' id='word_1_208' title='bbox 3396 1787 3743 1843; x_wconf 75' lang='lat' dir='ltr'><strong>ordinatione,</strong></span> 
     </span>
    </p>
   </div>
   <div class='ocr_carea' id='block_1_32' title="bbox 489 1870 3743 1952">
    <p class='ocr_par' dir='ltr' id='par_1_32' title="bbox 489 1870 3743 1952">
     <span class='ocr_line' id='line_1_32' title="bbox 489 1870 3743 1952; baseline -0.002 -17"><span class='ocrx_word' id='word_1_209' title='bbox 489 1882 697 1936; x_wconf 90' lang='lat' dir='ltr'><strong>niensis</strong></span> <span class='ocrx_word' id='word_1_210' title='bbox 724 1880 921 1935; x_wconf 90' lang='lat' dir='ltr'><strong>asserit</strong></span> <span class='ocrx_word' id='word_1_211' title='bbox 948 1920 962 1943; x_wconf 93' lang='lat'><strong>,</strong></span> <span class='ocrx_word' id='word_1_212' title='bbox 1000 1880 1115 1935; x_wconf 90' lang='lat' dir='ltr'><strong>sive</strong></span> <span class='ocrx_word' id='word_1_213' title='bbox 1143 1896 1263 1951; x_wconf 71' lang='lat' dir='ltr'><strong>qua:</strong></span> <span class='ocrx_word' id='word_1_214' title='bbox 1295 1880 1348 1933; x_wconf 93' lang='lat' dir='ltr'><strong>in</strong></span> <span class='ocrx_word' id='word_1_215' title='bbox 1376 1895 1577 1933; x_wconf 89' lang='lat' dir='ltr'><strong>annum</strong></span> <span class='ocrx_word' id='word_1_216' title='bbox 1613 1879 1681 1933; x_wconf 79' lang='lat'><strong>55</strong></span> <span class='ocrx_word' id='word_1_217' title='bbox 1704 1879 1971 1933; x_wconf 81' lang='lat' dir='ltr'><strong>bisextum</strong></span> <span class='ocrx_word' id='word_1_218' title='bbox 2001 1877 2076 1931; x_wconf 89' lang='lat' dir='ltr'><strong>le—</strong></span> <span class='ocrx_word' id='word_1_219' title='bbox 2106 1870 2148 1925; x_wconf 80' lang='grc' dir='ltr'>Β</span> <span class='ocrx_word' id='word_1_220' title='bbox 2178 1882 2322 1952; x_wconf 90' lang='lat' dir='ltr'><strong>quod</strong></span> <span class='ocrx_word' id='word_1_221' title='bbox 2348 1882 2502 1935; x_wconf 83' lang='lat' dir='ltr'><strong>valde</strong></span> <span class='ocrx_word' id='word_1_222' title='bbox 2536 1881 2801 1934; x_wconf 90' lang='lat' dir='ltr'><strong>incertum</strong></span> <span class='ocrx_word' id='word_1_223' title='bbox 2836 1894 2957 1934; x_wconf 87' lang='lat' dir='ltr'><strong>esse</strong></span> <span class='ocrx_word' id='word_1_224' title='bbox 2987 1882 3249 1934; x_wconf 89' lang='lat' dir='ltr'><strong>hactenus</strong></span> <span class='ocrx_word' id='word_1_225' title='bbox 3289 1878 3743 1931; x_wconf 67' lang='lat' dir='ltr'><strong>monstravimus:</strong></span> 
     </span>
    </p>
   </div>
   <div class='ocr_carea' id='block_1_33' title="bbox 491 1967 2067 2042">
    <p class='ocr_par' dir='ltr' id='par_1_33' title="bbox 491 1967 2067 2042">
     <span class='ocr_line' id='line_1_33' title="bbox 491 1967 2067 2042; baseline -0.006 -14"><span class='ocrx_word' id='word_1_226' title='bbox 491 1973 738 2042; x_wconf 85' lang='lat' dir='ltr'><strong>gitimum</strong></span> <span class='ocrx_word' id='word_1_227' title='bbox 765 1972 1005 2041; x_wconf 82' lang='lat' dir='ltr'><strong>conjicit,</strong></span> <span class='ocrx_word' id='word_1_228' title='bbox 1026 1972 1167 2026; x_wconf 90' lang='lat' dir='ltr'><strong>idem</strong></span> <span class='ocrx_word' id='word_1_229' title='bbox 1195 1972 1282 2025; x_wconf 91' lang='lat' dir='ltr'><strong>ille</strong></span> <span class='ocrx_word' id='word_1_230' title='bbox 1295 1971 1552 2026; x_wconf 63' lang='lat' dir='ltr'><strong>lBannus</strong></span> <span class='ocrx_word' id='word_1_231' title='bbox 1573 1970 1821 2025; x_wconf 81' lang='lat' dir='ltr'><strong>Julianus</strong></span> <span class='ocrx_word' id='word_1_232' title='bbox 1849 1967 2067 2024; x_wconf 78' lang='lat' dir='ltr'><strong>bisexti-</strong></span> 
     </span>
    </p>
   </div>
   <div class='ocr_carea' id='block_1_34' title="bbox 492 2060 2067 2133">
    <p class='ocr_par' dir='ltr' id='par_1_34' title="bbox 492 2060 2067 2133">
     <span class='ocr_line' id='line_1_34' title="bbox 492 2060 2067 2133; baseline -0.004 -15"><span class='ocrx_word' id='word_1_233' title='bbox 492 2064 561 2118; x_wconf 91' lang='lat' dir='ltr'><strong>lis</strong></span> <span class='ocrx_word' id='word_1_234' title='bbox 583 2064 705 2118; x_wconf 89' lang='lat' dir='ltr'><strong>erit.</strong></span> <span class='ocrx_word' id='word_1_235' title='bbox 740 2062 815 2117; x_wconf 88' lang='lat' dir='ltr'><strong>lla</strong></span> <span class='ocrx_word' id='word_1_236' title='bbox 846 2064 990 2117; x_wconf 92' lang='lat' dir='ltr'><strong>enim</strong></span> <span class='ocrx_word' id='word_1_237' title='bbox 1020 2063 1227 2133; x_wconf 89' lang='lat' dir='ltr'><strong>primus</strong></span> <span class='ocrx_word' id='word_1_238' title='bbox 1259 2079 1435 2117; x_wconf 89' lang='lat' dir='ltr'><strong>annus</strong></span> <span class='ocrx_word' id='word_1_239' title='bbox 1464 2060 1736 2127; x_wconf 84' lang='lat' dir='ltr'><strong>Julianus,</strong></span> <span class='ocrx_word' id='word_1_240' title='bbox 1762 2060 1974 2115; x_wconf 89' lang='lat' dir='ltr'><strong>tametsi</strong></span> <span class='ocrx_word' id='word_1_241' title='bbox 2000 2075 2067 2113; x_wconf 81' lang='lat' dir='ltr'><strong>ex</strong></span> 
     </span>
    </p>
   </div>
   <div class='ocr_carea' id='block_1_35' title="bbox 492 2151 2067 2222">
    <p class='ocr_par' dir='ltr' id='par_1_35' title="bbox 492 2151 2067 2222">
     <span class='ocr_line' id='line_1_35' title="bbox 492 2151 2067 2222; baseline -0.001 -15"><span class='ocrx_word' id='word_1_242' title='bbox 492 2156 735 2209; x_wconf 90' lang='lat' dir='ltr'><strong>auctoris</strong></span> <span class='ocrx_word' id='word_1_243' title='bbox 788 2164 967 2209; x_wconf 91' lang='lat' dir='ltr'><strong>mente</strong></span> <span class='ocrx_word' id='word_1_244' title='bbox 1016 2154 1287 2209; x_wconf 83' lang='lat' dir='ltr'><strong>hisextilis</strong></span> <span class='ocrx_word' id='word_1_245' title='bbox 1334 2168 1442 2209; x_wconf 92' lang='lat' dir='ltr'><strong>non</strong></span> <span class='ocrx_word' id='word_1_246' title='bbox 1496 2153 1679 2218; x_wconf 81' lang='lat' dir='ltr'><strong>fuerit,</strong></span> <span class='ocrx_word' id='word_1_247' title='bbox 1737 2168 1800 2207; x_wconf 88' lang='lat' dir='ltr'><strong>ex</strong></span> <span class='ocrx_word' id='word_1_248' title='bbox 1836 2151 2067 2222; x_wconf 86' lang='lat' dir='ltr'><strong>Augusti</strong></span> 
     </span>
    </p>
   </div>
   <div class='ocr_carea' id='block_1_36' title="bbox 493 2244 2069 2311">
    <p class='ocr_par' dir='ltr' id='par_1_36' title="bbox 493 2244 2069 2311">
     <span class='ocr_line' id='line_1_36' title="bbox 493 2244 2069 2311; baseline -0.003 -10"><span class='ocrx_word' id='word_1_249' title='bbox 493 2257 675 2301; x_wconf 88' lang='lat' dir='ltr'><strong>tamen</strong></span> <span class='ocrx_word' id='word_1_250' title='bbox 716 2246 1097 2301; x_wconf 88' lang='lat' dir='ltr'><strong>emendatione</strong></span> <span class='ocrx_word' id='word_1_251' title='bbox 1148 2245 1318 2301; x_wconf 79' lang='lat' dir='ltr'><strong>fuisse</strong></span> <span class='ocrx_word' id='word_1_252' title='bbox 1369 2254 1642 2311; x_wconf 91' lang='lat' dir='ltr'><strong>censetur,</strong></span> <span class='ocrx_word' id='word_1_253' title='bbox 1678 2256 1736 2299; x_wconf 93' lang='lat' dir='ltr'><strong>ut</strong></span> <span class='ocrx_word' id='word_1_254' title='bbox 1785 2244 2069 2298; x_wconf 89' lang='lat' dir='ltr'><strong>Forosem-</strong></span> 
     </span>
    </p>
   </div>
   <div class='ocr_carea' id='block_1_37' title="bbox 494 2335 2070 2411">
    <p class='ocr_par' dir='ltr' id='par_1_37' title="bbox 494 2335 2070 2411">
     <span class='ocr_line' id='line_1_37' title="bbox 494 2335 2070 2411; baseline -0.001 -19"><span class='ocrx_word' id='word_1_255' title='bbox 494 2340 807 2411; x_wconf 83' lang='lat' dir='ltr'><strong>prouiensis</strong></span> <span class='ocrx_word' id='word_1_256' title='bbox 857 2339 1099 2395; x_wconf 82' lang='lat' dir='ltr'><strong>adnmat.</strong></span> <span class='ocrx_word' id='word_1_257' title='bbox 1149 2337 1270 2392; x_wconf 84' lang='lat' dir='ltr'><strong>Jam</strong></span> <span class='ocrx_word' id='word_1_258' title='bbox 1306 2339 1399 2409; x_wconf 91' lang='lat' dir='ltr'><strong>qui</strong></span> <span class='ocrx_word' id='word_1_259' title='bbox 1446 2335 1689 2392; x_wconf 88' lang='lat' dir='ltr'><strong>Natalem</strong></span> <span class='ocrx_word' id='word_1_260' title='bbox 1735 2336 1939 2392; x_wconf 86' lang='lat' dir='ltr'><strong>Christi</strong></span> <span class='ocrx_word' id='word_1_261' title='bbox 1971 2351 2070 2391; x_wconf 90' lang='lat' dir='ltr'><strong>an-</strong></span> 
     </span>
    </p>
   </div>
   <div class='ocr_carea' id='block_1_38' title="bbox 494 2430 2070 2504">
    <p class='ocr_par' dir='ltr' id='par_1_38' title="bbox 494 2430 2070 2504">
     <span class='ocr_line' id='line_1_38' title="bbox 494 2430 2070 2504; baseline -0.002 -16"><span class='ocrx_word' id='word_1_262' title='bbox 494 2451 625 2488; x_wconf 82' lang='lat' dir='ltr'><strong>num</strong></span> <span class='ocrx_word' id='word_1_263' title='bbox 659 2434 962 2488; x_wconf 79' lang='lat' dir='ltr'><strong>hisextilem</strong></span> <span class='ocrx_word' id='word_1_264' title='bbox 1007 2432 1136 2486; x_wconf 80' lang='lat' dir='ltr'><strong>velit</strong></span> <span class='ocrx_word' id='word_1_265' title='bbox 1169 2431 1536 2504; x_wconf 82' lang='lat' dir='ltr'><strong>fuisse,eoque</strong></span> <span class='ocrx_word' id='word_1_266' title='bbox 1572 2430 1720 2485; x_wconf 86' lang='lat' dir='ltr'><strong>velut</strong></span> <span class='ocrx_word' id='word_1_267' title='bbox 1753 2431 2070 2486; x_wconf 89' lang='lat' dir='ltr'><strong>charactere</strong></span> 
     </span>
    </p>
   </div>
   <div class='ocr_carea' id='block_1_39' title="bbox 494 2523 2072 2598">
    <p class='ocr_par' dir='ltr' id='par_1_39' title="bbox 494 2523 2072 2598">
     <span class='ocr_line' id='line_1_39' title="bbox 494 2523 2072 2598; baseline -0.003 -16"><span class='ocrx_word' id='word_1_268' title='bbox 494 2527 757 2598; x_wconf 88' lang='lat' dir='ltr'><strong>temporis</strong></span> <span class='ocrx_word' id='word_1_269' title='bbox 808 2537 1025 2591; x_wconf 90' lang='lat' dir='ltr'><strong>utatur;</strong></span> <span class='ocrx_word' id='word_1_270' title='bbox 1058 2541 1164 2579; x_wconf 89' lang='lat' dir='ltr'><strong>non</strong></span> <span class='ocrx_word' id='word_1_271' title='bbox 1208 2525 1257 2577; x_wconf 90' lang='lat' dir='ltr'><strong>ei</strong></span> <span class='ocrx_word' id='word_1_272' title='bbox 1286 2524 1419 2578; x_wconf 82' lang='lat' dir='ltr'><strong>satis</strong></span> <span class='ocrx_word' id='word_1_273' title='bbox 1448 2532 1549 2587; x_wconf 90' lang='lat' dir='ltr'><strong>est,</strong></span> <span class='ocrx_word' id='word_1_274' title='bbox 1583 2524 1960 2579; x_wconf 87' lang='lat' dir='ltr'><strong>demonstrare</strong></span> <span class='ocrx_word' id='word_1_275' title='bbox 1990 2523 2072 2577; x_wconf 78' lang='lat' dir='ltr'><strong>bi-</strong></span> 
     </span>
    </p>
   </div>
   <div class='ocr_carea' id='block_1_40' title="bbox 494 2618 2071 2688">
    <p class='ocr_par' dir='ltr' id='par_1_40' title="bbox 494 2618 2071 2688">
     <span class='ocr_line' id='line_1_40' title="bbox 494 2618 2071 2688; baseline -0.003 -13"><span class='ocrx_word' id='word_1_276' title='bbox 494 2629 709 2676; x_wconf 79' lang='lat' dir='ltr'><strong>sextum</strong></span> <span class='ocrx_word' id='word_1_277' title='bbox 744 2636 807 2674; x_wconf 78' lang='lat' dir='ltr'><strong>ex</strong></span> <span class='ocrx_word' id='word_1_278' title='bbox 854 2618 1069 2673; x_wconf 88' lang='lat' dir='ltr'><strong>Juliana</strong></span> <span class='ocrx_word' id='word_1_279' title='bbox 1116 2619 1459 2673; x_wconf 89' lang='lat' dir='ltr'><strong>institutione</strong></span> <span class='ocrx_word' id='word_1_280' title='bbox 1490 2619 1543 2672; x_wconf 93' lang='lat' dir='ltr'><strong>in</strong></span> <span class='ocrx_word' id='word_1_281' title='bbox 1580 2619 1728 2672; x_wconf 92' lang='lat' dir='ltr'><strong>illum</strong></span> <span class='ocrx_word' id='word_1_282' title='bbox 1767 2619 1942 2688; x_wconf 91' lang='lat' dir='ltr'><strong>ipsum</strong></span> <span class='ocrx_word' id='word_1_283' title='bbox 1973 2633 2071 2671; x_wconf 80' lang='lat' dir='ltr'><strong>an-</strong></span> 
     </span>
    </p>
   </div>
   <div class='ocr_carea' id='block_1_41' title="bbox 494 2709 2070 2781">
    <p class='ocr_par' dir='ltr' id='par_1_41' title="bbox 494 2709 2070 2781">
     <span class='ocr_line' id='line_1_41' title="bbox 494 2709 2070 2781; baseline -0.001 -15"><span class='ocrx_word' id='word_1_284' title='bbox 494 2728 625 2766; x_wconf 91' lang='lat' dir='ltr'><strong>num</strong></span> <span class='ocrx_word' id='word_1_285' title='bbox 679 2711 957 2774; x_wconf 82' lang='lat' dir='ltr'><strong>incidisse,</strong></span> <span class='ocrx_word' id='word_1_286' title='bbox 1012 2711 1191 2781; x_wconf 90' lang='lat' dir='ltr'><strong>quod,</strong></span> <span class='ocrx_word' id='word_1_287' title='bbox 1242 2720 1302 2764; x_wconf 92' lang='lat' dir='ltr'><strong>ut</strong></span> <span class='ocrx_word' id='word_1_288' title='bbox 1351 2726 1382 2765; x_wconf 89' lang='lat' dir='ltr'><strong>e</strong></span> <span class='ocrx_word' id='word_1_289' title='bbox 1422 2711 1796 2778; x_wconf 86' lang='lat' dir='ltr'><strong>superioribus</strong></span> <span class='ocrx_word' id='word_1_290' title='bbox 1845 2709 2070 2777; x_wconf 74' lang='lat' dir='ltr'><strong>intelligi</strong></span> 
     </span>
    </p>
   </div>
   <div class='ocr_carea' id='block_1_42' title="bbox 496 2802 2071 2873">
    <p class='ocr_par' dir='ltr' id='par_1_42' title="bbox 496 2802 2071 2873">
     <span class='ocr_line' id='line_1_42' title="bbox 496 2802 2071 2873; baseline -0.002 -14"><span class='ocrx_word' id='word_1_291' title='bbox 496 2814 677 2873; x_wconf 85' lang='lat' dir='ltr'><strong>potest</strong></span> <span class='ocrx_word' id='word_1_292' title='bbox 714 2844 728 2869; x_wconf 92' lang='lat'><strong>,</strong></span> <span class='ocrx_word' id='word_1_293' title='bbox 783 2804 1014 2858; x_wconf 91' lang='lat' dir='ltr'><strong>dubium</strong></span> <span class='ocrx_word' id='word_1_294' title='bbox 1068 2812 1151 2858; x_wconf 90' lang='lat' dir='ltr'><strong>est</strong></span> <span class='ocrx_word' id='word_1_295' title='bbox 1217 2812 1270 2857; x_wconf 86' lang='lat' dir='ltr'><strong>et</strong></span> <span class='ocrx_word' id='word_1_296' title='bbox 1328 2804 1635 2858; x_wconf 88' lang='lat' dir='ltr'><strong>incertum:</strong></span> <span class='ocrx_word' id='word_1_297' title='bbox 1675 2802 1769 2856; x_wconf 89' lang='lat' dir='ltr'><strong>sed</strong></span> <span class='ocrx_word' id='word_1_298' title='bbox 1825 2802 2071 2857; x_wconf 88' lang='lat' dir='ltr'><strong>habenda</strong></span> 
     </span>
    </p>
   </div>
   <div class='ocr_carea' id='block_1_43' title="bbox 494 2893 2071 2965">
    <p class='ocr_par' dir='ltr' id='par_1_43' title="bbox 494 2893 2071 2965">
     <span class='ocr_line' id='line_1_43' title="bbox 494 2893 2071 2965; baseline -0.001 -17"><span class='ocrx_word' id='word_1_299' title='bbox 494 2894 729 2949; x_wconf 78' lang='lat' dir='ltr'><strong>maxime</strong></span> <span class='ocrx_word' id='word_1_300' title='bbox 786 2894 1233 2965; x_wconf 88' lang='lat' dir='ltr'><strong>consequentium</strong></span> <span class='ocrx_word' id='word_1_301' title='bbox 1289 2894 1622 2949; x_wconf 84' lang='lat' dir='ltr'><strong>bisextorum</strong></span> <span class='ocrx_word' id='word_1_302' title='bbox 1678 2894 1838 2957; x_wconf 91' lang='lat' dir='ltr'><strong>ratio,</strong></span> <span class='ocrx_word' id='word_1_303' title='bbox 1882 2893 2071 2962; x_wconf 84' lang='lat' dir='ltr'><strong>cujus-</strong></span> 
     </span>
    </p>
   </div>
   <div class='ocr_carea' id='block_1_44' title="bbox 495 2982 2070 3055">
    <p class='ocr_par' dir='ltr' id='par_1_44' title="bbox 495 2982 2070 3055">
     <span class='ocr_line' id='line_1_44' title="bbox 495 2982 2070 3055; baseline 0.001 -21"><span class='ocrx_word' id='word_1_304' title='bbox 495 2984 641 3037; x_wconf 86' lang='lat' dir='ltr'><strong>modi</strong></span> <span class='ocrx_word' id='word_1_305' title='bbox 711 2983 975 3038; x_wconf 90' lang='lat' dir='ltr'><strong>hodierno</strong></span> <span class='ocrx_word' id='word_1_306' title='bbox 1030 2998 1131 3038; x_wconf 89' lang='lat' dir='ltr'><strong>usu</strong></span> <span class='ocrx_word' id='word_1_307' title='bbox 1197 2992 1319 3053; x_wconf 92' lang='lat' dir='ltr'><strong>post</strong></span> <span class='ocrx_word' id='word_1_308' title='bbox 1393 2982 1625 3055; x_wconf 82' lang='lat' dir='ltr'><strong>Augusti</strong></span> <span class='ocrx_word' id='word_1_309' title='bbox 1681 2984 2070 3038; x_wconf 88' lang='lat' dir='ltr'><strong>correctionem</strong></span> 
     </span>
    </p>
   </div>
   <div class='ocr_carea' id='block_1_45' title="bbox 495 3074 2070 3141">
    <p class='ocr_par' dir='ltr' id='par_1_45' title="bbox 495 3074 2070 3141">
     <span class='ocr_line' id='line_1_45' title="bbox 495 3074 2070 3141; baseline 0.001 -13"><span class='ocrx_word' id='word_1_310' title='bbox 495 3074 873 3129; x_wconf 84' lang='lat' dir='ltr'><strong>observantur.</strong></span> <span class='ocrx_word' id='word_1_311' title='bbox 908 3074 1063 3141; x_wconf 89' lang='lat' dir='ltr'><strong>Quod</strong></span> <span class='ocrx_word' id='word_1_312' title='bbox 1100 3075 1154 3128; x_wconf 90' lang='lat' dir='ltr'><strong>in</strong></span> <span class='ocrx_word' id='word_1_313' title='bbox 1192 3074 1485 3129; x_wconf 83' lang='lat' dir='ltr'><strong>Annalibus</strong></span> <span class='ocrx_word' id='word_1_314' title='bbox 1516 3076 1699 3131; x_wconf 88' lang='lat' dir='ltr'><strong>minus</strong></span> <span class='ocrx_word' id='word_1_315' title='bbox 1726 3074 2070 3129; x_wconf 40' lang='lat' dir='ltr'><strong>animadver‘</strong></span> 
     </span>
    </p>
   </div>
   <div class='ocr_carea' id='block_1_46' title="bbox 497 3162 2073 3237">
    <p class='ocr_par' dir='ltr' id='par_1_46' title="bbox 497 3162 2073 3237">
     <span class='ocr_line' id='line_1_46' title="bbox 497 3162 2073 3237; baseline -0.001 -19"><span class='ocrx_word' id='word_1_316' title='bbox 497 3181 618 3218; x_wconf 82' lang='lat' dir='ltr'><strong>sum</strong></span> <span class='ocrx_word' id='word_1_317' title='bbox 646 3181 711 3220; x_wconf 90' lang='lat' dir='ltr'><strong>eo</strong></span> <span class='ocrx_word' id='word_1_318' title='bbox 744 3166 958 3220; x_wconf 91' lang='lat' dir='ltr'><strong>tandem</strong></span> <span class='ocrx_word' id='word_1_319' title='bbox 992 3167 1275 3220; x_wconf 85' lang='lat' dir='ltr'><strong>ratiocinia</strong></span> <span class='ocrx_word' id='word_1_320' title='bbox 1318 3166 1542 3237; x_wconf 79' lang='lat' dir='ltr'><strong>redegit,</strong></span> <span class='ocrx_word' id='word_1_321' title='bbox 1578 3175 1637 3219; x_wconf 93' lang='lat' dir='ltr'><strong>ut</strong></span> <span class='ocrx_word' id='word_1_322' title='bbox 1668 3180 1867 3218; x_wconf 90' lang='lat' dir='ltr'><strong>annum</strong></span> <span class='ocrx_word' id='word_1_323' title='bbox 1902 3162 2073 3217; x_wconf 92' lang='lat' dir='ltr'><strong>Julia-</strong></span> 
     </span>
    </p>
   </div>
   <div class='ocr_carea' id='block_1_47' title="bbox 2175 1973 3747 2047">
    <p class='ocr_par' dir='ltr' id='par_1_47' title="bbox 2175 1973 3747 2047">
     <span class='ocr_line' id='line_1_47' title="bbox 2175 1973 3747 2047; baseline -0.006 -15"><span class='ocrx_word' id='word_1_324' title='bbox 2175 1985 2528 2047; x_wconf 79' lang='lat' dir='ltr'><strong>postcaquam</strong></span> <span class='ocrx_word' id='word_1_325' title='bbox 2562 1973 2779 2043; x_wconf 88' lang='lat' dir='ltr'><strong>quidem</strong></span> <span class='ocrx_word' id='word_1_326' title='bbox 2832 1974 2900 2027; x_wconf 88' lang='lat' dir='ltr'><strong>ab</strong></span> <span class='ocrx_word' id='word_1_327' title='bbox 2936 1973 3183 2042; x_wconf 82' lang='lat' dir='ltr'><strong>Augusto</strong></span> <span class='ocrx_word' id='word_1_328' title='bbox 3232 1982 3527 2027; x_wconf 87' lang='lat' dir='ltr'><strong>correctus</strong></span> <span class='ocrx_word' id='word_1_329' title='bbox 3572 1987 3747 2031; x_wconf 81' lang='lat' dir='ltr'><strong>annus,</strong></span> 
     </span>
    </p>
   </div>
   <div class='ocr_carea' id='block_1_48' title="bbox 2177 2064 3746 2133">
    <p class='ocr_par' dir='ltr' id='par_1_48' title="bbox 2177 2064 3746 2133">
     <span class='ocr_line' id='line_1_48' title="bbox 2177 2064 3746 2133; baseline -0.004 -11"><span class='ocrx_word' id='word_1_330' title='bbox 2177 2069 2224 2123; x_wconf 85' lang='lat' dir='ltr'><strong>si</strong></span> <span class='ocrx_word' id='word_1_331' title='bbox 2260 2068 2329 2121; x_wconf 90' lang='lat' dir='ltr'><strong>ab</strong></span> <span class='ocrx_word' id='word_1_332' title='bbox 2354 2081 2541 2120; x_wconf 85' lang='lat' dir='ltr'><strong>eorum</strong></span> <span class='ocrx_word' id='word_1_333' title='bbox 2576 2066 2778 2133; x_wconf 88' lang='lat' dir='ltr'><strong>aliquo,</strong></span> <span class='ocrx_word' id='word_1_334' title='bbox 2810 2080 2945 2133; x_wconf 90' lang='lat' dir='ltr'><strong>quos</strong></span> <span class='ocrx_word' id='word_1_335' title='bbox 2978 2064 3255 2118; x_wconf 78' lang='lat' dir='ltr'><strong>bisextiles</strong></span> <span class='ocrx_word' id='word_1_336' title='bbox 3282 2072 3397 2116; x_wconf 89' lang='lat' dir='ltr'><strong>tam</strong></span> <span class='ocrx_word' id='word_1_337' title='bbox 3440 2064 3583 2132; x_wconf 90' lang='lat' dir='ltr'><strong>ipse,</strong></span> <span class='ocrx_word' id='word_1_338' title='bbox 3608 2079 3746 2132; x_wconf 79' lang='lat' dir='ltr'><strong>quam</strong></span> 
     </span>
    </p>
   </div>
   <div class='ocr_carea' id='block_1_49' title="bbox 2176 2155 3745 2228">
    <p class='ocr_par' dir='ltr' id='par_1_49' title="bbox 2176 2155 3745 2228">
     <span class='ocr_line' id='line_1_49' title="bbox 2176 2155 3745 2228; baseline -0.003 -16"><span class='ocrx_word' id='word_1_339' title='bbox 2176 2158 2464 2228; x_wconf 87' lang='lat' dir='ltr'><strong>posteritas</strong></span> <span class='ocrx_word' id='word_1_340' title='bbox 2505 2156 2686 2209; x_wconf 90' lang='lat' dir='ltr'><strong>omnis</strong></span> <span class='ocrx_word' id='word_1_341' title='bbox 2721 2155 2928 2219; x_wconf 87' lang='lat' dir='ltr'><strong>habuit,</strong></span> <span class='ocrx_word' id='word_1_342' title='bbox 2970 2165 3117 2208; x_wconf 90' lang='lat' dir='ltr'><strong>retro</strong></span> <span class='ocrx_word' id='word_1_343' title='bbox 3159 2170 3449 2218; x_wconf 86' lang='lat' dir='ltr'><strong>numeres,</strong></span> <span class='ocrx_word' id='word_1_344' title='bbox 3506 2169 3745 2222; x_wconf 77' lang='lat' dir='ltr'><strong>negamus</strong></span> 
     </span>
    </p>
   </div>
   <div class='ocr_carea' id='block_1_50' title="bbox 2176 2246 3747 2317">
    <p class='ocr_par' dir='ltr' id='par_1_50' title="bbox 2176 2246 3747 2317">
     <span class='ocr_line' id='line_1_50' title="bbox 2176 2246 3747 2317; baseline -0.001 -14"><span class='ocrx_word' id='word_1_345' title='bbox 2176 2257 2513 2313; x_wconf 87' lang='lat' dir='ltr'><strong>constanter,</strong></span> <span class='ocrx_word' id='word_1_346' title='bbox 2560 2247 2871 2302; x_wconf 78' lang='lat' dir='ltr'><strong>bisextilem</strong></span> <span class='ocrx_word' id='word_1_347' title='bbox 2905 2262 3029 2301; x_wconf 92' lang='lat' dir='ltr'><strong>eum</strong></span> <span class='ocrx_word' id='word_1_348' title='bbox 3062 2262 3203 2311; x_wconf 89' lang='lat' dir='ltr'><strong>esse,</strong></span> <span class='ocrx_word' id='word_1_349' title='bbox 3252 2262 3367 2317; x_wconf 90' lang='lat' dir='ltr'><strong>quo</strong></span> <span class='ocrx_word' id='word_1_350' title='bbox 3402 2246 3685 2301; x_wconf 81' lang='lat' dir='ltr'><strong>Christum</strong></span> <span class='ocrx_word' id='word_1_351' title='bbox 3708 2252 3747 2301; x_wconf 83' lang='lat' dir='ltr'><strong>in</strong></span> 
     </span>
    </p>
   </div>
   <div class='ocr_carea' id='block_1_51' title="bbox 2178 2338 3750 2395">
    <p class='ocr_par' dir='ltr' id='par_1_51' title="bbox 2178 2338 3750 2395">
     <span class='ocr_line' id='line_1_51' title="bbox 2178 2338 3750 2395; baseline -0.002 0"><span class='ocrx_word' id='word_1_352' title='bbox 2178 2342 2351 2395; x_wconf 91' lang='lat' dir='ltr'><strong>lucem</strong></span> <span class='ocrx_word' id='word_1_353' title='bbox 2381 2341 2584 2395; x_wconf 89' lang='lat' dir='ltr'><strong>editum</strong></span> <span class='ocrx_word' id='word_1_354' title='bbox 2611 2339 2839 2393; x_wconf 79' lang='lat' dir='ltr'><strong>Annales</strong></span> <span class='ocrx_word' id='word_1_355' title='bbox 2867 2339 3208 2393; x_wconf 78' lang='lat' dir='ltr'><strong>ecclesiastici</strong></span> <span class='ocrx_word' id='word_1_356' title='bbox 3240 2340 3604 2394; x_wconf 84' lang='lat' dir='ltr'><strong>conﬁrmant.</strong></span> <span class='ocrx_word' id='word_1_357' title='bbox 3651 2338 3750 2392; x_wconf 70' lang='lat' dir='ltr'><strong>Fuit</strong></span> 
     </span>
    </p>
   </div>
   <div class='ocr_carea' id='block_1_52' title="bbox 2178 2430 3750 2501">
    <p class='ocr_par' dir='ltr' id='par_1_52' title="bbox 2178 2430 3750 2501">
     <span class='ocr_line' id='line_1_52' title="bbox 2178 2430 3750 2501; baseline -0.002 -14"><span class='ocrx_word' id='word_1_358' title='bbox 2178 2433 2267 2488; x_wconf 88' lang='lat' dir='ltr'><strong>hic</strong></span> <span class='ocrx_word' id='word_1_359' title='bbox 2296 2431 2546 2487; x_wconf 89' lang='lat' dir='ltr'><strong>Julianus</strong></span> <span class='ocrx_word' id='word_1_360' title='bbox 2592 2431 2683 2497; x_wconf 72' lang='grc'><strong>45,</strong></span> <span class='ocrx_word' id='word_1_361' title='bbox 2729 2432 2820 2500; x_wconf 83' lang='grc' dir='ltr'><strong>(ιυί</strong></span> <span class='ocrx_word' id='word_1_362' title='bbox 2874 2430 3208 2501; x_wconf 88' lang='lat' dir='ltr'><strong>Olympiadis</strong></span> <span class='ocrx_word' id='word_1_363' title='bbox 3256 2431 3363 2485; x_wconf 63' lang='grc'>191</span> <span class='ocrx_word' id='word_1_364' title='bbox 3415 2446 3570 2485; x_wconf 90' lang='lat' dir='ltr'><strong>anno</strong></span> <span class='ocrx_word' id='word_1_365' title='bbox 3600 2434 3750 2501; x_wconf 77' lang='lat' dir='ltr'><strong>primo</strong></span> 
     </span>
    </p>
   </div>
   <div class='ocr_carea' id='block_1_53' title="bbox 2176 2524 3751 2594">
    <p class='ocr_par' dir='ltr' id='par_1_53' title="bbox 2176 2524 3751 2594">
     <span class='ocr_line' id='line_1_53' title="bbox 2176 2524 3751 2594; baseline -0.001 -15"><span class='ocrx_word' id='word_1_366' title='bbox 2176 2526 2392 2580; x_wconf 89' lang='lat' dir='ltr'><strong>labente</strong></span> <span class='ocrx_word' id='word_1_367' title='bbox 2425 2526 2607 2594; x_wconf 83' lang='lat' dir='ltr'><strong>coepit,</strong></span> <span class='ocrx_word' id='word_1_368' title='bbox 2645 2526 2712 2579; x_wconf 91' lang='lat' dir='ltr'><strong>ab</strong></span> <span class='ocrx_word' id='word_1_369' title='bbox 2750 2524 2892 2580; x_wconf 89' lang='lat' dir='ltr'><strong>Urbe</strong></span> <span class='ocrx_word' id='word_1_370' title='bbox 2928 2526 3147 2579; x_wconf 89' lang='lat' dir='ltr'><strong>condita</strong></span> <span class='ocrx_word' id='word_1_371' title='bbox 3190 2541 3255 2579; x_wconf 82' lang='lat' dir='ltr'><strong>ex</strong></span> <span class='ocrx_word' id='word_1_372' title='bbox 3292 2525 3646 2579; x_wconf 81' lang='lat' dir='ltr'><strong>Varroniana</strong></span> <span class='ocrx_word' id='word_1_373' title='bbox 3677 2543 3751 2593; x_wconf 72' lang='lat' dir='ltr'><strong>pa-</strong></span> 
     </span>
    </p>
   </div>
   <div class='ocr_carea' id='block_1_54' title="bbox 2178 2616 3749 2689">
    <p class='ocr_par' dir='ltr' id='par_1_54' title="bbox 2178 2616 3749 2689">
     <span class='ocr_line' id='line_1_54' title="bbox 2178 2616 3749 2689; baseline 0 -18"><span class='ocrx_word' id='word_1_374' title='bbox 2178 2618 2383 2671; x_wconf 88' lang='lat' dir='ltr'><strong>tatione</strong></span> <span class='ocrx_word' id='word_1_375' title='bbox 2417 2618 2540 2673; x_wconf 82' lang='grc'><strong>751.</strong></span> <span class='ocrx_word' id='word_1_376' title='bbox 2600 2616 2657 2671; x_wconf 89' lang='lat' dir='ltr'><strong>1n</strong></span> <span class='ocrx_word' id='word_1_377' title='bbox 2706 2616 2923 2672; x_wconf 92' lang='lat' dir='ltr'><strong>Juliana</strong></span> <span class='ocrx_word' id='word_1_378' title='bbox 2973 2634 3135 2687; x_wconf 93' lang='lat' dir='ltr'><strong>porro</strong></span> <span class='ocrx_word' id='word_1_379' title='bbox 3181 2620 3438 2689; x_wconf 89' lang='lat' dir='ltr'><strong>periodo,</strong></span> <span class='ocrx_word' id='word_1_380' title='bbox 3473 2636 3584 2689; x_wconf 83' lang='lat' dir='ltr'><strong>qua</strong></span> <span class='ocrx_word' id='word_1_381' title='bbox 3641 2622 3749 2673; x_wconf 80' lang='lat' dir='ltr'><strong>nihil</strong></span> 
     </span>
    </p>
   </div>
   <div class='ocr_carea' id='block_1_55' title="bbox 2179 2709 3747 2781">
    <p class='ocr_par' dir='ltr' id='par_1_55' title="bbox 2179 2709 3747 2781">
     <span class='ocr_line' id='line_1_55' title="bbox 2179 2709 3747 2781; baseline 0 -18"><span class='ocrx_word' id='word_1_382' title='bbox 2179 2711 2245 2763; x_wconf 87' lang='lat' dir='ltr'><strong>ad</strong></span> <span class='ocrx_word' id='word_1_383' title='bbox 2267 2709 2637 2765; x_wconf 77' lang='lat' dir='ltr'><strong>extricandam</strong></span> <span class='ocrx_word' id='word_1_384' title='bbox 2667 2710 3072 2779; x_wconf 80' lang='lat' dir='ltr'><strong>chronologiam</strong></span> <span class='ocrx_word' id='word_1_385' title='bbox 3096 2712 3436 2781; x_wconf 80' lang='lat' dir='ltr'><strong>expeditius,</strong></span> <span class='ocrx_word' id='word_1_386' title='bbox 3463 2728 3573 2764; x_wconf 88' lang='lat' dir='ltr'><strong>non</strong></span> <span class='ocrx_word' id='word_1_387' title='bbox 3604 2713 3747 2764; x_wconf 84' lang='lat' dir='ltr'><strong>alium</strong></span> 
     </span>
    </p>
   </div>
   <div class='ocr_carea' id='block_1_56' title="bbox 2178 2802 3751 2873">
    <p class='ocr_par' dir='ltr' id='par_1_56' title="bbox 2178 2802 3751 2873">
     <span class='ocr_line' id='line_1_56' title="bbox 2178 2802 3751 2873; baseline 0.002 -19"><span class='ocrx_word' id='word_1_388' title='bbox 2178 2816 2380 2855; x_wconf 86' lang='lat' dir='ltr'><strong>annum</strong></span> <span class='ocrx_word' id='word_1_389' title='bbox 2429 2810 2678 2872; x_wconf 85' lang='lat' dir='ltr'><strong>occupat,</strong></span> <span class='ocrx_word' id='word_1_390' title='bbox 2727 2818 2891 2872; x_wconf 88' lang='lat' dir='ltr'><strong>quam</strong></span> <span class='ocrx_word' id='word_1_391' title='bbox 2930 2802 3092 2867; x_wconf 73' lang='lat' dir='ltr'><strong>47H,</strong></span> <span class='ocrx_word' id='word_1_392' title='bbox 3154 2803 3308 2873; x_wconf 83' lang='lat' dir='ltr'><strong>cyclo</strong></span> <span class='ocrx_word' id='word_1_393' title='bbox 3351 2805 3494 2858; x_wconf 89' lang='lat' dir='ltr'><strong>solis</strong></span> <span class='ocrx_word' id='word_1_394' title='bbox 3524 2804 3575 2865; x_wconf 91' lang='lat'><strong>7,</strong></span> <span class='ocrx_word' id='word_1_395' title='bbox 3636 2805 3751 2857; x_wconf 69' lang='lat' dir='ltr'><strong>Iun:</strong></span> 
     </span>
    </p>
   </div>
   <div class='ocr_carea' id='block_1_57' title="bbox 2179 2894 3749 2965">
    <p class='ocr_par' dir='ltr' id='par_1_57' title="bbox 2179 2894 3749 2965">
     <span class='ocr_line' id='line_1_57' title="bbox 2179 2894 3749 2965; baseline -0.001 -14"><span class='ocrx_word' id='word_1_396' title='bbox 2179 2898 2267 2963; x_wconf 90' lang='grc'>18,</span> <span class='ocrx_word' id='word_1_397' title='bbox 2321 2896 2506 2951; x_wconf 75' lang='lat' dir='ltr'><strong>indiet.</strong></span> <span class='ocrx_word' id='word_1_398' title='bbox 2560 2898 2611 2959; x_wconf 98' lang='grc'><strong>1,</strong></span> <span class='ocrx_word' id='word_1_399' title='bbox 2658 2912 2688 2951; x_wconf 92' lang='lat' dir='ltr'><strong>a</strong></span> <span class='ocrx_word' id='word_1_400' title='bbox 2742 2896 3023 2960; x_wconf 85' lang='lat' dir='ltr'><strong>Januario,</strong></span> <span class='ocrx_word' id='word_1_401' title='bbox 3092 2912 3123 2950; x_wconf 89' lang='lat' dir='ltr'><strong>a</strong></span> <span class='ocrx_word' id='word_1_402' title='bbox 3166 2894 3484 2965; x_wconf 86' lang='lat' dir='ltr'><strong>Septembri</strong></span> <span class='ocrx_word' id='word_1_403' title='bbox 3532 2914 3659 2950; x_wconf 85' lang='lat' dir='ltr'><strong>vero</strong></span> <span class='ocrx_word' id='word_1_404' title='bbox 3709 2897 3749 2949; x_wconf 73' lang='grc' dir='ltr'><strong>Ξ..</strong></span> 
     </span>
    </p>
   </div>
   <div class='ocr_carea' id='block_1_58' title="bbox 2178 2989 3753 3059">
    <p class='ocr_par' dir='ltr' id='par_1_58' title="bbox 2178 2989 3753 3059">
     <span class='ocr_line' id='line_1_58' title="bbox 2178 2989 3753 3059; baseline 0.001 -16"><span class='ocrx_word' id='word_1_405' title='bbox 2178 2989 2332 3057; x_wconf 84' lang='lat' dir='ltr'><strong>Quod</strong></span> <span class='ocrx_word' id='word_1_406' title='bbox 2361 2990 2582 3059; x_wconf 85' lang='lat' dir='ltr'><strong>quidem</strong></span> <span class='ocrx_word' id='word_1_407' title='bbox 2632 3004 2739 3043; x_wconf 93' lang='lat' dir='ltr'><strong>non</strong></span> <span class='ocrx_word' id='word_1_408' title='bbox 2778 2990 3113 3059; x_wconf 86' lang='lat' dir='ltr'><strong>conjectura,</strong></span> <span class='ocrx_word' id='word_1_409' title='bbox 3147 2991 3240 3043; x_wconf 87' lang='lat' dir='ltr'><strong>sed</strong></span> <span class='ocrx_word' id='word_1_410' title='bbox 3289 2991 3753 3044; x_wconf 76' lang='lat' dir='ltr'><strong>demonstratione</strong></span> 
     </span>
    </p>
   </div>
   <div class='ocr_carea' id='block_1_59' title="bbox 2179 3079 3752 3151">
    <p class='ocr_par' dir='ltr' id='par_1_59' title="bbox 2179 3079 3752 3151">
     <span class='ocr_line' id='line_1_59' title="bbox 2179 3079 3752 3151; baseline -0.001 -14"><span class='ocrx_word' id='word_1_411' title='bbox 2179 3084 2387 3137; x_wconf 89' lang='lat' dir='ltr'><strong>nititur.</strong></span> <span class='ocrx_word' id='word_1_412' title='bbox 2426 3082 2668 3138; x_wconf 81' lang='lat' dir='ltr'><strong>Mortuus</strong></span> <span class='ocrx_word' id='word_1_413' title='bbox 2695 3095 2779 3137; x_wconf 81' lang='lat' dir='ltr'><strong>est</strong></span> <span class='ocrx_word' id='word_1_414' title='bbox 2820 3082 3098 3151; x_wconf 90' lang='lat' dir='ltr'><strong>Augustus</strong></span> <span class='ocrx_word' id='word_1_415' title='bbox 3131 3079 3313 3136; x_wconf 77' lang='lat' dir='ltr'><strong>Sextis</strong></span> <span class='ocrx_word' id='word_1_416' title='bbox 3341 3083 3566 3137; x_wconf 89' lang='lat' dir='ltr'><strong>duobus</strong></span> <span class='ocrx_word' id='word_1_417' title='bbox 3602 3098 3752 3142; x_wconf 69' lang='lat' dir='ltr'><strong>coss.</strong></span> 
     </span>
    </p>
   </div>
   <div class='ocr_carea' id='block_1_60' title="bbox 2181 3175 3749 3244">
    <p class='ocr_par' dir='ltr' id='par_1_60' title="bbox 2181 3175 3749 3244">
     <span class='ocr_line' id='line_1_60' title="bbox 2181 3175 3749 3244; baseline 0 -16"><span class='ocrx_word' id='word_1_418' title='bbox 2181 3186 2238 3229; x_wconf 91' lang='lat' dir='ltr'><strong>ut</strong></span> <span class='ocrx_word' id='word_1_419' title='bbox 2294 3175 2535 3227; x_wconf 88' lang='lat' dir='ltr'><strong>omnium</strong></span> <span class='ocrx_word' id='word_1_420' title='bbox 2583 3191 2852 3229; x_wconf 51' lang='lat' dir='ltr'><strong>consensu</strong></span> <span class='ocrx_word' id='word_1_421' title='bbox 2904 3175 3404 3244; x_wconf 81' lang='lat' dir='ltr'><strong>exploratissimum</strong></span> <span class='ocrx_word' id='word_1_422' title='bbox 3464 3184 3573 3237; x_wconf 87' lang='lat' dir='ltr'><strong>est,</strong></span> <span class='ocrx_word' id='word_1_423' title='bbox 3626 3194 3749 3228; x_wconf 82' lang='lat' dir='ltr'><strong>anno</strong></span> 
     </span>
    </p>
   </div>
   <div class='ocr_carea' id='block_1_61' title="bbox 498 3243 3751 3332">
    <p class='ocr_par' dir='ltr' id='par_1_61' title="bbox 498 3243 3751 3332">
     <span class='ocr_line' id='line_1_61' title="bbox 498 3243 3751 3332; baseline -0 -12"><span class='ocrx_word' id='word_1_424' title='bbox 498 3274 629 3312; x_wconf 68' lang='lat' dir='ltr'><strong>ltum</strong></span> <span class='ocrx_word' id='word_1_425' title='bbox 682 3258 743 3313; x_wconf 74' lang='lat'><strong>5|</strong></span> <span class='ocrx_word' id='word_1_426' title='bbox 804 3259 1106 3314; x_wconf 67' lang='grc' dir='ltr'><strong>ὓῖεϐἰιὶιθιιι</strong></span> <span class='ocrx_word' id='word_1_427' title='bbox 1157 3260 1585 3324; x_wconf 69' lang='grc' dir='ltr'><strong>οοηεῑίῑυθΐθηιὲ</strong></span> <span class='ocrx_word' id='word_1_428' title='bbox 1641 3259 1708 3313; x_wconf 71' lang='lat' dir='ltr'><strong>de</strong></span> <span class='ocrx_word' id='word_1_429' title='bbox 1755 3274 1864 3329; x_wconf 74' lang='grc' dir='ltr'><strong>(1υο</strong></span> <span class='ocrx_word' id='word_1_430' title='bbox 1912 3243 2142 3327; x_wconf 58' lang='lat' dir='ltr'><strong>Pamoc</strong></span> <span class='ocrx_word' id='word_1_431' title='bbox 2183 3265 2342 3321; x_wconf 85' lang='lat' dir='ltr'><strong>Urbis</strong></span> <span class='ocrx_word' id='word_1_432' title='bbox 2399 3266 2519 3320; x_wconf 82' lang='lat'><strong>765.</strong></span> <span class='ocrx_word' id='word_1_433' title='bbox 2571 3266 2710 3321; x_wconf 85' lang='lat' dir='ltr'><strong>Ante</strong></span> <span class='ocrx_word' id='word_1_434' title='bbox 2759 3243 3102 3320; x_wconf 87' lang='lat' dir='ltr'><strong>consulatum</strong></span> <span class='ocrx_word' id='word_1_435' title='bbox 3154 3265 3478 3332; x_wconf 72' lang='lat' dir='ltr'><strong>Sextorum,</strong></span> <span class='ocrx_word' id='word_1_436' title='bbox 3531 3269 3579 3321; x_wconf 88' lang='lat' dir='ltr'><strong>si</strong></span> <span class='ocrx_word' id='word_1_437' title='bbox 3630 3279 3751 3319; x_wconf 84' lang='lat' dir='ltr'><strong>retro</strong></span> 
     </span>
    </p>
   </div>
   <div class='ocr_carea' id='block_1_62' title="bbox 498 3350 2076 3422">
    <p class='ocr_par' dir='ltr' id='par_1_62' title="bbox 498 3350 2076 3422">
     <span class='ocr_line' id='line_1_62' title="bbox 498 3350 2076 3422; baseline 0.001 -18"><span class='ocrx_word' id='word_1_438' title='bbox 498 3362 641 3420; x_wconf 89' lang='lat' dir='ltr'><strong>post.</strong></span> <span class='ocrx_word' id='word_1_439' title='bbox 676 3350 890 3407; x_wconf 89' lang='lat' dir='ltr'><strong>Interim</strong></span> <span class='ocrx_word' id='word_1_440' title='bbox 928 3352 1287 3422; x_wconf 90' lang='lat' dir='ltr'><strong>quadrantem</strong></span> <span class='ocrx_word' id='word_1_441' title='bbox 1341 3354 1513 3417; x_wconf 92' lang='lat' dir='ltr'><strong>illum,</strong></span> <span class='ocrx_word' id='word_1_442' title='bbox 1541 3368 1701 3422; x_wconf 90' lang='lat' dir='ltr'><strong>quem</strong></span> <span class='ocrx_word' id='word_1_443' title='bbox 1737 3367 1859 3407; x_wconf 87' lang='lat' dir='ltr'><strong>cum</strong></span> <span class='ocrx_word' id='word_1_444' title='bbox 1889 3351 2076 3406; x_wconf 90' lang='lat' dir='ltr'><strong>solidis</strong></span> 
     </span>
    </p>
   </div>
   <div class='ocr_carea' id='block_1_63' title="bbox 498 3440 2076 3512">
    <p class='ocr_par' dir='ltr' id='par_1_63' title="bbox 498 3440 2076 3512">
     <span class='ocr_line' id='line_1_63' title="bbox 498 3440 2076 3512; baseline 0.001 -17"><span class='ocrx_word' id='word_1_445' title='bbox 498 3443 691 3496; x_wconf 88' lang='lat' dir='ltr'><strong>diebus</strong></span> <span class='ocrx_word' id='word_1_446' title='bbox 751 3444 1127 3496; x_wconf 85' lang='lat' dir='ltr'><strong>intercalatum</strong></span> <span class='ocrx_word' id='word_1_447' title='bbox 1199 3440 1419 3498; x_wconf 88' lang='lat' dir='ltr'><strong>Solinus</strong></span> <span class='ocrx_word' id='word_1_448' title='bbox 1482 3443 1749 3512; x_wconf 88' lang='lat' dir='ltr'><strong>prodidit,</strong></span> <span class='ocrx_word' id='word_1_449' title='bbox 1816 3443 2076 3497; x_wconf 86' lang='lat' dir='ltr'><strong>attentius</strong></span> 
     </span>
    </p>
   </div>
   <div class='ocr_carea' id='block_1_64' title="bbox 496 3534 2076 3604">
    <p class='ocr_par' dir='ltr' id='par_1_64' title="bbox 496 3534 2076 3604">
     <span class='ocr_line' id='line_1_64' title="bbox 496 3534 2076 3604; baseline 0.001 -15"><span class='ocrx_word' id='word_1_450' title='bbox 496 3537 863 3604; x_wconf 77' lang='lat' dir='ltr'><strong>exploremus.</strong></span> <span class='ocrx_word' id='word_1_451' title='bbox 900 3534 1071 3591; x_wconf 91' lang='lat' dir='ltr'><strong>Solini</strong></span> <span class='ocrx_word' id='word_1_452' title='bbox 1098 3536 1264 3591; x_wconf 88' lang='lat' dir='ltr'><strong>verba</strong></span> <span class='ocrx_word' id='word_1_453' title='bbox 1292 3545 1441 3595; x_wconf 85' lang='lat' dir='ltr'><strong>sunt:</strong></span> <span class='ocrx_word' id='word_1_454' title='bbox 1474 3536 1542 3589; x_wconf 85' lang='lat' dir='ltr'><strong>Et</strong></span> <span class='ocrx_word' id='word_1_455' title='bbox 1572 3546 1628 3589; x_wconf 88' lang='lat' dir='ltr'><strong>ut</strong></span> <span class='ocrx_word' id='word_1_456' title='bbox 1657 3547 1851 3591; x_wconf 87' lang='lat' dir='ltr'><strong>statum</strong></span> <span class='ocrx_word' id='word_1_457' title='bbox 1875 3547 2076 3590; x_wconf 82' lang='lat' dir='ltr'><strong>certum</strong></span> 
     </span>
    </p>
   </div>
   <div class='ocr_carea' id='block_1_65' title="bbox 494 3630 2077 3701">
    <p class='ocr_par' dir='ltr' id='par_1_65' title="bbox 494 3630 2077 3701">
     <span class='ocr_line' id='line_1_65' title="bbox 494 3630 2077 3701; baseline -0.001 -20"><span class='ocrx_word' id='word_1_458' title='bbox 494 3632 795 3699; x_wconf 64' lang='lat' dir='ltr'><strong>praeteritus</strong></span> <span class='ocrx_word' id='word_1_459' title='bbox 847 3630 1105 3699; x_wconf 83' lang='lat' dir='ltr'><strong>acciperet</strong></span> <span class='ocrx_word' id='word_1_460' title='bbox 1151 3647 1330 3693; x_wconf 82' lang='lat' dir='ltr'><strong>error,</strong></span> <span class='ocrx_word' id='word_1_461' title='bbox 1374 3630 1485 3684; x_wconf 82' lang='lat' dir='ltr'><strong>dies</strong></span> <span class='ocrx_word' id='word_1_462' title='bbox 1518 3646 1608 3683; x_wconf 65' lang='grc' dir='ltr'>ιιι</span> <span class='ocrx_word' id='word_1_463' title='bbox 1638 3639 1687 3683; x_wconf 85' lang='lat' dir='ltr'><strong>et</strong></span> <span class='ocrx_word' id='word_1_464' title='bbox 1729 3631 2077 3701; x_wconf 85' lang='lat' dir='ltr'><strong>quadrantem</strong></span> 
     </span>
    </p>
   </div>
   <div class='ocr_carea' id='block_1_66' title="bbox 495 3721 2079 3792">
    <p class='ocr_par' dir='ltr' id='par_1_66' title="bbox 495 3721 2079 3792">
     <span class='ocr_line' id='line_1_66' title="bbox 495 3721 2079 3792; baseline -0.002 -17"><span class='ocrx_word' id='word_1_465' title='bbox 495 3721 659 3775; x_wconf 80' lang='lat' dir='ltr'><strong>simul</strong></span> <span class='ocrx_word' id='word_1_466' title='bbox 683 3722 1044 3785; x_wconf 84' lang='lat' dir='ltr'><strong>intercalavit,</strong></span> <span class='ocrx_word' id='word_1_467' title='bbox 1069 3730 1173 3777; x_wconf 91' lang='lat' dir='ltr'><strong>etc.</strong></span> <span class='ocrx_word' id='word_1_468' title='bbox 1202 3721 1290 3776; x_wconf 88' lang='lat' dir='ltr'><strong>Ille</strong></span> <span class='ocrx_word' id='word_1_469' title='bbox 1316 3737 1444 3792; x_wconf 91' lang='lat' dir='ltr'><strong>ergo</strong></span> <span class='ocrx_word' id='word_1_470' title='bbox 1476 3738 1653 3776; x_wconf 91' lang='lat' dir='ltr'><strong>annus</strong></span> <span class='ocrx_word' id='word_1_471' title='bbox 1683 3722 1832 3776; x_wconf 86' lang='lat' dir='ltr'><strong>solus</strong></span> <span class='ocrx_word' id='word_1_472' title='bbox 1858 3736 2079 3776; x_wconf 80' lang='lat' dir='ltr'><strong>cccxuv</strong></span> 
     </span>
    </p>
   </div>
   <div class='ocr_carea' id='block_1_67' title="bbox 449 3812 2079 3884">
    <p class='ocr_par' dir='ltr' id='par_1_67' title="bbox 449 3812 2079 3884">
     <span class='ocr_line' id='line_1_67' title="bbox 449 3812 2079 3884; baseline 0.001 -18"><span class='ocrx_word' id='word_1_473' title='bbox 449 3839 463 3847; x_wconf 92' lang='lat'><strong>--</strong></span> <span class='ocrx_word' id='word_1_474' title='bbox 495 3814 610 3868; x_wconf 86' lang='lat' dir='ltr'><strong>dies</strong></span> <span class='ocrx_word' id='word_1_475' title='bbox 635 3814 855 3881; x_wconf 89' lang='lat' dir='ltr'><strong>habuit;</strong></span> <span class='ocrx_word' id='word_1_476' title='bbox 876 3814 1239 3884; x_wconf 90' lang='lat' dir='ltr'><strong>aliideinceps</strong></span> <span class='ocrx_word' id='word_1_477' title='bbox 1264 3829 1465 3868; x_wconf 66' lang='grc' dir='ltr'><strong>ποιεῖν</strong></span> <span class='ocrx_word' id='word_1_478' title='bbox 1493 3823 1544 3867; x_wconf 92' lang='lat' dir='ltr'><strong>et</strong></span> <span class='ocrx_word' id='word_1_479' title='bbox 1577 3814 1951 3883; x_wconf 85' lang='lat' dir='ltr'><strong>quadrantem.</strong></span> <span class='ocrx_word' id='word_1_480' title='bbox 1976 3812 2079 3879; x_wconf 89' lang='lat' dir='ltr'><strong>Qui</strong></span> 
     </span>
    </p>
   </div>
   <div class='ocr_carea' id='block_1_68' title="bbox 500 3904 2080 3974">
    <p class='ocr_par' dir='ltr' id='par_1_68' title="bbox 500 3904 2080 3974">
     <span class='ocr_line' id='line_1_68' title="bbox 500 3904 2080 3974; baseline 0.001 -16"><span class='ocrx_word' id='word_1_481' title='bbox 500 3904 670 3959; x_wconf 90' lang='lat' dir='ltr'><strong>Solini</strong></span> <span class='ocrx_word' id='word_1_482' title='bbox 704 3905 879 3969; x_wconf 86' lang='lat' dir='ltr'><strong>locus,</strong></span> <span class='ocrx_word' id='word_1_483' title='bbox 917 3913 1011 3959; x_wconf 88' lang='lat' dir='ltr'><strong>aut</strong></span> <span class='ocrx_word' id='word_1_484' title='bbox 1056 3906 1267 3961; x_wconf 90' lang='lat' dir='ltr'><strong>inscitia</strong></span> <span class='ocrx_word' id='word_1_485' title='bbox 1312 3906 1677 3969; x_wconf 90' lang='lat' dir='ltr'><strong>librariorum,</strong></span> <span class='ocrx_word' id='word_1_486' title='bbox 1728 3915 1818 3959; x_wconf 90' lang='lat' dir='ltr'><strong>aut</strong></span> <span class='ocrx_word' id='word_1_487' title='bbox 1848 3909 2080 3974; x_wconf 83' lang='lat' dir='ltr'><strong>scripto-</strong></span> 
     </span>
    </p>
   </div>
   <div class='ocr_carea' id='block_1_69' title="bbox 496 3997 2079 4053">
    <p class='ocr_par' dir='ltr' id='par_1_69' title="bbox 496 3997 2079 4053">
     <span class='ocr_line' id='line_1_69' title="bbox 496 3997 2079 4053; baseline 0 -2"><span class='ocrx_word' id='word_1_488' title='bbox 496 4000 574 4053; x_wconf 89' lang='lat' dir='ltr'><strong>ris</strong></span> <span class='ocrx_word' id='word_1_489' title='bbox 624 3998 1053 4052; x_wconf 88' lang='lat' dir='ltr'><strong>hallucinatione</strong></span> <span class='ocrx_word' id='word_1_490' title='bbox 1089 3998 1228 4052; x_wconf 90' lang='lat' dir='ltr'><strong>male</strong></span> <span class='ocrx_word' id='word_1_491' title='bbox 1254 3998 1469 4052; x_wconf 89' lang='lat' dir='ltr'><strong>habitus</strong></span> <span class='ocrx_word' id='word_1_492' title='bbox 1500 4007 1601 4053; x_wconf 88' lang='lat' dir='ltr'><strong>est.</strong></span> <span class='ocrx_word' id='word_1_493' title='bbox 1641 3998 1829 4052; x_wconf 87' lang='lat' dir='ltr'><strong>Annus</strong></span> <span class='ocrx_word' id='word_1_494' title='bbox 1871 3997 2079 4051; x_wconf 67' lang='lat' dir='ltr'><strong>Coufu~</strong></span> 
     </span>
    </p>
   </div>
   <div class='ocr_carea' id='block_1_70' title="bbox 495 4090 2079 4160">
    <p class='ocr_par' dir='ltr' id='par_1_70' title="bbox 495 4090 2079 4160">
     <span class='ocr_line' id='line_1_70' title="bbox 495 4090 2079 4160; baseline -0.001 -15"><span class='ocrx_word' id='word_1_495' title='bbox 495 4090 667 4146; x_wconf 88' lang='lat' dir='ltr'><strong>sionis</strong></span> <span class='ocrx_word' id='word_1_496' title='bbox 697 4100 889 4159; x_wconf 63' lang='lat' dir='ltr'><strong>praeter</strong></span> <span class='ocrx_word' id='word_1_497' title='bbox 914 4090 1213 4146; x_wconf 89' lang='lat' dir='ltr'><strong>ordinarios</strong></span> <span class='ocrx_word' id='word_1_498' title='bbox 1232 4106 1415 4153; x_wconf 69' lang='lat' dir='ltr'><strong>ccccv,</strong></span> <span class='ocrx_word' id='word_1_499' title='bbox 1440 4092 1533 4160; x_wconf 89' lang='lat' dir='ltr'><strong>qui</strong></span> <span class='ocrx_word' id='word_1_500' title='bbox 1572 4091 1672 4145; x_wconf 80' lang='lat' dir='ltr'><strong>fuit</strong></span> <span class='ocrx_word' id='word_1_501' title='bbox 1700 4092 1823 4144; x_wconf 88' lang='lat' dir='ltr'><strong>anui</strong></span> <span class='ocrx_word' id='word_1_502' title='bbox 1849 4090 2079 4144; x_wconf 85' lang='lat' dir='ltr'><strong>Romani</strong></span> 
     </span>
    </p>
   </div>
   <div class='ocr_carea' id='block_1_71' title="bbox 498 4184 2075 4250">
    <p class='ocr_par' dir='ltr' id='par_1_71' title="bbox 498 4184 2075 4250">
     <span class='ocr_line' id='line_1_71' title="bbox 498 4184 2075 4250; baseline 0 -11"><span class='ocrx_word' id='word_1_503' title='bbox 498 4186 714 4250; x_wconf 85' lang='lat' dir='ltr'><strong>modus,</strong></span> <span class='ocrx_word' id='word_1_504' title='bbox 744 4184 860 4240; x_wconf 85' lang='lat' dir='ltr'><strong>dies</strong></span> <span class='ocrx_word' id='word_1_505' title='bbox 884 4185 1075 4240; x_wconf 90' lang='lat' dir='ltr'><strong>habuit</strong></span> <span class='ocrx_word' id='word_1_506' title='bbox 1110 4186 1370 4241; x_wconf 88' lang='lat' dir='ltr'><strong>insititios</strong></span> <span class='ocrx_word' id='word_1_507' title='bbox 1402 4201 1566 4250; x_wconf 80' lang='lat' dir='ltr'><strong>van,</strong></span> <span class='ocrx_word' id='word_1_508' title='bbox 1602 4194 1659 4239; x_wconf 92' lang='lat' dir='ltr'><strong>ut</strong></span> <span class='ocrx_word' id='word_1_509' title='bbox 1690 4184 1788 4240; x_wconf 90' lang='lat' dir='ltr'><strong>Dio</strong></span> <span class='ocrx_word' id='word_1_510' title='bbox 1824 4194 2075 4240; x_wconf 89' lang='lat' dir='ltr'><strong>testatur.</strong></span> 
     </span>
    </p>
   </div>
   <div class='ocr_carea' id='block_1_72' title="bbox 498 4276 2077 4348">
    <p class='ocr_par' dir='ltr' id='par_1_72' title="bbox 498 4276 2077 4348">
     <span class='ocr_line' id='line_1_72' title="bbox 498 4276 2077 4348; baseline -0.002 -15"><span class='ocrx_word' id='word_1_511' title='bbox 498 4276 594 4333; x_wconf 82' lang='lat' dir='ltr'><strong>His</strong></span> <span class='ocrx_word' id='word_1_512' title='bbox 643 4278 689 4332; x_wconf 88' lang='lat' dir='ltr'><strong>si</strong></span> <span class='ocrx_word' id='word_1_513' title='bbox 734 4278 1137 4333; x_wconf 88' lang='lat' dir='ltr'><strong>intercalarium</strong></span> <span class='ocrx_word' id='word_1_514' title='bbox 1187 4277 1594 4333; x_wconf 81' lang='lat' dir='ltr'><strong>Merkedonium</strong></span> <span class='ocrx_word' id='word_1_515' title='bbox 1638 4294 1950 4342; x_wconf 91' lang='lat' dir='ltr'><strong>accenseas,</strong></span> <span class='ocrx_word' id='word_1_516' title='bbox 1985 4278 2077 4348; x_wconf 88' lang='lat' dir='ltr'><strong>qui</strong></span> 
     </span>
    </p>
   </div>
   <div class='ocr_carea' id='block_1_73' title="bbox 497 4372 2077 4436">
    <p class='ocr_par' dir='ltr' id='par_1_73' title="bbox 497 4372 2077 4436">
     <span class='ocr_line' id='line_1_73' title="bbox 497 4372 2077 4436; baseline 0.002 -13"><span class='ocrx_word' id='word_1_517' title='bbox 497 4372 844 4425; x_wconf 88' lang='lat' dir='ltr'><strong>commodum</strong></span> <span class='ocrx_word' id='word_1_518' title='bbox 875 4372 926 4424; x_wconf 93' lang='lat' dir='ltr'><strong>in</strong></span> <span class='ocrx_word' id='word_1_519' title='bbox 962 4388 1085 4425; x_wconf 91' lang='lat' dir='ltr'><strong>eum</strong></span> <span class='ocrx_word' id='word_1_520' title='bbox 1114 4387 1317 4425; x_wconf 91' lang='lat' dir='ltr'><strong>annum</strong></span> <span class='ocrx_word' id='word_1_521' title='bbox 1368 4373 1671 4436; x_wconf 90' lang='lat' dir='ltr'><strong>inciderat,</strong></span> <span class='ocrx_word' id='word_1_522' title='bbox 1704 4388 1920 4427; x_wconf 89' lang='lat' dir='ltr'><strong>summa</strong></span> <span class='ocrx_word' id='word_1_523' title='bbox 1958 4372 2077 4427; x_wconf 86' lang='lat' dir='ltr'><strong>die-</strong></span> 
     </span>
    </p>
   </div>
   <div class='ocr_carea' id='block_1_74' title="bbox 498 4462 2079 4528">
    <p class='ocr_par' dir='ltr' id='par_1_74' title="bbox 498 4462 2079 4528">
     <span class='ocr_line' id='line_1_74' title="bbox 498 4462 2079 4528; baseline 0.004 -15"><span class='ocrx_word' id='word_1_524' title='bbox 498 4475 621 4516; x_wconf 90' lang='lat' dir='ltr'><strong>rum</strong></span> <span class='ocrx_word' id='word_1_525' title='bbox 653 4462 961 4516; x_wconf 90' lang='lat' dir='ltr'><strong>additorum</strong></span> <span class='ocrx_word' id='word_1_526' title='bbox 1012 4473 1095 4517; x_wconf 77' lang='lat' dir='ltr'><strong>est</strong></span> <span class='ocrx_word' id='word_1_527' title='bbox 1125 4479 1212 4528; x_wconf 77' lang='lat' dir='ltr'><strong>xc,</strong></span> <span class='ocrx_word' id='word_1_528' title='bbox 1260 4464 1305 4519; x_wconf 91' lang='lat' dir='ltr'><strong>si</strong></span> <span class='ocrx_word' id='word_1_529' title='bbox 1352 4463 1732 4519; x_wconf 83' lang='lat' dir='ltr'><strong>Merkedonius</strong></span> <span class='ocrx_word' id='word_1_530' title='bbox 1776 4481 1915 4519; x_wconf 77' lang='lat' dir='ltr'><strong>xxur</strong></span> <span class='ocrx_word' id='word_1_531' title='bbox 1948 4483 1959 4517; x_wconf 92' lang='lat'><strong>:</strong></span> <span class='ocrx_word' id='word_1_532' title='bbox 1994 4464 2079 4519; x_wconf 85' lang='lat' dir='ltr'><strong>vel</strong></span> 
     </span>
    </p>
   </div>
   <div class='ocr_carea' id='block_1_75' title="bbox 2180 3359 3750 3429">
    <p class='ocr_par' dir='ltr' id='par_1_75' title="bbox 2180 3359 3750 3429">
     <span class='ocr_line' id='line_1_75' title="bbox 2180 3359 3750 3429; baseline -0.001 -16"><span class='ocrx_word' id='word_1_533' title='bbox 2180 3375 2452 3423; x_wconf 85' lang='lat' dir='ltr'><strong>numeres,</strong></span> <span class='ocrx_word' id='word_1_534' title='bbox 2485 3359 2634 3429; x_wconf 86' lang='lat' dir='ltr'><strong>paria</strong></span> <span class='ocrx_word' id='word_1_535' title='bbox 2670 3370 2796 3413; x_wconf 91' lang='lat' dir='ltr'><strong>sunt</strong></span> <span class='ocrx_word' id='word_1_536' title='bbox 2827 3359 3052 3413; x_wconf 91' lang='lat' dir='ltr'><strong>omnino</strong></span> <span class='ocrx_word' id='word_1_537' title='bbox 3082 3360 3373 3413; x_wconf 90' lang='lat' dir='ltr'><strong>consulum</strong></span> <span class='ocrx_word' id='word_1_538' title='bbox 3408 3376 3541 3426; x_wconf 74' lang='lat' dir='ltr'><strong>xvi;</strong></span> <span class='ocrx_word' id='word_1_539' title='bbox 3590 3361 3750 3429; x_wconf 84' lang='lat' dir='ltr'><strong>proin-</strong></span> 
     </span>
    </p>
   </div>
   <div class='ocr_carea' id='block_1_76' title="bbox 2179 3451 3748 3521">
    <p class='ocr_par' dir='ltr' id='par_1_76' title="bbox 2179 3451 3748 3521">
     <span class='ocr_line' id='line_1_76' title="bbox 2179 3451 3748 3521; baseline -0.003 -13"><span class='ocrx_word' id='word_1_540' title='bbox 2179 3454 2351 3521; x_wconf 89' lang='lat' dir='ltr'><strong>deque</strong></span> <span class='ocrx_word' id='word_1_541' title='bbox 2399 3452 2464 3505; x_wconf 88' lang='grc'>16</span> <span class='ocrx_word' id='word_1_542' title='bbox 2522 3466 2724 3505; x_wconf 86' lang='lat' dir='ltr'><strong>annum</strong></span> <span class='ocrx_word' id='word_1_543' title='bbox 2786 3451 3111 3506; x_wconf 89' lang='lat' dir='ltr'><strong>anteriorem</strong></span> <span class='ocrx_word' id='word_1_544' title='bbox 3183 3463 3462 3521; x_wconf 89' lang='lat' dir='ltr'><strong>occupant</strong></span> <span class='ocrx_word' id='word_1_545' title='bbox 3508 3452 3748 3507; x_wconf 71' lang='lat' dir='ltr'><strong>Lentulus</strong></span> 
     </span>
    </p>
   </div>
   <div class='ocr_carea' id='block_1_77' title="bbox 2179 3543 3746 3613">
    <p class='ocr_par' dir='ltr' id='par_1_77' title="bbox 2179 3543 3746 3613">
     <span class='ocr_line' id='line_1_77' title="bbox 2179 3543 3746 3613; baseline -0.001 -14"><span class='ocrx_word' id='word_1_546' title='bbox 2179 3554 2233 3599; x_wconf 91' lang='lat' dir='ltr'><strong>et</strong></span> <span class='ocrx_word' id='word_1_547' title='bbox 2266 3543 2610 3598; x_wconf 80' lang='lat' dir='ltr'><strong>Marcellinus</strong></span> <span class='ocrx_word' id='word_1_548' title='bbox 2637 3560 2779 3597; x_wconf 83' lang='lat' dir='ltr'><strong>coss.</strong></span> <span class='ocrx_word' id='word_1_549' title='bbox 2810 3543 3041 3613; x_wconf 84' lang='lat' dir='ltr'><strong>Insignis</strong></span> <span class='ocrx_word' id='word_1_550' title='bbox 3074 3559 3235 3612; x_wconf 87' lang='lat' dir='ltr'><strong>porro</strong></span> <span class='ocrx_word' id='word_1_551' title='bbox 3270 3560 3455 3598; x_wconf 89' lang='lat' dir='ltr'><strong>annus</strong></span> <span class='ocrx_word' id='word_1_552' title='bbox 3487 3546 3577 3599; x_wconf 88' lang='lat' dir='ltr'><strong>ille</strong></span> <span class='ocrx_word' id='word_1_553' title='bbox 3612 3562 3746 3597; x_wconf 82' lang='lat' dir='ltr'><strong>mor-</strong></span> 
     </span>
    </p>
   </div>
   <div class='ocr_carea' id='block_1_78' title="bbox 2182 3638 3745 3710">
    <p class='ocr_par' dir='ltr' id='par_1_78' title="bbox 2182 3638 3745 3710">
     <span class='ocr_line' id='line_1_78' title="bbox 2182 3638 3745 3710; baseline -0.003 -16"><span class='ocrx_word' id='word_1_554' title='bbox 2182 3642 2250 3695; x_wconf 83' lang='lat' dir='ltr'><strong>tis</strong></span> <span class='ocrx_word' id='word_1_555' title='bbox 2275 3640 2502 3710; x_wconf 81' lang='lat' dir='ltr'><strong>Augusti</strong></span> <span class='ocrx_word' id='word_1_556' title='bbox 2542 3640 2643 3693; x_wconf 81' lang='lat' dir='ltr'><strong>fuit</strong></span> <span class='ocrx_word' id='word_1_557' title='bbox 2670 3640 2811 3694; x_wconf 67' lang='lat' dir='ltr'><strong>luna:</strong></span> <span class='ocrx_word' id='word_1_558' title='bbox 2850 3638 3109 3708; x_wconf 87' lang='lat' dir='ltr'><strong>deliquio,</strong></span> <span class='ocrx_word' id='word_1_559' title='bbox 3137 3639 3280 3708; x_wconf 90' lang='lat' dir='ltr'><strong>quod</strong></span> <span class='ocrx_word' id='word_1_560' title='bbox 3305 3639 3377 3693; x_wconf 74' lang='grc'><strong>4⁸)</strong></span> <span class='ocrx_word' id='word_1_561' title='bbox 3411 3638 3503 3693; x_wconf 90' lang='lat' dir='ltr'><strong>die</strong></span> <span class='ocrx_word' id='word_1_562' title='bbox 3549 3639 3619 3691; x_wconf 83' lang='lat' dir='ltr'><strong>ab</strong></span> <span class='ocrx_word' id='word_1_563' title='bbox 3648 3644 3745 3703; x_wconf 75' lang='lat' dir='ltr'><strong>ejus</strong></span> 
     </span>
    </p>
   </div>
   <div class='ocr_carea' id='block_1_79' title="bbox 2180 3732 3743 3802">
    <p class='ocr_par' dir='ltr' id='par_1_79' title="bbox 2180 3732 3743 3802">
     <span class='ocr_line' id='line_1_79' title="bbox 2180 3732 3743 3802; baseline -0.004 -14"><span class='ocrx_word' id='word_1_564' title='bbox 2180 3734 2327 3788; x_wconf 91' lang='lat' dir='ltr'><strong>obitu</strong></span> <span class='ocrx_word' id='word_1_565' title='bbox 2372 3734 2669 3802; x_wconf 74' lang='lat' dir='ltr'><strong>contigisse</strong></span> <span class='ocrx_word' id='word_1_566' title='bbox 2714 3733 2853 3786; x_wconf 86' lang='lat' dir='ltr'><strong>inter</strong></span> <span class='ocrx_word' id='word_1_567' title='bbox 2899 3733 3263 3800; x_wconf 86' lang='lat' dir='ltr'><strong>chronologos</strong></span> <span class='ocrx_word' id='word_1_568' title='bbox 3318 3740 3559 3794; x_wconf 76' lang='lat' dir='ltr'><strong>conStat,</strong></span> <span class='ocrx_word' id='word_1_569' title='bbox 3609 3732 3743 3797; x_wconf 67' lang='lat' dir='ltr'><strong>idque</strong></span> 
     </span>
    </p>
   </div>
   <div class='ocr_carea' id='block_1_80' title="bbox 2180 3822 3743 3896">
    <p class='ocr_par' dir='ltr' id='par_1_80' title="bbox 2180 3822 3743 3896">
     <span class='ocr_line' id='line_1_80' title="bbox 2180 3822 3743 3896; baseline -0.004 -17"><span class='ocrx_word' id='word_1_570' title='bbox 2180 3826 2524 3896; x_wconf 63' lang='lat' dir='ltr'><strong>Dionysiana!</strong></span> <span class='ocrx_word' id='word_1_571' title='bbox 2574 3841 2695 3879; x_wconf 58' lang='lat' dir='ltr'><strong>arae</strong></span> <span class='ocrx_word' id='word_1_572' title='bbox 2742 3840 2885 3878; x_wconf 72' lang='lat' dir='ltr'><strong>anno</strong></span> <span class='ocrx_word' id='word_1_573' title='bbox 2934 3825 3023 3889; x_wconf 72' lang='grc'>14,</span> <span class='ocrx_word' id='word_1_574' title='bbox 3071 3825 3223 3894; x_wconf 76' lang='lat' dir='ltr'><strong>cyclo</strong></span> <span class='ocrx_word' id='word_1_575' title='bbox 3289 3824 3424 3877; x_wconf 90' lang='lat' dir='ltr'><strong>solis</strong></span> <span class='ocrx_word' id='word_1_576' title='bbox 3473 3822 3566 3887; x_wconf 68' lang='grc' dir='ltr'><strong>Ξῖ),</strong></span> <span class='ocrx_word' id='word_1_577' title='bbox 3630 3825 3743 3874; x_wconf 64' lang='lat' dir='ltr'><strong>luna</strong></span> 
     </span>
    </p>
   </div>
   <div class='ocr_carea' id='block_1_81' title="bbox 2183 3913 3743 3986">
    <p class='ocr_par' dir='ltr' id='par_1_81' title="bbox 2183 3913 3743 3986">
     <span class='ocr_line' id='line_1_81' title="bbox 2183 3913 3743 3986; baseline -0.004 -13"><span class='ocrx_word' id='word_1_578' title='bbox 2183 3919 2270 3984; x_wconf 73' lang='grc'><strong>15,</strong></span> <span class='ocrx_word' id='word_1_579' title='bbox 2314 3918 2460 3986; x_wconf 89' lang='lat' dir='ltr'><strong>Sept.</strong></span> <span class='ocrx_word' id='word_1_580' title='bbox 2514 3918 2602 3979; x_wconf 74' lang='lat'><strong>27,</strong></span> <span class='ocrx_word' id='word_1_581' title='bbox 2641 3916 2770 3970; x_wconf 80' lang='lat' dir='ltr'><strong>feria</strong></span> <span class='ocrx_word' id='word_1_582' title='bbox 2800 3917 2852 3980; x_wconf 85' lang='grc'>5,</span> <span class='ocrx_word' id='word_1_583' title='bbox 2885 3917 3060 3971; x_wconf 90' lang='lat' dir='ltr'><strong>littera</strong></span> <span class='ocrx_word' id='word_1_584' title='bbox 3108 3915 3261 3970; x_wconf 91' lang='lat' dir='ltr'><strong>Dom.</strong></span> <span class='ocrx_word' id='word_1_585' title='bbox 3309 3915 3378 3977; x_wconf 84' lang='lat' dir='ltr'><strong>G,</strong></span> <span class='ocrx_word' id='word_1_586' title='bbox 3412 3913 3643 3968; x_wconf 73' lang='lat' dir='ltr'><strong>Juliana:</strong></span> <span class='ocrx_word' id='word_1_587' title='bbox 3671 3930 3743 3983; x_wconf 72' lang='lat' dir='ltr'><strong>pe-</strong></span> 
     </span>
    </p>
   </div>
   <div class='ocr_carea' id='block_1_82' title="bbox 2180 4008 3738 4075">
    <p class='ocr_par' dir='ltr' id='par_1_82' title="bbox 2180 4008 3738 4075">
     <span class='ocr_line' id='line_1_82' title="bbox 2180 4008 3738 4075; baseline -0.004 -10"><span class='ocrx_word' id='word_1_588' title='bbox 2180 4010 2318 4065; x_wconf 90' lang='lat' dir='ltr'><strong>riodi</strong></span> <span class='ocrx_word' id='word_1_589' title='bbox 2362 4008 2520 4063; x_wconf 61' lang='lat'><strong>4727.</strong></span> <span class='ocrx_word' id='word_1_590' title='bbox 2573 4008 2778 4075; x_wconf 79' lang='lat' dir='ltr'><strong>Quodsi</strong></span> <span class='ocrx_word' id='word_1_591' title='bbox 2823 4024 2997 4064; x_wconf 86' lang='lat' dir='ltr'><strong>annos</strong></span> <span class='ocrx_word' id='word_1_592' title='bbox 3049 4009 3173 4063; x_wconf 89' lang='lat' dir='ltr'><strong>inde</strong></span> <span class='ocrx_word' id='word_1_593' title='bbox 3243 4008 3589 4062; x_wconf 70' lang='lat' dir='ltr'><strong>subtraxeris</strong></span> <span class='ocrx_word' id='word_1_594' title='bbox 3647 4025 3738 4067; x_wconf 72' lang='lat' dir='ltr'><strong>xu,</strong></span> 
     </span>
    </p>
   </div>
   <div class='ocr_carea' id='block_1_83' title="bbox 2180 4100 3739 4175">
    <p class='ocr_par' dir='ltr' id='par_1_83' title="bbox 2180 4100 3739 4175">
     <span class='ocr_line' id='line_1_83' title="bbox 2180 4100 3739 4175; baseline -0.004 -16"><span class='ocrx_word' id='word_1_595' title='bbox 2180 4104 2425 4175; x_wconf 90' lang='lat' dir='ltr'><strong>reliquus</strong></span> <span class='ocrx_word' id='word_1_596' title='bbox 2484 4106 2587 4158; x_wconf 89' lang='lat' dir='ltr'><strong>erit</strong></span> <span class='ocrx_word' id='word_1_597' title='bbox 2638 4104 2796 4169; x_wconf 73' lang='grc'>4711,</span> <span class='ocrx_word' id='word_1_598' title='bbox 2847 4119 2955 4172; x_wconf 83' lang='grc' dir='ltr'><strong>(ιιιο</strong></span> <span class='ocrx_word' id='word_1_599' title='bbox 3000 4118 3142 4157; x_wconf 90' lang='lat' dir='ltr'><strong>coss.</strong></span> <span class='ocrx_word' id='word_1_600' title='bbox 3200 4100 3355 4155; x_wconf 82' lang='lat' dir='ltr'><strong>fuere</strong></span> <span class='ocrx_word' id='word_1_601' title='bbox 3401 4102 3659 4155; x_wconf 70' lang='lat' dir='ltr'><strong>Lentulus</strong></span> <span class='ocrx_word' id='word_1_602' title='bbox 3698 4112 3739 4152; x_wconf 78' lang='lat' dir='ltr'><strong>et</strong></span> 
     </span>
    </p>
   </div>
   <div class='ocr_carea' id='block_1_84' title="bbox 2183 4193 3739 4263">
    <p class='ocr_par' dir='ltr' id='par_1_84' title="bbox 2183 4193 3739 4263">
     <span class='ocr_line' id='line_1_84' title="bbox 2183 4193 3739 4263; baseline -0.005 -12"><span class='ocrx_word' id='word_1_603' title='bbox 2183 4198 2548 4254; x_wconf 85' lang='lat' dir='ltr'><strong>Marcellinus.</strong></span> <span class='ocrx_word' id='word_1_604' title='bbox 2585 4195 2687 4263; x_wconf 89' lang='lat' dir='ltr'><strong>Qui</strong></span> <span class='ocrx_word' id='word_1_605' title='bbox 2726 4198 2770 4251; x_wconf 91' lang='lat' dir='ltr'><strong>si</strong></span> <span class='ocrx_word' id='word_1_606' title='bbox 2823 4196 3090 4251; x_wconf 81' lang='lat' dir='ltr'><strong>bisextilis</strong></span> <span class='ocrx_word' id='word_1_607' title='bbox 3134 4193 3351 4258; x_wconf 84' lang='lat' dir='ltr'><strong>fuisset,</strong></span> <span class='ocrx_word' id='word_1_608' title='bbox 3397 4209 3577 4247; x_wconf 86' lang='lat' dir='ltr'><strong>annus</strong></span> <span class='ocrx_word' id='word_1_609' title='bbox 3605 4198 3665 4246; x_wconf 81' lang='lat' dir='ltr'><strong>ab</strong></span> <span class='ocrx_word' id='word_1_610' title='bbox 3688 4207 3739 4244; x_wconf 66' lang='lat' dir='ltr'><strong>eo</strong></span> 
     </span>
    </p>
   </div>
   <div class='ocr_carea' id='block_1_85' title="bbox 2183 4288 3737 4361">
    <p class='ocr_par' dir='ltr' id='par_1_85' title="bbox 2183 4288 3737 4361">
     <span class='ocr_line' id='line_1_85' title="bbox 2183 4288 3737 4361; baseline -0.005 -17"><span class='ocrx_word' id='word_1_611' title='bbox 2183 4291 2250 4345; x_wconf 87' lang='grc'>16</span> <span class='ocrx_word' id='word_1_612' title='bbox 2302 4290 2523 4361; x_wconf 88' lang='lat' dir='ltr'><strong>perinde</strong></span> <span class='ocrx_word' id='word_1_613' title='bbox 2571 4291 2841 4344; x_wconf 82' lang='lat' dir='ltr'><strong>bisextum</strong></span> <span class='ocrx_word' id='word_1_614' title='bbox 2899 4289 3198 4344; x_wconf 87' lang='lat' dir='ltr'><strong>habuisset.</strong></span> <span class='ocrx_word' id='word_1_615' title='bbox 3266 4288 3366 4343; x_wconf 86' lang='lat' dir='ltr'><strong>Est</strong></span> <span class='ocrx_word' id='word_1_616' title='bbox 3419 4298 3602 4342; x_wconf 86' lang='lat' dir='ltr'><strong>autem</strong></span> <span class='ocrx_word' id='word_1_617' title='bbox 3642 4300 3737 4337; x_wconf 61' lang='grc' dir='ltr'><strong>κη</strong></span> 
     </span>
    </p>
   </div>
   <div class='ocr_carea' id='block_1_86' title="bbox 2180 4382 3735 4452">
    <p class='ocr_par' dir='ltr' id='par_1_86' title="bbox 2180 4382 3735 4452">
     <span class='ocr_line' id='line_1_86' title="bbox 2180 4382 3735 4452; baseline -0.008 -12"><span class='ocrx_word' id='word_1_618' title='bbox 2180 4396 2384 4441; x_wconf 67' lang='lat' dir='ltr'><strong>nostra:</strong></span> <span class='ocrx_word' id='word_1_619' title='bbox 2430 4384 2517 4446; x_wconf 73' lang='grc'>14,</span> <span class='ocrx_word' id='word_1_620' title='bbox 2571 4398 2635 4437; x_wconf 91' lang='lat' dir='ltr'><strong>ac</strong></span> <span class='ocrx_word' id='word_1_621' title='bbox 2668 4392 2789 4452; x_wconf 90' lang='lat' dir='ltr'><strong>post</strong></span> <span class='ocrx_word' id='word_1_622' title='bbox 2824 4383 3125 4437; x_wconf 73' lang='lat' dir='ltr'><strong>bisextilem</strong></span> <span class='ocrx_word' id='word_1_623' title='bbox 3160 4382 3477 4447; x_wconf 86' lang='lat' dir='ltr'><strong>secundus;</strong></span> <span class='ocrx_word' id='word_1_624' title='bbox 3512 4382 3673 4451; x_wconf 82' lang='lat' dir='ltr'><strong>igitur</strong></span> <span class='ocrx_word' id='word_1_625' title='bbox 3696 4390 3735 4429; x_wconf 74' lang='lat' dir='ltr'><strong>et</strong></span> 
     </span>
    </p>
   </div>
   <div class='ocr_carea' id='block_1_87' title="bbox 2181 4473 3735 4544">
    <p class='ocr_par' dir='ltr' id='par_1_87' title="bbox 2181 4473 3735 4544">
     <span class='ocr_line' id='line_1_87' title="bbox 2181 4473 3735 4544; baseline -0.003 -14"><span class='ocrx_word' id='word_1_626' title='bbox 2181 4492 2358 4530; x_wconf 91' lang='lat' dir='ltr'><strong>annus</strong></span> <span class='ocrx_word' id='word_1_627' title='bbox 2402 4476 2511 4539; x_wconf 88' lang='lat' dir='ltr'><strong>ille,</strong></span> <span class='ocrx_word' id='word_1_628' title='bbox 2547 4491 2656 4544; x_wconf 92' lang='lat' dir='ltr'><strong>quo</strong></span> <span class='ocrx_word' id='word_1_629' title='bbox 2686 4473 2973 4529; x_wconf 79' lang='lat' dir='ltr'><strong>Marcellus</strong></span> <span class='ocrx_word' id='word_1_630' title='bbox 3001 4485 3049 4528; x_wconf 90' lang='lat' dir='ltr'><strong>et</strong></span> <span class='ocrx_word' id='word_1_631' title='bbox 3087 4473 3351 4529; x_wconf 88' lang='lat' dir='ltr'><strong>Lentulus</strong></span> <span class='ocrx_word' id='word_1_632' title='bbox 3394 4489 3544 4529; x_wconf 90' lang='lat' dir='ltr'><strong>coss.</strong></span> <span class='ocrx_word' id='word_1_633' title='bbox 3586 4484 3735 4525; x_wconf 76' lang='lat' dir='ltr'><strong>erant.</strong></span> 
     </span>
    </p>
   </div>
   <div class='ocr_carea' id='block_1_88' title="bbox 498 4554 2069 4647">
    <p class='ocr_par' dir='ltr' id='par_1_88' title="bbox 498 4554 2069 4623">
     <span class='ocr_line' id='line_1_88' title="bbox 498 4554 2069 4623; baseline 0.002 -16"><span class='ocrx_word' id='word_1_634' title='bbox 498 4570 724 4617; x_wconf 69' lang='lat' dir='ltr'><strong>nunc,</strong></span> <span class='ocrx_word' id='word_1_635' title='bbox 756 4554 799 4609; x_wconf 91' lang='lat' dir='ltr'><strong>si</strong></span> <span class='ocrx_word' id='word_1_636' title='bbox 850 4571 962 4608; x_wconf 75' lang='lat' dir='ltr'><strong>xxn</strong></span> <span class='ocrx_word' id='word_1_637' title='bbox 993 4554 1257 4609; x_wconf 85' lang='lat' dir='ltr'><strong>duntaxat</strong></span> <span class='ocrx_word' id='word_1_638' title='bbox 1285 4557 1537 4610; x_wconf 87' lang='lat' dir='ltr'><strong>obtinuit.</strong></span> <span class='ocrx_word' id='word_1_639' title='bbox 1570 4556 1750 4623; x_wconf 90' lang='lat' dir='ltr'><strong>Quare</strong></span> <span class='ocrx_word' id='word_1_640' title='bbox 1784 4568 1839 4612; x_wconf 91' lang='lat' dir='ltr'><strong>et</strong></span> <span class='ocrx_word' id='word_1_641' title='bbox 1868 4557 2069 4613; x_wconf 75' lang='lat' dir='ltr'><strong>Confu-</strong></span> 
     </span>
    </p>
   </div>
   <div class='ocr_carea' id='block_1_89' title="bbox 2177 4554 3736 4647">
    <p class='ocr_par' dir='ltr' id='par_1_89' title="bbox 2184 4564 3736 4637">
     <span class='ocr_line' id='line_1_89' title="bbox 2184 4564 3736 4637; baseline -0.005 -16"><span class='ocrx_word' id='word_1_642' title='bbox 2184 4568 2444 4622; x_wconf 86' lang='lat' dir='ltr'><strong>bisextilis</strong></span> <span class='ocrx_word' id='word_1_643' title='bbox 2478 4566 2737 4622; x_wconf 80' lang='lat' dir='ltr'><strong>nonfuit.</strong></span> <span class='ocrx_word' id='word_1_644' title='bbox 2784 4566 2923 4619; x_wconf 87' lang='lat' dir='ltr'><strong>Idem</strong></span> <span class='ocrx_word' id='word_1_645' title='bbox 2968 4582 3032 4620; x_wconf 83' lang='lat' dir='ltr'><strong>ex</strong></span> <span class='ocrx_word' id='word_1_646' title='bbox 3076 4564 3461 4637; x_wconf 75' lang='lat' dir='ltr'><strong>Olympiadum</strong></span> <span class='ocrx_word' id='word_1_647' title='bbox 3492 4577 3547 4620; x_wconf 87' lang='lat' dir='ltr'><strong>et</strong></span> <span class='ocrx_word' id='word_1_648' title='bbox 3593 4564 3736 4619; x_wconf 55' lang='lat' dir='ltr'><strong>Julia—</strong></span> 
     </span>
    </p>
   </div>
   <div class='ocr_carea' id='block_1_90' title="bbox 500 4646 2069 4717">
    <p class='ocr_par' dir='ltr' id='par_1_90' title="bbox 500 4646 2069 4717">
     <span class='ocr_line' id='line_1_90' title="bbox 500 4646 2069 4717; baseline 0.001 -17"><span class='ocrx_word' id='word_1_649' title='bbox 500 4646 672 4701; x_wconf 78' lang='lat' dir='ltr'><strong>SiOItis</strong></span> <span class='ocrx_word' id='word_1_650' title='bbox 728 4662 904 4700; x_wconf 91' lang='lat' dir='ltr'><strong>annus</strong></span> <span class='ocrx_word' id='word_1_651' title='bbox 946 4647 1061 4701; x_wconf 86' lang='lat' dir='ltr'><strong>dies</strong></span> <span class='ocrx_word' id='word_1_652' title='bbox 1096 4648 1331 4717; x_wconf 90' lang='lat' dir='ltr'><strong>postulat</strong></span> <span class='ocrx_word' id='word_1_653' title='bbox 1371 4664 1646 4713; x_wconf 78' lang='lat' dir='ltr'><strong>ccccxuv,</strong></span> <span class='ocrx_word' id='word_1_654' title='bbox 1696 4650 1777 4704; x_wconf 90' lang='lat' dir='ltr'><strong>vel</strong></span> <span class='ocrx_word' id='word_1_655' title='bbox 1813 4666 2069 4717; x_wconf 68' lang='lat' dir='ltr'><strong>ccccxcv,</strong></span> 
     </span>
    </p>
   </div>
   <div class='ocr_carea' id='block_1_91' title="bbox 499 4738 2069 4811">
    <p class='ocr_par' dir='ltr' id='par_1_91' title="bbox 499 4738 2069 4811">
     <span class='ocr_line' id='line_1_91' title="bbox 499 4738 2069 4811; baseline 0.003 -19"><span class='ocrx_word' id='word_1_656' title='bbox 499 4749 559 4793; x_wconf 93' lang='lat' dir='ltr'><strong>ut</strong></span> <span class='ocrx_word' id='word_1_657' title='bbox 590 4738 927 4792; x_wconf 88' lang='lat' dir='ltr'><strong>Censorinus</strong></span> <span class='ocrx_word' id='word_1_658' title='bbox 980 4739 1170 4793; x_wconf 90' lang='lat' dir='ltr'><strong>scribit</strong></span> <span class='ocrx_word' id='word_1_659' title='bbox 1220 4754 1341 4810; x_wconf 87' lang='lat' dir='ltr'><strong>pag.</strong></span> <span class='ocrx_word' id='word_1_660' title='bbox 1394 4739 1482 4792; x_wconf 74' lang='grc'><strong>46.</strong></span> <span class='ocrx_word' id='word_1_661' title='bbox 1513 4743 1688 4810; x_wconf 88' lang='lat' dir='ltr'><strong>Atque</strong></span> <span class='ocrx_word' id='word_1_662' title='bbox 1733 4741 1805 4794; x_wconf 94' lang='lat' dir='ltr'><strong>illi</strong></span> <span class='ocrx_word' id='word_1_663' title='bbox 1852 4742 2069 4811; x_wconf 89' lang='lat' dir='ltr'><strong>quidem</strong></span> 
     </span>
    </p>
   </div>
   <div class='ocr_carea' id='block_1_92' title="bbox 496 4827 2072 4898">
    <p class='ocr_par' dir='ltr' id='par_1_92' title="bbox 496 4827 2072 4898">
     <span class='ocr_line' id='line_1_92' title="bbox 496 4827 2072 4898; baseline 0.003 -15"><span class='ocrx_word' id='word_1_664' title='bbox 496 4830 614 4883; x_wconf 91' lang='lat' dir='ltr'><strong>dies</strong></span> <span class='ocrx_word' id='word_1_665' title='bbox 670 4830 739 4883; x_wconf 92' lang='lat' dir='ltr'><strong>ita</strong></span> <span class='ocrx_word' id='word_1_666' title='bbox 784 4827 1086 4898; x_wconf 85' lang='lat' dir='ltr'><strong>dispensati</strong></span> <span class='ocrx_word' id='word_1_667' title='bbox 1121 4840 1269 4896; x_wconf 90' lang='lat' dir='ltr'><strong>sunt,</strong></span> <span class='ocrx_word' id='word_1_668' title='bbox 1306 4839 1364 4884; x_wconf 91' lang='lat' dir='ltr'><strong>ut</strong></span> <span class='ocrx_word' id='word_1_669' title='bbox 1402 4847 1526 4886; x_wconf 92' lang='lat' dir='ltr'><strong>cum</strong></span> <span class='ocrx_word' id='word_1_670' title='bbox 1563 4833 1924 4895; x_wconf 87' lang='lat' dir='ltr'><strong>intercalaris,</strong></span> <span class='ocrx_word' id='word_1_671' title='bbox 1958 4835 2072 4888; x_wconf 86' lang='lat' dir='ltr'><strong>sive</strong></span> 
     </span>
    </p>
   </div>
   <div class='ocr_carea' id='block_1_93' title="bbox 495 4920 2073 4981">
    <p class='ocr_par' dir='ltr' id='par_1_93' title="bbox 495 4920 2073 4981">
     <span class='ocr_line' id='line_1_93' title="bbox 495 4920 2073 4981; baseline 0.004 -7"><span class='ocrx_word' id='word_1_672' title='bbox 495 4920 874 4976; x_wconf 85' lang='lat' dir='ltr'><strong>Mercedonius</strong></span> <span class='ocrx_word' id='word_1_673' title='bbox 905 4937 1065 4975; x_wconf 83' lang='lat' dir='ltr'><strong>suum</strong></span> <span class='ocrx_word' id='word_1_674' title='bbox 1122 4922 1176 4976; x_wconf 90' lang='lat' dir='ltr'><strong>in</strong></span> <span class='ocrx_word' id='word_1_675' title='bbox 1229 4922 1526 4979; x_wconf 85' lang='lat' dir='ltr'><strong>Februario</strong></span> <span class='ocrx_word' id='word_1_676' title='bbox 1578 4924 1757 4979; x_wconf 89' lang='lat' dir='ltr'><strong>locum</strong></span> <span class='ocrx_word' id='word_1_677' title='bbox 1810 4942 1876 4980; x_wconf 82' lang='lat' dir='ltr'><strong>ex</strong></span> <span class='ocrx_word' id='word_1_678' title='bbox 1924 4942 2073 4981; x_wconf 89' lang='lat' dir='ltr'><strong>more</strong></span> 
     </span>
    </p>
   </div>
   <div class='ocr_carea' id='block_1_94' title="bbox 494 5013 2072 5079">
    <p class='ocr_par' dir='ltr' id='par_1_94' title="bbox 494 5013 2072 5079">
     <span class='ocr_line' id='line_1_94' title="bbox 494 5013 2072 5079; baseline 0.003 -10"><span class='ocrx_word' id='word_1_679' title='bbox 494 5013 723 5069; x_wconf 90' lang='lat' dir='ltr'><strong>sortitus</strong></span> <span class='ocrx_word' id='word_1_680' title='bbox 750 5022 913 5079; x_wconf 89' lang='lat' dir='ltr'><strong>esset,</strong></span> <span class='ocrx_word' id='word_1_681' title='bbox 945 5014 1058 5068; x_wconf 81' lang='lat' dir='ltr'><strong>duo</strong></span> <span class='ocrx_word' id='word_1_682' title='bbox 1086 5015 1177 5068; x_wconf 91' lang='lat' dir='ltr'><strong>alii</strong></span> <span class='ocrx_word' id='word_1_683' title='bbox 1207 5031 1419 5070; x_wconf 89' lang='lat' dir='ltr'><strong>menses</strong></span> <span class='ocrx_word' id='word_1_684' title='bbox 1452 5016 1594 5071; x_wconf 89' lang='lat' dir='ltr'><strong>inter</strong></span> <span class='ocrx_word' id='word_1_685' title='bbox 1618 5015 1978 5073; x_wconf 88' lang='lat' dir='ltr'><strong>Novembrem</strong></span> <span class='ocrx_word' id='word_1_686' title='bbox 2007 5032 2072 5073; x_wconf 89' lang='lat' dir='ltr'><strong>ac</strong></span> 
     </span>
    </p>
   </div>
   <div class='ocr_carea' id='block_1_95' title="bbox 493 5106 2068 5177">
    <p class='ocr_par' dir='ltr' id='par_1_95' title="bbox 493 5106 2068 5177">
     <span class='ocr_line' id='line_1_95' title="bbox 493 5106 2068 5177; baseline 0.004 -18"><span class='ocrx_word' id='word_1_687' title='bbox 493 5106 847 5164; x_wconf 81' lang='lat' dir='ltr'><strong>Decembrem</strong></span> <span class='ocrx_word' id='word_1_688' title='bbox 880 5107 1067 5162; x_wconf 88' lang='lat' dir='ltr'><strong>inserti</strong></span> <span class='ocrx_word' id='word_1_689' title='bbox 1106 5107 1235 5171; x_wconf 91' lang='lat' dir='ltr'><strong>sint,</strong></span> <span class='ocrx_word' id='word_1_690' title='bbox 1268 5109 1477 5163; x_wconf 90' lang='lat' dir='ltr'><strong>dierum</strong></span> <span class='ocrx_word' id='word_1_691' title='bbox 1514 5112 1673 5165; x_wconf 88' lang='lat' dir='ltr'><strong>ambo</strong></span> <span class='ocrx_word' id='word_1_692' title='bbox 1698 5112 1860 5165; x_wconf 89' lang='lat' dir='ltr'><strong>simul</strong></span> <span class='ocrx_word' id='word_1_693' title='bbox 1898 5127 2068 5177; x_wconf 74' lang='lat' dir='ltr'><strong>vatt,</strong></span> 
     </span>
    </p>
   </div>
   <div class='ocr_carea' id='block_1_96' title="bbox 493 5200 2066 5270">
    <p class='ocr_par' dir='ltr' id='par_1_96' title="bbox 493 5200 2066 5270">
     <span class='ocr_line' id='line_1_96' title="bbox 493 5200 2066 5270; baseline 0.003 -16"><span class='ocrx_word' id='word_1_694' title='bbox 493 5200 569 5255; x_wconf 89' lang='lat' dir='ltr'><strong>ita</strong></span> <span class='ocrx_word' id='word_1_695' title='bbox 618 5210 677 5255; x_wconf 91' lang='lat' dir='ltr'><strong>ut</strong></span> <span class='ocrx_word' id='word_1_696' title='bbox 715 5204 1046 5270; x_wconf 68' lang='lat' dir='ltr'><strong>peraequatio</strong></span> <span class='ocrx_word' id='word_1_697' title='bbox 1095 5201 1211 5270; x_wconf 87' lang='lat' dir='ltr'><strong>ipsa</strong></span> <span class='ocrx_word' id='word_1_698' title='bbox 1266 5201 1320 5254; x_wconf 91' lang='lat' dir='ltr'><strong>in</strong></span> <span class='ocrx_word' id='word_1_699' title='bbox 1368 5202 1495 5256; x_wconf 90' lang='lat' dir='ltr'><strong>anni</strong></span> <span class='ocrx_word' id='word_1_700' title='bbox 1530 5204 1692 5257; x_wconf 88' lang='lat' dir='ltr'><strong>linem</strong></span> <span class='ocrx_word' id='word_1_701' title='bbox 1741 5204 2066 5260; x_wconf 90' lang='lat' dir='ltr'><strong>incubuerit.</strong></span> 
     </span>
    </p>
   </div>
   <div class='ocr_carea' id='block_1_97' title="bbox 494 5290 2068 5363">
    <p class='ocr_par' dir='ltr' id='par_1_97' title="bbox 494 5290 2068 5363">
     <span class='ocr_line' id='line_1_97' title="bbox 494 5290 2068 5363; baseline 0.005 -19"><span class='ocrx_word' id='word_1_702' title='bbox 494 5290 633 5347; x_wconf 79' lang='lat' dir='ltr'><strong>Hinc</strong></span> <span class='ocrx_word' id='word_1_703' title='bbox 659 5293 747 5346; x_wconf 85' lang='lat' dir='ltr'><strong>illa</strong></span> <span class='ocrx_word' id='word_1_704' title='bbox 770 5293 1054 5346; x_wconf 90' lang='lat' dir='ltr'><strong>verissima</strong></span> <span class='ocrx_word' id='word_1_705' title='bbox 1081 5293 1342 5363; x_wconf 89' lang='lat' dir='ltr'><strong>suspicio,</strong></span> <span class='ocrx_word' id='word_1_706' title='bbox 1364 5293 1614 5350; x_wconf 89' lang='lat' dir='ltr'><strong>Solinum</strong></span> <span class='ocrx_word' id='word_1_707' title='bbox 1649 5313 1922 5361; x_wconf 82' lang='lat' dir='ltr'><strong>ccccxuv,</strong></span> <span class='ocrx_word' id='word_1_708' title='bbox 1960 5314 2068 5352; x_wconf 90' lang='lat' dir='ltr'><strong>non</strong></span> 
     </span>
    </p>
   </div>
   <div class='ocr_carea' id='block_1_98' title="bbox 493 5384 2068 5462">
    <p class='ocr_par' dir='ltr' id='par_1_98' title="bbox 493 5384 2068 5462">
     <span class='ocr_line' id='line_1_98' title="bbox 493 5384 2068 5462; baseline 0.006 -26"><span class='ocrx_word' id='word_1_709' title='bbox 493 5398 709 5437; x_wconf 79' lang='lat' dir='ltr'><strong>cccxuv</strong></span> <span class='ocrx_word' id='word_1_710' title='bbox 744 5385 1053 5453; x_wconf 90' lang='lat' dir='ltr'><strong>scripsisse.</strong></span> <span class='ocrx_word' id='word_1_711' title='bbox 1079 5384 1215 5440; x_wconf 87' lang='lat' dir='ltr'><strong>Nam</strong></span> <span class='ocrx_word' id='word_1_712' title='bbox 1263 5388 1407 5457; x_wconf 90' lang='lat' dir='ltr'><strong>quod</strong></span> <span class='ocrx_word' id='word_1_713' title='bbox 1440 5388 1556 5444; x_wconf 90' lang='lat' dir='ltr'><strong>dies</strong></span> <span class='ocrx_word' id='word_1_714' title='bbox 1595 5406 1762 5444; x_wconf 90' lang='lat' dir='ltr'><strong>unum</strong></span> <span class='ocrx_word' id='word_1_715' title='bbox 1794 5401 1848 5445; x_wconf 91' lang='lat' dir='ltr'><strong>et</strong></span> <span class='ocrx_word' id='word_1_716' title='bbox 1875 5392 2068 5462; x_wconf 84' lang='lat' dir='ltr'><strong>viginti</strong></span> 
     </span>
    </p>
   </div>
   <div class='ocr_carea' id='block_1_99' title="bbox 493 5475 2066 5545">
    <p class='ocr_par' dir='ltr' id='par_1_99' title="bbox 493 5475 2066 5545">
     <span class='ocr_line' id='line_1_99' title="bbox 493 5475 2066 5545; baseline 0.008 -17"><span class='ocrx_word' id='word_1_717' title='bbox 493 5490 618 5529; x_wconf 90' lang='lat' dir='ltr'><strong>cum</strong></span> <span class='ocrx_word' id='word_1_718' title='bbox 648 5475 951 5545; x_wconf 86' lang='lat' dir='ltr'><strong>quadrante</strong></span> <span class='ocrx_word' id='word_1_719' title='bbox 998 5480 1293 5533; x_wconf 90' lang='lat' dir='ltr'><strong>accessisse</strong></span> <span class='ocrx_word' id='word_1_720' title='bbox 1340 5481 1492 5545; x_wconf 91' lang='lat' dir='ltr'><strong>dicit,</strong></span> <span class='ocrx_word' id='word_1_721' title='bbox 1548 5484 1613 5536; x_wconf 91' lang='lat' dir='ltr'><strong>ad</strong></span> <span class='ocrx_word' id='word_1_722' title='bbox 1662 5482 2066 5539; x_wconf 88' lang='lat' dir='ltr'><strong>Mercedonium</strong></span> 
     </span>
    </p>
   </div>
   <div class='ocr_carea' id='block_1_100' title="bbox 494 5566 2068 5638">
    <p class='ocr_par' dir='ltr' id='par_1_100' title="bbox 494 5566 2068 5638">
     <span class='ocr_line' id='line_1_100' title="bbox 494 5566 2068 5638; baseline 0.008 -21"><span class='ocrx_word' id='word_1_723' title='bbox 494 5566 765 5634; x_wconf 88' lang='lat' dir='ltr'><strong>respicere</strong></span> <span class='ocrx_word' id='word_1_724' title='bbox 792 5568 987 5634; x_wconf 91' lang='lat' dir='ltr'><strong>potuit,</strong></span> <span class='ocrx_word' id='word_1_725' title='bbox 1031 5569 1123 5638; x_wconf 91' lang='lat' dir='ltr'><strong>qui</strong></span> <span class='ocrx_word' id='word_1_726' title='bbox 1154 5585 1291 5635; x_wconf 82' lang='lat' dir='ltr'><strong>xxn,</strong></span> <span class='ocrx_word' id='word_1_727' title='bbox 1316 5581 1411 5625; x_wconf 93' lang='lat' dir='ltr'><strong>aut</strong></span> <span class='ocrx_word' id='word_1_728' title='bbox 1453 5588 1588 5626; x_wconf 63' lang='grc' dir='ltr'>χχιιι</span> <span class='ocrx_word' id='word_1_729' title='bbox 1623 5572 1813 5628; x_wconf 89' lang='lat' dir='ltr'><strong>diebus</strong></span> <span class='ocrx_word' id='word_1_730' title='bbox 1847 5584 2068 5629; x_wconf 87' lang='lat' dir='ltr'><strong>consta-</strong></span> 
     </span>
    </p>
   </div>
   <div class='ocr_carea' id='block_1_101' title="bbox 493 5655 2067 5737">
    <p class='ocr_par' dir='ltr' id='par_1_101' title="bbox 493 5655 2067 5737">
     <span class='ocr_line' id='line_1_101' title="bbox 493 5655 2067 5737; baseline 0.008 -28"><span class='ocrx_word' id='word_1_731' title='bbox 493 5656 604 5709; x_wconf 89' lang='lat' dir='ltr'><strong>bat.</strong></span> <span class='ocrx_word' id='word_1_732' title='bbox 656 5655 977 5726; x_wconf 88' lang='lat' dir='ltr'><strong>Quanquam</strong></span> <span class='ocrx_word' id='word_1_733' title='bbox 1026 5660 1095 5715; x_wconf 90' lang='lat' dir='ltr'><strong>de</strong></span> <span class='ocrx_word' id='word_1_734' title='bbox 1144 5661 1463 5717; x_wconf 86' lang='lat' dir='ltr'><strong>intercalato</strong></span> <span class='ocrx_word' id='word_1_735' title='bbox 1515 5664 1815 5733; x_wconf 83' lang='lat' dir='ltr'><strong>quadrante</strong></span> <span class='ocrx_word' id='word_1_736' title='bbox 1875 5681 2067 5737; x_wconf 91' lang='lat' dir='ltr'><strong>parum</strong></span> 
     </span>
    </p>
   </div>
   <div class='ocr_carea' id='block_1_102' title="bbox 494 5748 2065 5830">
    <p class='ocr_par' dir='ltr' id='par_1_102' title="bbox 494 5748 2065 5830">
     <span class='ocr_line' id='line_1_102' title="bbox 494 5748 2065 5830; baseline 0.01 -29"><span class='ocrx_word' id='word_1_737' title='bbox 494 5748 777 5803; x_wconf 76' lang='lat' dir='ltr'><strong>conmiode</strong></span> <span class='ocrx_word' id='word_1_738' title='bbox 824 5752 1111 5819; x_wconf 84' lang='lat' dir='ltr'><strong>scripsisse</strong></span> <span class='ocrx_word' id='word_1_739' title='bbox 1144 5754 1376 5809; x_wconf 87' lang='lat' dir='ltr'><strong>videtur.</strong></span> <span class='ocrx_word' id='word_1_740' title='bbox 1410 5754 1528 5810; x_wconf 90' lang='lat' dir='ltr'><strong>Non</strong></span> <span class='ocrx_word' id='word_1_741' title='bbox 1564 5759 1707 5811; x_wconf 90' lang='lat' dir='ltr'><strong>enim</strong></span> <span class='ocrx_word' id='word_1_742' title='bbox 1740 5762 2065 5830; x_wconf 88' lang='lat' dir='ltr'><strong>appendices</strong></span> 
     </span>
    </p>
   </div>
   <div class='ocr_carea' id='block_1_103' title="bbox 494 5841 2069 5919">
    <p class='ocr_par' dir='ltr' id='par_1_103' title="bbox 494 5841 2069 5919">
     <span class='ocr_line' id='line_1_103' title="bbox 494 5841 2069 5919; baseline 0.01 -25"><span class='ocrx_word' id='word_1_743' title='bbox 494 5849 640 5896; x_wconf 70' lang='lat' dir='ltr'><strong>nuru:</strong></span> <span class='ocrx_word' id='word_1_744' title='bbox 677 5841 731 5895; x_wconf 91' lang='lat' dir='ltr'><strong>in</strong></span> <span class='ocrx_word' id='word_1_745' title='bbox 775 5841 918 5897; x_wconf 88' lang='lat' dir='ltr'><strong>civili</strong></span> <span class='ocrx_word' id='word_1_746' title='bbox 970 5859 1114 5899; x_wconf 89' lang='lat' dir='ltr'><strong>anno</strong></span> <span class='ocrx_word' id='word_1_747' title='bbox 1158 5845 1465 5903; x_wconf 86' lang='lat' dir='ltr'><strong>intercalari</strong></span> <span class='ocrx_word' id='word_1_748' title='bbox 1514 5850 1791 5909; x_wconf 89' lang='lat' dir='ltr'><strong>dicuntur.</strong></span> <span class='ocrx_word' id='word_1_749' title='bbox 1829 5852 1976 5919; x_wconf 82' lang='lat' dir='ltr'><strong>Quas</strong></span> <span class='ocrx_word' id='word_1_750' title='bbox 2011 5863 2069 5909; x_wconf 90' lang='lat' dir='ltr'><strong>ut</strong></span> 
     </span>
    </p>
   </div>
   <div class='ocr_carea' id='block_1_104' title="bbox 2178 4658 3733 4715">
    <p class='ocr_par' dir='ltr' id='par_1_104' title="bbox 2178 4658 3733 4715">
     <span class='ocr_line' id='line_1_104' title="bbox 2178 4658 3733 4715; baseline -0.005 -2"><span class='ocrx_word' id='word_1_751' title='bbox 2178 4677 2370 4714; x_wconf 91' lang='lat' dir='ltr'><strong>norum</strong></span> <span class='ocrx_word' id='word_1_752' title='bbox 2403 4675 2670 4713; x_wconf 89' lang='lat' dir='ltr'><strong>annorum</strong></span> <span class='ocrx_word' id='word_1_753' title='bbox 2701 4660 2838 4714; x_wconf 91' lang='lat' dir='ltr'><strong>serie</strong></span> <span class='ocrx_word' id='word_1_754' title='bbox 2862 4659 3167 4714; x_wconf 90' lang='lat' dir='ltr'><strong>deducitur.</strong></span> <span class='ocrx_word' id='word_1_755' title='bbox 3220 4658 3358 4714; x_wconf 76' lang='lat' dir='ltr'><strong>Nam</strong></span> <span class='ocrx_word' id='word_1_756' title='bbox 3390 4677 3519 4715; x_wconf 90' lang='lat' dir='ltr'><strong>cum</strong></span> <span class='ocrx_word' id='word_1_757' title='bbox 3552 4658 3733 4713; x_wconf 74' lang='lat' dir='ltr'><strong>Lean</strong></span> 
     </span>
    </p>
   </div>
   <div class='ocr_carea' id='block_1_105' title="bbox 2174 4750 3732 4816">
    <p class='ocr_par' dir='ltr' id='par_1_105' title="bbox 2174 4750 3732 4816">
     <span class='ocr_line' id='line_1_105' title="bbox 2174 4750 3732 4816; baseline -0.004 -10"><span class='ocrx_word' id='word_1_758' title='bbox 2174 4761 2228 4806; x_wconf 91' lang='lat' dir='ltr'><strong>et</strong></span> <span class='ocrx_word' id='word_1_759' title='bbox 2260 4752 2552 4805; x_wconf 73' lang='lat' dir='ltr'><strong>Mareellini</strong></span> <span class='ocrx_word' id='word_1_760' title='bbox 2596 4752 2912 4806; x_wconf 89' lang='lat' dir='ltr'><strong>consulatus</strong></span> <span class='ocrx_word' id='word_1_761' title='bbox 2949 4750 3201 4804; x_wconf 85' lang='lat' dir='ltr'><strong>Julianus</strong></span> <span class='ocrx_word' id='word_1_762' title='bbox 3231 4752 3300 4805; x_wconf 91' lang='lat' dir='ltr'><strong>sit</strong></span> <span class='ocrx_word' id='word_1_763' title='bbox 3327 4752 3431 4816; x_wconf 70' lang='lat'><strong>43;</strong></span> <span class='ocrx_word' id='word_1_764' title='bbox 3471 4750 3732 4805; x_wconf 68' lang='lat' dir='ltr'><strong>Seuerum</strong></span> 
     </span>
    </p>
   </div>
   <div class='ocr_carea' id='block_1_106' title="bbox 2175 4842 3733 4913">
    <p class='ocr_par' dir='ltr' id='par_1_106' title="bbox 2175 4842 3733 4913">
     <span class='ocr_line' id='line_1_106' title="bbox 2175 4842 3733 4913; baseline -0.004 -16"><span class='ocrx_word' id='word_1_765' title='bbox 2175 4859 2304 4899; x_wconf 90' lang='lat' dir='ltr'><strong>vero</strong></span> <span class='ocrx_word' id='word_1_766' title='bbox 2343 4844 2576 4899; x_wconf 87' lang='lat' dir='ltr'><strong>duorum</strong></span> <span class='ocrx_word' id='word_1_767' title='bbox 2611 4846 2682 4898; x_wconf 91' lang='lat' dir='ltr'><strong>sit</strong></span> <span class='ocrx_word' id='word_1_768' title='bbox 2715 4842 2967 4898; x_wconf 89' lang='lat' dir='ltr'><strong>Julianus</strong></span> <span class='ocrx_word' id='word_1_769' title='bbox 2995 4844 3083 4909; x_wconf 83' lang='lat'><strong>59,</strong></span> <span class='ocrx_word' id='word_1_770' title='bbox 3121 4844 3377 4913; x_wconf 88' lang='lat' dir='ltr'><strong>idemque</strong></span> <span class='ocrx_word' id='word_1_771' title='bbox 3413 4860 3540 4897; x_wconf 67' lang='lat' dir='ltr'><strong>arra:</strong></span> <span class='ocrx_word' id='word_1_772' title='bbox 3570 4854 3733 4896; x_wconf 68' lang='lat' dir='ltr'><strong>nostra:</strong></span> 
     </span>
    </p>
   </div>
   <div class='ocr_carea' id='block_1_107' title="bbox 2176 4934 3733 5001">
    <p class='ocr_par' dir='ltr' id='par_1_107' title="bbox 2176 4934 3733 5001">
     <span class='ocr_line' id='line_1_107' title="bbox 2176 4934 3733 5001; baseline -0.003 -12"><span class='ocrx_word' id='word_1_773' title='bbox 2176 4936 2498 4991; x_wconf 71' lang='lat' dir='ltr'><strong>Mznecesse</strong></span> <span class='ocrx_word' id='word_1_774' title='bbox 2544 4949 2648 5001; x_wconf 90' lang='lat' dir='ltr'><strong>est,</strong></span> <span class='ocrx_word' id='word_1_775' title='bbox 2686 4946 2744 4991; x_wconf 90' lang='lat' dir='ltr'><strong>ut</strong></span> <span class='ocrx_word' id='word_1_776' title='bbox 2768 4953 2944 4990; x_wconf 88' lang='lat' dir='ltr'><strong>annus</strong></span> <span class='ocrx_word' id='word_1_777' title='bbox 2966 4936 3215 4991; x_wconf 85' lang='lat' dir='ltr'><strong>Julianus</strong></span> <span class='ocrx_word' id='word_1_778' title='bbox 3244 4934 3352 4990; x_wconf 72' lang='lat'><strong>285</strong></span> <span class='ocrx_word' id='word_1_779' title='bbox 3387 4939 3462 4991; x_wconf 90' lang='lat' dir='ltr'><strong>sit</strong></span> <span class='ocrx_word' id='word_1_780' title='bbox 3484 4953 3603 4990; x_wconf 69' lang='lat' dir='ltr'><strong>acra:</strong></span> <span class='ocrx_word' id='word_1_781' title='bbox 3636 4934 3733 4985; x_wconf 68' lang='lat' dir='ltr'><strong>Dio-</strong></span> 
     </span>
    </p>
   </div>
   <div class='ocr_carea' id='block_1_108' title="bbox 2174 5027 3733 5099">
    <p class='ocr_par' dir='ltr' id='par_1_108' title="bbox 2174 5027 3733 5099">
     <span class='ocr_line' id='line_1_108' title="bbox 2174 5027 3733 5099; baseline -0.006 -18"><span class='ocrx_word' id='word_1_782' title='bbox 2174 5027 2414 5098; x_wconf 79' lang='lat' dir='ltr'><strong>nysiana:</strong></span> <span class='ocrx_word' id='word_1_783' title='bbox 2460 5028 2603 5093; x_wconf 70' lang='lat'><strong>258,</strong></span> <span class='ocrx_word' id='word_1_784' title='bbox 2659 5044 2769 5098; x_wconf 90' lang='lat' dir='ltr'><strong>quo</strong></span> <span class='ocrx_word' id='word_1_785' title='bbox 2820 5030 2984 5083; x_wconf 89' lang='lat' dir='ltr'><strong>etiam</strong></span> <span class='ocrx_word' id='word_1_786' title='bbox 3046 5028 3385 5099; x_wconf 87' lang='lat' dir='ltr'><strong>Olympiadis</strong></span> <span class='ocrx_word' id='word_1_787' title='bbox 3444 5029 3555 5082; x_wconf 73' lang='grc'><strong>251</strong></span> <span class='ocrx_word' id='word_1_788' title='bbox 3618 5044 3733 5079; x_wconf 60' lang='grc' dir='ltr'><strong>θείω</strong></span> 
     </span>
    </p>
   </div>
   <div class='ocr_carea' id='block_1_109' title="bbox 2172 5118 3733 5189">
    <p class='ocr_par' dir='ltr' id='par_1_109' title="bbox 2172 5118 3733 5189">
     <span class='ocr_line' id='line_1_109' title="bbox 2172 5118 3733 5189; baseline -0.003 -18"><span class='ocrx_word' id='word_1_789' title='bbox 2172 5122 2350 5188; x_wconf 89' lang='lat' dir='ltr'><strong>primo</strong></span> <span class='ocrx_word' id='word_1_790' title='bbox 2379 5120 2662 5173; x_wconf 86' lang='lat' dir='ltr'><strong>desinente</strong></span> <span class='ocrx_word' id='word_1_791' title='bbox 2693 5123 2987 5183; x_wconf 87' lang='lat' dir='ltr'><strong>secundus,</strong></span> <span class='ocrx_word' id='word_1_792' title='bbox 3024 5122 3125 5175; x_wconf 91' lang='lat' dir='ltr'><strong>hoc</strong></span> <span class='ocrx_word' id='word_1_793' title='bbox 3159 5130 3243 5175; x_wconf 84' lang='lat' dir='ltr'><strong>est</strong></span> <span class='ocrx_word' id='word_1_794' title='bbox 3287 5120 3449 5189; x_wconf 88' lang='lat' dir='ltr'><strong>lphiti</strong></span> <span class='ocrx_word' id='word_1_795' title='bbox 3504 5120 3653 5172; x_wconf 69' lang='lat' dir='ltr'><strong>l0“.</strong></span> <span class='ocrx_word' id='word_1_796' title='bbox 3694 5118 3733 5167; x_wconf 58' lang='lat' dir='ltr'><strong>si</strong></span> 
     </span>
    </p>
   </div>
   <div class='ocr_carea' id='block_1_110' title="bbox 2173 5210 3738 5279">
    <p class='ocr_par' dir='ltr' id='par_1_110' title="bbox 2173 5210 3738 5279">
     <span class='ocr_line' id='line_1_110' title="bbox 2173 5210 3738 5279; baseline -0.001 -15"><span class='ocrx_word' id='word_1_797' title='bbox 2173 5212 2421 5279; x_wconf 87' lang='lat' dir='ltr'><strong>quidem,</strong></span> <span class='ocrx_word' id='word_1_798' title='bbox 2454 5220 2511 5264; x_wconf 88' lang='lat' dir='ltr'><strong>ut</strong></span> <span class='ocrx_word' id='word_1_799' title='bbox 2540 5221 2595 5264; x_wconf 87' lang='lat' dir='ltr'><strong>et</strong></span> <span class='ocrx_word' id='word_1_800' title='bbox 2631 5212 2865 5265; x_wconf 83' lang='lat' dir='ltr'><strong>Annales</strong></span> <span class='ocrx_word' id='word_1_801' title='bbox 2897 5212 3271 5277; x_wconf 87' lang='lat' dir='ltr'><strong>consentiunt,</strong></span> <span class='ocrx_word' id='word_1_802' title='bbox 3299 5210 3526 5265; x_wconf 86' lang='lat' dir='ltr'><strong>Juliano</strong></span> <span class='ocrx_word' id='word_1_803' title='bbox 3564 5212 3629 5263; x_wconf 72' lang='grc'><strong>45</strong></span> <span class='ocrx_word' id='word_1_804' title='bbox 3652 5226 3738 5260; x_wconf 49' lang='lat' dir='ltr'><strong>cur</strong></span> 
     </span>
    </p>
   </div>
   <div class='ocr_carea' id='block_1_111' title="bbox 2175 5300 3733 5372">
    <p class='ocr_par' dir='ltr' id='par_1_111' title="bbox 2175 5300 3733 5372">
     <span class='ocr_line' id='line_1_111' title="bbox 2175 5300 3733 5372; baseline -0.003 -19"><span class='ocrx_word' id='word_1_805' title='bbox 2175 5302 2251 5370; x_wconf 91' lang='lat' dir='ltr'><strong>pit</strong></span> <span class='ocrx_word' id='word_1_806' title='bbox 2283 5316 2461 5355; x_wconf 88' lang='lat' dir='ltr'><strong>annus</strong></span> <span class='ocrx_word' id='word_1_807' title='bbox 2496 5301 2530 5352; x_wconf 71' lang='lat'><strong>‘2</strong></span> <span class='ocrx_word' id='word_1_808' title='bbox 2576 5300 2787 5372; x_wconf 84' lang='lat' dir='ltr'><strong>Olymp.</strong></span> <span class='ocrx_word' id='word_1_809' title='bbox 2826 5304 2946 5365; x_wconf 71' lang='grc'>194,</span> <span class='ocrx_word' id='word_1_810' title='bbox 2987 5303 3099 5357; x_wconf 83' lang='lat' dir='ltr'><strong>sive</strong></span> <span class='ocrx_word' id='word_1_811' title='bbox 3131 5303 3287 5372; x_wconf 86' lang='lat' dir='ltr'><strong>lphiti</strong></span> <span class='ocrx_word' id='word_1_812' title='bbox 3322 5302 3451 5355; x_wconf 66' lang='lat'><strong>774.</strong></span> <span class='ocrx_word' id='word_1_813' title='bbox 3485 5304 3643 5371; x_wconf 79' lang='lat' dir='ltr'><strong>Atqui</strong></span> <span class='ocrx_word' id='word_1_814' title='bbox 3668 5302 3733 5350; x_wconf 64' lang='lat' dir='ltr'><strong>hic</strong></span> 
     </span>
    </p>
   </div>
   <div class='ocr_carea' id='block_1_112' title="bbox 2175 5391 3738 5464">
    <p class='ocr_par' dir='ltr' id='par_1_112' title="bbox 2175 5391 3738 5464">
     <span class='ocr_line' id='line_1_112' title="bbox 2175 5391 3738 5464; baseline -0.004 -18"><span class='ocrx_word' id='word_1_815' title='bbox 2175 5395 2289 5462; x_wconf 87' lang='lat' dir='ltr'><strong>ipse</strong></span> <span class='ocrx_word' id='word_1_816' title='bbox 2319 5391 2568 5447; x_wconf 90' lang='lat' dir='ltr'><strong>Julianus</strong></span> <span class='ocrx_word' id='word_1_817' title='bbox 2593 5410 2770 5448; x_wconf 91' lang='lat' dir='ltr'><strong>annus</strong></span> <span class='ocrx_word' id='word_1_818' title='bbox 2812 5394 2939 5457; x_wconf 71' lang='lat'><strong>285,</strong></span> <span class='ocrx_word' id='word_1_819' title='bbox 2994 5393 3155 5464; x_wconf 87' lang='lat' dir='ltr'><strong>lphitl</strong></span> <span class='ocrx_word' id='word_1_820' title='bbox 3184 5394 3345 5457; x_wconf 73' lang='lat' dir='ltr'><strong>10H,</strong></span> <span class='ocrx_word' id='word_1_821' title='bbox 3396 5394 3738 5447; x_wconf 52' lang='lat' dir='ltr'><strong>memorabit:</strong></span> 
     </span>
    </p>
   </div>
   <div class='ocr_carea' id='block_1_113' title="bbox 2173 5485 3735 5558">
    <p class='ocr_par' dir='ltr' id='par_1_113' title="bbox 2173 5485 3735 5558">
     <span class='ocr_line' id='line_1_113' title="bbox 2173 5485 3735 5558; baseline -0.004 -17"><span class='ocrx_word' id='word_1_822' title='bbox 2173 5497 2256 5541; x_wconf 90' lang='lat' dir='ltr'><strong>est</strong></span> <span class='ocrx_word' id='word_1_823' title='bbox 2297 5486 2384 5539; x_wconf 87' lang='lat' dir='ltr'><strong>ille</strong></span> <span class='ocrx_word' id='word_1_824' title='bbox 2418 5486 2703 5541; x_wconf 88' lang='lat' dir='ltr'><strong>Censorini</strong></span> <span class='ocrx_word' id='word_1_825' title='bbox 2756 5503 2953 5553; x_wconf 91' lang='lat' dir='ltr'><strong>annus,</strong></span> <span class='ocrx_word' id='word_1_826' title='bbox 2982 5504 3144 5557; x_wconf 90' lang='lat' dir='ltr'><strong>quem</strong></span> <span class='ocrx_word' id='word_1_827' title='bbox 3194 5485 3359 5558; x_wconf 90' lang='lat' dir='ltr'><strong>Ulpio</strong></span> <span class='ocrx_word' id='word_1_828' title='bbox 3388 5498 3444 5542; x_wconf 89' lang='lat' dir='ltr'><strong>et</strong></span> <span class='ocrx_word' id='word_1_829' title='bbox 3500 5487 3735 5540; x_wconf 67' lang='lat' dir='ltr'><strong>Pontium</strong></span> 
     </span>
    </p>
   </div>
   <div class='ocr_carea' id='block_1_114' title="bbox 2174 5577 3736 5650">
    <p class='ocr_par' dir='ltr' id='par_1_114' title="bbox 2174 5577 3736 5650">
     <span class='ocr_line' id='line_1_114' title="bbox 2174 5577 3736 5650; baseline -0.001 -18"><span class='ocrx_word' id='word_1_830' title='bbox 2174 5594 2315 5632; x_wconf 91' lang='lat' dir='ltr'><strong>coss.</strong></span> <span class='ocrx_word' id='word_1_831' title='bbox 2354 5588 2525 5643; x_wconf 83' lang='lat' dir='ltr'><strong>notat,</strong></span> <span class='ocrx_word' id='word_1_832' title='bbox 2575 5578 2739 5635; x_wconf 91' lang='lat' dir='ltr'><strong>Urbis</strong></span> <span class='ocrx_word' id='word_1_833' title='bbox 2771 5582 2999 5635; x_wconf 73' lang='lat' dir='ltr'><strong>condita:</strong></span> <span class='ocrx_word' id='word_1_834' title='bbox 3025 5581 3120 5635; x_wconf 82' lang='grc'><strong>991</strong></span> <span class='ocrx_word' id='word_1_835' title='bbox 3165 5599 3176 5635; x_wconf 95' lang='lat'><strong>:</strong></span> <span class='ocrx_word' id='word_1_836' title='bbox 3214 5582 3303 5650; x_wconf 92' lang='lat' dir='ltr'><strong>qui</strong></span> <span class='ocrx_word' id='word_1_837' title='bbox 3337 5596 3463 5635; x_wconf 87' lang='lat' dir='ltr'><strong>cum</strong></span> <span class='ocrx_word' id='word_1_838' title='bbox 3497 5596 3613 5634; x_wconf 60' lang='grc' dir='ltr'><strong>ρει-κ</strong></span> <span class='ocrx_word' id='word_1_839' title='bbox 3636 5577 3736 5630; x_wconf 71' lang='lat' dir='ltr'><strong>Die-</strong></span> 
     </span>
    </p>
   </div>
   <div class='ocr_carea' id='block_1_115' title="bbox 2172 5672 3736 5741">
    <p class='ocr_par' dir='ltr' id='par_1_115' title="bbox 2172 5672 3736 5741">
     <span class='ocr_line' id='line_1_115' title="bbox 2172 5672 3736 5741; baseline -0.003 -16"><span class='ocrx_word' id='word_1_840' title='bbox 2172 5674 2415 5741; x_wconf 72' lang='lat' dir='ltr'><strong>nysiana:</strong></span> <span class='ocrx_word' id='word_1_841' title='bbox 2462 5672 2531 5726; x_wconf 90' lang='lat' dir='ltr'><strong>sit</strong></span> <span class='ocrx_word' id='word_1_842' title='bbox 2574 5672 2700 5737; x_wconf 63' lang='lat'><strong>958,</strong></span> <span class='ocrx_word' id='word_1_843' title='bbox 2735 5673 3001 5728; x_wconf 81' lang='lat' dir='ltr'><strong>bisextilis</strong></span> <span class='ocrx_word' id='word_1_844' title='bbox 3035 5689 3141 5727; x_wconf 89' lang='lat' dir='ltr'><strong>non</strong></span> <span class='ocrx_word' id='word_1_845' title='bbox 3190 5685 3295 5737; x_wconf 88' lang='lat' dir='ltr'><strong>est,</strong></span> <span class='ocrx_word' id='word_1_846' title='bbox 3342 5675 3435 5729; x_wconf 88' lang='lat' dir='ltr'><strong>sed</strong></span> <span class='ocrx_word' id='word_1_847' title='bbox 3479 5691 3509 5727; x_wconf 92' lang='lat' dir='ltr'><strong>a</strong></span> <span class='ocrx_word' id='word_1_848' title='bbox 3554 5674 3736 5726; x_wconf 64' lang='lat' dir='ltr'><strong>hiscite</strong></span> 
     </span>
    </p>
   </div>
   <div class='ocr_carea' id='block_1_116' title="bbox 2174 5762 3731 5838">
    <p class='ocr_par' dir='ltr' id='par_1_116' title="bbox 2174 5762 3731 5838">
     <span class='ocr_line' id='line_1_116' title="bbox 2174 5762 3731 5838; baseline -0.001 -21"><span class='ocrx_word' id='word_1_849' title='bbox 2174 5765 2467 5817; x_wconf 85' lang='lat' dir='ltr'><strong>secundus.</strong></span> <span class='ocrx_word' id='word_1_850' title='bbox 2516 5762 2683 5834; x_wconf 87' lang='lat' dir='ltr'><strong>Igitur</strong></span> <span class='ocrx_word' id='word_1_851' title='bbox 2708 5775 2760 5820; x_wconf 92' lang='lat' dir='ltr'><strong>et</strong></span> <span class='ocrx_word' id='word_1_852' title='bbox 2800 5766 3209 5821; x_wconf 88' lang='lat' dir='ltr'><strong>ducentesimus</strong></span> <span class='ocrx_word' id='word_1_853' title='bbox 3256 5769 3621 5838; x_wconf 81' lang='lat' dir='ltr'><strong>octogesimus</strong></span> <span class='ocrx_word' id='word_1_854' title='bbox 3652 5775 3731 5812; x_wconf 67' lang='lat' dir='ltr'><strong>ter-</strong></span> 
     </span>
    </p>
   </div>
   <div class='ocr_carea' id='block_1_117' title="bbox 2172 5852 3729 5925">
    <p class='ocr_par' dir='ltr' id='par_1_117' title="bbox 2172 5852 3729 5925">
     <span class='ocr_line' id='line_1_117' title="bbox 2172 5852 3729 5925; baseline -0.002 -13"><span class='ocrx_word' id='word_1_855' title='bbox 2172 5856 2281 5913; x_wconf 85' lang='lat' dir='ltr'><strong>tius</strong></span> <span class='ocrx_word' id='word_1_856' title='bbox 2311 5866 2437 5913; x_wconf 86' lang='lat' dir='ltr'><strong>ante</strong></span> <span class='ocrx_word' id='word_1_857' title='bbox 2472 5858 2648 5925; x_wconf 88' lang='lat' dir='ltr'><strong>illum,</strong></span> <span class='ocrx_word' id='word_1_858' title='bbox 2696 5860 2799 5914; x_wconf 90' lang='lat' dir='ltr'><strong>hoc</strong></span> <span class='ocrx_word' id='word_1_859' title='bbox 2828 5870 2909 5915; x_wconf 89' lang='lat' dir='ltr'><strong>est</strong></span> <span class='ocrx_word' id='word_1_860' title='bbox 2954 5859 3164 5924; x_wconf 87' lang='lat' dir='ltr'><strong>primus</strong></span> <span class='ocrx_word' id='word_1_861' title='bbox 3193 5858 3447 5917; x_wconf 81' lang='lat' dir='ltr'><strong>Julianus</strong></span> <span class='ocrx_word' id='word_1_862' title='bbox 3502 5852 3729 5914; x_wconf 64' lang='lat' dir='ltr'><strong>bisetUEi:</strong></span> 
     </span>
    </p>
   </div>
  </div>
