3810 6216
151 334 237 394 SOI

1287 330 1377 386 DE
1413 330 1600 387 ANNO
1638 332 1890 387 NATALI
1929 332 2211 388 CHRISTI

3275 339 3381 396 902

150 452 258 515 fuit,
284 445 487 509 ε1211,
539 446 652 501 sive
695 445 949 502 Julianus
977 447 1068 510 45,
1117 445 1275 516 lphiti
1317 448 1440 511 774,
1471 448 1701 504 Lentulo
1729 461 1775 516 Α
1804 466 1907 521 que
1955 451 2369 507 methoduswel
2405 452 2589 520 pueris
2639 453 3050 523 cognitadrujus
3088 455 3163 508 rei
3216 455 3376 511 lldem

149 555 197 600 et
226 539 524 595 Marcellino
550 554 836 600 coss.,non
867 538 1156 603 bisextilis,
1194 541 1287 596 sed
1319 542 1386 595 ab
1417 557 1483 596 eo
1509 558 1706 596 secun-

148 635 239 689 dus
264 640 362 686 est.
393 631 524 696 Quae
558 630 739 683 omnia
782 629 834 684 id
881 631 1024 700 quod
1059 632 1220 686 modo
1253 633 1592 702 propositum
1622 642 1706 688 est

147 725 427 783 certissime
462 723 871 779 demonstrant:
919 740 1122 780 annum
1154 723 1431 779 Julianum
1469 726 1703 796 primum

146 836 230 891 per
258 831 559 884 regressum
594 814 646 869 in
693 816 987 879 anteriora,
1016 832 1229 886 usuque
1267 829 1454 872 nostro
1481 817 1704 872 bisexti-

146 916 236 966 lem
263 923 400 970 esse,
437 916 495 960 ut
531 918 584 962 et
627 905 830 962 Paulus
884 907 1452 978 Forosemproniensis
1496 910 1700 966 docuit.

146 1003 420 1058 Estautem
457 1002 508 1054 in
536 1001 926 1056 constituendis
949 1001 1286 1058 bisextilibus
1307 1002 1568 1057 habendae
1593 1019 1703 1058 non

144 1093 382 1148 editionis
429 1093 679 1155 Julianze.
723 1093 814 1149 sed
847 1093 1150 1163 Augustaeaa
1179 1109 1244 1150 ac
1283 1103 1481 1149 nostrae
1526 1094 1700 1150 ratio:

144 1187 189 1240 id
217 1185 352 1256 quod
385 1184 684 1239 Annalibus
739 1185 1073 1255 imposuisse
1111 1185 1346 1240 videtur.
1396 1183 1453 1240 In
1506 1187 1705 1257 quibus

143 1291 253 1330 cum
301 1289 369 1327 ex
414 1272 544 1327 Julii
594 1273 826 1328 Caesaris
859 1275 1200 1330 institutione
1234 1274 1536 1330 bisextilem
1579 1290 1700 1330 eum

142 1380 250 1419 esse
289 1372 648 1420 monstrasset
694 1381 923 1428 annum,
957 1381 1064 1436 quo
1095 1365 1358 1422 Lentulus
1393 1376 1446 1422 et
1480 1367 1705 1423 Marcel-

141 1458 273 1510 ltnus
315 1471 460 1512 coss.
507 1455 748 1521 fuerunt,
791 1457 1097 1512 confectam
1151 1459 1255 1514 sibi
1293 1475 1406 1514 rem
1449 1459 1699 1530 putavit:

139 1551 281 1620 quasi
329 1551 600 1618 eamdem,
651 1567 814 1620 quam
848 1565 877 1605 a
923 1549 1069 1606 Julio
1104 1551 1319 1606 Caesare
1366 1551 1702 1623 propositam

138 1643 374 1706 aliirmat,
415 1643 746 1697 hisextilium
796 1643 990 1698 seriem
1043 1643 1322 1713 Augustus
1368 1645 1699 1700 retinuisset.

137 1734 208 1790 Ex
242 1749 348 1804 quo
387 1746 440 1789 et
468 1735 599 1816 illud
650 1735 889 1789 manavit
941 1744 998 1789 ut
1041 1739 1107 1808 τῇ
1139 1735 1392 1789 ὑποθέσει
1439 1734 1702 1790 δουλεύων

1806 542 1878 595 ab
1929 541 2116 596 invitis
2165 549 2468 612 extorquet.
2521 541 2652 596 Nam
2686 543 2731 597 si
2761 544 2865 598 hoc
2905 560 3071 609 anno,
3116 561 3226 615 quo
3267 546 3383 602 ha:c

1805 633 2116 698 scribimus,
2168 633 2260 704 qui
2311 644 2395 688 est
2445 650 2567 689 teme
2625 634 2967 707 Dionysianae
3017 637 3146 692 1621
3197 639 3382 710 cyclus

1804 726 1966 795 vulgo
2000 734 2344 792 numeratur,
2419 727 2550 781 solis
2577 727 2630 792 6,
2679 727 2818 782 luna:
2846 730 2899 792 7,
2960 729 3148 785 indict.
3177 730 3232 794 4,
3289 747 3381 786 ne-

1803 832 1958 872 cesse
2002 825 2086 872 est
2137 825 2197 872 ut
2238 833 2416 872 annus
2465 833 2585 872 aerae
2619 818 2826 888 primus
2880 820 3064 890 cyclos
3111 821 3379 885 habuerit,

1805 909 1937 964 solis
1971 908 2059 974 10,
2097 909 2240 964 lunae
2265 911 2320 972 2,
2355 909 2539 965 indict.
2575 910 2640 976 4;
2673 909 2876 967 Natalis
2902 925 3031 966 vero
3058 910 3259 966 Christi
3290 929 3381 966 so-

1805 1000 1871 1054 lis
1898 1000 1951 1064 9,
1984 1001 2125 1055 lunae
2156 1001 2181 1053 1
2209 1041 2224 1065 ,
2277 1001 2464 1056 indict.
2499 1017 2531 1057 a
2567 1001 2688 1056 Kal.
2723 1001 2844 1058 Jan.
2889 1003 2942 1056 5,
3019 1001 3135 1059 Νοη
3207 1013 3385 1074 potest

1803 1099 1983 1145 autem
2019 1091 2211 1162 triplex
2244 1093 2334 1146 hic
2362 1101 2670 1162 postremus
2700 1094 2984 1148 character
3010 1095 3186 1160 alteri,
3216 1111 3381 1165 quam

1802 1183 1872 1238 45
1917 1181 2134 1238 Juliano
2184 1185 2375 1247 tribui,
2438 1184 2652 1258 Olymp.
2696 1186 2798 1241 194
2871 1201 3015 1241 anno
3049 1187 3084 1241 4
3129 1187 3382 1242 labente:

1805 1275 1958 1330 urbis
1990 1275 2176 1331 Roma:
2208 1292 2238 1332 a
2275 1276 2538 1333 Palilibus
2565 1277 2922 1332 Varronianis
2951 1279 3057 1333 755
3085 1298 3098 1332 :
3131 1279 3182 1334 id
3214 1281 3380 1350 quod,

1804 1365 1848 1419 si
1881 1376 2026 1421 recte
2069 1368 2350 1438 superiora
2387 1371 2564 1439 posita
2595 1378 2743 1433 sunt,
2776 1372 3082 1425 necessario
3114 1374 3380 1442 sequitur.

1801 1454 2167 1514 Praetermitto
2215 1460 2408 1515 sideris
2453 1460 2742 1530 utriusque
2771 1461 3108 1518 defectiones
3144 1479 3208 1518 ac
3258 1465 3383 1518 reli-

1801 1564 1941 1618 quos
1973 1567 2242 1606 annorum
2275 1553 2618 1608 characteres
2649 1569 2712 1608 ac
2767 1564 2922 1609 notas
2953 1574 2966 1608 :
2999 1557 3200 1625 quibus
3226 1558 3376 1611 velut

1801 1640 2132 1699 firmissimis
2180 1645 2454 1714 praesidiis
2487 1655 2790 1715 temporum
2840 1647 2954 1704 haec
2983 1648 3229 1703 doctrina
3262 1665 3382 1703 mu-

1802 1735 2086 1791 nitur:de
2131 1737 2332 1807 quibus
2379 1737 2623 1807 plerique
2701 1739 2805 1794 hac
2854 1748 3175 1810 tempestate
3223 1743 3382 1798 docte

136 1843 326 1883 annum
359 1825 639 1900 Julianum
685 1825 745 1880 51
800 1826 1104 1897 legitimum
1154 1842 1221 1881 ex
1251 1827 1482 1898 Augusti
1519 1842 1702 1882 corre-
1732 1815 1775 1869 Β
1803 1835 2067 1898 acuteque
2096 1828 2458 1898 scripserunt.

135 1925 301 1980 ctione
349 1922 624 1977 bisextum
654 1921 914 1978 habuisse
947 1923 1170 1979 diceret.
1208 1922 1345 1978 Nam
1381 1925 1495 1979 sive
1538 1925 1607 1978 ab
1636 1934 1702 1978 eo

134 2013 194 2068 ad
222 2014 288 2067 45
335 2027 613 2078 recurras,
664 2013 778 2067 sive
823 2028 853 2066 a
901 2013 1078 2082 primo
1108 2011 1326 2069 Juliano
1357 2014 1424 2068 ad
1452 2015 1701 2068 eumdem

135 2101 195 2156 18
231 2101 552 2166 descendas,
606 2100 659 2154 in
712 2101 1020 2156 bisextilem
1070 2102 1300 2158 incides.
1353 2101 1458 2158 Sed
1502 2102 1700 2159 falsum

131 2204 226 2254 est.
267 2209 472 2248 annum
519 2193 796 2248 Julianum
829 2209 892 2248 ex
927 2196 1155 2266 Augusti
1204 2195 1590 2251 reformatione
1621 2196 1702 2250 bi-

132 2286 372 2341 sextilem
426 2285 636 2340 fuisse:
671 2287 970 2355 praesertim
1026 2289 1073 2344 si
1121 2287 1374 2342 vitiosum
1427 2287 1700 2342 bisextnm

135 2381 505 2435 duodecimum
542 2395 697 2435 anno
754 2378 972 2435 Juliano
1025 2380 1115 2447 56,
1149 2381 1294 2450 quod
1350 2381 1578 2436 Annales
1617 2381 1700 2435 fa-

134 2475 294 2536 ciunt,
329 2472 707 2536 tribuerimus,
735 2474 871 2527 adeo
901 2483 960 2528 ut
1002 2473 1282 2544 Augustus
1323 2489 1466 2528 anno
1493 2474 1560 2528 58
1590 2483 1701 2529 sta-

131 2567 282 2620 tuerit
316 2566 603 2621 duodecim
628 2566 751 2620 illos
773 2566 891 2621 sine
918 2566 1129 2621 bisexto
1160 2566 1537 2637 transigendos
1557 2582 1695 2621 esse.

129 2657 194 2712 Ut
220 2659 382 2715 enim
399 2658 630 2715 ala-anno
647 2657 863 2714 Juliano
887 2659 955 2715 57
971 2659 1178 2729 primus
1207 2674 1268 2713 ex
1301 2659 1564 2714 duodenis
1593 2660 1698 2716 illis

128 2736 442 2825 direpGélorg
485 2753 733 2822 cmperit,
780 2751 1138 2806 duodecimus
1177 2750 1281 2806 erit
1307 2749 1555 2806 Julianus
1582 2750 1651 2806 48
1680 2770 1694 2807 :

129 2862 231 2916 quo
278 2855 495 2910 exacto,
549 2850 950 2915 peremptisque
997 2843 1225 2899 bisextis
1271 2843 1559 2914 superﬂuis
1606 2846 1700 2899 tri-

127 2939 242 3005 bus,
285 2954 468 2993 annus
517 2937 570 2991 in
623 2937 766 2991 viam
815 2935 1074 2991 reductus
1104 2945 1204 2990 est.
1249 2934 1402 2990 Hane
1447 2951 1596 3002 vero,
1639 2944 1699 3001 ut

127 3031 306 3084 ordine
341 3045 410 3083 ac
456 3028 664 3082 ratione
712 3027 970 3096 deinceps
1018 3026 1311 3091 insisteret,
1343 3035 1536 3096 quarto
1579 3035 1700 3096 post

125 3122 191 3177 48
213 3137 358 3177 anno
388 3121 657 3176 bisextilis
686 3135 862 3175 annus
910 3119 1260 3174 collocandus
1301 3117 1434 3186 fuit;
1480 3117 1696 3175 Juliano
1722 3154 1764 3211 ο

127 3213 328 3268 scilicet
357 3212 448 3275 52,
468 3221 526 3265 ut
550 3227 616 3266 ex
641 3209 808 3265 Paulo
839 3209 1198 3280 Middelburg.
1231 3212 1482 3280 superius
1513 3218 1696 3263 osten-

125 3307 320 3361 dimus.
358 3306 432 3360 At
471 3320 604 3360 vero
644 3304 689 3358 si
721 3303 782 3358 51
830 3317 1033 3357 annum
1080 3302 1385 3358 hisextilem
1418 3303 1696 3371 Augustus

123 3414 238 3453 esse
269 3397 468 3460 voluit,
498 3396 553 3451 in
598 3394 742 3450 idem
775 3394 968 3452 vitium
1006 3395 1256 3463 incurrit,
1290 3395 1434 3464 quod
1470 3393 1697 3449 Julianat

123 3491 375 3545 editionis
411 3489 566 3543 initio
599 3486 952 3543 commissum
984 3485 1203 3552 fuerat;
1240 3501 1432 3556 nempe
1457 3497 1516 3539 ut
1538 3491 1696 3540 tertio

122 3589 239 3650 post
286 3580 594 3636 bisextilem
653 3593 798 3633 anno
848 3577 1118 3632 bisexdlis
1171 3577 1326 3631 aliter
1382 3588 1692 3646 poneretur.

123 3674 362 3743 Denique
394 3686 554 3726 nemo
587 3671 849 3726 hactenus
880 3669 1132 3726 inventus
1164 3679 1267 3734 est,
1296 3670 1389 3740 qui
1417 3667 1693 3724 Juliannm

121 3765 178 3820 51
223 3775 348 3836 post
379 3765 611 3836 Augusti
657 3763 1093 3818 emendationem
1126 3763 1428 3818 bisextilem
1471 3761 1690 3818 faceret.

190 3859 259 3912 At
285 3859 437 3914 enim
462 3856 879 3913 trecentesimus
921 3855 1292 3926 sexagesimus
1319 3865 1546 3924 quartus
1575 3863 1696 3925 post

117 3950 264 4004 illum
298 3950 574 4006 bisextilis
618 3961 721 4010 est,
758 3957 852 4002 aut
886 3948 1190 4002 docendum
1243 3947 1297 4000 in
1348 3947 1694 4004 recensendis

117 4056 260 4097 coss.
293 4042 490 4096 vitium
523 4041 830 4111 irrepsisse.
878 4040 1001 4095 llazc
1035 4041 1179 4096 enim
1217 4042 1501 4094 Annalium
1531 4041 1694 4097 verba

116 4145 260 4190 sunt.
306 4135 420 4190 Sed
457 4145 510 4190 et
538 4135 668 4190 illud
710 4149 817 4188 non
858 4135 1040 4188 minus
1084 4133 1300 4202 falsum,
1332 4149 1533 4188 annum
1575 4150 1696 4191 atrae

117 4227 452 4284 Christiana:
513 4227 646 4290 564,
704 4235 825 4298 post
877 4227 1162 4282 Lentulum
1217 4239 1270 4282 et
1324 4227 1694 4282 Marcellinum

114 4333 258 4374 coss.
311 4334 440 4374 esse
483 4319 921 4373 trecentesimum
971 4319 1370 4389 sexagesimum
1414 4327 1691 4388 quartum,

117 4423 238 4462 cum
279 4423 409 4462 vere
450 4407 522 4463 sit
549 4408 616 4462 ab
650 4407 865 4461 illorum
913 4410 1198 4463 consulatu
1235 4409 1338 4462 566
1368 4426 1382 4475 ;
1413 4410 1692 4465 sciendum

1877 1918 1956 1973 Ac
1999 1919 2066 1973 de
2100 1919 2267 1990 cyclis
2317 1932 2372 1975 et
2422 1920 2475 1974 id
2523 1935 2693 1992 genus
2727 1922 2848 1978 aliis
2897 1924 3229 1978 mentionem
3278 1926 3381 1981 hoc

1804 2009 1926 2065 loco
1957 2027 2024 2066 ne
2056 2011 2235 2068 littera
2266 2012 2486 2083 quidem
2519 2014 2838 2084 attigissem,
2885 2016 2988 2070 nisi
3031 2032 3061 2070 a
3104 2027 3380 2076 nonnuiits

1806 2110 1976 2157 totum
2011 2102 2115 2157 hoc
2157 2104 2432 2172 negotium
2484 2104 2783 2174 improbari
2814 2121 3115 2172 cernerem,
3149 2121 3214 2161 ae
3263 2117 3384 2162 tan-

1802 2209 1967 2264 quam
2007 2196 2166 2249 inane
2226 2203 2390 2264 atque
2430 2197 2667 2249 otiosum
2698 2194 2884 2250 rideri.
2918 2193 3038 2250 Vidi
3069 2213 3169 2269 ego
3207 2214 3380 2266 nuper

1803 2290 1893 2358 qui
1929 2289 2058 2345 huic
2106 2288 2363 2344 methodo
2396 2289 2608 2358 pondus
2657 2304 2732 2365 ac}
2769 2288 2929 2343 ﬁdem
2968 2291 3034 2346 iis
3077 2292 3378 2347 rationibus

1802 2381 2132 2437 detraheret.
2178 2381 2422 2436 Primum
2455 2382 2729 2452 cyclorum
2756 2381 3018 2438 incertam
3047 2383 3229 2439 aiebat
3258 2400 3379 2440 esse

1801 2474 2236 2544 dispositionem,
2284 2488 2460 2543 neque
2498 2488 2826 2544 quemquam
2856 2490 3022 2528 unum
3052 2491 3174 2530 cum
3207 2477 3378 2530 altero

1801 2568 2134 2624 convenire:
2170 2568 2317 2638 quod
2365 2567 2458 2621 alii
2503 2567 2609 2622 alio
2665 2567 2797 2622 solis
2829 2583 2893 2622 ac
2935 2569 3078 2624 lunae
3105 2572 3256 2642 cyclo
3292 2570 3377 2624 fa-

1800 2660 2064 2716 bricatum
2096 2661 2265 2714 velint
2304 2659 2644 2716 universum.
2679 2657 2784 2714 Sed
2811 2660 2935 2714 huic
2961 2659 3119 2717 facile
3151 2677 3181 2716 a
3210 2665 3368 2718 nobis

1803 2752 2134 2806 occurritur.
2165 2749 2336 2805 Nemo
2368 2759 2453 2805 est
2479 2750 2623 2805 enim
2667 2751 2761 2819 qui
2790 2751 3008 2821 quidem
3039 2753 3148 2807 duo
3177 2769 3240 2808 ac
3273 2756 3375 2809 tria

1799 2857 2084 2896 numerare
2131 2843 2336 2912 possit,
2388 2841 2484 2912 qui
2556 2843 2612 2896 in
2666 2841 2998 2914 Dionysiana
3051 2845 3374 2916 volgarique

1799 2932 1973 2988 forma
2003 2934 2186 3006 cyclos
2213 2934 2370 2987 aliter
2409 2942 2686 3003 computet
2711 2950 2872 3004 quam
2920 2935 3101 3004 quivis
3133 2953 3164 2990 e
3189 2937 3369 3007 vulgo.

1798 3025 1982 3083 Potest
2011 3027 2229 3096 quidem
2279 3027 2331 3080 in
2384 3041 2676 3089 annorum,
2730 3027 2821 3096 qui
2871 3027 2940 3081 ah
2988 3027 3118 3082 orbe
3152 3032 3374 3084 condi-to

1797 3120 2025 3182 ﬂuxere,
2061 3133 2292 3173 numero
2320 3119 2456 3174 alter
2489 3118 2558 3172 ab
2586 3119 2756 3173 altero
2784 3118 3093 3174 dissentire.
3145 3118 3248 3175 Sed
3279 3123 3372 3191 qui

1796 3214 1864 3267 de
1893 3213 2051 3265 annis
2081 3211 2222 3265 inter
2248 3226 2305 3265 se
2345 3210 2718 3271 convenerint,
2760 3209 2815 3263 in
2845 3211 3036 3281 cyclis,
3067 3210 3169 3266 nisi
3205 3227 3374 3282 pecu--

1797 3302 1893 3358 des
1952 3303 2097 3365 sint,
2165 3301 2494 3356 conveniant
2561 3314 2784 3355 necesse
2838 3309 2942 3355 est.
3014 3299 3188 3356 Habet
3243 3318 3374 3358 vero

1798 3409 2052 3464 magnum
2095 3408 2155 3447 ea
2189 3407 2278 3447 res
2307 3392 2374 3446 ad
2405 3406 2578 3445 annos
2605 3389 2932 3446 evolvendos
2965 3407 3123 3446 usum
3163 3403 3218 3445 et
3273 3409 3373 3462 op-

1797 3486 2178 3554 portunitatem
2212 3504 2225 3539 :
2261 3494 2320 3539 ut
2366 3500 2396 3538 a
2429 3484 2600 3553 teipso
2639 3498 2747 3537 non
2793 3483 3083 3548 dissideas,
3117 3492 3172 3538 ut
3201 3500 3373 3539 annu-

1797 3594 1918 3632 rum
1953 3579 2272 3642 varietates,
2318 3592 2441 3647 quaa
2475 3583 2604 3632 sunt
2630 3591 2729 3646 pro
2753 3575 3032 3631 nationum
3062 3577 3374 3632 diversitate

1797 3669 2144 3737 multiplices,
2193 3678 2396 3724 certam
2453 3667 2521 3722 ad
2571 3669 2808 3736 regulam
2849 3681 3206 3739 normamque
3247 3670 3374 3723 diri-

1797 3777 1913 3832 gas,
1967 3771 2026 3815 ut
2064 3762 2132 3816 ab
2178 3761 2559 3816 astronomicis
2589 3761 3061 3817 observationibus
3090 3764 3143 3816 in
3191 3779 3374 3832 persc-

1797 3851 2015 3920 quenda
2075 3860 2378 3921 temporum
2442 3851 2808 3921 descriptione
2877 3869 2984 3906 non
3052 3854 3369 3909 abhorreas.

1800 3941 2007 3997 Etenim
2061 3944 2105 3997 si
2167 3944 2293 3996 anni
2344 3940 2546 3995 Juliani
2589 3941 2784 4005 forma,
2833 3958 2955 4011 qure
3000 3950 3119 4012 post
3164 3944 3372 4013 aliquot

1798 4047 2066 4086 annorum
2121 4033 2288 4086 millia
2331 4041 2545 4101 recepta
2594 4032 2717 4096 fuit,
2750 4043 2968 4102 prepter
3013 4037 3372 4090 commodita-

1795 4133 1906 4178 tem
1962 4126 2030 4178 ab
2086 4125 2340 4179 omnibus
2387 4125 2544 4179 hodie
2598 4127 2942 4196 chronologis
2994 4128 3059 4181 ad
3097 4130 3370 4185 anteriora

1796 4218 1960 4271 etiam
2001 4226 2244 4284 tempora
2285 4225 2592 4280 revocatur,
2650 4217 2717 4270 ad
2778 4233 3008 4286 eamque
3060 4217 3371 4274 referuntur

1792 4308 1918 4377 jure
1948 4317 2174 4369 caeterze,
2203 4323 2302 4362 cur
2336 4323 2443 4361 non
2485 4309 2538 4361 in
2580 4308 2746 4380 cyclis
2782 4324 3043 4376 usurpare
3067 4310 3206 4365 idem
3238 4312 3370 4366 lice-

1796 4400 1919 4454 bit?
1960 4399 2234 4465 Qnaeritur
2263 4416 2370 4470 quo
2412 4417 2556 4455 anno
2591 4401 2767 4471 Cyrus
2799 4403 2852 4454 in
2888 4400 3108 4456 Perside
3143 4418 3370 4473 regnare

114 4501 256 4554 enim
290 4508 379 4556 est
404 4499 516 4555 duo
535 4500 588 4553 in
614 4499 908 4553 Annalibus
934 4502 1084 4570 paria
1107 4501 1398 4556 consulum
1423 4510 1692 4572 exempta,
1725 4515 1770 4569 ι)
1801 4492 2043 4560 cmperit.
2072 4493 2272 4547 Audies
2289 4509 2316 4546 a
2336 4493 2682 4562 chronoIOgis
2704 4507 2848 4546 anno
2867 4494 3040 4562 primo
3068 4492 3280 4566 Olymp.
3300 4497 3371 4551 55
3438 4514 3444 4522 ·

113 4594 316 4661 quibus
369 4609 438 4647 ex
489 4593 681 4649 ordine
723 4593 973 4656 sublatis,
1033 4591 1345 4647 Christiana
1397 4609 1526 4660 aera,
1571 4609 1694 4664 quae

111 4683 336 4740 biennio
385 4684 650 4738 hactenus
700 4683 997 4752 anticipata
1049 4681 1246 4749 fuerat,
1304 4699 1427 4736 cum
1485 4683 1694 4754 vulgari

111 4777 334 4831 demum
379 4777 435 4830 in
464 4775 810 4830 concordiam
849 4775 1006 4828 rediit
1038 4796 1051 4829 :
1085 4774 1227 4842 quod
1273 4774 1413 4828 idem
1456 4774 1508 4828 in
1544 4773 1694 4829 Onu-

110 4869 303 4926 frianis
350 4867 553 4934 Fastis,
599 4868 714 4938 pari
767 4882 910 4922 coss.
957 4881 1067 4921 uno
1101 4881 1416 4936 suppresso,
1447 4867 1690 4939 contigit,

109 4967 173 5020 de
201 4981 314 5034 qua
344 4979 406 5018 re
438 4949 796 5033 opportunius
830 4960 959 5014 alibi
1003 4959 1235 5015 dicetur.

173 5055 296 5111 Jam
355 5071 511 5118 vero,
559 5056 704 5125 quod
757 5068 864 5108 acra
916 5053 1008 5107 illa
1067 5053 1394 5116 communis,
1441 5067 1603 5122 quam
1661 5069 1693 5108 τι

107 5149 312 5203 Christi
343 5147 521 5202 Natali
556 5148 874 5216 repetimus,
901 5147 1149 5202 eumdem
1182 5145 1426 5200 Natalem
1453 5146 1505 5200 in
1530 5148 1690 5200 linem

103 5239 309 5295 Juliani
349 5239 426 5295 45
452 5239 728 5310 conjiciat,
759 5255 823 5293 ex
855 5238 1144 5310 disputatis
1190 5238 1452 5293 hactenus
1482 5237 1554 5291 ita
1583 5237 1694 5290 col-

105 5330 634 5402 ligiturzAugustus
683 5331 978 5400 imperator
1006 5329 1242 5384 excessit
1282 5344 1426 5382 anno
1475 5326 1692 5382 Juliano

105 5423 196 5476 59.
235 5421 338 5478 Est
388 5433 569 5478 autem
620 5438 667 5478 IS
697 5437 820 5477 πει-ξε
872 5421 1213 5493 Dionysiame
1241 5421 1327 5485 M,
1366 5430 1423 5475 ut
1448 5430 1573 5474 ante
1600 5420 1693 5474 de-

102 5524 480 5570 monstratum
515 5525 614 5572 est.
661 5515 830 5586 Igitur
862 5530 982 5569 terre
1013 5514 1176 5582 hujus
1211 5513 1422 5568 initium
1448 5527 1511 5568 ex
1546 5528 1594 5566 a.
1633 5511 1688 5566 d.

102 5605 220 5662 Kal.
254 5605 392 5662 Jan.
427 5607 619 5678 incipit
667 5608 794 5662 anni
840 5605 1038 5661 Juliani
1080 5605 1169 5670 46,
1199 5608 1438 5674 adeoque
1485 5603 1691 5660 Natalis

98 5697 308 5754 Christi
368 5696 729 5756 Dionvsianus
771 5714 893 5752 cum
934 5712 1077 5752 anno
1123 5695 1338 5750 Juliano
1367 5696 1436 5750 45
1459 5705 1690 5751 exeunte

95 5795 384 5856 «teneruit.
435 5792 740 5860 Quinetiam
771 5792 1040 5860 cyclorum
1095 5790 1406 5861 pervulgata
1442 5798 1685 5860 recepta-

1800 4585 2084 4654 imperium
2119 4586 2345 4655 cepisse.
2388 4584 2494 4640 Sed
2529 4601 2652 4642 cum
2682 4586 3023 4658 Olympiades
3072 4590 3140 4642 ah
3181 4589 3372 4644 aestivo

1795 4676 2029 4731 solstitio
2069 4676 2272 4744 ineant,
2305 4689 2488 4732 utrum
2534 4680 2600 4733 de
2639 4679 2911 4748 prioribus
2945 4697 2996 4734 vr
3044 4684 3171 4736 anni
3225 4683 3369 4738 illius

1795 4768 2097 4834 mensibus,
2133 4784 2202 4822 an
2241 4769 2309 4823 de
2347 4770 2742 4838 posterioribus
2795 4771 3105 4841 loquantur,
3156 4776 3256 4829 hoc
3287 4786 3368 4830 est

1793 4862 1860 4918 de
1891 4877 2034 4918 anno
2062 4863 2268 4932 periodi
2307 4861 2537 4918 Julian-ae
2561 4864 2721 4928 4154,
2752 4881 2820 4919 an
2865 4867 3025 4932 4155,
3059 4868 3229 4922 nihilo
3257 4883 3367 4920 ma-

1793 4956 1875 5027 gis
1931 4973 2211 5029 agnosces.
2285 4955 2490 5022 Quodsi
2526 4957 2897 5027 chronologus
2943 4958 3052 5023 ille,
3118 4960 3368 5028 quisquis

1793 5057 1896 5114 est,
1916 5050 2099 5120 cyclos
2129 5047 2420 5112 addiderit,
2453 5050 2633 5104 statim
2659 5058 2784 5103 utro
2812 5066 2957 5104 anno
2988 5049 3190 5107 factum
3221 5052 3368 5107 dixe-

1793 5140 1863 5193 rit
1893 5139 2200 5195 necessario
2237 5139 2573 5195 docebimur.

1862 5230 1933 5286 At
1957 5232 2100 5285 enim
2133 5231 2187 5286 in
2221 5247 2367 5287 anno
2396 5231 2578 5299 aliquo
2611 5230 2845 5300 primum
2878 5232 3011 5302 cycli
3039 5231 3198 5286 defixi
3243 5247 3366 5289 esse

1793 5324 2011 5388 debent,
2061 5339 2172 5394 quo
2193 5339 2260 5378 ex
2290 5339 2436 5379 anno
2471 5324 2804 5394 reliquorum
2829 5326 2964 5397 cycli
2993 5326 3279 5395 pendeant.
3311 5324 3364 5380 is

1792 5426 1974 5472 autem
2029 5431 2208 5486 neque
2251 5430 2318 5470 ex
2357 5417 2659 5486 Scriptura,
2710 5433 2886 5488 neque
2919 5418 3136 5472 aliunde
3185 5427 3363 5488 potest

1791 5508 1991 5578 colligi.
2024 5506 2174 5562 Itane
2213 5507 2382 5562 vero?
2412 5505 2486 5562 De
2516 5509 2682 5579 cyclis
2707 5509 2849 5563 inter
2884 5509 3229 5565 Christianos
3261 5510 3361 5563 ho-

1790 5602 1878 5657 die
1914 5617 2020 5655 non
2049 5601 2324 5666 convenit,
2351 5600 2445 5670 qui
2475 5602 2693 5670 quidem
2727 5618 3072 5658 communem
3115 5605 3361 5658 matricis

1789 5695 2082 5759 Ecclesiae,
2118 5695 2221 5750 hoc
2252 5704 2335 5750 est
2384 5695 2665 5762 Romanae,
2716 5713 2876 5753 usum
2920 5697 3193 5751 retinent?
3238 5695 3361 5754 Non

1789 5803 1979 5845 omnes
2009 5803 2209 5842 annum
2241 5786 2445 5842 Christi
2478 5786 2722 5845 Natalem
2781 5789 2834 5845 in
2875 5791 3084 5854 cyclum
3129 5789 3261 5846 solis
3300 5789 3358 5850 9.
