3810 6216
415 381 522 438 905

1541 371 1883 430 APPENDIX
1928 367 2554 424 DISSERTATIONUM.

3560 366 3655 422 9οι

416 498 559 553 hunc
594 497 617 550 1
652 494 981 551 conferunt?
1032 495 1163 561 Quis
1193 504 1309 559 est,
1362 498 1455 566 qui
1506 496 1550 549 si
1582 497 1737 549 ’alios
1789 495 1841 547 in
1889 493 1992 547 ista
2021 497 2064 550 Α
2094 506 2256 553 anno,
2286 491 2552 559 quibusve
2574 497 2892 549 coss.natus
2910 486 3265 550 sitChristus,
3288 486 3651 554 exposuimus.

413 587 665 641 methodo
698 588 880 657 cyclos
915 587 1185 649 statuerit,
1235 602 1343 641 non
1379 587 1462 640 vel
1508 587 1574 640 ab
1622 585 1867 656 logistica
1903 584 1985 637 re—

414 676 669 731 fellatur?
698 675 974 731 Habemus
1005 677 1169 745 igitur
1200 676 1253 729 in
1289 692 1397 730 tera
1440 674 1776 746 Dionysiana
1813 684 1986 729 statos

413 777 469 823 et
500 768 640 823 ﬁxos
686 782 952 822 annorum
994 772 1214 839 cyclos.
1260 784 1292 822 a
1340 768 1539 836 quibus
1575 776 1682 820 tam
1717 767 1781 820 ad
1829 780 1989 834 supe-

414 862 583 929 riora,
616 876 780 930 quam
812 862 877 916 ad
907 861 1164 916 inferiora
1201 873 1443 929 tempora
1473 860 1721 929 progredi
1772 860 1823 912 in
1863 858 1987 911 inﬁ-

417 955 590 1010 nitum
639 955 798 1021 licet;
848 970 1023 1024 neque
1059 971 1283 1011 necesse
1324 964 1408 1010 est
1449 955 1502 1008 id
1535 971 1603 1010 ex
1641 955 1806 1009 ullius
1838 954 1991 1008 testi-

416 1047 603 1101 monio
648 1046 969 1114 scriptoris,
1016 1049 1099 1100 vel
1141 1047 1328 1116 eclipsi
1378 1062 1445 1100 ex
1489 1047 1669 1116 aliqua
1717 1056 1988 1110 constare,

419 1153 543 1190 cum
571 1151 847 1191 consensu
889 1136 1129 1189 omnium
1159 1138 1400 1191 stabilita
1432 1137 1503 1191 sit
1539 1138 1642 1191 ista
1679 1136 1987 1199 methodus,

417 1237 470 1281 et
494 1228 546 1280 in
575 1243 734 1281 usum
761 1228 1012 1281 deducta.
1038 1226 1323 1282 Postremo
1352 1227 1481 1280 illud
1507 1227 1819 1297 opponitur,
1845 1226 1994 1296 quod

420 1320 488 1373 ad
539 1320 809 1388 cyclorum
836 1334 898 1373 ac
927 1320 1227 1374 caelestium
1249 1321 1490 1373 omnium
1518 1319 1856 1389 φαινομένων
1886 1318 1996 1372 ele—

420 1410 648 1463 vandam
665 1410 819 1462 ﬁdem
842 1414 1090 1479 pertinet.
1113 1411 1244 1464 Nam
1265 1427 1387 1466 cum
1407 1412 1631 1480 eclipsin
1650 1410 1996 1480 aliquamTa-

421 1500 561 1554 citus
588 1508 717 1568 puta
770 1502 851 1553 vel
875 1500 974 1555 Dio
998 1509 1146 1556 certo
1165 1517 1308 1555 anno
1333 1503 1625 1571 contigisse
1640 1511 1883 1567 narrant,
1902 1502 1997 1556 ho-

422 1606 545 1644 rum
585 1591 909 1659 scriptorum
960 1593 1328 1648 testimonium
1368 1592 1525 1646 ﬁdem
1567 1608 1673 1646 non
1724 1590 1853 1646 facit
1892 1592 1996 1644 hu-

423 1697 583 1735 mana
613 1681 890 1751 majorem.
908 1682 1087 1746 Quare
1103 1682 1247 1751 quod
1273 1682 1507 1736 indidem
1531 1682 1763 1747 elicitur,
1793 1693 1997 1736 tantam

423 1771 587 1827 habet
602 1772 1208 1842 certitudinem,quanta
1234 1773 1479 1828 historici
1504 1774 1650 1829 illius
1665 1790 1785 1830 esse
1800 1782 1995 1844 potest,

2092 581 2203 635 Hoc
2223 582 2384 651 igitur
2398 582 2713 651 quicunque
2735 594 2883 636 certa
2909 580 3122 633 ratione
3147 580 3477 645 investigare
3493 580 3657 631 conati

2092 681 2255 735 sunt,
2311 674 2436 727 licet
2478 689 2587 727 non
2642 675 2832 727 eadem
2882 672 3020 725 inter
3073 685 3132 722 se
3185 670 3500 728 senserint,
3562 684 3657 720 uno

2094 773 2276 818 tamen
2328 764 2627 833 eodemque
2655 763 2813 817 Luca:
2856 759 3166 816 testimonio
3211 758 3367 821 freti,
3428 758 3659 810 diversas

2094 855 2148 908 in
2181 864 2362 924 partes
2394 855 2666 909 abierunt.
2698 851 3003 923 Scripserat
3033 851 3393 921 evangelista,
3430 849 3658 927 baptiza-

2096 955 2210 1000 tum
2262 962 2383 1001 esse
2427 945 2717 1001 Dominum
2772 960 2917 999 anno
2956 945 3024 998 15
3078 941 3320 1003 Tiberii,
3377 958 3499 993 cum
3545 950 3660 993 esset

2096 1039 2249 1106 quasi
2296 1054 2555 1090 annorum
2613 1040 2851 1106 triginta.
2906 1035 3019 1087 Καὶ
3059 1034 3222 1095 αὐτὸς
3268 1028 3339 1102 ἦν
3384 1034 3416 1083 ὁ
3473 1030 3664 1099 Ἰησοῦς

2095 1128 2226 1181 ὡσεὶ
2244 1129 2378 1180 ἐτῶν
2392 1128 2685 1198 τριάκοντα
2703 1128 3023 1199 ἀρχόμενος,
3042 1124 3138 1188 ὢν,
3156 1125 3231 1187 ὡς
3248 1122 3553 1193 ἐνομίζετο,
3571 1132 3662 1175 etc.

2099 1220 2234 1286 Qua:
2263 1221 2425 1274 verba
2454 1235 2621 1273 unum
2659 1221 2802 1273 istud
2843 1218 3172 1289 signiﬁcant,
3214 1232 3322 1269 non
3371 1215 3604 1268 multum
3639 1229 3667 1265 a

2099 1311 2380 1365 tricesimo
2427 1326 2570 1365 anno
2603 1311 2779 1365 aetatis
2830 1309 3100 1373 abfuisse;
3150 1308 3243 1361 sed
3296 1317 3484 1359 utrum
3522 1306 3669 1359 trice-

2101 1403 2239 1456 simo
2301 1402 2550 1456 absoluto
2592 1413 2646 1457 et
2689 1403 2858 1456 altero
2903 1417 2968 1456 ac
2996 1401 3271 1455 tricesimo
3312 1400 3575 1457 ineunte,
3611 1412 3668 1448 an

2102 1501 2224 1561 post
2247 1494 2335 1556 29,
2365 1494 2584 1548 ineunte
2612 1495 2681 1548 30
2711 1494 2763 1548 id
2812 1495 3092 1558 acciderit,
3140 1494 3346 1547 diserte
3369 1504 3481 1544 non
3516 1488 3672 1557 expli-

2102 1592 2248 1638 cant.
2283 1584 2395 1639 lmo
2422 1601 2550 1640 vero
2589 1587 2714 1641 licet
2743 1586 2941 1655 aliquis
2974 1586 3253 1640 Christum
3283 1599 3436 1637 anno
3466 1581 3559 1639 ‘28.
3600 1580 3674 1632 vel

2105 1676 2194 1742 55,
2246 1677 2579 1746 baptizatum
2608 1695 2728 1734 esse
2768 1680 2947 1743 dicat,
2994 1696 3099 1733 non
3130 1688 3311 1732 tamen
3359 1676 3676 1746 evangelica

2106 1770 2408 1823 auctoritati
2438 1785 2556 1824 meo
2572 1771 2777 1839 judicio
2802 1779 3080 1841 repugnet,
3104 1770 3169 1824 de
3194 1786 3303 1838 quo
3334 1767 3673 1837 postmodum

425 1865 518 1934 qui
551 1865 602 1918 id
634 1863 885 1927 allii-mat,
910 1866 1223 1919 auctoritas.
1253 1866 1323 1918 Ex
1352 1866 1549 1935 quibus
1569 1882 1673 1920 non
1700 1865 1985 1920 mediocri.
2014 1854 2056 1909 Β
2086 1858 2369 1913 videbitur.
2408 1859 2510 1915 Sed
2539 1863 2631 1931 qui
2660 1861 2817 1917 Lucze
2836 1863 3027 1916 verba’
3057 1861 3470 1931 angustioribus
3498 1858 3676 1927 spatiis

425 1965 508 2010 ter
542 1957 793 2010 aberrare
840 1955 1118 2009 contendit
1169 1970 1267 2011 eos
1312 1971 1524 2021 omnes,
1575 1956 1668 2026 qui
1697 1971 1765 2009 ex
1800 1956 1992 2011 istius-

426 2045 574 2099 modi
606 2045 768 2100 rebus
795 2046 1289 2099 demonstrationes
1319 2046 1667 2117 pollicentur,
1700 2054 1753 2100 et
1781 2046 1847 2100 de
1876 2047 1995 2100 die-

428 2133 530 2189 bus
556 2146 719 2204 atque
750 2136 900 2191 horis
927 2152 1057 2190 sane
1087 2139 1313 2191 ﬁdenter
1335 2138 1711 2207 pronuntiant,
1738 2146 1996 2207 tanquam

427 2244 603 2298 nuper
630 2245 696 2283 ex
725 2231 947 2284 deorum
1000 2230 1255 2290 concilio.
1312 2240 1405 2284 aut
1439 2231 1822 2286 intermundiis
1869 2230 1999 2299 Epi-

428 2320 544 2373 curi
576 2320 971 2375 descenderint.
1005 2322 1081 2374 Ita
1112 2322 1258 2375 enim
1287 2321 1463 2389 jocari
1498 2321 1691 2389 voluit,
1720 2322 1863 2392 quod
1898 2336 1996 2375 ne-

428 2424 583 2465 cesse
621 2427 727 2465 non
759 2410 882 2465 fuit.
917 2412 1117 2466 Verum
1144 2413 1276 2482 quid
1306 2413 1437 2468 illud
1467 2421 1571 2479 est,
1609 2429 1818 2483 quaeso,
1854 2412 2000 2482 quod

434 2501 563 2558 istic
591 2502 792 2558 audio?
821 2502 943 2559 Non
977 2505 1179 2559 habent
1204 2508 1711 2563 mathematicorum
1744 2508 2003 2562 observa-

433 2594 608 2649 tiones
662 2594 924 2664 majorem
992 2596 1229 2650 liumana
1302 2596 1497 2651 ﬁdem?
1562 2597 1832 2652 Acciderit
1888 2599 2004 2653 haec

432 2684 650 2753 eclipsis
682 2685 784 2739 hoc
813 2685 897 2739 vel
924 2685 1016 2741 illo
1046 2684 1388 2755 imperatoris
1414 2703 1581 2752 anno,
1616 2687 1861 2744 historiae
1899 2686 2004 2743 ﬁde

432 2775 644 2839 nititur,
678 2792 801 2845 qua:
830 2776 1047 2831 tametsi
1096 2777 1334 2832 humana
1382 2779 1476 2846 sit,
1524 2779 1592 2833 ab
1618 2794 1681 2832 ea
1709 2789 1887 2833 tamen
1920 2794 2005 2833 re-

434 2867 627 2923 cedere
674 2868 765 2922 vix
815 2870 1086 2924 interdum
1139 2886 1260 2925 esse
1301 2871 1549 2925 videatur
1596 2871 1853 2928 hominis.
1898 2870 2004 2927 Sed

435 2974 559 3013 cum
585 2959 651 3013 ad
682 2958 929 3014 Julianos
958 2962 1261 3026 prmsertim
1295 2977 1491 3023 annos,
1517 2977 1659 3031 quos
1685 2977 1877 3017 omnes
1899 2963 2004 3016 sibi

436 3049 757 3120 chronologi
806 3052 1109 3120 praeﬁgunt,
1169 3051 1399 3105 deducta
1455 3067 1544 3106 res
1603 3051 1789 3116 fuerit,
1841 3061 2006 3121 quoto

437 3157 583 3196 anno
610 3142 830 3211 eclipsis
866 3143 955 3196 illa
982 3144 1294 3212 contigerit,
1318 3158 1428 3197 non
1459 3144 1699 3198 humana
1728 3144 1843 3213 jam
1874 3144 1998 3209 ﬁde,

437 3233 544 3288 hoc
571 3242 653 3287 est
683 3235 798 3288 sola
841 3234 1131 3303 scriptoris
1165 3233 1524 3301 auctoritate,
1567 3236 1661 3289 sed
1696 3235 2003 3289 certissima

438 3324 904 3381 demonstratione
936 3336 1170 3389 constat,
1205 3328 1272 3380 de
1302 3342 1411 3395 qua
1440 3327 1543 3381 nisi
1584 3327 1737 3396 prius
1778 3327 2005 3396 imperi-

439 3415 516 3469 tia
550 3415 894 3478 numerandi,
931 3416 1013 3469 vel
1044 3415 1352 3469 tabularum
1383 3416 1515 3470 vitio
1559 3417 1745 3486 lapsus
1779 3417 1881 3479 sit,
1906 3417 2009 3469 da-

438 3508 614 3562 bitare
642 3523 801 3563 nemo
838 3508 1060 3576 poterit.
1095 3505 1233 3561 Ecce
1265 3508 1362 3561 tibi
1390 3508 1444 3560 in
1478 3508 1601 3571 hoc,
1632 3507 1777 3577 quod
1812 3515 2010 3560 tracta-

438 3614 583 3664 mus,
614 3608 956 3669 argumento,
990 3611 1193 3669 quanta
1243 3600 1314 3655 sit
1358 3601 1589 3654 istorum
1627 3599 2005 3652 characterum

439 3690 647 3744 utilitas
689 3700 839 3758 poles
869 3690 1318 3745 animadvertere.
1361 3689 1515 3757 Quod
1550 3690 1713 3759 paulo
1744 3698 1867 3759 post
1893 3689 2007 3742 Au-

442 3784 586 3851 gusti
617 3791 845 3836 mortem
896 3783 1023 3837 luna
1065 3782 1345 3845 defecerit,
1378 3782 1481 3837 etsi
1507 3798 1574 3836 ex
1622 3782 2007 3838 historicorum

442 3873 823 3928 testiﬁcatione
850 3874 1146 3937 credimus,
1177 3886 1261 3929 est
1286 3889 1348 3927 ea
1381 3884 1558 3928 tamen
1601 3883 1858 3929 constans
1887 3874 2007 3943 opi-

444 3964 557 4030 nio,
593 3964 660 4017 de
697 3964 856 4032 cujus
884 3964 1114 4019 veritate
1147 3981 1214 4019 ne
1261 3965 1532 4018 levissime
1556 3964 1773 4031 quidem
1802 3965 2012 4018 dubita-

445 4064 550 4111 tur.
600 4054 719 4110 Jam
767 4066 967 4126 quotus
1016 4056 1104 4113 hic
1166 4072 1343 4112 annus
1401 4056 1470 4111 sit
1514 4072 1635 4110 ωηο
1685 4055 2011 4111 Christianas

442 4148 725 4217 quaeritur.
774 4146 878 4214 Qui
929 4149 1205 4218 cyclorum
1252 4159 1304 4203 et
1359 4148 1632 4218 eclipseon
1688 4150 2006 4203 metliodum

439 4241 885 4303 damnant,anno
928 4238 1259 4309 Dionysiano
1305 4238 1373 4292 16
1413 4239 1648 4293 tribuere
1682 4240 1874 4294 solent.
1910 4240 2007 4293 At-

439 4332 532 4401 qui
566 4331 613 4384 is
644 4339 726 4385 est
752 4346 867 4409 xiv,
909 4346 1008 4385 nec
1040 4331 1151 4386 ulla
1182 4346 1420 4401 unquam
1450 4334 1787 4403 astronomia
1837 4333 2005 4386 alium

441 4424 569 4478 huic
590 4423 799 4492 eclipsi,
829 4438 950 4492 quae
980 4425 1166 4493 paucis
1216 4432 1338 4492 post
1364 4422 1593 4492 Augusti
1636 4434 1862 4478 mortem
1896 4424 2007 4479 die—

2096 1949 2659 2021 circumscripserunt,
2718 1954 2809 2007 alii
2868 1970 2974 2007 xxx
3017 1960 3149 2006 tunc
3206 1967 3383 2006 annos
3446 1951 3677 2020 expletos

2095 2037 2285 2103 fuisse,
2304 2041 2391 2093 alii
2420 2056 2547 2095 xxix
2575 2042 2837 2096 duntaxat
2865 2042 3072 2111 opinati
3097 2050 3245 2095 sunt.
3290 2039 3533 2110 Utrique
3560 2056 3674 2093 vero

2096 2129 2428 2199 baptizatum
2447 2130 2635 2185 volunt
2660 2130 2937 2185 Christum
2973 2130 3217 2185 Geminis
3250 2130 3477 2185 duobus
3509 2145 3665 2191 οπως..

2098 2237 2243 2276 anno
2276 2220 2495 2277 Juliano
2521 2224 2610 2286 74,
2642 2225 2786 2293 quod
2824 2225 2878 2277 in
2922 2240 3048 2279 cum
3084 2225 3293 2280 incidat
3338 2222 3555 2278 Tiberii
3587 2240 3672 2277 an-

2110 2328 2218 2366 nus
2252 2313 2317 2366 15
2346 2314 2627 2383 superiore
2669 2331 2813 2370 anno
2848 2332 2913 2370 ex
2956 2332 3007 2369 a.
3056 2316 3111 2371 d.
3149 2333 3239 2370 ιιν
3285 2315 3405 2369 Kal.
3442 2316 3569 2385 Sep.
3611 2317 3657 2368 iu

2111 2405 2358 2459 choatns.
2398 2403 2548 2460 Unde
2577 2422 2699 2460 cum
2732 2407 2786 2460 in
2831 2408 3084 2477 baptismi
3131 2423 3275 2462 anno
3327 2408 3672 2465 conveniant,

2107 2494 2163 2548 in
2194 2494 2371 2549 Natali
2418 2496 2536 2565 ipso
2566 2512 2675 2551 uno
2710 2513 2856 2553 anno
2883 2500 3167 2554 dissident.
3201 2500 3451 2554 Priorem
3485 2500 3553 2555 de
3588 2516 3671 2556 ex-

2111 2588 2259 2656 pleto
2292 2588 2570 2643 tricesimo
2605 2605 2749 2643 anno
2788 2601 3073 2654 scctam_ct
3103 2593 3421 2663 opinionem
3454 2594 3674 2646 Annales

2103 2680 2448 2736 ecclesiastici
2495 2690 2826 2751 sequuntur,
2874 2684 3229 2752 eamdemque
3271 2694 3462 2738 tuetur
3520 2700 3667 2739 acer-

2104 2772 2242 2828 rime
2272 2771 2515 2856 Scaliger
2541 2788 2593 2826 vr
2626 2772 2703 2826 De
2744 2775 2944 2828 emend.
2999 2786 3153 2844 temp.
3197 2774 3305 2831 Sed
3354 2792 3579 2846 magno,
3618 2789 3670 2829 ut

2103 2864 2259 2927 solet,
2286 2875 2485 2919 conatu
2518 2862 2789 2919 levissime
2819 2867 3034 2935 probat.
3076 2866 3167 2922 Sic
3220 2868 3369 2921 enim
3408 2869 3631 2922 disserit
3660 2911 3671 2921 .

2103 2954 2355 3011 Christus
2383 2956 2651 3012 Dominus
2680 2973 2785 3010 xxx
2813 2972 2987 3012 annos
3016 2958 3325 3014 absolverat
3359 2978 3372 3012 :
3412 2976 3541 3013 nam
3580 2976 3674 3015 nx

2108 3059 2378 3100 annorum
2414 3047 2463 3103 is
2490 3064 2613 3103 esse
2643 3046 2865 3109 dicitur,
2917 3047 3009 3115 qui
3061 3048 3402 3101 tricesimum
3474 3064 3669 3103 annum

2107 3136 2370 3200 absolvit,
2407 3146 2466 3191 ut
2512 3137 2801 3192 anniculus
2834 3148 2916 3192 est
2948 3137 2993 3190 is
3070 3138 3162 3200 qui
3230 3139 3339 3191 5ῦό
3394 3138 3541 3193 diem
3606 3150 3655 3191 at

2106 3225 2248 3294 tigit.
2282 3224 2412 3295 Leg.
2442 3227 2639 3282 Annic.
2683 3228 2757 3281 De
2790 3228 2927 3281 verb.
2960 3245 3095 3297 sign.
3130 3226 3287 3294 Quod
3320 3239 3507 3282 autem
3541 3232 3673 3282 scri-

2108 3319 2217 3386 psit
2248 3318 2446 3386 Lucas,
2482 3321 2615 3374 ὼσεὶ
2644 3322 2939 3393 τριάκοντα
2964 3362 2977 3385 ,
3016 3323 3280 3391 particula
3309 3324 3411 3376 ista
3446 3324 3580 3390 capi:
3608 3334 3679 3376 est

2107 3424 2213 3462 non
2241 3411 2594 3482 ἀπορητικόν,
2624 3415 2718 3468 sed
2749 3414 3039 3485 ἀληθινόνς
3075 3423 3132 3467 ut
3171 3414 3304 3466 illud
3338 3413 3503 3468 Joan.
3531 3432 3568 3478 ι,
3596 3415 3673 3474 15.

2106 3503 2258 3569 quasi
2306 3501 2576 3573 Unigem’ti
2619 3522 2653 3557 a
2688 3506 2873 3562 Patre.
2906 3504 3009 3559 Sed
3055 3514 3197 3567 esto,
3234 3506 3435 3572 inquit,
3477 3508 3671 3577 ἀπορη-

2106 3593 2296 3647 τικόνε
2348 3596 2505 3663 pauci
2551 3597 2713 3665 igitur
2765 3598 2875 3651 dies
2914 3598 3217 3667 complenda
3260 3600 3330 3653 '50
3399 3616 3541 3652 anno
3598 3603 3677 3654 ὀι-

2108 3693 2291 3748 erant;
2345 3697 2474 3753 puta
2516 3703 2621 3753 xx,
2652 3688 2729 3740 vel
2759 3692 2947 3742 mensis
2988 3706 3007 3743 :
3047 3706 3349 3759 quanquam
3382 3709 3446 3745 ne
3495 3696 3672 3746 mensis

2108 3773 2319 3842 quidem
2348 3775 2624 3842 defuturus
2666 3778 2939 3841 videatur,
2969 3779 3015 3830 si
3036 3779 3177 3832 ὡσεὶ
3202 3782 3562 3849 amp-mutii;
3590 3798 3671 3833 ac-

2112 3865 2390 3930 cipiamus.
2438 3863 2541 3919 Sed
2582 3866 2773 3919 mensis
2820 3868 3175 3931 desideretur,
3211 3880 3305 3920 aut
3348 3871 3459 3922 duo
3492 3888 3673 3923 meum

2113 3972 2252 4008 anno
2308 3956 2571 4010 tricesimo
2629 3958 2972 4018 absolvenda;
3026 3968 3074 4012 et
3120 3959 3231 4012 dies
3279 3960 3537 4028 baptismi
3575 3974 3673 4015 este

2110 4049 2143 4101 6
2186 4045 2313 4101 Jan.
2372 4046 2513 4117 Ergo
2559 4050 2737 4102 eodem
2782 4067 2919 4103 anno
2965 4050 3124 4119 paulo
3169 4060 3285 4115 post
3343 4052 3669 4122 baptismum,

2108 4147 2239 4207 puta
2280 4137 2591 4204 Februario,
2621 4141 2829 4209 casperit
2871 4158 3041 4194 annus
3080 4142 3169 4197 31.
3199 4144 3320 4196 Jam
3346 4160 3481 4197 vero
3529 4146 3673 4197 Luae

2108 4233 2273 4286 verba
2316 4233 2536 4302 perinde
2583 4236 2776 4304 accipit
2829 4251 2893 4291 ac
2934 4237 2979 4289 si
3004 4246 3145 4292 esset
3191 4239 3509 4307 scriptum:
3570 4242 3669 4292 Καὶ

2111 4324 2273 4386 αὐτὸς
2318 4325 2525 4396 Ἰησοῦς
2562 4326 2760 4397 ἦρχετο
2801 4326 2876 4379 ὢν
2908 4328 3045 4381 ὲτῶν
3077 4330 3397 4400 τριάκοντα,
3434 4332 3579 4394 υἱὸς,
3607 4331 3671 4392 ὡς

2110 4416 2410 4488 ἐνομίζετο.
2446 4417 2550 4472 Sed
2582 4420 2697 4473 hac
2738 4418 3100 4489 Scaligeriana
3139 4422 3243 4477 loci
3286 4423 3437 4477 illius
3468 4426 3671 4493 cxposi~

439 4515 566 4580 bus,
618 4514 923 4584 Septembri
974 4530 1162 4589 mense
1207 4514 1468 4585 contigit,
1516 4531 1718 4569 annum
1767 4516 2004 4571 definict.
2039 4511 2288 4579 Dli0,ut
2340 4511 2464 4565 hinc
2509 4512 2848 4579 potissimum
2896 4514 3438 4581 exordianahsurda
3494 4528 3577 4571 est
3629 4527 3673 4569 et

442 4606 577 4671 Quis
624 4621 734 4659 non
786 4605 950 4675 igitur
983 4621 1051 4659 ex
1081 4619 1146 4658 eo
1179 4605 1370 4659 conﬁci
1430 4605 1739 4660 necessario
1774 4606 2004 4674 putabit,

442 4695 747 4770 Angustum
796 4709 917 4748 teras
947 4692 1267 4746 Christianae
1292 4706 1437 4746 anno
1468 4692 1534 4745 14
1566 4702 1835 4746 mortuum
1866 4707 2008 4755 esse,

441 4801 553 4842 non
602 4785 700 4840 16?
730 4784 893 4839 Vides
934 4784 1201 4853 majorem
1246 4784 1483 4838 humana
1517 4784 1697 4847 ﬁdem,
1735 4800 1859 4839 cum
1910 4785 2011 4838 hu-

444 4895 607 4935 mana
653 4889 832 4932 tamen
874 4877 1240 4946 implicatam,
1285 4886 1339 4929 et
1385 4890 1728 4930 connexam:
1766 4891 1887 4945 quae
1929 4886 2011 4931 ta-

445 4972 603 5027 metsi
652 4971 923 5034 humanae,
968 4971 1071 5024 hoc
1114 4979 1195 5024 est
1232 4968 1478 5029 alterius,
1509 4983 1612 5038 qua
1648 4969 1762 5024 sola
1798 4970 1885 5024 isti
1927 4971 2010 5023 ni-

447 5071 659 5124 tuntur,
690 5068 834 5115 esset
879 5059 1096 5122 similis,
1147 5073 1254 5112 non
1286 5058 1407 5111 ideo
1442 5066 1618 5111 tamen
1668 5058 2009 5127 aspernanda

446 5152 608 5216 foret,
640 5152 783 5221 quod
834 5152 1102 5213 humana;
1137 5151 1231 5204 sed
1260 5148 1343 5203 vel
1371 5164 1438 5203 eo
1473 5150 1695 5204 nomine
1732 5166 2011 5205 commen-

446 5244 644 5307 danda,
676 5244 819 5313 quod
847 5243 913 5296 ad
952 5244 1246 5296 humanam
1298 5243 1533 5295 humana
1567 5240 1700 5297 ﬁdes
1728 5241 2005 5310 adjuncta,

446 5344 505 5388 ut
544 5351 650 5388 non
680 5334 917 5388 humana
948 5333 1235 5402 majorem,
1276 5331 1356 5386 ita
1394 5332 1647 5401 simplici,
1679 5347 1871 5402 eaque,
1902 5349 2009 5402 qua

446 5426 691 5479 contenti
730 5425 807 5478 illi
838 5433 999 5488 sunt,
1037 5423 1322 5479 certiorem
1367 5422 1742 5478 credulitatem
1771 5437 2005 5493 pareret.

444 5533 525 5588 De
553 5534 756 5604 vulgari
784 5535 1045 5595 methodo,
1087 5550 1190 5603 qua
1235 5533 1436 5588 Christi
1461 5603 1464 5604 ν
1489 5536 1686 5589 natalis
1726 5551 1895 5589 annus
1920 5538 2007 5591 in-

658 5607 944 5674 vestigatur
971 5621 989 5658 :
1024 5604 1112 5657 ubi
1145 5617 1194 5657 et
1221 5606 1284 5658 de
1310 5621 1418 5658 aera
1444 5603 1794 5674 Dionysiana.

515 5693 688 5749 Nimis
722 5698 888 5751 multa
930 5698 1124 5752 fecisse
1184 5698 1347 5752 verba
1390 5697 1598 5762 videor,
1648 5700 1878 5753 necdum
1921 5710 2003 5754 ta-

446 5801 573 5841 men
606 5788 681 5841 rei
726 5788 896 5856 ipsius
935 5796 1097 5860 caput
1127 5789 1388 5859 attigisse.
1432 5786 1683 5845 Nondum
1712 5790 1857 5846 enim
1897 5808 2006 5862 quo

521 5887 541 5919 ί
566 5884 695 5941 Luc.
731 5902 812 5952 ns,
836 5886 920 5941 ‘25.

2109 4601 2360 4656 barbara.
2414 4602 2550 4668 Quis
2587 4606 2732 4658 enim
2773 4605 2845 4658 ita
2888 4603 3075 4660 Graece
3119 4606 3439 4675 loquentem
3490 4607 3669 4661 ferat:

2122 4694 2327 4764 Ἰησοῦς
2366 4690 2434 4765 ἧν
2478 4694 2553 4748 ὢν
2597 4696 2918 4767 ἀρχόμενος,
2965 4713 3065 4766 pro
3093 4712 3157 4751 eo
3189 4699 3338 4766 quod
3372 4708 3459 4752 est
3488 4699 3674 4770 ἧρχετο

2110 4784 2206 4839 ὢν.
2254 4784 2423 4840 Satin‘
2442 4787 2730 4841 ridiculum
2767 4804 2830 4843 ac
2858 4790 3105 4857 putidum
3144 4798 3263 4853 est,
3312 4788 3428 4857 ἐγώ
3465 4791 3579 4859 ειμι
3606 4788 3673 4839 ὢν

2111 4877 2429 4948 ἀρχόμενος,
2462 4893 2559 4947 pro
2590 4877 2701 4946 ἐγὼ
2729 4879 2983 4949 ἄρχομαι.
3019 4879 3183 4949 Atqui
3215 4880 3361 4933 hanc
3391 4881 3566 4949 ipsam
3602 4879 3651 4929 in

2112 4969 2551 5038 terpretationetn
2601 4971 2877 5039 anteponit
2917 4970 3106 5034 alteri,
3142 4950 3266 5038 qua
3298 4972 3489 5024 minus
3524 4969 3676 5023 habet

2111 5062 2483 5123 absurditatis,
2538 5061 2751 5115 tametsi
2800 5077 2867 5115 ne
2905 5076 2965 5115 ea
3014 5062 3233 5131 quidem
3276 5064 3495 5131 placet;
3528 5064 3672 5131 quasi

2112 5148 2286 5204 Lucas
2310 5149 2363 5203 id
2386 5150 2634 5216 voluerit,
2662 5151 2856 5221 ἤρχετο
2883 5148 2957 5204 ὣν
2979 5151 3276 5222 τριάκοντα
3295 5153 3455 5216 ἐτῶν,
3482 5152 3575 5216 ὢν,
3606 5151 3675 5213 ὡς

2110 5242 2409 5312 ἐνομίζετο.
2437 5243 2616 5307 Quare
2643 5244 2814 5297 multo
2842 5254 2923 5299 est
2955 5244 3043 5298 ille
3074 5260 3273 5301 sensus
3300 5247 3505 5313 aptior,
3531 5255 3587 5298 ut
3607 5243 3673 5295 ὧν

2111 5334 2177 5388 ad
2223 5334 2521 5403 posteriora
2563 5332 2860 5401 referatur;
2914 5337 3211 5406 ἀρχόμενος
3260 5337 3325 5390 ad
3373 5338 3670 5405 superiora.

2107 5422 2215 5477 Ἦν
2246 5427 2274 5477 ὁ
2311 5424 2517 5493 Ἰησοῦς
2547 5426 2845 5496 ἀρχόμενος
2870 5427 3001 5480 ὡσεὶ
3033 5427 3167 5480 ἐτῶν
3194 5428 3258 5491 λ’,
3291 5427 3387 5493 ὣν,
3416 5428 3665 5498 ὼςένομί-

2109 5516 2251 5580 ζετο,
2274 5517 2406 5579 υἱός,
2423 5528 2528 5571 etc.
2546 5517 2879 5587 Epiphanius
2892 5529 3037 5574 certe
3053 5519 3243 5575 interesi
3274 5536 3502 5579 Lxxvnt.
3525 5536 3577 5573 n.
3608 5519 3636 5571 7
3654 5560 3667 5577 .

2108 5607 2182 5661 ὢν
2215 5609 2279 5662 ad
2307 5608 2439 5671 υἱός,
2467 5623 2575 5663 non
2605 5610 2670 5663 ad
2694 5609 2993 5678 ἀρχόμενος
3025 5610 3294 5679 pertinere
3320 5612 3530 5675 docuit,
3551 5624 3663 5664 cum

2102 5701 2183 5777 ita
2217 5702 2394 5754 locum
2427 5701 2577 5754 illum
2608 5703 2849 5771 protulit,
2890 5702 2970 5754 ὅτι
2995 5700 3069 5754 ὢν
3100 5703 3245 5766 υἱὸς,
3273 5703 3351 5764 ὡς
3379 5702 3659 5773 ἐνομίζετε.

2101 5794 2337 5867 Ἰωσήφ.
2373 5792 2676 5859 Quinetiam
2711 5794 2897 5850 haeresi
2933 5810 3059 5863 xxx,
3088 5811 3238 5850 num.
3258 5796 3348 5861 30,
3383 5792 3449 5868 ἦν
3479 5796 3535 5850 δὲ
3567 5794 3659 5860 ἰη’
