3810 6216
108 225 220 283 905

1302 217 1391 270 DE
1433 215 1620 269 ANNO
1661 215 1913 271 NATALI
1953 215 2246 274 CHRISTI.

3279 229 3388 284 906

111 359 242 406 σονς
264 339 566 412 ἀρχόμενος
587 333 748 391 εἶναι.
777 337 880 392 Sed
914 333 1324 398 controversiae,
1353 332 1701 403 quaestionis-

1820 333 1932 389 inni
1963 335 2259 392 discrimen
2293 336 2440 394 facit.
2471 337 2577 394 Sed
2601 341 2694 411 qui
2723 341 2913 412 paucis
2938 341 3097 398 annis
3125 341 3264 396 infra
3295 354 3389 398 aut

109 447 218 503 que
248 437 415 500 caput
456 428 512 482 in
541 426 677 480 ὡσεί
723 424 993 495 particula
1024 422 1264 493 positum
1295 429 1401 485 est,
1437 417 1585 489 quod
1615 425 1702 471 ut-

94 525 408 594 iplurimum
460 518 795 591 ἁπορητικὸν
842 530 966 572 esse
1013 515 1188 580 solet,
1243 520 1298 566 et
1343 511 1412 566 de
1459 509 1702 580 perfecto

94 614 475 684 “absolutoque
505 611 583 666 rei
619 618 767 666 statu
818 605 1070 662 nonnihil
1117 603 1379 659 detrahit.
1425 601 1540 657 lloc
1571 613 1703 655 vero

111 712 233 764 loco
262 723 372 762 non
418 701 781 775 ἀπορητικόν,
828 697 923 756 sed
955 696 1232 769 ἀληθινόν,
1270 711 1336 750 ac
1369 708 1596 766 prorsus
1630 689 1705 746 af-

109 802 445 856 ﬁrmativum
471 813 594 854 esse
630 795 908 865 Scaliger,
943 803 998 847 et
1035 807 1160 847 cum
1191 806 1257 845 eo
1289 787 1534 858 plerique
1572 800 1703 840 sen-

109 893 275 947 tiunt.
316 888 422 957 Qui
448 887 582 942 mihi
611 886 720 941 vim
753 896 1026 953 usumque
1058 881 1269 936 voculae
1295 879 1456 934 istius
1480 892 1587 932 non
1619 890 1703 931 sa-

111 989 183 1040 tis
238 979 701 1038 animadvertisse
740 977 1018 1032 videntur.
1063 972 1177 1029 Nos
1229 971 1501 1041 triplicem
1555 967 1703 1022 illius

112 1082 440 1144 potestatem
471 1071 612 1142 apud
631 1070 863 1126 "Grzecos
895 1065 1335 1122 observavimus.
1379 1059 1565 1114 Prima
1595 1067 1700 1119 est.

111 1184 239 1224 eum
292 1161 705 1227 ἐνδοιαστικῶς,
774 1159 858 1215 vel
907 1153 1263 1228 ἀπορητικῶς
1319 1151 1590 1214 sumitur;
1647 1156 1706 1201 ut

111 1262 258 1332 apud
287 1259 490 1314 Lucam
530 1271 651 1326 cap.
689 1270 805 1309 xm
828 1295 842 1317 ,
874 1253 934 1308 41
971 1267 985 1304 :
1015 1248 1128 1304 Καὶ
1177 1245 1340 1309 αὐτὸς
1373 1241 1704 1312 ἀπεσπάσθη

111 1356 211 1409 ἀπ’
245 1353 426 1408 αὐτῶν
449 1351 584 1404 ὡσεὶ
613 1347 762 1402 λίθου
797 1346 978 1418 βολήν·
1025 1351 1080 1398 et
1107 1355 1226 1410 cap.
1261 1355 1299 1402 ι,
1333 1335 1443 1392 56:
1481 1335 1705 1403 Ἔμεινε

112 1449 176 1502 δὲ
208 1445 447 1519 Μαριὰμ
477 1445 574 1497 σὺν
599 1441 736 1511 αὐτῇ
761 1438 897 1493 ὡσεὶ
934 1437 1110 1508 μῆνας
1133 1435 1301 1503 τρεῖς.
1332 1427 1584 1484 Secunda
1623 1424 1705 1480 vis

111 1552 199 1598 est
233 1517 586 1610 συχκριτική,
631 1535 746 1590 sive
777 1529 1168 1601 comparativa.
1197 1526 1276 1580 lta
1303 1523 1439 1577 Luc.
1474 1535 1558 1584 ιιι,
1590 1517 1662 1572 ‘22
1689 1535 1702 1571 :

112 1636 226 1690 Καὶ
253 1631 564 1701 καταϐῆναι
594 1629 656 1683 τὸ
685 1625 913 1696 Πνεῦμα
939 1624 1001 1676 es
1029 1623 1183 1690 ἅγιον
1219 1612 1520 1687 σωματικῷ
1547 1610 1700 1701 εἴδει,

1804 437 1967 492 supra
1995 439 2284 479 numerum
2320 426 2591 492 consistit,
2621 428 2754 482 ὡσεὶ
2780 429 3078 499 τριάκοντα
3112 429 3249 484 ἐτῶν
3280 430 3387 485 dici

1802 523 2000 584 potest,
2031 524 2092 570 ut
2115 517 2448 587 Epiphanius
2479 519 2677 576 alicubi
2702 521 2962 593 disputat.
3305 516 3312 523 ’

1871 604 2026 673 Quod
2052 607 2226 678 ipsum
2259 609 2521 680 Keplerus
2550 627 2600 667 c.
2646 612 2714 667 15
2743 613 2971 670 alterius
3019 616 3125 673 loci
3162 630 3387 686 compa-

1803 697 2015 754 ratione
2044 700 2255 756 erudite
2278 701 2544 759 declarat.
2590 703 2726 759 Nam
2773 722 2898 761 cum
2940 705 3133 763 Matth.
3168 724 3301 773 xvn,
3331 708 3385 775 1,

1804 789 2068 860 scriptum
2094 794 2165 846 sit
2186 833 2201 855 ,
2232 803 2354 862 post
2388 795 2698 852 institutum
2731 813 2760 851 a
2789 796 3020 854 Domino
3051 815 3386 864 sermonem,

1806 882 1926 953 μεθ’
1948 883 2161 954 ἡμέρας
2183 885 2242 951 ἐξ
2269 885 2718 958 transﬁguratum
2749 903 2905 955 esse;
2940 889 3117 945 Lucas
3139 891 3386 946 eamdem

1805 974 2087 1030 historiam
2122 993 2419 1048 caponens,
2449 995 2569 1043 cap.
2608 997 2683 1046 rx,
2713 981 2806 1046 28,
2851 981 2905 1036 id
2949 992 3074 1053 post
3113 983 3230 1039 dies
3254 983 3388 1037 ὡσεὶ

1802 1065 1949 1119 ὀκτώ
1979 1068 2047 1123 ab
2073 1068 2167 1124 illo
2191 1071 2308 1140 ipso
2331 1085 2584 1127 sermone
2609 1071 2810 1127 factum
2854 1088 2982 1130 csse
3013 1084 3196 1130 narrat
3235 1092 3249 1130 :
3295 1075 3387 1130 ubi

1803 1158 1991 1212 eadem
2029 1160 2162 1214 ὡσεί
2194 1162 2383 1217 vocula
2420 1178 2551 1220 usus
2577 1174 2682 1228 est,
2715 1180 2838 1220 cum
2873 1166 2939 1221 ad
2976 1182 3162 1222 verum
3195 1181 3391 1222 nume-

1806 1266 1924 1304 rum
1957 1252 2207 1317 biduum.
2241 1254 2344 1310 hoc
2377 1265 2459 1312 est
2494 1258 2710 1313 tertiam
2734 1268 2944 1329 partem
2979 1258 3300 1316 addidisset.
3319 1259 3393 1313 At

1806 1340 1970 1396 instat
2016 1341 2277 1415 Scaliger,
2310 1354 2385 1410 et,
2447 1345 2901 1419 Nullus,_inquit,
2939 1347 3258 1402 ercismus
3288 1364 3388 1418 pa-

1807 1434 1984 1489 titur:
2036 1436 2146 1505 ὲγὼ
2194 1436 2433 1509 ἄρχομαι
2482 1439 2967 1512 τριάκοντα-ἑτῶν,
3018 1454 3114 1510 pro
3147 1439 3390 1511 ἄρχομαι

1806 1524 1899 1578 τοῦ
1931 1529 2256 1598 τριακοστοῧ
2283 1530 2458 1594 ἔτους.
2483 1529 2639 1586 Iesus
2670 1527 2738 1603 ἦν
2767 1532 3061 1603 τριάκοντα,
3103 1531 3242 1587 ἐτῶν
3283 1542 3390 1586 toto

1809 1633 1948 1672 anno
1981 1635 2108 1674 xxxr
2133 1637 2148 1685 ;
2176 1619 2266 1674 sed
2288 1619 2532 1675 absoluto
2571 1624 2837 1677 tricesimo
2889 1624 3072 1678 statim
3118 1623 3393 1678 dicebatur

108 1722 249 1775 ὡσεὶ
293 1682 646 1792 περιστεράν.
693 1682 1020 1783 Quanquam
1071 1682 1188 1764 haec
1234 1682 1508 1777 posterior
1553 1700 1705 1757 notio

1820 1708 2071 1781 Ξρχεσθαι
2101 1682 2177 1763 ὧν
2205 1711 2503 1783 τριάκοντα
2534 1714 2689 1768 ἐτῶν.
2735 1713 2860 1768 Non
2912 1717 3053 1769 enim
3083 1716 3391 1786 intelligunt

111 1812 182 1866 ad
215 1788 455 1881 priorem
482 1788 661 1878 potest
689 1801 880 1858 referri
916 1818 932 1855 :
971 1797 1117 1870 quod
1151 1796 1298 1852 enim
1330 1791 1488 1849 alteri
1526 1788 1704 1846 simile

109 1903 341 1967 dicitur,
365 1917 476 1957 non
513 1899 655 1953 idem
685 1903 772 1952 est
799 1893 1049 1951 omnino.
1088 1888 1275 1944 Tertio
1301 1886 1523 1942 demum
1545 1881 1708 1934 αιτιο.

110 1995 336 2065 λογικόν
361 2001 446 2050 est
477 1991 630 2057 ὡσεί,
673 1989 787 2046 sive
817 1984 1185 2042 causativum.
1212 1978 1349 2034 Nam
1385 1977 1431 2032 si
1471 1975 1597 2046 quis
1624 1973 1710 2028 die

113 2088 352 2158 ligenter
409 2082 726 2147 attenderit,
800 2077 1040 2133 inveniet
1105 2070 1428 2143 particulam
1491 2067 1568 2131 ὡς
1623 2065 1707 2119 vel

111 2177 250 2232 ὡσεί
273 2217 290 2242 ,
328 2175 434 2232 nisi
467 2172 734 2229 ambobus
765 2168 872 2224 illis
904 2165 1083 2222 modis
1118 2167 1450 2231 usurpetur,
1479 2169 1707 2236 causam

109 2270 423 2336 continere,
470 2272 692 2337 propter
717 2277 884 2335 quam
917 2259 970 2315 id
1011 2256 1158 2329 quod
1203 2261 1463 2316 narratur
1495 2248 1708 2306 accide-

113 2365 211 2419 rit.
241 2361 338 2418 Sic
364 2358 508 2431 apud
538 2355 836 2412 Homerum
877 2350 1083 2406 ‘Odvo'.
1112 2347 1154 2401 Ξ
1183 2365 1198 2402 :

312 2473 636 2543 Ἐπλέομεν
668 2467 858 2543 Βορέῃ
889 2464 1086 2543 ἀνέμῳ
1107 2461 1334 2543 ’ἀκραέϊ
1368 2455 1534 2523 καλῷ

311 2535 598 2613 Ἰήἵδίώς,
620 2535 765 2596 (basi
788 2535 853 2593 τέ
872 2538 1022 2592 κατὰ
1044 2535 1211 2604 ῥόον.

110 2641 233 2698 (λετ
282 2637 442 2694 facile
490 2634 790 2706 navigaret,
849 2642 1076 2686 causam
1128 2622 1371 2680 continet
1401 2632 1503 2674 vox
1554 2607 1707 2677 ὡσεί,

112 2733 401 2796 videlicet,
430 2728 577 2799 quod
612 2724 853 2782 secundo
882 2719 1019 2775 mari
1055 2715 1312 2780 ferretur,
1361 2711 1436 2774 ὡς
1467 2711 1525 2763 ἐν
1557 2707 1709 2762 ὕδατι

113 2827 276 2881 κάτω
308 2823 505 2896 ῥέοντι,
536 2818 635 2872 καὶ
659 2816 720 2870 οὐ
763 2811 944 2884 στατῷ
969 2809 1090 2864 κατ’
1122 2807 1342 2876 ἰσότητα
1364 2800 1709 2870 ἐπιφανείας,

115 2921 198 2973 ait
246 2889 588 2972 Eustathius.
631 2907 892 2964 Similiter
917 2905 970 2959 in
1001 2903 1096 2957 illo
1123 2896 1352 2953 Joannis
1383 2895 1521 2958 loco,
1553 2889 1710 2954 δόξαν

112 3011 197 3071 ὡς
225 3001 569 3074 Μονογενοῦς
590 3043 606 3068 ,
632 2999 859 3072 gloriam
897 2995 1010 3066 ejus
1034 3035 1048 3058 ,
1079 2991 1234 3062 quasi
1280 2984 1580 3057 Unigeniti,
1613 2984 1712 3052 ἐμ-

115 3096 358 3168 φατικόν
393 3104 445 3150 et
488 3089 847 3161 αἰτιολογικόν
878 3096 962 3143 est
989 3085 1086 3148 ὡς.
1118 3083 1228 3139 Cur
1266 3079 1413 3135 enim
1453 3084 1602 3132 tanta
1642 3074 1713 3128 sit

114 3165 324 3259 gloria,
348 3183 653 3241 conditioni
687 3182 841 3251 ejus,
878 3193 942 3232 ac
976 3171 1228 3244 dignitati
1271 3170 1432 3226 debet
1485 3165 1708 3222 ascribi.

116 3279 308 3346 Quare
323 3263 482 3331 idem
511 3283 594 3330 est
622 3271 768 3342 quod
801 3277 998 3339 utpote.
1026 3265 1132 3320 Sed
1152 3279 1216 3318 ea
1241 3259 1571 3333 signiﬁcatio
1587 3271 1715 3326 paro

118 3371 310 3427 ticula:
325 3369 401 3432 ὡς
414 3369 614 3438 potius,
628 3379 790 3436 quam
805 3361 936 3416 ὡσεί
953 3357 1211 3416 convenit
1229 3373 1244 3410 :
1263 3356 1395 3420 imo,
1422 3361 1482 3407 ut
1500 3351 1555 3406 in
1581 3349 1717 3404 The-

115 3479 292 3518 sauro
327 3459 638 3531 Stephanus
661 3463 865 3519 monet,
900 3451 1031 3506 ὡσεί
1053 3445 1396 3521 frequentius
1422 3451 1716 3512 usurpatur

115 3571 220 3626 pro
245 3554 480 3616 circiter,
535 3551 674 3620 fere,
703 3565 765 3604 ac
799 3547 1032 3604 fortasse
1062 3554 1344 3612 nunquam
1378 3538 1554 3599 aliter,
1575 3549 1711 3606 prae.

119 3647 319 3704 sertim
345 3646 400 3700 in
417 3659 575 3715 prosa
596 3641 861 3706 oratione,
881 3637 1136 3694 sumitur.
1162 3632 1314 3690 Unde
1328 3631 1572 3700 colligas,
1589 3640 1716 3698 pcr-

119 3755 318 3813 peram
336 3737 562 3794 Joannis
583 3735 736 3790 illum
760 3734 938 3789 locum
963 3732 1028 3785 ad
1044 3729 1094 3784 id
1115 3726 1317 3790 adem,
1337 3721 1718 3779 uttricesimus

119 3811 310 3889 annus
337 3817 544 3887 solidus.
569 3843 633 3885 ac
656 3825 959 3895 completus
988 3821 1242 3890 baptismi
1275 3828 1517 3887 tempore
1547 3811 1720 3867 fuisse

121 3922 659 3983 videatur.Primum
687 3919 759 3975 ibi
790 3916 1110 3979 esttbcmon
1136 3911 1299 3965 ὡσεί·
1327 3919 1379 3964 et
1395 3906 1719 3978 apndinter-

122 4028 338 4092 pretem
357 4027 603 4073 nostrum
634 4011 787 4084 quasi
822 4009 963 4065 idem
989 4015 1073 4062 est
1095 4020 1158 4060 ac
1200 4013 1474 4073 tauquam.
1510 3997 1719 4054 Deinde

121 4088 512 4180 αἰτιολογικῶς
551 4116 606 4162 et
642 4100 961 4176 ὲμφατικῶς
999 4105 1312 4167 usurpatur.
1339 4095 1410 4147 At
1447 4091 1502 4146 in
1546 4088 1718 4143 altero

127 4205 228 4260 illo
258 4203 423 4258 Luca:
450 4201 570 4255 loco
591 4197 725 4251 ὡσεὶ
746 4193 1072 4261 αἰτιολογίαν
1098 4188 1300 4242 nullam
1364 4191 1460 4239 aut
1482 4181 1720 4252 ἔμφασιν

124 4299 320 4360 habet,
343 4304 440 4350 aut
469 4307 596 4348 vero
623 4285 1053 4346 similitudinem.
1081 4280 1196 4337 Non
1232 4289 1376 4333 recte
1409 4275 1573 4348 igitur
1594 4287 1716 4327 cum

124 4389 420 4462 superiore
449 4383 750 4440 confertur.

202 4459 282 4541 be
305 4481 543 4536 anniculi
569 4480 788 4533 notione
813 4471 960 4544 quod
1006 4467 1264 4541 proponit
1291 4464 1556 4533 Scaliger,
1584 4459 1721 4515 nihil

128 4577 203 4633 ad
244 4591 363 4631 rem
392 4575 537 4636 facit.
567 4569 724 4626 Aliud
757 4577 838 4624 est
868 4566 1014 4620 enim
1048 4559 1354 4622 anniculus,
1387 4554 1532 4610 aliud
1564 4553 1719 4623 quasi

129 4668 423 4724 anniculus
445 4706 460 4730 ,
502 4664 570 4721 de
596 4676 706 4734 quo
737 4673 920 4717 sermo
957 4656 1117 4712 nobis
1147 4662 1250 4709 est.
1292 4650 1520 4718 Reliqua
1545 4644 1721 4700 Scali-

129 4762 251 4833 gcri
282 4758 530 4818 collectio
563 4755 838 4825 implicata
869 4761 925 4806 et
954 4748 1131 4835 inanis
1166 4755 1266 4802 est.
1307 4742 1442 4797 Nam
1473 4740 1724 4809 quishazc

130 4849 444 4920 intelligat?
476 4848 534 4905 Si
564 4845 711 4900 ὡσεὶ
742 4839 1077 4914 ἁπορητικόν
1106 4838 1197 4901 sit,
1235 4835 1354 4890 dies
1384 4843 1595 4888 tantum
1626 4847 1720 4896 xx,

129 4955 232 5003 aut
253 4944 323 4998 ad
357 4956 634 4999 summum
661 4950 900 4992 mensem
933 4933 1000 4988 ad
1024 4929 1318 4986 rotundum
1350 4925 1592 4980 defuisse
1620 4936 1724 4977 nu-

137 5052 376 5095 merum.
427 5033 606 5100 Quare
662 5042 720 5085 ut
773 5027 1024 5084 Januarii
1074 5040 1124 5078 vI
1162 5021 1469 5092 baptizatus
1519 5016 1722 5082 fuerit,

129 5127 439 5188 Februario
474 5141 662 5182 mense
707 5121 1047 5178 tricesimum
1093 5116 1368 5186 implesse.
1397 5111 1566 5179 Quasi
1593 5123 1724 5166 vero

133 5224 238 5296 qui
268 5218 403 5274 ὡσεί
427 5216 566 5296 apud
603 5215 804 5270 Lucam
854 5207 1207 5283 ἀπορητικῶς
1232 5223 1374 5263 suun
1409 5205 1722 5269 voluerunt,

133 5295 428 5373 Christum
454 5295 764 5364 Februario
783 5319 970 5360 mense
1005 5311 1191 5357 natum
1219 5314 1341 5355 esse
1360 5295 1688 5352 crediderint
1709 5336 1726 5362 ,

136 5417 200 5464 ut
222 5403 514 5468 Onufrius,
543 5402 639 5472 qui
675 5397 998 5454 duodecimo
1030 5407 1200 5466 prope
1242 5406 1436 5447 mense
1477 5398 1603 5461 post
1629 5388 1730 5442 ba-

134 5503 406 5573 ptismum
440 5503 684 5551 vertente
729 5490 949 5561 triginta
1002 5488 1222 5543 demum
1269 5498 1444 5539 annos
1480 5482 1734 5536 evolutos

136 5591 446 5649 existimat.
488 5585 675 5656 Neque
723 5597 850 5639 vero
898 5581 1032 5634 ὡσεὶ
1063 5576 1415 5650 ἁπορητικῶς
1445 5585 1729 5644 sumptum

139 5694 452 5756 paucorum
511 5685 720 5734 tantum
761 5675 996 5734 dierum,
1031 5679 1125 5724 aut
1164 5670 1328 5726 unius
1361 5666 1586 5735 mensis,
1616 5666 1728 5721 in‘o

441 5779 714 5839 Ρηιιοι..
775 5773 894 5835 Gn.
948 5763 1146 5828 XLII.

1809 1803 2156 1872 participium
2199 1801 2276 1856 ὢν
2316 1807 2559 1872 tacitum,
2588 1808 2726 1876 quod
2758 1809 3015 1863 omissum
3042 1821 3118 1868 est
3152 1826 3216 1864 ne
3247 1825 3393 1879 repe-

1811 1903 1976 1961 tatur,
2004 1889 2072 1965 ἧν
2099 1895 2422 1967 ἀρχόμενος,
2458 1898 2610 1974 idest
2633 1899 2855 1970 ἤρχετο.
2892 1898 3016 1955 Πωο
3046 1901 3152 1955 ille.
3187 1897 3282 1956 Vis
3307 1910 3394 1956 est

1811 1986 1977 2057 igitur
2019 1988 2200 2042 omnis
2251 1989 2308 2042 in
2358 1989 2626 2045 vocabulo
2680 1991 2790 2046 isto
2840 1992 3141 2064 ἀρχόμενος
3171 1992 3388 2063 posita:

1809 2078 1955 2147 quod
1988 2078 2056 2133 ad
2100 2079 2314 2135 initium
2368 2082 2545 2137 aetatis
2577 2082 2882 2139 tricenariae
2905 2083 3148 2140 referunt
3176 2099 3390 2140 omnes.

1813 2172 1918 2242 Sed
1947 2171 2212 2228 Onufrins
2241 2188 2370 2228 xxix
2399 2188 2574 2229 annos
2613 2175 2893 2256 evolutos,
2925 2190 2991 2230 ac
3034 2189 3240 2244 paucos
3275 2175 3393 2230 dies

1815 2264 2094 2333 tricesimo
2115 2265 2312 2320 libatos
2364 2265 2664 2333 existimat,
2690 2266 2847 2336 quasi
2874 2266 3018 2321 istud
3039 2267 3110 2322 sit
3128 2267 3392 2342 ἄρχεσθαι

1811 2353 1952 2411 εἶναι
1987 2357 2121 2410 ὼσεὶ
2147 2357 2286 2412 ἐτῶν
2306 2356 2370 2411 λ’.
2417 2357 2658 2430 Scaliger
2691 2367 2850 2431 negat
2891 2360 3118 2430 probam
3153 2375 3276 2416 esse
3310 2361 3394 2416 lo-

1811 2451 2110 2512 cntionem,
2143 2449 2248 2506 nisi
2274 2451 2498 2522 triginta
2518 2451 2632 2522 jam
2657 2452 2785 2506 anni
2815 2451 3068 2522 completi
3099 2450 3227 2507 sint.
3262 2451 3395 2504 Mihi

1811 2559 1963 2609 vero,
2006 2551 2061 2598 nt
2115 2543 2350 2615 ingenue
2378 2541 2555 2597 dicam
2591 2542 2737 2612 quod
2788 2543 2987 2608 sentio,
3031 2543 3137 2598 alia
3171 2543 3252 2598 vis
3276 2557 3397 2598 esse

1813 2634 2028 2690 videtur
2053 2633 2326 2704 participii
2357 2634 2538 2702 illius,
2593 2649 2757 2704 quam
2814 2643 2874 2690 ut
2909 2635 3250 2700 inchoatum,
3301 2644 3398 2690 aut

1813 2727 2090 2790 expletum
2123 2726 2474 2781 tricenarium
2511 2726 2864 2781 demonstret.
2901 2723 3039 2781 Nam
3067 2741 3191 2782 cum
3225 2727 3395 2797 parti-

1814 2816 1933 2871 cula
1962 2816 2115 2881 ὼσει,
2142 2827 2200 2871 ιιι
2237 2831 2400 2886 supra
2429 2815 2762 2871 declaratum
2813 2824 2918 2881 est,
2949 2816 3288 2872 diminuendi
3311 2818 3395 2872 vel

1815 2907 2094 2962 dubitandi
2126 2907 2402 2962 notionem
2435 2906 2651 2974 habeat,
2673 2908 2798 2977 quis
2831 2915 2933 2974 est,
2989 2907 3079 2976 qui
3110 2907 3398 2976 scripsisse

1741 3021 1784 3078 ρ
1818 2995 2020 3053 Lucam
2052 3008 2203 3066 putet
2230 3017 2243 3053 :
2284 2996 2576 3067 Incipiebat
2609 3014 2720 3052 esse
2749 2997 2908 3054 Iesus
2940 2999 3060 3067 plus
3101 3001 3275 3054 minus
3298 3017 3396 3053 att-

1815 3106 2006 3144 norum
2035 3091 2295 3161 triginta?
2325 3088 2441 3145 Hoc
2465 3091 2610 3146 enim
2649 3097 2798 3146 esset
2825 3090 2890 3145 ad
2923 3091 3190 3146 inﬁnitam
3221 3091 3395 3162 parti-

1814 3180 1996 3235 culam
2033 3180 2302 3235 infinitum
2336 3181 2562 3234 verbum
2603 3179 2865 3250 adjicere,
2917 3195 3044 3234 cum
3079 3188 3188 3234 tam
3240 3180 3395 3248 ὡσεί,

1815 3289 1980 3345 quam
2012 3274 2314 3345 ἀρχόμενος
2370 3273 2657 3339 infinitam,
2701 3273 3033 3344 minimeque
3066 3273 3398 3329 determina-

1816 3374 1926 3420 tam
1950 3364 2404 3435 significationem
2457 3365 2711 3419 habeant.
2757 3362 2943 3421 Placet
2973 3364 3138 3435 igitur
3171 3366 3396 3421 verbum

1817 3453 2083 3524 ἄρχεσθαι
2118 3455 2184 3510 ad
2216 3454 2430 3509 initium
2459 3454 2862 3525 praedicationis
2885 3495 2899 3521 ,
2932 3455 3280 3526 οἰκονομίας,
3313 3457 3399 3512 vel

1815 3547 1915 3618 τῆς
1965 3547 2288 3616 ἐπιφανείας
2336 3545 2543 3602 referre
2562 3588 2577 3612 ,
2605 3547 2733 3619 quia
2765 3559 2888 3616 post
2919 3547 3274 3618 baptismum,
3305 3549 3397 3622 qui

1818 3639 2084 3694 hactenus
2124 3639 2447 3703 delituerat,
2486 3640 2540 3694 in
2576 3647 2824 3709 apertum
2875 3639 3160 3710 lucemque
3182 3639 3401 3708 prodire

1819 3731 2004 3800 coepit.
2057 3731 2235 3798 Quam
2289 3731 2393 3787 loci
2449 3731 2614 3801 hujus
2667 3731 3163 3801 interpretationem
3213 3739 3400 3802 postea

1819 3821 1963 3892 apud
1988 3820 2308 3878 Jansenium
2361 3822 2684 3891 scriptorem
2716 3821 3155 3877 eruditissimum
3191 3821 3400 3892 reperi;

1820 3916 1914 3984 qui
1944 3915 2191 3971 eamdem
2221 3915 2433 3970 caeteris
2465 3913 2746 3985 anteponit
2774 3913 3049 3970 omnibus.
3093 3912 3402 3968 l’rznsertim

1822 4019 1945 4060 cum
1994 4005 2116 4059 Act.
2151 4021 2190 4067 ι,
2243 4018 2384 4059 com.
2415 4002 2505 4068 22,
2541 4003 2731 4058 eodem
2779 4016 2942 4056 sensu
2997 4001 3222 4055 verbum
3271 4000 3403 4054 illud

1824 4102 2144 4162 usurpatum
2199 4091 2400 4147 fuerit:
2438 4094 2528 4145 ’Ev
2564 4084 2608 4158 ᾧ
2642 4090 2881 4161 εἰσῆλθε,
2933 4090 3028 4143 καὶ
3063 4089 3285 4162 ἐξῆλθεν
3317 4091 3404 4158 ἐφ’

1822 4184 1969 4254 ἡμᾶς
1989 4185 2017 4236 ὁ
2046 4182 2249 4255 Κύριος
2282 4183 2488 4255 Ἰησοῦς
2507 4183 2813 4255 ἀρξάμενος
2841 4182 2950 4234 ἀπὸ
2976 4181 3069 4235 τοῦ
3094 4181 3407 4252 βαπτίσμα-

1823 4294 1914 4341 τος
1954 4277 2235 4340 Ἰωάννου,
2283 4287 2337 4330 et
2371 4293 2490 4347 cap.
2532 4293 2586 4340 ι,
2638 4277 2743 4332 57.:
2793 4274 3123 4347 Ἀρξάμενον
3165 4275 3272 4328 ἀπὸ
3304 4274 3406 4345 τῆς

1749 4386 1796 4441 ι)
1826 4366 2278 4438 Γαλιλαίας,μετὰ
2299 4367 2360 4419 τὸ
2389 4365 2698 4437 βάπτισμα.
2727 4365 2860 4433 Quae
2889 4368 2933 4421 si
2961 4381 3087 4420 vera
3115 4374 3277 4432 sunt,
3318 4380 3407 4436 ap-

1826 4466 1980 4534 paret
2017 4474 2083 4513 ex
2119 4458 2228 4513 illis
2277 4458 2436 4514 Lucae
2489 4459 2668 4514 verbis
2705 4467 2914 4513 certum
2965 4458 3140 4514 aetatis
3200 4455 3404 4511 Christi

1827 4560 2041 4619 tempus
2065 4547 2277 4604 deﬁniri
2311 4564 2419 4603 non
2468 4563 2650 4618 posse.
2685 4546 2797 4603 Nec
2847 4558 2932 4602 est
2962 4546 3105 4617 quod
3131 4554 3405 4601 certorum

1825 4640 2049 4694 Patrum
2076 4650 2384 4710 opponatur
2437 4641 2761 4707 auctoritas,
2815 4640 2909 4710 qui
2939 4655 3045 4694 non
3081 4638 3230 4694 aliud
3265 4638 3411 4692 afﬁr-

1825 4749 1976 4790 mare
2014 4743 2265 4804 possunt,
2292 4749 2456 4804 quam
2489 4735 2632 4805 quod
2673 4749 2739 4788 ex
2768 4731 2913 4788 Luca
2942 4733 3282 4799 didicerunt;
3311 4747 3409 4786 ne-

1825 4841 1934 4896 que
1953 4835 2037 4882 est
2071 4826 2178 4880 ulla
2216 4827 2378 4892 ratio,
2409 4841 2508 4881 cur
2536 4841 2603 4880 ex
2633 4825 2851 4881 illorum
2873 4824 3056 4880 verbis
3087 4822 3288 4878 Lucam
3328 4823 3412 4876 in-

1826 4927 2188 4988 terpretemur
2219 4918 2421 4987 potius.
2451 4932 2613 4986 quam
2649 4932 2711 4971 ex
2747 4915 2892 4971 Luca
2927 4930 3050 4984 qua:
3084 4913 3153 4968 ab
3191 4913 3299 4968 illis
3322 4929 3412 4967 as-

1826 5010 2067 5066 severari
2107 5010 2380 5066 videntur.
2429 5008 2754 5079 Quanquam
2815 5007 3034 5062 tametsi
3079 5020 3187 5060 non
3245 5003 3408 5059 modo

1825 5101 2050 5168 Patres,
2087 5102 2182 5156 sed
2205 5109 2258 5156 et
2290 5100 2468 5156 Lucas
2490 5101 2607 5170 ipse
2634 5098 2927 5170 perfectos,
2969 5103 3410 5152 consummatos-

1827 5207 1936 5263 qne
1972 5189 2210 5246 tricenos
2250 5205 2426 5247 annos
2472 5191 2700 5254 diceret,
2745 5189 2883 5244 nihil
2927 5199 3110 5243 tamen
3144 5187 3408 5249 obstaret,

1829 5285 1983 5353 quin,
2019 5284 2064 5340 si
2098 5283 2281 5340 minus
2310 5297 2434 5338 cum
2490 5281 2717 5338 historia.
2748 5287 3091 5351 congrueret,
3133 5278 3322 5332 eodem
3355 5277 3410 5332 id

1829 5377 2200 5448 acciperemus
2224 5391 2405 5444 sensu,
2423 5391 2533 5446 quo
2556 5391 2676 5446 cap.
2694 5391 2755 5439 ιι,
2771 5374 2862 5440 21,
2881 5373 3058 5428 Lucas
3076 5371 3216 5426 idem
3240 5370 3409 5426 dixit:
3465 5426 3471 5431 ,

1832 5469 1962 5525 Post
1994 5477 2384 5524 consummatos
2423 5479 2544 5524 octo
2587 5468 2721 5533 dies,
2753 5482 2878 5522 cum
2921 5473 3115 5521 octavo
3157 5465 3274 5535 ipso
3300 5463 3409 5518 cir-
3453 5457 3463 5478 ‘

1831 5565 2108 5620 cumcisus
2161 5565 2232 5619 sit
2278 5578 2434 5633 puer,
2466 5572 2526 5618 nt
2559 5561 2852 5617 Jansenins
2882 5560 3158 5615 observat.
3187 5557 3413 5611 Frustra

1833 5661 2000 5733 igitur
2028 5657 2222 5729 lgnatii
2245 5657 2396 5714 locus
2426 5655 2516 5713 ille
2545 5670 2612 5712 ex
2645 5652 2817 5725 Epist.
2847 5652 2916 5707 ad
2939 5650 3107 5705 Trall.
3123 5649 3271 5706 velut
3293 5661 3416 5718 per-
