3810 6216
455 245 557 303 907

1559 249 1898 305 APPENDIX
1939 248 2572 314 DiSSEliTATlONUM.

3606 273 3697 329 903

450 364 738 436 emptorius
790 360 1044 432 objicitur
1072 378 1085 415 :
1120 362 1229 416 Καὶ
1251 366 1395 433 τρεῖς
1436 362 1666 428 δεκάδας
1696 366 1833 418 ἑτῶν
1864 364 1987 416 πολι

2119 362 2335 423 Juliano
2366 368 2456 434 £5,
2502 370 2731 428 Lentulo
2789 384 2843 430 et
2872 374 3067 432 Pisone
3117 393 3288 445 coss.,
3321 381 3693 440 collocandum

449 457 783 527 τευσάμενος
805 454 1106 526 ὲόαπτίσθη
1142 455 1247 508 ὑπὸ
1274 455 1518 510 Ἰωάννου
1545 499 1560 522 ,
1598 458 1845 512 adversus
1868 474 2019 527 quem

450 566 599 603 nemo
634 547 711 601 vel
743 547 953 611 mutire,
986 547 1176 600 nedum
1208 547 1472 617 refragari
1522 548 1643 617 jure
1690 548 1894 603 debeat.
1936 548 2016 603 An

447 642 591 697 cnim
620 642 741 711 plus
776 648 860 694 est
905 639 1113 705 dicere,
1156 640 1537 711 ὲπολιτεύσᾳτο
1588 645 1736 712 τρεῖς
1769 642 2016 708 δεκάδας,

446 746 633 799 quam,
667 728 1013 800 ἐπλήσθησαν
1039 730 1242 802 ἡμέραι
1272 728 1414 782 ὀκτώ
1434 772 1447 795 ,
1492 740 1585 784 aut
1611 732 1754 799 quod
1799 732 1925 785 alibi
1951 734 2019 788 de

445 820 920 889 transﬁguratione
946 818 1158 887 legitur,
1183 819 1298 889 μεθ’
1318 819 1531 890 ἡμέρας
1551 820 1682 872 ὡσεὶ
1705 821 1867 886 ὀκτώ,
1893 838 2015 878 cum

446 924 540 964 sex
591 917 796 963 tantum
858 922 888 962 a
920 906 1167 961 Matthan
1218 908 1374 962 solidi
1430 911 2016 967 numerentur?Miror

442 1007 655 1053 tantum
681 998 747 1051 in
799 996 904 1051 illis
936 996 1122 1066 lgnatii
1177 998 1356 1052 verbis
1386 998 1587 1066 aliquid
1645 1001 1902 1055 momenti
1945 1003 2012 1057 ad

445 1091 590 1143 illam
622 1088 943 1143 sententiam
975 1086 1173 1150 inesse,
1203 1088 1494 1143 nonnullos
1535 1090 1807 1146 arbitrari.
1841 1092 1915 1147 Ac
1964 1095 2011 1148 si

444 1181 767 1236 auctoritate
796 1194 879 1233 res
904 1178 1100 1248 agitur,
1132 1180 1396 1235 habemus
1428 1181 1858 1251 antiquissimos,
1887 1201 2013 1255 grao

441 1274 805 1341 vissimosque
832 1269 1020 1325 Patres
1043 1313 1056 1336 ,
1084 1271 1175 1341 qui
1224 1286 1329 1325 non
1370 1280 1428 1325 ut
1450 1271 1709 1343 lgnatius,
1735 1276 1968 1331 obscure
1992 1318 2007 1343 ,

442 1364 535 1420 sed
588 1372 769 1432 aperte
798 1361 1252 1432 quemadmodum
1282 1361 1442 1417 Lucae
1464 1364 1625 1418 verba
1652 1380 1679 1419 a
1739 1366 1896 1421 nobis
1926 1366 2009 1421 in-

439 1452 784 1523 terpretanda
821 1450 1016 1515 forent,
1049 1450 1305 1519 opinione
1342 1466 1439 1506 sua
1475 1452 1799 1508 docuerunt.
1833 1453 2005 1510 Justi-

440 1562 543 1601 nus
567 1545 763 1614 Martyr
797 1542 942 1597 Dial.
977 1558 1091 1595 cum
1128 1541 1546 1612 Tryphone,pag.
1584 1544 1652 1598 9:2
1679 1545 1808 1599 edit.
1865 1546 2002 1603 Rob.

440 1636 653 1706 Steph.,
685 1635 777 1688 καὶ
798 1634 1089 1704 τριάκοντα
1117 1632 1233 1702 ἔτη,
1269 1632 1301 1702 ἢ
1343 1632 1563 1685 πλείονα
1588 1676 1601 1699 ,
1643 1634 1674 1705 ἢ
1710 1636 1804 1689 καὶ
1838 1637 2000 1690 ὲλάσ-

2124 459 2493 529 scripserunt;
2544 464 2618 519 ita
2647 474 2705 519 ut
2737 467 2947 535 primus
2991 485 3203 535 eorum,
3238 488 3379 542 quos
3437 490 3469 529 a
3524 475 3691 529 Natali

2121 545 2324 604 Christi
2379 562 2651 621 putamus,
2702 556 2955 613 Julianus
3016 560 3084 613 sit
3133 561 3222 626 46,
3260 562 3324 617 C.
3389 563 3610 621 Caesare
3642 580 3690 621 et

2121 636 2288 695 Paulo
2322 657 2465 699 coss.
2513 645 2667 711 Quod
2708 651 2924 718 quidem
2960 654 3232 723 eclipseon
3282 671 3347 711 ac
3392 659 3690 712 caelestium

2120 740 2366 786 motuum
2394 734 2709 806 descriptio,
2740 751 2791 794 et
2814 743 2949 811 cycli
2978 744 3081 814 ipsi
3114 761 3181 799 ex
3212 747 3423 817 vulgari
3445 751 3691 803 methodo

2117 821 2249 877 satis
2288 824 2582 892 evincunt,
2640 838 2697 883 ut
2750 832 2965 888 abunde
3016 834 3281 891 hactenus
3327 837 3685 892 ostendimus.

2117 909 2272 977 Quod
2312 915 2357 970 si
2386 917 2510 987 quis
2555 935 2719 975 aeram
2755 924 3058 995 vulgarem,
3108 944 3270 997 quam
3303 929 3689 1002 Dionysianam

2115 1015 2313 1059 vocant
2342 1048 2356 1073 ,
2412 1024 2538 1064 cum
2578 1010 2646 1067 iis
2678 1014 2933 1071 omnibus
2962 1019 3255 1075 conciliare
3290 1022 3551 1087 voluerit,
3588 1024 3688 1078 imo

2115 1098 2426 1153 consentire
2456 1100 2573 1169 ipse
2604 1118 2831 1172 secum;
2870 1109 3106 1177 primum
3137 1110 3358 1167 Juliano
3413 1130 3584 1179 anno,
3636 1132 3689 1170 ac

2113 1197 2255 1239 coss.
2291 1200 2431 1255 quos
2460 1189 2613 1255 dixi,
2670 1186 2915 1249 Natalem
2950 1195 3151 1253 Christi
3188 1201 3436 1257 tribuere
3483 1204 3642 1259 debet
3674 1222 3685 1253 :

2112 1280 2225 1327 tum
2253 1276 2502 1331 eumdem
2529 1276 2805 1335 Christum
2842 1282 3059 1340 Juliano
3084 1285 3148 1341 75
3181 1289 3521 1360 baptizatum
3547 1308 3693 1348 asse-

2108 1376 2247 1427 rere,
2272 1379 2416 1418 anno
2436 1368 2607 1424 aetatis
2622 1385 2749 1424 xxix
2771 1371 2881 1441 jam
2914 1376 3203 1446 completo,
3231 1390 3286 1434 et
3304 1382 3543 1450 ineunte
3566 1400 3683 1439 xxx.

2108 1451 2323 1523 Alioqui
2343 1471 2465 1509 cum
2483 1456 2836 1516 Geminorum
2857 1467 3175 1524 consulatus
3208 1485 3356 1525 anno
3392 1472 3466 1527 29
3499 1472 3693 1548 Diony—

2107 1541 2271 1599 sianae
2298 1561 2420 1600 aera:
2459 1562 2742 1621 congruat,
2780 1556 2933 1626 cyclo
2965 1559 3097 1615 solis
3127 1578 3180 1625 x,
3224 1563 3371 1618 lunae
3422 1581 3503 1627 χι,
3533 1566 3688 1624 Chri-

2108 1637 2485 1707 stus,expletis
2503 1639 2764 1699 duntaxat
2781 1662 2948 1703 xxvtu
2969 1651 3148 1716 annis,
3169 1652 3485 1723 baptizatus
3508 1657 3685 1715 fuerit.

438 1702 568 1782 σονᾷ
601 1726 807 1797 μείνας,
838 1702 1030 1795 μέχρις
1052 1715 1111 1775 οὗ
1131 1722 1502 1793 ’προελήλυθεν
1549 1702 1800 1797 Ἰωάννης
1828 1728 1992 1798 κῆρυξ

2329 1702 2347 1707 _
2934 1702 2943 1703 ,
2991 1702 2998 1704 .
3170 1702 3485 1723 --Γπ----υ
3508 1702 3684 1715 ...-....

2108 1720 2222 1777 lmo
2259 1740 2388 1781 vero
2412 1727 2458 1781 si
2484 1728 2727 1802 Dionysii
2753 1734 2898 1792 illius
2922 1753 3045 1794 tera:
3080 1745 3408 1812 conditoris,
3444 1764 3509 1804 ac
3534 1749 3684 1807 Beda

437 1819 627 1885 σώτοῦι
654 1818 870 1872 Dubitat
897 1824 1077 1870 utrum
1105 1828 1278 1869 annos
1307 1815 1524 1885 triginta
1548 1815 1796 1873 Christus
1818 1836 2005 1876 exces-

430 1914 586 1978 serit,
610 1876 690 1965 ~an
723 1907 861 1963 inira
895 1908 1017 1963 illos
1062 1906 1390 1971 constiterit,
1440 1921 1563 1961 cum
1621 1909 1687 1963 ad
1735 1907 2001 1967 Joannem

428 2003 683 2061 accessit.
735 2000 843 2056 Cur
884 2000 992 2055 ita?
1044 1997 1233 2053 Nonne
1277 1999 1420 2068 quod
1449 1998 1627 2055 Lucas
1654 2002 2003 2075 ἀπορητικῶς

424 2098 578 2167 toqui
605 2096 758 2151 visus
793 2102 895 2157 est,
925 2106 1045 2146 eum
1074 2090 1205 2143 ὡσεὶ
1240 2089 1375 2145 ἐτῶν
1412 2092 1704 2162 τριάκοντα
1751 2098 2004 2165 scripsit?

434 2187 501 2241 At
526 2186 760 2241 irenteus
788 2191 997 2237 tantum
1030 2182 1097 2236 ab
1126 2180 1317 2252 rigidis
1344 2180 1452 2236 illis
1476 2181 1885 2254 praeiractisque
1908 2203 2005 2249 vo-~

432 2280 675 2335 cularum
706 2275 1091 2345 interpretibus
1116 2274 1402 2340 abhorret;
1434 2282 1491 2326 ut
1519 2274 1554 2327 ι.
1582 2291 1644 2339 ιι,
1677 2290 1725 2330 c.
1754 2276 1823 2331 59
1840 2277 2000 2334 Chri-

432 2384 571 2429 stum
598 2368 849 2440 baptismi
882 2376 1122 2437 tempore
1143 2365 1381 2420 nondum
1404 2364 1578 2421 aatatis
1598 2382 1798 2422 annum
1836 2371 2000 2428 trice-

430 2465 630 2523 simum
666 2460 967 2530 explevisse
1006 2466 1245 2514 censeat.
1273 2456 1634 2513 Praetermitto
1670 2464 2000 2554 recentiores

428 2554 743 2626 apostolicis
787 2551 895 2606 illis
925 2548 1259 2618 temporibus
1288 2547 1493 2615 Patres,
1514 2558 1846 2623 czeterosque
1877 2547 1998 2625 gra-

428 2665 546 2715 ves,
576 2657 629 2702 et
662 2645 903 2701 eruditos
945 2641 1229 2705 homines;
1281 2640 1373 2710 qui
1422 2640 1584 2696 Luca:
1624 2647 1994 2704 testimonium

427 2740 745 2811 ἀδιορίστως
773 2743 986 2791 aetatem
1013 2732 1239 2798 Christi,
1269 2746 1332 2786 ac
1362 2731 1654 2798 πλατυκῶς
1690 2736 1997 2808 signiﬁcare

427 2847 536 2885 non
572 2828 839 2887 dubitant.
892 2824 1002 2879 Nec
1047 2820 1352 2887 defuerunt,
1404 2822 1497 2892 qui
1541 2839 1639 2892 pro
1670 2826 1992 2897 ἀρχόμενος,

426 2922 717 2994 ἐρχόμενος
773 2915 1018 2988 legerint,
1062 2922 1122 2967 ut
1168 2912 1502 2982 Epiphanius
1532 2924 1585 2969 et
1633 2914 1991 2988 Euthymius;

2105 1811 2343 1870 decretis
2391 1814 2717 1886 insistimus,
2743 1828 2959 1883 nonnisi
2989 1847 3138 1888 xxvu
3168 1849 3347 1892 annos
3374 1837 3681 1896 absolverat

2105 1896 2378 1969 Christus,
2416 1919 2544 1961 cum
2587 1909 2653 1964 ad
2686 1909 2950 1971 Joannem
2980 1922 3147 1976 venit.

2105 2010 2380 2077 Quomodo
2412 2018 2645 2104 vulgaris
2678 2040 2791 2105 tera
2823 2027 3025 2114 Christi
3047 2035 3133 2114 ,οὺ
3168 2041 3411 2093 auctoris
3444 2040 3682 2114 Dionysii

2618 2094 2862 2150 instituto
2890 2102 3167 2159 dissideat.

2101 2449 2338 2507 nationis
2390 2468 2455 2509 ac
2513 2454 2721 2515 Natalis
2758 2477 2961 2521 annum
3007 2484 3129 2526 esse
3168 2478 3539 2535 constitutum
3580 2501 3594 2535 :
3631 2487 3678 2539 id

2101 2540 2243 2608 quod
2282 2557 2344 2596 ex
2377 2543 2619 2617 Dionysii
2650 2549 2822 2619 ipsius
2843 2592 2857 2619 ,
2906 2569 2972 2609 ac
3023 2557 3180 2614 Bedaa
3215 2565 3542 2623 testimonio
3569 2572 3679 2640 pla~

2099 2643 2230 2683 num
2258 2631 2452 2689 faciam
2494 2656 2508 2693 :
2542 2654 2666 2695 nam
2696 2641 3007 2716 Dionysius,
3034 2659 3090 2705 ut
3124 2664 3319 2710 auctor
3353 2666 3444 2714 est
3478 2659 3621 2716 Beda
3643 2665 3675 2717 l.

2100 2720 2174 2776 De
2205 2734 2360 2795 temp.
2396 2730 2756 2803 ratione.cap.
2797 2737 2895 2803 45,
2946 2749 2999 2794 et
3046 2743 3172 2798 alibi
3232 2762 3413 2818 smpe,
3467 2755 3675 2823 cyclum

2096 2828 2254 2870 suum
2289 2832 2553 2877 annorum
2583 2824 2689 2878 552
2716 2828 2783 2882 ab
2822 2844 2888 2884 eo
2938 2832 3214 2892 inchoavit
3247 2854 3419 2907 anno,
3458 2847 3554 2914 qui
3594 2847 3676 2900 in-

2098 2911 2468 2967 carnationem
2505 2924 2558 2969 et
2611 2915 2955 2978 Nativitatem
2996 2932 3311 2987 antecessit.
3353 2911 3550 3007 Itaque
3574 2942 3676 3009 pris

424 3014 560 3068 adeo
603 3010 946 3083 participium
981 3005 1281 3079 ἀρχόμενος
1322 3006 1386 3060 ad
1432 3004 1592 3061 oilicii
1643 3016 1697 3062 et
1727 3009 1993 3077 praedica-
2018 3040 2062 3099 ϐ
2098 3015 2247 3055 mum
2283 3017 2485 3099 annum
2510 3008 2655 3099 cycli
2687 3011 2773 3066 sui
2799 3015 2967 3070 voluit
2996 3032 3120 3074 eum
3156 3036 3302 3089 esse,
3331 3030 3531 3096 quiest
3557 3048 3675 3088 aera

422 3101 589 3157 tionis
619 3099 923 3161 exordium,
961 3112 1071 3152 non
1121 3094 1186 3150 ad
1228 3094 1501 3150 ineuntem
1530 3104 1741 3151 aetatem
1776 3099 1990 3157 illorum

423 3192 691 3249 sententia
722 3197 1023 3243 revocatur.

494 3281 601 3337 Sed
641 3288 726 3335 est
750 3278 895 3333 aliud
924 3277 1203 3348 quiddam,
1231 3276 1374 3348 quod
1403 3289 1610 3334 veteres
1635 3280 1883 3348 perinde,
1926 3299 1991 3341 ac

422 3372 753 3429 recentiores
780 3383 990 3431 omnes,
1015 3366 1105 3435 qui
1137 3367 1203 3420 de
1225 3366 1388 3420 natali
1405 3382 1551 3421 anno
1571 3367 1771 3425 Christi
1801 3371 1991 3442 dispu-

422 3472 625 3529 tarunt,
656 3470 915 3529 tanquam
956 3456 1321 3514 certissimum
1373 3458 1534 3528 vulgo
1590 3472 1985 3530 sumpserunt:

418 3556 677 3610 nimirum
723 3551 1006 3607 Christum
1057 3564 1201 3607 anno
1248 3565 1317 3604 xv
1369 3548 1571 3605 Tiberii
1645 3552 1984 3623 baptizatum

418 3644 610 3700 fuisse.
642 3642 797 3698 Unde
828 3656 952 3697 cum
978 3638 1183 3695 Tiberii
1224 3655 1291 3693 xv
1318 3641 1544 3709 eruperit
1576 3656 1722 3696 anno
1765 3642 1986 3701 Juliano

416 3736 507 3799 75,
544 3734 729 3790 Silano
754 3742 806 3788 et
827 3731 1001 3786 Nerva
1046 3746 1283 3795 coss.,ex
1313 3731 1376 3784 A.
1414 3729 1477 3785 D.
1513 3748 1602 3786 xiv
1636 3734 1765 3791 Kal.
1805 3733 1982 3805 Sept.,

415 3839 471 3882 et
494 3825 799 3895 baptismus
826 3822 1036 3878 Christi
1071 3823 1123 3876 in
1154 3820 1399 3876 Januarii
1426 3838 1476 3876 v1
1512 3824 1824 3892 incurrerit,
1852 3842 1985 3883 con—

412 3918 562 3975 venit
591 3928 734 3972 anno
770 3915 984 3970 Juliano
1015 3912 1109 3977 74,
1146 3910 1388 3967 Geminis
1419 3913 1633 3969 duobus
1662 3931 1831 3983 coss.,
1862 3935 1984 3990 qua:

414 4019 497 4067 est
523 4008 766 4064 omnium
815 4005 928 4061 fere
956 4003 1263 4060 communis
1311 4004 1516 4074 opinio.
1557 4006 1716 4073 Quod
1764 4011 1980 4068 illorum

411 4100 814 4154 ﬁrmamentum
846 4096 893 4150 si
921 4094 1046 4165 quis
1074 4093 1382 4159 extorserit,
1435 4096 1614 4152 omnis
1645 4098 1735 4153 illa
1772 4099 1978 4158 Christi

410 4193 609 4249 natalis
632 4188 991 4260 investigandi
1013 4187 1154 4243 ratio
1178 4186 1502 4243 labefactata
1535 4191 1794 4246 concidit.
1813 4191 1978 4265 Atqui

410 4296 556 4337 anno
611 4282 732 4352 ipso
781 4279 986 4335 Tiberii
1022 4296 1087 4335 xv
1128 4280 1464 4350 baptizatum
1523 4298 1645 4340 esse
1700 4285 1976 4343 Christum

2096 3095 2402 3149 communis
2428 3096 2563 3163 552;
2610 3104 2909 3159 secundum
2941 3123 3071 3163 vero
3108 3127 3254 3178 eum,
3303 3095 3400 3186 qui
3438 3130 3524 3176 est
3551 3123 3671 3178 535.

2093 3181 2212 3248 Quo
2244 3186 2320 3249 iit,
2352 3195 2411 3241 ut
2437 3189 2482 3244 si
2504 3199 2648 3246 retro
2674 3198 2921 3266 progredi
2957 3203 3215 3273 volueris,
3252 3181 3437 3267 annus
3460 3216 3670 3282 primus

2093 3278 2227 3347 cycli
2257 3277 2571 3351 Dionysiani
2613 3289 2859 3354 proxime
2902 3290 3302 3354 lucarnationis
3355 3316 3424 3359 ac
3470 3302 3672 3363 Nativi-

2094 3366 2217 3421 tatis
2245 3382 2449 3424 annum
2478 3376 2769 3441 praecedat.
2820 3378 2965 3435 idem
3000 3384 3053 3437 in
3103 3386 3400 3460 Computa,
3446 3398 3666 3466 cap.i7,

2092 3460 2284 3526 repetit
2313 3459 2455 3516 Beda
2481 3482 2493 3517 :
2515 3473 2568 3518 et
2598 3481 2666 3521 ne
2685 3483 2790 3537 qua
2816 3472 3083 3531 dubitatio
3109 3459 3279 3546 possit
3314 3496 3464 3548 esse,
3496 3459 3668 3544 certos

2090 3545 2433 3605 characteres
2467 3550 2635 3620 addit,
2666 3558 2866 3626 quibus
2895 3545 3170 3620 secundus
3194 3568 3287 3623 ille
3316 3545 3505 3629 annus
3534 3580 3663 3647 cycli

2089 3636 2158 3691 ab
2185 3638 2307 3693 aliis
2340 3641 2666 3700 discernitur
2696 3667 2711 3703 :
2757 3651 2946 3718 veluti,
2978 3657 3121 3724 quod
3154 3674 3379 3729 epactas
3420 3636 3661 3723 habuerit

2088 3744 2179 3797 xt;
2207 3744 2597 3793 concurrentes
2638 3755 2701 3806 v;
2732 3741 2856 3796 luna
2882 3743 3007 3800 item
3032 3764 3121 3802 xiv
3152 3750 3206 3804 in
3232 3768 3331 3808 vm
3367 3755 3490 3810 Kal.
3536 3758 3657 3829 Apr.

2088 3821 2365 3881 Dominica
2393 3843 2519 3883 vero
2548 3828 2828 3889 Paschalis
2862 3852 2915 3890 vr
2947 3837 3065 3894 Kal.
3098 3843 3229 3913 Apr.
3267 3846 3399 3902 luna
3432 3867 3543 3905 xvr.
3572 3821 3658 3907 iist

2084 3916 2229 3971 enim
2255 3916 2343 3973 hic
2379 3934 2555 3976 annus
2582 3938 2702 3978 aera:
2733 3929 3041 3985 communis
3072 3933 3308 4000 primus,
3352 3940 3511 4008 cyclo
3537 3942 3655 3995 solis

2083 4022 2137 4071 x,
2167 4007 2309 4063 lunae
2347 4025 2408 4071 ιι,
2438 4022 2640 4080 epactte
2670 4032 2745 4081 xi,
2794 4031 3187 4079 concurrentes
3217 4042 3272 4081 v.
3304 4026 3651 4088 Noviiunium

2082 4100 2319 4155 medium
2346 4116 2411 4156 ex
2441 4096 2664 4161 FriSicis
2689 4106 2896 4164 Mulieri
2928 4111 3145 4174 tabulis,
3160 4113 3344 4174 Martii
3369 4120 3493 4188 xiu,
3530 4125 3652 4179 hora

2080 4189 2135 4255 7,
2158 4188 2246 4253 59,
2273 4189 2361 4256 59,
2385 4202 2509 4261 post
2528 4196 2669 4250 med.
2700 4208 2937 4265 noctem,
2968 4202 3095 4259 luna
3118 4221 3231 4273 xiv,
3267 4208 3455 4267 Martii
3482 4231 3606 4271 xxvi
3632 4232 3648 4269 :

2080 4280 2174 4335 sed
2193 4280 2261 4335 ob
2294 4284 2601 4355 προήγησιν
2632 4284 2864 4344 Νἰοωιιίε
2888 4295 3245 4365 temporibus,
3280 4301 3350 4356 ad
3376 4319 3505 4375 qua:
3535 4306 3649 4363 Dio-

407 4372 553 4428 unde
591 4372 807 4427 tandem
840 4371 1183 4427 habuerunt?
1215 4371 1392 4428 Lucas
1416 4374 1562 4429 enim
1591 4390 1710 4446 cap.
1740 4393 1815 4442 tu,
1846 4379 1899 4446 1,
1920 4379 1975 4443 2,

2092 4368 2271 4439 nysius
2300 4372 2510 4442 cyclum
2548 4389 2705 4431 suum
2747 4379 2949 4451 dirigit,
2980 4386 3321 4444 novilunium
3354 4368 3537 4451 Martii
3566 4412 3645 4463 xu,

408 4475 554 4516 anno
575 4476 645 4515 xv
696 4460 899 4516 Tiberii
926 4459 1189 4517 Joannem
1218 4463 1393 4519 sancti
1431 4463 1668 4535 Spiritus
1698 4467 1877 4523 aiilatu
1907 4470 1975 4525 ad

2078 4459 2204 4515 luna
2222 4477 2335 4529 xtv,
2354 4462 2528 4518 Martii
2553 4481 2673 4533 xxv,
2701 4469 2814 4524 sive
2845 4487 2939 4527 vm
2963 4472 3080 4529 Kal.
3100 4478 3257 4548 Apr.,
3277 4482 3361 4537 lit.
3386 4484 3643 4546 Dominic.

407 4552 813 4622 praedicandam
860 4553 1233 4642 ptenitentiam
1272 4554 1547 4623 prodiisse
1580 4568 1766 4612 narrat
1798 4597 1813 4621 ,
1864 4573 1974 4613 non
2075 4549 2136 4605 Β·
2175 4550 2417 4651 Ριᾯ-ίξὶάεξ
2439 4553 2805 4651 Μετιξίνκκνιιν
2839 4563 3137 4622 θοηιίηίθθ·
3171 4569 3311 4628 Ηίηο
3345 4586 3433 4632 εει
3488 4585 3639 4651 quo"

3289 4625 3306 4628 -
3351 4625 3431 4632 η,
3490 4625 3639 4651 ..-νη

316 4676 327 4685 κ
405 4656 536 4699 vero
569 4641 844 4697 Christum
873 4625 1061 4698 eodem
1080 4645 1172 4699 illo
1203 4642 1406 4699 Tiberii
1438 4663 1505 4700 xv
1535 4662 1676 4701 anno
1707 4663 1735 4702 a
1765 4648 1985 4723 Joanne.
2073 4651 2135 4697 ιιι
2166 4644 2353 4700 Scribit
2381 4645 2546 4714 Beda.
2580 4649 2869 4722 Dionysius
2906 4657 2973 4711 ad
2999 4662 3313 4719 methodum
3358 4668 3640 4728 decemno.

404 4732 759 4802 baptizatum.
789 4728 1000 4787 Etenim
1037 4734 1151 4787 ﬁeri
1181 4742 1375 4802 potest,
1411 4744 1471 4790 ut
1514 4735 1733 4793 Juliano
1762 4740 1849 4801 74,
1882 4738 1973 4795 Ti-

402 4822 537 4878 berii
577 4837 645 4877 xv
672 4831 920 4889 exeunte,
962 4831 1152 4894 utputa
1185 4824 1430 4894 Augusto
1460 4827 1697 4894 ineunte,
1731 4834 1970 4889 Joannes

2074 4737 2323 4792 vennalis
2356 4741 2515 4795 annis
2566 4740 2780 4818 Domini
2824 4762 2993 4802 unum
3022 4751 3185 4820 adjici
3222 4756 3420 4824 jubet;
3458 4764 3640 4833 signiﬁ-

2071 4842 2200 4881 cans
2249 4829 2343 4882 illo
2382 4830 2664 4886 incuruata
2704 4852 2867 4889 unum
2910 4834 3120 4895 ΟἰταιΙί
3161 4844 3637 4908 decemuoreunah’:

397 4911 587 4967 relicta
618 4912 911 4967 solitudine
938 4911 991 4966 in
1023 4912 1297 4982 publicum
1326 4917 1625 4981 emerserit,
1643 4928 1696 4973 et
1730 4935 1874 4975 anno
1900 4921 1969 4974 75

2092 4932 2264 4972 mnum
2295 4923 2410 4990 jam
2434 4923 2597 4991 fuisse
2624 4928 2957 4995 completum.
2994 4930 3203 4997 Quibus
3225 4952 3291 4992 ex
3326 4939 3490 4998 Beda:
3529 4946 3638 5001 Dio-

395 5002 615 5059 Juliano
669 5003 978 5073 baptizatus
1012 5004 1080 5059 ab
1128 5006 1317 5060 eodem
1355 5007 1423 5062 sit
1455 5008 1724 5077 Christus,
1763 5012 1966 5069 Tiberii

398 5108 506 5149 xvt.
540 5093 696 5159 Quod
730 5110 759 5148 a
783 5094 1019 5161 nemine,
1047 5103 1312 5164 quantum
1345 5096 1536 5165 sciam,
1567 5100 1829 5157 hactenus
1868 5104 1965 5159 oh-

397 5197 692 5253 servatum,
724 5186 1016 5255 plurimum
1056 5187 1122 5241 ad
1169 5190 1477 5246 communis
1519 5205 1583 5245 ac
1620 5192 1964 5263 Dionysiana:

393 5291 514 5331 terte
541 5278 905 5346 patrocinium
947 5278 1179 5334 confert.
1216 5277 1385 5335 Nemo
1406 5291 1494 5337 est
1538 5284 1684 5338 enim
1725 5296 1833 5340 tam
1864 5303 1959 5357 pa-

390 5382 534 5432 rum,
558 5382 666 5421 non
693 5368 870 5423 dicam
905 5370 1305 5425 mathematicis
1337 5372 1569 5440 artibus,
1616 5375 1710 5430 sed
1749 5378 1958 5448 vulgari

335 5462 342 5469 '
390 5455 481 5509 illa
505 5458 697 5525 peritia
743 5459 1221 5515 subdueendorum
1266 5471 1572 5532 temporum
1627 5467 1953 5535 instructus,

388 5543 483 5611 qui
509 5558 618 5598 non
649 5560 1100 5616 pugnaresecum
1134 5546 1255 5607 illos
1284 5566 1473 5609 omnes
1531 5555 1948 5625 animadvertat,

2067 5010 2318 5081 nysiique
2364 5015 2545 5071 verbis
2574 5018 2821 5074 vitiosam
2874 5020 3334 5095 Dionysianorum
3366 5037 3633 5104 cyclorum

2064 5098 2480 5173 descriptionem
2512 5122 2633 5164 esse
2659 5119 2823 5180 patet,
2843 5127 2963 5182 quae
2987 5117 3127 5185 apud
3154 5098 3420 5178 eumdem'
3446 5126 3630 5183 Bedam

2067 5199 2214 5245 tomo
2242 5191 2262 5245 Ι
2288 5197 2572 5263 reperitur.
2598 5195 2674 5252 lbi
2704 5200 2850 5253 enim
2884 5216 3027 5257 anno
3057 5207 3235 5273 primo
3258 5210 3443 5268 littera
3468 5216 3513 5269 Ε
3544 5234 3629 5287 po-

2062 5282 2210 5338 nitur
2240 5300 2253 5338 :
2289 5300 2434 5340 anno
2460 5290 2719 5355 secundo,
2742 5290 2845 5347 DC.
2872 5292 3034 5364 Atqui
3057 5298 3269 5366 primus
3297 5317 3480 5362 annus

2059 5375 2376 5449 Dionysiani
2412 5379 2681 5437 bisextilis
2712 5391 2816 5447 est,
2848 5398 2955 5438 non
3010 5390 3315 5455 secundus,
3346 5397 3443 5463 qui
3476 5375 3622 5452 habet

2058 5466 2292 5522 litteram
2323 5467 2383 5535 Β,
2414 5471 2491 5523 uti
2513 5472 2664 5540 prior
2694 5471 2799 5527 DC.
2830 5474 2955 5531 ideo
2974 5477 3171 5533 merito
3200 5479 3344 5538 Beda
3375 5489 3617 5551 correxit,

2054 5568 2108 5615 et
2158 5560 2465 5618 bisextiiem
2521 5565 2656 5636 cycli
2700 5568 2936 5636 primum
2995 5585 3203 5627 annum
3257 5591 3384 5632 esse
3442 5580 3611 5635 voluit.

387 5635 482 5704 qui
510 5633 755 5693 Natalem
782 5638 996 5697 Domini
1015 5657 1080 5698 ex
1102 5656 1207 5698 aera
1223 5644 1431 5714 vulgari
1457 5645 1566 5701 alio
1593 5662 1755 5716 anno,
1781 5664 1945 5721 quam
2053 5653 2377 5723 Quanquam
2403 5633 2673 5727 suspicari
2712 5657 2834 5714 licet
2861 5657 3178 5733 Dionysium
3213 5666 3396 5736 primo
3423 5684 3607 5724 annua:
