3854 6352
128 355 240 412 909

1303 343 1389 397 DE
1426 341 1610 398 ANNO
1645 340 1895 395 NATALI
1935 338 2228 395 CHRISTI.

3277 331 3384 386 9l0

131 470 392 528 Natalem
435 469 489 523 in
519 468 737 524 tertium
767 466 976 538 olymp.’
1009 464 1110 518 194
1141 462 1537 532 conjicientem,
1571 469 1716 516 recte
1746 467 1787 522 Α
1820 449 1995 514 liitera
2032 459 2187 512 Dom.
2235 457 2294 508 Β.
2319 455 2499 522 Quare
2528 455 2736 510 decima
2772 461 2966 523 quarta
2987 448 3264 506 Paschalis
3299 450 3386 502 in-

135 565 443 618 adnotasse
475 559 789 630 proximum
817 557 970 610 illum
1001 563 1126 609 ante
1174 554 1476 608 bisextilem
1523 551 1713 617 luisse,

133 657 305 724 eique
332 659 618 722 propterea
656 649 890 702 litteram
917 644 960 698 Ε
992 644 1250 700 tribuisse
1283 659 1294 694 :
1335 651 1518 713 postea
1538 652 1715 696 tamen

137 747 570 810 hallucmatum,
615 739 859 796 Natalem
905 738 1248 795 submovisse
1304 735 1358 790 in
1414 749 1617 788 annum
1666 749 1716 786 Iv

138 838 353 906 olymp.
375 834 645 904 ejusdem,
670 831 751 886 vel
775 839 920 886 certe
947 829 1168 884 alteram
1199 826 1508 897 quempiam
1549 821 1719 878 ascri-

138 929 326 999 psisse
368 927 608 980 litteram
640 923 702 988 Ε,
733 936 897 991 quam
941 918 1232 975 convenire
1271 924 1455 971 nosset
1483 927 1627 968 anno
1661 927 1720 965 ιιι

138 1019 349 1088 olymp.
400 1015 527 1072 194,
578 1012 666 1068 ειιί
721 1009 1012 1080 Dionysius
1052 1006 1296 1062 Natalem
1329 1005 1721 1074 assignaverat,

140 1124 242 1162 nec
270 1103 598 1166 advenisse,
624 1101 804 1156 minus
830 1099 936 1154 hoc
965 1099 1031 1152 ad
1062 1111 1222 1152 suum
1257 1095 1564 1150 institutum
1587 1107 1723 1162 qua~

139 1200 324 1252 drare.
359 1194 652 1264 Uteunque
686 1205 815 1246 vero
853 1189 1133 1255 ceciderit,
1181 1201 1284 1242 nos
1323 1199 1487 1240 teram
1518 1183 1721 1253 Diony-

139 1290 357 1343 sianam
385 1302 498 1340 uno
533 1283 894 1351 anticipamus
946 1293 1127 1334 anno:
1154 1287 1210 1333 ει
1233 1291 1395 1345 quem
1424 1275 1511 1329 ille
1543 1274 1725 1328 lncar-

141 1381 391 1437 nationis
429 1390 484 1432 et
529 1374 839 1431 Nativitatis
887 1388 1088 1427 annum
1130 1385 1252 1426 esse
1285 1368 1476 1432 voluit,
1537 1366 1725 1437 proxi-

139 1485 293 1524 mum
325 1485 355 1522 a
392 1467 686 1522 Nativitate
712 1457 1723 1532 constituimus,quodimprudentibus

142 1559 304 1614 nobis
331 1557 600 1627 obrepsit.
630 1555 766 1612 Cum
789 1554 935 1610 enim
973 1566 1213 1622 majores
1243 1551 1417 1605 nostri
1452 1563 1626 1602 annos
1655 1547 1724 1600 ab

142 1647 533 1704 incarnatione
558 1651 928 1708 numerarent,
965 1649 1155 1710 postea
1179 1637 1382 1694 factum
1405 1647 1509 1701 εει,
1533 1645 1593 1691 ιιι
1625 1636 1720 1706 qui

137 1753 167 1792 a
198 1736 507 1792 Nativitate
530 1732 710 1803 potius
736 1731 950 1785 initium
997 1738 1242 1798 repetere
1265 1728 1482 1794 vellent,
1513 1741 1637 1782 eum
1668 1742 1720 1781 tx

1819 551 1989 605 currit
2020 551 2070 602 in
2105 567 2156 604 ιι
2185 552 2312 620 Apr.
2348 548 2448 602 fer.
2477 563 2566 601 vn.
2591 545 2860 602 Postridie
2888 545 3066 613 itaque
3099 540 3381 598 Dominica

1819 643 2118 697 Paschalis.
2149 641 2309 710 Atqui
2347 639 2672 693 utChristus
2710 647 2869 691 natus
2901 637 2971 690 sit
2987 644 3219 691 exeunte
3241 647 3387 688 anno

1822 732 2150 803 Dionysiano
2174 731 2433 797 secundo,
2464 745 2607 784 anno
2630 728 2698 782 54
2722 736 2975 793 exeunte,
3012 742 3122 781 non
3150 726 3384 796 amplius

1823 839 1970 876 χχιιι
1999 838 2170 877 annos
2198 821 2402 877 solidos
2451 821 2772 889 expleverit;
2806 818 3027 873 ineunte
3059 833 3188 873 vero
3222 832 3384 881 xxxv,

1829 915 2163 968 tricesimum
2191 915 2405 969 tertium
2434 914 2740 968 inchoabat.
2773 911 2914 982 Ergo
2944 910 3181 981 primum
3212 910 3387 964 relatis

1822 1017 2023 1056 annum
2077 1002 2384 1074 Campanus
2417 1019 2538 1059 eum
2579 1011 2848 1067 numerat,
2885 1017 2994 1072 quo
3039 1001 3094 1055 in
3133 1008 3382 1056 materno

1825 1107 1982 1152 utero
2005 1106 2244 1167 gestatus
2278 1104 2380 1150 est.

1822 1209 1900 1264 De
1941 1209 2216 1278 Sigeberti,
2267 1207 2543 1278 Mariani,
2571 1207 2897 1276 aliorumque
2954 1203 3389 1278 chronologorum

1892 1276 2338 1359 hallucinatione,
2407 1277 2545 1346 quod
2630 1278 2698 1330 ad
2771 1293 2892 1331 certe
2955 1276 3391 1342 anticipationem

1895 1358 2140 1416 pertinet.

1894 1460 2050 1526 Quod
2090 1470 2174 1515 est
2209 1477 2238 1514 a
2279 1461 2434 1517 nobis
2487 1461 2737 1531 proxime
2788 1460 3144 1529 disputatum,
3186 1457 3390 1527 Diony-

1833 1551 2039 1606 sianam
2105 1568 2291 1617 seram,
2361 1569 2485 1608 cum
2525 1555 2593 1608 ab
2648 1566 2790 1607 anno
2856 1550 3249 1605 lncarnationis
3306 1548 3394 1604 in-

1825 1643 2068 1697 choanda
2110 1644 2181 1698 sit
2221 1643 2290 1697 ab
2317 1658 2403 1708 eo,
2457 1644 2552 1712 qui
2599 1643 2942 1696 Nativitatcm
2977 1641 3245 1710 sequitur,
3291 1639 3390 1694 ho-

1824 1731 2016 1786 dierno
2043 1747 2143 1786 usu
2178 1734 2364 1801 repeti,
2399 1734 2572 1802 prima
2602 1731 2778 1786 fronte
2808 1730 3120 1801 Sigebcrtus
3145 1731 3392 1785 animad-

141 1843 371 1884 menses
403 1826 687 1882 detrahere
719 1823 998 1888 deberent,
1031 1797 1204 1875 tribus
1238 1827 1573 1874 antevertere
1605 1831 1719 1870 ma-
1751 1797 1797 1856 Β
1828 1821 2052 1875 vertisse
2103 1797 2272 1874 videri
2327 1797 2520 1890 potest.
2576 1819 2709 1874 Nam
2751 1819 2814 1873 ad
2854 1797 3056 1873 a‘nnum
3114 1818 3219 1874 532
3278 1818 3396 1874 haec

142 1920 377 1983 luerint,
413 1926 462 1972 et
494 1917 564 1972 ab
593 1929 659 1970 eo
686 1913 884 1975 Natali,
915 1912 1009 1982 qui
1038 1909 1435 1966 lncarnationis
1459 1908 1721 1976 epocham

141 2008 446 2071 antecedit,
471 2021 577 2060 non
602 2004 670 2058 ab
702 2018 767 2058 eo
793 2001 886 2073 qui
916 1999 1180 2071 sequitur,
1225 1998 1545 2054 numerandi
1573 1997 1722 2067 prin-

139 2100 356 2171 cipium
393 2095 673 2152 duxerint.
712 2091 951 2147 Tametsi
983 2090 1392 2144 vetustissimus
1440 2087 1528 2141 hic
1572 2099 1726 2140 error

137 2205 224 2249 est
287 2190 538 2258 adeoque
585 2183 829 2255 Dionysii
870 2183 1064 2252 ipsius,
1123 2195 1185 2236 ac
1237 2178 1411 2234 Bedaz.
1466 2175 1604 2230 Hinc
1634 2175 1725 2228 illa

139 2284 298 2338 velut
325 2297 396 2336 ex
424 2278 631 2348 tripode
654 2275 996 2343 pronuntiata
1029 2271 1292 2326 sententia
1324 2285 1332 2317 :
1373 2266 1542 2321 Habet
1565 2267 1724 2328 enim,

138 2373 250 2427 nisi
288 2369 477 2441 fallor,
526 2364 774 2420 Ecclesia:
801 2363 955 2433 ﬁdes,
993 2360 1269 2413 Dominum
1299 2359 1353 2411 in
1383 2373 1539 2410 carne
1568 2356 1727 2425 paulo

139 2465 266 2533 plus
294 2477 460 2531 quam
493 2474 656 2512 χχχιιι
675 2457 828 2510 annis
851 2469 1010 2523 usque
1043 2453 1111 2505 ad
1143 2468 1240 2504 sua
1267 2459 1498 2518 tempora
1523 2449 1728 2516 passio-

139 2559 229 2609 nis
258 2552 457 2605 vixisse
487 2564 506 2601 :
538 2549 663 2617 quia
689 2545 922 2601 videlicet
947 2560 1054 2598 xxx
1083 2558 1339 2596 annorum
1371 2540 1529 2609 fuerit
1555 2537 1727 2607 bapti-

148 2654 310 2700 zatus
335 2661 354 2710 ;
380 2643 516 2695 sicut
553 2639 872 2709 evangelista
901 2635 1073 2689 Lucas
1105 2642 1348 2698 testatur,
1373 2641 1421 2685 et
1437 2642 1552 2684 ‘tres
1574 2629 1729 2685 semis

143 2753 320 2790 annos
351 2743 470 2803 post
507 2731 768 2800 baptisma
789 2726 1176 2797 prtedicaverit.
1198 2721 1475 2778 llaecBeda
1495 2737 1614 2792 cap.
1639 2720 1731 2774 illo

146 2830 238 2883 47.
265 2826 404 2892 Quae
431 2824 478 2880 si
500 2837 565 2877 ex
597 2819 870 2883 Ecclesiaa,
907 2828 964 2873 ut
987 2816 1202 2881 asserit,
1233 2815 1334 2868 ﬁde
1352 2813 1568 2868 decreta
1595 2812 1730 2877 sint,

146 2918 291 2974 nihil
317 2929 500 2971 causa:
531 2919 634 2979 est,
673 2911 806 2980 quin
852 2909 969 2978 ipsa
995 2915 1184 2962 contra
1240 2917 1586 2960 communem
1634 2901 1733 2956 Ec-

149 3009 338 3064 clesia:
363 3006 524 3060 [idem
558 3000 779 3058 sentiat.
821 2996 1031 3052 Etenim
1054 2996 1332 3051 Christum
1367 3007 1586 3062 passum
1616 3006 1735 3046 esse

152 3098 324 3153 tradit
361 3110 508 3150 anno
544 3107 666 3148 atra:
695 3099 896 3146 nostra:
938 3089 1026 3144 54.
1066 3085 1220 3142 Unde
1265 3083 1730 3156 quemadmodum

149 3201 364 3244 annum
401 3199 522 3240 terae
557 3190 754 3238 nostrae
774 3181 896 3246 555,
915 3179 1008 3250 qui
1037 3186 1120 3233 εει
1155 3175 1378 3232 secundi
1417 3172 1735 3244 Dionysiani

153 3277 297 3350 cyeli
336 3273 636 3336 secundus,
675 3269 1006 3340 respondere
1056 3275 1242 3322 censet
1294 3279 1437 3320 anno
1483 3265 1580 3330 illi,
1627 3279 1736 3334 quo

151 3367 415 3425 Christus
443 3365 767 3418 incarnatus
796 3370 879 3414 est
913 3374 926 3411 :
959 3360 1032 3413 ita
1064 3359 1131 3412 ad
1172 3356 1278 3410 532
1302 3355 1424 3410 addi
1463 3355 1618 3424 jubet
1647 3355 1734 3418 54,

156 3468 218 3513 ut
246 3457 387 3513 ﬁant
416 3453 542 3520 566,
573 3451 667 3522 qui
697 3465 875 3505 annus
911 3447 1234 3518 respondeat
1290 3446 1444 3500 alteri
1495 3445 1593 3510 illi,
1629 3459 1738 3513 quo

155 3564 360 3620 passus
391 3555 478 3600 est
505 3543 788 3609 Dominus,
821 3541 913 3613 qui
939 3550 1022 3596 est
1046 3556 1167 3595 atrae
1196 3540 1285 3594 54.
1314 3539 1548 3609 Apparet
1575 3537 1739 3608 igitur

155 3637 305 3708 apud
345 3635 571 3698 Bedam,
601 3641 655 3686 et
684 3631 1004 3701 Dionysium
1060 3645 1124 3684 eo
1150 3643 1318 3692 anno,
1349 3627 1440 3698 qui
1489 3637 1572 3682 est
1619 3640 1739 3682 acra:

157 3725 480 3786 communis
505 3724 597 3791 54,
628 3723 766 3794 cyeli
823 3720 1138 3791 Dionysiani
1179 3720 1268 3784 55,
1300 3717 1576 3774 Christum
1618 3733 1739 3774 esse

157 3836 414 3894 passum.
449 3816 630 3882 Quare
672 3830 821 3880 cum,
869 3821 930 3867 ut
962 3813 1038 3866 illi
1083 3820 1348 3876 statuunt,
1401 3827 1546 3866 anno
1603 3813 1738 3884 εξειί

156 3911 426 3972 secundo,
467 3924 590 3964 atra:
641 3916 820 3961 autem
867 3905 1065 3976 primo,
1101 3904 1420 3960 incarnatus
1470 3914 1740 3976 natusque

157 4003 231 4058 sit
263 3997 539 4054 Dominus
586 4011 758 4052 :cum
811 4009 1007 4065 passus
1051 4003 1154 4060 est,
1210 4009 1386 4048 annos
1433 3995 1740 4050 absolverat

157 4098 435 4152 duntaxat
481 4107 629 4147 χχιιι
678 4105 799 4145 cum
841 4089 1049 4158 aliquot
1095 4087 1396 4142 mensibus.
1442 4085 1557 4141 Nisi
1601 4087 1742 4142 forte

158 4204 370 4248 annum
420 4186 598 4242 astatis
642 4183 878 4254 primum
931 4195 1280 4235 numeremus
1342 4180 1514 4248 illum,
1547 4196 1654 4250 quo
1685 4180 1738 4233 in

159 4293 320 4339 utero
353 4278 545 4333 matris
573 4284 815 4346 gestatus
841 4281 954 4338 est;
985 4270 1130 4340 quod
1157 4268 1612 4325 absurdissimum
1635 4277 1738 4324 est.

231 4372 302 4427 Et
335 4381 520 4424 tamen
551 4367 862 4434 Campanus
891 4361 1123 4430 insignis
1138 4367 1516 4428 computorum
1547 4359 1740 4413 artifex

1817 1910 2074 1964 adnotat:
2099 1909 2175 1963 Ab
2202 1912 2296 1963 hoc
2327 1911 2486 1964 etiam
2517 1926 2654 1963 anno
2680 1909 2966 1978 Dionysius
2996 1908 3157 1961 abbas
3187 1908 3396 1962 orditur

1825 1998 2028 2068 cgclum
2059 2015 2241 2064 suum,
2294 2000 2555 2070 cyclorum
2621 2016 2649 2053 γ
2704 1998 3267 2057 decemnovcnnalium.
3326 1995 3398 2050 Et

1825 2093 1948 2161 quia
1978 2096 2234 2146 secundus
2273 2109 2441 2146 annus
2472 2093 2626 2162 hujus
2666 2094 2836 2162 operis
2878 2093 3198 2147 concordare
3242 2093 3394 2148 debet

1827 2183 1884 2234 in
1913 2184 2116 2236 ratione
2169 2185 2400 2252 computi
2431 2186 2601 2252 primo
2633 2199 2770 2236 anno
2817 2182 3132 2236 Nativitatis
3175 2182 3395 2246 Christi,

1829 2272 1974 2327 debet
2009 2288 2152 2327 xxxv
2175 2290 2342 2326 annus
2365 2274 2499 2343 cycli
2531 2272 2846 2343 Dionysiani
2875 2274 3194 2328 concordare
3217 2275 3268 2327 in
3305 2289 3364 2326 ra
3385 2303 3398 2313 -

1832 2366 1972 2418 tione
2027 2367 2256 2435 compnti
2325 2367 2586 2420 tricesimo
2656 2367 2810 2420 tertio
2883 2383 3020 2419 anno
3080 2365 3399 2420 Nativitatis

1833 2453 2071 2510 Christi:
2109 2458 2307 2512 scilicet
2331 2467 2386 2510 ut
2413 2475 2499 2512 xtv
2525 2457 2652 2511 luna
2681 2457 2878 2528 Aprilis
2915 2467 3158 2512 occurrat
3185 2474 3236 2512 Ix
3272 2456 3397 2511 Kal.

1833 2546 1965 2615 Apr.
1995 2548 2046 2599 in
2069 2563 2100 2600 v
2129 2547 2304 2616 feria:
2339 2546 2528 2602 Passio
2557 2547 2757 2604 Christi
2791 2565 2885 2604 vm
2927 2547 3058 2604 Kal.
3089 2552 3218 2620 Apr.
3243 2552 3296 2604 in
3346 2565 3401 2604 Vl

1835 2636 2010 2705 feria:
2041 2634 2373 2690 Resurrectio
2429 2652 2479 2690 Vl
2515 2635 2645 2690 Kal.
2699 2638 2828 2708 Apr.
2872 2639 2926 2692 in
2967 2639 3246 2692 Dominica
3293 2641 3398 2694 die.

1835 2723 1940 2778 Sed
1969 2725 2093 2793 quia
2119 2741 2222 2776 non
2260 2726 2335 2778 ita
2369 2727 2618 2790 occurrit,
2655 2727 2745 2779 sed
2789 2726 2914 2779 luna
2944 2742 3034 2781 xw
3061 2727 3262 2796 Aprilis
3312 2744 3404 2783 oc-

1835 2818 2001 2870 currit
2032 2833 2090 2870 eo
2125 2833 2262 2869 anno
2292 2832 2365 2870 xu
2399 2815 2528 2870 Kal.
2559 2819 2704 2887 Apr:
2719 2819 2771 2871 in
2813 2820 2986 2887 prima
3013 2819 3183 2889 feria:
3217 2819 3403 2874 Domi-

1837 2910 1955 2963 nica
1979 2925 2097 2962 vero
2128 2909 2239 2962 dies
2279 2908 2496 2962 Pascha:
2530 2910 2581 2962 in
2617 2925 2645 2962 v
2704 2907 2830 2962 Kal.
2863 2908 3017 2978 Apr.,
3060 2911 3176 2965 ideo
3203 2913 3402 2982 impro-

1839 3000 2016 3067 batur,
2047 3002 2170 3070 quia
2209 3011 2462 3070 repugnat
2505 3001 2817 3071 cvangelica:
2835 3003 3063 3056 veritati.
3097 3001 3220 3058 lltcc
3252 3003 3404 3074 Sige-

1842 3087 2047 3142 bertus.
2084 3085 2216 3152 Quze
2261 3103 2383 3142 cum
2436 3087 2828 3145 obscurissima
2883 3099 3049 3146 sunt:
3111 3101 3222 3146 tum
3276 3109 3406 3149 vero

1841 3195 1964 3234 eum
2001 3179 2076 3234 ait
2105 3194 2308 3234 annum
2342 3179 2479 3252 cycli
2509 3179 2826 3252 Dionysiani
2853 3183 2922 3238 '55
2961 3184 3293 3254 respondere
3337 3185 3407 3240 33

1837 3273 2173 3337 Nativitatis,
2208 3271 2350 3327 istud
2381 3272 2582 3341 ipsum,
2618 3272 2763 3342 quod
2797 3288 2826 3327 a
2864 3274 3022 3329 nobis
3055 3275 3406 3330 observatum

1837 3373 1942 3428 est,
1985 3363 2254 3418 allii-mare
2281 3365 2514 3419 videtur.
2563 3361 2699 3418 Nam
2735 3365 2780 3420 si
2827 3365 3189 3437 Dionysianus
3221 3367 3408 3438 cyclus

1837 3472 1948 3511 uno
1981 3472 2125 3510 anno
2151 3453 2588 3511 lncarnationem
2625 3457 2915 3521 antecedit,
2955 3472 3177 3514 necesse
3205 3467 3311 3525 est,
3349 3469 3409 3514 ut

1837 3546 2084 3614 ejusdem
2116 3544 2250 3615 cycli
2284 3545 2474 3600 tertius
2508 3546 2717 3614 primus
2748 3545 2821 3600 sit
2851 3554 2973 3614 post
3018 3545 3362 3604 Nativitatem
3390 3589 3407 3615 ,

1839 3637 2082 3706 adeoque
2131 3635 2265 3706 cycli
2300 3629 2370 3690 55
2423 3636 2560 3690 sita
2614 3635 2904 3692 Nativitate
2959 3637 3048 3693 33.
3099 3637 3180 3694 lta
3233 3655 3409 3698 annos

1837 3726 2146 3782 Nativitatis
2198 3735 2322 3796 post
2373 3725 2724 3783 Nativitatem
2787 3729 2960 3798 ipsam
3021 3729 3257 3800 cuipiam
3319 3733 3408 3787 in-

1839 3820 2039 3874 choare
2065 3819 2352 3875 videbitur.
2386 3818 2585 3875 Verum
2621 3821 2907 3877 character
2936 3823 3046 3889 ille,
3073 3839 3235 3893 quem
3265 3825 3400 3881 sub-

1836 3911 1981 3980 jicit,
2011 3911 2157 3966 aliud
2187 3927 2288 3966 nos
2315 3911 2628 3967 existimare
2653 3913 2816 3984 cogit.
2867 3913 3081 3969 Etenim
3126 3915 3411 3989 Dianysia-

1839 4016 1962 4056 nam
1995 4017 2158 4056 seram
2194 4002 2436 4066 damnat,
2473 4003 2617 4072 quod
2645 4018 2769 4057 cum
2802 4019 2978 4060 annus
3006 4006 3142 4076 cycli
3182 4007 3250 4060 35
3284 4024 3408 4063 cum

1841 4105 1986 4145 anno
2017 4090 2327 4147 Nativitatis
2361 4092 2430 4145 55
2459 4094 2753 4148 convenire
2795 4093 3010 4161 debeat,
3048 4096 3177 4165 quia
3214 4111 3410 4152 secun-

1841 4183 1944 4237 dus
1973 4182 2107 4252 cycli
2138 4184 2345 4252 primus
2379 4190 2468 4238 est
2488 4181 2816 4250 Nativitatis,
2854 4199 3195 4257 nequaquam
3225 4196 3408 4244 tamen

1843 4274 2187 4328 consentiat:
2221 4285 2503 4346 propterea
2535 4280 2680 4346 quod
2727 4278 2796 4332 55
2841 4279 2977 4348 cycli
3013 4280 3198 4336 lunam
3251 4283 3412 4338 habet

1843 4380 1936 4419 xw
1995 4365 2049 4418 in
2102 4381 2178 4418 xu
2229 4366 2347 4421 Kal.
2383 4369 2515 4438 Apr.
2551 4369 2684 4423 feria
2717 4385 2755 4432 ι,
2794 4370 2897 4425 hoc
2927 4380 3009 4426 est
3051 4371 3227 4427 Martii
3283 4389 3408 4441 χχι,

161 4467 216 4520 in
257 4461 396 4517 illud
428 4458 718 4528 prolapsus
747 4461 848 4508 est.
878 4450 1016 4506 Nam
1056 4452 1109 4506 in
1134 4449 1425 4522 Computo,
1451 4465 1570 4520 cap.
1593 4449 1666 4502 24
1686 4459 1740 4503 ει
1773 4470 1814 4524 D
1845 4451 2054 4507 Pascha
2083 4469 2213 4508 vero
2245 4471 2275 4508 v
2309 4453 2426 4509 Kal.
2475 4456 2630 4526 Apr.,
2665 4472 2843 4512 annus
2882 4466 3062 4514 autem
3104 4457 3413 4517 Nativitatis

159 4557 252 4620 32,
277 4551 564 4609 Christum
615 4545 903 4600 Dominum
931 4551 1117 4596 natum
1137 4550 1413 4596 asseverat
1435 4556 1579 4594 anno
1604 4538 1739 4610 cycli

161 4639 682 4707 decemnovennalis
739 4636 1002 4700 secundo,
1054 4634 1190 4705 cycli
1247 4649 1375 4689 vero
1428 4642 1737 4704 cpactarum

161 4737 352 4799 tertio,
385 4740 508 4786 ante
539 4746 572 4784 ιι
607 4725 1112 4790 mensesinchoato,
1147 4723 1233 4778 die
1264 4723 1518 4778 vicesima
1547 4733 1740 4792 quarta

163 4824 470 4885 lunationis
523 4819 920 4882 embolimaraz,
967 4831 1090 4886 qua:
1136 4815 1374 4870 secundo
1424 4813 1741 4869 Decembris

161 4923 320 4987 iniit;
363 4916 518 4988 cyclo
548 4913 679 4968 solis
714 4927 772 4978 x,
825 4911 1001 4964 littera
1038 4909 1192 4963 Dom.
1229 4909 1289 4962 Β.
1337 4905 1452 4962 Non
1482 4907 1622 4962 alius
1653 4907 1742 4961 hic

163 5025 346 5068 annus
371 5016 477 5071 est,
519 5018 683 5074 quam
731 5016 853 5056 mra:
897 4999 1240 5070 Dionysianze
1291 4998 1501 5068 primus
1529 5038 1544 5062 ,
1603 4997 1740 5068 cycli

166 5094 490 5169 Dionysiani
543 5090 838 5153 secundus,
877 5104 1038 5157 quem
1076 5103 1175 5143 nos
1207 5088 1442 5158 primum
1483 5103 1512 5142 a
1564 5086 1740 5142 Natali

162 5197 485 5258 computare
524 5184 799 5247 solemus;
831 5197 942 5252 quo
973 5181 1156 5252 cyclus
1183 5190 1495 5250 cpactarum
1528 5184 1740 5249 tertius,

165 5281 256 5352 qui
284 5279 431 5334 idem
459 5285 542 5332 est
575 5291 698 5331 cum
724 5274 1109 5339 Alexandrino,
1128 5274 1195 5329 ab
1219 5272 1523 5352 Septembri
1555 5289 1744 5330 mense

167 5349 355 5442 erepit,
395 5377 647 5424 currente
677 5360 844 5422 aureo
873 5381 1099 5420 numero
1139 5349 1470 5421 IL'Rursus
1519 5381 1741 5436 passum

168 5479 291 5520 esse
319 5462 602 5518 Christum
637 5461 793 5514 docet
815 5474 959 5513 anno
986 5458 1161 5514 :etatis
1191 5458 1280 5522 54,
1323 5474 1432 5528 quo
1453 5459 1656 5516 Pascha
1690 5459 1740 5512 in

171 5569 222 5609 tv
254 5551 378 5608 Eid.
409 5551 539 5622 Apr.
574 5549 786 5604 incidit.
822 5547 918 5603 Est
945 5548 990 5602 is
1015 5564 1192 5602 annus
1239 5563 1360 5603 ante
1400 5548 1745 5620 Dionysianee

170 5645 260 5709 35,
291 5659 405 5715 quo
444 5641 596 5712 cyclo
642 5640 854 5694 labente
882 5639 1024 5693 luna:
1053 5653 1181 5702 xvu,
1225 5635 1520 5692 Neomenia
1574 5637 1744 5695 Nisan

172 5735 379 5794 Nicaeui
403 5736 542 5791 cadit
567 5736 620 5790 iu
655 5733 834 5790 Martii
860 5748 1032 5800 χχιιι,
1064 5731 1195 5788 feria
1219 5746 1256 5797 ι,
1294 5731 1448 5800 cyclo
1475 5731 1605 5788 solis
1629 5748 1741 5802 va,

1847 4543 1916 4597 33
1949 4544 2130 4598 lunam
2162 4562 2252 4600 xrv
2290 4546 2544 4602 habuerit
2600 4565 2652 4602 ix
2689 4548 2808 4604 Kal.
2861 4549 2994 4620 Apr.
3043 4549 3180 4606 feria
3229 4569 3280 4618 v,
3313 4551 3414 4608 Pa-

1847 4636 1978 4689 scha
2005 4652 2058 4690 vt
2112 4635 2232 4693 Kal.
2267 4637 2398 4709 Apr.
2431 4637 2600 4710 Igitur
2632 4657 2776 4697 xxxv
2810 4659 2934 4697 cum
2973 4659 3148 4700 χχχιιι
3175 4661 3305 4711 non,
3356 4659 3414 4703 ut

1846 4726 2098 4793 debebat,
2127 4728 2400 4798 congruit.
2445 4728 2523 4785 Ita
2555 4728 2890 4801 Sigebertus.
2929 4731 3070 4788 Idem
3101 4734 3168 4788 ad
3210 4751 3412 4792 annum

1850 4817 1987 4872 1076
2014 4819 2118 4873 ista
2149 4820 2334 4876 scribit
2361 4840 2374 4875 :
2403 4825 2518 4875 Hoc
2548 4839 2686 4876 anno
2709 4825 2800 4894 qui
2831 4833 2906 4878 est
2937 4841 3032 4880 xm
3065 4843 3234 4880 annus
3255 4829 3417 4896 primi

1847 4911 2333 4967 decemnovennalis
2359 4915 2492 4984 cycli
2516 4916 2569 4969 in
2597 4917 2813 4984 repetito
2836 4933 3024 4984 magno
3051 4935 3188 4971 anno
3215 4918 3415 4990 Diony-

1848 5005 1936 5070 sii,
1965 5004 2168 5059 duobus
2203 5007 2404 5076 magnis
2437 5008 2590 5060 annis
2614 5023 2644 5059 a
2677 5005 2934 5058 Passione
2959 5005 3176 5060 Domini
3216 5009 3414 5063 revolu-

1851 5097 1943 5163 tis,
1973 5098 2170 5161 omnia,
2195 5113 2312 5165 qua:
2347 5097 2417 5150 ad
2443 5113 2654 5151 rursum
2710 5099 2838 5152 solis
2869 5109 2920 5152 et
2964 5099 3106 5152 Iunce
3153 5111 3410 5170 spectant,

1849 5203 1988 5240 anno
2011 5186 2301 5250 Dominica:
2331 5185 2608 5242 Passionis
2642 5189 2978 5244 concordant.
3014 5187 3160 5243 Unde
3196 5204 3411 5260 apparet

1849 5279 1986 5347 quod
2009 5276 2296 5346 Dionysius
2339 5293 2439 5332 non
2483 5287 2619 5331 recte
2665 5293 2830 5332 annos
2868 5278 3076 5332 Domini
3127 5279 3273 5349 cyclo
3323 5297 3419 5335 suo

1850 5371 2130 5433 annexuil;
2161 5369 2284 5439 quia
2312 5369 2448 5423 enim
2505 5369 2569 5422 ab
2613 5385 2750 5424 anno
2780 5368 2996 5424 Domini
3047 5370 3152 5425 552
3206 5371 3418 5441 ,cyclum

1850 5478 2003 5514 suum
2037 5477 2184 5516 orsus
2215 5471 2332 5527 est,
2376 5462 2624 5514 nimirum
2675 5460 2897 5516 intendit
2943 5459 3212 5516 Christum
3255 5462 3420 5531 fuisse

1851 5560 2033 5605 natum
2071 5569 2208 5606 anno
2255 5553 2479 5607 secundo
2537 5552 2730 5622 prioris
2761 5554 2942 5624 magni
2976 5553 3147 5618 anni;
3198 5569 3260 5608 ac
3322 5571 3414 5624 per

1851 5645 1944 5699 hoc
1975 5645 2057 5698 hic
2087 5661 2254 5699 annus
2289 5659 2428 5698 anno
2460 5642 2748 5698 Dommicae
2777 5641 3054 5698 Passionis
3088 5643 3416 5698 concordem

1851 5736 2105 5793 debuisset
2143 5752 2252 5793 esse
2293 5736 2470 5806 magni
2522 5733 2654 5809 ενι·ιὲ
2685 5750 2854 5797 annus
2885 5749 2988 5792 non
3040 5733 3144 5804 15,
3183 5737 3272 5790 sed
3304 5731 3412 5800 33;
