3810 6216
405 274 500 332 911

1534 266 1879 322 APPENDIX
1918 266 2552 325 DISSERTATIONUM.

406 387 533 457 quia
556 384 601 439 is
635 383 734 453 fuit
765 399 936 437 annus
980 380 1255 436 Passionis
1311 380 1521 435 Domini
1549 398 1565 435 :
1610 392 1658 435 et
1708 397 1800 451 per
1848 381 1983 435 hanc
2017 386 2055 440 A
2085 383 2291 439 rexisse
2320 398 2447 438 vero
2480 381 2654 435 Martii
2686 397 2859 445 χχιιι,
2897 378 3033 435 feria
3078 394 3116 433 ι.
3151 376 3271 443 Quo
3299 368 3447 431 velut
3476 384 3667 444 postuv

408 474 831 533 consequentiam
858 472 1049 525 solaris
1098 480 1146 527 et
1189 471 1393 525 lunaris
1444 488 1629 525 cursus
1666 471 1985 525 concordant

409 563 723 635 evangelici:
767 562 1000 617 veritati.
1058 560 1348 631 Dionysius
1398 563 1573 630 posuit
1634 560 1985 615 Nativitatem

410 657 613 712 Christi
643 656 911 710 xxrannis
972 655 1179 708 tardius
1235 671 1397 724 quam
1461 654 1659 708 debuit.
1706 653 1831 710 Haec
1875 654 1983 708 ille.

408 748 546 803 Cum
573 746 625 801 in
654 745 936 816 superiore
977 745 1098 800 loco
1131 745 1453 808 deﬁuiisset,
1498 759 1701 797 annum
1746 745 1816 799 55
1850 744 1985 816 cycli

407 839 606 895 debere
628 852 752 892 esse
781 835 1090 890 Nativitatis
1113 834 1202 902 25,
1221 850 1329 904 quo
1353 850 1549 905 passus
1576 843 1658 889 est
1688 832 1983 889 Dominus:

410 946 560 987 nunc
594 939 654 984 ut
690 928 831 984 idem
866 926 1150 982 Passionis
1181 941 1361 981 annus
1392 941 1518 981 cum
1550 941 1637 991 eo,
1670 926 1762 996 qui
1796 927 1985 980 l5nu-

410 1032 675 1089 mcratur,
707 1020 854 1075 omni
898 1035 962 1074 ex
998 1027 1151 1089 parte
1187 1019 1518 1082 consentiat,
1557 1020 1632 1073 ait
1676 1018 1854 1089 ipsum
1889 1018 1986 1073 de-

408 1117 539 1171 bere
560 1128 681 1169 esse
712 1112 845 1182 cycli
874 1111 1209 1165 tricesimum
1244 1112 1486 1165 tertium.
1536 1112 1701 1181 Atqui
1733 1111 1802 1165 55
1848 1108 1985 1181 cycli

406 1202 744 1266 Nativitatis,
782 1201 895 1256 sive
920 1200 1105 1271 potius
1150 1198 1547 1255 lncarnationis
1600 1208 1686 1254 est
1730 1200 1819 1254 5‘2.
1853 1197 1986 1265 Quis

410 1295 887 1354 hallucinationem
918 1308 1023 1346 non
1050 1290 1230 1345 videt?
1267 1289 1343 1344 Ex
1381 1291 1447 1346 iis
1481 1298 1706 1360 apparet
1740 1289 1876 1344 nihil
1920 1289 1986 1344 de

407 1389 651 1455 biennio,
691 1385 834 1456 quod
861 1394 984 1439 ante
1015 1399 1219 1438 annum
1267 1381 1477 1438 Natalis
1508 1382 1829 1454 Dionysiaui
1879 1397 1983 1435 nu-

409 1480 731 1539 merandum
776 1493 897 1533 esse
930 1476 1241 1539 docuimus,
1295 1475 1349 1529 in
1408 1480 1645 1528 mentem
1704 1472 1987 1544 Sigeberto

410 1576 665 1640 venisse;
690 1580 744 1626 et
783 1568 1093 1625 Nativitatis
1135 1580 1335 1622 annum
1368 1566 1437 1621 ab
1470 1580 1535 1620 eo
1571 1581 1694 1621 cum
1728 1565 1984 1620 luearna-

411 1666 578 1722 tionis
608 1677 751 1717 anno
787 1658 1045 1716 confundi
1074 1677 1086 1713 :
1129 1657 1388 1728 quoniam
1420 1657 1637 1726 quidem
1681 1657 1983 1711 secundum

2088 476 2217 539 lato,
2247 485 2301 530 et
2329 476 2601 530 axiomate
2665 472 2811 538 freti,
2869 472 3193 536 historiam,
3242 485 3309 525 ac
3359 478 3668 540 temporum

2085 581 2472 635 annorumque
2502 565 2699 621 seriem
2742 566 2811 619 ad
2867 578 3023 619 suam
3082 563 3231 617 illam
3280 561 3559 633 πρόληψιν
3586 576 3670 616 ac-

2086 653 2436 712 commodare
2476 654 2811 717 maluerunt,
2857 668 3023 723 quam
3074 650 3211 706 illud
3257 652 3442 722 ipsum
3491 650 3672 718 cujus.

2086 747 2233 801 modi
2264 753 2431 809 esset,
2483 745 2774 815 diligenter
2806 743 3102 815 inquirere.
3139 741 3330 813 Itaque
3377 756 3509 797 cum
3551 745 3671 794 anui

2088 841 2142 895 in
2183 848 2295 894 toto
2317 837 2655 908 Dionysiano
2693 837 2847 907 cyclo
2882 844 2994 892 tres
3034 834 3262 890 omnino
3296 834 3670 890 characterem

2087 931 2233 985 hunc
2264 930 2465 985 habere
2500 928 2732 999 possint,
2773 928 3035 982 nimirum
3075 942 3199 990 xm,
3257 926 3356 995 qui
3416 934 3507 979 est
3558 940 3673 978 ετξ

2085 1039 2185 1085 xu,
2217 1022 2304 1077 cui
2341 1021 2531 1092 cyclus
2567 1021 2712 1075 luna.-
2738 1019 2994 1092 congruit
3026 1034 3148 1085 xm,
3181 1018 3315 1074 solis
3341 1033 3464 1083 xxi,
3500 1016 3671 1070 littera

2087 1114 2300 1169 Domin.
2344 1112 2434 1169 CB
2465 1130 2480 1166 :
2507 1112 2635 1168 item
2669 1126 2847 1167 annus
2875 1110 3000 1174 260,
3053 1126 3177 1165 aera:
3212 1108 3513 1179 259.cyelo
3544 1110 3675 1163 solis

2088 1221 2197 1271 va,
2234 1206 2413 1259 littera
2445 1203 2513 1267 Β,
2559 1203 2704 1258 lunae
2753 1218 2897 1257 xm:
2943 1217 3008 1257 ac
3057 1208 3337 1271 postremo
3378 1200 3512 1267 450,
3562 1216 3676 1255 ω

2085 1297 2212 1362 449,
2247 1296 2400 1367 cyclo
2420 1294 2552 1350 solis
2583 1311 2638 1358 x,
2663 1295 2841 1349 littera
2861 1294 2927 1357 B,
2973 1294 3115 1348 luna
3139 1308 3236 1347 xm
3269 1308 3285 1357 ;
3317 1306 3419 1361 pro
3441 1306 3509 1347 eo
3537 1295 3675 1361 quot

2086 1386 2263 1440 caeteri
2281 1384 2596 1439 remotiores
2611 1383 2999 1452 essent,primu
3010 1399 3059 1439 ιιι
3074 1382 3438 1452 arripuerunt
3452 1398 3674 1445 annum,

2086 1478 2287 1548 quiest
2313 1478 2447 1549 cycli
2485 1475 2798 1547 Dionysiani
2829 1474 2918 1543 15,
2951 1491 3073 1543 aera:
3111 1475 3215 1541 12;
3264 1485 3321 1529 et
3358 1490 3393 1529 a
3421 1472 3677 1545 Dionysio

2090 1569 2505 1643 μεταχρονισμῷ
2534 1579 2814 1640 peccatum
2846 1583 2965 1624 esse
2993 1568 3247 1622 dixerunt
3276 1566 3675 1621 annorumﬁ:

2090 1662 2226 1716 adeo
2242 1670 2301 1715 ut
2318 1660 2410 1729 qui
2432 1657 3164 1715 numeraturlncarnationis
3178 1657 3245 1710 12
3262 1696 3278 1720 ,
3307 1656 3451 1727 cycli
3480 1657 3569 1720 l5,
3588 1656 3677 1709 de-

412 1773 615 1813 annum
662 1753 819 1826 cycli,
856 1752 950 1823 qui
1003 1751 1145 1805 haud
1178 1749 1343 1805 dubie
1396 1747 1792 1805 lncarnationis
1842 1747 1984 1817 apud
2021 1734 2061 1793 Β
2090 1750 2268 1806 buerit
2294 1749 2687 1806 [near-nationis
2713 1764 2832 1806 esse
2858 1749 2928 1804 54
2957 1792 2971 1817 ,
3021 1748 3157 1820 cycli
3196 1749 3287 1804 55.
3323 1747 3591 1803 Testatur
3631 1749 3679 1803 id

410 1851 535 1906 illos
576 1847 785 1918 primus
816 1853 921 1908 est,
957 1842 1193 1913 primum
1223 1857 1377 1912 reque
1401 1840 1713 1897 Nativitatis
1740 1855 1861 1896 esse
1889 1840 1986 1894 de-

410 1942 551 1998 ﬁnit.
579 1938 685 1994 Sed
717 1938 770 1991 in
806 1935 913 1990 illis
947 1935 1163 1990 duobus
1199 1932 1464 2004 Sigeberti
1496 1933 1629 1989 locis
1659 1932 1827 1987 multa
1860 1939 1989 1986 sunt

411 2036 611 2107 partim
653 2032 939 2104 scriptoris
966 2030 1147 2100 culpa,
1174 2028 1371 2100 partim
1400 2024 1613 2081 librarii
1650 2023 1862 2078 incuria
1896 2024 1989 2078 de-

413 2136 657 2198 pravata.
685 2124 761 2179 Ac
790 2124 975 2194 priore
1007 2122 1227 2193 quidem
1281 2119 1334 2175 in
1376 2119 1497 2174 loco
1542 2117 1751 2173 nullum
1787 2115 1840 2170 in
1880 2130 1987 2169 nu-

414 2218 713 2274 meralibus
746 2216 893 2271 notis
924 2214 1181 2270 mendum
1201 2226 1344 2277 esse,
1374 2225 1497 2267 cum
1529 2209 1597 2264 55
1620 2208 1756 2281 cycli
1784 2221 1987 2263 annum

414 2311 682 2377 nominat,
724 2309 1009 2364 character
1042 2307 1158 2376 ipse
1215 2304 1348 2361 satis
1406 2300 1662 2358 ostendit.
1695 2299 1785 2355 Ait
1843 2298 1989 2353 enim

416 2403 521 2458 hoc
554 2415 700 2455 anno
736 2400 998 2455 decimam
1040 2405 1288 2468 quartam
1328 2395 1455 2449 luna
1502 2391 1702 2463 Aprilis
1752 2389 1991 2461 (Aprilis

414 2495 601 2547 lunam
638 2490 929 2546 identidem
965 2488 1219 2559 appellat,
1258 2503 1365 2542 non
1412 2500 1541 2555 quae
1585 2482 1760 2554 Aprili
1802 2494 1992 2537 mense

414 2581 634 2637 initium
675 2580 892 2643 habeat,
927 2578 1020 2634 sed
1053 2593 1174 2646 qua:
1205 2577 1257 2631 in
1283 2575 1525 2647 Aprilem
1548 2573 1759 2629 desinat
1789 2590 1802 2626 :
1845 2570 1991 2641 quod

415 2670 754 2727 Scholiastes
782 2671 1004 2741 quidam
1043 2670 1225 2724 minus
1254 2665 1692 2721 animadverteris
1736 2663 1992 2719 vitiosum

410 2778 541 2820 esse
566 2763 837 2832 credidit)
868 2776 943 2815 xu
974 2758 1092 2814 Kal.
1125 2761 1256 2830 Apr.
1301 2744 1436 2814 feria
1470 2773 1487 2811 ι
1519 2755 1812 2813 convenire
1841 2772 1856 2821 ;
1894 2752 1994 2807 Pa-

414 2852 549 2908 scha
581 2866 709 2907 vero
744 2868 773 2905 v
799 2849 919 2904 Kal.
953 2848 1149 2919 April.,
1177 2846 1323 2917 quod
1354 2846 1591 2917 omnino
1633 2844 1816 2917 magni
1856 2842 1994 2915 cycli

415 2960 560 3001 anno
585 2944 657 3000 55
685 2944 942 3014 congruit
969 2984 983 3009 ,
1015 2956 1139 2996 serae
1180 2938 1525 3010 Dionysianas
1552 2938 1643 3005 54,
1682 2936 1834 3008 cyclo
1866 2934 1998 2990 solis

415 3054 506 3103 xv,
545 3037 723 3092 littera
761 3019 917 3089 Dom.
950 3033 1013 3100 C,
1074 3032 1227 3103 cyclo
1275 3030 1418 3085 lunae
1473 3045 1587 3083 xvi.
1648 3027 1993 3083 Novilunium

416 3125 675 3198 paschale
706 3122 982 3180 Nieaenum
1029 3120 1194 3193 (nam
1231 3121 1538 3192 προήγησιν
1567 3117 1769 3172 nullam
1822 3131 1993 3172 srecu-

418 3218 532 3273 lum
568 3216 700 3271 illud
736 3213 997 3284 agnovit)
1043 3212 1223 3268 Martii
1257 3227 1394 3267 vui:
1455 3210 1680 3281 proinde
1714 3209 1841 3263 luna
1902 3222 1993 3262 xxv

419 3308 599 3364 Martii
629 3322 743 3362 xxi.
792 3304 952 3360 Httne
1004 3319 1209 3359 annum
1260 3317 1387 3357 cum
1451 3317 1627 3357 χχχιιι
1687 3298 1997 3356 Nativitatis

419 3414 565 3455 anno
592 3396 902 3455 consentire
943 3395 1138 3451 debere
1171 3393 1489 3463 Sigebcrtus
1523 3391 1750 3456 asserit,
1787 3390 1867 3445 uti
1915 3390 1999 3444 lu-

419 3506 544 3546 nam
580 3503 668 3543 xrv
704 3486 899 3542 habeat
931 3501 984 3539 Ix
1008 3483 1127 3542 Kal.
1154 3486 1285 3555 Apr.
1311 3483 1447 3539 feria
1474 3498 1528 3550 ν,
1554 3482 1765 3538 Pascha
1791 3496 1845 3537 vr
1874 3480 1993 3536 Kal.

419 3578 1022 3652 Apr.;quandoquidem
1075 3592 1253 3631 annus
1300 3575 1391 3630 ille
1423 3573 1738 3631 Nativitatis
1774 3574 1997 3629 eosdem

420 3673 546 3727 illos
579 3672 929 3727 characteres
978 3669 1207 3723 obtinet.
1260 3667 1511 3737 Fungum
1552 3682 1661 3721 non
1720 3666 1997 3721 hominem

422 3771 636 3832 oportet
659 3775 801 3825 esse,
834 3759 923 3815 cui
952 3758 1093 3813 istud
1123 3757 1468 3827 persuadeat.
1510 3759 1704 3812 Annus
1734 3755 2001 3811 Nativita-

424 3854 516 3917 tis,
546 3854 807 3909 sive-term
833 3850 1174 3921 Dionysiauae
1202 3849 1270 3903 55
1309 3848 1599 3918 respondet
1631 3847 1768 3919 cycli
1799 3847 2001 3919 Diony-

424 3945 564 4001 siaui
591 3959 701 4000 non
728 3944 818 4009 55,
852 3942 944 3998 sed
987 3942 1078 4006 54,
1111 3941 1377 4012 siquidem
1422 3955 1599 3995 annus
1640 3939 1850 4010 primus
1887 3939 2000 3993 Na-

423 4037 650 4094 tivitatis
686 4046 770 4092 est
829 4034 965 4107 cycli
1004 4033 1298 4090 secundus.
1354 4031 1525 4087 liabet
1579 4046 1744 4102 porro
1790 4031 1998 4103 cyclum

424 4130 567 4184 lunae
595 4145 684 4195 xv,
713 4130 898 4185 lunam
930 4143 1059 4183 vero
1093 4141 1184 4182 xxv
1217 4126 1270 4181 in
1308 4123 1427 4179 Kal.
1460 4124 1592 4195 ipsis
1631 4123 1761 4195 Apr.
1804 4121 2002 4195 Cyclus

422 4221 557 4277 solis
582 4228 666 4275 est
691 4234 823 4287 xrv;
855 4218 1066 4274 Pascha
1099 4222 1230 4287 Apr.
1273 4233 1327 4285 v,
1385 4216 1563 4271 littera
1619 4215 1682 4268 D.
1733 4215 2001 4282 Quocirca

424 4313 566 4385 apud
594 4313 935 4385 Sigebertum
968 4310 1021 4363 in
1053 4310 1230 4378 priore
1261 4308 1383 4363 loco
1401 4306 1706 4378 legendum,
1736 4307 2000 4361 tricesimo

2089 1851 2279 1913 praeter
2292 1840 2633 1915 Sigebertum
2647 1830 2922 1896 Marianos
2936 1838 3251 1911 Scotus,qui
3271 1839 3568 1893 adannum
3582 1840 3678 1893 552

2088 1942 2260 1999 notat,
2292 1933 2439 1989 hunc
2466 1934 2641 2004 ipsum
2677 1947 2879 1987 annum
2907 1931 3142 2002 primum
3169 1945 3293 1986 esse
3326 1932 3517 2000 magni
3552 1934 3679 2001 cycli

2090 2024 2433 2097 Dionysiani,
2465 2024 2625 2095 cujus
2656 2040 2797 2080 anno
2828 2039 2924 2081 xm
2961 2024 3258 2079 resurrexit
3291 2022 3675 2087 Dominusmn

2089 2114 2209 2170 Kal.
2255 2115 2594 2186 April.,luna
2624 2131 2733 2170 xvu
2759 2114 2890 2186 (sed
2926 2129 3024 2184 pro
3069 2126 3169 2168 vut
3200 2110 3335 2165 Kal.
3366 2114 3671 2167 emendan-

2089 2208 2222 2264 dum
2251 2218 2334 2265 est
2361 2222 2414 2264 vr
2453 2206 2605 2262 Kal.:
2647 2207 2849 2278 alioqui
2880 2207 3064 2278 cyclus
3093 2216 3239 2262 esset
3287 2205 3439 2259 lunas
3479 2220 3532 2268 v,
3570 2220 3670 2257 non

2093 2315 2192 2354 xm
2216 2298 2379 2372 ),hoc
2405 2307 2492 2353 est
2519 2313 2665 2354 anno
2700 2313 2778 2353 xu
2812 2296 3229 2363 lncarnatiouis,
3277 2297 3446 2366 juxta
3484 2296 3681 2366 Diony-

2092 2384 2257 2447 sium.
2288 2390 2425 2446 Cum
2451 2400 2635 2447 autem
2669 2392 2735 2446 ad
2760 2406 2964 2445 annum
2992 2390 3099 2446 554
3125 2389 3287 2445 [tedae
3308 2389 3499 2444 locum
3533 2389 3677 2451 citat,

2092 2484 2251 2554 quasi
2284 2484 2355 2539 sit
2392 2498 2571 2539 annus
2604 2482 2923 2538 Diocletiani
2954 2480 3083 2545 248,
3134 2482 3275 2537 scito
3328 2480 3678 2535 librariorum

2092 2591 2277 2632 errore
2304 2575 2624 2642 factum,ut
2671 2575 2788 2631 haec
2840 2584 2989 2642 nota,
3019 2588 3142 2645 quae
3201 2564 3523 2628 ad'annum
3582 2572 3680 2628 53?.

2095 2668 2294 2724 ascribi
2353 2668 2564 2733 debuit,
2602 2668 2658 2723 in
2692 2667 2798 2723 554
2833 2667 3222 2738 conjiceretur,
3259 2682 3332 2723 ne
3382 2666 3519 2737 quis
3551 2664 3680 2720 forte

2095 2760 2405 2816 Marianum
2438 2760 2736 2816 discrimen
2763 2758 2896 2814 illud
2927 2758 3153 2824 biennii,
3180 2758 3330 2829 quod
3358 2766 3491 2813 ante
3512 2772 3680 2812 annos

2095 2852 2308 2923 aliquot
2361 2851 2545 2923 urgeri
2609 2851 2802 2922 coepit,
2858 2850 3149 2922 agnovisse
3208 2865 3339 2905 eum
3406 2847 3679 2919 Scaligem

2098 2953 2339 3000 censeat.
2370 2942 2468 2998 llic
2503 2943 2650 2997 enim
2685 2943 2783 2999 lib.
2817 2958 2897 3003 vi,
2932 2958 2985 3012 p.
3022 2943 3148 3009 515,
3177 2941 3264 2998 ed.
3288 2941 3346 3008 2,
3378 2941 3461 2996 De
3485 2942 3678 2995 emend.

2062 3058 2067 3102 ;
2101 3046 2281 3106 temp.,
2301 3034 2684 3108 Dionysianam
2713 3050 2879 3089 teram
2906 3035 3128 3090 biennio
3156 3049 3324 3107 quam
3345 3049 3448 3105 par
3474 3035 3546 3090 sit
3569 3036 3681 3089 bre-

2100 3129 2305 3183 viorem
2357 3140 2387 3180 a
2421 3126 2668 3182 Mariano
2728 3126 2837 3182 dici
2892 3125 3201 3191 conﬁrmat,
3250 3134 3308 3181 et
3353 3126 3477 3182 haec
3511 3126 3673 3196 ipsius

2098 3219 2262 3274 verba
2310 3229 2747 3274 commemorat:
2790 3217 2939 3271 Anno
2986 3217 3056 3271 ad
3091 3218 3371 3272 veritatem
3409 3218 3677 3287 Euangelri

2101 3310 2239 3364 1076
2268 3327 2282 3376 ;
2323 3310 2611 3365 secundum
2645 3325 2762 3365 vero
2798 3308 3042 3380 Dionysii
3076 3310 3281 3381 cyclum
3316 3309 3485 3376 107-1,
3520 3310 3677 3363 Hilli-

2100 3402 2355 3468 brandus,
2392 3401 2483 3471 qui
2510 3411 2559 3455 et
2593 3400 2897 3471 Gregorius,
2931 3409 3037 3456 etc.
3069 3399 3203 3467 Quae
3243 3400 3473 3471 quidem
3526 3402 3676 3455 verba

2101 3493 2156 3547 in
2182 3486 2424 3548 editione
2457 3491 2813 3547 Francol‘ord.
2846 3490 3174 3558 Pistoriana,
3216 3507 3342 3562 qua:
3392 3492 3534 3546 mihi
3565 3508 3676 3547 cum

2101 3585 2219 3640 haec
2246 3584 2538 3639 scriberem
2574 3583 2639 3638 ad
2674 3599 2896 3637 manum
2946 3594 3064 3637 erat
3088 3622 3103 3647 ,
3164 3598 3447 3654 nusquam
3491 3586 3674 3654 reperi.

2104 3675 2210 3731 Sed
2245 3685 2304 3730 ut
2333 3675 2533 3730 alicubi
2563 3674 2842 3746 legantur,
2871 3674 2996 3744 quis
3028 3690 3135 3729 non
3163 3674 3543 3730 emendandas
3570 3690 3678 3729 csso:

2102 3767 2414 3823 numerales
2456 3776 2614 3823 notas
2662 3765 2885 3822 videat?
2913 3765 3126 3823 Etenim
3175 3766 3430 3838 Dionysii
3500 3766 3677 3837 cyclus

2103 3860 2381 3930 vulgarem
2410 3874 2575 3914 azram
2611 3874 2719 3914 uno
2760 3860 3016 3930 praecedit
3063 3874 3250 3927 anno;
3306 3871 3510 3930 estque
3554 3861 3675 3932 cycli

2104 3952 2529 4010 sccundusmerae
2560 3951 2790 4020 primus.
2826 3950 2977 4007 Unde
3006 3951 3051 4006 si
3089 3952 3216 4022 quis
3245 3966 3414 4006 rerum
3472 3952 3677 4006 biennio

2106 4051 2448 4114 promoveat,
2479 4044 2679 4099 incidet
2707 4044 2761 4098 in
2786 4044 3297 4100 deeemnovennalis
3318 4044 3461 4115 cycli
3486 4060 3675 4098 annum

2107 4135 2200 4198 19,
2237 4136 2421 4206 magni
2463 4135 2598 4206 cycli
2631 4134 2949 4207 Dionysiani
2984 4135 3126 4199 552;
3175 4135 3281 4190 hoc
3331 4145 3419 4190 est
3465 4136 3676 4191 alterius

2107 4227 2241 4297 cycli
2269 4227 2613 4296 postulatitii,
2643 4242 2706 4282 ac
2723 4227 3005 4297 proleptici
3034 4227 3308 4281 ultimum.
3340 4226 3678 4295 ldeoquean-

2106 4332 2211 4371 nus
2230 4317 2461 4372 verioris
2477 4332 2600 4371 serie
2619 4315 2755 4371 1076
2776 4320 2880 4371 erit
2898 4316 3214 4387 Dionysiani
3233 4316 3371 4387 cycli
3402 4316 3563 4381 1075,
3584 4333 3679 4371 non

425 4417 614 4479 quarto
640 4422 777 4461 anno
804 4403 1123 4457 Nativitatis
1155 4401 1356 4456 Christi
1388 4414 1486 4470 pro
1513 4400 1777 4453 tricesimo
1820 4400 1995 4453 tertio.
2036 4430 2081 4488 υ
2118 4406 2280 4461 1074,
2351 4405 2640 4462 Debuisset
2686 4405 2965 4462 Marianus
3014 4420 3121 4460 non
3161 4405 3379 4476 cyclum
3423 4404 3677 4476 Dionysii,

425 4500 497 4553 At
533 4500 585 4552 in
618 4496 920 4568 posteriore
949 4495 1022 4550 ita
1048 4492 1430 4564 corrigendum
1464 4492 1733 4559 videatur,
1766 4506 1868 4545 non
1901 4500 2004 4545 ter-

431 4593 535 4646 tius
569 4593 820 4656 decimus,
844 4591 933 4645 sed
965 4590 1262 4643 tricesimus
1301 4597 1528 4658 quartus
1566 4603 1667 4657 pro
1709 4588 2003 4641 tricesimus

432 4687 638 4738 tertius.
669 4682 823 4749 Quod
846 4690 900 4736 et
934 4680 1219 4751 sequentia
1257 4679 1487 4746 docent,
1520 4694 1644 4735 cum
1694 4679 1771 4734 ait
1810 4679 2007 4748 Diony-

431 4778 570 4831 sium
600 4773 922 4830 Nativitatis
956 4772 1156 4828 Christi
1187 4772 1426 4842 posuisse
1466 4788 1559 4825 xxr
1596 4772 1750 4825 annis
1774 4771 2003 4838 tardius,

429 4884 591 4940 quam
622 4865 894 4921 debuerat.
926 4864 1078 4920 Adde
1126 4864 1185 4918 21
1222 4864 1290 4919 ad
1342 4865 1428 4921 l5.
1462 4864 1596 4919 {ient
1627 4863 1698 4917 54
1727 4863 1855 4917 anui
1888 4878 2007 4917 ma-

429 4958 521 5029 gni
547 4958 682 5029 cycli
716 4956 1031 5027 Dionysiani
1065 4973 1078 5009 :
1108 4954 1202 5025 qui
1232 4955 1449 5025 quidem
1514 4971 1689 5011 anuus
1749 4953 2007 5009 lncarna-

431 5049 596 5105 tionis
630 5048 732 5105 erit
761 5048 851 5102 55.
894 5045 1095 5102 Verum
1145 5062 1268 5102 cum
1321 5046 1694 5117 superioribus
1743 5046 2010 5117 pugnabit

429 5141 597 5207 istud,
630 5140 723 5195 ubi
760 5155 904 5193 xxxv
935 5138 1071 5210 cycli
1111 5136 1392 5193 Passionis
1418 5153 1622 5192 annum
1664 5153 1787 5195 esse
1812 5137 2003 5192 voluit.

431 5234 601 5306 Igitur
642 5235 789 5289 hunc
815 5233 870 5288 in
924 5231 1146 5287 modum
1181 5231 1363 5300 potius
1409 5230 1714 5301 posteriore
1760 5231 1885 5287 loco
1926 5231 2007 5285 le-

433 5327 691 5397 gendum,
731 5324 990 5378 debuisset
1016 5339 1125 5378 esse
1156 5323 1332 5393 magni
1354 5322 1488 5391 cycli
1523 5338 1717 5386 annus,
1762 5339 1863 5377 non
1897 5323 1965 5377 15
1991 5362 2006 5387 ,

429 5420 520 5473 sed
554 5418 623 5473 55
645 5436 659 5484 ;
683 5427 735 5473 et
752 5416 1208 5487 mox,Dionysius
1230 5416 1403 5485 posuit
1429 5414 1777 5469 Nativitatem
1808 5414 2009 5470 Christi

432 5524 547 5564 xxu
575 5511 727 5564 annis
756 5508 984 5576 tardius,
1017 5524 1173 5581 quam
1205 5509 1425 5571 debuit;
1459 5522 1568 5562 non
1604 5516 1786 5563 autem
1819 5522 1935 5562 XXI.

505 5600 716 5656 Etenim
775 5602 936 5672 vulgo
998 5615 1321 5671 persuasum
1378 5600 1486 5654 illis
1539 5600 1795 5656 omnibus
1849 5608 2003 5655 erat:

428 5694 710 5753 Christum
747 5708 969 5764 passum
994 5709 1114 5749 esse
1144 5708 1250 5747 xxv
1289 5692 1489 5758 Martii,
1520 5692 1654 5747 feria
1684 5709 1736 5747 v1
1766 5709 1779 5757 ;
1825 5708 2009 5748 resur-

2107 4498 2201 4553 scd
2244 4513 2409 4552 teram
2440 4497 2662 4553 dicere:
2696 4498 2905 4570 cyclum
2941 4497 3085 4552 enim
3138 4495 3543 4568 Dionysiauum
3593 4511 3678 4551 ne-

2107 4603 2213 4657 que
2243 4588 2540 4654 Marianos,
2590 4604 2767 4661 neque
2821 4586 3136 4660 Sigebertus
3187 4588 3553 4657 improbant:
3597 4587 3676 4643 sed

2106 4679 2506 4738 lncarnationis
2565 4682 2723 4737 anuis
2778 4696 3031 4753 perverse
3086 4682 3359 4735 duntaxat
3424 4681 3674 4752 illigatum

2108 4772 2460 4841 existimant;
2502 4774 2556 4827 in
2590 4788 2700 4845 quo
2744 4789 2852 4828 non
2892 4773 3137 4837 biennio,
3170 4773 3264 4827 sed
3298 4774 3464 4827 annis
3504 4772 3678 4828 solidis

2109 4865 2348 4931 duobus,
2379 4875 2432 4921 et
2464 4865 2653 4935 viginti
2677 4867 2989 4921 abcrratum
3025 4879 3145 4920 esse
3172 4873 3447 4920 statuunt.
3480 4865 3546 4919 Et
3570 4879 3675 4921 cum

2108 4972 2350 5012 errorem
2382 4957 2548 5011 istum
2588 4955 2797 5028 vulgari
2834 4970 3101 5011 annorum
3138 4956 3337 5010 rationi
3400 4966 3515 5010 tam
3566 4971 3677 5011 con-

2110 5055 2319 5104 stanter
2353 5048 2633 5104 ascribant
2658 5091 2672 5114 ,
2704 5048 2905 5104 mirum
2945 5058 3027 5104 est
3058 5048 3182 5103 illos
3230 5049 3286 5102 in
3311 5048 3677 5119 Cbronologiis

2112 5139 2231 5195 suis
2262 5138 2328 5193 ad
2352 5153 2472 5193 eam
2509 5140 2682 5209 ipsam
2715 5155 2879 5194 seram
2912 5139 3231 5203 adhaesisse,
3264 5154 3434 5209 quam
3468 5141 3677 5195 damna-

2112 5242 2323 5299 verant,
2350 5248 2526 5302 neque
2554 5234 2713 5303 aliter
2744 5249 2907 5303 quam
2955 5249 3019 5289 ex
3053 5232 3395 5305 Dionysiano
3439 5236 3675 5304 praescri-

2112 5331 2205 5393 pto
2234 5332 2478 5393 tempora
2502 5324 2815 5396 digessisse.
2848 5323 3126 5379 Marianos
3160 5326 3305 5380 enim
3341 5326 3411 5381 ad
3441 5341 3566 5382 eum
3594 5341 3675 5380 an-

2113 5431 2268 5479 num,
2294 5416 2389 5487 qui
2420 5414 2855 5473 lncarnationem
2918 5428 2970 5472 et
3015 5414 3263 5472 Natalem
3302 5415 3523 5472 Domini
3555 5416 3671 5486 ἀμέ-

2116 5524 2224 5572 σως
2250 5507 2540 5570 autecedit,
2588 5508 2703 5564 haec
2742 5508 3033 5563 observat:
3073 5506 3263 5577 Cyclas
3307 5523 3533 5578 magna:
3580 5504 3669 5558 Pa-

2114 5601 2311 5655 schalis
2347 5601 2535 5667 incipit
2581 5601 2741 5656 hinc:
2774 5602 2829 5654 in
2871 5600 3023 5670 cujus
3078 5616 3217 5653 anno
3261 5600 3491 5653 secundo
3529 5597 3666 5667 juxta

2118 5692 2456 5762 Dionysium,
2491 5693 2777 5747 indictione
2828 5693 2981 5746 tertia
3011 5733 3024 5758 ,
3082 5701 3238 5747 natus
3264 5702 3340 5745 est
3408 5691 3663 5745 Dominus.
