3810 6216
113 336 230 394 913

1295 329 1298 332 ’
1327 338 1414 393 DE
1455 337 1642 397 ANNO
1678 339 1946 399 NATALI'
1969 339 2262 400 CHRISTI.

3294 341 3401 398 9M

113 448 272 505 Idem
303 448 466 504 etiam
500 465 646 508 anno
674 452 945 521 sequenti,
979 450 1143 510 Urbis
1204 454 1326 519 752,
1380 454 1612 512 Lentulo
1660 466 1714 513 et
1743 460 1789 518 Α
1817 457 2148 532 Dionysiana
2204 473 2314 515 non
2379 457 2706 524 recessisse,
2763 457 3124 528 eumdemque
3161 457 3398 528 primum

112 535 417 594 Messalino
475 553 642 607 coss.,
678 541 878 612 olymp.
942 543 1044 598 194
1116 560 1261 600 anno
1319 548 1708 618 nt,indict.tv,

114 627 216 685 die
243 628 532 686 Dominieo
571 640 759 686 natum
799 648 921 690 esse
953 632 1235 691 Christum
1269 647 1564 695 asseverat.
1598 637 1707 694 Ita-

117 735 230 790 quo
242 721 609 777 Christianam
629 739 793 779 atram
827 739 856 779 a
875 725 1025 797 cyclo
1049 725 1380 800 Dionysiano
1412 743 1448 782 ιι
1476 746 1708 788 exorsus

116 822 226 878 est,
257 813 410 885 cyclo
438 815 572 870 solis
603 831 657 880 x,
687 815 866 870 littera
897 815 1134 883 Dom.B,
1180 827 1287 873 tam
1338 819 1391 874 in
1421 824 1706 878 emendata

119 905 322 961 bisexti
354 905 608 970 ratione,
665 922 828 977 quam
879 905 932 962 in
975 908 1168 965 vitiosa
1229 911 1339 976 illa,
1372 914 1588 983 qualem
1641 931 1706 970 ex

119 993 297 1052 Paulo
327 993 784 1068 Middelbnrgensi
816 1013 980 1068 supra
1015 1002 1422 1070 proposuimus.
1455 1003 1560 1060 Sed
1583 1021 1705 1060 cum

121 1085 267 1140 idem
304 1083 585 1141 Marianus
623 1087 899 1142 Christum
932 1089 1009 1142 ait
1053 1092 1354 1146 secundum
1392 1093 1706 1165 Dionysium

121 1186 310 1230 natum
338 1177 525 1234 indict.
565 1195 648 1245 ιιι,
679 1179 888 1234 librarii
921 1181 1082 1252 culpa
1133 1199 1193 1237 ιιι
1229 1199 1326 1253 pro
1361 1201 1414 1239 IV
1468 1185 1704 1256 irrepsit.

120 1265 260 1322 Nam
293 1268 529 1324 subinde
564 1269 753 1326 indict.
791 1285 842 1324 tv
883 1281 1046 1328 natus
1085 1272 1305 1328 dicitur.
1354 1272 1594 1332 Tametsi
1642 1290 1710 1330 ne

123 1361 229 1417 hoc
261 1362 482 1432 quidem
516 1379 704 1418 verum
739 1373 841 1430 est,
876 1364 1171 1420 indictione
1204 1382 1259 1420 tv
1303 1374 1492 1422 natum
1534 1383 1656 1424 esse
1687 1407 1702 1431 ,

122 1452 217 1508 sed
250 1469 324 1509 v:
374 1455 646 1526 siquidem
681 1456 1011 1512 indietiones
1046 1472 1075 1511 a
1111 1455 1441 1536 Septembri,
1477 1471 1530 1514 ut
1565 1458 1708 1515 Beda

123 1545 302 1611 docet,
330 1547 572 1602 exordiri
603 1548 856 1610 velimus.
907 1548 1042 1605 Cum
1082 1552 1225 1605 enim
1266 1553 1476 1622 primus
1531 1569 1708 1610 annus

126 1634 444 1709 Dionysiani
492 1638 630 1712 cycli
697 1639 886 1695 indict.
926 1657 985 1695 ιιι
1045 1644 1291 1713 coeperit,
1329 1643 1485 1713 cujus
1533 1661 1562 1699 a
1614 1644 1707 1701 Se-

123 1731 356 1800 ptembri
383 1740 577 1802 quarta
612 1732 776 1804 erepit
808 1733 1056 1799 indictio,
1093 1749 1441 1806 consequens
1471 1745 1575 1802 est,
1604 1752 1705 1792 an-

1815 549 2042 615 Christi,
2080 551 2216 623 cycli
2252 550 2552 606 secundum
2584 550 2870 616 habuisse,
2921 566 3032 622 quo
3078 550 3398 605 incarnatus

1815 650 1871 696 et
1902 654 2059 699 ortus
2102 652 2184 698 est
2231 642 2504 699 Christus.
2539 643 2744 699 Verum
2790 644 2936 698 hunc
2981 658 3210 707 annum,
3241 650 3302 697 ut
3345 651 3404 699 et

1819 734 2209 807 Dionysianam
2257 751 2447 796 seram.
2500 735 2640 790 male
2697 749 2822 790 cum
2882 735 3043 790 annis
3104 733 3294 798 Urbis,
3345 742 3406 790 et'

1817 827 2190 899 olympiadum
2237 828 2546 897 componit,
2585 837 2645 883 ut
2708 829 2974 882 hactenus
3013 826 3223 895 liquido
3265 840 3400 882 con-

1817 920 1974 976 stitit.
1993 919 2135 986 Quin
2160 920 2322 975 etiam
2347 921 2678 992 baptizatum
2701 935 2823 984 esse
2840 917 3120 975 Christum
3141 917 3282 972 idem
3312 932 3399 973 εε-

1816 1012 1953 1067 serit
1976 1026 2121 1066 anno
2145 1026 2268 1066 tera:
2296 1010 2388 1076 51,
2413 1012 2589 1067 aetatis
2620 1011 2844 1066 ineunte
2874 1025 3007 1074 xxx,
3042 1009 3148 1063 hoc
3187 1015 3272 1063 est
3304 1007 3406 1063 ab-

1817 1102 2015 1159 solutis
2051 1119 2182 1156 xxix
2217 1122 2230 1157 :
2275 1117 2341 1157 ex
2385 1117 2497 1172 quo
2543 1102 2770 1173 colligas
2813 1116 2960 1156 anno
3003 1114 3126 1154 ante
3176 1097 3398 1170 Dionys.

1783 1203 1796 1214 ‘
1817 1194 1995 1262 primo
2029 1193 2308 1249 Christum
2338 1207 2403 1247 ex
2443 1193 2675 1248 istorum
2707 1191 2974 1248 sententia
3015 1207 3138 1248 esse
3185 1200 3397 1249 natum.

1817 1282 2130 1354 Eodemque
2157 1283 2321 1338 modo
2351 1298 2473 1337 cum
2507 1298 2653 1336 anno
2682 1296 2806 1338 aera:
2835 1280 2904 1336 54
2929 1295 3127 1350 passus
3159 1280 3400 1350 ponitur,

1818 1377 2059 1447 idipsum
2082 1376 2260 1431 aetatis
2293 1374 2440 1431 illius
2480 1389 2654 1430 χχχιιι
2687 1374 2910 1430 ineunte
2931 1415 2945 1438 ,
2983 1371 3236 1426 absoluto
3271 1386 3400 1428 vero

1815 1482 1967 1523 χχχιι
2003 1465 2295 1537 contigerit
2323 1475 2538 1535 oportet
2569 1483 2583 1519 :
2617 1473 2674 1520 ut
2702 1478 2890 1520 verum
2926 1462 3160 1532 sitquod
3185 1450 3252 1518 de
3279 1477 3401 1516 εει-ω

1814 1556 2203 1626 anticipatione
2236 1555 2400 1624 paulo
2426 1564 2550 1610 ante
2572 1554 2877 1628 docuimus.

1887 1650 2158 1719 Quocirca
2215 1649 2410 1705 falsum
2476 1655 2590 1714 est,
2644 1647 2954 1702 Marianum
3013 1645 3400 1717 Dionysianam

1815 1758 1979 1798 teram
2015 1741 2234 1798 biennio
2261 1739 2706 1796 antevertendam
2741 1748 2988 1808 putasse.
3020 1736 3176 1804 Quod
3215 1747 3403 1792 autem

124 1839 255 1878 num
293 1824 541 1894 ejusdem
591 1825 728 1896 cycli
758 1841 816 1890 ιι,
867 1827 960 1896 qui
1013 1826 1202 1882 indict.
1267 1843 1320 1882 tv
1403 1830 1588 1898 cmpit,
1657 1829 1709 1884 in
1743 1825 1785 1880 Β
1815 1834 1882 1888 ad
1906 1833 1996 1900 92,
2025 1834 2110 1890 vel
2137 1833 2200 1887 21
2235 1846 2410 1887 annos
2434 1833 2647 1892 attinet.
2675 1846 2812 1900 quos
2842 1846 2873 1886 a
2899 1829 3158 1902 Dionysio
3178 1837 3400 1900 praeter-

122 1916 250 1980 line,
287 1919 394 1972 hoc
445 1926 531 1973 est
578 1932 607 1972 a
665 1917 999 1988 Septembri,
1051 1919 1406 1976 indictionem
1461 1923 1709 1992 quintam

123 2009 424 2065 habuisse:
453 2010 792 2081 etquoniam
829 2010 1103 2077 Christus,
1142 2023 1201 2067 ut
1232 2015 1392 2070 toties
1434 2014 1726 2070 Marianus-

120 2103 347 2168 oecinit,
381 2117 528 2158 anno
585 2103 720 2174 cycli
753 2103 994 2158 secundo
1049 2117 1207 2161 natus
1240 2115 1354 2173 est,
1397 2106 1698 2162 indictione

123 2193 271 2249 baud
297 2194 462 2250 dubie
491 2193 680 2265 quinta
717 2203 904 2250 natum
934 2210 1074 2251 esse.

196 2285 270 2341 Ut
310 2297 491 2342 autem
533 2287 680 2341 nulla
733 2285 1120 2358 Scaligerianae
1161 2286 1464 2358 suspicioni
1505 2287 1712 2343 latebra

123 2379 394 2448 supersit,
444 2394 552 2450 qua
600 2378 808 2434 biennii
855 2381 1258 2452 προχρονισμόν
1305 2380 1483 2445 illum,
1550 2395 1710 2451 quem

123 2468 474 2541 Dionysianze
515 2486 637 2526 teras
668 2471 880 2538 tribuit,
910 2472 1152 2527 Mariano
1187 2472 1500 2529 suboluisse
1535 2472 1711 2544 conji-

121 2561 239 2628 cit,
291 2561 670 2619 admonendus
717 2563 886 2620 lector
917 2573 996 2619 est
1037 2564 1181 2634 apud
1219 2565 1548 2629 Marianum,
1591 2579 1714 2634 quae

120 2654 195 2708 ad
231 2668 408 2711 annos
439 2654 676 2724 ascripta
709 2665 837 2711 sunt
876 2656 1082 2711 scholia
1109 2671 1485 2727 saepenumero
1527 2657 1710 2713 luxata

122 2760 231 2800 suo
252 2745 399 2810 loco,
424 2758 477 2801 et
503 2747 684 2802 alieno
713 2747 891 2818 posita
923 2748 1124 2815 videri;
1155 2763 1257 2804 nec
1294 2764 1420 2803 raro
1455 2764 1714 2805 numero-

125 2851 254 2891 rum
301 2844 462 2892 notas
497 2851 620 2893 esse
664 2838 978 2894 mendosas.
1012 2836 1259 2910 Exempli
1297 2854 1464 2895 causa
1507 2855 1711 2894 annum

120 2925 369 2994 primum
395 2925 531 2996 cycli
566 2925 880 2998 Dionysiani
913 2927 1193 2997 componit
1223 2943 1346 2983 cum
1382 2943 1527 2984 anno
1555 2927 1715 2985 Urbis

136 3017 266 3083 749,
295 3016 498 3073 Sabino
526 3027 582 3074 et
613 3017 874 3075 Passieno
905 3034 1051 3075 coss.
1082 3019 1220 3075 Tum
1261 3035 1405 3075 anno
1436 3022 1710 3092 sequenti,

124 3104 361 3162 Lentulo
385 3117 440 3163 et
469 3107 763 3165 Messalino
797 3125 967 3176 coss.,
995 3125 1140 3166 anno
1170 3113 1349 3182 primo
1372 3113 1714 3175 Christi,nu.-

125 3205 309 3252 Inerat
333 3197 496 3254 Urbis
528 3199 655 3265 752,
709 3198 1035 3270 Olympiadis
1076 3216 1205 3256 vero
1251 3201 1354 3257 194
1393 3217 1597 3258 annum
1629 3219 1713 3260 ιιι.

125 3285 297 3357 Atqui
327 3303 507 3343 annus
541 3302 665 3344 esse
701 3288 889 3344 debuit
916 3288 1081 3346 Urbis
1113 3289 1238 3354 750,
1266 3301 1325 3348 ut
1349 3292 1510 3348 estin
1536 3291 1718 3348 Fastis

121 3378 443 3435 Cassiodori
479 3389 534 3436 et
577 3379 921 3452 Cuspiniani.
954 3381 1210 3438 Erratum
1258 3384 1422 3453 igitur
1479 3399 1508 3438 a
1547 3384 1718 3440 libra-

125 3471 215 3525 rio
245 3480 349 3538 est,
378 3471 471 3541 qui
513 3471 616 3526 752
648 3487 748 3542 pro
778 3473 883 3528 750
903 3475 1214 3544 exscripsit.
1235 3455 1583 3546 Proindeque
1608 3493 1718 3531 non

124 3572 244 3619 tres
278 3564 408 3617 anni
440 3565 659 3627 desunt,
685 3572 745 3618 ut
774 3565 840 3631 is,
874 3565 967 3636 qui
1006 3566 1230 3620 editioni
1273 3566 1511 3637 praefuit,
1544 3567 1718 3622 adno-

125 3658 302 3724 tavit;
337 3671 532 3726 neque,
569 3665 626 3711 ut
658 3657 912 3714 deessent
939 3659 1128 3729 aliqui,
1172 3659 1360 3730 plures
1389 3661 1607 3716 duobus
1638 3661 1721 3714 in-

127 3749 351 3805 serendi
393 3747 594 3804 forent.
627 3747 744 3803 Non
771 3749 918 3804 enim
953 3751 1346 3824 animadvertit,
1367 3768 1531 3807 teram
1557 3751 1722 3808 Chri-

128 3841 372 3896 stianam
409 3856 518 3898 non
557 3851 682 3911 post
715 3841 1087 3910 Nativitatem,
1122 3853 1176 3900 ut
1214 3845 1378 3901 hodie
1418 3845 1498 3908 tit,
1539 3862 1570 3902 a
1601 3846 1712 3902 Ma~

125 3933 314 4000 riano,
343 3941 398 3988 et
423 3934 617 3989 media:
640 3935 930 3991 vetustatis
957 3936 1308 4008 chronologis
1326 3977 1342 4002 ,
1371 3939 1465 3993 sed
1511 3939 1580 3993 ab
1603 3939 1722 4009 ipso

125 4025 535 4083 lncarnationis
563 4043 709 4084 anno
737 4029 929 4099 repeti.
963 4027 1073 4085 Nec
1095 4029 1275 4086 minus
1297 4031 1351 4084 in
1381 4031 1720 4101 reliquorum
1745 4097 1748 4099 Α

129 4119 284 4176 notis
331 4134 600 4176 annorum
650 4119 767 4176 sive
810 4120 1089 4178 Marianus
1127 4123 1267 4193 ipe,
1309 4123 1424 4178 sive
1467 4124 1722 4179 librarius

130 4222 331 4284 peccat
373 4231 387 4267 :
436 4213 540 4268 etsi
591 4214 792 4284 sa-pius
835 4220 1040 4268 rectam
1089 4214 1231 4268 viam
1284 4214 1506 4270 insistit.
1559 4213 1719 4269 Verbi

134 4317 477 4363 causa,anuo
494 4303 696 4360 Christi
725 4305 816 4369 57,
842 4303 978 4376 cycli
1005 4305 1187 4374 quarti
1209 4305 1724 4362 decemuovennalis

133 4391 359 4447 initium
397 4393 625 4448 collocat
656 4394 842 4449 tndict.
881 4409 968 4448 xv.
1008 4392 1206 4463 Recte;
1255 4395 1423 4464 cmpit
1447 4395 1593 4449 enim
1632 4411 1724 4467 cy-

1817 1925 2019 1980 missos
2051 1933 2160 1978 tam
2192 1924 2328 1993 ipse,
2363 1937 2529 1994 quam
2577 1921 2894 1991 Sigebertus
2938 1920 3236 1982 existimat,
3274 1933 3403 1990 age-

1817 2033 1938 2072 mus
1972 2016 2038 2072 de
2066 2017 2136 2070 iis
2161 2017 2216 2069 in
2252 2015 2501 2085 sequenti
2527 2013 2768 2068 Diatriba
2794 2013 2862 2069 de
2883 2013 3139 2084 passione
3158 2011 3396 2068 Domini.

1816 2108 1970 2164 Hanc
2007 2109 2252 2164 eamdem
2285 2109 2357 2161 22
2385 2121 2656 2161 annorum
2694 2120 2965 2162 summam
3011 2104 3224 2170 deesse,
3251 2102 3400 2158 Pau—

1815 2202 1902 2258 lus
1931 2199 2511 2270 Forosemproniensis
2541 2213 2606 2254 ex
2632 2198 2866 2268 quadam
2892 2195 3225 2252 revelatione
3253 2195 3399 2249 didi-

1814 2302 1983 2352 cerat.
2043 2292 2294 2348 Ridicule
2335 2305 2489 2346 sane.
2538 2288 2675 2344 Nam
2732 2301 2787 2354 et
2841 2289 2960 2360 ipse
3013 2288 3399 2344 revelationem

1815 2399 1970 2441 suam
2003 2383 2264 2454 negligit;
2305 2392 2355 2437 et
2395 2382 2448 2437 in
2477 2395 2544 2436 eo
2577 2381 2794 2436 tandem
2825 2379 3149 2451 acquiescit,
3180 2389 3241 2433 ut
3272 2377 3403 2432 Dio-

1816 2478 2059 2550 nysianae
2077 2491 2201 2532 aera:
2229 2474 2434 2530 biennii
2478 2473 2654 2529 labem
2684 2473 2912 2544 imputet
2943 2491 2956 2527 :
2994 2471 3087 2528 sed
3117 2479 3307 2526 contra
3336 2484 3402 2525 ac

1797 2569 2149 2628 recentiores
2201 2565 2428 2621 faciunt.
2467 2563 2585 2620 Non
2633 2565 2778 2620 enim
2824 2561 3265 2636 μεταχρονισμῷ,
3305 2562 3399 2618 sed

1816 2657 2206 2734 προχρονισμῷ
2267 2664 2550 2727 peccatum
2607 2655 2795 2710 statuit
2837 2673 2850 2709 :
2891 2654 3122 2722 ideoque
3177 2651 3400 2707 biennio

1815 2765 1981 2822 quam
2025 2763 2215 2805 revera
2258 2747 2352 2812 sit,
2393 2745 2688 2802 tardiorem
2731 2759 2852 2799 esse
2889 2751 3142 2814 oportere
3176 2750 3404 2798 conten-

1817 2842 1916 2898 dit.
1936 2839 2375 2902 Noruutomnes,
2399 2837 2494 2908 qui
2517 2847 2800 2892 auctorem
2829 2835 2991 2890 istum
3019 2834 3286 2905 legerunt,
3308 2831 3404 2904 qui

1819 2931 2040 3004 quidem
2071 2930 2234 2986 hodie
2259 2929 2485 2984 inventu
2517 2943 2777 3001 perrarus
2804 2935 3086 2998 est,quam
3105 2926 3402 2982 immanem

1819 3040 1882 3080 ea
1909 3024 1975 3080 de
2017 3038 2077 3078 re
2106 3021 2572 3077 Commentarium
2609 3019 2892 3090 scripserit
2927 3018 3236 3074 eruditione
3257 3015 3404 3072 haud

1819 3115 2033 3187 vulgari
2082 3115 2175 3170 illa
2217 3113 2437 3184 quidem
2478 3110 2766 3175 refertum,
2797 3118 2851 3166 et
2885 3110 2953 3165 ad
2994 3110 3271 3182 cyclorum
3304 3125 3405 3163 an-

1819 3221 2127 3278 norumque
2152 3203 2468 3260 metbudum
2509 3218 2635 3260 cum
2674 3202 2868 3274 primis
2909 3201 3119 3258 utilem.
3153 3201 3213 3257 In
3239 3201 3405 3272 hujus

1819 3301 1985 3374 igitur
2033 3297 2226 3369 Operis
2267 3297 2408 3352 libro
2461 3309 2541 3350 xtt
2581 3296 2636 3351 et
2682 3309 2810 3362 xm,
2839 3302 3128 3364 postquam
3172 3293 3226 3348 in
3263 3293 3404 3349 libro

1818 3408 1852 3446 χ
1888 3391 2126 3461 priorem
2152 3387 2299 3443 illam
2323 3385 2390 3441 de
2424 3385 2496 3440 22
2524 3386 2685 3440 annis
2735 3384 3122 3441 revelationem
3159 3400 3292 3439 sane
3320 3384 3404 3438 in-

1819 3482 2025 3539 sulsam
2063 3478 2428 3549 exposuisset,
2472 3477 2624 3532 velut
2666 3484 2879 3531 mutata
2939 3475 3208 3532 sententia
3246 3475 3402 3531 bien-

1821 3573 1912 3628 nio
1947 3570 2218 3626 maturius
2257 3569 2571 3625 inchoatam
2609 3583 2643 3622 a
2681 3566 2940 3638 Dionysio
2977 3566 3166 3621 definit
3212 3581 3400 3630 seram,

1820 3680 1968 3720 anno
1996 3663 2214 3718 Juliano
2239 3663 2331 3730 46,
2365 3676 2490 3718 cum
2521 3676 2550 3715 a
2599 3661 2662 3714 l8
2695 3659 3032 3730 auspicanda
3069 3658 3255 3714 fuerit.
3291 3657 3405 3713 Hoc

1823 3772 1950 3814 vero
1995 3758 2062 3813 ad
2108 3758 2258 3812 hunc
2299 3755 2527 3810 modum
2576 3753 2920 3809 demonstrat
2966 3771 2979 3808 :
3024 3751 3296 3808 Eusebius
3349 3751 3411 3807 in

1821 3849 2099 3906 Chronic-is
2139 3862 2285 3902 anno
2323 3846 2528 3902 Christi
2564 3845 2653 3909 15,
2688 3845 2924 3916 Augusti
2962 3860 3074 3912 Lvr,
3102 3853 3158 3900 et
3187 3845 3404 3910 ultimo,

1821 3940 2050 4011 eclipsin
2080 3939 2214 3995 solis
2233 3938 2500 3994 accidisse
2545 3944 2718 4002 notat,
2750 3937 3051 4007 eodemque
3076 3951 3222 3992 anno
3261 3951 3409 3991 mor-

1823 4041 1978 4087 tuum
2034 4031 2365 4099 Augustum.
2421 4029 2492 4081 At
2559 4041 2695 4081 vero
2751 4025 2972 4096 eclipsis
3060 4026 3212 4080 nulla
3263 4041 3408 4080 anno

1823 4117 2028 4174 Christi
2061 4117 2148 4184 15,
2180 4126 2276 4171 aut
2303 4115 2413 4170 alio
2445 4115 2695 4186 contigit,
2723 4129 2889 4184 quam
2931 4114 3026 4180 l7;
3060 4113 3115 4168 in
3159 4129 3266 4184 qua
3301 4113 3410 4168 Ro-

1825 4226 1927 4266 mae
1960 4217 2109 4264 totus
2155 4208 2238 4264 sol
2286 4207 2614 4263 obscuratus
2659 4217 2762 4271 est,
2810 4203 3092 4260 Februarii
3135 4221 3224 4272 xv,
3274 4205 3406 4261 hora

1825 4318 1954 4359 vere
1983 4301 2307 4367 meridiana,
2332 4300 2446 4356 sole
2472 4300 2525 4354 in
2557 4315 2688 4354 χχιιι
2719 4297 2945 4367 Aquarii
2985 4297 3156 4370 gradu
3185 4300 3365 4370 posito
3390 4317 3404 4353 :

1826 4407 1937 4463 quo
1986 4391 2176 4448 eodem
2227 4405 2372 4444 anno
2423 4406 2514 4444 xiv
2557 4389 2677 4443 Kal.
2719 4389 2871 4457 Sept.
2919 4387 3200 4459 Augustus
3250 4389 3406 4443 obiit.

131 4486 257 4543 cius
294 4501 309 4539 ι
341 4486 447 4541 hoc
479 4501 658 4552 anno;
691 4486 805 4540 sive
844 4500 876 4540 a
925 4484 1043 4540 Kal.
1088 4483 1372 4552 Jau.,sive
1413 4501 1443 4541 a
1480 4486 1720 4557 paschali
1760 4507 1800 4564 ι)
1827 4481 2010 4552 Quare
2044 4480 2265 4537 biennio
2307 4488 2421 4534 toto
2455 4495 2564 4534 aera
2611 4478 2944 4551 Dionysiana
2975 4494 3163 4533 verum
3201 4477 3410 4535 Christi

133 4591 350 4643 mense,
388 4576 576 4632 indict.
602 4592 673 4631 xv
703 4595 716 4632 :
749 4585 804 4632 at
829 4576 883 4631 in
917 4575 1224 4647 Septembri
1253 4577 1479 4634 indietio
1506 4593 1617 4632 xvt.
1649 4579 1723 4633 Ex

128 4684 252 4740 quo
290 4670 538 4739 sequitur
560 4669 797 4739 primum
817 4685 1020 4724 annum
1053 4669 1287 4739 coepisse
1314 4669 1499 4739 indict.
1525 4685 1596 4725 tv.
1629 4669 1726 4725 Est

129 4771 325 4817 autem
358 4761 447 4817 hic
489 4761 626 4833 cycli
668 4760 982 4832 Dionysiani
1030 4777 1092 4825 ιι,
1139 4775 1250 4832 quo
1289 4771 1521 4817 exeunte
1562 4769 1724 4817 natus

129 4865 223 4910 est
271 4853 541 4909 Christus.
590 4852 732 4924 Ergo
778 4851 965 4908 indict.
1009 4869 1038 4907 v
1085 4861 1248 4908 natus
1279 4861 1376 4920 est
1423 4854 1724 4909 secundum

131 4945 483 5018 Dionysium.
543 4944 620 5001 ita
679 4960 824 5000 anno
887 4944 993 5000 5M
1047 4953 1199 4999 notat
1253 4945 1390 5016 cycli
1438 4945 1720 5002 decimise-

129 5039 297 5111 ptimi
332 5053 536 5093 annum
573 5036 838 5107 primum,
889 5035 1078 5092 indict.
1121 5053 1212 5091 vn.
1243 5034 1407 5091 Recte
1432 5037 1556 5092 item
1580 5053 1726 5094 anno

129 5133 237 5192 541
276 5141 427 5187 notat
453 5131 662 5202 cyclum
694 5146 732 5192 ι,
763 5130 954 5185 indict.
983 5146 1095 5184 χιιι.
1128 5130 1197 5184 Αι
1223 5144 1368 5184 anno
1396 5129 1491 5184 ’561
1515 5131 1724 5202 cyclum

129 5241 180 5292 ι,
219 5222 410 5276 indict.
460 5235 517 5274 ιιι
581 5219 673 5273 ubi
721 5218 914 5274 indict.
967 5234 1018 5272 tv
1071 5217 1379 5290 legendum.
1431 5217 1724 5292 Perperam

128 5329 364 5386 quoque
403 5327 550 5368 anno
586 5311 691 5367 598
719 5312 930 5383 cyclum
967 5311 1149 5382 posuit
1183 5329 1220 5376 ι,
1253 5311 1442 5368 indict.
1473 5328 1548 5379 xi,
1580 5314 1726 5384 quod

130 5424 289 5464 anno
317 5407 420 5462 399
451 5405 724 5460 convenit.
756 5407 915 5459 Auno
946 5419 1073 5459 vero
1090 5403 1195 5458 418
1228 5413 1373 5460 recte
1401 5405 1585 5475 eyclus
1615 5407 1725 5476 pri-

132 5517 298 5568 mus;
341 5499 434 5555 sed
465 5499 605 5553 male
643 5497 869 5552 indictio
923 5512 990 5550 xv
1041 5497 1356 5561 ascribitur,
1394 5512 1494 5567 pro
1528 5514 1567 5560 ι,
1601 5513 1724 5551 cum

135 5607 295 5651 anno
321 5589 426 5645 ’598
456 5589 680 5644 indictio
712 5585 876 5643 fuerit
921 5604 997 5642 χι.
1031 5586 1237 5643 Caetera
1271 5587 1435 5657 hujus
1463 5589 1725 5650 auctoris.

135 5694 238 5744 aut
272 5683 505 5738 aliorum
535 5681 786 5751 persequi
813 5679 1053 5735 otiosum
1080 5694 1145 5734 ac
1190 5693 1589 5748 supervacuum
1623 5688 1724 5736 est.

137 5777 287 5839 Illud
317 5775 535 5849 quidem
577 5774 857 5831 evidentcr
895 5780 1148 5845 apparet,
1185 5770 1492 5830 Marianum
1526 5773 1592 5828 ab
1619 5788 1726 5828 aera

1829 4575 2064 4631 natalem
2100 4571 2391 4628 antecedit.
2433 4570 2609 4642 llujus
2634 4571 2856 4641 eclipsis
2902 4572 3036 4627 solis
3064 4581 3267 4643 praeter.
3301 4571 3418 4629 Eu-

1829 4666 2041 4722 sebium
2073 4664 2323 4720 meminit
2355 4673 2409 4719 et
2437 4661 2536 4731 Diu
2559 4661 2656 4718 lib.
2690 4672 2865 4727 Lvt,et
2895 4664 3038 4720 inter
3066 4665 3420 4738 eavprodigia-

1828 4764 2080 4814 recenset
2123 4771 2247 4826 quae
2275 4755 2503 4825 Augusti
2532 4763 2764 4809 mortem
2789 4754 3126 4809 nuntiarunt.
3153 4753 3285 4810 Eam
3309 4769 3411 4811 nos

1829 4863 1952 4904 cum
1977 4846 2190 4902 Mulieri
2226 4846 2448 4912 tabul's,
2483 4861 2613 4918 qua:
2643 4854 2771 4901 suut
2800 4846 3245 4916 expeditissime,
3273 4861 3410 4902 con-

1833 4937 2368 4998 ferentes.accidisse
2399 4937 2735 5007 reperiebam
2780 4935 2849 4990 ad
2877 4935 3244 4992 meridianum
3289 4935 3412 4991 Fri-

1829 5034 2004 5090 sicum
2031 5047 2183 5088 anno
2199 5030 2402 5088 Christi
2433 5029 2520 5094 17,
2547 5027 2834 5085 Februarii
2861 5028 3076 5089 15.hor.
3102 5028 3247 5094 9,5'7
3284 5037 3412 5085 ante

1829 5125 2158 5190 meridiem;
2186 5121 2487 5178 secundum
2530 5135 2689 5176 veros
2724 5119 2868 5173 lunae
2918 5127 3127 5175 motus.
3171 5117 3410 5173 Medium

1827 5217 2170 5274 novilunium
2224 5213 2506 5270 Februarii
2553 5228 2674 5285 xlv,
2750 5213 2871 5266 hor.
2935 5209 3007 5265 20
3085 5211 3186 5265 1’1.
3243 5211 3409 5282 Atqui

1829 5311 2053 5381 eclipsis
2086 5308 2191 5364 ista
2227 5319 2573 5377 nequaquam
2604 5304 2671 5359 ad
2718 5317 2946 5368 annum,
2975 5317 3086 5373 quo
3125 5301 3410 5373 Augustus

1830 5402 1987 5466 obiit,
2021 5399 2314 5458 convenire
2355 5403 2536 5467 potest
2565 5412 2578 5450 ;
2608 5394 2703 5451 sed
2738 5394 2806 5449 ad
2839 5393 3045 5448 Tiberii
3087 5407 3172 5459 ιιι,
3207 5401 3267 5448 υι
3296 5390 3410 5447 Lu-

1831 5495 2006 5559 cidus,
2051 5492 2252 5562 aliique
2284 5490 2666 5545 demonstrant
2693 5507 2704 5542 :
2733 5487 2842 5558 qui‘
2861 5486 2966 5541 hoc
2997 5494 3256 5556 praeterea
3278 5499 3416 5541 con-

1832 5588 2086 5653 ﬁrmant;
2125 5598 2302 5654 neque
2331 5597 2396 5638 eo
2422 5595 2534 5652 quo
2562 5589 2816 5636 mortuus
2830 5587 2912 5634 est
2934 5577 3216 5647 Augustus
3242 5591 3412 5641 anno,

1832 5693 2010 5750 neque
2049 5675 2297 5747 sequenti
2333 5673 2498 5728 ullam
2532 5671 2668 5726 solis
2698 5669 2927 5740 eclipsin
2958 5667 3245 5724 accidisse.
3283 5667 3418 5722 Cre-

1832 5770 2065 5830 diderim
2092 5768 2342 5841 equidem
2376 5765 2601 5823 Dionem
2629 5761 2762 5820 solis
2797 5759 3066 5818 defectum
3100 5774 3199 5831 pro
3233 5757 3415 5814 lunari
