3854 6336
466 374 570 433 913

1598 365 1941 425 APPENDIX
1977 364 2607 425 DlSSERTATlONUM.

3584 370 3661 427 916

474 503 569 558 per
603 484 1021 556 imprudentiam
1070 484 1345 539 habuisse.
1377 484 1511 538 Nam
1562 486 1726 554 paulo
1764 493 1891 554 post
1926 484 2037 536 Au-
2070 485 2118 543 Α
2145 482 2325 537 ticulae
2352 483 2483 536 ὡσεί
2540 480 2809 537 rationem
2862 480 3152 537 admodum
3195 480 3488 538 haberent:
3518 482 3666 543 Ecde-

474 578 620 652 gusti
650 588 879 639 mortem
907 579 1035 633 luna
1070 578 1286 642 defecit,
1317 577 1555 647 Septem.
1575 579 1665 640 27,
1690 578 1847 645 cujus
1876 591 2037 645 supra

473 672 842 727 meminimus.
882 671 1056 737 Quam
1111 685 1239 725 vero
1278 668 1413 724 falsa
1458 670 1529 723 sit
1556 668 2041 737 Middelburgensis

476 764 567 817 illa
599 764 741 817 ratio
768 769 915 831 patet
950 777 1013 815 ex
1046 776 1134 824 eo,
1170 760 1312 829 quod
1351 776 1511 829 supra
1549 760 1904 815 constitutum
1935 767 2039 821 cst,

476 858 781 926 Augustum
815 870 959 908 anno
986 854 1225 924 vulgaris
1257 868 1378 906 azrae
1415 852 1501 917 Η,
1532 866 1639 905 non
1666 852 1731 905 15
1763 860 2038 905 mortuum

474 960 617 1001 esse.
648 944 959 1009 Ateelipsis
999 944 1089 997 illa
1130 943 1262 997 solis
1308 942 1467 996 tertio
1511 950 1634 1010 post
1673 940 1791 1010 ejus
1834 939 2041 993 obitum

476 1049 622 1087 anno
667 1033 912 1101 contigit.
945 1032 1173 1100 Augusti
1216 1045 1345 1085 vero
1382 1041 1611 1083 mortem
1661 1030 1713 1083 in
1751 1030 2041 1083 triennium

478 1124 932 1183 submoveri,nec
965 1122 1195 1177 Herodis
1232 1136 1522 1185 annorum,
1582 1120 1897 1189 nee‘ipsius
1928 1120 2045 1173 Au-

477 1216 623 1284 gusti
672 1223 926 1268 accurata
962 1198 1451 1283 eomputatiofnce
1490 1212 1876 1267 hismricorum
1915 1226 2045 1266 eon-

476 1305 663 1360 sensio
690 1305 976 1374 permittit.
1005 1304 1083 1359 Ac
1123 1305 1169 1359 si
1205 1319 1393 1359 verum
1439 1312 1607 1366 esset,
1655 1303 1799 1372 quod
1846 1302 2045 1377 Paulus

476 1396 779 1458 contendit,
812 1410 917 1448 non
944 1394 1184 1460 biennio,
1215 1395 1307 1449 sed
1343 1395 1575 1448 triennio
1605 1394 1897 1465 Dionysius
1923 1394 2042 1447 hal-

474 1487 747 1540 lueinatus
792 1485 947 1539 foret.
985 1486 1197 1555 Quippe
1246 1486 1386 1540 idem
1430 1501 1626 1545 anuus,
1657 1491 1749 1555 qui
1794 1486 2048 1556 Dionysio

478 1576 547 1630 M
572 1585 677 1641 est,
704 1576 770 1630 15
806 1577 875 1630 ab
908 1575 1144 1630 Eusebio
1177 1585 1514 1641 numeratur,
1544 1579 1686 1647 quod
1720 1578 1764 1630 is
1805 1576 2046 1631 Natalem

476 1666 680 1723 Christi
732 1668 987 1737 conjiciat
1031 1670 1085 1721 in
1130 1684 1332 1723 annum
1381 1671 1599 1723 tertium
1642 1670 1842 1739 olymp.
1906 1668 2045 1733 194;

481 1774 594 1830 quo
625 1759 811 1813 eodem
838 1773 983 1812 anno
1008 1758 1227 1813 ineunte
1254 1774 1360 1812 aera
1384 1758 1586 1813 Christi
1611 1758 1913 1812 Eusebiana
1942 1758 2047 1811 ini.

478 1853 613 1905 tium
648 1851 830 1917 habet,
873 1849 1092 1904 Juliano
1128 1851 1217 1905 45.
1262 1850 1588 1922 Dionysiana
1634 1866 1763 1904 vero
1801 1850 2048 1919 sequenti

479 1944 571 1998 46.
596 1944 795 1997 Verum
828 1944 893 1997 de
921 1944 1149 2013 Augusti
1174 1952 1227 1997 et
1260 1941 1490 1997 Herodis
1513 1942 1669 1995 annis
1701 1957 1826 1995 mox
1858 1943 2049 1996 dicen-

477 2033 605 2087 dum
636 2032 759 2087 erit.

480 2143 840 2199 Excutiuntur
889 2159 949 2198 ea
1009 2158 1127 2213 qum
1169 2143 1414 2197 adversus
1462 2139 1846 2210 Dionysiauam
1888 2155 2051 2195 trram

717 2230 781 2268 ea:
820 2212 1047 2283 Iosepho
1076 2230 1238 2283 nuper
1268 2214 1427 2281 objici
1468 2222 1633 2280 coepta
1663 2221 1805 2265 sunt.

554 2306 837 2371 Omnium,
878 2322 1000 2376 quae
1051 2305 1319 2374 superiori
1353 2304 1528 2373 capite
1549 2302 1932 2366 disseruimus,
1987 2316 2053 2357 eo

483 2413 699 2453 summa
722 2396 881 2459 redit,
904 2406 965 2451 ut
995 2397 1039 2451 si
1063 2396 1186 2466 quis
1210 2394 1592 2462 Dionysianam
1619 2408 1784 2445 aeram
1816 2406 1881 2445 ac
1907 2406 2055 2445 com-

482 2504 703 2544 munem
737 2490 876 2543 tueri
901 2489 1049 2550 velit,
1068 2486 1376 2541 necessario
1403 2486 1517 2539 haec
1534 2485 1800 2539 atlirmare
1825 2484 2051 2539 debeat:

484 2585 720 2653 primum
752 2582 871 2650 ejus
918 2582 1131 2635 initium
1167 2595 1310 2635 anno
1334 2568 1555 2632 Juliano
1599 2577 1668 2631 46
1700 2578 1952 2647 cmpisse,
1989 2576 2051 2633 C.

484 2674 700 2727 Caesare
729 2682 782 2726 et
814 2671 984 2726 Paulo
1030 2684 1204 2732 coss.,
1255 2683 1318 2723 ac
1358 2668 1401 2723 si
1434 2668 1681 2736 proxime
1708 2678 1832 2722 ante
1852 2669 2056 2737 princi-

482 2766 634 2833 pium
670 2778 790 2818 tene
818 2771 1001 2816 natum
1029 2776 1151 2817 esse
1180 2760 1454 2815 Christum
1483 2756 1779 2822 eiistimet,
1830 2759 1879 2813 id
1913 2772 2057 2811 anno

483 2856 703 2910 Juliano
732 2856 803 2909 45
830 2854 1198 2916 tribuendum,
1246 2868 1391 2910 coss.
1435 2853 1691 2909 Cornelio
1718 2853 1951 2909 Lentulo
2003 2864 2058 2909 et

484 2948 781 3017 Calpurnio
823 2946 1040 3000 Pisone.
1088 2943 1290 2999 Deinde
1340 2944 1619 2999 Christum
1659 2960 1834 3000 annos
1871 2955 2055 2999 natum

488 3056 681 3095 novem
712 3046 763 3092 ct
810 3037 1001 3108 viginti
1053 3037 1120 3091 ad
1174 3038 1502 3106 baptismum
1556 3039 1880 3102 accessisse,
1915 3053 2058 3091 anno

487 3128 689 3185 Tiberii
720 3144 831 3196 xvr,
884 3127 1096 3182 Vinicio
1131 3138 1185 3182 et
1228 3128 1475 3198 Longino
1506 3143 1673 3193 coss.,
1698 3130 1920 3184 ineunte
1957 3130 2057 3182 tri-

488 3222 715 3275 cesimo.
778 3219 891 3274 Hae
943 3236 1051 3274 una
1104 3220 1316 3275 ratione
1368 3220 1571 3274 biennii
1633 3221 2060 3291 μεταχρονιπμὸς

490 3311 582 3365 ille
612 3310 841 3365 devitari
888 3320 1085 3378 potest,
1122 3326 1282 3380 quem
1313 3309 1575 3381 Scaliger,
1608 3311 1835 3381 ejusque
1886 3320 2062 3365 secta-

491 3414 639 3457 tores
690 3403 1000 3471 objiciunt:
1040 3402 1131 3470 qui
1162 3401 1380 3470 quidem
1438 3402 1749 3455 necessario
1796 3401 2061 3470 sequitur,

490 3496 537 3551 si
577 3494 804 3548 Leutqu
858 3507 921 3547 ac
977 3491 1288 3547 Marcellino
1331 3490 1727 3554 coss.,Juliano
1772 3492 1841 3545 45
1876 3501 2061 3545 natum

490 3600 614 3639 esse
647 3584 922 3638 Christum
956 3591 1299 3648 asserasret
1338 3582 1539 3638 Tiberii
1591 3598 1678 3649 xv,
1722 3582 1940 3637 Juliano
1970 3583 2057 3649 74,

492 3676 669 3729 aetatis
702 3689 813 3730 sum
862 3673 1142 3728 tricesimo
1184 3673 1297 3742 jam
1352 3673 1621 3735 absoluto,
1658 3666 1879 3728 ineunte
1933 3689 2063 3729 vero

492 3764 765 3818 tricesimo
797 3762 989 3832 primo.
1024 3762 1351 3831 baptizatum
1387 3760 1573 3817 fuisse.

567 3854 633 3908 Et
660 3856 926 3909 hactenus
975 3854 1193 3923 quidem
1227 3863 1371 3907 recte
1402 3855 1707 3910 communis
1734 3869 1838 3909 aera
1870 3870 2063 3924 proce-

494 3948 622 4001 dere
648 3946 838 4016 potuit.
878 3946 982 4000 Sed
1010 3960 1146 3999 nova
1171 3946 1416 4015 quaidam
1466 3956 1589 3999 ante
1611 3946 1711 4000 hos
1740 3946 1929 4009 viginti
1960 3962 2059 4001 au-

496 4055 596 4093 nos
642 4038 815 4095 eidem
870 4038 1071 4092 moveri
1101 4039 1469 4092 controversia
1511 4039 1691 4107 cmpit.
1720 4037 1852 4094 Nam
1886 4041 1975 4109 qui
2010 4041 2061 4094 in

493 4130 717 4198 Josephi
756 4130 1060 4200 gravissimi
1088 4130 1373 4199 scriptoris
1422 4130 1704 4183 historiam
1750 4133 2063 4202 diligentius

495 4220 880 4281 iucubuerunt,
915 4234 1144 4289 eamque
1191 4235 1314 4275 cum
1367 4218 1628 4274 Romanis
1669 4222 1942 4278 historicis
1970 4240 2061 4279 ac-
2102 4224 2111 4235 '

494 4310 839 4365 curatissime
870 4311 1237 4373 contulerunt,
1261 4312 1457 4365 eruditi
1486 4312 1820 4383 solertesque
1838 4314 2065 4369 chrono-

495 4403 625 4473 logi,
680 4402 837 4456 facile
886 4402 1378 4471 deprehenderunt,
1429 4420 1537 4457 non
1599 4406 1819 4462 biennio
1864 4409 2060 4473 solum,

2146 575 2241 629 sim
2271 590 2398 627 vero
2430 574 2649 628 decreto
2676 574 2796 637 ulli,
2823 574 2909 627 vel
2944 574 3255 628 auctoritati
3308 589 3604 645 repugnare,
3626 579 3666 631 id

2142 674 2455 720 constanter
2480 680 2633 735 nego.
2663 663 2778 719 Non
2802 664 2945 719 enim
2983 676 3308 733 temporum,
3343 678 3670 735 annorumque

2147 758 2313 812 tricas
2340 758 2497 822 istas,
2530 772 2593 811 ac
2627 757 2911 822 minutias,
2941 767 3034 811 aut
3064 756 3489 819 intervallorum,
3542 769 3671 827 atque

2148 851 2478 920 epocharum
2536 849 2822 921 ἀκρίϐειαν
2870 859 3025 904 curat
3052 847 3313 913 Ecclesia,
3355 849 3447 903 sed
3497 860 3672 920 recepta

2148 957 2212 996 ae
2272 941 2518 1011 p0pulari
2596 940 3088 1010 computandorum
3149 948 3453 1007 temporum
3504 940 3673 995 ratione

2146 1037 2397 1084 contenta
2428 1036 2529 1083 est.
2565 1027 2700 1094 Quis
2730 1028 2875 1082 enim
2915 1035 3067 1096 putet
3099 1036 3334 1080 veterem
3371 1025 3511 1079 illam
3538 1041 3675 1081 anno-

2148 1135 2266 1173 rum
2287 1120 2354 1173 ab
2381 1119 2513 1174 orbe
2544 1118 2765 1173 condito
2788 1132 3056 1173 summam
3084 1132 3113 1170 e
3138 1114 3452 1171 Grmcorum
3476 1116 3675 1172 fontibus

2150 1208 2425 1273 haustam,
2473 1224 2638 1277 quam
2690 1216 2746 1263 et
2802 1207 3187 1277 antiquissima
3235 1207 3467 1261 concilia
3515 1209 3677 1276 saepius

2154 1304 2541 1367 adhibuerunt,
2576 1310 2631 1357 et
2686 1302 2956 1372 hodieque
3007 1300 3059 1353 in
3115 1297 3437 1371 Menologiis
3480 1299 3678 1357 Ecclesia

2150 1395 2361 1461 retinet,
2410 1404 2505 1450 aut
2547 1395 2793 1459 illorum,
2836 1403 2931 1448 aut
2982 1391 3145 1462 hujus
3191 1392 3509 1447 auctoritate
3546 1392 3682 1449 fuisse

2151 1486 2702 1542 constitutamiadee
2751 1495 2809 1541 ut
2862 1486 2953 1556 qui
2987 1484 3302 1540 Latinorum
3338 1482 3678 1540 Hebreorum-

2150 1594 2254 1648 que
2288 1587 2397 1633 tam
2428 1578 2697 1633 diversam
2731 1593 2795 1633 ac
2828 1577 3181 1632 dissidentem
3216 1586 3420 1641 teneat,
3455 1577 3585 1632 illius
3608 1578 3681 1633 de-

2151 1681 2301 1725 creto
2344 1680 2626 1740 repugnet.
2681 1669 2815 1735 Quis
2862 1678 2947 1725 est
3004 1668 3327 1735 autem,qui
3378 1669 3481 1723 hoc
3518 1668 3681 1723 saeculo

2154 1758 2566 1829 chronologiam
2620 1759 2873 1828 attingat,
2922 1758 3016 1828 qui
3068 1774 3173 1811 non
3233 1756 3503 1820 Latinam,
3532 1769 3577 1813 et
3604 1756 3676 1811 He

2156 1851 2391 1905 braicam
2429 1851 2589 1904 istam
2643 1850 2820 1914 alteri,
2849 1864 3012 1919 quam
3060 1850 3251 1905 ascivit
3280 1848 3684 1913 Eeclesia,antc-

2154 1942 2459 2012 ponendam
2485 1942 2777 1997 existimet.
2812 1940 2916 1994 Par
2942 1950 3025 1995 est
3055 1941 3106 1994 in
3142 1957 3249 1995 aera
3280 1940 3483 1995 Christi
3511 1942 3684 2010 vulgari

2155 2034 2460 2089 institutum
2492 2032 2762 2101 Ecclesize,
2781 2042 2841 2087 ut
2868 2048 3010 2095 eam,
3038 2032 3182 2103 quod
3212 2033 3355 2103 apud
3388 2032 3687 2087 Christianos

2157 2142 2347 2183 omnes
2378 2128 2694 2193 obtinuerit,
2719 2128 2783 2181 ad
2812 2142 2969 2182 usum
3012 2124 3307 2181 transferat
3336 2145 3349 2177 :
3386 2136 3558 2181 utrum
3585 2143 3687 2179 vero

2160 2218 2227 2271 ab
2260 2219 2375 2285 ipso
2405 2216 2580 2270 Natali
2616 2217 2815 2271 Christi
2860 2225 3111 2271 acettrate
3161 2217 3391 2286 repetita
3440 2215 3528 2281 sit,
3579 2216 3689 2268 nihil
3776 2215 3777 2269 Ὺ

2159 2310 2295 2364 adeo
2320 2310 2633 2379 perquirat;
2660 2323 2834 2378 neque
2884 2307 2950 2362 ad
2979 2308 3092 2361 haac
3141 2308 3349 2361 leviora
3389 2307 3691 2377 gravitatem,

2166 2403 2654 2470 auctoritatemque
2689 2416 2867 2462 suam,
2892 2417 3011 2471 qua:
3036 2408 3389 2455 sacrosancta
3419 2399 3693 2461 debetesse,

2158 2491 2429 2559 interponi
2468 2491 2723 2558 patiatur.
2756 2490 2928 2555 Quam
2964 2490 3015 2542 in
3064 2504 3175 2543 rem
3212 2488 3359 2542 valet
3407 2488 3461 2541 in
3513 2488 3691 2557 primis,
3782 2482 3783 2485 “

2160 2583 2305 2651 quod
2335 2581 2535 2636 Paulus
2569 2580 3058 2650 Midtlelburgensis
3084 2581 3176 2634 lib.
3220 2596 3345 2645 xm,
3379 2595 3498 2648 cap.
3526 2577 3696 2637 6,scri-

2163 2684 2313 2743 ptum
2349 2674 2586 2743 reliquit.
2618 2670 2753 2726 Nam
2814 2688 2937 2725 cum
2994 2672 3271 2725 biennium
3328 2671 3480 2731 illud,
3513 2668 3573 2723 de
3609 2682 3697 2737 quo

2161 2780 2324 2836 supra
2381 2765 2640 2827 diximus,
2698 2763 2990 2834 Dionysius
3038 2778 3159 2816 atrae
3187 2762 3379 2817 deesse
3435 2761 3695 2817 docuisset.

2162 2857 2389 2912 subinde
2427 2858 2530 2911 sibi
2567 2857 2709 2911 istud
2747 2856 2935 2925 objicit
2965 2872 2978 2909 :
3016 2855 3167 2925 sequi
3197 2870 3261 2909 ex
3294 2870 3363 2909 eo
3388 2853 3589 2914 videri,
3618 2850 3699 2904 Ec-
3758 2870 3765 2883 -

2162 2951 2381 3005 clesiam
2424 2950 2475 3003 in
2525 2950 2706 3015 bullis,
2742 2965 2805 3004 ac
2839 2950 3116 3018 rescriptis
3154 2947 3267 3002 suis
3319 2948 3587 3001 oberrare.
3618 2944 3698 2997 Cui

2163 3045 2241 3098 sic
2263 3043 2503 3099 occurrit
2528 3059 2542 3096 :
2572 3040 2869 3096 Ecelesiam
2914 3041 3017 3095 hac
3046 3049 3353 3109 temporum
3382 3035 3701 3091 subductione

2168 3134 2242 3188 uti
2284 3134 2519 3203 quidem,
2552 3135 2643 3188 sed
2675 3132 2899 3186 minime
2934 3132 3181 3201 probare,
3211 3146 3402 3185 verum
3430 3145 3457 3183 a
3489 3128 3701 3183 chrono-

2165 3226 2301 3294 logia
2330 3234 2629 3278 mutuatam
2658 3239 2815 3277 suum
2836 3223 2901 3275 ad
2922 3238 3079 3276 usum
3104 3220 3535 3276 accommodare.
3563 3214 3703 3283 Quid-

2164 3314 2290 3382 quid
2320 3323 2498 3366 autem
2534 3312 2663 3366 insit
2689 3311 2916 3372 erroris,
2949 3312 3001 3364 id
3045 3311 3150 3365 illis
3174 3324 3313 3372 esse,
3342 3324 3451 3362 non
3484 3306 3703 3361 Ecclesia:

2165 3406 2533 3458 tribuendum.
2559 3404 2637 3457 Ad
2675 3404 2788 3459 haec
2820 3419 2926 3458 non
2956 3411 3216 3472 perpetuo
3249 3402 3391 3455 hanc
3417 3402 3468 3454 in
3494 3396 3701 3453 Ecelesia

2168 3496 2485 3549 numerandi
2546 3496 2808 3549 rationem
2864 3495 3170 3559 exstitisse;
3214 3493 3307 3547 sed
3359 3504 3483 3546 ante
3528 3503 3702 3559 paucos

2166 3603 2357 3649 annos,
2384 3588 2486 3641 sub
2508 3585 2749 3657 Eugenio
2775 3585 3057 3645 IV',Blondi
3086 3582 3474 3639 Foroliviensis
3492 3583 3701 3640 hortatu,

2164 3679 2257 3747 qui
2288 3678 2551 3747 pontificii
2585 3677 2791 3747 collegii
2842 3693 2869 3729 a
2920 3678 3145 3731 secretis
3175 3676 3425 3731 notarius
3451 3682 3579 3735 erat,
3620 3672 3701 3725 ad-

2166 3772 2410 3825 missam.
2450 3768 2612 3822 Addit
2660 3777 2713 3821 et
2744 3766 3060 3837 Dionysium
3092 3765 3365 3836 Exiguum
3400 3766 3552 3821 istius
3602 3776 3703 3816 ait:

2164 3862 2502 3916 conditorem
2526 3873 2764 3912 errorem
2792 3859 3076 3925 agnovisse
3116 3873 3297 3918 suum.
3330 3868 3384 3913 et
3428 3855 3701 3911 verecundia

2166 3954 2462 4022 confusum,
2494 3952 2758 4028 utscribit
2781 3948 3110 4019 Sigebertus,
3143 3952 3367 4020 frontem
3395 3950 3496 4004 sibi
3518 3945 3701 4016 pudoris

2165 4046 2397 4099 cauterio
2420 4044 2696 4097 exussisse.
2715 4042 2834 4097 llaec
2863 4041 3063 4097 Paulus
3092 4043 3157 4096 de
3176 4058 3279 4097 azra
3306 4037 3699 4113 Dionysiana,in

2165 4153 2271 4207 qua
2307 4134 2742 4205 reprehendenda
2763 4134 2933 4187 multo
2959 4133 3047 4186 ille
3065 4132 3539 4202 reprehendendus
3554 4128 3701 4197 magis

2164 4230 2267 4284 est,
2297 4231 2355 4274 ut
2390 4221 2441 4273 in
2473 4220 2850 4289 superioribus
2879 4220 3097 4289 planum
3129 4220 3303 4275 cuivis
3355 4236 3477 4275 esse
3521 4218 3697 4273 [etum

2165 4314 2509 4368 conﬁdimus.
2540 4312 2648 4368 Nec
2677 4323 2759 4367 est
2796 4314 3020 4367 omnino
3048 4315 3336 4383 quidquam
3374 4329 3404 4366 a
3434 4312 3700 4379 Scaligero.

2166 4403 2423 4466 Calvisio,
2456 4406 2773 4474 exterisque
2801 4416 2986 4459 contra
3020 4407 3157 4459 hanc
3184 4405 3428 4466 allatum,
3454 4404 3587 4473 quod
3609 4414 3706 4453 mo-

494 4494 590 4549 sed
621 4504 674 4548 et
706 4495 1085 4563 quadriennio,
1114 4496 1195 4549 vel
1232 4497 1605 4566 quinquennio
1639 4514 1824 4551 verum
1854 4499 2056 4553 Christi
2095 4516 2139 4569 ι)
2168 4495 2334 4549 menti
2393 4496 2594 4565 aliquid
2639 4497 2858 4562 haheat,
2901 4506 3094 4566 praeter
3135 4512 3198 4550 ea
3238 4511 3358 4565 quae
3386 4512 3449 4550 ex
3499 4493 3703 4563 Josepho

494 4586 737 4642 Natalem
775 4590 1177 4659 anticipandum
1221 4604 1362 4652 esse,
1392 4590 1438 4642 si
1468 4605 1593 4645 vera
1630 4602 1776 4656 sunt,
1830 4609 1951 4663 qum
1997 4595 2064 4649 ah

493 4680 603 4735 illis
634 4681 909 4734 historicis
941 4680 1263 4748 produntur.
1320 4680 1621 4749 Disputavit
1649 4698 1711 4737 ea
1744 4685 1810 4739 de
1853 4700 1910 4738 re
1952 4688 2064 4755 pri-

497 4786 621 4825 mus
651 4770 895 4823 omnium
948 4768 1206 4823 Dekerius
1262 4780 1479 4837 noster;
1532 4773 1689 4841 cujus
1739 4777 2063 4829 sententiam

498 4860 785 4929 amplexus
808 4866 914 4922 est,
949 4868 1003 4912 et
1031 4859 1317 4913 illustravit
1356 4861 1647 4929 plurimum
1685 4863 1947 4931 Keplerus
1982 4867 2065 4919 in-

496 4950 669 5020 signis
722 4949 1159 5014 mathematicus,
1195 4951 1331 5006 libro
1392 4950 1463 5005 De
1498 4969 1636 5007 anno
1684 4952 1891 5020 Natali,
1926 4966 1979 5011 et
2012 4958 2062 5011 in

497 5041 715 5111 Eclogis
744 5040 1113 5110 ehronologis.
1160 5039 1333 5107 Quam
1380 5042 1592 5097 illorum
1625 5044 1936 5114 opinionem
1982 5048 2064 5101 di-

492 5151 654 5204 gnam
682 5136 935 5200 arbitror,
962 5150 1081 5204 quaz
1104 5136 1263 5189 etiam
1290 5145 1451 5207 atque
1471 5139 1631 5192 etiam
1654 5140 2059 5197 consideretur:

498 5223 774 5293 indignam
836 5231 1001 5285 certe,
1033 5237 1194 5290 quam
1242 5239 1363 5277 cum
1412 5225 1528 5293 ejus
1562 5236 1783 5280 auctore
1839 5226 2065 5283 Dekerio

494 5316 578 5368 vir
608 5315 729 5383 pius
756 5322 809 5367 et
836 5313 1086 5368 eruditus
1121 5329 1258 5383 pene
1309 5315 1556 5369 hostilem
1589 5317 1640 5369 in
1677 5319 1899 5371 modum
1933 5335 2057 5389 pro-

498 5407 797 5471 scriberet,
824 5414 1082 5475 tanquam
1122 5422 1338 5471 novam,
1375 5417 1427 5460 et
1456 5408 1523 5461 ab
1554 5424 1653 5461 usu
1689 5410 1855 5464 totius
1879 5410 2065 5466 Eccle—

498 5497 594 5551 εἰπε
624 5506 912 5553 remotam.
948 5498 1057 5566 Ego
1091 5512 1217 5551 vero
1254 5512 1446 5551 novam
1493 5513 1611 5553 esse
1645 5502 1858 5568 quidem
1896 5503 2062 5566 illam,

501 5601 599 5640 nec
627 5587 695 5640 ab
724 5588 960 5655 antiquis
993 5597 1307 5656 usurpatam
1338 5589 1493 5643 video
1531 5604 1542 5639 :
1579 5591 1742 5657 quod,
1775 5600 1833 5643 ut
1862 5592 2065 5647 dictum

501 5686 604 5738 est,
631 5690 952 5744 persuasum
1010 5679 1271 5733 hactenus
1294 5688 1437 5733 esset
1466 5680 1742 5746 omnibus,
1787 5680 2065 5739 Christum

508 5766 683 5821 aetatis
723 5780 866 5821 anno
896 5768 1170 5824 tricesimo
1199 5770 1527 5839 baptizatum
1559 5787 1698 5838 esse,
1734 5788 1907 5842 neque
1940 5791 2065 5845 par-

2170 4596 2603 4657 petuntur;qum
2632 4604 2698 4643 nc
2740 4590 2850 4658 ipsa
2886 4590 3103 4658 quidem
3127 4590 3339 4643 illorum
3377 4588 3589 4643 biennio
3614 4584 3705 4640 suf-

2173 4682 2485 4750 fragantur;
2518 4683 2777 4750 quoniam
2808 4698 2913 4735 non
2957 4682 3170 4737 duobus
3204 4682 3403 4746 solum,
3430 4683 3521 4736 sed
3547 4696 3611 4744 tv,
3638 4680 3703 4731 vel

2170 4792 2198 4829 v
2234 4777 2420 4830 solidis
2452 4776 2608 4830 annis
2652 4775 2853 4830 Christi
2881 4774 3122 4830 Natalem
3166 4776 3601 4830 antevertendum
3628 4773 3705 4827 de-

2169 4878 2492 4923 ntOnstrant.
2525 4867 2654 4933 Quae
2670 4883 2754 4921 res
2783 4867 3044 4922 adversus
3066 4868 3463 4922 nobilissimum
3497 4866 3705 4921 historiae

2168 4964 2488 5030 scriptorem
2522 4961 2668 5016 viros
2695 4960 2958 5029 quosdam
2992 4960 3113 5029 pios
3164 4976 3228 5015 ac
3250 4961 3435 5016 doctos
3470 4960 3703 5027 majorem

2170 5054 2221 5107 in
2252 5053 2469 5107 modum
2504 5053 2818 5115 commovit,
2855 5060 2913 5106 ut
2937 5068 3098 5121 quem
3129 5053 3393 5107 mendacii
3426 5054 3702 5108 convictum

2168 5152 2443 5213 putarent,
2501 5141 2635 5195 nihil
2669 5142 2719 5194 ei
2775 5142 2939 5194 tribui
2973 5141 3315 5195 auctoritatis
3345 5156 3407 5194 ac
3438 5141 3550 5195 ﬁdei
3577 5147 3704 5208 pate-

2170 5245 2361 5289 rentur
2387 5252 2400 5298 ;
2429 5232 2727 5304 pra-sertim
2764 5232 2816 5285 in
2840 5232 2906 5285 iis
2939 5247 3059 5300 qua:
3088 5233 3153 5286 ad
3199 5232 3426 5288 Herodis
3455 5246 3615 5287 annos
3634 5237 3703 5281 at-

2169 5328 2339 5379 tinent
2372 5345 2385 5379 :
2440 5326 2491 5379 in
2528 5323 2723 5393 quibus
2764 5324 2992 5377 absurda
3028 5332 3075 5376 et
3113 5334 3412 5392 portentosa
3459 5322 3703 5377 mendacia

2170 5419 2369 5479 inesse,
2398 5432 2520 5472 eum
2564 5430 2777 5469 summa
2836 5416 3219 5481 inconstantia,
3259 5425 3313 5471 et
3362 5416 3698 5470 Romanorum

2170 5509 2449 5562 annalium
2492 5507 2708 5562 inscitia
2755 5505 3115 5559 Ecclesiastiei
3173 5507 3389 5560 annales
3442 5506 3696 5559 alhrmant.

2170 5599 2287 5653 Non
2336 5601 2370 5653 ii
2404 5615 2614 5665 sumus,
2641 5600 2733 5669 qui
2786 5615 3125 5653 summorum
3166 5600 3404 5652 virorum
3437 5596 3695 5653 memoriae.

2170 5698 2221 5742 et
2245 5689 2630 5743 existimationi
2669 5687 2957 5744 obtrectari
2986 5689 3232 5751 velimus,
3253 5690 3511 5758 prmcipue
3536 5686 3697 5741 catho-

2171 5782 2434 5845 licorum;
2463 5790 2519 5833 ut
2542 5782 2584 5833 si
2614 5782 2741 5851 quid
2778 5782 2844 5834 ah
2871 5781 2976 5835 illis
3007 5782 3318 5848 titubatum,
3352 5780 3696 5837 commissum-

3730 348 3733 425 l

3764 1717 3767 1867 l

3768 1958 3771 2027 ι
