3810 6216
125 415 134 424 ,
154 357 262 414 917

1319 361 1409 417 DE
1447 361 1632 418 ANNO
1671 361 1928 420 NATALI
1967 366 2262 425 CHRISTI.

3293 369 3398 425 9|8

153 488 263 542 que
283 473 375 536 sit,
410 473 656 531 severius
683 488 1112 544 persequamur;
1142 489 1315 545 neque
1343 492 1444 532 nos
1497 476 1722 532 omnino
1754 481 1795 538 Δ
1827 489 1934 532 tum
1968 491 2211 540 recenset.
2248 481 2436 552 Itaque
2458 482 2757 552 siJosepho
2786 482 2967 537 demus
3008 498 3184 548 aures,
3208 500 3326 552 qua
3363 503 3396 539 α

153 562 350 617 canina
395 563 485 617 illa
518 562 768 618 facundia
803 563 1053 630 delectat,
1078 579 1200 634 quae
1230 563 1532 620 multorum
1555 581 1722 622 occu-

153 653 304 721 pavit
337 653 575 723 ingenia.
623 653 728 708 Sed
771 653 903 707 illud
931 662 1110 708 tamen
1151 655 1294 723 quod
1325 655 1500 711 cuivis
1533 655 1724 710 hoc-in

153 745 462 798 litterarum
515 757 710 812 genere
760 759 1081 799 concessum
1126 755 1226 809 est,
1263 754 1518 815 negatum
1566 744 1725 800 nobis

153 847 280 888 esse
309 831 599 897 nolumus;
631 843 692 887 ut
721 832 768 888 si
799 834 930 903 quid
962 835 1120 890 aliter
1151 845 1314 904 atque
1339 836 1415 890 illi
1434 835 1724 902 senserint,

156 925 336 980 visum
377 924 536 978 nobis
585 923 768 986 fuerit,
811 924 866 978 id
910 909 1143 996 ingenue
1177 926 1550 996 proliteamur,
1579 940 1641 980 ac
1665 926 1728 980 li-

155 1017 323 1081 bere;
351 1030 420 1070 ne
447 1015 580 1084 quid
609 1014 825 1070 veritati
883 1017 998 1071 hare
1050 1018 1188 1087 ipsa,
1223 1032 1345 1087 qute
1395 1017 1602 1073 servire
1649 1016 1728 1071 illi

155 1105 342 1170 debet,
372 1107 518 1162 obsit
550 1107 835 1162 hominum
871 1108 1186 1172 auctoritas,
1214 1117 1269 1163 et
1305 1107 1724 1163 commendatio.

153 1195 317 1264 Quod
355 1213 422 1252 ne
473 1199 724 1268 praesenti
750 1198 804 1252 in
850 1200 1067 1268 negotio
1095 1200 1373 1266 contingat
1404 1213 1730 1269 magnopere

153 1295 244 1341 est
264 1289 581 1344 verendum.
609 1287 796 1359 Neque
828 1305 957 1345 vero
979 1289 1204 1359 Iosephi
1239 1290 1602 1360 patrocinium
1628 1289 1730 1344 hoc

156 1376 284 1432 loco
319 1380 686 1449 suscipimus;
719 1395 820 1436 nec
841 1395 1056 1436 errasse
1079 1381 1230 1435 illum
1265 1381 1573 1436 inliciamur
1597 1398 1612 1443 ;
1637 1389 1732 1436 aut

156 1477 437 1536 postremo
472 1471 554 1525 vel
590 1470 873 1524 minimum
903 1481 1086 1525 contra
1119 1487 1399 1536 sacrarum
1429 1472 1584 1526 ﬁdem
1616 1471 1731 1527 Lit-

156 1569 402 1614 terarum
455 1561 706 1631 scriptori
737 1562 830 1615 ulli
871 1561 1181 1617 tribuimus.
1217 1560 1418 1617 Verum
1470 1577 1570 1618 nec
1613 1577 1734 1633 qua:

157 1649 230 1702 ad
288 1650 435 1706 illius
496 1650 845 1705 minuendam
905 1650 1367 1706 existimationem
1412 1651 1732 1716 ali‘eruntur,

155 1755 290 1795 vera
332 1751 588 1811 putamus
616 1742 832 1808 omnia;
891 1751 944 1797 et
991 1744 1136 1814 quod
1193 1743 1260 1798 ad
1310 1745 1613 1800 recentiora
1645 1743 1734 1799 Iu-

159 1832 408 1886 daeorum
442 1841 682 1902 tempora
725 1843 950 1903 spectat,
995 1834 1278 1889 certiorem
1311 1850 1374 1890 ac
1401 1835 1732 1891 constantio-

159 1937 280 1976 rem
330 1922 594 1978 habemus
648 1932 869 1977 auclore
919 1924 1026 1978 isto
1059 1924 1350 1980 neminem.
1403 1924 1481 1978 Ac
1521 1933 1729 1978 tantum

160 2011 344 2076 abest,
375 2011 488 2066 haec
511 2019 568 2065 ut
589 2021 694 2067 tam
720 2014 961 2079 assidua,
986 2024 1090 2068 tam
1121 2016 1314 2070 acerba
1342 2029 1465 2070 cum
1494 2014 1732 2086 Iosepho

158 2101 458 2155 Annalium
493 2105 858 2173 expostulatio
903 2105 968 2160 de
1014 2105 1156 2159 illius
1191 2104 1333 2174 apud
1365 2120 1451 2159 me
1487 2105 1589 2160 fide
1650 2105 1735 2160 vel

161 2194 440 2247 tantillum
491 2194 804 2258 detraxerit,
841 2204 900 2250 ut
948 2195 1051 2250 hoc
1080 2196 1196 2266 ipso
1244 2195 1482 2265 primum
1519 2196 1738 2251 nomine

161 2293 419 2353 suspecta
445 2299 563 2339 esse
589 2285 720 2338 mihi
776 2287 1051 2342 accusatio
1084 2287 1174 2341 illa
1214 2287 1466 2356 coeperit,
1502 2288 1648 2356 quod
1680 2287 1734 2340 in

159 2387 295 2426 eam
327 2381 481 2427 tanto
499 2373 801 2439 stomacho,
825 2390 888 2430 ac
917 2375 1074 2430 toties
1099 2375 1456 2430 incurrerent.
1489 2374 1625 2430 Tum
1645 2375 1738 2430 ubi

164 2461 289 2516 haec
329 2463 587 2518 attentius
637 2466 872 2528 excussi,
903 2481 1024 2535 quae
1071 2467 1136 2520 ad
1166 2465 1461 2535 Iosephum
1496 2476 1742 2522 everten-

164 2555 304 2607 dum
343 2555 672 2610 validissima
703 2557 1083 2621 credebantur,
1111 2558 1247 2612 nihil
1274 2560 1440 2614 atroci
1470 2559 1556 2612 illa
1587 2559 1745 2614 casti-

163 2646 389 2715 gatione
412 2647 652 2717 iniquius
684 2657 767 2703 est
801 2649 996 2703 visum.
1029 2649 1160 2715 Quae
1186 2651 1399 2705 tametsi
1435 2651 1562 2704 olim
1590 2666 1618 2704 a
1657 2667 1744 2706 me

165 2737 571 2802 animadversa,
597 2739 866 2808 disputata
897 2740 1239 2808 postmodum
1287 2741 1356 2794 ab
1381 2741 1524 2805 aliis,
1582 2749 1745 2810 atque

164 2828 441 2897 explicata
509 2830 784 2899 comperi,
827 2830 990 2884 licere
1049 2830 1184 2885 mihi
1238 2831 1456 2901 quidem
1509 2831 1746 2886 arbitror

168 2934 302 2989 quae
325 2919 544 2989 perinde
575 2928 634 2974 ut
684 2920 761 2974 illi
782 2920 1105 2990 inquirendo
1137 2931 1467 2977 consecutus
1512 2920 1744 2986 fueram,

168 3026 287 3066 non
311 3020 369 3065 ut
401 3011 468 3066 ab
502 3010 608 3066 illis
638 3021 881 3081 accepta,
917 3012 1012 3067 sed
1050 3020 1160 3066 uta
1201 3029 1287 3067 me
1313 3014 1474 3068 etiam
1524 3013 1745 3083 excogi-

163 3111 287 3156 tata
318 3116 632 3172 proponere.
1146 3090 1152 3097 ’

245 3189 392 3260 Ergo
419 3192 487 3246 ad
519 3192 830 3248 clevandam
873 3191 1092 3264 Iosephi
1142 3192 1300 3248 ﬁdem
1329 3207 1360 3248 e
1395 3192 1578 3248 multis
1625 3192 1744 3261 ejus

166 3283 456 3340 erroribus
488 3284 542 3339 hi
573 3285 719 3340 velut
757 3285 996 3356 insignes
1043 3294 1112 3342 'ac
1161 3285 1408 3356 palmarii
1454 3300 1746 3340 numeran-

172 3380 290 3426 tur.
333 3371 578 3427 Primum
629 3374 772 3444 quod
811 3383 1004 3429 exacto
1045 3375 1329 3440 Archelao,
1374 3375 1636 3441 Quirinus
1689 3375 1744 3428 in

173 3457 398 3532 Syriam
435 3459 784 3532 Iudaeamque
802 3463 1005 3519 missus
1021 3477 1145 3518 esse
1164 3462 1379 3528 dicitur,
1397 3478 1538 3518 anno
1560 3479 1742 3516 xxxv"

173 3561 305 3617 post
344 3551 615 3607 Actiacam
662 3567 916 3630 pugnam.
963 3551 1173 3613 Verum,
1205 3553 1398 3623 inquit,
1429 3553 1485 3606 si.
1521 3553 1631 3607 haec
1678 3552 1746 3605 ad

168 3651 421 3697 nactam
450 3654 738 3712 temporum
777 3644 1033 3698 rationem
1067 3644 1284 3713 referas,
1313 3643 1455 3713 falsa
1489 3660 1599 3698 esse
1627 3660 1748 3713 pro—

169 3735 267 3789 cul
295 3733 451 3787 dubio
483 3734 728 3791 inuenies.
765 3734 907 3788 Nam
939 3737 986 3788 si
1017 3751 1254 3789 numeres
1303 3751 1492 3802 annos,
1523 3736 1614 3806 qui
1661 3737 1748 3789 in-

174 3825 476 3880 tercurrunt
535 3825 598 3878 ab
636 3824 853 3879 Actiaca
906 3841 1102 3894 pugna,
1135 3841 1256 3894 qua:
1307 3827 1525 3896 contigit
1567 3826 1749 3896 Augu-

171 3928 262 3995 sto
295 3915 394 3971 111
425 3926 473 3971 et
504 3915 736 3971 Messala
765 3902 926 3980 coss.,
961 3933 1120 3970 annos
1149 3934 1260 3972 esse
1287 3933 1350 3971 χι.
1379 3917 1613 3988 colliges.
1643 3919 1749 3973 Sed

175 4009 301 4063 haec
329 4007 678 4061 hallucinatio
714 4016 815 4062 est.
849 4003 983 4061 Nam
1017 4007 1233 4061 Actiaca
1265 4022 1440 4076 pugna
1477 4005 1668 4061 incidit
1695 4007 1747 4059 in

173 4113 386 4154 annum
420 4096 581 4153 Urbis
613 4097 736 4162 723,
767 4095 969 4152 Julian.
1001 4097 1088 4151 15.
1126 4097 1421 4151 Archelaus
1448 4110 1576 4150 vero
1621 4109 1750 4165 pro-

175 4188 418 4257 scriptus
441 4195 526 4242 est
555 4201 699 4242 anno
733 4185 894 4242 Urbis
925 4185 1046 4250 759,
1072 4184 1291 4262 Iuliano
1314 4183 1401 4237 51.
1423 4183 1631 4254 Quippe
1653 4182 1751 4237 Dio

176 4279 250 4333 ad
284 4278 430 4332 hunc
461 4293 666 4331 annum
699 4284 886 4332 auctor
908 4285 1010 4340 est,
1041 4275 1305 4331 Herodem
1335 4274 1683 4330 Palaestinum
1719 4289 1749 4327 a

177 4371 440 4426 fratribus
465 4380 775 4426 accusatum
811 4377 961 4424 trans
987 4367 1144 4438 Alpes
1174 4369 1492 4438 relegatum,
1523 4365 1751 4437 ejusque

1829 567 1974 623 Luca
2003 580 2053 624 et
2084 570 2335 626 Matthaao
2375 573 2439 626 de
2486 571 2690 626 Herode
2735 571 2932 641 scripta
2977 585 3120 638 sunt,
3153 575 3259 643 ﬁde
3305 591 3398 628 ca-

1828 671 1975 713 reant
2009 677 2214 716 necesse
2240 671 2335 716 est.
2376 660 2491 718 Non
2520 663 2653 717 satis
2683 663 2837 717 dixit.
2865 660 3049 732 Neque
3077 663 3220 718 enim
3247 663 3398 719 bien-

1828 751 1942 816 nio,
1965 751 2056 806 sed
2089 753 2468 822 quadriennio,
2513 751 2680 808 ferme
2710 749 2952 808 Natalem
2984 751 3183 808 Christi
3211 753 3399 824 vulga-

1828 856 1964 908 rem,
1998 841 2382 914 Dionysianum
2407 859 2536 900 vero
2559 845 2722 900 etiam
2748 843 3121 914 quinquennio
3147 851 3398 899 antever-

1831 931 1912 985 tit.
1951 930 2056 987 Sed
2106 932 2251 988 hunc
2304 933 2482 1004 ipsum
2529 949 2715 990 verum
2743 949 2864 990 esse
2890 931 3135 988 Natalem
3165 949 3231 988 ex
3263 934 3400 990 Mat-

1829 1019 1990 1082 thaeo,
2021 1020 2104 1075 vel
2132 1019 2276 1076 Luca
2311 1022 2512 1092 colligi,
2545 1022 2598 1078 id
2626 1031 2935 1078 constanter
2955 1037 3236 1092 negamus.

1899 1108 2161 1174 Quartum
2212 1111 2586 1167 inconstantiae
2625 1113 2899 1182 specimen
2935 1121 3050 1178 est,
3081 1111 3227 1182 quod
3255 1126 3400 1166 anno

1830 1212 1920 1250 xvt
1964 1195 2192 1254 Herodis
2237 1201 2381 1270 regis
2424 1198 2628 1254 Varum
2677 1201 2958 1270 przesidem
3018 1201 3189 1270 Syria:
3231 1199 3402 1256 fuisse

1830 1299 2016 1342 narrat
2042 1289 2138 1344 lib.
2165 1307 2251 1354 xv,
2285 1305 2334 1344 c.
2371 1292 2457 1346 15.
2485 1290 2615 1346 Post
2651 1300 2855 1356 autem,
2885 1291 2962 1347 ait
2995 1292 3243 1347 eumdem
3277 1307 3403 1347 suc-

1831 1382 2062 1435 cessisse
2105 1379 2292 1436 Sentio
2341 1381 2659 1448 Saturnino,
2699 1397 2843 1437 anno
2885 1390 3010 1438 ante
3033 1381 3258 1438 Herodis
3285 1381 3405 1437 obi-

1833 1477 1947 1522 tum
1981 1485 1995 1521 :
2028 1483 2151 1524 cum
2176 1469 2313 1525 inter
2335 1479 2622 1535 utrumque
2646 1470 2834 1541 viginti
2863 1472 2989 1526 anni
3011 1472 3200 1527 saltem
3234 1471 3402 1526 inter-

1833 1559 2116 1614 cesserint.
2147 1559 2308 1630 Atqui
2344 1575 2451 1614 non
2500 1561 2674 1616 Varus
2719 1575 2750 1614 a
2791 1559 3028 1631 Iosepho
3071 1576 3271 1632 praeses
3310 1561 3403 1617 illo

1835 1649 1955 1703 loco
1979 1649 2196 1718 dicitur,
2229 1650 2324 1705 sed
2348 1649 2542 1705 Varro.
2570 1651 2748 1716 Quare
2785 1650 2924 1722 αὕτη
2957 1654 2990 1722 ἡ
3025 1652 3283 1724 μήρινθος
3315 1654 3401 1706 οὐ·

1835 1738 1923 1793 δὲν
1951 1739 2177 1794 ἔσπασε.
2227 1739 2470 1811 Denique
2499 1755 2716 1804 novem,
2748 1740 2943 1810 inquit,
2977 1739 3206 1796 Herodis
3233 1757 3406 1798 annos

1835 1829 2196 1897 prmtermisit.
2248 1829 2459 1885 Etenim
2516 1845 2640 1885 cum
2689 1846 2873 1885 xxxvtt
2916 1831 3154 1900 regnarit
3208 1847 3402 1895 annos,

1835 1919 2027 1973 horum
2059 1919 2271 1974 initium
2306 1920 2374 1975 ab
2403 1935 2468 1975 eo
2510 1921 2628 1990 ipso
2666 1936 2830 1985 anno,
2865 1936 2973 1990 quo
3009 1921 3185 1976 navali
3217 1922 3405 1991 praelio

1834 2009 2009 2064 victus
2057 2020 2140 2065 est
2184 2011 2471 2078 Antonius,
2524 2021 2767 2081 repetere
2812 2012 3018 2077 debuit,
3052 2010 3271 2066 Iuliano
3314 2012 3404 2076 15.

1835 2113 1942 2152 non
1979 2114 2007 2152 a
2040 2115 2113 2163 vr,
2143 2115 2339 2170 quoex
2368 2099 2868 2156 senatus-consulto
2909 2115 3133 2171 regnum
3183 2102 3407 2170 adeptus

1836 2200 1939 2243 est.
1967 2187 2094 2242 Ideo
2141 2197 2370 2245 mortem
2421 2189 2652 2246 Herodis
2682 2191 2909 2245 Annales
2941 2191 2994 2244 in
3021 2207 3222 2246 annum
3254 2203 3406 2247 octa-

1836 2294 1964 2332 vum
2012 2278 2214 2335 Christi
2263 2280 2578 2350 conjiciunt,
2611 2280 2812 2350 Lepido
2860 2291 2912 2336 et
2956 2283 3217 2338 Arruntio
3258 2298 3401 2340 coss.

1839 2367 1970 2423 Erat
1993 2384 2171 2425 annus
2203 2369 2367 2426 Urbis
2404 2370 2524 2435 759,
2550 2370 2795 2428 Julianus
2825 2372 2911 2437 51,
2945 2374 3038 2444 qui
3072 2383 3255 2431 sextus
3285 2391 3408 2432 terte

1839 2459 2147 2514 communis
2197 2475 2319 2516 esse
2373 2461 2652 2530 debuerat,
2699 2462 2804 2518 nisi
2858 2463 3077 2520 biennio
3124 2475 3406 2536 peccatum

1843 2549 2002 2606 foret.

1912 2642 1980 2698 At
2036 2652 2369 2714 quantopere
2413 2645 2566 2700 illum
2613 2648 2751 2704 ratio
2790 2648 3027 2719 fugerit,
3079 2648 3240 2718 paulo
3289 2657 3410 2720 post

1843 2735 2145 2802 constabit;
2191 2737 2282 2790 ubi
2328 2752 2449 2805 qua:
2482 2737 2548 2792 de
2596 2735 2824 2795 Herodis
2872 2739 3052 2804 annis,
3083 2747 3136 2792 et
3187 2740 3408 2795 historia

1844 2830 2078 2899 sparsim
2111 2827 2381 2900 Iosephus
2429 2831 2638 2898 inserit,
2669 2833 2860 2902 paucis
2909 2831 3410 2903 perstrinxerimus.

1843 2919 2026 2976 Prima
2057 2919 2284 2976 Herodis
2307 2922 2447 2991 apud
2467 2921 2726 2977 eximium
2759 2923 2902 2978 hunc
2918 2923 3235 2993 scriptorem
3260 2939 3408 2978 men-

1846 3010 1922 3065 tio
1967 3010 2027 3066 ﬁt
2072 3010 2169 3065 lib.
2207 3025 2299 3065 xtv
2333 3009 2564 3080 0rig.,c.
2597 3011 2678 3066 l2.
2730 3011 2804 3065 lbi
2832 3011 3175 3081 Antipatrum
3202 3009 3413 3080 Antipte

1773 3137 1814 3194 Ο
1848 3098 1909 3156 F.
1944 3097 2172 3154 Herodis
2196 3106 2476 3169 parentem
2510 3098 2697 3153 scribit
2724 3113 2754 3153 θ
2782 3097 2967 3169 Cypro
2989 3098 3239 3194 Arabissa
3263 3097 3414 3168 prin-

1849 3190 1969 3261 cipe
2017 3189 2216 3244 femina
2279 3188 2518 3259 quinque
2575 3189 2874 3259 suscepisse
2916 3189 3135 3252 liberos,
3183 3187 3418 3242 Phasae-

1848 3283 1982 3348 lum,
2019 3279 2308 3345 Herodem,
2340 3278 2658 3350 Iosephum,
2689 3279 3007 3346 Pheroram,
3043 3289 3098 3334 et
3133 3270 3410 3335 Sa'lomen.

1846 3372 2130 3437 Eumdem,
2165 3387 2288 3428 cum
2317 3372 2576 3426 adversus
2601 3370 2972 3425 Aristobulum
3021 3367 3219 3424 bellttm
3265 3383 3418 3438 gere-

1847 3472 1949 3530 ret,
1997 3461 2198 3517 liberos
2253 3475 2382 3516 suos
2434 3459 2574 3530 apud
2622 3460 2862 3514 Arabum
2906 3457 3203 3527 principem
3253 3454 3419 3525 depo-

1847 3555 2044 3610 suisse.
2078 3553 2314 3608 Finitum
2341 3561 2424 3607 est
2445 3551 2644 3606 bellum
2679 3549 2822 3606 istud
2845 3547 3246 3604 Aristobuleum
3272 3562 3416 3602 anno

1847 3645 1961 3712 illo,
1991 3659 2102 3716 quo
2143 3643 2515 3714 Hierosolyma
2547 3640 2839 3712 Pompeius
2882 3639 3043 3709 cepit,
3088 3654 3230 3695 coss.
3262 3637 3417 3694 Cice-

1848 3748 1982 3789 rone
2025 3742 2080 3790 et
2119 3733 2375 3797 Antonio,
2407 3741 2466 3786 ut
2506 3740 2696 3785 auctor
2734 3737 2820 3785 est
2859 3727 3128 3798 Iosephus
3171 3727 3266 3782 lib.
3303 3742 3415 3788 inv,

1849 3840 1898 3880 c.
1931 3825 1988 3889 5,
2016 3839 2225 3879 necnon
2269 3833 2322 3878 et
2349 3821 2446 3876 Dio
2477 3840 2489 3876 :
2520 3820 2684 3876 Urbis
2708 3835 2773 3874 ex
2817 3819 3059 3874 Varrone
3089 3817 3216 3874 691.
3243 3817 3417 3888 Opor-

1851 3927 1925 3972 tet
1950 3918 2114 3987 igitur
2139 3915 2404 3971 Herodem
2439 3922 2565 3969 ante
2600 3913 2745 3968 hunc
2773 3927 2979 3966 annum
3009 3909 3178 3967 fuisse
3207 3917 3414 3975 natum,

1849 4025 2008 4081 quem
2039 4009 2177 4079 apud
2202 4007 2431 4062 Arabem
2463 4014 2614 4076 pater
2642 4003 2969 4074 deposuerit.

1919 4099 2116 4155 Postea
2147 4099 2241 4154 lib.
2277 4113 2387 4160 xw,
2437 4112 2556 4167 cap.
2590 4096 2678 4161 15,
2709 4111 2832 4151 cum
2878 4093 3158 4163 Antipater
3203 4091 3418 4147 Iuliano

1851 4189 2050 4246 Caesari
2080 4198 2353 4245 strenuam
2382 4188 2436 4241 in
2480 4185 2716 4258 [Egypto
2750 4195 3002 4240 navasset
3025 4198 3267 4254 Operam,
3295 4182 3418 4235 ἐπί-

1851 4299 2048 4356 τροπος
2092 4281 2161 4336 ab
2202 4295 2268 4334 eo
2317 4277 2505 4336 Iudaea:
2531 4277 2703 4333 factus
2729 4287 2832 4341 est,
2857 4285 2908 4331 et
2935 4275 3180 4346 Hyrcano
3203 4272 3418 4343 pontiﬁ-

1852 4382 2005 4428 catus
2053 4372 2322 4426 decretus.
2349 4369 2446 4424 llic
2487 4378 2569 4424 est
2596 4365 2758 4422 Urbis
2787 4382 2968 4422 annus
2997 4365 3124 4429 707,
3155 4379 3264 4435 quo
3290 4363 3417 4419 Ale-

177 4463 443 4517 ditionem
470 4465 524 4517 in
558 4462 889 4533 provinciam
922 4462 1216 4516 redactam.
1244 4460 1436 4516 Annus
1466 4473 1628 4528 porro
1648 4459 1747 4515 Iu-
1785 4467 1828 4522 ι)
1854 4461 2178 4518 xandrinum
2205 4459 2400 4515 bellum
2424 4467 2694 4529 patratum
2727 4465 2830 4524 est,
2870 4465 2928 4512 ut
2955 4472 3021 4511 ex
3046 4453 3281 4524 Iosepho
3306 4454 3418 4510 col.-

178 4555 362 4610 lianus
400 4555 463 4634 ξι
510 4555 825 4610 ινίεεεὶιηυε
862 4555 1124 4623 septimus
1153 4561 1236 4608 est
1266 4567 1295 4606 a
1329 4567 1419 4606 xv.
1458 4549 1623 4606 Recte
1652 4551 1753 4605 ita-

177 4664 291 4720 que
310 4646 576 4718 Iosephus
600 4646 932 4701 tricesimum
957 4644 1246 4714 septimum
1279 4642 1576 4697 adnotavit.

255 4739 511 4795 Secundo
549 4737 734 4792 iisdem
785 4738 840 4790 in
883 4735 1010 4790 locis
1055 4734 1315 4804 Iosephus
1367 4735 1430 4788 de
1476 4733 1752 4789 consulatu

181 4829 401 4896 Quirini
435 4828 690 4891 meminit,
715 4827 866 4896 quasi
899 4825 960 4878 de
1009 4840 1061 4878 re
1111 4825 1395 4878 admodum
1425 4824 1616 4877 recenti
1644 4839 1662 4876 :
1690 4839 1754 4877 ea:

177 4936 288 4993 quo
329 4918 523 4972 Fastos
571 4918 722 4972 illum
763 4917 1066 4970 consulares
1115 4915 1383 4984 ignorasse
1428 4923 1626 4968 certum
1654 4923 1749 4968 est.

184 5011 334 5065 Nam
369 5009 649 5075 Quirinum
679 5025 783 5062 una
809 5025 928 5061 cum
959 5006 1257 5062 zEmiliano
1279 5006 1476 5076 collega
1507 5015 1628 5059 ante
1657 5021 1755 5058 an-

182 5120 284 5158 nos
314 5118 424 5157 nn
477 5100 809 5156 consulatum
857 5102 1076 5170 gessisse
1125 5107 1203 5152 est
1249 5097 1749 5166 exploratissimum.

180 5193 332 5249 Nihil
381 5192 649 5261 ejusmodi
691 5189 960 5258 Iosephus
999 5190 1081 5244 vel
1120 5189 1390 5244 levissime
1412 5188 1752 5257 signiticavit.

178 5283 541 5341 Consularem
588 5283 849 5337 duntaxat
889 5281 1061 5343 illum,
1093 5280 1195 5335 hoc
1240 5289 1322 5334 est
1369 5280 1625 5333 ὑπατικόν
1658 5295 1755 5334 ex-

177 5389 366 5435 tremo
413 5377 505 5430 lib.
535 5391 646 5429 xvtt
695 5374 960 5429 nominat.
996 5372 1220 5428 Constat
1269 5380 1447 5425 autem
1501 5385 1617 5434 eos,
1663 5371 1756 5440 qui

172 5467 531 5524 consulatum
586 5465 751 5520 semel
805 5466 858 5520 in
906 5464 1013 5518 vita
1065 5463 1391 5534 gessissent,
1442 5462 1758 5516 consulares

173 5558 444 5626 deinceps
477 5555 799 5626 appellatos,
832 5555 910 5610 uti
938 5555 1312 5624 triumphales,
1342 5554 1754 5625 quialiquando

173 5647 636 5718 triumphassent.

258 5737 446 5794 Tertio
481 5736 705 5793 Herodis
743 5738 937 5793 obitum
967 5737 1172 5792 biennio
1205 5744 1324 5791 ante
1357 5737 1622 5793 Christum
1658 5754 1755 5791 na—

1855 4553 2055 4622 ligitur.

1926 4644 2122 4698 Eodem
2171 4658 2334 4710 anno,
2371 4651 2427 4698 ut
2457 4639 2726 4712 Iosephus
2757 4639 2858 4694 H7
2893 4638 3100 4705 scribit,
3140 4636 3420 4707 Antipater

1855 4733 2174 4790 Phasaclunt
2219 4733 2605 4805 Hierosolymis
2646 4732 2886 4803 praeficit,
2923 4731 3119 4787 llerodi
3143 4729 3419 4785 Galilaeam

1855 4829 2161 4894 committit,
2181 4827 2283 4899 νέῳ
2310 4829 2484 4882 πάντα
2514 4827 2676 4880 πᾶσιν
2705 4824 2836 4878 ὄντι*
2877 4830 2935 4877 ιε’
2972 4822 3080 4893 γὰρ
3109 4820 3256 4892 αὐτῷ
3299 4821 3420 4887 ὲγε-

1854 4917 2000 4988 γόνει
2049 4916 2183 4986 μόνα
2228 4916 2343 4987 ἔτη.
2399 4913 2739 4970 Manifestum
2790 4914 2844 4966 in
2901 4924 3128 4965 numero
3162 4907 3417 4962 mendum

1853 5018 1970 5074 est;
1998 5008 2142 5077 quod
2164 5008 2391 5062 eruditis
2416 5007 2548 5062 viris
2570 5006 2840 5070 suboluit;
2870 5011 2924 5057 et
2947 5007 3022 5055 κε’
3053 5015 3150 5070 pro
3187 4999 3246 5053 ιε’
3275 4999 3416 5054 seri-

1855 5099 2112 5153 bendum.
2138 5097 2296 5151 Certe
2329 5105 2608 5152 cum-ante
2652 5107 2853 5149 annum
2901 5089 3064 5146 Urbis
3099 5087 3197 5143 691
3232 5094 3416 5142 natum

1855 5197 2065 5245 constet
2093 5186 2379 5249 Herodem,
2404 5200 2549 5241 anno
2591 5185 2686 5240 illo
2719 5184 2822 5239 707
2851 5183 3118 5238 decimum
3168 5189 3415 5234 octavum

1859 5280 2046 5336 saltem
2073 5278 2343 5348 attigerat.
2375 5277 2443 5329 At
2470 5291 2615 5340 vero.
2640 5289 2763 5344 qua:
2814 5281 2925 5328 toto
2973 5271 3065 5324 illo
3105 5282 3214 5322 xvtt
3247 5265 3420 5335 capite

1859 5371 1927 5425 ab
1960 5369 2166 5424 Herode
2208 5377 2355 5438 gesta
2395 5375 2784 5428 memorantur,
2830 5378 2936 5418 non
2980 5375 3205 5437 puerum
3253 5357 3422 5412 Hero-

1858 5462 2002 5525 dem,
2027 5459 2119 5514 sed
2143 5458 2398 5529 juvenem
2419 5457 2693 5511 exhibent.
2723 5454 2910 5524 Neque
2934 5452 3155 5507 dubium
3186 5457 3269 5504 est
3289 5447 3417 5518 quin

1859 5568 1958 5607 vos
1981 5551 2100 5606 νέου
2119 5549 2325 5604 virilem
2348 5547 2506 5602 etiam
2529 5554 2765 5612 aetatem,
2785 5544 2954 5602 multo
2977 5541 3147 5612 magis
3163 5540 3386 5610 juventu
3401 5567 3420 5580 -

1861 5654 1969 5698 tem
1997 5640 2280 5712 signiticet.
2317 5640 2430 5705 Qua
2460 5638 2668 5692 ratione
2700 5636 2894 5692 Saulus
2921 5634 3041 5690 Act.
3074 5647 3167 5697 vtt,
3197 5631 3422 5700 57,vsa-

1861 5734 1976 5799 via;
2006 5743 2248 5800 vocatur,
2274 5746 2378 5786 non
2412 5731 2555 5799 quod
2582 5729 2900 5787 vocabulum
2928 5725 3070 5786 istud
3101 5724 3334 5782 ferocem
3360 5734 3424 5776 eo
