3854 6316
473 393 586 457 919

1616 402 1961 460 AI’PENDIX
1999 405 2624 470 DISSERTATIONUM.

3634 418 3723 479 920

474 503 617 572 loco,
653 514 706 563 et
745 484 1004 565 audacem
1050 511 1305 568 declaret.
1340 514 1522 587 Friget
1569 519 1712 573 enim
1746 520 1862 575 haec
1890 520 2058 575 iuter-
2090 529 2139 585 Α
2169 523 2425 579 nimirum
2450 540 2596 579 anno
2620 524 2737 595 ipso
2766 539 2900 581 xvu.
2954 525 3160 584 Eodem
3183 542 3329 585 anno
3355 543 3493 591 xvnr
3516 531 3537 603 (
3551 532 3621 588 ait
3640 531 3720 589 Jo-

474 600 725 670 pretatio.
764 601 973 673 Quippe
1006 605 1131 660 licet
1163 608 1376 673 νεανίας
1418 610 1684 665 interdum
1729 627 1790 667 ea
1837 613 2057 669 notione

473 699 754 757 sumatur,
788 708 1065 763 nunquam
1100 703 1279 751 tamen
1306 698 1425 754 sine
1460 700 1803 755 substantive
1832 702 2052 773 aliquo;

469 789 596 850 puta
645 782 839 854 ἀνδρός
886 785 969 840 vel
1020 785 1201 855 λόγου,
1250 798 1353 845 etc.
1390 791 1547 861 Apud
1597 792 1801 849 Lucam
1835 796 2053 861 “1,14,

470 881 675 939 autem,
704 873 793 927 ubi
818 875 1065 931 absolute
1115 881 1356 948 ponitur,
1395 883 1625 952 idipsum
1654 897 1761 950 est,
1792 888 1938 956 quod
1972 889 2055 942 in-

469 970 681 1033 terpres
713 976 891 1021 noster
936 972 1223 1040 expressit,
1255 971 1576 1028 adolescens.
1612 974 1768 1046 Apud
1800 976 2054 1034 Censori-

469 1068 600 1108 num
628 1054 799 1111 Varro
823 1059 1214 1127 quadrifariam
1258 1064 1495 1121 hominis
1529 1075 1740 1122 aetatem
1783 1071 2049 1139 partitur;

466 1154 521 1200 et
549 1149 834 1215 pueritiam
873 1152 938 1206 ad
970 1167 1172 1209 annum
1202 1173 1301 1222 xv;
1339 1156 1465 1214 inde
1496 1159 1562 1214 ad
1599 1176 1706 1215 xxx
1738 1162 2052 1218 adolescen-

466 1239 599 1293 tiam
633 1240 837 1296 deﬁnit.

537 1329 666 1387 Post
714 1333 829 1389 haec
875 1351 905 1390 a
949 1335 1113 1393 Sexto
1142 1338 1359 1397 Cresare
1399 1343 1713 1417 Coelesyriae
1760 1349 2052 1418 pra-ficitur

467 1419 728 1490 Herodes,
757 1427 947 1483 eodem
999 1445 1162 1486 anno.
1195 1430 1369 1489 Credo
1420 1436 1732 1504 quindecim
1779 1456 2046 1494 annorum

466 1527 693 1582 puerum
754 1516 1037 1575 Romanus
1089 1521 1383 1591 imperator
1438 1530 1745 1598 στρατηγόν
1803 1528 2044 1589 faceret;

466 1615 588 1661 esto
622 1607 672 1661 id
704 1608 756 1662 in
793 1610 973 1679 priore
1001 1614 1248 1683 exemplo
1278 1623 1505 1685 paterno
1538 1619 1711 1688 possit
1758 1621 1928 1675 amori
1964 1621 2049 1676 in-

463 1695 863 1769 dulgentiaque
920 1702 1111 1760 tribui.
1145 1704 1364 1771 lterum,
1404 1718 1462 1763 ut
1510 1709 1671 1765 refert
1717 1726 1836 1782 cap.
1872 1713 1957 1777 19,
2016 1730 2046 1767 a

461 1786 629 1844 Bruto
659 1799 713 1845 et
742 1789 937 1848 Cassio
961 1794 1204 1864 ejusdem
1223 1798 1534 1871 Ctelesyrize
1568 1805 1873 1874 στρατηγός
1896 1822 2043 1860 crea-

462 1889 553 1933 tus
584 1889 687 1946 est,
727 1897 851 1937 cum
884 1886 1176 1953 mandatis,
1212 1896 1269 1943 ut
1299 1889 1600 1947 exercitum
1632 1892 1895 1949 adversus
1929 1896 2044 1950 Au-

459 1980 676 2038 gustum
712 1980 765 2027 et
824 1970 1119 2031 Antonium
1162 1979 1557 2049 conscriberet;
1614 1980 1754 2037 facta
1798 1986 2042 2053 potiundi

461 2060 609 2129 regni
642 2077 759 2132 spe,
798 2075 919 2133 post
950 2065 1292 2135 impetratam
1325 2071 1631 2127 victoriam.
1655 2072 1776 2140 Quo
1803 2085 2045 2146 tempore

459 2147 705 2208 Malchus
754 2153 930 2211 Arabs
976 2156 1321 2225 Antipatrum
1369 2178 1579 2218 veneno
1613 2166 1861 2232 necavit;
1894 2165 2044 2221 ideo-

457 2257 561 2312 que
586 2244 810 2313 jubente
851 2246 1045 2305 Cassio
1090 2250 1336 2308 Malchus
1363 2255 1432 2308 ab
1459 2254 1670 2312 Herode
1706 2266 1789 2313 est
1818 2258 2042 2316 interfe-

457 2342 599 2388 ctus.
623 2334 944 2406 Congruunt
968 2340 1083 2395 haec
1107 2356 1253 2398 anno
1288 2342 1449 2400 Urbis
1478 2345 1599 2415 712,
1631 2345 1850 2403 Juliano
1874 2364 2040 2419 quar-

458 2436 533 2482 to.
580 2424 890 2486 Secundum
936 2432 1339 2505 Philippensem
1384 2453 1621 2509 pugnam
1666 2440 1941 2498 Antonius
1986 2443 2037 2498 in

457 2519 671 2592 Syriam
723 2524 1021 2593 prolectus,
1070 2527 1394 2586 Phasaelum
1428 2540 1482 2586 et
1526 2531 1795 2590 Herodem
1848 2545 2041 2591 tetrar--

454 2614 587 2671 chas
609 2619 913 2685 constituit,
950 2622 1043 2675 καὶ
1073 2621 1182 2675 τῶν
1236 2624 1506 2678 Ἰουδαίων
1540 2627 1723 2692 αὐτοῖς
1753 2629 2037 2702 ἐπιτρέπει

456 2707 781 2779 πράγματα,
817 2710 1086 2784 Iosephus
1120 2715 1216 2770 lib.
1248 2733 1359 2785 ιιν,
1401 2732 1523 2789 cap.
1563 2718 1654 2774 2'5.
1687 2720 1903 2776 Accidit
1936 2722 2038 2779 hoc

452 2815 598 2853 anno
628 2798 791 2857 Urbis
822 2802 945 2872 715,
977 2804 1194 2862 Juliano
1221 2807 1276 2861 5.

524 2892 652 2948 Post
681 2908 803 2949 cum
836 2893 1019 2952 Parthi
1058 2899 1390 2972 Antigonum
1416 2902 1709 2959 Aristobuli
1753 2904 1813 2959 F.
1860 2907 1913 2961 in
1951 2922 2037 2964 re-

448 3001 616 3056 gnum
654 2989 1041 3056 restituisseut,
1081 2992 1321 3051 Herodes
1351 2996 1420 3050 ab
1464 2997 1533 3051 iis
1566 2999 1757 3068 pulsus
1802 2999 2031 3056 Romam

448 3075 517 3130 ad
567 3076 863 3133 Antonium
898 3089 951 3135 et
983 3080 1253 3137 Caesarem
1285 3083 1530 3154 confugit
1559 3104 1572 3139 :
1600 3101 1631 3139 a
1667 3087 1866 3156 quibus
1910 3103 2033 3157 pcr-

448 3169 760 3224 huruaniter
786 3184 1066 3240 exceptus,
1099 3185 1151 3228 et
1167 3177 1377 3230 senatui
1422 3178 1767 3244 conciliatus,
1804 3196 2026 3248 regnum

447 3259 681 3313 obtinuit
709 3275 773 3314 ex
801 3264 1278 3319 senatusconsulto
1299 3305 1313 3327 ,
1343 3266 1647 3337 Olympiade
1695 3268 1820 3333 181,
1851 3269 2030 3325 Domi-

447 3350 526 3402 tin
592 3350 820 3406 Calvino
866 3351 906 3405 ll
936 3363 989 3407 et
1011 3354 1199 3409 Asinio
1229 3355 1475 3414 Pollione
1497 3375 1665 3426 coss.,
1692 3377 1842 3418 anno
1867 3361 2028 3419 Urbis

448 3439 573 3505 714,
607 3440 823 3498 Juliano
846 3443 917 3507 6;
946 3462 1054 3515 quo
1082 3447 1242 3504 desiit
1268 3450 1593 3521 Olympiadis
1625 3453 1729 3508 184
1753 3470 1929 3510 annus
1955 3470 2029 3521 tv,

443 3541 501 3588 et
555 3534 821 3606 olympias
867 3538 969 3594 185
1022 3541 1206 3611 coepit.
1237 3541 1408 3597 Roma
1455 3545 1506 3598 in
1554 3545 1896 3602 Palaestinam
1939 3563 2029 3602 re-

445 3641 636 3683 versus
655 3627 896 3686 Herodcs
919 3646 1042 3686 cum
1068 3634 1339 3703 Antigono
1368 3636 1569 3691 bellum
1595 3640 1796 3707 gessit:
1827 3640 2047 3705 donec,

444 3720 737 3790 adjuvante
778 3724 957 3789 Sosio,
994 3735 1148 3795 capta
1183 3728 1315 3781 urbs
1337 3738 1438 3795 est,
1462 3738 1516 3783 et
1546 3731 1851 3801 Antigonus
1881 3736 2028 3790 occi-

445 3830 721 3877 sus,anno
740 3817 1054 3881 sabbatico;
1092 3818 1328 3889 Agrippa
1368 3830 1416 3874 ct
1441 3820 1672 3877 Canidio
1696 3824 2028 3889 Gallocoss.,

443 3907 740 3978 olympiad.
787 3908 911 3975 185,
961 3926 1150 3964 mense
1207 3912 1386 3978 tertio,
1442 3915 1505 3984 τῇ
1558 3915 1721 3987 ἑορτῇ
1775 3917 1873 3989 τῆς
1927 3934 2024 3987 νη-

446 4000 649 4063 στείας.
672 3999 768 4055 llic
790 4011 873 4056 est
902 4015 1081 4057 annus
1103 4002 1265 4059 Urbis
1290 4004 1412 4068 717,
1438 4004 1692 4063 Julianus
1724 4008 1787 4075 9;
1817 4009 2021 4079 olymp.

441 4089 547 4144 185
579 4105 757 4147 annus
791 4108 849 4147 ιιι
886 4092 1165 4159 desinens,
1198 4104 1251 4150 et
1300 4097 1477 4153 iuicns
1507 4116 1578 4164 tv,
1609 4100 1819 4170 periodi
1852 4100 2025 4157 Julia-

443 4199 527 4238 nae
550 4183 714 4251 4677,
742 4200 853 4255 quo
905 4189 1163 4242 currebat
1210 4189 1544 4257 sabbaticus,
1579 4193 1730 4262 cyclo
1782 4195 1924 4248 luna:
1965 4194 2021 4249 5.

439 4273 540 4329 Dio
572 4290 703 4331 vero
738 4276 876 4330 libro
910 4292 1034 4331 xu:
1067 4276 1441 4350 Hierosolyma
1476 4289 1632 4349 capta
1666 4298 1787 4337 esse
1833 4284 2024 4340 scribit

439 4382 586 4421 anno
629 4368 1003 4435 antecedente,
1029 4370 1258 4426 Claudio
1304 4382 1359 4426 et
1401 4371 1660 4428 Norbano
1706 4391 1876 4439 coss.,
1919 4376 2020 4432 Ju-

438 4460 587 4514 liano
614 4460 667 4514 8.
698 4460 803 4515 Sed
849 4462 1111 4518 sabbatici
1145 4464 1274 4518 anni
1319 4466 1604 4521 character
1634 4466 1872 4539 .losepho
1901 4470 2019 4525 suf-

437 4552 704 4621 fragatur.

510 4643 775 4713 Deinceps
814 4644 1020 4714 aliquot
1053 4645 1285 4704 Herodis
1332 4649 1460 4704 anni
1511 4652 1834 4707 nominatim
1867 4669 1895 4708 a
1927 4654 2019 4710 Jo-

434 4734 607 4805 sepho
637 4736 1040 4804 concipiuntur.
1069 4736 1246 4794 Veluti
1268 4740 1407 4796 libro
1447 4758 1535 4805 xv,
1579 4732 1795 4814 cap.'7,
1837 4762 2017 4802 annus

430 4826 641 4881 Actiaci
691 4827 883 4896 praelii,
913 4830 1005 4899 qui
1056 4838 1140 4885 est
1173 4830 1424 4889 Julianus
1458 4834 1545 4897 15,
1588 4833 1819 4894 Herodis
1862 4840 2015 4911 regni

429 4919 696 4989 septimus
754 4932 1006 4977 vocatur.
1050 4921 1180 4979 Item
1218 4924 1358 4980 libro
1411 4942 1501 4993 xv,
1541 4943 1659 4998 cap.
1706 4929 1791 4989 12,
1811 4932 2015 4989 mentio

429 5013 489 5067 fit
519 5012 647 5066 anni
683 5029 778 5066 xm
806 5011 1033 5070 Herodis
1070 5032 1082 5069 :
1124 5031 1298 5086 quem.
1320 5016 1584 5087 Keplcrus
1606 5035 1808 5075 annum
1843 5021 2014 5077 fuisse

428 5105 621 5174 prohat
643 5103 918 5159 lulianum
950 5106 1040 5171 9.1,
1070 5107 1236 5163 Urbis
1286 5107 1407 5163 729.
1441 5109 1512 5163 At
1544 5125 1664 5179 cap.
1710 5112 1796 5176 15,
1816 5113 2009 5168 decimi

428 5196 666 5263 septimi,
697 5196 781 5250 vel
815 5196 1010 5251 decimi
1053 5198 1228 5253 octavi
1261 5200 1540 5272 meminit,
1576 5202 1674 5272 τῆς
1708 5203 1873 5255 αὑτοῦ
1916 5203 2011 5275 βα-

429 5284 633 5349 σιλείας
664 5285 728 5349 ιζ’
761 5285 1121 5357 παρελθόντος
1162 5286 1336 5353 ἔτους,
1362 5289 1413 5344 id
1450 5300 1532 5344 est
1566 5290 1823 5346 inchoato
1852 5310 2005 5348 xvm.

425 5376 546 5443 Quo
578 5377 798 5447 quidem
832 5377 1097 5432 Zenodori
1131 5381 1483 5435 tetrarchiam
1508 5392 1700 5438 nactus
1728 5392 1830 5439 est.
1853 5386 2009 5455 Apud

426 5466 649 5523 Dionem
692 5471 743 5523 id
800 5470 999 5526 accidit
1047 5488 1191 5529 coss.
1240 5474 1471 5544 Apuleio
1526 5485 1578 5531 et
1633 5475 1809 5545 Silio;
1846 5476 2008 5535 Urbis

426 5560 548 5625 754,
580 5559 799 5616 Juliano
852 5562 942 5619 26.
986 5566 1257 5635 Keplerus
1289 5568 1344 5623 in
1397 5565 1629 5623 Herodis
1660 5584 1863 5625 annum
1893 5588 2003 5626 xvn

424 5651 669 5717 confert;
719 5656 949 5723 ideoque
999 5666 1124 5714 ante
1154 5657 1351 5727 Nisan;
1383 5660 1524 5715 unde
1574 5660 1802 5719 Herodis
1830 5680 2005 5721 annos

424 5743 718 5813 Josephum
750 5746 1024 5813 auspicari
1051 5760 1226 5819 putat.
1258 5752 1411 5817 Quod
1444 5752 1582 5807 nihil
1629 5764 1712 5809 est
1755 5770 1997 5812 necesse.

426 5833 562 5889 Nam
599 5834 956 5903 παρελθόντος
1012 5840 1105 5893 τοῦ
1142 5843 1293 5906 ἔτους
1351 5841 1413 5905 ιζ’
1446 5841 1663 5914 scripsit
1708 5844 1996 5917 Iosephus,

2160 616 2365 687 sephus
2400 632 2519 688 cap.
2557 617 2644 689 14)
2684 618 2941 689 templum
2973 619 3281 678 instaurare
3300 638 3591 694 aggressus
3616 634 3720 691 est;

2158 723 2321 778 quem
2359 725 2561 765 annum
2583 710 2853 765 decimum
2889 713 3139 783 quintum
3162 713 3303 769 libro
3332 729 3351 769 ι
3393 714 3609 771 Ἀλώσ.
3642 731 3722 786 ap-

2158 801 2342 870 pellat,
2375 817 2560 858 errore
2592 801 2978 870 librariorum,
3017 813 3077 858 ut
3104 805 3375 875 Keplerus
3416 806 3716 861 existimat:

2157 907 2318 961 quem
2353 901 2409 947 tu
2442 893 2684 948 consule.
2717 892 2982 948 Praeterea
3020 894 3114 949 lib.
3148 911 3239 949 xvt
3263 937 3279 963 ,
3318 911 3442 967 cap.
3476 897 3532 961 9,
3564 896 3721 952 Farsa-

2157 1001 2262 1039 reze
2290 984 2703 1041 :edillcationem
2757 986 3061 1040 absolutam
3100 987 3291 1043 scribit
3322 986 3554 1042 Herodis
3596 1005 3720 1045 anno

2157 1093 2355 1141 xxviii;
2386 1077 2588 1147 olymp.
2629 1077 2751 1133 192.
2786 1076 2843 1134 Si
2886 1094 2914 1132 a
2941 1076 3161 1133 Juliano
3182 1078 3215 1132 9
3236 1118 3251 1143 ,
3290 1076 3458 1135 Urbis
3486 1080 3607 1147 717,
3633 1081 3721 1136 ini-

2158 1169 2288 1223 tium
2322 1167 2548 1225 Herodis
2586 1168 2900 1231 deduxeris,
2935 1184 3113 1225 annus
3137 1170 3229 1236 28,
3255 1169 3512 1228 Julianus
3533 1174 3719 1241 erit56,

2158 1259 2319 1315 Urbis
2353 1260 2491 1329 7M;
2542 1276 2653 1330 quo
2701 1261 2867 1330 coepit
2896 1260 3216 1331 Iphiti767,
3248 1261 3366 1316 sive
3395 1261 3598 1333 olymp.
3634 1263 3721 1318 192

2154 1370 2331 1410 annus
2351 1354 2559 1409 tertius.
2576 1353 2803 1409 Demum
2834 1353 2927 1407 lib.
2951 1352 3717 1419 xvu,c.12,mortuusestlle-

2153 1448 2333 1511 rodes,
2364 1444 2691 1517 βασιλεύσας
2711 1444 2830 1518 μεθ’
2855 1446 2883 1498 ὃ
2916 1446 3012 1516 μὲν
3044 1444 3254 1498 ἀνεῖλεν
3289 1445 3618 1513 Ἀντίγονον,
3640 1446 3718 1515 ἔτη

2151 1541 2392 1610 τέσσαρα
2439 1539 2531 1591 καὶ
2594 1538 2919 1610 τριάκοντασ
2983 1536 3101 1607 μεθ’
3143 1537 3171 1590 ὁ
3210 1536 3410 1604 δὲτύπὸ
3456 1537 3719 1607 Ῥωμαίων

2151 1630 2517 1693 ἀποδέδεικτο,
2551 1630 2692 1683 ἑπτὰ
2724 1630 2817 1682 καὶ
2839 1628 3136 1701 τριάκοντα
3155 1648 3168 1659 ·
3204 1628 3337 1683 Cum
3370 1638 3637 1699 regnasset
3664 1629 3718 1683 ab

2151 1704 2405 1793 Antigoni
2425 1736 2545 1775 nece
2562 1737 2729 1775 annos
2761 1736 2948 1776 xxxrv.
2977 1718 3060 1774 Ex
3083 1737 3184 1791 quo
3221 1737 3339 1774 vero
3372 1737 3472 1776 rea:
3494 1738 3527 1774 a
3549 1720 3717 1774 Roma-

2153 1819 2234 1872 nis
2264 1826 2473 1871 creatus
2495 1825 2571 1871 est
2597 1830 2784 1870 xxxv"
2814 1830 2827 1866 :
2860 1813 3024 1885 paulo
3054 1824 3183 1869 ante
3218 1812 3455 1880 Pascha,
3483 1824 3544 1869 ut
3574 1831 3634 1870 ex
3660 1817 3708 1868 11

2152 1910 2326 1979 capite
2347 1909 2516 1980 liquet
2547 1924 2560 1960 :
2592 1922 2718 1963 cum
2745 1914 2903 1962 antea
2927 1906 3059 1961 luna
3087 1905 3387 1963 defecisset
3419 1924 3434 1960 :
3460 1910 3589 1980 περὶ
3614 1907 3714 1971 ἔτος

2148 2001 2546 2075 ἑϐδομηκοστόν
2576 2002 2700 2057 vitae
2732 2016 2842 2056 suae
2877 2017 2889 2051 :
2925 2015 3047 2071 cap.
3085 1999 3139 2053 8.
3171 1999 3360 2071 Itaque
3388 2002 3437 2056 si
3468 2018 3608 2056 anno
3634 2002 3714 2054 lu-

2146 2096 2294 2151 liano
2327 2094 2360 2150 6
2391 2110 2615 2166 regnum
2640 2110 2709 2149 ex
2740 2094 3223 2149 senatusconsulto
3258 2092 3510 2148 Herodes
3560 2092 3710 2161 impe-

2146 2187 2511 2241 travitzanno
2555 2184 2774 2240 Juliano
2796 2185 2885 2251 19.,
2920 2185 3085 2255 coepit
3130 2184 3217 2239 37.
3243 2184 3341 2239 Sin
3376 2186 3449 2239 ab
3470 2199 3611 2239 anno
3628 2182 3710 2237 Ju-

2144 2278 2291 2333 liano
2314 2278 2347 2334 9
2370 2278 2630 2333 inchoare
2664 2277 2856 2340 mavis,
2889 2277 3081 2333 eodem
3112 2275 3333 2331 Juliano
3351 2276 3450 2341 42,
3488 2277 3631 2349 regni
3652 2276 3709 2330 31

2144 2370 2358 2424 initium
2391 2370 2626 2439 sumpsit
2653 2386 2665 2421 :
2699 2369 2844 2439 quod
2874 2369 3034 2439 paulo
3062 2378 3251 2440 postea
3279 2369 3707 2440 disceptabimus.

2210 2458 2329 2514 Jam
2360 2475 2485 2515 cum
2512 2458 2752 2515 Herodes
2799 2474 3004 2514 annum
3053 2458 3295 2529 attigerit
3338 2458 3627 2528 septimum
3659 2470 3711 2509 ac

2143 2551 2505 2615 tricesimum,
2523 2566 2776 2623 magnam
2795 2550 2920 2606 inde
2940 2548 3179 2621 Josepho
3205 2550 3442 2603 Annales
3468 2549 3707 2605 invidiam

2141 2643 2378 2711 faciunt;
2409 2644 2556 2715 quod
2575 2645 2806 2700 istorum
2840 2659 3112 2699 annorum
3135 2643 3421 2698 exordium
3439 2656 3707 2713 perperam

2140 2738 2193 2792 iu
2226 2737 2504 2792 Julianum
2528 2746 2740 2792 sextum
2763 2737 3055 2793 contulerit
3080 2752 3287 2807 :eoque
3305 2737 3565 2799 maxime,
3581 2735 3706 2805 quod

2139 2844 2283 2885 anno
2320 2828 2481 2885 Urbis
2509 2829 2633 2896 702,
2666 2829 2872 2885 Caleno
2900 2838 2953 2885 et
2978 2830 3192 2886 Vatinio
3226 2845 3394 2896 coss.,
3420 2826 3706 2899 quindecim

2135 2937 2309 2978 annos
2328 2930 2491 2976 natus
2507 2921 2722 2977 dicatur
2739 2920 3001 2987 Herodes,
3020 2931 3376 2991 mortuusque
3392 2936 3540 2975 anno
3551 2918 3706 2975 aetatis

2134 3030 2303 3087 prope
2318 3031 2444 3069 Lxx.
2463 3012 2598 3069 Nam
2615 3014 2660 3070 si
2676 3014 2741 3069 ad
2760 3013 2867 3068 707
2878 3013 3046 3070 addas
3062 3013 3151 3080 54,
3174 3029 3352 3068 annus
3373 3012 3600 3068 Herodis
3614 3025 3705 3064 tu

2135 3109 2257 3164 iniit
2288 3124 2434 3164 anno
2474 3107 2639 3165 Urbis
2670 3107 2795 3174 761,
2829 3106 3045 3163 Juliano
3072 3108 3161 3174 55,
3188 3106 3637 3162 ωιεοϐιινίειίειιε
3656 3102 3701 3156 8.

2056 3225 2099 3282 ε
2134 3202 2507 3273 Aliundeergo
2522 3218 2704 3257 xxxvn
2731 3202 2805 3255 illi
2823 3202 2948 3257 anni
2967 3200 3266 3256 deducendi
3285 3208 3448 3254 sunt:
3470 3196 3700 3252 nimirum

2133 3295 2202 3351 ab
2217 3310 2281 3351 eo
2307 3310 2483 3360 anno,
2504 3300 2615 3365 quo
2646 3294 2866 3349 Actiaca
2897 3308 3076 3364 pugna
3110 3291 3430 3363 proﬂigatus
3458 3299 3540 3347 est
3562 3288 3699 3343 Anto-

2131 3386 2259 3443 nius
2278 3405 2292 3454 ;
2312 3388 2558 3452 Augusto
2587 3383 2676 3452 Ill,
2699 3396 2752 3441 et
2768 3385 2996 3441 Messala
3023 3384 3413 3455 coss.,olymp.
3438 3382 3557 3446 187,
3575 3394 3699 3435 anno

2133 3495 2171 3534 ιι
2205 3494 2218 3529 :
2264 3477 2380 3544 Quo
2396 3493 2460 3532 ex
2490 3486 2719 3547 tempore
2735 3475 2964 3531 Herodis
2985 3475 3111 3529 anni
3135 3476 3405 3529 numerari
3431 3484 3699 3544 creperum;

2127 3578 2405 3639 propterea
2478 3568 2617 3640 quod
2658 3585 2777 3622 cum
2823 3569 3093 3639 Augustus
3141 3582 3206 3622 ea:
3262 3564 3697 3621 senatusconsulto

2133 3663 2451 3728 rescidissel,
2484 3663 2740 3732 iri-itaque
2769 3661 3092 3715 reddidisset
3114 3675 3231 3731 qnw
3266 3661 3331 3714 ab
3366 3661 3593 3714 Antonio
3620 3675 3692 3728 ge.

2130 3766 2215 3812 sta
2235 3766 2411 3822 erant,
2441 3773 2545 3811 non
2575 3756 2727 3810 licuit
2764 3754 2969 3809 Herodi
2996 3771 3119 3808 suos
3152 3770 3317 3808 annos
3346 3770 3616 3809 numerare
3639 3754 3693 3804 ab

2128 3866 2187 3906 eo
2212 3859 2464 3919 tempore,
2502 3866 2604 3921 quo
2633 3849 2699 3903 ab
2730 3850 2964 3903 Antonio
2998 3864 3219 3919 regnum
3249 3850 3453 3917 accepit
3482 3864 3499 3901 :
3527 3846 3611 3901 sed
3637 3845 3690 3897 ab

2129 3953 2187 3992 eo
2208 3939 2407 4008 potius,
2438 3955 2540 4009 quo
2562 3940 2628 3991 ab
2652 3937 2913 4009 Augusto,
2939 3946 2989 3992 et
3017 3953 3082 3991 ea:
3106 3938 3562 4016 senatusconsulto
3586 3951 3690 3988 ntr-

2126 4046 2217 4085 sus
2265 4030 2404 4084 idem
2452 4029 2587 4084 illud
2640 4046 2856 4103 regnum
2888 4031 3109 4100 adeptus
3141 4040 3237 4086 est.
3280 4029 3407 4086 Haec
3462 4028 3684 4084 Annales.

2127 4118 2261 4187 Quae
2289 4136 2397 4176 non
2425 4122 2607 4177 minus
2629 4136 2839 4188 secum,
2871 4136 3035 4194 quam
3067 4137 3193 4177 cum
3221 4121 3463 4177 historia:
3488 4120 3687 4176 veritate

2128 4219 2391 4283 pugnant.
2420 4211 2539 4269 Non
2562 4213 2712 4267 enim
2752 4223 3119 4270 consentanea
3150 4214 3252 4269 ista
3279 4222 3409 4268 sunt
3434 4230 3449 4270 :
3485 4209 3687 4267 Herodis

2123 4302 2431 4359 initiumab
2454 4319 2520 4360 eo
2557 4314 2799 4376 tempore
2829 4306 3116 4370 deducere,
3145 4319 3255 4374 quo
3285 4305 3338 4358 in
3380 4305 3600 4375 gratiam
3628 4301 3685 4355 ab

2124 4393 2373 4463 Augusto
2402 4402 2657 4464 receptus
2687 4404 2791 4460 est,
2821 4410 2945 4451 cum
2979 4396 3031 4449 in
3055 4394 3307 4450 Rhodum
3351 4397 3418 4449 ad
3449 4410 3569 4449 eum
3600 4406 3684 4446 na-

2126 4486 2361 4556 vigasset
2390 4503 2403 4539 :
2433 4495 2487 4542 et
2527 4487 2673 4543 hunc
2694 4504 2894 4543 annum
2935 4504 3054 4544 esse
3094 4488 3273 4558 ipsum
3299 4503 3561 4552 asserere,
3590 4502 3681 4555 quo

2054 4583 2097 4637 D
2126 4579 2305 4634 victus
2327 4587 2411 4634 est
2445 4579 2510 4633 ad
2547 4580 2762 4635 Actium
2790 4580 3083 4644 Antonius,
3115 4580 3362 4650 Augusto
3390 4577 3457 4632 ιιι
3488 4589 3539 4635 et
3562 4577 3680 4631 Mes-

2123 4666 2237 4721 sala
2270 4683 2416 4723 coss.
2459 4665 2602 4735 Non,
2628 4670 2873 4739 inquam,
2901 4668 3091 4724 eodem
3134 4683 3299 4733 anno,
3345 4684 3458 4738 quo
3484 4669 3675 4723 Actiaca

2118 4757 2350 4813 victoria
2378 4760 2627 4831 contigit,
2658 4758 2823 4816 Urbis
2855 4759 2978 4827 725,
3008 4761 3102 4815 sed
3136 4760 3384 4830 sequenti
3407 4759 3676 4815 721Hcro-

2119 4848 2217 4904 des
2248 4850 2496 4920 Augusto
2530 4852 2919 4907 recanciliatus
2973 4862 3072 4907 est.
3101 4851 3235 4907 Nam
3273 4863 3395 4923 post
3422 4854 3672 4910 Actiacam

2098 4939 2327 4995 'cladem
2383 4942 2681 4998 Antonium
2717 4944 2943 5000 minime
2976 4945 3256 5012 destituit;
3320 4949 3413 5003 sed
3471 4949 3524 5002 in
3571 4946 3673 5016 ejus

2117 5032 2221 5087 fide
2252 5035 2590 5101 permansit:
2652 5035 2815 5105 idque
2862 5036 3027 5090 etiam
3061 5038 3202 5107 apud
3234 5040 3533 5110 Augustum
3571 5038 3669 5109 glo-

2100 5123 2289 5178 'riatus
2318 5133 2427 5191 cst,
2457 5125 2519 5177 τὸ
2572 5126 2694 5196 μηδ’
2722 5127 3024 5197 ἡττηθέντα
3057 5128 3153 5201 τὴν
3185 5131 3242 5183 ὲν
3283 5132 3479 5205 Ἀκτίῳ
3514 5132 3668 5203 μάχην

2114 5216 2452 5281 καταλίπετε),
2482 5217 2618 5288 μηδὲ
2647 5220 3063 5291 συμμεταϐῆναι
3091 5225 3208 5286 ταῖς
3234 5223 3667 5295 ἐλπίσι,φανερῶς

2094 5307 2213 5378 ἥδη
2244 5308 2676 5381 μεταϐαινούσης
2706 5310 2807 5380 τῆς
2840 5311 3009 5383 τύχης
3038 5354 3053 5376 ,
3079 5315 3155 5392 ait
3186 5313 3453 5386 Josephus
3480 5318 3566 5372 lib.
3588 5332 3662 5375 ιν,

2111 5410 2230 5465 cap.
2273 5396 2356 5452 10.
2391 5396 2572 5464 Quare
2600 5415 2745 5455 anno
2766 5401 2985 5457 demum
3024 5402 3182 5459 Urbis
3212 5405 3334 5474 724,
3356 5405 3564 5461 Juliano
3591 5406 3660 5467 lli.

2111 5486 2178 5540 ab
2206 5487 2457 5558 Augusto
2488 5501 2682 5561 praeter
2720 5508 2871 5564 spem
2913 5511 3136 5567 regnum
3180 5496 3254 5551 illi
3287 5498 3656 5557 conﬁrmatum.

2108 5586 2162 5631 ct
2192 5589 2416 5636 senatus
2467 5582 2687 5639 decreto
2738 5587 3153 5643 corroboratum
3205 5598 3289 5645 est
3324 5607 3338 5645 :
3374 5605 3478 5646 non
3504 5591 3568 5645 ita
3593 5599 3658 5642 ta-

2109 5684 2255 5737 men,
2289 5679 2349 5725 ut
2388 5686 2587 5725 novum
2621 5674 2746 5729 inde
2777 5677 2929 5747 regni
2967 5675 3192 5733 Herodis
3226 5678 3443 5734 initium
3486 5676 3654 5749 repeti-

2108 5772 2221 5817 tum
2278 5763 2475 5833 fuerit;
2510 5768 2655 5835 quod
2706 5768 2756 5823 ei
2814 5784 3095 5840 nunquam
3149 5772 3427 5842 Augustus
3464 5770 3649 5843 eripuit.

2109 5853 2264 5919 Quod
2293 5856 2336 5911 si
2365 5859 2491 5912 anni
2523 5859 2599 5913 illi
2624 5876 2805 5916 sxxvu
2843 5863 2909 5917 ab
2937 5864 3170 5921 Actiaca:
3200 5865 3369 5923 cladis
3409 5883 3539 5923 anno
3566 5879 3650 5920 ιιιιο
