3854 6310
155 391 254 453 321

1333 391 1422 446 DE
1461 391 1650 449 ANNO
1683 391 1945 450 NATALI
1985 391 2280 450 CHRISTI.

3303 359 3306 364 ’
3339 377 3448 436 ses

154 502 411 563 merandi
453 503 663 573 forent;
689 513 1020 577 postremus,
1055 507 1161 564 hoc
1191 516 1274 564 est
1314 510 1624 568 tricesimus
1664 527 1754 569 se-
1783 515 1830 575 Α
1861 511 1969 582 ljar
1998 511 2199 567 Juliani
2227 510 2509 583 sequentis
2553 506 2744 565 ordiri.
2766 502 2923 572 Quod
2955 501 3001 559 si
3035 514 3226 558 verum
3251 505 3399 554 esset
3427 539 3444 564 ,
3486 570 3488 573 ι

157 598 390 668 primus,
414 613 526 652 non
558 597 626 651 ab
652 613 800 653 alrno
827 599 1065 670 vulgaris
1096 615 1219 656 aera!
1243 611 1458 667 octavo,
1492 604 1585 659 sed
1618 619 1764 660 nono

155 688 416 742 inchoari
465 687 692 753 debuit;
751 687 968 745 Juliano
1015 691 1103 747 52.
1139 691 1379 749 Tametsi
1411 694 1543 749 illud
1579 695 1764 750 animo

154 778 519 849 repetendum
551 794 563 829 :
600 796 804 836 annum
840 781 1016 848 illum,
1049 784 1143 854 qui
1175 783 1227 838 in
1279 785 1578 842 Antiatibus
1609 797 1762 842 octa-

155 883 259 922 vus
289 883 321 920 a
363 865 545 922 Natali
580 867 784 925 Christi
807 871 1029 936 dicitur,
1050 889 1172 929 serae
1189 872 1520 931 Christiana:
1543 886 1760 932 sextum

153 973 303 1023 esse,
340 967 398 1012 et
426 974 635 1013 nonum
664 960 851 1026 istum,
885 964 1217 1033 septimum;
1255 965 1308 1020 id
1338 966 1487 1036 quod
1521 981 1585 1021 ex
1610 967 1765 1021 bien-

155 1051 235 1104 nii
262 1051 391 1106 labe
424 1053 707 1119 manavit,
739 1053 805 1110 de
826 1070 937 1125 qua
969 1072 1136 1126 supra
1167 1056 1764 1127 disputavimus.Unde

157 1159 225 1198 ex
255 1143 558 1199 Annalium
603 1149 892 1215 sententia,
936 1147 1170 1205 Herodis
1224 1151 1406 1207 obitus
1459 1151 1515 1205 in
1558 1167 1763 1206 annum

157 1236 536 1295 conferendus
566 1249 648 1295 est
677 1239 956 1295 lulianum
982 1242 1072 1305 59.,
1111 1242 1194 1298 vel
1222 1242 1312 1307 55,
1346 1245 1392 1300 si
1423 1244 1761 1313 septuagesi-

158 1345 314 1383 mum
342 1330 668 1400 expleverit.
710 1331 876 1403 Atqui
904 1333 1063 1402 lunge
1102 1344 1226 1389 ante
1257 1335 1359 1390 hoc
1404 1344 1616 1405 tempus
1658 1334 1764 1390 He-

157 1423 325 1477 rodes
355 1423 516 1478 obiit.
571 1412 783 1479 Etenim
825 1425 1158 1491 Archelaus,
1213 1427 1308 1497 qui
1355 1435 1478 1498 post
1508 1425 1765 1497 {parentis

158 1523 410 1574 mortem
440 1515 739 1572 ethnarcha
763 1517 833 1572 ab
863 1516 1112 1589 Augusto
1143 1517 1322 1574 factus
1347 1527 1450 1585 est,
1505 1532 1651 1573 anno
1675 1533 1762 1573 re-

158 1604 250 1674 gni
319 1604 410 1659 sui
462 1620 609 1659 nono
635 1607 931 1672 inchoato,
995 1617 1055 1664 ut
1109 1623 1175 1665 ex
1227 1609 1468 1679 Josepho
1520 1610 1615 1665 lib.
1648 1626 1758 1664 xvu

159 1691 482 1763 0rig.,cap.
512 1693 602 1759 15,
631 1703 684 1749 et
707 1709 743 1748 ιι
785 1696 1151 1768 Ἀλώσηρειρ.
1182 1698 1265 1762 ll,
1295 1709 1463 1769 patet,
1494 1699 1760 1756 Viennam

1865 618 2053 674 posset
2092 604 2233 660 idem
2261 611 2316 658 et
2339 603 2405 658 ad
2431 600 2635 656 Tiberii
2653 613 2718 653 ac
2746 595 2980 667 Philippi
3023 605 3199 648 annos
3229 602 3448 645 accom—

1865 696 2076 751 modari
2115 713 2129 748 :
2168 694 2506 765 proindeque
2535 688 2740 746 Tiberii
2789 689 2998 757 primus
3028 699 3094 740 ex
3137 688 3320 737 mente
3349 677 3448 733 Jo-

1865 787 2019 857 sephi
2046 787 2115 843 ab
2143 787 2249 857 Ijar
2287 785 2414 840 an’ni
2436 783 2637 839 Juliani
2661 781 2731 836 60
2761 777 3033 835 iucundus
3061 780 3241 838 esset,
3280 778 3334 825 et
3362 768 3446 822 vi-

1865 880 2106 936 cesimus
2139 879 2208 933 ab
2259 876 2368 947 ljar
2397 875 2603 931 Juliani
2634 873 2730 939 79;
2775 886 2840 926 ac
2886 867 3118 936 denique
3156 863 3364 933 primus
3395 869 3449 915 et

1865 971 2160 1026 vicesimus
2190 969 2258 1024 ah
2283 969 2385 1039 ljar
2405 966 2607 1022 Juliani
2634 965 2704 1020 80
2734 985 2745 1019 :
2781 969 2904 1017 ante
2933 972 3093 1028 quem
3117 953 3301 1010 obitus
3327 950 3449 1005 Phi-

1866 1063 1996 1132 lippi
2034 1062 2413 1132 conjiciendus
2447 1065 2616 1125 esset,
2653 1069 2798 1111 anno
2839 1049 3084 1122 ejusdem
3125 1058 3308 1100 xxxvu
3334 1043 3446 1112 jam

1864 1157 2080 1225 expleto
2112 1154 2308 1224 :cujus
2335 1152 2545 1223 primus
2585 1164 2763 1204 annus
2784 1145 2852 1200 ab
2899 1143 3004 1212 ljar
3029 1139 3231 1194 Iuliani
3258 1135 3330 1190 4'5
3369 1134 3451 1188 in-

1864 1239 2152 1304 choandas
2211 1245 2416 1299 fuerit:
2452 1241 2670 1297 tametsi
2712 1236 2954 1292 llerodes
2975 1245 3118 1287 anno
3143 1226 3449 1298 superiore,

1867 1341 1970 1396 hoc
2003 1348 2088 1395 est
2114 1339 2183 1392 42
2210 1334 2542 1399 decesserit;
2575 1338 2865 1402 propterea
2892 1321 3038 1394 quod
3073 1319 3311 1375 maxima
3337 1315 3450 1386 jam

1865 1431 2060 1486 aﬂ'ecta
2090 1430 2218 1486 anui
2249 1429 2319 1482 42
2343 1436 2516 1498 parte,
2544 1432 2598 1478 et
2621 1430 2742 1492 post
2785 1417 2891 1488 ljar
2930 1413 3217 1484 Philippus
3258 1414 3453 1462 tetrar-

1864 1525 2045 1582 chiam
2077 1523 2255 1578 adiit:
2291 1522 2524 1590 ideoque
2549 1515 2618 1570 ab
2654 1513 2762 1584 ljar
2804 1515 3065 1579 sequente
3103 1504 3314 1575 primus
3346 1513 3450 1554 nu-

1867 1615 2066 1672 merari
2100 1615 2284 1684 etrapit.

1945 1709 2052 1765 Sed
2083 1724 2146 1762 ea
2173 1682 2523 1775 computandi
2554 1698 2716 1763 ratio,
2746 1709 2911 1764 quam
2938 1688 3178 1759 Josepho
3209 1682 3454 1775 Scaliger

157 1785 448 1856 relegatus
483 1795 602 1852 est;
638 1787 802 1857 idque
823 1787 924 1843 Dio
953 1789 1204 1845 evenisse
1233 1791 1424 1845 scribit
1445 1790 1516 1845 Μ.
1559 1791 1763 1863 Lepido
1797 1854 1837 1872 ,ἱ
1867 1801 2106 1872 aﬂingit,
2155 1773 2480 1854 auctoritate
2527 1799 2678 1848 caret
2724 1808 2737 1844 :
2782 1785 3064 1853 multoque
3103 1773 3456 1872 verisimilius

157 1884 215 1930 et
244 1854 313 1930 Li.
351 1876 620 1932 Arruntio
667 1854 837 1945 coss.,
884 1878 1101 1936 Juliauo
1130 1881 1219 1946 51,
1262 1881 1357 1952 qui
1391 1896 1570 1938 annus
1600 1854 1763 1938 morti
1797 1854 1839 1913 Β
1871 1854 2342 1949 ἐξι-Ῠυηυληθτδηᾱί
2417 1885 2633 1942 initium
2686 1882 2754 1936 ab
2818 1892 2884 1933 eo
2935 1873 3105 1928 Nisan
3160 1867 3303 1938 apud
3353 1863 3452 1919 «1οά

160 1967 406 2024 Herodis
433 1969 488 2024 in
519 1969 816 2025 Annalibus
845 1971 1156 2042 assignatur
1182 1990 1195 2026 :
1222 1987 1346 2027 cum
1379 1981 1548 2027 antex
1572 1985 1769 2039 annos,

157 2063 435 2117 nimirum
465 2060 682 2117 Juliaoo
703 2060 795 2126 42,
833 2070 1109 2117 mortuum
1150 2078 1272 2119 esse
1301 2054 1568 2118 Heredem
1597 2079 1766 2134 Opor-

160 2155 361 2218 tuerit,
411 2155 456 2210 si
499 2153 803 2210 Archelaus
836 2170 891 2209 ιι
941 2154 1010 2209 ab
1063 2155 1155 2208 illo
1203 2169 1378 2209 annos
1436 2153 1762 2224 impleverit.

162 2245 319 2301 Idem
348 2253 405 2299 et
446 2259 513 2299 ex
544 2243 776 2313 Philippi
809 2243 1119 2310 tetrarchae,
1150 2243 1377 2299 Herodis
1412 2244 1766 2315 lilii,imperio

163 2336 356 2408 colligi
382 2345 578 2405 potest.
615 2333 714 2390 Hic
745 2335 891 2390 enim
929 2345 1153 2391 auctore
1177 2334 1438 2405 Josepho,
1472 2336 1565 2390 lib.
1605 2352 1764 2403 xvm,

164 2444 296 2500 cap.
332 2427 391 2490 6,
419 2427 651 2482 moritur
679 2442 825 2481 anno
860 2425 1062 2482 Tiberii
1090 2444 1193 2494 xx;
1247 2428 1535 2497 imperavit
1584 2437 1764 2482 autem

167 2534 359 2573 annos
396 2534 604 2574 xxxv".
637 2517 840 2573 Tiberii
883 2534 1048 2588 porro
1075 2519 1286 2589 primus
1335 2519 1456 2574 iniit
1497 2533 1642 2574 anno
1669 2517 1765 2575 Ju-

168 2611 326 2666 liano
354 2610 462 2677 59;
494 2610 789 2666 vicesimus
837 2619 1040 2672 autem,
1093 2609 1312 2666 Juliano
1343 2609 1409 2665 78
1443 2629 1456 2665 :
1501 2627 1610 2682 quo
1646 2611 1768 2679 qui-

170 2703 325 2766 dem,
357 2703 439 2756 vel
471 2703 742 2773 sequenti,
772 2700 1056 2773 Philippus
1079 2703 1235 2759 obiit.
1264 2701 1443 2772 Cmpit
1469 2703 1637 2772 igitur
1670 2701 1768 2756 Ju-

1869 1985 2100 2055 sephum
2130 1979 2350 2044 deduci,
2382 1978 2477 2049 qui
2517 1973 2750 2030 Herodis
2792 1966 3082 2055 exordium
3131 1954 3454 2017 antecessit,

1867 2051 2030 2146 quam
2063 2073 2133 2128 ah
2155 2087 2222 2128 eo
2264 2083 2474 2135 mense,
2508 2067 2597 2136 qui
2635 2070 2862 2120 secutus
2903 2065 3004 2112 est.
3139 2057 3451 2146 quanquam

1870 2132 2152 2236 Scaligero
2180 2161 2552 2218 concedamus
2575 2155 2792 2218 omnia,
2827 2147 3060 2220 pessime
3094 2141 3144 2197 is
3177 2132 3455 2236 tamennde

1867 2224 2100 2314 Herodis
2123 2255 2286 2310 annis
2316 2254 2423 2308 hoc
2457 2248 2621 2304 modo
2655 2243 3018 2301 ratiocinatus
3040 2231 3317 2290 est:Licet
3343 2224 3452 2280 He-

1869 2326 2020 2406 rodes
2063 2367 2094 2403 a
2119 2357 2304 2402 senatu
2350 2360 2443 2398 rex
2479 2342 2655 2410 factus
2686 2338 2753 2391 sit
2798 2331 2943 2404 cyclo
2989 2329 3074 2394 19,
3118 2325 3214 2377 hoc
3248 2327 3324 2374 est
3355 2314 3457 2370 Ju-

1867 2442 2014 2496 liano
2043 2439 2099 2506 6,
2133 2437 2340 2508 periodi
2370 2433 2487 2488 Jul.
2515 2429 2682 2496 4674,
2715 2435 2888 2480 tamen
2917 2416 3204 2488 Josephum
3235 2425 3338 2464 non
3370 2421 3457 2509 or-

1867 2535 1975 2590 diri
1998 2548 2166 2588 annos
2200 2528 2453 2592 Herodis,
2480 2524 2588 2579 nisi
2622 2538 2654 2575 a
2695 2519 2896 2578 Nisan,
2929 2512 3006 2568 vel
3040 2509 3161 2578 Ijar
3193 2508 3455 2574 sequentis

1869 2625 2021 2688 anni,
2054 2621 2201 2693 cyclo
2233 2636 2272 2674 ι.
2304 2617 2438 2672 Cum
2477 2621 2678 2675 autem,
2710 2600 2938 2676 Josepﬁo
2985 2611 3135 2693 teste,
3172 2609 3336 2650 annos
3368 2605 3457 2644 so—

1869 2714 2010 2769 lidos
2077 2688 2263 2766 xxxv"
2320 2703 2639 2776 regnaverit,
2694 2714 2760 2753 eo;
2817 2709 2919 2766 quo
2973 2688 3457 2776 declaratusurex;

173 2795 329 2850 liano
355 2795 468 2850 42:
531 2808 643 2865 quo
680 2794 844 2849 etiam
903 2811 1049 2851 anno
1097 2793 1318 2864 eclipsis
1372 2793 1463 2849 illa
1519 2794 1765 2865 contigit,

1878 2823 2031 2862 mw
2063 2820 2205 2865 vero,
2249 2773 2442 2868 eosque
2486 2793 2709 2858 solidos,
2748 2806 2781 2844 a
2814 2785 2981 2856 captis
3016 2799 3049 2837 a
3077 2779 3229 2874 Sosio
3274 2773 3460 2874 Hiero-

175 2889 347 2960 Ρθυιο
372 2897 500 2943 ωηο
522 2862 766 2955 asella;
797 2902 940 2958 quin:
965 2862 1234 2942 “Scribit
1261 2883 1556 2956 JOSBPhuS»
1595 2862 1768 2941 Heio‘
1870 2896 2119 2969 solymis;
2156 2862 2438 2948 decesserit
2471 2901 2588 2940 vero
2644 2890 2767 2936 ante
2800 2876 3032 2938 Pascha,
3070 2868 3302 2969 nondum
3339 2862 3459 2969 Ιζιξτ

175 2954 267 3036 dis
294 2988 537 3035 mortem
563 2954 874 3036 anteceSsit.
907 2979 1038 3046 Qua:
1061 2979 1269 3043 omnia,
1299 2954 1432 3033 utet
1468 2979 1572 3033 alia
1597 2980 1771 3049 plera-

1878 2954 2124 3048 inst'ante',
2155 2983 2247 3054 qui
2282 2981 2386 3050 fuit
2408 2978 2650 3049 princeps
2673 2970 2931 3026 mensium
2959 2973 3184 3032 tempore
3203 2954 3457 3055 J-qsephli':

177 3090 290 3147 que
317 3075 531 3131 erudite
559 3091 590 3130 a
618 3073 850 3131 Dekerio
894 3043 1108 3139 nostro,
1165 3081 1218 3128 et
1268 3070 1501 3142 Keplero
1541 3043 1770 3127 demon-
1875 3043 2500 3149 manifegio'cot'ligit‘ur,
2543 3043 2788 3136 proximo
2834 3057 2954 3128 Ijar
2990 3067 3189 3109 annum
3231 3043 3457 3149 Herodis

179 3174 434 3222 strantur
507 3180 610 3222 nos
640 3165 894 3237 privatim
925 3181 989 3221 ac
1021 3165 1312 3236 diligenter
1361 3179 1596 3220 excussa
1630 3165 1762 3220 deli-
1799 3199 1842 3258 ο
1879 3183 2084 3226 xxxvut
2117 3166 2374 3220 initurum
2411 3145 2594 3230 fuisse,
2621 3155 2712 3226 qui
2742 3154 3067 3258 revera-erat
3097 3137 3460 3258 xxxtx'aitf:

183 3259 319 3315 hare
372 3256 466 3316 hic
535 3236 761 3315 necesse
793 3259 1107 3314 habuimus.
1799 3236 1842 3258 υ
1874 3263 1969 3316 bus
1997 3257 2212 3315 rusticis.
2241 3255 2430 3323 Itaque
2449 3251 2545 3304 hoc
2570 3247 2724 3300 modo
2754 3241 2992 3338 Herodes
3013 3236 3295 3338 decesserit

253 3342 462 3402 Verum
492 3348 640 3419 quod
672 3348 738 3404 ad
769 3365 944 3406 annos
974 3351 1206 3424 Philippi
1235 3361 1464 3424 spectat,
1490 3366 1612 3408 cum
1647 3367 1768 3408 eum
1874 3353 2010 3425 ευσιὶ
2054 3366 2146 3406 χιχ
2182 3318 2394 3408 exacto,
2441 3342 2613 3412 primo
2651 3338 2886 3439 ineunte.
2929 3325 3170 3439 Suhjici't

179 3439 462 3511 Iosephus
487 3415 793 3498 decessisse
843 3443 1036 3499 scribit
1061 3415 1585 3511 annoTiberii'xx,
1620 3458 1775 3497 mcn-
1879 3415 2106 3505 ὁηιηὺιο
2153 3441 2319 3510 igitur
2381 3434 2616 3490 Herodes
2661 3429 2884 3484 decessit
2939 3437 3079 3478 anno
3124 3415 3348 3518 lunt-iano
3389 3415 3461 3518 αἰᾼῦ

181 3507 335 3587 dum.
351 3546 472 3587 esse
501 3533 734 3587 videtur.
760 3531 895 3588 Nam
943 3545 1195 3592 mortuus
1231 3549 1315 3593 est
1344 3507 1625 3606 Philippus
1654 3544 1774 3605 post
1874 3543 1996 3590 ante
2043 3507 2242 3595 Νίκα-ιι,
2279 3527 2425 3599 ενείθ
2467 3525 2608 3578 tum”
2643 3521 2815 3589 Primo
2857 3518 3091 3578 meume’
3127 3507 3263 3610 ἧψε.
3297 3516 3459 3610 ’ξψξοζ

183 3624 537 3679 consulatum
566 3622 790 3690 Vitellii,
844 3627 940 3696 qui
999 3628 1303 3683 secundum
1353 3593 1504 3684 hunc
1526 3593 1772 3699 .Syriam
1873 3626 2076 3698 periodi
2096 3593 2332 3678 Juliame
2362 3617 2528 3673 47l5.
2565 3613 2682 3678 Quo
2713 3611 2877 3666 ειὶαηι
2908 3620 3046 3699 ("illo
3081 3595 3289 3699 εεξίρδίδ

184 3715 597 3771 administravit
619 3756 634 3780 ,
685 3726 742 3772 ut
777 3688 976 3773 auctor
1023 3729 1107 3774 est
1136 3718 1427 3790 Josephus.
1476 3722 1546 3775 At
1577 3688 1772 3774 Vitellii
1874 3688 2093 3786 contigit
2122 3710 2376 3767 Januarii
2404 3723 2500 3762 vm
2535 3705 2590 3758 in
2618 3700 2764 3772 cyclo
2793 3696 3092 3792 emendum,
3124 3688 3457 3792 {Muf‘rﬁj'

185 3804 534 3871 consulatus,
563 3820 723 3875 quem
753 3820 877 3861 cum
908 3805 1077 3862 Fabio
1100 3786 1320 3864 Persico
1344 3806 1542 3878 gessit,
1572 3821 1774 3861 conve«
1831 3829 1845 3841 ο
1878 3813 1934 3864 in
1962 3807 2108 3879 cyclo
2139 3805 2346 3859 vitioso.
2381 3799 2488 3855 Sed
2515 3797 2737 3866 eclipsis
2780 3793 2886 3848 ista
2916 3786 3162 3879 Januarii
3197 3794 3232 3879 Ξ
3259 3786 3462 3879 ccli-Vs:

185 3897 272 3950 nit
298 3911 446 3952 anno
471 3866 634 3953 Urbis
659 3899 786 3966 787,
813 3899 1030 3956 Juliano
1065 3900 1162 3968 79,
1217 3917 1329 3971 quo
1345 3866 1544 3955 "desiit
1572 3898 1775 3955 Tiberii
1882 3902 1964 3957 nit
1992 3866 2066 3955 vin
2102 3897 2258 3970 cyclo
2293 3893 2605 3950 emendato.
2643 3888 2841 3943 Verum
2883 3889 2999 3936 tota
3035 3866 3462 3974 haecScaling

187 4005 284 4054 xx,
309 3998 366 4044 et
391 4007 485 4045 ιιι
509 3991 695 4061 capit.
732 3992 856 4048 Ideo
872 4009 979 4047 non
1006 4003 1132 4048 ante
1158 3967 1476 4063 seqtientem
1497 3993 1778 4063 Philippus
1881 3967 2435 4057 cullectiovimplicata
2468 3997 2534 4037 ac
2562 3978 2857 4035 falsissima
2881 3979 2986 4027 est.
3035 3967 3244 4063 Etenim
3270 3970 3462 4063 illis“?

186 4081 350 4137 obiit.
379 4053 626 4153 Scaliger
658 4083 752 4137 lib.
780 4100 832 4149 v,
861 4100 984 4154 pag.
1021 4053 1559 4151 ιδδωέειηεηάαμ,
1591 4053 1775 4156 negt..-
1883 4084 1963 4139 vis
1993 4082 2187 4138 demus
2207 4053 2362 4144 illud,
2392 4074 2536 4144 quod
2563 4077 2906 4139 nequaquam
2938 4053 3320 4156 $0P‘ff’di',“‘fff
3356 4056 3465 4156 ff"

189 4179 324 4233 dum
353 4175 474 4230 sine
506 4146 616 4231 nilo
638 4175 804 4232 dubio
818 4146 1015 4256 censet
1044 4177 1280 4249 εἰκοστῷ
1310 4177 1404 4231 καὶ
1431 4146 1693 4248 δευέέρῷ,
1721 4185 1776 4232 ut

1879 4191 2012 4231 num
2047 4171 2280 4227 Herodis
2306 4167 2544 4238 primum
2581 4161 2649 4216 ab
2687 4159 2796 4228 ljar
2829 4152 2959 4209 anni
2993 4146 3194 4202 Juliani
3239 4148 3462 4256 vurn‘u‘:

187 4273 279 4323 est
309 4266 454 4336 apud
497 4264 779 4322 Ruﬁnum.
822 4236 1098 4322 Vitellium
1131 4222 1277 4323 enim
1301 4268 1580 4336 consulem
1596 4222 1779 4324 rfuisse
1881 4264 2201 4322 merandum
2226 4275 2378 4326 esse;
2419 4254 2784 4320 eumdemque
2825 4255 3012 4336 regem
3041 4247 3224 4292 xxxvu
3259 4222 3465 4336 solidos

189 4373 341 4414 anno
371 4357 577 4413 Tiberii
615 4375 705 4426 xx,
736 4357 956 4416 Juliano
983 4361 1085 4428 80;
1128 4361 1361 4416 missum
1406 4375 1538 4415 vero
1588 4359 1642 4414 in
1677 4358 1780 4414 Pa-
1882 4373 2056 4414 annos
2105 4353 2374 4424 explesse.
2423 4350 2569 4422 quod
2616 4356 2793 4413 ιιθειυε
2833 4332 3104 4435 ξοδθΡΪΨδ
3132 4323 3467 4435 ᾼῆῗξθῗξξλῗι

191 4448 462 4506 laestinam
488 4460 612 4520 post
651 4408 1031 4516 consulatum;
1065 4408 1175 4520 quo
1214 4460 1457 4522 tempore
1495 4447 1779 4519 Philippus
1883 4447 2052 4521 eratis
2087 4465 2116 4500 ιι
2156 4408 2436 4514 Scaligero
2477 4439 2739 4511 ponitur;
2771 4429 2864 4524 sed
2900 4434 2959 4524 ut
3003 4422 3078 4524 ita
3121 4408 3467 4524 ess‘eucret‘l:

190 4541 348 4606 obiit,
380 4511 602 4596 Juliano
637 4542 728 4597 81.
760 4511 1028 4597 Βεάυοιίέ
1054 4511 1238 4596 x-xxvu
1274 4511 1435 4596 annis
1475 4511 1782 4595 tetrarchia:
1816 4542 1859 4597 Β
1884 4511 2034 4604 inus,
2071 4511 2353 4605 nunquam
2385 4541 2570 4587 tamen
2603 4523 2835 4581 Herodis
2859 4512 3170 4606 tricesimus
3195 4511 3466 4606 septimus

190 4632 452 4704 Philippi,
479 4633 865 4704 relinquuntur
897 4633 1026 4688 anni
1059 4648 1186 4688 xuv
1214 4631 1452 4689 absoluti
1497 4649 1511 4686 :
1548 4629 1685 4685 adeo
1723 4636 1783 4682 ut

193 4741 295 4783 xcv
321 4724 612 4796 Philippus
649 4724 852 4780 inierit.
879 4723 996 4791 Qua
1028 4724 1082 4778 in
1118 4724 1533 4780 ratiocinatione
1575 4721 1779 4778 frustra

191 4828 276 4876 est
305 4817 573 4888 Scaliger.
621 4817 899 4888 Siquidem
923 4817 1246 4874 consulatus
1276 4815 1475 4871 Vitellii
1500 4831 1606 4873 non
1639 4827 1782 4867 anno

193 4910 414 4968 Juliano
469 4909 562 4978 80,
616 4909 712 4966 sed
748 4909 815 4966 79
845 4910 1127 4981 congruit;
1185 4908 1351 4964 Urbis
1403 4908 1528 4963 787.
1564 4905 1782 4961 Primus

193 5014 376 5060 autem
415 5002 671 5059 Julianus
707 5003 873 5073 cmpit
932 5002 1095 5059 Urbis
1123 5002 1247 5058 709.
1281 5000 1439 5070 Quod
1497 4999 1544 5055 si
1580 4996 1781 5052 Tiberii

193 5113 340 5153 anno
396 5111 514 5151 ml
565 5104 816 5152 mortuus
848 5106 932 5152 est
978 5095 1284 5166 Philippus,
1322 5094 1369 5150 is
1403 5090 1782 5148 eritJulianus

194 5190 281 5256 80,
314 5189 403 5244 vel
433 5189 496 5244 81
523 5205 538 5254 ;
579 5187 994 5257 itaqueJuliauo
1030 5188 1120 5256 45,
1151 5187 1235 5243 vel
1265 5187 1335 5241 44
1365 5201 1594 5258 regnum
1630 5183 1782 5239 adie-

194 5285 284 5339 rit.
327 5282 440 5339 Sed
469 5291 528 5336 ut
557 5297 840 5352 perperam
871 5282 1014 5352 apud
1043 5279 1342 5350 Josephum
1373 5292 1552 5334 annus
1591 5293 1658 5332 xx
1684 5290 1781 5347 pro

195 5391 310 5430 χιιι
369 5374 630 5444 irrepsit:
686 5373 758 5428 ita
791 5373 846 5428 in
887 5373 1048 5432 annis
1096 5371 1331 5443 Philippi
1363 5371 1553 5427 vitium
1601 5370 1785 5425 inesse

196 5481 396 5543 potest,
458 5478 519 5525 ut
555 5469 865 5541 Philippum
912 5468 1192 5540 scripserit
1245 5483 1454 5523 xxxvm
1504 5466 1668 5522 annis
1698 5479 1785 5520 re-

197 5577 415 5632 gnasse.
444 5559 581 5617 Nam
625 5562 768 5632 apud
791 5561 1049 5617 Ruﬁnum
1079 5560 1360 5631 depravati
1391 5560 1607 5616 numeri
1630 5565 1780 5623 sunt,

197 5663 250 5710 et
278 5653 519 5725 Philippi
554 5671 735 5712 annus
764 5672 876 5711 χιιι
903 5671 1002 5727 pro
1036 5671 1184 5710 xxvu
1220 5655 1435 5727 legitur.
1471 5654 1614 5709 Idem
1651 5653 1786 5708 Sca-

197 5747 334 5818 liger
359 5746 594 5804 Herodis
635 5762 812 5804 annos
842 5740 1140 5819 Josephum
1169 5748 1447 5804 existimat
1473 5763 1583 5802 non
1612 5763 1639 5799 a
1684 5744 1786 5799 Ju-

198 5835 345 5894 liauo
375 5837 493 5904 illo,
523 5837 580 5892 in
610 5853 778 5909 quem
797 5838 915 5909 ejus
945 5838 1304 5909 primordium
1342 5836 1560 5905 incidit,
1594 5835 1687 5892 sed
1716 5836 1784 5891 ab

1887 4596 2170 4692 desinens,
2207 4596 2264 4682 et
2298 4625 2476 4681 iniens
2507 4618 2820 4676 tricesimus
2849 4618 3076 4699 octavus
3105 4602 3159 4656 in
3189 4596 3465 4699 Julian“?

1889 4721 1959 4776 45
1988 4688 2222 4787 incidet;
2256 4718 2351 4774 sed
2377 4718 2430 4772 in
2459 4716 2569 4771 44:
2607 4712 2653 4770 si
2689 4708 2949 4765 nimirum
2999 4697 3064 4753 ad
3098 4709 3149 4746 vt
3202 4688 3468 4788 adieceris

1889 4831 2124 4871 xxxvul.
2167 4813 2304 4869 Nam
2337 4811 2654 4869 tricesimus
2706 4812 2933 4860 octavus
2986 4791 3204 4848 Juliauo
3247 4778 3470 4845 inetptet

1891 4909 1980 4966 Η.
2014 4907 2196 4976 Quare
2218 4917 2298 4962 est
2324 4907 2439 4961 haec
2467 4900 2701 4973 insignis
2727 4888 3032 4963 ἀλογιστία.
3066 4881 3179 4978 Nec
3201 4875 3292 4978 illa
3321 4875 3468 4978 cert:

1892 4957 2612 5072 QQ:qui'nlleuelau.3
2641 4957 2871 5046 Herodis
2897 4981 2956 5036 Ρ.
2985 4990 3128 5033 anno
3154 4968 3370 5072 lli-“ml?

1889 5063 2177 5150 exsulasse
2215 5089 2428 5151 scribit,
2460 5101 2586 5141 cum
2624 5099 2676 5136 tx
2709 5078 2916 5135 solidos
2952 5068 3235 5139 regnasset
3268 5063 3463 5150 annos.

1890 5184 2193 5240 Archelaus
2209 5181 2354 5236 enim
2375 5192 2542 5249 regno
2560 5183 2758 5229 exutus
2774 5176 2877 5230 est,
2916 5157 3118 5230 Lepido
3140 5158 3195 5249 et
3209 5151 3469 5249 to

1891 5235 2380 5340 coss—.Iut‘auctor
2418 5235 2503 5323 e2:
2548 5265 2672 5330 Dio,
2717 5271 2866 5316 anno
2906 5249 3130 5340 Iuliano
3165 5235 3471 5340 512‘C‘1‘Pl“

2083 5365 2305 5421 Juliano
2351 5359 2442 5415 42.
2493 5356 2651 5425 Quod
2697 5352 2743 5409 si
2788 5361 2933 5404 anno
2971 5338 3192 5396 Iuliano
3236 5329 3470 5439 45-,uquzo

1892 5429 2162 5514 Herodem
2195 5453 2439 5524 Scaliger
2470 5445 2779 5506 excessisse
2806 5443 2984 5511 putat,
3025 5437 3255 5524 regnum
3287 5429 3473 5524 auspi-

1891 5561 2052 5609 catus
2085 5558 2233 5607 esset
2273 5519 2599 5608 Archelaus,
2639 5547 2695 5595 et
2726 5551 2781 5591 Ix
2831 5529 3038 5588 solidos
3074 5519 3348 5618 explesset
3376 5523 3473 5618 an-

1894 5607 2018 5710 nos,
2053 5659 2162 5699 non
2203 5643 2250 5699 is
2292 5639 2512 5694 Juliano
2557 5607 2649 5700 53,
2684 5629 2777 5685 sed
2826 5624 2895 5682 54
2941 5619 3214 5710 relegatus
3249 5607 3468 5665 fuisset.

1892 5703 2120 5793 Par'est
2154 5731 2448 5792 oscitantia
2471 5771 2486 5797 ,
2523 5744 2649 5784 cum
2693 5721 2843 5779 addit
2882 5728 3086 5773 annum
3137 5703 3470 5804 illumtill‘lf

1895 5831 2087 5903 pulsus
2143 5837 2226 5885 est
2283 5823 2610 5890 Archelaus,
2663 5832 2787 5876 esse
2843 5813 2910 5869 ab
2966 5804 3189 5864 Actiaca
3242 5797 3472 5849 victoria
