3854 6310
374 326 379 331 ’
441 368 548 423 935

1586 357 1930 417 APPENDIX
1972 354 2476 418 DISSERTATION
2489 363 2529 419 l']
2542 361 2612 418 Μ.
3593 368 3678 425 911

438 499 648 539 xxxvu.
680 481 815 538 Nam
841 480 1115 554 Josephus
1152 482 1249 537 lib.
1276 496 1433 546 xvm,
1461 496 1580 551 cap.
1615 482 1670 545 3,
1702 479 2011 547 Quirinium
2043 478 2090 535 A
2120 493 2252 533 num
2306 480 2400 544 12,
2433 481 2517 534 vel
2566 480 2657 545 13,
2694 496 2725 535 a
2761 496 2871 552 quo
2910 482 2977 538 ad
3025 483 3117 550 16,
3162 483 3255 555 qui
3289 482 3562 540 Actiacam
3611 487 3678 541 vi-

439 574 691 631 Archelai
717 576 985 631 bonorum
1023 590 1251 630 censum
1292 573 1602 629 instituisse
1635 580 1842 635 narrat,
1873 584 2019 625 anno

443 681 629 721 xxxvu
656 675 777 737 post
799 666 1020 720 Antonii
1050 666 1257 720 cladem
1289 664 1357 718 ad
1388 663 1623 717 Actium.
1646 660 1723 715 Ex
1749 676 1814 715 eo
1838 660 2021 728 itaque

438 773 787 829 consequens
817 766 901 813 est
934 773 1039 811 non
1077 758 1146 811 55
1167 755 1409 819 Juliano,
1438 756 1531 811 sed
1565 755 1657 817 51,
1690 753 2019 808 Archelaum

440 849 639 904 exsilio
665 848 1007 903 damnatum.
1042 845 1177 900 Nam
1209 846 1430 901 Actiaca
1459 860 1639 915 pugna
1660 845 1724 899 ad
1745 842 2019 898 lulianum

445 938 513 993 15
545 938 813 1009 pertinet;
845 938 966 994 ideo
996 936 1217 992 Juliano
1248 938 1311 992 51
1347 938 1515 1007 coepit
1547 951 1755 990 xxxvu.

515 1054 693 1124 Atque
720 1054 835 1108 haec
863 1068 1120 1123 perversa
1148 1051 1385 1107 Herodis
1420 1066 1693 1106 annorum
1728 1049 2023 1105 subductio

443 1149 617 1202 multo
640 1148 693 1202 in
727 1147 965 1202 Eusebio
1004 1145 1323 1217 castiganda
1352 1145 1528 1216 magis
1560 1153 1666 1208 est,
1693 1159 1722 1197 a
1757 1159 1866 1213 quo
1891 1159 2019 1214 pro-

445 1239 587 1294 fecta
614 1241 851 1293 manavit
872 1239 925 1293 in
954 1246 1199 1293 caeteros.
1228 1236 1327 1291 Hic
1353 1237 1499 1291 enim
1529 1236 1584 1290 in
1611 1229 1888 1313 Chronicis
1912 1235 2023 1305 pri-

444 1346 596 1385 mum
642 1346 848 1385 annum
898 1331 1132 1401 Augusti
1184 1330 1338 1399 ponit
1384 1345 1544 1394 eum,
1580 1330 1673 1398 qui
1721 1337 1845 1398 post
1894 1326 2022 1383 Jhlii

442 1423 682 1479 Caesaris
712 1438 901 1478 necem
934 1421 1183 1492 proxime
1214 1421 1485 1490 sequitur,
1515 1420 1719 1489 quique
1744 1418 1906 1473 Urbis
1940 1427 2025 1474 est

447 1514 573 1579 711,
619 1512 873 1568 Julianus
917 1512 970 1577 3,
1020 1512 1346 1582 Olympiadis
1395 1511 1496 1566 181
1545 1512 1835 1566 secundus.
1883 1510 2021 1565 Tum

445 1608 777 1677 Antigonum
808 1614 1146 1675 postremum
1182 1619 1245 1659 ex
1282 1605 1620 1659 Asamonzeis
1654 1619 1835 1675 regem
1871 1619 2024 1658 mor-

446 1709 601 1755 tuum
633 1714 756 1753 esse
802 1698 936 1752 dicit
983 1712 1129 1751 anno
1178 1713 1207 1750 v
1251 1698 1517 1767 Augusti,
1563 1697 1768 1768 olymp.
1802 1697 1906 1752 185
1935 1712 2023 1752 se-

448 1791 669 1855 cundo;
704 1798 759 1844 ut
792 1791 843 1843 in
869 1788 1193 1859 quibusdam
1224 1775 1629 1859 exemplaribus
1661 1788 1887 1859 reperiri
1938 1798 2021 1842 te-

2123 570 2349 624 ctoriam
2379 572 2610 641 excepit,
2643 573 2770 627 anui
2794 583 2924 629 sunt
2957 584 3214 645 quatuor.
3762 580 3763 645 l

2195 658 2571 716 Concludatur
2600 677 2667 717 ex
2698 662 2922 733 Josephi
2953 675 3007 720 et
3033 664 3221 721 Dionis
3249 666 3530 729 sententia.
3555 682 3679 724 moro

2123 758 2282 805 tuum
2341 753 2615 808 Herodem
2668 754 2844 809 videri
2893 769 3039 809 anno
3065 755 3284 811 Juliano
3328 756 3419 812 42.
3472 757 3678 823 Quodsi

2124 856 2315 897 verum
2373 853 2498 909 est,
2561 843 2767 899 Natalis
2822 845 3024 901 Christi
3092 847 3148 901 in
3203 863 3409 903 annum
3462 849 3523 902 41
3574 866 3679 905 cum

2125 937 2375 1007 Dekcrio,
2401 942 2483 995 vel
2510 940 2587 995 40,
2609 958 2732 997 cum
2768 941 2999 1012 Keplero
3028 942 3393 999 conferendus
3421 946 3542 1010 erit,
3569 962 3678 1011 nou,

2128 1043 2185 1089 ut
2211 1035 2390 1106 vulgo,
2416 1035 2469 1089 in
2488 1035 2577 1089 65.
2596 1034 2673 1091 De
2694 1051 2805 1107 quo
2822 1037 3083 1091 attentius
3110 1037 3461 1107 cogitandum
3486 1053 3679 1099 censeo.

2128 1141 2229 1180 nec
2256 1126 2402 1181 illius
2431 1127 2711 1196 opinionis
2760 1127 3005 1184 [autores
3036 1130 3398 1197 accusandos,
3435 1130 3679 1185 damnan-
3768 1126 3771 1197 ἶ

2123 1216 2526 1285 dosqueautea,
2546 1233 2709 1288 quam
2726 1233 2915 1274 eorum
2930 1220 3268 1289 disceptatis,
3287 1234 3353 1274 ac
3368 1220 3683 1275 labefactans

2124 1309 2433 1365 rationibus
2452 1310 2759 1365 communis
2777 1310 3020 1382 Dionysii
3048 1312 3378 1367 aera‘certius
3405 1322 3678 1367 astruatur:

2124 1400 2270 1469 quod
2315 1415 2345 1455 a
2392 1402 2611 1456 nemine
2656 1403 2726 1457 ad
2779 1404 2922 1459 hanc
2966 1418 3140 1474 usque
3188 1406 3332 1460 diem
3372 1405 3529 1459 video
3579 1421 3682 1460 esse

2126 1493 2352 1560 factum,
2390 1511 2491 1551 nec
2523 1511 2552 1549 a
2586 1512 2671 1551 me
2705 1498 2949 1565 praestari
2977 1514 3161 1569 posse,
3191 1500 3428 1570 ingenue
3450 1515 3512 1555 ac
3533 1499 3681 1555 liben-

2126 1596 2207 1641 ter
2244 1588 2376 1656 proli
2386 1596 2519 1643 leor.
2626 1628 2632 1635 .
3114 1589 3119 1594 “

2445 1678 2763 1747 Explicatur
2794 1682 3080 1752 Epiphauii
3102 1684 3383 1737 sententia.

2201 1767 2357 1824 Nunc
2413 1769 2701 1841 Epiphauii
2750 1772 3058 1839 sententia,
3125 1774 3284 1843 cujus
3344 1772 3683 1843 intelligenda
3782 1767 3783 1823 ι

445 1895 621 1942 statur
647 1884 941 1947 Pontacus,
980 1885 1143 1952 idque
1177 1884 1354 1955 ipsum
1393 1885 1445 1938 in
1481 1884 1719 1938 editione
1766 1899 1861 1937 sua
1894 1881 2024 1938 Sca-

2136 1860 2301 1929 gratia
2333 1860 2449 1915 hmo
2481 1877 2509 1914 a
2551 1863 2709 1917 nobis
2757 1872 2841 1919 est
2891 1864 3139 1920 instituta
3182 1866 3505 1933 disputatio,
3545 1879 3683 1933 expo-

446 1979 583 2050 liger
610 1979 893 2048 amplexus
921 1986 1024 2032 est.
1055 1975 1150 2031 Est
1184 1977 1273 2031 hic
1309 1976 1471 2031 Urbis
1517 1976 1640 2038 715,
1678 1974 1931 2030 Julianus
1968 1976 2019 2029 7.

444 2072 515 2125 At
538 2072 591 2125 in
629 2071 750 2125 aliis
777 2070 1060 2125 codicibus
1086 2068 1368 2123 confertur
1406 2069 1536 2123 idin
1561 2084 1764 2122 annum
1791 2069 2021 2139 Augusti

447 2176 535 2227 Iv;
570 2162 623 2215 in
667 2162 789 2215 aliis
836 2176 986 2227 vero,
1040 2161 1107 2213 10
1141 2178 1152 2213 :
1190 2161 1335 2230 quod
1380 2168 1717 2228 postremum
1762 2171 2021 2228 tanquam

446 2253 683 2311 Eusebio
704 2255 877 2324 magis
907 2264 1362 2314 consentaneum,
1387 2260 1609 2309 secutus
1626 2263 1707 2307 est
1724 2252 2020 2307 Pontacus.

446 2348 913 2416 Quippe,mortuo
940 2346 1228 2416 Antigono,
1257 2344 1495 2400 Herodes
1515 2346 1737 2414 paciﬁce
1760 2344 2023 2413 regnavit,

446 2452 501 2495 et
532 2440 721 2494 eodem
754 2453 898 2492 anno
929 2453 1128 2491 novum
1153 2439 1301 2508 regni
1334 2438 1638 2507 auspicium
1666 2438 1871 2491 habuit.
1898 2436 2027 2491 Erat

449 2526 613 2583 Urbis
645 2544 824 2583 annus
870 2527 993 2591 720,
1038 2526 1291 2581 Julianus
1320 2529 1418 2592 1'2;
1467 2528 1719 2598 quamvis
1762 2529 1926 2583 etiam
1970 2528 2026 2582 in

447 2620 690 2676 editione
730 2619 957 2673 Pontaci
1000 2635 1120 2674 cum
1172 2620 1399 2689 Augusti
1448 2636 1501 2673 χι
1537 2621 1746 2689 primus
1793 2619 2024 2675 Herodis

448 2712 629 2775 ineat;
658 2710 752 2780 qui
783 2718 867 2764 est
905 2709 1066 2765 Urbis
1097 2707 1221 2774 721,
1248 2707 1501 2763 Julianus
1534 2709 1618 2762 15.
1645 2707 1720 2762 Ex
1752 2709 1855 2764 hoc
1890 2717 2025 2763 tem-

447 2818 579 2873 pore
614 2819 799 2856 χχχγιι
849 2802 1192 2873 reguiaunos
1221 2802 1433 2856 orditur
1460 2800 2022 2870 Eusebius;ejusdem

447 2912 578 2950 vero
615 2906 843 2950 mortem
880 2895 1126 2966 assignat
1171 2910 1317 2949 anno
1363 2894 1593 2963 Augusti
1642 2892 2022 2964 xr.vu,olymp.

448 2988 551 3042 194
575 3003 721 3041 anno
738 2996 955 3057 quarto,
976 2988 1045 3041 ab
1066 2987 1379 3042 Ahrahamo
1400 2987 1562 3050 2021,
1585 2987 1786 3043 Christi
1810 2988 2021 3057 quinto.

444 3077 813 3144 Quamobrem
860 3078 1231 3132 hallucinatur
1268 3077 1534 3147 Scaliger,
1571 3077 1666 3146 qui
1707 3093 1852 3131 anno
1880 3075 2024 3131 2019

2132 1953 2313 2007 nenda
2364 1955 2599 2007 videtur.
2644 1953 2794 2009 Hanc
2824 1958 2967 2011 enim
3020 1959 3354 2029 perobscure
3403 1957 3493 2012 ille
3548 1972 3680 2020 sane,

2126 2055 2291 2113 atque
2340 2033 2595 2113 impedite
2647 2047 2907 2102 declarat.
2942 2048 3151 2118 Quippe
3183 2064 3335 2104 num.
3383 2047 3684 2103 ﬁlimresis

2127 2134 2314 2203 hujus,
2359 2136 2637 2190 Christum
2671 2148 2869 2192 asserit
2899 2154 3043 2193 anno
3074 2139 3303 2208 Augusti
3352 2154 3465 2193 χιιι
3517 2149 3681 2193 uatum

2125 2242 2271 2290 esse,
2303 2225 2535 2281 Herodis
2567 2245 2723 2283 χχιιι.
2761 2228 2927 2299 Igitur
2966 2245 3159 2284 novem
3208 2232 3372 2285 annis
3426 2232 3684 2301 Augustus

2128 2317 2394 2374 Herodem
2422 2321 2733 2376 antecessit.
2762 2322 2867 2377 Sed
2894 2323 3091 2377 mirum
3119 2339 3281 2394 quam
3307 2325 3427 2378 haec
3457 2324 3685 2393 perplexe

2131 2411 2490 2467 demonstret.
2528 2411 2830 2483 lmperasse
2879 2424 3033 2484 putat
3070 2415 3380 2486 Augustum
3413 2416 3570 2469 anuis
3602 2430 3685 2467 xm

2128 2514 2419 2574 antequam
2452 2503 2634 2559 Juslaca
2669 2506 2883 2568 penitus
2912 2506 2979 2559 ad
3021 2505 3297 2561 Romanos
3343 2507 3643 2561 transiisset
3671 2523 3685 2558 :

2130 2615 2195 2655 ac
2237 2606 2359 2665 post
2390 2596 2605 2650 initium
2642 2597 2871 2667 Augusti
2900 2607 3136 2668 quatuor
3172 2598 3292 2667 plus
3322 2598 3508 2651 minus
3547 2597 3686 2650 annis

2127 2690 2348 2757 elapsis,
2408 2690 2548 2743 inter
2597 2687 2814 2745 Judmos
2868 2704 2931 2744 ac
2984 2688 3260 2744 Romanos
3317 2690 3610 2743 amicitiam
3642 2697 3686 2741 et

2128 2779 2441 2834 societatem
2486 2780 2857 2835 intercessisse
2894 2800 2905 2833 :
2954 2790 3066 2834 tum
3128 2796 3256 2835 vero
3291 2791 3684 2851 procuratorem

2131 2872 2463 2941 impositum,
2489 2889 2551 2927 ac
2574 2874 2903 2927 tributorum
2939 2875 3188 2927 nonnihil
3221 2874 3512 2937 indictum,
3534 2873 3686 2927 donec

2129 2964 2181 3017 in
2208 2963 2507 3018 Romanam
2536 2965 2794 3020 ditionem
2823 2964 3007 3020 Judaea
3032 2969 3247 3036 penitus
3279 2968 3500 3022 redacta
3534 2981 3592 3021 ac
3618 2982 3688 3018 ve-

2130 3056 2341 3126 ctigalis
2393 3066 2477 3111 est
2525 3057 2665 3111 facta
2701 3076 2714 3109 :
2746 3072 2869 3111 cum
2904 3056 3015 3125 jam
3044 3058 3315 3129 principes
3346 3058 3429 3112 illi
3459 3058 3526 3113 de
3560 3057 3686 3111 tribu

448 3169 500 3223 id
542 3170 611 3222 ab
660 3165 896 3222 Eusebio
938 3167 1105 3222 tribui
1155 3176 1363 3233 censet,
1398 3175 1453 3223 et
1499 3167 2019 3223 metachronismum

2136 3147 2262 3205 Iuda
2294 3150 2603 3217 desiissent,
2637 3159 2801 3220 atque
2834 3148 3073 3207 Herodes
3103 3151 3449 3222 peregrinus,
3500 3159 3552 3207 et
3575 3152 3686 3206 alie-

445 3275 569 3317 csse
589 3261 720 3316 dicit
752 3275 1019 3315 annorum
1041 3261 1225 3316 trium.
1246 3260 1450 3317 Verum
1474 3263 1521 3317 si
1551 3261 1638 3315 hic
1664 3276 1839 3317 annus
1857 3277 2022 3330 quar-

450 3361 539 3407 tus
580 3361 663 3406 est
707 3351 910 3421 olymp.
961 3351 1085 3417 195,
1120 3350 1352 3421 Augusti
1408 3367 1575 3418 χινιι,
1617 3367 1740 3406 eum
1781 3350 2022 3407 Herodes

448 3446 616 3515 paulo
652 3455 779 3499 ante
810 3444 1020 3499 Pascha
1057 3456 1310 3501 mortuus
1361 3446 1455 3510 sit,
1494 3455 1549 3501 et
1588 3445 1819 3519 Augusti
1875 3458 2018 3499 XLVII

448 3552 595 3592 anno
628 3535 829 3591 Juliani
875 3536 944 3592 49
973 3537 1086 3607 jam
1132 3537 1346 3591 labente
1394 3534 1538 3605 apud
1569 3534 1866 3591 Eusebium
1912 3550 2025 3590 cm-

449 3632 607 3700 perit,
638 3646 859 3686 necesse
887 3636 992 3697 est,
1030 3639 1091 3684 ut
1123 3645 1268 3684 anno
1296 3628 1495 3684 Juliani
1535 3628 1605 3684 50
1627 3628 1850 3683 ineunte
1899 3643 2024 3696 per-

450 3722 573 3778 ierit
610 3722 874 3787 Herodes;
911 3739 1036 3777 cum
1080 3738 1257 3777 annus
1295 3731 1527 3791 quartus
1563 3721 1667 3775 195
1701 3720 2026 3790 Olympiadis

449 3813 630 3867 adhuc
675 3813 1123 3881 decurreret,qui
1176 3820 1230 3866 et
1268 3810 1504 3865 Eusvbio
1551 3810 1845 3866 Abrahami
1884 3809 2018 3863 2021
2066 3818 2076 3828 ‘

451 3913 729 3959 censetur.
773 3902 933 3957 Certe
972 3903 1191 3971 quidem
1248 3902 1393 3956 2020
1438 3902 1630 3957 saltem
1677 3917 1799 3956 esse
1845 3901 2023 3955 debet.

452 3995 609 4051 Unde
646 3994 1143 4050 metachrouismus
1174 3995 1277 4049 erit
1307 4010 1371 4049 cx
1402 3994 1771 4065 Scaligeriana
1816 3994 2027 4048 ratione

451 4102 723 4143 annorum
778 4089 1079 4144 solidorum
1135 4089 1399 4159 quinque,
1458 4103 1566 4143 non
1612 4097 1792 4143 autem
1838 4087 2022 4142 trium.

452 4178 586 4235 Nam
613 4179 830 4235 Juliano
859 4181 928 4235 45
956 4190 1225 4236 mortuum
1254 4182 1424 4237 credit
1454 4180 1742 4237 Herodem.

522 4291 640 4346 Jam
666 4306 789 4345 cum
824 4290 963 4345 idem
991 4288 1232 4359 Scaliger
1258 4290 1297 4346 l.
1330 4305 1361 4344 v
1396 4289 1470 4344 De
1501 4290 1704 4345 emend.
1731 4290 2027 4360 Joseplium

450 4400 665 4439 errasse
701 4383 1051 4453 pronuntiat;
1098 4383 1245 4453 quod
1298 4400 1472 4438 annos
1507 4382 1736 4439 Herodis
1782 4399 1968 4437 xxxvu
1999 4399 2029 4437 a

457 4476 678 4530 Domitii
733 4485 787 4529 et
820 4475 997 4529 Asinii
1027 4476 1316 4530 consulatu
1348 4476 1586 4539 deducit,
1613 4476 1818 4531 erroris
1846 4475 2030 4545 potius

456 4566 572 4635 ipse
592 4567 954 4621 convincitur.
994 4566 1128 4622 Nam
1164 4566 1455 4639 Joscplms,
1492 4578 1630 4623 utex
1660 4569 2033 4638 superioribus

458 4659 649 4727 liquet,
686 4674 872 4713 secum
918 4660 1145 4713 mirilice
1187 4652 1462 4715 coasentit
1501 4678 1515 4715 :
1559 4670 1613 4715 et
1660 4659 2031 4715 Eusebianum

458 4751 611 4805 ilium
649 4752 1173 4806 metachronismum
1202 4753 1501 4821 redarguit,
1528 4768 1651 4806 cum
1681 4754 2031 4823 perspicuum

458 4843 527 4895 sit
554 4841 820 4897 Herodem
871 4844 1030 4911 longe
1072 4852 1196 4898 ante
1240 4843 1515 4899 Julianum
1552 4845 1621 4899 50
1656 4847 1939 4901 occidisse.
1980 4848 2032 4902 lu

460 4935 752 4989 Annalibus
782 4951 892 4990 non
918 4936 1009 5000 50,
1035 4945 1091 4991 ιιι
1119 4937 1262 5006 apud
1306 4936 1628 5003 Eusebium,
1663 4938 1756 4993 sed
1780 4938 1841 4994 51
1891 4956 2036 4996 anno

457 5026 677 5083 Juliano
705 5027 935 5084 Herodis
958 5030 1142 5084 obitus
1173 5032 1414 5099 ponitur,
1446 5046 1568 5085 aera}
1596 5032 1905 5089 communis
1936 5050 2030 5088 oc-

460 5130 607 5186 tavo,
634 5122 726 5193 qui
756 5132 943 5178 sextus
972 5123 1249 5178 numerari
1280 5123 1488 5178 debuit.

532 5236 608 5291 Ex
651 5237 718 5292 iis
742 5246 1003 5307 praeterea
1025 5238 1222 5307 conjici
1246 5247 1444 5307 potest,
1468 5240 1597 5309 quid
1631 5240 1701 5295 sit
1734 5244 1877 5311 quod
1912 5242 2038 5313 Epi-

461 5326 697 5396 phanius
729 5327 783 5381 in
816 5328 1052 5383 obscura
1090 5328 1181 5382 illa
1228 5326 1460 5385 Herodis
1490 5345 1757 5386 annorum
1791 5333 2036 5388 declara-

463 5421 627 5483 tione,
656 5428 777 5487 post
801 5434 851 5473 Iv
883 5419 1031 5489 regni
1059 5419 1178 5489 ejus
1228 5436 1424 5487 annos,
1470 5420 1710 5477 Judzeam
1740 5425 1794 5477 in
1836 5424 2037 5480 Roma-

464 5520 658 5561 norum
692 5508 953 5563 ditionem
988 5509 1205 5578 penitus
1260 5512 1495 5565 cessisse
1518 5512 1683 5576 dicat,
1711 5526 2037 5586 secutosque

466 5612 591 5652 χχιχ
631 5611 830 5661 annos,
861 5600 996 5655 adeo
1040 5608 1100 5655 ut
1148 5616 1314 5655 χχχιιι
1367 5602 1586 5657 demum
1624 5602 1855 5661 llerodis
1890 5622 2035 5662 anno

463 5688 717 5745 Christus
746 5701 905 5745 natus
932 5691 1022 5746 sit.
1054 5690 1229 5747 Causa
1268 5694 1414 5748 enim
1446 5696 1561 5751 haec
1590 5705 1695 5762 est,
1726 5701 1871 5767 quod
1909 5717 2033 5755 cum

468 5781 705 5838 Eusebio
765 5781 994 5838 Herodis
1044 5786 1256 5840 initium
1291 5788 1513 5860 conjicit
1556 5792 1825 5849 inammm
1864 5796 2033 5853 Juliu-

2130 3241 2324 3312 uigeua
2356 3257 2583 3313 regnum
2620 3252 2964 3312 occupasset.
2996 3242 3127 3310 Qua:
3155 3245 3339 3298 omnia
3373 3244 3560 3314 (paulo
3584 3251 3687 3312 post

2130 3335 2325 3404 inquit)
2377 3335 2616 3405 perfecta
2646 3346 2795 3403 sunt,
2829 3354 2951 3392 cum
2989 3340 3057 3393 ab
3082 3348 3207 3392 ortu
3256 3338 3466 3415 Christi
3513 3337 3683 3406 cmpis-

2130 3435 2274 3490 seut,
2303 3441 2448 3480 anno
2469 3427 2699 3498 Augusti
2742 3445 2873 3491 xm,
2902 3430 2995 3499 qui
3023 3440 3076 3483 et
3105 3444 3281 3483 nonus
3303 3438 3423 3482 erat
3454 3443 3484 3482 a
3512 3441 3687 3497 procu-

2131 3516 2343 3570 ratione
2365 3515 2657 3587 Antipatri,
2676 3534 2797 3572 cum
2824 3518 3040 3575 Judreos
3068 3520 3207 3573 inter
3226 3528 3278 3572 et
3302 3517 3576 3572 Romanos
3598 3532 3685 3586 pax

2130 3616 2183 3662 et
2210 3606 2443 3662 Societas
2477 3616 2639 3671 esset,
2675 3626 2738 3663 ac
2763 3610 2875 3678 jam
2921 3618 3175 3679 quartum
3204 3622 3410 3661 annum
3457 3615 3691 3677 regnaret

2132 3696 2393 3753 Herodes.
2429 3698 2714 3753 Postremo
2736 3711 2854 3769 post
2891 3706 3130 3770 quatuor
3156 3698 3387 3753 Herodis
3418 3714 3605 3760 annos,
3642 3708 3687 3749 et

2134 3790 2375 3860 quinque
2423 3791 2840 3859 procurationes
2888 3791 3181 3861 Antipatri,
3239 3789 3461 3845 demum
3520 3788 3685 3843 Judaaa

2134 3880 2351 3950 penitus
2382 3880 2640 3936 Romanis
2671 3889 2756 3935 est
2782 3880 3043 3950 subjecta,
3088 3896 3264 3950 usque
3291 3881 3357 3935 ad
3384 3897 3553 3935 xxxm
3599 3877 3687 3934 He-

2136 3971 2285 4026 rodis
2321 3988 2546 4036 annum,
2586 3974 2677 4043 qui
2702 3983 2785 4028 est
2814 3973 3043 4044 Augusti
3072 3988 3201 4040 xui,
3235 3988 3356 4028 cum
3392 3990 3522 4027 χχιχ
3548 3972 3685 4025 annis

2135 4063 2409 4133 vectigalis
2438 4065 2660 4118 omnino
2695 4062 2900 4119 fuisset.

2208 4151 2319 4209 Hac
2346 4152 2631 4224 Epiphauii
2663 4156 2907 4208 oratione
2936 4155 3143 4209 nullum
3177 4152 3436 4226 Sphingis
3481 4154 3687 4223 muigma

2135 4248 2449 4319 perplexius
2480 4263 2600 4302 esse
2631 4257 2783 4316 puto.
2820 4246 2922 4301 Sed
2951 4249 3052 4302 hoc
3094 4257 3274 4302 tamen
3307 4248 3537 4303 voluisse
3561 4246 3687 4299 vide-

2138 4348 2226 4393 tur
2260 4358 2271 4391 :
2305 4339 2611 4409 Augustum
2642 4339 2816 4409 primo
2848 4355 2943 4393 χιιι
2974 4339 3131 4392 annis
3159 4339 3476 4408 imperasse,
3510 4336 3687 4408 quibus

2139 4430 2383 4483 nondum
2406 4427 2591 4483 Judma
2620 4445 2843 4499 prorsus
2870 4429 3243 4484 Romanorum
3274 4429 3499 4501 imperio
3523 4441 3688 4483 cesse-

2066 4542 2108 4597 D
2139 4531 2224 4576 rat
2259 4541 2272 4575 :
2305 4537 2368 4575 ac
2394 4530 2515 4591 post
2545 4530 2782 4590 quatuor
2812 4522 3024 4593 priores
3054 4537 3227 4577 annos
3253 4522 3503 4593 Augusti,
3554 4518 3689 4573 Anti-

2138 4625 2351 4684 patrum
2382 4613 2761 4684 quiuquenuio
2786 4622 3191 4683 procuratorem
3214 4614 3418 4682 fuisse;
3443 4610 3687 4667 Herodem

2138 4708 2354 4773 deinde,
2405 4717 2693 4776 postquam
2748 4707 2817 4761 ab
2870 4707 3115 4777 Augusto
3171 4723 3397 4778 regnum
3452 4705 3682 4765 obtinuit,

2140 4810 2375 4869 quatuor
2398 4814 2573 4852 annos
2604 4798 2863 4853 tenuisse.
2892 4797 2972 4851 Ita
2999 4798 3136 4851 ﬁunt
3172 4799 3237 4853 ab
3290 4798 3518 4869 Augusti
3552 4796 3687 4851 initio

2141 4891 2268 4945 anui
2322 4906 2425 4945 xm
2454 4906 2468 4942 :
2502 4889 2694 4959 reliqui
2745 4897 2874 4943 sunt
2904 4905 3053 4953 χχιχ,
3101 4888 3301 4958 quibus
3357 4888 3581 4942 Romani
3604 4883 3688 4939 Ju-

2140 4986 2311 5041 dzeam
2360 4986 2579 5056 penitus
2617 4994 2975 5053 occuparunt.
3003 4999 3175 5054 usque
3203 4984 3270 5038 ad
3298 4984 3529 5055 Augusti
3569 4996 3683 5040 χιιι,

2142 5075 2372 5131 Herodis
2410 5094 2604 5140 χχχιιι,
2659 5092 2767 5147 quo
2807 5085 2965 5130 natus
3004 5084 3087 5130 est
3131 5074 3415 5130 Dominus.
3468 5074 3595 5129 Nam
3626 5072 3682 5126 ad

2142 5185 2239 5224 χιιι
2289 5170 2457 5224 additi
2510 5186 2642 5224 χχιχ
2676 5168 2973 5223 coniiciunt
3004 5182 3157 5221 XLII:
3195 5168 3488 5237 itidemque
3534 5166 3575 5221 si
3627 5161 3686 5217 ad

2146 5272 2383 5333 quatuor
2428 5261 2597 5316 addas
2632 5259 2917 5317 xxrx.ﬁent
2961 5274 3154 5314 χχχιιι.
3205 5256 3315 5313 Hos
3356 5267 3530 5312 autem
3572 5268 3683 5308 χχιχ

2143 5368 2317 5409 annos
2345 5352 2413 5407 ab
2431 5367 2497 5406 eo
2521 5349 2760 5414 deducit,
2778 5350 2869 5416 qui
2890 5350 3164 5404 Actiacam
3187 5350 3467 5404 victoriam
3489 5356 3686 5403 secutus

2140 5457 2241 5512 est,
2272 5446 2490 5502 Juliano
2522 5445 2726 5500 scilicet
2754 5444 2840 5509 16,
2874 5458 2903 5497 a
2934 5460 3042 5513 quo
3070 5443 3361 5498 vicesimus
3392 5457 3580 5505 nouus,
3612 5452 3683 5495 est

2139 5538 2389 5593 Julianus
2419 5538 2509 5605 44,
2544 5553 2652 5607 quo
2706 5547 2866 5591 natus
2897 5536 2965 5589 ab
2996 5535 3299 5605 Epiphanio
3328 5535 3573 5592 Christus
3601 5549 3682 5606 po-

2140 5633 2308 5695 nitur,
2342 5632 2584 5701 Augusto
2617 5645 2712 5683 χιιι
2751 5636 2804 5682 ct
2862 5627 3048 5682 Silano
3076 5642 3219 5682 coss.
3241 5625 3314 5681 Ita
3348 5628 3553 5697 quidem
3579 5626 3681 5692 Epic

2141 5724 2375 5792 phanius
2408 5722 2646 5776 miscens
2677 5720 2883 5783 omnia,
2932 5734 3030 5773 nec
3059 5719 3297 5774 historia:
3329 5721 3459 5774 satis
3486 5721 3677 5774 consul-

2142 5826 2246 5873 tus.
2281 5816 2372 5873 Est
2417 5815 2558 5870 enim
2594 5815 2789 5869 falsum
2823 5814 2875 5867 in
2907 5813 3478 5883 primis,Antipalrum
3506 5826 3678 5883 procu-

3758 348 3759 435 ι

3764 696 3765 761 l

3765 812 3767 930 ι
