  <div class='ocr_page' id='page_1' title='image "/cluster/home/n/w/nwhite01/storage/ocr_20150623/42/hvd.32044011752995/464.png"; bbox 0 0 3810 6216; ppageno 0'>
   <div class='ocr_carea' id='block_1_1' title="bbox 105 343 221 405">
    <p class='ocr_par' dir='ltr' id='par_1_1' title="bbox 105 343 221 405">
     <span class='ocr_line' id='line_1_1' title="bbox 105 343 221 405; baseline 0 -1"><span class='ocrx_word' id='word_1_1' title='bbox 105 343 221 405; x_wconf 77' lang='lat'><strong>925</strong></span> 
     </span>
    </p>
   </div>
   <div class='ocr_carea' id='block_1_2' title="bbox 1278 357 2218 422">
    <p class='ocr_par' dir='ltr' id='par_1_2' title="bbox 1278 357 2218 422">
     <span class='ocr_line' id='line_1_2' title="bbox 1278 357 2218 422; baseline 0.01 -10"><span class='ocrx_word' id='word_1_2' title='bbox 1278 357 1368 413; x_wconf 86' lang='lat' dir='ltr'><strong>DE</strong></span> <span class='ocrx_word' id='word_1_3' title='bbox 1410 357 1598 416; x_wconf 80' lang='lat' dir='ltr'><strong>ANNO</strong></span> <span class='ocrx_word' id='word_1_4' title='bbox 1632 357 1888 416; x_wconf 77' lang='lat' dir='ltr'><strong>NATALI</strong></span> <span class='ocrx_word' id='word_1_5' title='bbox 1921 362 2218 422; x_wconf 77' lang='lat' dir='ltr'><strong>CHRISTI.</strong></span> 
     </span>
    </p>
   </div>
   <div class='ocr_carea' id='block_1_3' title="bbox 3270 358 3376 418">
    <p class='ocr_par' dir='ltr' id='par_1_3' title="bbox 3270 358 3376 418">
     <span class='ocr_line' id='line_1_3' title="bbox 3270 358 3376 418; baseline -0.019 -1"><span class='ocrx_word' id='word_1_6' title='bbox 3270 358 3376 418; x_wconf 72' lang='lat'><strong>926</strong></span> 
     </span>
    </p>
   </div>
   <div class='ocr_carea' id='block_1_4' title="bbox 101 463 3376 546">
    <p class='ocr_par' dir='ltr' id='par_1_4' title="bbox 101 463 3376 546">
     <span class='ocr_line' id='line_1_4' title="bbox 101 463 3376 546; baseline 0.003 -25"><span class='ocrx_word' id='word_1_7' title='bbox 101 473 350 521; x_wconf 82' lang='lat' dir='ltr'><strong>ratorem</strong></span> <span class='ocrx_word' id='word_1_8' title='bbox 385 463 454 520; x_wconf 89' lang='lat' dir='ltr'><strong>ab</strong></span> <span class='ocrx_word' id='word_1_9' title='bbox 485 463 729 537; x_wconf 85' lang='lat' dir='ltr'><strong>Augusto</strong></span> <span class='ocrx_word' id='word_1_10' title='bbox 781 481 903 523; x_wconf 87' lang='lat' dir='ltr'><strong>esse</strong></span> <span class='ocrx_word' id='word_1_11' title='bbox 952 466 1156 524; x_wconf 82' lang='lat' dir='ltr'><strong>factum</strong></span> <span class='ocrx_word' id='word_1_12' title='bbox 1177 511 1192 537; x_wconf 91' lang='lat'><strong>,</strong></span> <span class='ocrx_word' id='word_1_13' title='bbox 1245 471 1490 542; x_wconf 86' lang='lat' dir='ltr'><strong>adeoque</strong></span> <span class='ocrx_word' id='word_1_14' title='bbox 1514 511 1530 538; x_wconf 95' lang='lat'><strong>,</strong></span> <span class='ocrx_word' id='word_1_15' title='bbox 1575 480 1698 542; x_wconf 87' lang='lat' dir='ltr'><strong>post</strong></span> <span class='ocrx_word' id='word_1_16' title='bbox 1725 476 1773 532; x_wconf 87' lang='lat' dir='ltr'><strong>A</strong></span> <span class='ocrx_word' id='word_1_17' title='bbox 1799 474 2039 541; x_wconf 88' lang='lat' dir='ltr'><strong>decreta,</strong></span> <span class='ocrx_word' id='word_1_18' title='bbox 2070 492 2193 546; x_wconf 84' lang='lat' dir='ltr'><strong>quae</strong></span> <span class='ocrx_word' id='word_1_19' title='bbox 2224 490 2290 533; x_wconf 91' lang='lat' dir='ltr'><strong>eo</strong></span> <span class='ocrx_word' id='word_1_20' title='bbox 2316 476 2439 532; x_wconf 85' lang='lat' dir='ltr'><strong>Ioco</strong></span> <span class='ocrx_word' id='word_1_21' title='bbox 2463 484 2979 534; x_wconf 81' lang='lat' dir='ltr'><strong>commemorantur.</strong></span> <span class='ocrx_word' id='word_1_22' title='bbox 3010 471 3376 546; x_wconf 79' lang='lat' dir='ltr'><strong>Posteaquam</strong></span> 
     </span>
    </p>
   </div>
   <div class='ocr_carea' id='block_1_5' title="bbox 108 553 1692 632">
    <p class='ocr_par' dir='ltr' id='par_1_5' title="bbox 108 553 1692 632">
     <span class='ocr_line' id='line_1_5' title="bbox 108 553 1692 632; baseline 0.006 -25"><span class='ocrx_word' id='word_1_23' title='bbox 108 563 354 623; x_wconf 90' lang='lat' dir='ltr'><strong>quatuor</strong></span> <span class='ocrx_word' id='word_1_24' title='bbox 385 553 598 624; x_wconf 87' lang='lat' dir='ltr'><strong>imperii</strong></span> <span class='ocrx_word' id='word_1_25' title='bbox 630 556 804 626; x_wconf 89' lang='lat' dir='ltr'><strong>ipsius</strong></span> <span class='ocrx_word' id='word_1_26' title='bbox 834 571 1030 620; x_wconf 88' lang='lat' dir='ltr'><strong>annos,</strong></span> <span class='ocrx_word' id='word_1_27' title='bbox 1061 568 1120 614; x_wconf 92' lang='lat' dir='ltr'><strong>ut</strong></span> <span class='ocrx_word' id='word_1_28' title='bbox 1161 575 1226 616; x_wconf 92' lang='lat' dir='ltr'><strong>ex</strong></span> <span class='ocrx_word' id='word_1_29' title='bbox 1280 562 1348 617; x_wconf 89' lang='lat' dir='ltr'><strong>iis</strong></span> <span class='ocrx_word' id='word_1_30' title='bbox 1373 571 1537 632; x_wconf 89' lang='lat' dir='ltr'><strong>patet,</strong></span> <span class='ocrx_word' id='word_1_31' title='bbox 1569 578 1692 632; x_wconf 61' lang='lat' dir='ltr'><strong>quae</strong></span> 
     </span>
    </p>
   </div>
   <div class='ocr_carea' id='block_1_6' title="bbox 103 642 1693 733">
    <p class='ocr_par' dir='ltr' id='par_1_6' title="bbox 103 642 1693 733">
     <span class='ocr_line' id='line_1_6' title="bbox 103 642 1693 733; baseline 0.006 -36"><span class='ocrx_word' id='word_1_32' title='bbox 103 658 276 733; x_wconf 78' lang='lat' dir='ltr'><strong>supra</strong></span> <span class='ocrx_word' id='word_1_33' title='bbox 316 659 346 700; x_wconf 92' lang='lat' dir='ltr'><strong>e</strong></span> <span class='ocrx_word' id='word_1_34' title='bbox 405 642 647 733; x_wconf 78' lang='lat' dir='ltr'><strong>.Iosepbo</strong></span> <span class='ocrx_word' id='word_1_35' title='bbox 702 649 1148 716; x_wconf 74' lang='lat' dir='ltr'><strong>perstrinximus.</strong></span> <span class='ocrx_word' id='word_1_36' title='bbox 1211 649 1346 706; x_wconf 87' lang='lat' dir='ltr'><strong>Nam</strong></span> <span class='ocrx_word' id='word_1_37' title='bbox 1407 652 1693 722; x_wconf 78' lang='lat' dir='ltr'><strong>Antipater</strong></span> 
     </span>
    </p>
   </div>
   <div class='ocr_carea' id='block_1_7' title="bbox 101 732 1692 815">
    <p class='ocr_par' dir='ltr' id='par_1_7' title="bbox 101 732 1692 815">
     <span class='ocr_line' id='line_1_7' title="bbox 101 732 1692 815; baseline 0.008 -28"><span class='ocrx_word' id='word_1_38' title='bbox 101 732 340 790; x_wconf 84' lang='lat' dir='ltr'><strong>Herodis</strong></span> <span class='ocrx_word' id='word_1_39' title='bbox 383 732 585 806; x_wconf 86' lang='lat' dir='ltr'><strong>parens</strong></span> <span class='ocrx_word' id='word_1_40' title='bbox 633 736 874 794; x_wconf 63' lang='lat' dir='ltr'><strong>Iudaeam</strong></span> <span class='ocrx_word' id='word_1_41' title='bbox 909 741 1294 798; x_wconf 89' lang='lat' dir='ltr'><strong>administrare</strong></span> <span class='ocrx_word' id='word_1_42' title='bbox 1335 745 1500 815; x_wconf 63' lang='lat' dir='ltr'><strong>etrapit</strong></span> <span class='ocrx_word' id='word_1_43' title='bbox 1545 759 1692 800; x_wconf 86' lang='lat' dir='ltr'><strong>anno</strong></span> 
     </span>
    </p>
   </div>
   <div class='ocr_carea' id='block_1_8' title="bbox 99 823 1688 904">
    <p class='ocr_par' dir='ltr' id='par_1_8' title="bbox 99 823 1688 904">
     <span class='ocr_line' id='line_1_8' title="bbox 99 823 1688 904; baseline 0.007 -27"><span class='ocrx_word' id='word_1_44' title='bbox 99 823 222 889; x_wconf 86' lang='lat' dir='ltr'><strong>illo,</strong></span> <span class='ocrx_word' id='word_1_45' title='bbox 251 840 363 893; x_wconf 90' lang='lat' dir='ltr'><strong>quo</strong></span> <span class='ocrx_word' id='word_1_46' title='bbox 389 824 568 881; x_wconf 81' lang='lat' dir='ltr'><strong>Julius</strong></span> <span class='ocrx_word' id='word_1_47' title='bbox 593 828 775 882; x_wconf 82' lang='lat' dir='ltr'><strong>Caesar</strong></span> <span class='ocrx_word' id='word_1_48' title='bbox 799 829 994 883; x_wconf 90' lang='lat' dir='ltr'><strong>bellum</strong></span> <span class='ocrx_word' id='word_1_49' title='bbox 1026 830 1454 887; x_wconf 87' lang='lat' dir='ltr'><strong>Alexandrinum</strong></span> <span class='ocrx_word' id='word_1_50' title='bbox 1491 835 1688 904; x_wconf 77' lang='lat' dir='ltr'><strong>gessit,</strong></span> 
     </span>
    </p>
   </div>
   <div class='ocr_carea' id='block_1_9' title="bbox 97 917 1691 991">
    <p class='ocr_par' dir='ltr' id='par_1_9' title="bbox 97 917 1691 991">
     <span class='ocr_line' id='line_1_9' title="bbox 97 917 1691 991; baseline 0.007 -21"><span class='ocrx_word' id='word_1_51' title='bbox 97 917 199 987; x_wconf 87' lang='lat' dir='ltr'><strong>qui</strong></span> <span class='ocrx_word' id='word_1_52' title='bbox 224 926 310 972; x_wconf 84' lang='lat' dir='ltr'><strong>est</strong></span> <span class='ocrx_word' id='word_1_53' title='bbox 337 917 498 974; x_wconf 87' lang='lat' dir='ltr'><strong>Urbis</strong></span> <span class='ocrx_word' id='word_1_54' title='bbox 530 917 659 973; x_wconf 79' lang='lat'><strong>707:</strong></span> <span class='ocrx_word' id='word_1_55' title='bbox 679 935 788 991; x_wconf 88' lang='lat' dir='ltr'><strong>quo</strong></span> <span class='ocrx_word' id='word_1_56' title='bbox 815 923 1004 976; x_wconf 90' lang='lat' dir='ltr'><strong>eodem</strong></span> <span class='ocrx_word' id='word_1_57' title='bbox 1033 938 1176 979; x_wconf 91' lang='lat' dir='ltr'><strong>anno</strong></span> <span class='ocrx_word' id='word_1_58' title='bbox 1193 924 1434 980; x_wconf 88' lang='lat' dir='ltr'><strong>Herodes</strong></span> <span class='ocrx_word' id='word_1_59' title='bbox 1458 925 1691 981; x_wconf 71' lang='lat' dir='ltr'><strong>Galiltete</strong></span> 
     </span>
    </p>
   </div>
   <div class='ocr_carea' id='block_1_10' title="bbox 98 1009 1688 1086">
    <p class='ocr_par' dir='ltr' id='par_1_10' title="bbox 98 1009 1688 1086">
     <span class='ocr_line' id='line_1_10' title="bbox 98 1009 1688 1086; baseline 0.007 -25"><span class='ocrx_word' id='word_1_60' title='bbox 98 1022 133 1061; x_wconf 86' lang='lat' dir='ltr'><strong>a</strong></span> <span class='ocrx_word' id='word_1_61' title='bbox 161 1017 320 1077; x_wconf 81' lang='lat' dir='ltr'><strong>patre</strong></span> <span class='ocrx_word' id='word_1_62' title='bbox 354 1009 678 1078; x_wconf 78' lang='lat' dir='ltr'><strong>praepositus</strong></span> <span class='ocrx_word' id='word_1_63' title='bbox 707 1020 811 1066; x_wconf 92' lang='lat' dir='ltr'><strong>est.</strong></span> <span class='ocrx_word' id='word_1_64' title='bbox 849 1010 1097 1068; x_wconf 85' lang='lat' dir='ltr'><strong>Mortuus</strong></span> <span class='ocrx_word' id='word_1_65' title='bbox 1124 1024 1208 1070; x_wconf 88' lang='lat' dir='ltr'><strong>est</strong></span> <span class='ocrx_word' id='word_1_66' title='bbox 1249 1028 1428 1070; x_wconf 86' lang='lat' dir='ltr'><strong>autem</strong></span> <span class='ocrx_word' id='word_1_67' title='bbox 1461 1015 1688 1086; x_wconf 84' lang='lat' dir='ltr'><strong>Antipa-</strong></span> 
     </span>
    </p>
   </div>
   <div class='ocr_carea' id='block_1_11' title="bbox 98 1097 1688 1176">
    <p class='ocr_par' dir='ltr' id='par_1_11' title="bbox 98 1097 1688 1176">
     <span class='ocr_line' id='line_1_11' title="bbox 98 1097 1688 1176; baseline 0.006 -24"><span class='ocrx_word' id='word_1_68' title='bbox 98 1107 189 1154; x_wconf 91' lang='lat' dir='ltr'><strong>ter</strong></span> <span class='ocrx_word' id='word_1_69' title='bbox 221 1115 366 1154; x_wconf 90' lang='lat' dir='ltr'><strong>anno</strong></span> <span class='ocrx_word' id='word_1_70' title='bbox 403 1097 561 1156; x_wconf 85' lang='lat' dir='ltr'><strong>Urbis</strong></span> <span class='ocrx_word' id='word_1_71' title='bbox 613 1101 736 1169; x_wconf 66' lang='grc' dir='ltr'><strong>πε,</strong></span> <span class='ocrx_word' id='word_1_72' title='bbox 795 1100 1010 1158; x_wconf 73' lang='lat' dir='ltr'><strong>Iuliano</strong></span> <span class='ocrx_word' id='word_1_73' title='bbox 1065 1113 1282 1175; x_wconf 89' lang='lat' dir='ltr'><strong>quarto.</strong></span> <span class='ocrx_word' id='word_1_74' title='bbox 1324 1107 1402 1160; x_wconf 87' lang='lat' dir='ltr'><strong>Ita</strong></span> <span class='ocrx_word' id='word_1_75' title='bbox 1444 1107 1688 1176; x_wconf 89' lang='lat' dir='ltr'><strong>quinque</strong></span> 
     </span>
    </p>
   </div>
   <div class='ocr_carea' id='block_1_12' title="bbox 96 1191 1688 1267">
    <p class='ocr_par' dir='ltr' id='par_1_12' title="bbox 96 1191 1688 1267">
     <span class='ocr_line' id='line_1_12' title="bbox 96 1191 1688 1267; baseline 0.006 -22"><span class='ocrx_word' id='word_1_76' title='bbox 96 1191 230 1261; x_wconf 82' lang='lat' dir='ltr'><strong>plus</strong></span> <span class='ocrx_word' id='word_1_77' title='bbox 260 1192 442 1248; x_wconf 91' lang='lat' dir='ltr'><strong>minus</strong></span> <span class='ocrx_word' id='word_1_78' title='bbox 474 1193 634 1248; x_wconf 91' lang='lat' dir='ltr'><strong>annis</strong></span> <span class='ocrx_word' id='word_1_79' title='bbox 650 1193 746 1266; x_wconf 77' lang='grc' dir='ltr'><strong>τὴν</strong></span> <span class='ocrx_word' id='word_1_80' title='bbox 775 1195 1076 1267; x_wconf 80' lang='grc' dir='ltr'>ἐπιτροπήν</span> <span class='ocrx_word' id='word_1_81' title='bbox 1094 1196 1495 1253; x_wconf 88' lang='lat' dir='ltr'><strong>administravit</strong></span> <span class='ocrx_word' id='word_1_82' title='bbox 1514 1200 1688 1267; x_wconf 87' lang='lat' dir='ltr'><strong>;quod</strong></span> 
     </span>
    </p>
   </div>
   <div class='ocr_carea' id='block_1_13' title="bbox 97 1283 1687 1359">
    <p class='ocr_par' dir='ltr' id='par_1_13' title="bbox 97 1283 1687 1359">
     <span class='ocr_line' id='line_1_13' title="bbox 97 1283 1687 1359; baseline 0.004 -21"><span class='ocrx_word' id='word_1_83' title='bbox 97 1283 287 1338; x_wconf 84' lang='lat' dir='ltr'><strong>innuit</strong></span> <span class='ocrx_word' id='word_1_84' title='bbox 320 1284 676 1354; x_wconf 82' lang='lat' dir='ltr'><strong>Epiphanius.</strong></span> <span class='ocrx_word' id='word_1_85' title='bbox 715 1285 818 1342; x_wconf 85' lang='lat' dir='ltr'><strong>Sed</strong></span> <span class='ocrx_word' id='word_1_86' title='bbox 860 1288 1000 1342; x_wconf 89' lang='lat' dir='ltr'><strong>idem</strong></span> <span class='ocrx_word' id='word_1_87' title='bbox 1055 1288 1441 1356; x_wconf 89' lang='lat' dir='ltr'><strong>hallucinatus,</strong></span> <span class='ocrx_word' id='word_1_88' title='bbox 1473 1291 1687 1359; x_wconf 86' lang='lat' dir='ltr'><strong>opinor,</strong></span> 
     </span>
    </p>
   </div>
   <div class='ocr_carea' id='block_1_14' title="bbox 97 1375 1690 1451">
    <p class='ocr_par' dir='ltr' id='par_1_14' title="bbox 97 1375 1690 1451">
     <span class='ocr_line' id='line_1_14' title="bbox 97 1375 1690 1451; baseline 0.005 -22"><span class='ocrx_word' id='word_1_89' title='bbox 97 1391 207 1446; x_wconf 90' lang='lat' dir='ltr'><strong>pro</strong></span> <span class='ocrx_word' id='word_1_90' title='bbox 255 1375 404 1431; x_wconf 80' lang='lat' dir='ltr'><strong>Julio</strong></span> <span class='ocrx_word' id='word_1_91' title='bbox 447 1376 681 1446; x_wconf 68' lang='lat' dir='ltr'><strong>Ctesare,</strong></span> <span class='ocrx_word' id='word_1_92' title='bbox 727 1379 1030 1450; x_wconf 87' lang='lat' dir='ltr'><strong>Augustum</strong></span> <span class='ocrx_word' id='word_1_93' title='bbox 1070 1381 1308 1450; x_wconf 82' lang='lat' dir='ltr'><strong>scripsit,</strong></span> <span class='ocrx_word' id='word_1_94' title='bbox 1363 1384 1508 1451; x_wconf 87' lang='lat' dir='ltr'><strong>quod</strong></span> <span class='ocrx_word' id='word_1_95' title='bbox 1547 1382 1690 1437; x_wconf 92' lang='lat' dir='ltr'><strong>hunc</strong></span> 
     </span>
    </p>
   </div>
   <div class='ocr_carea' id='block_1_15' title="bbox 98 1467 1690 1550">
    <p class='ocr_par' dir='ltr' id='par_1_15' title="bbox 98 1467 1690 1550">
     <span class='ocr_line' id='line_1_15' title="bbox 98 1467 1690 1550; baseline 0.006 -30"><span class='ocrx_word' id='word_1_96' title='bbox 98 1467 289 1536; x_wconf 86' lang='lat' dir='ltr'><strong>ipsum</strong></span> <span class='ocrx_word' id='word_1_97' title='bbox 323 1469 666 1550; x_wconf 77' lang='lat' dir='ltr'><strong>meminisset</strong></span> <span class='ocrx_word' id='word_1_98' title='bbox 715 1471 879 1524; x_wconf 88' lang='lat' dir='ltr'><strong>etiam</strong></span> <span class='ocrx_word' id='word_1_99' title='bbox 910 1472 962 1525; x_wconf 90' lang='lat' dir='ltr'><strong>in</strong></span> <span class='ocrx_word' id='word_1_100' title='bbox 991 1469 1245 1543; x_wconf 67' lang='lat' dir='ltr'><strong>Egypto,</strong></span> <span class='ocrx_word' id='word_1_101' title='bbox 1273 1482 1324 1528; x_wconf 91' lang='lat' dir='ltr'><strong>et</strong></span> <span class='ocrx_word' id='word_1_102' title='bbox 1347 1473 1690 1529; x_wconf 74' lang='lat' dir='ltr'><strong>Alexandriae</strong></span> 
     </span>
    </p>
   </div>
   <div class='ocr_carea' id='block_1_16' title="bbox 97 1560 1685 1633">
    <p class='ocr_par' dir='ltr' id='par_1_16' title="bbox 97 1560 1685 1633">
     <span class='ocr_line' id='line_1_16' title="bbox 97 1560 1685 1633; baseline 0.003 -19"><span class='ocrx_word' id='word_1_103' title='bbox 97 1560 311 1614; x_wconf 86' lang='lat' dir='ltr'><strong>bellum</strong></span> <span class='ocrx_word' id='word_1_104' title='bbox 359 1560 613 1631; x_wconf 76' lang='lat' dir='ltr'><strong>gessisse.</strong></span> <span class='ocrx_word' id='word_1_105' title='bbox 666 1560 871 1617; x_wconf 87' lang='lat' dir='ltr'><strong>Deinde</strong></span> <span class='ocrx_word' id='word_1_106' title='bbox 922 1577 1097 1633; x_wconf 84' lang='lat' dir='ltr'><strong>neque</strong></span> <span class='ocrx_word' id='word_1_107' title='bbox 1150 1563 1279 1618; x_wconf 91' lang='lat' dir='ltr'><strong>illud</strong></span> <span class='ocrx_word' id='word_1_108' title='bbox 1317 1579 1504 1619; x_wconf 88' lang='lat' dir='ltr'><strong>verum</strong></span> <span class='ocrx_word' id='word_1_109' title='bbox 1554 1571 1685 1620; x_wconf 87' lang='lat' dir='ltr'><strong>est:</strong></span> 
     </span>
    </p>
   </div>
   <div class='ocr_carea' id='block_1_17' title="bbox 97 1647 1692 1720">
    <p class='ocr_par' dir='ltr' id='par_1_17' title="bbox 97 1647 1692 1720">
     <span class='ocr_line' id='line_1_17' title="bbox 97 1647 1692 1720; baseline 0.005 -18"><span class='ocrx_word' id='word_1_110' title='bbox 97 1647 349 1704; x_wconf 74' lang='lat' dir='ltr'><strong>.Indzeam</strong></span> <span class='ocrx_word' id='word_1_111' title='bbox 371 1659 494 1720; x_wconf 91' lang='lat' dir='ltr'><strong>post</strong></span> <span class='ocrx_word' id='word_1_112' title='bbox 515 1650 792 1706; x_wconf 83' lang='lat' dir='ltr'><strong>Actiacam</strong></span> <span class='ocrx_word' id='word_1_113' title='bbox 824 1653 1040 1706; x_wconf 89' lang='lat' dir='ltr'><strong>demum</strong></span> <span class='ocrx_word' id='word_1_114' title='bbox 1067 1653 1347 1708; x_wconf 79' lang='lat' dir='ltr'><strong>victoriam</strong></span> <span class='ocrx_word' id='word_1_115' title='bbox 1384 1654 1458 1709; x_wconf 87' lang='lat' dir='ltr'><strong>ad</strong></span> <span class='ocrx_word' id='word_1_116' title='bbox 1488 1653 1692 1710; x_wconf 81' lang='lat' dir='ltr'><strong>Roma-</strong></span> 
     </span>
    </p>
   </div>
   <div class='ocr_carea' id='block_1_18' title="bbox 99 1741 1690 1814">
    <p class='ocr_par' dir='ltr' id='par_1_18' title="bbox 99 1741 1690 1814">
     <span class='ocr_line' id='line_1_18' title="bbox 99 1741 1690 1814; baseline 0.005 -22"><span class='ocrx_word' id='word_1_117' title='bbox 99 1755 208 1795; x_wconf 89' lang='lat' dir='ltr'><strong>nos</strong></span> <span class='ocrx_word' id='word_1_118' title='bbox 264 1741 610 1810; x_wconf 70' lang='lat' dir='ltr'><strong>pervenisse,</strong></span> <span class='ocrx_word' id='word_1_119' title='bbox 643 1751 697 1797; x_wconf 93' lang='lat' dir='ltr'><strong>et</strong></span> <span class='ocrx_word' id='word_1_120' title='bbox 725 1743 998 1814; x_wconf 72' lang='grc' dir='ltr'>ὑπόφορον</span> <span class='ocrx_word' id='word_1_121' title='bbox 1032 1743 1223 1812; x_wconf 81' lang='lat' dir='ltr'><strong>fuisse,</strong></span> <span class='ocrx_word' id='word_1_122' title='bbox 1263 1761 1386 1800; x_wconf 92' lang='lat' dir='ltr'><strong>cum</strong></span> <span class='ocrx_word' id='word_1_123' title='bbox 1428 1745 1690 1802; x_wconf 83' lang='lat' dir='ltr'><strong>hactenus</strong></span> 
     </span>
    </p>
   </div>
   <div class='ocr_carea' id='block_1_19' title="bbox 1793 564 3372 637">
    <p class='ocr_par' dir='ltr' id='par_1_19' title="bbox 1793 564 3372 637">
     <span class='ocr_line' id='line_1_19' title="bbox 1793 564 3372 637; baseline -0.002 -17"><span class='ocrx_word' id='word_1_124' title='bbox 1793 580 1923 621; x_wconf 89' lang='lat' dir='ltr'><strong>vero</strong></span> <span class='ocrx_word' id='word_1_125' title='bbox 1941 564 2252 622; x_wconf 86' lang='lat' dir='ltr'><strong>Judaeorum</strong></span> <span class='ocrx_word' id='word_1_126' title='bbox 2279 582 2505 637; x_wconf 90' lang='lat' dir='ltr'><strong>regnum</strong></span> <span class='ocrx_word' id='word_1_127' title='bbox 2530 567 2597 624; x_wconf 88' lang='lat' dir='ltr'><strong>ad</strong></span> <span class='ocrx_word' id='word_1_128' title='bbox 2629 565 2896 623; x_wconf 85' lang='lat' dir='ltr'><strong>Herodem</strong></span> <span class='ocrx_word' id='word_1_129' title='bbox 2923 567 3243 622; x_wconf 88' lang='lat' dir='ltr'><strong>translatum</strong></span> <span class='ocrx_word' id='word_1_130' title='bbox 3266 571 3372 628; x_wconf 88' lang='lat' dir='ltr'><strong>est,</strong></span> 
     </span>
    </p>
   </div>
   <div class='ocr_carea' id='block_1_20' title="bbox 1794 651 3371 726">
    <p class='ocr_par' dir='ltr' id='par_1_20' title="bbox 1794 651 3371 726">
     <span class='ocr_line' id='line_1_20' title="bbox 1794 651 3371 726; baseline -0.005 -15"><span class='ocrx_word' id='word_1_131' title='bbox 1794 672 1900 712; x_wconf 92' lang='lat' dir='ltr'><strong>non</strong></span> <span class='ocrx_word' id='word_1_132' title='bbox 1935 664 2078 726; x_wconf 69' lang='lat' dir='ltr'><strong>putor</strong></span> <span class='ocrx_word' id='word_1_133' title='bbox 2104 655 2384 712; x_wconf 78' lang='lat' dir='ltr'><strong>Romanos</strong></span> <span class='ocrx_word' id='word_1_134' title='bbox 2413 657 2675 712; x_wconf 90' lang='lat' dir='ltr'><strong>tributum</strong></span> <span class='ocrx_word' id='word_1_135' title='bbox 2705 657 2774 712; x_wconf 87' lang='lat' dir='ltr'><strong>ab</strong></span> <span class='ocrx_word' id='word_1_136' title='bbox 2801 654 2909 712; x_wconf 81' lang='lat' dir='ltr'><strong>illis</strong></span> <span class='ocrx_word' id='word_1_137' title='bbox 2937 655 3202 726; x_wconf 78' lang='lat' dir='ltr'><strong>exegisse,</strong></span> <span class='ocrx_word' id='word_1_138' title='bbox 3227 651 3371 722; x_wconf 91' lang='lat' dir='ltr'><strong>quod</strong></span> 
     </span>
    </p>
   </div>
   <div class='ocr_carea' id='block_1_21' title="bbox 1795 745 3376 817">
    <p class='ocr_par' dir='ltr' id='par_1_21' title="bbox 1795 745 3376 817">
     <span class='ocr_line' id='line_1_21' title="bbox 1795 745 3376 817; baseline -0.004 -15"><span class='ocrx_word' id='word_1_139' title='bbox 1795 746 1936 802; x_wconf 91' lang='lat' dir='ltr'><strong>idem</strong></span> <span class='ocrx_word' id='word_1_140' title='bbox 1980 757 2036 803; x_wconf 89' lang='lat' dir='ltr'><strong>et</strong></span> <span class='ocrx_word' id='word_1_141' title='bbox 2077 747 2308 817; x_wconf 82' lang='lat' dir='ltr'><strong>Keplero</strong></span> <span class='ocrx_word' id='word_1_142' title='bbox 2331 746 2566 810; x_wconf 90' lang='lat' dir='ltr'><strong>videtur,</strong></span> <span class='ocrx_word' id='word_1_143' title='bbox 2591 762 2716 802; x_wconf 90' lang='lat' dir='ltr'><strong>cum</strong></span> <span class='ocrx_word' id='word_1_144' title='bbox 2748 745 2932 801; x_wconf 74' lang='lat' dir='ltr'><strong>Judtea</strong></span> <span class='ocrx_word' id='word_1_145' title='bbox 2960 746 3202 800; x_wconf 90' lang='lat' dir='ltr'><strong>nondum</strong></span> <span class='ocrx_word' id='word_1_146' title='bbox 3230 750 3376 798; x_wconf 84' lang='lat' dir='ltr'><strong>esset</strong></span> 
     </span>
    </p>
   </div>
   <div class='ocr_carea' id='block_1_22' title="bbox 1793 833 3372 907">
    <p class='ocr_par' dir='ltr' id='par_1_22' title="bbox 1793 833 3372 907">
     <span class='ocr_line' id='line_1_22' title="bbox 1793 833 3372 907; baseline -0.003 -17"><span class='ocrx_word' id='word_1_147' title='bbox 1793 835 1848 891; x_wconf 91' lang='lat' dir='ltr'><strong>in</strong></span> <span class='ocrx_word' id='word_1_148' title='bbox 1887 836 2118 892; x_wconf 81' lang='lat' dir='ltr'><strong>formam</strong></span> <span class='ocrx_word' id='word_1_149' title='bbox 2179 837 2475 907; x_wconf 75' lang='lat' dir='ltr'><strong>provinciae</strong></span> <span class='ocrx_word' id='word_1_150' title='bbox 2505 838 2745 893; x_wconf 90' lang='lat' dir='ltr'><strong>redacta.</strong></span> <span class='ocrx_word' id='word_1_151' title='bbox 2795 835 2976 902; x_wconf 85' lang='lat' dir='ltr'><strong>Quare</strong></span> <span class='ocrx_word' id='word_1_152' title='bbox 3025 849 3124 890; x_wconf 91' lang='lat' dir='ltr'><strong>nec</strong></span> <span class='ocrx_word' id='word_1_153' title='bbox 3171 834 3226 888; x_wconf 91' lang='lat' dir='ltr'><strong>in</strong></span> <span class='ocrx_word' id='word_1_154' title='bbox 3281 833 3372 886; x_wconf 86' lang='lat' dir='ltr'><strong>illa</strong></span> 
     </span>
    </p>
   </div>
   <div class='ocr_carea' id='block_1_23' title="bbox 1792 925 3374 998">
    <p class='ocr_par' dir='ltr' id='par_1_23' title="bbox 1792 925 3374 998">
     <span class='ocr_line' id='line_1_23' title="bbox 1792 925 3374 998; baseline -0.004 -17"><span class='ocrx_word' id='word_1_155' title='bbox 1792 927 1974 998; x_wconf 89' lang='lat' dir='ltr'><strong>priore</strong></span> <span class='ocrx_word' id='word_1_156' title='bbox 2003 927 2214 994; x_wconf 86' lang='lat' dir='ltr'><strong>Quirini</strong></span> <span class='ocrx_word' id='word_1_157' title='bbox 2241 928 2606 998; x_wconf 85' lang='lat' dir='ltr'><strong>descriptione</strong></span> <span class='ocrx_word' id='word_1_158' title='bbox 2640 928 2903 982; x_wconf 90' lang='lat' dir='ltr'><strong>tributum</strong></span> <span class='ocrx_word' id='word_1_159' title='bbox 2940 925 3110 978; x_wconf 88' lang='lat' dir='ltr'><strong>ullum</strong></span> <span class='ocrx_word' id='word_1_160' title='bbox 3148 936 3374 978; x_wconf 88' lang='lat' dir='ltr'><strong>necesse</strong></span> 
     </span>
    </p>
   </div>
   <div class='ocr_carea' id='block_1_24' title="bbox 1792 1012 3374 1091">
    <p class='ocr_par' dir='ltr' id='par_1_24' title="bbox 1792 1012 3374 1091">
     <span class='ocr_line' id='line_1_24' title="bbox 1792 1012 3374 1091; baseline -0.007 -15"><span class='ocrx_word' id='word_1_161' title='bbox 1792 1030 1876 1077; x_wconf 88' lang='lat' dir='ltr'><strong>est</strong></span> <span class='ocrx_word' id='word_1_162' title='bbox 1904 1021 2242 1091; x_wconf 87' lang='lat' dir='ltr'><strong>persolutum</strong></span> <span class='ocrx_word' id='word_1_163' title='bbox 2297 1021 2540 1076; x_wconf 85' lang='lat' dir='ltr'><strong>credere.</strong></span> <span class='ocrx_word' id='word_1_164' title='bbox 2572 1020 2692 1086; x_wconf 88' lang='lat' dir='ltr'><strong>Quo</strong></span> <span class='ocrx_word' id='word_1_165' title='bbox 2735 1018 2921 1073; x_wconf 89' lang='lat' dir='ltr'><strong>minus</strong></span> <span class='ocrx_word' id='word_1_166' title='bbox 2947 1016 3218 1071; x_wconf 88' lang='lat' dir='ltr'><strong>assentior</strong></span> <span class='ocrx_word' id='word_1_167' title='bbox 3248 1012 3374 1082; x_wconf 83' lang='lat' dir='ltr'><strong>Epi-</strong></span> 
     </span>
    </p>
   </div>
   <div class='ocr_carea' id='block_1_25' title="bbox 1791 1100 3377 1181">
    <p class='ocr_par' dir='ltr' id='par_1_25' title="bbox 1791 1100 3377 1181">
     <span class='ocr_line' id='line_1_25' title="bbox 1791 1100 3377 1181; baseline -0.006 -16"><span class='ocrx_word' id='word_1_168' title='bbox 1791 1110 2015 1181; x_wconf 89' lang='lat' dir='ltr'><strong>phanio,</strong></span> <span class='ocrx_word' id='word_1_169' title='bbox 2048 1112 2140 1180; x_wconf 83' lang='lat' dir='ltr'><strong>qui</strong></span> <span class='ocrx_word' id='word_1_170' title='bbox 2169 1120 2280 1166; x_wconf 93' lang='lat' dir='ltr'><strong>tum</strong></span> <span class='ocrx_word' id='word_1_171' title='bbox 2305 1112 2392 1166; x_wconf 90' lang='lat' dir='ltr'><strong>vel</strong></span> <span class='ocrx_word' id='word_1_172' title='bbox 2420 1111 2657 1166; x_wconf 83' lang='lat' dir='ltr'><strong>maxime</strong></span> <span class='ocrx_word' id='word_1_173' title='bbox 2686 1110 2887 1164; x_wconf 90' lang='lat' dir='ltr'><strong>tributa</strong></span> <span class='ocrx_word' id='word_1_174' title='bbox 2916 1124 2946 1162; x_wconf 90' lang='lat' dir='ltr'><strong>a</strong></span> <span class='ocrx_word' id='word_1_175' title='bbox 2981 1105 3244 1160; x_wconf 83' lang='lat' dir='ltr'><strong>Romanis</strong></span> <span class='ocrx_word' id='word_1_176' title='bbox 3271 1100 3377 1158; x_wconf 86' lang='lat' dir='ltr'><strong>im-</strong></span> 
     </span>
    </p>
   </div>
   <div class='ocr_carea' id='block_1_26' title="bbox 1792 1192 3378 1270">
    <p class='ocr_par' dir='ltr' id='par_1_26' title="bbox 1792 1192 3378 1270">
     <span class='ocr_line' id='line_1_26' title="bbox 1792 1192 3378 1270; baseline -0.003 -16"><span class='ocrx_word' id='word_1_177' title='bbox 1792 1209 1977 1270; x_wconf 90' lang='lat' dir='ltr'><strong>perata</strong></span> <span class='ocrx_word' id='word_1_178' title='bbox 2009 1201 2219 1264; x_wconf 87' lang='lat' dir='ltr'><strong>scribit,</strong></span> <span class='ocrx_word' id='word_1_179' title='bbox 2245 1210 2298 1256; x_wconf 92' lang='lat' dir='ltr'><strong>et</strong></span> <span class='ocrx_word' id='word_1_180' title='bbox 2323 1218 2450 1256; x_wconf 77' lang='lat' dir='ltr'><strong>xxix</strong></span> <span class='ocrx_word' id='word_1_181' title='bbox 2479 1200 2658 1264; x_wconf 89' lang='lat' dir='ltr'><strong>annis,</strong></span> <span class='ocrx_word' id='word_1_182' title='bbox 2682 1199 2774 1270; x_wconf 90' lang='lat' dir='ltr'><strong>qui</strong></span> <span class='ocrx_word' id='word_1_183' title='bbox 2805 1201 2872 1255; x_wconf 91' lang='lat' dir='ltr'><strong>ab</strong></span> <span class='ocrx_word' id='word_1_184' title='bbox 2890 1197 3110 1253; x_wconf 79' lang='lat' dir='ltr'><strong>Actiaca</strong></span> <span class='ocrx_word' id='word_1_185' title='bbox 3139 1192 3378 1251; x_wconf 84' lang='lat' dir='ltr'><strong>cladead</strong></span> 
     </span>
    </p>
   </div>
   <div class='ocr_carea' id='block_1_27' title="bbox 1789 1291 3382 1366">
    <p class='ocr_par' dir='ltr' id='par_1_27' title="bbox 1789 1291 3382 1366">
     <span class='ocr_line' id='line_1_27' title="bbox 1789 1291 3382 1366; baseline -0.005 -15"><span class='ocrx_word' id='word_1_186' title='bbox 1789 1294 2034 1351; x_wconf 83' lang='lat' dir='ltr'><strong>Natalem</strong></span> <span class='ocrx_word' id='word_1_187' title='bbox 2060 1296 2272 1352; x_wconf 88' lang='lat' dir='ltr'><strong>Domini</strong></span> <span class='ocrx_word' id='word_1_188' title='bbox 2305 1298 2598 1364; x_wconf 81' lang='lat' dir='ltr'><strong>tinxerunt,</strong></span> <span class='ocrx_word' id='word_1_189' title='bbox 2623 1295 2920 1366; x_wconf 73' lang='grc' dir='ltr'>ὑπόφορον,</span> <span class='ocrx_word' id='word_1_190' title='bbox 2946 1291 3167 1356; x_wconf 82' lang='grc' dir='ltr'><strong>τελείως</strong></span> <span class='ocrx_word' id='word_1_191' title='bbox 3203 1307 3382 1360; x_wconf 84' lang='grc' dir='ltr'>παρα-</span> 
     </span>
    </p>
   </div>
   <div class='ocr_carea' id='block_1_28' title="bbox 1792 1379 3380 1458">
    <p class='ocr_par' dir='ltr' id='par_1_28' title="bbox 1792 1379 3380 1458">
     <span class='ocr_line' id='line_1_28' title="bbox 1792 1379 3380 1458; baseline -0.003 -19"><span class='ocrx_word' id='word_1_192' title='bbox 1792 1385 2038 1440; x_wconf 80' lang='grc' dir='ltr'>δοθεῖσαν</span> <span class='ocrx_word' id='word_1_193' title='bbox 2071 1386 2364 1458; x_wconf 83' lang='grc' dir='ltr'>Ῥωμαίοις</span> <span class='ocrx_word' id='word_1_194' title='bbox 2387 1385 2627 1442; x_wconf 68' lang='lat' dir='ltr'><strong>Jndaaam</strong></span> <span class='ocrx_word' id='word_1_195' title='bbox 2667 1384 3035 1454; x_wconf 83' lang='lat' dir='ltr'><strong>fuisse.Atqui</strong></span> <span class='ocrx_word' id='word_1_196' title='bbox 3070 1389 3192 1453; x_wconf 92' lang='lat' dir='ltr'><strong>post</strong></span> <span class='ocrx_word' id='word_1_197' title='bbox 3213 1379 3380 1436; x_wconf 80' lang='lat' dir='ltr'><strong>Pam--</strong></span> 
     </span>
    </p>
   </div>
   <div class='ocr_carea' id='block_1_29' title="bbox 1791 1475 3374 1548">
    <p class='ocr_par' dir='ltr' id='par_1_29' title="bbox 1791 1475 3374 1548">
     <span class='ocr_line' id='line_1_29' title="bbox 1791 1475 3374 1548; baseline -0.006 -16"><span class='ocrx_word' id='word_1_198' title='bbox 1791 1477 2042 1548; x_wconf 89' lang='lat' dir='ltr'><strong>peianam</strong></span> <span class='ocrx_word' id='word_1_199' title='bbox 2079 1478 2384 1543; x_wconf 78' lang='lat' dir='ltr'><strong>victoriam,</strong></span> <span class='ocrx_word' id='word_1_200' title='bbox 2429 1493 2494 1532; x_wconf 91' lang='lat' dir='ltr'><strong>ac</strong></span> <span class='ocrx_word' id='word_1_201' title='bbox 2529 1477 2764 1547; x_wconf 89' lang='lat' dir='ltr'><strong>priorem</strong></span> <span class='ocrx_word' id='word_1_202' title='bbox 2809 1475 3032 1538; x_wconf 75' lang='grc' dir='ltr'>ἅλωσιν,</span> <span class='ocrx_word' id='word_1_203' title='bbox 3094 1485 3374 1540; x_wconf 88' lang='lat' dir='ltr'><strong>nunquam</strong></span> 
     </span>
    </p>
   </div>
   <div class='ocr_carea' id='block_1_30' title="bbox 1791 1565 3376 1637">
    <p class='ocr_par' dir='ltr' id='par_1_30' title="bbox 1791 1565 3376 1637">
     <span class='ocr_line' id='line_1_30' title="bbox 1791 1565 3376 1637; baseline -0.005 -14"><span class='ocrx_word' id='word_1_204' title='bbox 1791 1567 1976 1623; x_wconf 86' lang='lat' dir='ltr'><strong>Judaea</strong></span> <span class='ocrx_word' id='word_1_205' title='bbox 2003 1567 2180 1623; x_wconf 88' lang='lat' dir='ltr'><strong>minus</strong></span> <span class='ocrx_word' id='word_1_206' title='bbox 2210 1568 2312 1624; x_wconf 91' lang='lat' dir='ltr'><strong>sub</strong></span> <span class='ocrx_word' id='word_1_207' title='bbox 2343 1567 2714 1622; x_wconf 79' lang='lat' dir='ltr'><strong>Romanorum</strong></span> <span class='ocrx_word' id='word_1_208' title='bbox 2747 1565 3052 1637; x_wconf 87' lang='lat' dir='ltr'><strong>principum</strong></span> <span class='ocrx_word' id='word_1_209' title='bbox 3077 1570 3376 1634; x_wconf 84' lang='lat' dir='ltr'><strong>potestate,</strong></span> 
     </span>
    </p>
   </div>
   <div class='ocr_carea' id='block_1_31' title="bbox 1791 1655 3377 1728">
    <p class='ocr_par' dir='ltr' id='par_1_31' title="bbox 1791 1655 3377 1728">
     <span class='ocr_line' id='line_1_31' title="bbox 1791 1655 3377 1728; baseline -0.006 -12"><span class='ocrx_word' id='word_1_210' title='bbox 1791 1661 1876 1716; x_wconf 90' lang='lat' dir='ltr'><strong>vel</strong></span> <span class='ocrx_word' id='word_1_211' title='bbox 1929 1658 2406 1714; x_wconf 82' lang='lat' dir='ltr'><strong>administratione</strong></span> <span class='ocrx_word' id='word_1_212' title='bbox 2463 1658 2589 1724; x_wconf 83' lang='lat' dir='ltr'><strong>fuit,</strong></span> <span class='ocrx_word' id='word_1_213' title='bbox 2647 1673 2813 1728; x_wconf 87' lang='lat' dir='ltr'><strong>quam</strong></span> <span class='ocrx_word' id='word_1_214' title='bbox 2850 1655 3077 1711; x_wconf 81' lang='lat' dir='ltr'><strong>Herodis</strong></span> <span class='ocrx_word' id='word_1_215' title='bbox 3113 1655 3204 1708; x_wconf 90' lang='lat' dir='ltr'><strong>illo</strong></span> <span class='ocrx_word' id='word_1_216' title='bbox 3236 1663 3377 1707; x_wconf 86' lang='lat' dir='ltr'><strong>tem-</strong></span> 
     </span>
    </p>
   </div>
   <div class='ocr_carea' id='block_1_32' title="bbox 1795 1741 3377 1821">
    <p class='ocr_par' dir='ltr' id='par_1_32' title="bbox 1795 1741 3377 1821">
     <span class='ocr_line' id='line_1_32' title="bbox 1795 1741 3377 1821; baseline -0.004 -17"><span class='ocrx_word' id='word_1_217' title='bbox 1795 1765 1949 1821; x_wconf 91' lang='lat' dir='ltr'><strong>pore,</strong></span> <span class='ocrx_word' id='word_1_218' title='bbox 2000 1750 2303 1821; x_wconf 72' lang='lat' dir='ltr'><strong>prtesertim</strong></span> <span class='ocrx_word' id='word_1_219' title='bbox 2334 1759 2458 1819; x_wconf 89' lang='lat' dir='ltr'><strong>post</strong></span> <span class='ocrx_word' id='word_1_220' title='bbox 2478 1749 2759 1803; x_wconf 86' lang='lat' dir='ltr'><strong>Actiacam</strong></span> <span class='ocrx_word' id='word_1_221' title='bbox 2789 1762 3048 1818; x_wconf 79' lang='lat' dir='ltr'><strong>pugnam,</strong></span> <span class='ocrx_word' id='word_1_222' title='bbox 3084 1760 3205 1799; x_wconf 92' lang='lat' dir='ltr'><strong>cum</strong></span> <span class='ocrx_word' id='word_1_223' title='bbox 3235 1741 3377 1814; x_wconf 81' lang='lat' dir='ltr'><strong>apud</strong></span> 
     </span>
    </p>
   </div>
   <div class='ocr_carea' id='block_1_33' title="bbox 100 1827 3378 1912">
    <p class='ocr_par' dir='ltr' id='par_1_33' title="bbox 100 1827 3378 1912">
     <span class='ocr_line' id='line_1_33' title="bbox 100 1827 3378 1912; baseline 0.001 -26"><span class='ocrx_word' id='word_1_224' title='bbox 100 1833 347 1888; x_wconf 85' lang='lat' dir='ltr'><strong>societas</strong></span> <span class='ocrx_word' id='word_1_225' title='bbox 378 1835 799 1900; x_wconf 77' lang='lat' dir='ltr'><strong>intercessisset,</strong></span> <span class='ocrx_word' id='word_1_226' title='bbox 859 1852 925 1893; x_wconf 89' lang='lat' dir='ltr'><strong>ac</strong></span> <span class='ocrx_word' id='word_1_227' title='bbox 973 1839 1174 1893; x_wconf 89' lang='lat' dir='ltr'><strong>tributa</strong></span> <span class='ocrx_word' id='word_1_228' title='bbox 1207 1838 1322 1894; x_wconf 86' lang='lat' dir='ltr'><strong>sive</strong></span> <span class='ocrx_word' id='word_1_229' title='bbox 1361 1838 1540 1908; x_wconf 89' lang='lat' dir='ltr'><strong>potius</strong></span> <span class='ocrx_word' id='word_1_230' title='bbox 1574 1855 1691 1892; x_wconf 89' lang='lat' dir='ltr'><strong>mn-</strong></span> <span class='ocrx_word' id='word_1_231' title='bbox 1726 1827 1769 1886; x_wconf 84' lang='grc' dir='ltr'><strong>Β</strong></span> <span class='ocrx_word' id='word_1_232' title='bbox 1797 1842 2100 1912; x_wconf 85' lang='lat' dir='ltr'><strong>Augustum</strong></span> <span class='ocrx_word' id='word_1_233' title='bbox 2152 1841 2208 1895; x_wconf 92' lang='lat' dir='ltr'><strong>in</strong></span> <span class='ocrx_word' id='word_1_234' title='bbox 2238 1841 2432 1911; x_wconf 81' lang='lat' dir='ltr'><strong>primis</strong></span> <span class='ocrx_word' id='word_1_235' title='bbox 2487 1841 2574 1895; x_wconf 82' lang='lat' dir='ltr'><strong>itte</strong></span> <span class='ocrx_word' id='word_1_236' title='bbox 2605 1840 2780 1911; x_wconf 89' lang='lat' dir='ltr'><strong>gratia</strong></span> <span class='ocrx_word' id='word_1_237' title='bbox 2821 1848 2876 1894; x_wconf 92' lang='lat' dir='ltr'><strong>et</strong></span> <span class='ocrx_word' id='word_1_238' title='bbox 2927 1837 3252 1893; x_wconf 90' lang='lat' dir='ltr'><strong>auctoritate</strong></span> <span class='ocrx_word' id='word_1_239' title='bbox 3280 1833 3378 1889; x_wconf 82' lang='lat' dir='ltr'><strong>ﬂo-</strong></span> 
     </span>
    </p>
   </div>
   <div class='ocr_carea' id='block_1_34' title="bbox 100 1928 1694 2002">
    <p class='ocr_par' dir='ltr' id='par_1_34' title="bbox 100 1928 1694 2002">
     <span class='ocr_line' id='line_1_34' title="bbox 100 1928 1694 2002; baseline 0.003 -22"><span class='ocrx_word' id='word_1_240' title='bbox 100 1941 238 1980; x_wconf 89' lang='lat' dir='ltr'><strong>nera</strong></span> <span class='ocrx_word' id='word_1_241' title='bbox 264 1928 648 1997; x_wconf 84' lang='lat' dir='ltr'><strong>penderentur.</strong></span> <span class='ocrx_word' id='word_1_242' title='bbox 669 1929 881 1984; x_wconf 84' lang='lat' dir='ltr'><strong>Etenim</strong></span> <span class='ocrx_word' id='word_1_243' title='bbox 911 1930 1072 2001; x_wconf 84' lang='lat' dir='ltr'><strong>longe</strong></span> <span class='ocrx_word' id='word_1_244' title='bbox 1101 1939 1226 1985; x_wconf 88' lang='lat' dir='ltr'><strong>ante</strong></span> <span class='ocrx_word' id='word_1_245' title='bbox 1249 1946 1483 2002; x_wconf 80' lang='lat' dir='ltr'><strong>pugnam</strong></span> <span class='ocrx_word' id='word_1_246' title='bbox 1511 1931 1694 1987; x_wconf 65' lang='lat' dir='ltr'><strong>Actia~</strong></span> 
     </span>
    </p>
   </div>
   <div class='ocr_carea' id='block_1_35' title="bbox 100 2019 1693 2092">
    <p class='ocr_par' dir='ltr' id='par_1_35' title="bbox 100 2019 1693 2092">
     <span class='ocr_line' id='line_1_35' title="bbox 100 2019 1693 2092; baseline 0 -18"><span class='ocrx_word' id='word_1_247' title='bbox 100 2035 224 2074; x_wconf 77' lang='lat' dir='ltr'><strong>eam</strong></span> <span class='ocrx_word' id='word_1_248' title='bbox 251 2019 436 2077; x_wconf 73' lang='lat' dir='ltr'><strong>Judzea</strong></span> <span class='ocrx_word' id='word_1_249' title='bbox 466 2021 838 2078; x_wconf 84' lang='lat' dir='ltr'><strong>Romanorum</strong></span> <span class='ocrx_word' id='word_1_250' title='bbox 873 2021 926 2075; x_wconf 89' lang='lat' dir='ltr'><strong>in</strong></span> <span class='ocrx_word' id='word_1_251' title='bbox 953 2031 1272 2092; x_wconf 86' lang='lat' dir='ltr'><strong>potestatem</strong></span> <span class='ocrx_word' id='word_1_252' title='bbox 1314 2021 1483 2088; x_wconf 91' lang='lat' dir='ltr'><strong>venit,</strong></span> <span class='ocrx_word' id='word_1_253' title='bbox 1512 2032 1564 2075; x_wconf 91' lang='lat' dir='ltr'><strong>et</strong></span> <span class='ocrx_word' id='word_1_254' title='bbox 1591 2021 1693 2074; x_wconf 85' lang='lat' dir='ltr'><strong>tri-</strong></span> 
     </span>
    </p>
   </div>
   <div class='ocr_carea' id='block_1_36' title="bbox 100 2111 1692 2184">
    <p class='ocr_par' dir='ltr' id='par_1_36' title="bbox 100 2111 1692 2184">
     <span class='ocr_line' id='line_1_36' title="bbox 100 2111 1692 2184; baseline 0.002 -20"><span class='ocrx_word' id='word_1_255' title='bbox 100 2111 237 2165; x_wconf 88' lang='lat' dir='ltr'><strong>buta</strong></span> <span class='ocrx_word' id='word_1_256' title='bbox 268 2113 543 2180; x_wconf 82' lang='lat' dir='ltr'><strong>persolvit.</strong></span> <span class='ocrx_word' id='word_1_257' title='bbox 569 2112 810 2180; x_wconf 90' lang='lat' dir='ltr'><strong>Primus,</strong></span> <span class='ocrx_word' id='word_1_258' title='bbox 832 2114 937 2169; x_wconf 90' lang='lat' dir='ltr'><strong>nisi</strong></span> <span class='ocrx_word' id='word_1_259' title='bbox 982 2113 1159 2178; x_wconf 89' lang='lat' dir='ltr'><strong>fallor,</strong></span> <span class='ocrx_word' id='word_1_260' title='bbox 1186 2114 1500 2184; x_wconf 84' lang='lat' dir='ltr'><strong>Pompeius,</strong></span> <span class='ocrx_word' id='word_1_261' title='bbox 1532 2114 1692 2170; x_wconf 87' lang='lat' dir='ltr'><strong>Cice-</strong></span> 
     </span>
    </p>
   </div>
   <div class='ocr_carea' id='block_1_37' title="bbox 100 2203 1692 2278">
    <p class='ocr_par' dir='ltr' id='par_1_37' title="bbox 100 2203 1692 2278">
     <span class='ocr_line' id='line_1_37' title="bbox 100 2203 1692 2278; baseline 0.003 -22"><span class='ocrx_word' id='word_1_262' title='bbox 100 2219 241 2257; x_wconf 89' lang='lat' dir='ltr'><strong>rone</strong></span> <span class='ocrx_word' id='word_1_263' title='bbox 269 2215 324 2258; x_wconf 92' lang='lat' dir='ltr'><strong>et</strong></span> <span class='ocrx_word' id='word_1_264' title='bbox 348 2204 583 2259; x_wconf 89' lang='lat' dir='ltr'><strong>Antonio</strong></span> <span class='ocrx_word' id='word_1_265' title='bbox 612 2205 954 2271; x_wconf 86' lang='lat' dir='ltr'><strong>coss.,Urbis</strong></span> <span class='ocrx_word' id='word_1_266' title='bbox 999 2205 1126 2270; x_wconf 82' lang='grc'>791,</span> <span class='ocrx_word' id='word_1_267' title='bbox 1163 2203 1552 2278; x_wconf 82' lang='lat' dir='ltr'><strong>Hierbsolymis</strong></span> <span class='ocrx_word' id='word_1_268' title='bbox 1595 2207 1692 2262; x_wconf 81' lang='lat' dir='ltr'><strong>ex-</strong></span> 
     </span>
    </p>
   </div>
   <div class='ocr_carea' id='block_1_38' title="bbox 101 2297 1691 2370">
    <p class='ocr_par' dir='ltr' id='par_1_38' title="bbox 101 2297 1691 2370">
     <span class='ocr_line' id='line_1_38' title="bbox 101 2297 1691 2370; baseline 0.003 -23"><span class='ocrx_word' id='word_1_269' title='bbox 101 2297 366 2367; x_wconf 85' lang='lat' dir='ltr'><strong>pugnatis</strong></span> <span class='ocrx_word' id='word_1_270' title='bbox 413 2297 556 2350; x_wconf 84' lang='lat' dir='ltr'><strong>hanc</strong></span> <span class='ocrx_word' id='word_1_271' title='bbox 608 2297 780 2364; x_wconf 85' lang='lat' dir='ltr'><strong>ipsam</strong></span> <span class='ocrx_word' id='word_1_272' title='bbox 833 2298 1022 2351; x_wconf 80' lang='lat' dir='ltr'><strong>urbem</strong></span> <span class='ocrx_word' id='word_1_273' title='bbox 1058 2297 1378 2370; x_wconf 79' lang='lat' dir='ltr'><strong>vectigalem</strong></span> <span class='ocrx_word' id='word_1_274' title='bbox 1439 2298 1691 2353; x_wconf 86' lang='lat' dir='ltr'><strong>reddidit.</strong></span> 
     </span>
    </p>
   </div>
   <div class='ocr_carea' id='block_1_39' title="bbox 99 2391 1697 2465">
    <p class='ocr_par' dir='ltr' id='par_1_39' title="bbox 99 2391 1697 2465">
     <span class='ocr_line' id='line_1_39' title="bbox 99 2391 1697 2465; baseline 0.001 -19"><span class='ocrx_word' id='word_1_275' title='bbox 99 2391 432 2464; x_wconf 87' lang='lat' dir='ltr'><strong>.Iosephusl.</strong></span> <span class='ocrx_word' id='word_1_276' title='bbox 451 2409 563 2457; x_wconf 68' lang='lat' dir='ltr'><strong>xxv,</strong></span> <span class='ocrx_word' id='word_1_277' title='bbox 589 2408 708 2464; x_wconf 86' lang='lat' dir='ltr'><strong>cap.</strong></span> <span class='ocrx_word' id='word_1_278' title='bbox 733 2393 832 2447; x_wconf 48' lang='lat'><strong>&#39;15:</strong></span> <span class='ocrx_word' id='word_1_279' title='bbox 859 2394 970 2446; x_wconf 81' lang='lat' dir='ltr'><strong>Kal.</strong></span> <span class='ocrx_word' id='word_1_280' title='bbox 985 2393 1052 2446; x_wconf 81' lang='grc' dir='ltr'><strong>τὰ</strong></span> <span class='ocrx_word' id='word_1_281' title='bbox 1079 2395 1176 2465; x_wconf 82' lang='grc' dir='ltr'>μὲν</span> <span class='ocrx_word' id='word_1_282' title='bbox 1209 2393 1556 2465; x_wconf 84' lang='grc' dir='ltr'>Ἰεροσόλυμα</span> <span class='ocrx_word' id='word_1_283' title='bbox 1573 2394 1697 2447; x_wconf 84' lang='grc' dir='ltr'>ὑπο-</span> 
     </span>
    </p>
   </div>
   <div class='ocr_carea' id='block_1_40' title="bbox 100 2485 1694 2558">
    <p class='ocr_par' dir='ltr' id='par_1_40' title="bbox 100 2485 1694 2558">
     <span class='ocr_line' id='line_1_40' title="bbox 100 2485 1694 2558; baseline -0.001 -18"><span class='ocrx_word' id='word_1_284' title='bbox 100 2488 243 2558; x_wconf 79' lang='grc' dir='ltr'><strong>τελῆ</strong></span> <span class='ocrx_word' id='word_1_285' title='bbox 277 2487 442 2558; x_wconf 70' lang='grc' dir='ltr'>φόρον</span> <span class='ocrx_word' id='word_1_286' title='bbox 489 2487 782 2558; x_wconf 79' lang='grc' dir='ltr'>Ῥωμαίοις</span> <span class='ocrx_word' id='word_1_287' title='bbox 837 2487 1114 2558; x_wconf 74' lang='grc' dir='ltr'>ἐποίησεν.</span> <span class='ocrx_word' id='word_1_288' title='bbox 1158 2485 1322 2541; x_wconf 83' lang='lat' dir='ltr'><strong>Mox:</strong></span> <span class='ocrx_word' id='word_1_289' title='bbox 1356 2485 1559 2539; x_wconf 83' lang='grc' dir='ltr'><strong>Τούτου</strong></span> <span class='ocrx_word' id='word_1_290' title='bbox 1599 2485 1694 2538; x_wconf 76' lang='grc' dir='ltr'><strong>τοῦ</strong></span> 
     </span>
    </p>
   </div>
   <div class='ocr_carea' id='block_1_41' title="bbox 104 2575 1696 2648">
    <p class='ocr_par' dir='ltr' id='par_1_41' title="bbox 104 2575 1696 2648">
     <span class='ocr_line' id='line_1_41' title="bbox 104 2575 1696 2648; baseline -0.001 -19"><span class='ocrx_word' id='word_1_291' title='bbox 104 2576 323 2641; x_wconf 73' lang='grc' dir='ltr'>πάθους</span> <span class='ocrx_word' id='word_1_292' title='bbox 344 2581 454 2640; x_wconf 80' lang='grc' dir='ltr'>τοῖς</span> <span class='ocrx_word' id='word_1_293' title='bbox 492 2576 884 2648; x_wconf 82' lang='grc' dir='ltr'>Ἱεροσολύμοις</span> <span class='ocrx_word' id='word_1_294' title='bbox 925 2577 1087 2630; x_wconf 78' lang='grc' dir='ltr'>αἴτιοι</span> <span class='ocrx_word' id='word_1_295' title='bbox 1118 2576 1458 2646; x_wconf 75' lang='grc' dir='ltr'><strong>κατέστησαν</strong></span> <span class='ocrx_word' id='word_1_296' title='bbox 1497 2575 1696 2647; x_wconf 82' lang='grc' dir='ltr'><strong>’Υρκα-</strong></span> 
     </span>
    </p>
   </div>
   <div class='ocr_carea' id='block_1_42' title="bbox 105 2668 1693 2741">
    <p class='ocr_par' dir='ltr' id='par_1_42' title="bbox 105 2668 1693 2741">
     <span class='ocr_line' id='line_1_42' title="bbox 105 2668 1693 2741; baseline -0.001 -18"><span class='ocrx_word' id='word_1_297' title='bbox 105 2670 226 2734; x_wconf 82' lang='grc' dir='ltr'>νὸς,</span> <span class='ocrx_word' id='word_1_298' title='bbox 255 2670 352 2723; x_wconf 76' lang='grc' dir='ltr'><strong>καὶ</strong></span> <span class='ocrx_word' id='word_1_299' title='bbox 388 2669 793 2741; x_wconf 75' lang='grc' dir='ltr'>Ἀριστόϐουλος</span> <span class='ocrx_word' id='word_1_300' title='bbox 822 2669 959 2740; x_wconf 84' lang='grc' dir='ltr'><strong>πρὸς</strong></span> <span class='ocrx_word' id='word_1_301' title='bbox 987 2668 1252 2740; x_wconf 77' lang='grc' dir='ltr'><strong>ἀλλήλους</strong></span> <span class='ocrx_word' id='word_1_302' title='bbox 1286 2669 1693 2732; x_wconf 81' lang='grc' dir='ltr'><strong>στασιάσαντες.</strong></span> 
     </span>
    </p>
   </div>
   <div class='ocr_carea' id='block_1_43' title="bbox 104 2759 1697 2834">
    <p class='ocr_par' dir='ltr' id='par_1_43' title="bbox 104 2759 1697 2834">
     <span class='ocr_line' id='line_1_43' title="bbox 104 2759 1697 2834; baseline -0.004 -17"><span class='ocrx_word' id='word_1_303' title='bbox 104 2764 226 2834; x_wconf 83' lang='grc' dir='ltr'><strong>Τήν</strong></span> <span class='ocrx_word' id='word_1_304' title='bbox 272 2781 333 2817; x_wconf 82' lang='grc' dir='ltr'>τε</span> <span class='ocrx_word' id='word_1_305' title='bbox 377 2763 484 2834; x_wconf 74' lang='grc' dir='ltr'>γὰρ</span> <span class='ocrx_word' id='word_1_306' title='bbox 525 2760 836 2832; x_wconf 74' lang='grc' dir='ltr'>ἐλευθερίαν</span> <span class='ocrx_word' id='word_1_307' title='bbox 883 2759 1265 2830; x_wconf 78' lang='grc' dir='ltr'>ἀπεϐάλομεν,</span> <span class='ocrx_word' id='word_1_308' title='bbox 1319 2759 1412 2813; x_wconf 73' lang='grc' dir='ltr'><strong>καὶ</strong></span> <span class='ocrx_word' id='word_1_309' title='bbox 1469 2760 1697 2829; x_wconf 82' lang='grc' dir='ltr'>ὑπήκοοι</span> 
     </span>
    </p>
   </div>
   <div class='ocr_carea' id='block_1_44' title="bbox 115 2850 1697 2925">
    <p class='ocr_par' dir='ltr' id='par_1_44' title="bbox 115 2850 1697 2925">
     <span class='ocr_line' id='line_1_44' title="bbox 115 2850 1697 2925; baseline -0.004 -17"><span class='ocrx_word' id='word_1_310' title='bbox 115 2853 414 2925; x_wconf 77' lang='grc' dir='ltr'>Ῥωμαίων</span> <span class='ocrx_word' id='word_1_311' title='bbox 437 2853 796 2924; x_wconf 82' lang='grc' dir='ltr'>κατέστημεν.</span> <span class='ocrx_word' id='word_1_312' title='bbox 824 2851 990 2922; x_wconf 89' lang='lat' dir='ltr'><strong>Igitur</strong></span> <span class='ocrx_word' id='word_1_313' title='bbox 1018 2851 1086 2906; x_wconf 90' lang='lat' dir='ltr'><strong>ab</strong></span> <span class='ocrx_word' id='word_1_314' title='bbox 1115 2851 1205 2905; x_wconf 87' lang='lat' dir='ltr'><strong>illo</strong></span> <span class='ocrx_word' id='word_1_315' title='bbox 1229 2861 1468 2920; x_wconf 87' lang='lat' dir='ltr'><strong>tempore</strong></span> <span class='ocrx_word' id='word_1_316' title='bbox 1491 2850 1697 2904; x_wconf 83' lang='lat' dir='ltr'><strong>Roma-</strong></span> 
     </span>
    </p>
   </div>
   <div class='ocr_carea' id='block_1_45' title="bbox 104 2941 1698 3018">
    <p class='ocr_par' dir='ltr' id='par_1_45' title="bbox 104 2941 1698 3018">
     <span class='ocr_line' id='line_1_45' title="bbox 104 2941 1698 3018; baseline -0.006 -14"><span class='ocrx_word' id='word_1_317' title='bbox 104 2949 201 3004; x_wconf 88' lang='lat' dir='ltr'><strong>nis</strong></span> <span class='ocrx_word' id='word_1_318' title='bbox 230 2947 416 3002; x_wconf 70' lang='lat' dir='ltr'><strong>Judzea</strong></span> <span class='ocrx_word' id='word_1_319' title='bbox 463 2946 664 3018; x_wconf 88' lang='lat' dir='ltr'><strong>paruit,</strong></span> <span class='ocrx_word' id='word_1_320' title='bbox 717 2961 816 3001; x_wconf 88' lang='lat' dir='ltr'><strong>nec</strong></span> <span class='ocrx_word' id='word_1_321' title='bbox 847 2960 977 3001; x_wconf 89' lang='lat' dir='ltr'><strong>suos</strong></span> <span class='ocrx_word' id='word_1_322' title='bbox 1021 2960 1180 3016; x_wconf 84' lang='lat' dir='ltr'><strong>reges</strong></span> <span class='ocrx_word' id='word_1_323' title='bbox 1212 2944 1438 3008; x_wconf 84' lang='lat' dir='ltr'><strong>habuit;</strong></span> <span class='ocrx_word' id='word_1_324' title='bbox 1470 2943 1570 2996; x_wconf 85' lang='lat' dir='ltr'><strong>etsi</strong></span> <span class='ocrx_word' id='word_1_325' title='bbox 1601 2941 1698 2996; x_wconf 89' lang='lat' dir='ltr'><strong>ali-</strong></span> 
     </span>
    </p>
   </div>
   <div class='ocr_carea' id='block_1_46' title="bbox 104 3034 1698 3112">
    <p class='ocr_par' dir='ltr' id='par_1_46' title="bbox 104 3034 1698 3112">
     <span class='ocr_line' id='line_1_46' title="bbox 104 3034 1698 3112; baseline -0.004 -17"><span class='ocrx_word' id='word_1_326' title='bbox 104 3041 356 3112; x_wconf 86' lang='lat' dir='ltr'><strong>quandiu</strong></span> <span class='ocrx_word' id='word_1_327' title='bbox 378 3038 668 3094; x_wconf 81' lang='lat' dir='ltr'><strong>conﬂictati</strong></span> <span class='ocrx_word' id='word_1_328' title='bbox 703 3048 850 3093; x_wconf 91' lang='lat' dir='ltr'><strong>sunt.</strong></span> <span class='ocrx_word' id='word_1_329' title='bbox 885 3035 1138 3111; x_wconf 83' lang='lat' dir='ltr'><strong>Hyrcano</strong></span> <span class='ocrx_word' id='word_1_330' title='bbox 1164 3036 1382 3108; x_wconf 91' lang='lat' dir='ltr'><strong>quidem</strong></span> <span class='ocrx_word' id='word_1_331' title='bbox 1412 3034 1698 3106; x_wconf 83' lang='lat' dir='ltr'><strong>pontiﬁca-</strong></span> 
     </span>
    </p>
   </div>
   <div class='ocr_carea' id='block_1_47' title="bbox 105 3125 1698 3200">
    <p class='ocr_par' dir='ltr' id='par_1_47' title="bbox 105 3125 1698 3200">
     <span class='ocr_line' id='line_1_47' title="bbox 105 3125 1698 3200; baseline -0.003 -17"><span class='ocrx_word' id='word_1_332' title='bbox 105 3142 206 3184; x_wconf 85' lang='lat' dir='ltr'><strong>tus</strong></span> <span class='ocrx_word' id='word_1_333' title='bbox 231 3129 451 3184; x_wconf 89' lang='lat' dir='ltr'><strong>relictus</strong></span> <span class='ocrx_word' id='word_1_334' title='bbox 473 3140 578 3194; x_wconf 89' lang='lat' dir='ltr'><strong>est,</strong></span> <span class='ocrx_word' id='word_1_335' title='bbox 595 3144 625 3183; x_wconf 91' lang='lat' dir='ltr'><strong>a</strong></span> <span class='ocrx_word' id='word_1_336' title='bbox 651 3126 885 3184; x_wconf 80' lang='lat' dir='ltr'><strong>Gabinio</strong></span> <span class='ocrx_word' id='word_1_337' title='bbox 901 3127 1237 3200; x_wconf 65' lang='lat' dir='ltr'><strong>praesertim:</strong></span> <span class='ocrx_word' id='word_1_338' title='bbox 1265 3125 1379 3196; x_wconf 91' lang='lat' dir='ltr'><strong>qni,</strong></span> <span class='ocrx_word' id='word_1_339' title='bbox 1411 3135 1470 3179; x_wconf 90' lang='lat' dir='ltr'><strong>ut</strong></span> <span class='ocrx_word' id='word_1_340' title='bbox 1489 3135 1610 3194; x_wconf 77' lang='lat' dir='ltr'><strong>eap.’</strong></span> <span class='ocrx_word' id='word_1_341' title='bbox 1635 3125 1698 3178; x_wconf 89' lang='lat' dir='ltr'><strong>l0</strong></span> 
     </span>
    </p>
   </div>
   <div class='ocr_carea' id='block_1_48' title="bbox 107 3215 1698 3292">
    <p class='ocr_par' dir='ltr' id='par_1_48' title="bbox 107 3215 1698 3292">
     <span class='ocr_line' id='line_1_48' title="bbox 107 3215 1698 3292; baseline -0.003 -18"><span class='ocrx_word' id='word_1_342' title='bbox 107 3221 238 3275; x_wconf 89' lang='lat' dir='ltr'><strong>libri</strong></span> <span class='ocrx_word' id='word_1_343' title='bbox 277 3236 369 3274; x_wconf 82' lang='lat' dir='ltr'><strong>xiv</strong></span> <span class='ocrx_word' id='word_1_344' title='bbox 404 3220 615 3287; x_wconf 89' lang='lat' dir='ltr'><strong>scribit,</strong></span> <span class='ocrx_word' id='word_1_345' title='bbox 648 3222 889 3291; x_wconf 76' lang='lat' dir='ltr'><strong>quinque</strong></span> <span class='ocrx_word' id='word_1_346' title='bbox 925 3218 1206 3292; x_wconf 88' lang='lat' dir='ltr'><strong>Synedriis</strong></span> <span class='ocrx_word' id='word_1_347' title='bbox 1231 3219 1284 3272; x_wconf 91' lang='lat' dir='ltr'><strong>in</strong></span> <span class='ocrx_word' id='word_1_348' title='bbox 1316 3215 1502 3272; x_wconf 68' lang='lat' dir='ltr'><strong>Iudaea</strong></span> <span class='ocrx_word' id='word_1_349' title='bbox 1528 3215 1698 3271; x_wconf 86' lang='lat' dir='ltr'><strong>collo—</strong></span> 
     </span>
    </p>
   </div>
   <div class='ocr_carea' id='block_1_49' title="bbox 104 3309 1700 3378">
    <p class='ocr_par' dir='ltr' id='par_1_49' title="bbox 104 3309 1700 3378">
     <span class='ocr_line' id='line_1_49' title="bbox 104 3309 1700 3378; baseline -0.001 -12"><span class='ocrx_word' id='word_1_350' title='bbox 104 3312 280 3378; x_wconf 86' lang='lat' dir='ltr'><strong>catis,</strong></span> <span class='ocrx_word' id='word_1_351' title='bbox 315 3312 715 3370; x_wconf 86' lang='lat' dir='ltr'><strong>aristocratiam</strong></span> <span class='ocrx_word' id='word_1_352' title='bbox 762 3313 1069 3369; x_wconf 88' lang='lat' dir='ltr'><strong>constituit.</strong></span> <span class='ocrx_word' id='word_1_353' title='bbox 1117 3311 1247 3367; x_wconf 84' lang='lat' dir='ltr'><strong>Post</strong></span> <span class='ocrx_word' id='word_1_354' title='bbox 1297 3311 1412 3364; x_wconf 68' lang='lat' dir='ltr'><strong>hmc</strong></span> <span class='ocrx_word' id='word_1_355' title='bbox 1438 3309 1700 3364; x_wconf 89' lang='lat' dir='ltr'><strong>adversus</strong></span> 
     </span>
    </p>
   </div>
   <div class='ocr_carea' id='block_1_50' title="bbox 106 3401 1699 3475">
    <p class='ocr_par' dir='ltr' id='par_1_50' title="bbox 106 3401 1699 3475">
     <span class='ocr_line' id='line_1_50' title="bbox 106 3401 1699 3475; baseline -0.009 -6"><span class='ocrx_word' id='word_1_356' title='bbox 106 3407 430 3468; x_wconf 77' lang='lat' dir='ltr'><strong>Hvrcannm</strong></span> <span class='ocrx_word' id='word_1_357' title='bbox 491 3409 799 3463; x_wconf 81' lang='lat' dir='ltr'><strong>Alexander</strong></span> <span class='ocrx_word' id='word_1_358' title='bbox 849 3416 904 3464; x_wconf 91' lang='lat' dir='ltr'><strong>et</strong></span> <span class='ocrx_word' id='word_1_359' title='bbox 934 3406 1244 3475; x_wconf 79' lang='lat' dir='ltr'><strong>Antigonus</strong></span> <span class='ocrx_word' id='word_1_360' title='bbox 1278 3403 1574 3460; x_wconf 88' lang='lat' dir='ltr'><strong>Aristobuli</strong></span> <span class='ocrx_word' id='word_1_361' title='bbox 1606 3401 1699 3456; x_wconf 84' lang='lat' dir='ltr'><strong>lilii</strong></span> 
     </span>
    </p>
   </div>
   <div class='ocr_carea' id='block_1_51' title="bbox 106 3493 1702 3574">
    <p class='ocr_par' dir='ltr' id='par_1_51' title="bbox 106 3493 1702 3574">
     <span class='ocr_line' id='line_1_51' title="bbox 106 3493 1702 3574; baseline -0.007 -16"><span class='ocrx_word' id='word_1_362' title='bbox 106 3511 333 3574; x_wconf 68' lang='lat' dir='ltr'><strong>aliquot</strong></span> <span class='ocrx_word' id='word_1_363' title='bbox 382 3501 540 3557; x_wconf 89' lang='lat' dir='ltr'><strong>annis</strong></span> <span class='ocrx_word' id='word_1_364' title='bbox 585 3507 860 3556; x_wconf 90' lang='lat' dir='ltr'><strong>certarunt</strong></span> <span class='ocrx_word' id='word_1_365' title='bbox 904 3518 918 3554; x_wconf 90' lang='lat'><strong>:</strong></span> <span class='ocrx_word' id='word_1_366' title='bbox 969 3499 1274 3568; x_wconf 90' lang='lat' dir='ltr'><strong>iisdemque</strong></span> <span class='ocrx_word' id='word_1_367' title='bbox 1311 3512 1409 3568; x_wconf 89' lang='lat' dir='ltr'><strong>pro</strong></span> <span class='ocrx_word' id='word_1_368' title='bbox 1453 3493 1702 3566; x_wconf 80' lang='lat' dir='ltr'><strong>Hyrcano</strong></span> 
     </span>
    </p>
   </div>
   <div class='ocr_carea' id='block_1_52' title="bbox 111 3589 1702 3665">
    <p class='ocr_par' dir='ltr' id='par_1_52' title="bbox 111 3589 1702 3665">
     <span class='ocr_line' id='line_1_52' title="bbox 111 3589 1702 3665; baseline -0.009 -12"><span class='ocrx_word' id='word_1_369' title='bbox 111 3608 346 3653; x_wconf 87' lang='lat' dir='ltr'><strong>strenue</strong></span> <span class='ocrx_word' id='word_1_370' title='bbox 379 3594 659 3665; x_wconf 80' lang='lat' dir='ltr'><strong>Antipater</strong></span> <span class='ocrx_word' id='word_1_371' title='bbox 674 3593 898 3661; x_wconf 89' lang='lat' dir='ltr'><strong>restitit,</strong></span> <span class='ocrx_word' id='word_1_372' title='bbox 923 3592 1018 3662; x_wconf 91' lang='lat' dir='ltr'><strong>qui</strong></span> <span class='ocrx_word' id='word_1_373' title='bbox 1047 3607 1078 3646; x_wconf 90' lang='lat' dir='ltr'><strong>a</strong></span> <span class='ocrx_word' id='word_1_374' title='bbox 1108 3591 1254 3646; x_wconf 83' lang='lat' dir='ltr'><strong>Julio</strong></span> <span class='ocrx_word' id='word_1_375' title='bbox 1277 3589 1493 3645; x_wconf 63' lang='lat' dir='ltr'><strong>Caesare</strong></span> <span class='ocrx_word' id='word_1_376' title='bbox 1516 3593 1702 3657; x_wconf 81' lang='lat' dir='ltr'><strong>postea</strong></span> 
     </span>
    </p>
   </div>
   <div class='ocr_carea' id='block_1_53' title="bbox 113 3684 1702 3760">
    <p class='ocr_par' dir='ltr' id='par_1_53' title="bbox 113 3684 1702 3760">
     <span class='ocr_line' id='line_1_53' title="bbox 113 3684 1702 3760; baseline -0.007 -17"><span class='ocrx_word' id='word_1_377' title='bbox 113 3689 224 3760; x_wconf 80' lang='grc' dir='ltr'>τὴν</span> <span class='ocrx_word' id='word_1_378' title='bbox 253 3687 562 3758; x_wconf 73' lang='grc' dir='ltr'>ἐπιτροπήν</span> <span class='ocrx_word' id='word_1_379' title='bbox 591 3694 780 3742; x_wconf 88' lang='lat' dir='ltr'><strong>nactus</strong></span> <span class='ocrx_word' id='word_1_380' title='bbox 812 3694 930 3752; x_wconf 91' lang='lat' dir='ltr'><strong>est;</strong></span> <span class='ocrx_word' id='word_1_381' title='bbox 978 3700 1042 3739; x_wconf 91' lang='lat' dir='ltr'><strong>ac</strong></span> <span class='ocrx_word' id='word_1_382' title='bbox 1068 3699 1164 3754; x_wconf 90' lang='lat' dir='ltr'><strong>per</strong></span> <span class='ocrx_word' id='word_1_383' title='bbox 1191 3684 1330 3737; x_wconf 80' lang='lat' dir='ltr'><strong>idem</strong></span> <span class='ocrx_word' id='word_1_384' title='bbox 1357 3691 1570 3750; x_wconf 81' lang='lat' dir='ltr'><strong>tempus</strong></span> <span class='ocrx_word' id='word_1_385' title='bbox 1599 3692 1702 3748; x_wconf 86' lang='lat' dir='ltr'><strong>po-</strong></span> 
     </span>
    </p>
   </div>
   <div class='ocr_carea' id='block_1_54' title="bbox 116 3769 1705 3853">
    <p class='ocr_par' dir='ltr' id='par_1_54' title="bbox 116 3769 1705 3853">
     <span class='ocr_line' id='line_1_54' title="bbox 116 3769 1705 3853; baseline -0.008 -15"><span class='ocrx_word' id='word_1_386' title='bbox 116 3781 242 3853; x_wconf 90' lang='lat' dir='ltr'><strong>puli</strong></span> <span class='ocrx_word' id='word_1_387' title='bbox 269 3779 432 3836; x_wconf 84' lang='lat' dir='ltr'><strong>Bom.</strong></span> <span class='ocrx_word' id='word_1_388' title='bbox 469 3780 788 3836; x_wconf 91' lang='lat' dir='ltr'><strong>societatem</strong></span> <span class='ocrx_word' id='word_1_389' title='bbox 825 3786 880 3834; x_wconf 88' lang='lat' dir='ltr'><strong>et</strong></span> <span class='ocrx_word' id='word_1_390' title='bbox 936 3775 1232 3832; x_wconf 90' lang='lat' dir='ltr'><strong>amicitiam</strong></span> <span class='ocrx_word' id='word_1_391' title='bbox 1273 3771 1603 3843; x_wconf 88' lang='lat' dir='ltr'><strong>impetravit.</strong></span> <span class='ocrx_word' id='word_1_392' title='bbox 1629 3769 1705 3825; x_wconf 91' lang='lat' dir='ltr'><strong>De</strong></span> 
     </span>
    </p>
   </div>
   <div class='ocr_carea' id='block_1_55' title="bbox 111 3863 1706 3942">
    <p class='ocr_par' dir='ltr' id='par_1_55' title="bbox 111 3863 1706 3942">
     <span class='ocr_line' id='line_1_55' title="bbox 111 3863 1706 3942; baseline -0.007 -15"><span class='ocrx_word' id='word_1_393' title='bbox 111 3887 233 3942; x_wconf 83' lang='lat' dir='ltr'><strong>quo</strong></span> <span class='ocrx_word' id='word_1_394' title='bbox 262 3870 545 3941; x_wconf 88' lang='lat' dir='ltr'><strong>complura</strong></span> <span class='ocrx_word' id='word_1_395' title='bbox 579 3868 810 3926; x_wconf 64' lang='lat' dir='ltr'><strong>Caesaris</strong></span> <span class='ocrx_word' id='word_1_396' title='bbox 859 3868 1075 3933; x_wconf 78' lang='lat' dir='ltr'><strong>decreta</strong></span> <span class='ocrx_word' id='word_1_397' title='bbox 1109 3865 1252 3936; x_wconf 87' lang='lat' dir='ltr'><strong>apud</strong></span> <span class='ocrx_word' id='word_1_398' title='bbox 1285 3863 1581 3932; x_wconf 87' lang='lat' dir='ltr'><strong>Josephum</strong></span> <span class='ocrx_word' id='word_1_399' title='bbox 1613 3877 1706 3917; x_wconf 83' lang='lat' dir='ltr'><strong>ex-</strong></span> 
     </span>
    </p>
   </div>
   <div class='ocr_carea' id='block_1_56' title="bbox 113 3951 1704 4026">
    <p class='ocr_par' dir='ltr' id='par_1_56' title="bbox 113 3951 1704 4026">
     <span class='ocr_line' id='line_1_56' title="bbox 113 3951 1704 4026; baseline -0.007 -8"><span class='ocrx_word' id='word_1_400' title='bbox 113 3970 272 4019; x_wconf 87' lang='lat' dir='ltr'><strong>stant</strong></span> <span class='ocrx_word' id='word_1_401' title='bbox 292 3961 329 4015; x_wconf 91' lang='lat' dir='ltr'><strong>l.</strong></span> <span class='ocrx_word' id='word_1_402' title='bbox 354 3975 462 4024; x_wconf 79' lang='lat' dir='ltr'><strong>xiv,</strong></span> <span class='ocrx_word' id='word_1_403' title='bbox 487 3974 535 4013; x_wconf 93' lang='lat' dir='ltr'><strong>c.</strong></span> <span class='ocrx_word' id='word_1_404' title='bbox 567 3957 653 4012; x_wconf 87' lang='grc'>17.</span> <span class='ocrx_word' id='word_1_405' title='bbox 688 3957 792 4012; x_wconf 89' lang='lat' dir='ltr'><strong>Sed</strong></span> <span class='ocrx_word' id='word_1_406' title='bbox 824 3956 1163 4012; x_wconf 82' lang='lat' dir='ltr'><strong>antecedenti</strong></span> <span class='ocrx_word' id='word_1_407' title='bbox 1187 3955 1365 4026; x_wconf 89' lang='lat' dir='ltr'><strong>capite</strong></span> <span class='ocrx_word' id='word_1_408' title='bbox 1392 3951 1612 4023; x_wconf 86' lang='lat' dir='ltr'><strong>Josephi</strong></span> <span class='ocrx_word' id='word_1_409' title='bbox 1636 3967 1704 4007; x_wconf 90' lang='lat' dir='ltr'><strong>an</strong></span> 
     </span>
    </p>
   </div>
   <div class='ocr_carea' id='block_1_57' title="bbox 114 4038 1707 4112">
    <p class='ocr_par' dir='ltr' id='par_1_57' title="bbox 114 4038 1707 4112">
     <span class='ocr_line' id='line_1_57' title="bbox 114 4038 1707 4112; baseline -0.006 -4"><span class='ocrx_word' id='word_1_410' title='bbox 114 4038 340 4110; x_wconf 80' lang='lat' dir='ltr'><strong>librarii</strong></span> <span class='ocrx_word' id='word_1_411' title='bbox 361 4049 788 4106; x_wconf 89' lang='lat' dir='ltr'><strong>hallucinatione</strong></span> <span class='ocrx_word' id='word_1_412' title='bbox 803 4049 1024 4112; x_wconf 91' lang='lat' dir='ltr'><strong>accidit,</strong></span> <span class='ocrx_word' id='word_1_413' title='bbox 1043 4056 1102 4103; x_wconf 92' lang='lat' dir='ltr'><strong>ut</strong></span> <span class='ocrx_word' id='word_1_414' title='bbox 1127 4061 1253 4103; x_wconf 92' lang='lat' dir='ltr'><strong>cum</strong></span> <span class='ocrx_word' id='word_1_415' title='bbox 1278 4052 1498 4103; x_wconf 87' lang='lat' dir='ltr'><strong>senatus</strong></span> <span class='ocrx_word' id='word_1_416' title='bbox 1520 4044 1707 4099; x_wconf 83' lang='lat' dir='ltr'><strong>dcere-</strong></span> 
     </span>
    </p>
   </div>
   <div class='ocr_carea' id='block_1_58' title="bbox 113 4131 1707 4210">
    <p class='ocr_par' dir='ltr' id='par_1_58' title="bbox 113 4131 1707 4210">
     <span class='ocr_line' id='line_1_58' title="bbox 113 4131 1707 4210; baseline -0.01 -9"><span class='ocrx_word' id='word_1_417' title='bbox 113 4159 239 4201; x_wconf 87' lang='lat' dir='ltr'><strong>tum</strong></span> <span class='ocrx_word' id='word_1_418' title='bbox 283 4144 349 4199; x_wconf 91' lang='lat' dir='ltr'><strong>de</strong></span> <span class='ocrx_word' id='word_1_419' title='bbox 377 4142 547 4197; x_wconf 87' lang='lat' dir='ltr'><strong>muris</strong></span> <span class='ocrx_word' id='word_1_420' title='bbox 585 4139 1088 4210; x_wconf 80' lang='lat' dir='ltr'><strong>Hierosolymorum</strong></span> <span class='ocrx_word' id='word_1_421' title='bbox 1123 4134 1428 4192; x_wconf 82' lang='lat' dir='ltr'><strong>reﬁciendis</strong></span> <span class='ocrx_word' id='word_1_422' title='bbox 1474 4133 1543 4188; x_wconf 91' lang='lat' dir='ltr'><strong>ab</strong></span> <span class='ocrx_word' id='word_1_423' title='bbox 1568 4131 1707 4204; x_wconf 88' lang='lat' dir='ltr'><strong>Hyr-</strong></span> 
     </span>
    </p>
   </div>
   <div class='ocr_carea' id='block_1_59' title="bbox 114 4223 1710 4302">
    <p class='ocr_par' dir='ltr' id='par_1_59' title="bbox 114 4223 1710 4302">
     <span class='ocr_line' id='line_1_59' title="bbox 114 4223 1710 4302; baseline -0.009 -9"><span class='ocrx_word' id='word_1_424' title='bbox 114 4251 267 4293; x_wconf 89' lang='lat' dir='ltr'><strong>cano</strong></span> <span class='ocrx_word' id='word_1_425' title='bbox 313 4233 539 4290; x_wconf 84' lang='lat' dir='ltr'><strong>Juniore</strong></span> <span class='ocrx_word' id='word_1_426' title='bbox 594 4232 943 4302; x_wconf 90' lang='lat' dir='ltr'><strong>impetratum</strong></span> <span class='ocrx_word' id='word_1_427' title='bbox 994 4230 1156 4284; x_wconf 87' lang='lat' dir='ltr'><strong>vellet</strong></span> <span class='ocrx_word' id='word_1_428' title='bbox 1208 4225 1506 4290; x_wconf 89' lang='lat' dir='ltr'><strong>ascribere,</strong></span> <span class='ocrx_word' id='word_1_429' title='bbox 1562 4223 1710 4280; x_wconf 90' lang='lat' dir='ltr'><strong>aliud</strong></span> 
     </span>
    </p>
   </div>
   <div class='ocr_carea' id='block_1_60' title="bbox 116 4316 1710 4398">
    <p class='ocr_par' dir='ltr' id='par_1_60' title="bbox 116 4316 1710 4398">
     <span class='ocr_line' id='line_1_60' title="bbox 116 4316 1710 4398; baseline -0.009 -14"><span class='ocrx_word' id='word_1_430' title='bbox 116 4325 501 4398; x_wconf 85' lang='lat' dir='ltr'><strong>suhjunxcrit,</strong></span> <span class='ocrx_word' id='word_1_431' title='bbox 550 4325 695 4395; x_wconf 85' lang='lat' dir='ltr'><strong>quod</strong></span> <span class='ocrx_word' id='word_1_432' title='bbox 740 4324 791 4378; x_wconf 91' lang='lat' dir='ltr'><strong>in</strong></span> <span class='ocrx_word' id='word_1_433' title='bbox 827 4322 1058 4394; x_wconf 84' lang='lat' dir='ltr'><strong>gratiam</strong></span> <span class='ocrx_word' id='word_1_434' title='bbox 1089 4318 1324 4392; x_wconf 78' lang='lat' dir='ltr'><strong>Hyrcani</strong></span> <span class='ocrx_word' id='word_1_435' title='bbox 1365 4317 1585 4388; x_wconf 87' lang='lat' dir='ltr'><strong>majoris</strong></span> <span class='ocrx_word' id='word_1_436' title='bbox 1635 4316 1710 4370; x_wconf 79' lang='lat' dir='ltr'><strong>fa-</strong></span> 
     </span>
    </p>
   </div>
   <div class='ocr_carea' id='block_1_61' title="bbox 117 4413 1709 4482">
    <p class='ocr_par' dir='ltr' id='par_1_61' title="bbox 117 4413 1709 4482">
     <span class='ocr_line' id='line_1_61' title="bbox 117 4413 1709 4482; baseline -0.006 -8"><span class='ocrx_word' id='word_1_437' title='bbox 117 4430 278 4474; x_wconf 90' lang='lat' dir='ltr'><strong>ctum</strong></span> <span class='ocrx_word' id='word_1_438' title='bbox 321 4417 489 4472; x_wconf 85' lang='lat' dir='ltr'><strong>fuerat</strong></span> <span class='ocrx_word' id='word_1_439' title='bbox 514 4435 525 4469; x_wconf 90' lang='lat'>:</span> <span class='ocrx_word' id='word_1_440' title='bbox 548 4416 879 4472; x_wconf 88' lang='lat' dir='ltr'><strong>euialterum</strong></span> <span class='ocrx_word' id='word_1_441' title='bbox 917 4413 1326 4469; x_wconf 88' lang='lat' dir='ltr'><strong>Atheniensium</strong></span> <span class='ocrx_word' id='word_1_442' title='bbox 1363 4413 1709 4482; x_wconf 88' lang='lat' dir='ltr'><strong>psephisma,</strong></span> 
     </span>
    </p>
   </div>
   <div class='ocr_carea' id='block_1_62' title="bbox 1795 1924 3379 2002">
    <p class='ocr_par' dir='ltr' id='par_1_62' title="bbox 1795 1924 3379 2002">
     <span class='ocr_line' id='line_1_62' title="bbox 1795 1924 3379 2002; baseline -0.004 -15"><span class='ocrx_word' id='word_1_443' title='bbox 1795 1943 1958 1987; x_wconf 89' lang='lat' dir='ltr'><strong>reret.</strong></span> <span class='ocrx_word' id='word_1_444' title='bbox 1995 1931 2136 1986; x_wconf 86' lang='lat' dir='ltr'><strong>Nulli</strong></span> <span class='ocrx_word' id='word_1_445' title='bbox 2172 1932 2355 2002; x_wconf 89' lang='lat' dir='ltr'><strong>itaque</strong></span> <span class='ocrx_word' id='word_1_446' title='bbox 2397 1931 2633 1986; x_wconf 82' lang='lat' dir='ltr'><strong>Romani</strong></span> <span class='ocrx_word' id='word_1_447' title='bbox 2680 1931 3067 2001; x_wconf 84' lang='lat' dir='ltr'><strong>magistratus,</strong></span> <span class='ocrx_word' id='word_1_448' title='bbox 3122 1924 3379 1998; x_wconf 65' lang='lat' dir='ltr'><strong>praesides</strong></span> 
     </span>
    </p>
   </div>
   <div class='ocr_carea' id='block_1_63' title="bbox 1797 2021 3380 2092">
    <p class='ocr_par' dir='ltr' id='par_1_63' title="bbox 1797 2021 3380 2092">
     <span class='ocr_line' id='line_1_63' title="bbox 1797 2021 3380 2092; baseline -0.006 -13"><span class='ocrx_word' id='word_1_449' title='bbox 1797 2025 1929 2079; x_wconf 89' lang='lat' dir='ltr'><strong>nulli</strong></span> <span class='ocrx_word' id='word_1_450' title='bbox 1979 2021 2219 2078; x_wconf 66' lang='lat' dir='ltr'><strong>.Iitdzeam</strong></span> <span class='ocrx_word' id='word_1_451' title='bbox 2256 2023 2636 2087; x_wconf 90' lang='lat' dir='ltr'><strong>obtinuerunt,</strong></span> <span class='ocrx_word' id='word_1_452' title='bbox 2678 2037 2779 2076; x_wconf 90' lang='lat' dir='ltr'><strong>nec</strong></span> <span class='ocrx_word' id='word_1_453' title='bbox 2813 2022 2927 2090; x_wconf 89' lang='lat' dir='ltr'><strong>alii,</strong></span> <span class='ocrx_word' id='word_1_454' title='bbox 2978 2035 3144 2092; x_wconf 89' lang='lat' dir='ltr'><strong>quam</strong></span> <span class='ocrx_word' id='word_1_455' title='bbox 3192 2027 3380 2072; x_wconf 84' lang='lat' dir='ltr'><strong>extra-</strong></span> 
     </span>
    </p>
   </div>
   <div class='ocr_carea' id='block_1_64' title="bbox 1797 2110 3380 2185">
    <p class='ocr_par' dir='ltr' id='par_1_64' title="bbox 1797 2110 3380 2185">
     <span class='ocr_line' id='line_1_64' title="bbox 1797 2110 3380 2185; baseline -0.004 -17"><span class='ocrx_word' id='word_1_456' title='bbox 1797 2114 2059 2169; x_wconf 88' lang='lat' dir='ltr'><strong>ordinarii</strong></span> <span class='ocrx_word' id='word_1_457' title='bbox 2092 2114 2383 2185; x_wconf 81' lang='grc' dir='ltr'>ήγεμόνες,</span> <span class='ocrx_word' id='word_1_458' title='bbox 2420 2114 2522 2169; x_wconf 88' lang='lat' dir='ltr'><strong>hoc</strong></span> <span class='ocrx_word' id='word_1_459' title='bbox 2550 2121 2634 2168; x_wconf 92' lang='lat' dir='ltr'><strong>est</strong></span> <span class='ocrx_word' id='word_1_460' title='bbox 2657 2112 2944 2182; x_wconf 61' lang='lat' dir='ltr'><strong>praesides,</strong></span> <span class='ocrx_word' id='word_1_461' title='bbox 2974 2110 3059 2164; x_wconf 85' lang='lat' dir='ltr'><strong>vel</strong></span> <span class='ocrx_word' id='word_1_462' title='bbox 3115 2122 3380 2179; x_wconf 55' lang='lat' dir='ltr'><strong>procura.</strong></span> 
     </span>
    </p>
   </div>
   <div class='ocr_carea' id='block_1_65' title="bbox 1797 2200 3377 2274">
    <p class='ocr_par' dir='ltr' id='par_1_65' title="bbox 1797 2200 3377 2274">
     <span class='ocr_line' id='line_1_65' title="bbox 1797 2200 3377 2274; baseline -0.005 -13"><span class='ocrx_word' id='word_1_463' title='bbox 1797 2215 1964 2274; x_wconf 89' lang='lat' dir='ltr'><strong>tores,</strong></span> <span class='ocrx_word' id='word_1_464' title='bbox 2013 2207 2097 2261; x_wconf 90' lang='lat' dir='ltr'><strong>vel</strong></span> <span class='ocrx_word' id='word_1_465' title='bbox 2143 2208 2398 2262; x_wconf 88' lang='lat' dir='ltr'><strong>universe</strong></span> <span class='ocrx_word' id='word_1_466' title='bbox 2436 2221 2560 2260; x_wconf 90' lang='lat' dir='ltr'><strong>cum</strong></span> <span class='ocrx_word' id='word_1_467' title='bbox 2616 2213 2887 2274; x_wconf 88' lang='lat' dir='ltr'><strong>potestate</strong></span> <span class='ocrx_word' id='word_1_468' title='bbox 2941 2203 3126 2272; x_wconf 88' lang='lat' dir='ltr'><strong>aliqua</strong></span> <span class='ocrx_word' id='word_1_469' title='bbox 3187 2200 3377 2264; x_wconf 87' lang='lat' dir='ltr'><strong>missi,</strong></span> 
     </span>
    </p>
   </div>
   <div class='ocr_carea' id='block_1_66' title="bbox 1769 2290 3382 2368">
    <p class='ocr_par' dir='ltr' id='par_1_66' title="bbox 1769 2290 3382 2368">
     <span class='ocr_line' id='line_1_66' title="bbox 1769 2290 3382 2368; baseline -0.006 -15"><span class='ocrx_word' id='word_1_470' title='bbox 1769 2295 1966 2353; x_wconf 73' lang='lat' dir='ltr'><strong>&#39;ullam</strong></span> <span class='ocrx_word' id='word_1_471' title='bbox 1992 2295 2226 2352; x_wconf 86' lang='lat' dir='ltr'><strong>Herodis</strong></span> <span class='ocrx_word' id='word_1_472' title='bbox 2251 2297 2302 2351; x_wconf 88' lang='lat' dir='ltr'><strong>in</strong></span> <span class='ocrx_word' id='word_1_473' title='bbox 2343 2311 2510 2368; x_wconf 87' lang='lat' dir='ltr'><strong>regno</strong></span> <span class='ocrx_word' id='word_1_474' title='bbox 2534 2295 2891 2360; x_wconf 85' lang='lat' dir='ltr'><strong>iunctionem,</strong></span> <span class='ocrx_word' id='word_1_475' title='bbox 2928 2302 3022 2348; x_wconf 89' lang='lat' dir='ltr'><strong>aut</strong></span> <span class='ocrx_word' id='word_1_476' title='bbox 3046 2290 3382 2364; x_wconf 84' lang='lat' dir='ltr'><strong>jurisdictio-</strong></span> 
     </span>
    </p>
   </div>
   <div class='ocr_carea' id='block_1_67' title="bbox 1798 2397 2343 2445">
    <p class='ocr_par' dir='ltr' id='par_1_67' title="bbox 1798 2397 2343 2445">
     <span class='ocr_line' id='line_1_67' title="bbox 1798 2397 2343 2445; baseline -0.004 -1"><span class='ocrx_word' id='word_1_477' title='bbox 1798 2405 1922 2445; x_wconf 88' lang='lat' dir='ltr'><strong>nem</strong></span> <span class='ocrx_word' id='word_1_478' title='bbox 1962 2397 2343 2444; x_wconf 81' lang='lat' dir='ltr'><strong>exercuerunt.</strong></span> 
     </span>
    </p>
   </div>
   <div class='ocr_carea' id='block_1_68' title="bbox 1869 2471 3383 2552">
    <p class='ocr_par' dir='ltr' id='par_1_68' title="bbox 1869 2471 3383 2552">
     <span class='ocr_line' id='line_1_68' title="bbox 1869 2471 3383 2552; baseline -0.007 -15"><span class='ocrx_word' id='word_1_479' title='bbox 1869 2484 1939 2537; x_wconf 89' lang='lat' dir='ltr'><strong>At</strong></span> <span class='ocrx_word' id='word_1_480' title='bbox 1965 2483 2018 2537; x_wconf 91' lang='lat' dir='ltr'><strong>in</strong></span> <span class='ocrx_word' id='word_1_481' title='bbox 2055 2481 2349 2536; x_wconf 78' lang='lat' dir='ltr'><strong>Annalibus</strong></span> <span class='ocrx_word' id='word_1_482' title='bbox 2381 2495 2666 2552; x_wconf 89' lang='lat' dir='ltr'><strong>perperam</strong></span> <span class='ocrx_word' id='word_1_483' title='bbox 2714 2475 3004 2550; x_wconf 88' lang='lat' dir='ltr'><strong>Epiphanii</strong></span> <span class='ocrx_word' id='word_1_484' title='bbox 3048 2491 3204 2531; x_wconf 89' lang='lat' dir='ltr'><strong>mens</strong></span> <span class='ocrx_word' id='word_1_485' title='bbox 3238 2471 3383 2529; x_wconf 79' lang='lat' dir='ltr'><strong>acci-</strong></span> 
     </span>
    </p>
   </div>
   <div class='ocr_carea' id='block_1_69' title="bbox 1804 2567 3384 2650">
    <p class='ocr_par' dir='ltr' id='par_1_69' title="bbox 1804 2567 3384 2650">
     <span class='ocr_line' id='line_1_69' title="bbox 1804 2567 3384 2650; baseline -0.009 -18"><span class='ocrx_word' id='word_1_486' title='bbox 1804 2581 1971 2650; x_wconf 89' lang='lat' dir='ltr'><strong>pitur,</strong></span> <span class='ocrx_word' id='word_1_487' title='bbox 2006 2593 2129 2634; x_wconf 92' lang='lat' dir='ltr'><strong>eum</strong></span> <span class='ocrx_word' id='word_1_488' title='bbox 2162 2577 2211 2631; x_wconf 85' lang='lat' dir='ltr'><strong>id</strong></span> <span class='ocrx_word' id='word_1_489' title='bbox 2245 2591 2368 2629; x_wconf 89' lang='lat' dir='ltr'><strong>eum</strong></span> <span class='ocrx_word' id='word_1_490' title='bbox 2411 2574 2701 2643; x_wconf 87' lang='lat' dir='ltr'><strong>scripsisse</strong></span> <span class='ocrx_word' id='word_1_491' title='bbox 2726 2578 2955 2626; x_wconf 88' lang='lat' dir='ltr'><strong>narrant</strong></span> <span class='ocrx_word' id='word_1_492' title='bbox 2995 2589 3007 2623; x_wconf 93' lang='lat'><strong>:</strong></span> <span class='ocrx_word' id='word_1_493' title='bbox 3054 2567 3254 2636; x_wconf 79' lang='lat' dir='ltr'><strong>Viginti</strong></span> <span class='ocrx_word' id='word_1_494' title='bbox 3287 2582 3384 2619; x_wconf 83' lang='lat' dir='ltr'><strong>no-</strong></span> 
     </span>
    </p>
   </div>
   <div class='ocr_carea' id='block_1_70' title="bbox 1799 2660 3385 2730">
    <p class='ocr_par' dir='ltr' id='par_1_70' title="bbox 1799 2660 3385 2730">
     <span class='ocr_line' id='line_1_70' title="bbox 1799 2660 3385 2730; baseline -0.01 -4"><span class='ocrx_word' id='word_1_495' title='bbox 1799 2688 1910 2726; x_wconf 81' lang='lat' dir='ltr'><strong>vent</strong></span> <span class='ocrx_word' id='word_1_496' title='bbox 1941 2671 2096 2725; x_wconf 80' lang='lat' dir='ltr'><strong>annis</strong></span> <span class='ocrx_word' id='word_1_497' title='bbox 2124 2666 2343 2722; x_wconf 78' lang='lat' dir='ltr'><strong>Judazos</strong></span> <span class='ocrx_word' id='word_1_498' title='bbox 2374 2665 2623 2719; x_wconf 79' lang='lat' dir='ltr'><strong>Romanis</strong></span> <span class='ocrx_word' id='word_1_499' title='bbox 2668 2663 2873 2717; x_wconf 84' lang='lat' dir='ltr'><strong>tributa</strong></span> <span class='ocrx_word' id='word_1_500' title='bbox 2924 2660 3256 2730; x_wconf 78' lang='lat' dir='ltr'><strong>dependisse,</strong></span> <span class='ocrx_word' id='word_1_501' title='bbox 3293 2673 3385 2711; x_wconf 88' lang='lat' dir='ltr'><strong>an-</strong></span> 
     </span>
    </p>
   </div>
   <div class='ocr_carea' id='block_1_71' title="bbox 1802 2753 3385 2835">
    <p class='ocr_par' dir='ltr' id='par_1_71' title="bbox 1802 2753 3385 2835">
     <span class='ocr_line' id='line_1_71' title="bbox 1802 2753 3385 2835; baseline -0.01 -17"><span class='ocrx_word' id='word_1_502' title='bbox 1802 2774 2009 2835; x_wconf 84' lang='lat' dir='ltr'><strong>tequam</strong></span> <span class='ocrx_word' id='word_1_503' title='bbox 2042 2761 2319 2829; x_wconf 80' lang='lat' dir='ltr'><strong>Antipater</strong></span> <span class='ocrx_word' id='word_1_504' title='bbox 2348 2757 2573 2813; x_wconf 80' lang='lat' dir='ltr'><strong>Herodis</strong></span> <span class='ocrx_word' id='word_1_505' title='bbox 2604 2773 2798 2827; x_wconf 80' lang='lat' dir='ltr'><strong>parens</strong></span> <span class='ocrx_word' id='word_1_506' title='bbox 2836 2753 3042 2808; x_wconf 71' lang='lat' dir='ltr'><strong>Judaza:</strong></span> <span class='ocrx_word' id='word_1_507' title='bbox 3071 2761 3385 2823; x_wconf 86' lang='lat' dir='ltr'><strong>procurator</strong></span> 
     </span>
    </p>
   </div>
   <div class='ocr_carea' id='block_1_72' title="bbox 1801 2853 3385 2917">
    <p class='ocr_par' dir='ltr' id='par_1_72' title="bbox 1801 2853 3385 2917">
     <span class='ocr_line' id='line_1_72' title="bbox 1801 2853 3385 2917; baseline -0.01 -6"><span class='ocrx_word' id='word_1_508' title='bbox 1801 2874 1832 2911; x_wconf 90' lang='lat' dir='ltr'><strong>a</strong></span> <span class='ocrx_word' id='word_1_509' title='bbox 1881 2855 2130 2909; x_wconf 83' lang='lat' dir='ltr'><strong>Romanis</strong></span> <span class='ocrx_word' id='word_1_510' title='bbox 2179 2853 2587 2913; x_wconf 82' lang='lat' dir='ltr'><strong>institueretur;</strong></span> <span class='ocrx_word' id='word_1_511' title='bbox 2629 2865 2722 2902; x_wconf 86' lang='lat' dir='ltr'><strong>nec</strong></span> <span class='ocrx_word' id='word_1_512' title='bbox 2770 2856 2952 2917; x_wconf 80' lang='lat' dir='ltr'><strong>postea</strong></span> <span class='ocrx_word' id='word_1_513' title='bbox 2998 2861 3231 2916; x_wconf 88' lang='lat' dir='ltr'><strong>unquam</strong></span> <span class='ocrx_word' id='word_1_514' title='bbox 3281 2858 3385 2896; x_wconf 85' lang='lat' dir='ltr'><strong>ces-</strong></span> 
     </span>
    </p>
   </div>
   <div class='ocr_carea' id='block_1_73' title="bbox 1805 2937 3385 3011">
    <p class='ocr_par' dir='ltr' id='par_1_73' title="bbox 1805 2937 3385 3011">
     <span class='ocr_line' id='line_1_73' title="bbox 1805 2937 3385 3011; baseline -0.008 -10"><span class='ocrx_word' id='word_1_515' title='bbox 1805 2963 1970 3002; x_wconf 81' lang='lat' dir='ltr'><strong>sasse.</strong></span> <span class='ocrx_word' id='word_1_516' title='bbox 2006 2943 2127 3011; x_wconf 89' lang='lat' dir='ltr'><strong>Quo</strong></span> <span class='ocrx_word' id='word_1_517' title='bbox 2176 2942 2314 2997; x_wconf 82' lang='lat' dir='ltr'><strong>nihil</strong></span> <span class='ocrx_word' id='word_1_518' title='bbox 2346 2956 2469 2996; x_wconf 90' lang='lat' dir='ltr'><strong>cum</strong></span> <span class='ocrx_word' id='word_1_519' title='bbox 2501 2940 2570 2994; x_wconf 91' lang='lat' dir='ltr'><strong>ab</strong></span> <span class='ocrx_word' id='word_1_520' title='bbox 2613 2937 2903 3010; x_wconf 77' lang='lat' dir='ltr'><strong>Epiphanii</strong></span> <span class='ocrx_word' id='word_1_521' title='bbox 2953 2948 3140 3001; x_wconf 89' lang='lat' dir='ltr'><strong>sensu,</strong></span> <span class='ocrx_word' id='word_1_522' title='bbox 3191 2943 3305 2988; x_wconf 89' lang='lat' dir='ltr'><strong>tum</strong></span> <span class='ocrx_word' id='word_1_523' title='bbox 3352 2948 3385 2988; x_wconf 85' lang='lat' dir='ltr'><strong>a</strong></span> 
     </span>
    </p>
   </div>
   <div class='ocr_carea' id='block_1_74' title="bbox 1801 3027 3383 3109">
    <p class='ocr_par' dir='ltr' id='par_1_74' title="bbox 1801 3027 3383 3109">
     <span class='ocr_line' id='line_1_74' title="bbox 1801 3027 3383 3109; baseline -0.009 -13"><span class='ocrx_word' id='word_1_524' title='bbox 1801 3042 2032 3096; x_wconf 87' lang='lat' dir='ltr'><strong>veritate</strong></span> <span class='ocrx_word' id='word_1_525' title='bbox 2063 3039 2179 3109; x_wconf 90' lang='lat' dir='ltr'><strong>ipsa</strong></span> <span class='ocrx_word' id='word_1_526' title='bbox 2203 3037 2310 3092; x_wconf 89' lang='lat' dir='ltr'><strong>dici</strong></span> <span class='ocrx_word' id='word_1_527' title='bbox 2344 3036 2576 3090; x_wconf 89' lang='lat' dir='ltr'><strong>alienius</strong></span> <span class='ocrx_word' id='word_1_528' title='bbox 2617 3041 2820 3105; x_wconf 86' lang='lat' dir='ltr'><strong>potest.</strong></span> <span class='ocrx_word' id='word_1_529' title='bbox 2856 3033 3016 3086; x_wconf 89' lang='lat' dir='ltr'><strong>Anno</strong></span> <span class='ocrx_word' id='word_1_530' title='bbox 3060 3029 3225 3086; x_wconf 90' lang='lat' dir='ltr'><strong>Urbis</strong></span> <span class='ocrx_word' id='word_1_531' title='bbox 3253 3027 3383 3091; x_wconf 85' lang='grc'><strong>691,</strong></span> 
     </span>
    </p>
   </div>
   <div class='ocr_carea' id='block_1_75' title="bbox 1802 3119 3384 3196">
    <p class='ocr_par' dir='ltr' id='par_1_75' title="bbox 1802 3119 3384 3196">
     <span class='ocr_line' id='line_1_75' title="bbox 1802 3119 3384 3196; baseline -0.01 -8"><span class='ocrx_word' id='word_1_532' title='bbox 1802 3133 2067 3188; x_wconf 83' lang='lat' dir='ltr'><strong>Cicerone</strong></span> <span class='ocrx_word' id='word_1_533' title='bbox 2098 3139 2152 3184; x_wconf 91' lang='lat' dir='ltr'><strong>et</strong></span> <span class='ocrx_word' id='word_1_534' title='bbox 2179 3127 2416 3183; x_wconf 91' lang='lat' dir='ltr'><strong>Antonio</strong></span> <span class='ocrx_word' id='word_1_535' title='bbox 2452 3141 2624 3193; x_wconf 89' lang='lat' dir='ltr'><strong>coss.,</strong></span> <span class='ocrx_word' id='word_1_536' title='bbox 2654 3123 2895 3196; x_wconf 87' lang='lat' dir='ltr'><strong>primum</strong></span> <span class='ocrx_word' id='word_1_537' title='bbox 2933 3140 2962 3176; x_wconf 93' lang='lat' dir='ltr'><strong>a</strong></span> <span class='ocrx_word' id='word_1_538' title='bbox 2993 3119 3248 3191; x_wconf 89' lang='lat' dir='ltr'><strong>Pompeio</strong></span> <span class='ocrx_word' id='word_1_539' title='bbox 3285 3119 3384 3173; x_wconf 88' lang='lat' dir='ltr'><strong>tri-</strong></span> 
     </span>
    </p>
   </div>
   <div class='ocr_carea' id='block_1_76' title="bbox 1806 3209 3388 3288">
    <p class='ocr_par' dir='ltr' id='par_1_76' title="bbox 1806 3209 3388 3288">
     <span class='ocr_line' id='line_1_76' title="bbox 1806 3209 3388 3288; baseline -0.009 -9"><span class='ocrx_word' id='word_1_540' title='bbox 1806 3226 1995 3279; x_wconf 90' lang='lat' dir='ltr'><strong>butum</strong></span> <span class='ocrx_word' id='word_1_541' title='bbox 2043 3220 2249 3276; x_wconf 63' lang='lat' dir='ltr'><strong>Judaeis</strong></span> <span class='ocrx_word' id='word_1_542' title='bbox 2296 3218 2616 3288; x_wconf 91' lang='lat' dir='ltr'><strong>impositum</strong></span> <span class='ocrx_word' id='word_1_543' title='bbox 2661 3223 2824 3272; x_wconf 90' lang='lat' dir='ltr'><strong>est:a</strong></span> <span class='ocrx_word' id='word_1_544' title='bbox 2875 3229 2985 3284; x_wconf 90' lang='lat' dir='ltr'><strong>quo</strong></span> <span class='ocrx_word' id='word_1_545' title='bbox 3023 3221 3269 3282; x_wconf 86' lang='lat' dir='ltr'><strong>tempore</strong></span> <span class='ocrx_word' id='word_1_546' title='bbox 3320 3209 3388 3264; x_wconf 90' lang='lat' dir='ltr'><strong>ad</strong></span> 
     </span>
    </p>
   </div>
   <div class='ocr_carea' id='block_1_77' title="bbox 1803 3302 3430 3385">
    <p class='ocr_par' dir='ltr' id='par_1_77' title="bbox 1803 3302 3430 3385">
     <span class='ocr_line' id='line_1_77' title="bbox 1803 3302 3430 3385; baseline -0.01 -15"><span class='ocrx_word' id='word_1_547' title='bbox 1803 3315 2076 3385; x_wconf 87' lang='lat' dir='ltr'><strong>Antipatri</strong></span> <span class='ocrx_word' id='word_1_548' title='bbox 2129 3312 2610 3383; x_wconf 87' lang='lat' dir='ltr'><strong>procurationem,</strong></span> <span class='ocrx_word' id='word_1_549' title='bbox 2667 3323 2790 3378; x_wconf 69' lang='lat' dir='ltr'><strong>qua:</strong></span> <span class='ocrx_word' id='word_1_550' title='bbox 2839 3321 2986 3362; x_wconf 89' lang='lat' dir='ltr'><strong>anno</strong></span> <span class='ocrx_word' id='word_1_551' title='bbox 3045 3304 3146 3358; x_wconf 80' lang='lat'><strong>707</strong></span> <span class='ocrx_word' id='word_1_552' title='bbox 3200 3302 3430 3372; x_wconf 68' lang='lat' dir='ltr'><strong>coepit,-</strong></span> 
     </span>
    </p>
   </div>
   <div class='ocr_carea' id='block_1_78' title="bbox 1804 3394 3385 3476">
    <p class='ocr_par' dir='ltr' id='par_1_78' title="bbox 1804 3394 3385 3476">
     <span class='ocr_line' id='line_1_78' title="bbox 1804 3394 3385 3476; baseline -0.011 -12"><span class='ocrx_word' id='word_1_553' title='bbox 1804 3409 1932 3464; x_wconf 90' lang='lat' dir='ltr'><strong>anni</strong></span> <span class='ocrx_word' id='word_1_554' title='bbox 1969 3415 2096 3463; x_wconf 91' lang='lat' dir='ltr'><strong>sunt</strong></span> <span class='ocrx_word' id='word_1_555' title='bbox 2127 3421 2235 3460; x_wconf 90' lang='lat' dir='ltr'><strong>non</strong></span> <span class='ocrx_word' id='word_1_556' title='bbox 2264 3406 2449 3476; x_wconf 79' lang='lat' dir='ltr'><strong>plures</strong></span> <span class='ocrx_word' id='word_1_557' title='bbox 2469 3419 2603 3469; x_wconf 81' lang='lat' dir='ltr'><strong>xvn,</strong></span> <span class='ocrx_word' id='word_1_558' title='bbox 2634 3401 2836 3456; x_wconf 91' lang='lat' dir='ltr'><strong>nedum</strong></span> <span class='ocrx_word' id='word_1_559' title='bbox 2868 3413 3063 3454; x_wconf 90' lang='lat' dir='ltr'><strong>novem</strong></span> <span class='ocrx_word' id='word_1_560' title='bbox 3094 3407 3146 3451; x_wconf 89' lang='lat' dir='ltr'><strong>et</strong></span> <span class='ocrx_word' id='word_1_561' title='bbox 3176 3394 3385 3464; x_wconf 84' lang='lat' dir='ltr'><strong>viginti.</strong></span> 
     </span>
    </p>
   </div>
   <div class='ocr_carea' id='block_1_79' title="bbox 1803 3486 3389 3570">
    <p class='ocr_par' dir='ltr' id='par_1_79' title="bbox 1803 3486 3389 3570">
     <span class='ocr_line' id='line_1_79' title="bbox 1803 3486 3389 3570; baseline -0.011 -13"><span class='ocrx_word' id='word_1_562' title='bbox 1803 3501 2014 3556; x_wconf 87' lang='lat' dir='ltr'><strong>Herode</strong></span> <span class='ocrx_word' id='word_1_563' title='bbox 2048 3499 2265 3570; x_wconf 87' lang='lat' dir='ltr'><strong>quidem</strong></span> <span class='ocrx_word' id='word_1_564' title='bbox 2299 3512 2480 3553; x_wconf 90' lang='lat' dir='ltr'><strong>rerum</strong></span> <span class='ocrx_word' id='word_1_565' title='bbox 2508 3495 2748 3566; x_wconf 89' lang='lat' dir='ltr'><strong>potiente</strong></span> <span class='ocrx_word' id='word_1_566' title='bbox 2794 3494 3059 3548; x_wconf 89' lang='lat' dir='ltr'><strong>tributum</strong></span> <span class='ocrx_word' id='word_1_567' title='bbox 3085 3490 3255 3544; x_wconf 90' lang='lat' dir='ltr'><strong>ullum</strong></span> <span class='ocrx_word' id='word_1_568' title='bbox 3281 3486 3389 3543; x_wconf 89' lang='lat' dir='ltr'><strong>sal-</strong></span> 
     </span>
    </p>
   </div>
   <div class='ocr_carea' id='block_1_80' title="bbox 1809 3587 3386 3654">
    <p class='ocr_par' dir='ltr' id='par_1_80' title="bbox 1809 3587 3386 3654">
     <span class='ocr_line' id='line_1_80' title="bbox 1809 3587 3386 3654; baseline -0.011 -4"><span class='ocrx_word' id='word_1_569' title='bbox 1809 3603 1914 3650; x_wconf 92' lang='lat' dir='ltr'><strong>tem</strong></span> <span class='ocrx_word' id='word_1_570' title='bbox 1951 3593 2293 3650; x_wconf 90' lang='lat' dir='ltr'><strong>ordinarium</strong></span> <span class='ocrx_word' id='word_1_571' title='bbox 2327 3600 2581 3647; x_wconf 83' lang='lat' dir='ltr'><strong>exactum</strong></span> <span class='ocrx_word' id='word_1_572' title='bbox 2614 3587 2807 3652; x_wconf 83' lang='lat' dir='ltr'><strong>fuisse,</strong></span> <span class='ocrx_word' id='word_1_573' title='bbox 2843 3600 3018 3654; x_wconf 90' lang='lat' dir='ltr'><strong>neque</strong></span> <span class='ocrx_word' id='word_1_574' title='bbox 3054 3597 3244 3637; x_wconf 91' lang='lat' dir='ltr'><strong>verum</strong></span> <span class='ocrx_word' id='word_1_575' title='bbox 3295 3595 3386 3634; x_wconf 89' lang='lat' dir='ltr'><strong>ar-</strong></span> 
     </span>
    </p>
   </div>
   <div class='ocr_carea' id='block_1_81' title="bbox 1806 3671 3388 3754">
    <p class='ocr_par' dir='ltr' id='par_1_81' title="bbox 1806 3671 3388 3754">
     <span class='ocr_line' id='line_1_81' title="bbox 1806 3671 3388 3754; baseline -0.009 -12"><span class='ocrx_word' id='word_1_576' title='bbox 1806 3687 2000 3751; x_wconf 90' lang='lat' dir='ltr'><strong>bitror,</strong></span> <span class='ocrx_word' id='word_1_577' title='bbox 2035 3701 2134 3740; x_wconf 89' lang='lat' dir='ltr'><strong>nec</strong></span> <span class='ocrx_word' id='word_1_578' title='bbox 2176 3685 2296 3754; x_wconf 93' lang='lat' dir='ltr'><strong>ejus</strong></span> <span class='ocrx_word' id='word_1_579' title='bbox 2329 3682 2666 3737; x_wconf 90' lang='lat' dir='ltr'><strong>mentionem</strong></span> <span class='ocrx_word' id='word_1_580' title='bbox 2713 3679 2797 3734; x_wconf 87' lang='lat' dir='ltr'><strong>vel</strong></span> <span class='ocrx_word' id='word_1_581' title='bbox 2845 3677 3030 3732; x_wconf 89' lang='lat' dir='ltr'><strong>littera</strong></span> <span class='ocrx_word' id='word_1_582' title='bbox 3066 3690 3173 3729; x_wconf 88' lang='lat' dir='ltr'><strong>una</strong></span> <span class='ocrx_word' id='word_1_583' title='bbox 3211 3671 3388 3728; x_wconf 89' lang='lat' dir='ltr'><strong>Lucas</strong></span> 
     </span>
    </p>
   </div>
   <div class='ocr_carea' id='block_1_82' title="bbox 1809 3762 3391 3843">
    <p class='ocr_par' dir='ltr' id='par_1_82' title="bbox 1809 3762 3391 3843">
     <span class='ocr_line' id='line_1_82' title="bbox 1809 3762 3391 3843; baseline -0.009 -17"><span class='ocrx_word' id='word_1_584' title='bbox 1809 3771 2007 3843; x_wconf 90' lang='lat' dir='ltr'><strong>attigit.</strong></span> <span class='ocrx_word' id='word_1_585' title='bbox 2044 3768 2160 3825; x_wconf 90' lang='lat' dir='ltr'><strong>Non</strong></span> <span class='ocrx_word' id='word_1_586' title='bbox 2186 3769 2330 3824; x_wconf 92' lang='lat' dir='ltr'><strong>enim</strong></span> <span class='ocrx_word' id='word_1_587' title='bbox 2363 3765 2786 3838; x_wconf 73' lang='grc' dir='ltr'>’ἀπογράφεσθαι</span> <span class='ocrx_word' id='word_1_588' title='bbox 2822 3763 2964 3818; x_wconf 91' lang='lat' dir='ltr'><strong>idem</strong></span> <span class='ocrx_word' id='word_1_589' title='bbox 2999 3762 3141 3816; x_wconf 77' lang='lat' dir='ltr'><strong>valet</strong></span> <span class='ocrx_word' id='word_1_590' title='bbox 3169 3775 3234 3814; x_wconf 92' lang='lat' dir='ltr'><strong>ac</strong></span> <span class='ocrx_word' id='word_1_591' title='bbox 3263 3773 3391 3814; x_wconf 75' lang='lat' dir='ltr'><strong>cen-</strong></span> 
     </span>
    </p>
   </div>
   <div class='ocr_carea' id='block_1_83' title="bbox 1810 3848 3392 3928">
    <p class='ocr_par' dir='ltr' id='par_1_83' title="bbox 1810 3848 3392 3928">
     <span class='ocr_line' id='line_1_83' title="bbox 1810 3848 3392 3928; baseline -0.011 -9"><span class='ocrx_word' id='word_1_592' title='bbox 1810 3878 1955 3928; x_wconf 90' lang='lat' dir='ltr'><strong>sum,</strong></span> <span class='ocrx_word' id='word_1_593' title='bbox 1989 3861 2073 3917; x_wconf 91' lang='lat' dir='ltr'><strong>vel</strong></span> <span class='ocrx_word' id='word_1_594' title='bbox 2108 3860 2372 3916; x_wconf 88' lang='lat' dir='ltr'><strong>tributum</strong></span> <span class='ocrx_word' id='word_1_595' title='bbox 2407 3858 2656 3923; x_wconf 89' lang='lat' dir='ltr'><strong>solvere;</strong></span> <span class='ocrx_word' id='word_1_596' title='bbox 2693 3863 2809 3920; x_wconf 91' lang='lat' dir='ltr'><strong>aut,</strong></span> <span class='ocrx_word' id='word_1_597' title='bbox 2845 3853 2890 3908; x_wconf 93' lang='lat' dir='ltr'><strong>si</strong></span> <span class='ocrx_word' id='word_1_598' title='bbox 2915 3851 3061 3907; x_wconf 91' lang='lat' dir='ltr'><strong>istud</strong></span> <span class='ocrx_word' id='word_1_599' title='bbox 3094 3850 3273 3920; x_wconf 88' lang='lat' dir='ltr'><strong>ipsum</strong></span> <span class='ocrx_word' id='word_1_600' title='bbox 3315 3848 3392 3904; x_wconf 85' lang='lat' dir='ltr'><strong>si—</strong></span> 
     </span>
    </p>
   </div>
   <div class='ocr_carea' id='block_1_84' title="bbox 1812 3940 3393 4026">
    <p class='ocr_par' dir='ltr' id='par_1_84' title="bbox 1812 3940 3393 4026">
     <span class='ocr_line' id='line_1_84' title="bbox 1812 3940 3393 4026; baseline -0.009 -18"><span class='ocrx_word' id='word_1_601' title='bbox 1812 3953 2118 4026; x_wconf 83' lang='lat' dir='ltr'><strong>gniﬁcaret,</strong></span> <span class='ocrx_word' id='word_1_602' title='bbox 2153 3949 2341 4006; x_wconf 89' lang='lat' dir='ltr'><strong>statim</strong></span> <span class='ocrx_word' id='word_1_603' title='bbox 2375 3950 2441 4004; x_wconf 91' lang='lat' dir='ltr'><strong>de</strong></span> <span class='ocrx_word' id='word_1_604' title='bbox 2487 3947 2768 4003; x_wconf 89' lang='lat' dir='ltr'><strong>ordinaria</strong></span> <span class='ocrx_word' id='word_1_605' title='bbox 2806 3943 3173 4016; x_wconf 90' lang='lat' dir='ltr'><strong>pensitatione</strong></span> <span class='ocrx_word' id='word_1_606' title='bbox 3207 3940 3393 4011; x_wconf 87' lang='lat' dir='ltr'><strong>potius</strong></span> 
     </span>
    </p>
   </div>
   <div class='ocr_carea' id='block_1_85' title="bbox 1810 4029 3393 4115">
    <p class='ocr_par' dir='ltr' id='par_1_85' title="bbox 1810 4029 3393 4115">
     <span class='ocr_line' id='line_1_85' title="bbox 1810 4029 3393 4115; baseline -0.01 -16"><span class='ocrx_word' id='word_1_607' title='bbox 1810 4043 2220 4115; x_wconf 87' lang='lat' dir='ltr'><strong>intelligendum</strong></span> <span class='ocrx_word' id='word_1_608' title='bbox 2253 4041 2552 4103; x_wconf 88' lang='lat' dir='ltr'><strong>videretur,</strong></span> <span class='ocrx_word' id='word_1_609' title='bbox 2583 4053 2746 4108; x_wconf 91' lang='lat' dir='ltr'><strong>quam</strong></span> <span class='ocrx_word' id='word_1_610' title='bbox 2789 4035 2854 4091; x_wconf 89' lang='lat' dir='ltr'><strong>ad</strong></span> <span class='ocrx_word' id='word_1_611' title='bbox 2899 4029 3393 4090; x_wconf 82' lang='lat' dir='ltr'><strong>extraordinariam</strong></span> 
     </span>
    </p>
   </div>
   <div class='ocr_carea' id='block_1_86' title="bbox 1810 4121 3391 4200">
    <p class='ocr_par' dir='ltr' id='par_1_86' title="bbox 1810 4121 3391 4200">
     <span class='ocr_line' id='line_1_86' title="bbox 1810 4121 3391 4200; baseline -0.012 -5"><span class='ocrx_word' id='word_1_612' title='bbox 1810 4137 2179 4194; x_wconf 78' lang='lat' dir='ltr'><strong>referendum.</strong></span> <span class='ocrx_word' id='word_1_613' title='bbox 2213 4134 2317 4189; x_wconf 83' lang='lat' dir='ltr'><strong>Sed</strong></span> <span class='ocrx_word' id='word_1_614' title='bbox 2347 4147 2448 4188; x_wconf 90' lang='lat' dir='ltr'><strong>nec</strong></span> <span class='ocrx_word' id='word_1_615' title='bbox 2477 4131 2609 4185; x_wconf 91' lang='lat' dir='ltr'><strong>illud</strong></span> <span class='ocrx_word' id='word_1_616' title='bbox 2641 4130 2833 4200; x_wconf 90' lang='lat' dir='ltr'><strong>probo,</strong></span> <span class='ocrx_word' id='word_1_617' title='bbox 2857 4128 3002 4198; x_wconf 91' lang='lat' dir='ltr'><strong>quod</strong></span> <span class='ocrx_word' id='word_1_618' title='bbox 3045 4124 3244 4179; x_wconf 91' lang='lat' dir='ltr'><strong>ibidem</strong></span> <span class='ocrx_word' id='word_1_619' title='bbox 3276 4121 3391 4176; x_wconf 81' lang='lat' dir='ltr'><strong>dis-</strong></span> 
     </span>
    </p>
   </div>
   <div class='ocr_carea' id='block_1_87' title="bbox 1810 4209 3395 4303">
    <p class='ocr_par' dir='ltr' id='par_1_87' title="bbox 1810 4209 3395 4303">
     <span class='ocr_line' id='line_1_87' title="bbox 1810 4209 3395 4303; baseline -0.012 -18"><span class='ocrx_word' id='word_1_620' title='bbox 1810 4238 2082 4303; x_wconf 89' lang='lat' dir='ltr'><strong>putatur:</strong></span> <span class='ocrx_word' id='word_1_621' title='bbox 2131 4235 2420 4298; x_wconf 89' lang='lat' dir='ltr'><strong>propterea</strong></span> <span class='ocrx_word' id='word_1_622' title='bbox 2465 4209 2702 4294; x_wconf 82' lang='lat' dir='ltr'><strong>primam</strong></span> <span class='ocrx_word' id='word_1_623' title='bbox 2745 4221 2892 4274; x_wconf 88' lang='lat' dir='ltr'><strong>illam</strong></span> <span class='ocrx_word' id='word_1_624' title='bbox 2931 4235 2960 4273; x_wconf 92' lang='lat' dir='ltr'><strong>a</strong></span> <span class='ocrx_word' id='word_1_625' title='bbox 2989 4215 3220 4284; x_wconf 86' lang='lat' dir='ltr'><strong>Quirino</strong></span> <span class='ocrx_word' id='word_1_626' title='bbox 3265 4228 3395 4269; x_wconf 84' lang='lat' dir='ltr'><strong>cen-</strong></span> 
     </span>
    </p>
   </div>
   <div class='ocr_carea' id='block_1_88' title="bbox 1817 4306 3394 4382">
    <p class='ocr_par' dir='ltr' id='par_1_88' title="bbox 1817 4306 3394 4382">
     <span class='ocr_line' id='line_1_88' title="bbox 1817 4306 3394 4382; baseline -0.012 -5"><span class='ocrx_word' id='word_1_627' title='bbox 1817 4323 2030 4378; x_wconf 86' lang='lat' dir='ltr'><strong>sionem</strong></span> <span class='ocrx_word' id='word_1_628' title='bbox 2065 4319 2378 4374; x_wconf 89' lang='lat' dir='ltr'><strong>institutam</strong></span> <span class='ocrx_word' id='word_1_629' title='bbox 2409 4315 2540 4379; x_wconf 91' lang='lat' dir='ltr'><strong>dici,</strong></span> <span class='ocrx_word' id='word_1_630' title='bbox 2567 4312 2713 4382; x_wconf 88' lang='lat' dir='ltr'><strong>quod</strong></span> <span class='ocrx_word' id='word_1_631' title='bbox 2745 4310 2993 4365; x_wconf 82' lang='lat' dir='ltr'><strong>Romano</strong></span> <span class='ocrx_word' id='word_1_632' title='bbox 3018 4323 3170 4363; x_wconf 90' lang='lat' dir='ltr'><strong>more</strong></span> <span class='ocrx_word' id='word_1_633' title='bbox 3200 4306 3394 4376; x_wconf 88' lang='lat' dir='ltr'><strong>quinto</strong></span> 
     </span>
    </p>
   </div>
   <div class='ocr_carea' id='block_1_89' title="bbox 1815 4398 3395 4485">
    <p class='ocr_par' dir='ltr' id='par_1_89' title="bbox 1815 4398 3395 4485">
     <span class='ocr_line' id='line_1_89' title="bbox 1815 4398 3395 4485; baseline -0.011 -16"><span class='ocrx_word' id='word_1_634' title='bbox 1815 4427 2037 4485; x_wconf 88' lang='lat' dir='ltr'><strong>quoque</strong></span> <span class='ocrx_word' id='word_1_635' title='bbox 2086 4425 2232 4465; x_wconf 88' lang='lat' dir='ltr'><strong>anno</strong></span> <span class='ocrx_word' id='word_1_636' title='bbox 2280 4423 2480 4464; x_wconf 88' lang='lat' dir='ltr'><strong>census</strong></span> <span class='ocrx_word' id='word_1_637' title='bbox 2538 4406 2855 4461; x_wconf 86' lang='lat' dir='ltr'><strong>haberetur.</strong></span> <span class='ocrx_word' id='word_1_638' title='bbox 2915 4400 3050 4455; x_wconf 88' lang='lat' dir='ltr'><strong>Nam</strong></span> <span class='ocrx_word' id='word_1_639' title='bbox 3110 4415 3210 4455; x_wconf 90' lang='lat' dir='ltr'><strong>nec</strong></span> <span class='ocrx_word' id='word_1_640' title='bbox 3263 4398 3395 4452; x_wconf 90' lang='lat' dir='ltr'><strong>illud</strong></span> 
     </span>
    </p>
   </div>
   <div class='ocr_carea' id='block_1_90' title="bbox 120 4490 3396 4578">
    <p class='ocr_par' dir='ltr' id='par_1_90' title="bbox 120 4490 3396 4578">
     <span class='ocr_line' id='line_1_90' title="bbox 120 4490 3396 4578; baseline -0.008 -12"><span class='ocrx_word' id='word_1_641' title='bbox 120 4510 278 4575; x_wconf 73' lang='lat' dir='ltr'><strong>quod</strong></span> <span class='ocrx_word' id='word_1_642' title='bbox 336 4507 525 4564; x_wconf 84' lang='lat' dir='ltr'><strong>eodem</strong></span> <span class='ocrx_word' id='word_1_643' title='bbox 579 4507 906 4578; x_wconf 88' lang='lat' dir='ltr'><strong>pertinebat,</strong></span> <span class='ocrx_word' id='word_1_644' title='bbox 970 4505 1243 4576; x_wconf 89' lang='lat' dir='ltr'><strong>ascripsit.</strong></span> <span class='ocrx_word' id='word_1_645' title='bbox 1281 4503 1436 4571; x_wconf 88' lang='lat' dir='ltr'><strong>Quod</strong></span> <span class='ocrx_word' id='word_1_646' title='bbox 1486 4503 1705 4574; x_wconf 88' lang='lat' dir='ltr'><strong>quidem</strong></span> <span class='ocrx_word' id='word_1_647' title='bbox 1742 4515 1784 4569; x_wconf 84' lang='grc' dir='ltr'><strong>ι)</strong></span> <span class='ocrx_word' id='word_1_648' title='bbox 1815 4510 2075 4573; x_wconf 90' lang='lat' dir='ltr'><strong>perpetuo</strong></span> <span class='ocrx_word' id='word_1_649' title='bbox 2105 4498 2357 4554; x_wconf 91' lang='lat' dir='ltr'><strong>tenuitut</strong></span> <span class='ocrx_word' id='word_1_650' title='bbox 2380 4495 2625 4566; x_wconf 86' lang='lat' dir='ltr'><strong>quinque</strong></span> <span class='ocrx_word' id='word_1_651' title='bbox 2650 4493 2810 4549; x_wconf 90' lang='lat' dir='ltr'><strong>annis</strong></span> <span class='ocrx_word' id='word_1_652' title='bbox 2832 4490 3172 4547; x_wconf 89' lang='lat' dir='ltr'><strong>vertentibus</strong></span> <span class='ocrx_word' id='word_1_653' title='bbox 3197 4502 3396 4543; x_wconf 89' lang='lat' dir='ltr'><strong>census</strong></span> 
     </span>
    </p>
   </div>
   <div class='ocr_carea' id='block_1_91' title="bbox 119 4593 1708 4665">
    <p class='ocr_par' dir='ltr' id='par_1_91' title="bbox 119 4593 1708 4665">
     <span class='ocr_line' id='line_1_91' title="bbox 119 4593 1708 4665; baseline -0.006 -8"><span class='ocrx_word' id='word_1_654' title='bbox 119 4601 368 4658; x_wconf 87' lang='lat' dir='ltr'><strong>Eusebio</strong></span> <span class='ocrx_word' id='word_1_655' title='bbox 402 4599 581 4656; x_wconf 79' lang='lat' dir='ltr'><strong>fraudi</strong></span> <span class='ocrx_word' id='word_1_656' title='bbox 635 4600 750 4654; x_wconf 78' lang='lat' dir='ltr'><strong>fuit.</strong></span> <span class='ocrx_word' id='word_1_657' title='bbox 804 4597 906 4665; x_wconf 88' lang='lat' dir='ltr'><strong>Qui</strong></span> <span class='ocrx_word' id='word_1_658' title='bbox 944 4599 1011 4653; x_wconf 85' lang='lat' dir='ltr'><strong>ad</strong></span> <span class='ocrx_word' id='word_1_659' title='bbox 1062 4613 1264 4652; x_wconf 90' lang='lat' dir='ltr'><strong>annum</strong></span> <span class='ocrx_word' id='word_1_660' title='bbox 1309 4596 1532 4652; x_wconf 91' lang='lat' dir='ltr'><strong>tertium</strong></span> <span class='ocrx_word' id='word_1_661' title='bbox 1583 4593 1708 4648; x_wconf 84' lang='lat' dir='ltr'><strong>Julii</strong></span> 
     </span>
    </p>
   </div>
   <div class='ocr_carea' id='block_1_92' title="bbox 117 4687 1708 4764">
    <p class='ocr_par' dir='ltr' id='par_1_92' title="bbox 117 4687 1708 4764">
     <span class='ocr_line' id='line_1_92' title="bbox 117 4687 1708 4764; baseline -0.008 -13"><span class='ocrx_word' id='word_1_662' title='bbox 117 4694 386 4760; x_wconf 63' lang='lat' dir='ltr'><strong>Caesaris,</strong></span> <span class='ocrx_word' id='word_1_663' title='bbox 421 4692 623 4764; x_wconf 84' lang='lat' dir='ltr'><strong>olymp.</strong></span> <span class='ocrx_word' id='word_1_664' title='bbox 679 4689 782 4745; x_wconf 85' lang='grc'>188</span> <span class='ocrx_word' id='word_1_665' title='bbox 835 4690 1075 4755; x_wconf 89' lang='lat' dir='ltr'><strong>tertium,</strong></span> <span class='ocrx_word' id='word_1_666' title='bbox 1123 4689 1382 4751; x_wconf 89' lang='lat' dir='ltr'><strong>adnotat,</strong></span> <span class='ocrx_word' id='word_1_667' title='bbox 1431 4687 1708 4740; x_wconf 85' lang='lat' dir='ltr'><strong>decretum</strong></span> 
     </span>
    </p>
   </div>
   <div class='ocr_carea' id='block_1_93' title="bbox 118 4775 1708 4843">
    <p class='ocr_par' dir='ltr' id='par_1_93' title="bbox 118 4775 1708 4843">
     <span class='ocr_line' id='line_1_93' title="bbox 118 4775 1708 4843; baseline -0.009 -1"><span class='ocrx_word' id='word_1_668' title='bbox 118 4795 356 4843; x_wconf 82' lang='lat' dir='ltr'><strong>senatus</strong></span> <span class='ocrx_word' id='word_1_669' title='bbox 396 4792 451 4839; x_wconf 87' lang='lat' dir='ltr'><strong>et</strong></span> <span class='ocrx_word' id='word_1_670' title='bbox 486 4780 901 4836; x_wconf 85' lang='lat' dir='ltr'><strong>Atheniensium</strong></span> <span class='ocrx_word' id='word_1_671' title='bbox 947 4779 1010 4834; x_wconf 87' lang='lat' dir='ltr'><strong>ad</strong></span> <span class='ocrx_word' id='word_1_672' title='bbox 1047 4777 1266 4834; x_wconf 76' lang='lat' dir='ltr'><strong>Iudaeos</strong></span> <span class='ocrx_word' id='word_1_673' title='bbox 1295 4792 1418 4834; x_wconf 90' lang='lat' dir='ltr'><strong>esse</strong></span> <span class='ocrx_word' id='word_1_674' title='bbox 1459 4775 1708 4840; x_wconf 88' lang='lat' dir='ltr'><strong>missum,</strong></span> 
     </span>
    </p>
   </div>
   <div class='ocr_carea' id='block_1_94' title="bbox 118 4866 1708 4952">
    <p class='ocr_par' dir='ltr' id='par_1_94' title="bbox 118 4866 1708 4952">
     <span class='ocr_line' id='line_1_94' title="bbox 118 4866 1708 4952; baseline -0.009 -17"><span class='ocrx_word' id='word_1_675' title='bbox 118 4879 223 4952; x_wconf 85' lang='lat' dir='ltr'><strong>qui</strong></span> <span class='ocrx_word' id='word_1_676' title='bbox 249 4895 346 4949; x_wconf 88' lang='lat' dir='ltr'><strong>per</strong></span> <span class='ocrx_word' id='word_1_677' title='bbox 363 4877 574 4947; x_wconf 84' lang='lat' dir='ltr'><strong>legatos</strong></span> <span class='ocrx_word' id='word_1_678' title='bbox 596 4873 896 4929; x_wconf 88' lang='lat' dir='ltr'><strong>amicitiam</strong></span> <span class='ocrx_word' id='word_1_679' title='bbox 915 4871 1283 4940; x_wconf 85' lang='lat' dir='ltr'><strong>postularant.</strong></span> <span class='ocrx_word' id='word_1_680' title='bbox 1320 4866 1434 4924; x_wconf 87' lang='lat' dir='ltr'><strong>Hoc</strong></span> <span class='ocrx_word' id='word_1_681' title='bbox 1463 4882 1594 4922; x_wconf 89' lang='lat' dir='ltr'><strong>vero</strong></span> <span class='ocrx_word' id='word_1_682' title='bbox 1619 4867 1708 4922; x_wconf 92' lang='lat' dir='ltr'><strong>diu</strong></span> 
     </span>
    </p>
   </div>
   <div class='ocr_carea' id='block_1_95' title="bbox 119 4957 1712 5041">
    <p class='ocr_par' dir='ltr' id='par_1_95' title="bbox 119 4957 1712 5041">
     <span class='ocr_line' id='line_1_95' title="bbox 119 4957 1712 5041; baseline -0.009 -15"><span class='ocrx_word' id='word_1_683' title='bbox 119 4980 257 5026; x_wconf 86' lang='lat' dir='ltr'><strong>ante</strong></span> <span class='ocrx_word' id='word_1_684' title='bbox 287 4976 500 5041; x_wconf 87' lang='lat' dir='ltr'><strong>gestum</strong></span> <span class='ocrx_word' id='word_1_685' title='bbox 529 4975 665 5034; x_wconf 90' lang='lat' dir='ltr'><strong>erat,</strong></span> <span class='ocrx_word' id='word_1_686' title='bbox 699 4965 801 5021; x_wconf 88' lang='lat' dir='ltr'><strong>sub</strong></span> <span class='ocrx_word' id='word_1_687' title='bbox 855 4963 1104 5036; x_wconf 78' lang='lat' dir='ltr'><strong>Hyrcano</strong></span> <span class='ocrx_word' id='word_1_688' title='bbox 1142 4961 1390 5028; x_wconf 89' lang='lat' dir='ltr'><strong>Seniore,</strong></span> <span class='ocrx_word' id='word_1_689' title='bbox 1443 4968 1503 5013; x_wconf 93' lang='lat' dir='ltr'><strong>ut</strong></span> <span class='ocrx_word' id='word_1_690' title='bbox 1541 4957 1712 5013; x_wconf 90' lang='lat' dir='ltr'><strong>cuivis</strong></span> 
     </span>
    </p>
   </div>
   <div class='ocr_carea' id='block_1_96' title="bbox 119 5069 379 5134">
    <p class='ocr_par' dir='ltr' id='par_1_96' title="bbox 119 5069 379 5134">
     <span class='ocr_line' id='line_1_96' title="bbox 119 5069 379 5134; baseline -0.015 -15"><span class='ocrx_word' id='word_1_691' title='bbox 119 5081 150 5119; x_wconf 89' lang='lat' dir='ltr'><strong>a</strong></span> <span class='ocrx_word' id='word_1_692' title='bbox 161 5069 379 5134; x_wconf 88' lang='lat' dir='ltr'><strong>pparet.</strong></span> 
     </span>
    </p>
   </div>
   <div class='ocr_carea' id='block_1_97' title="bbox 202 5141 1709 5221">
    <p class='ocr_par' dir='ltr' id='par_1_97' title="bbox 202 5141 1709 5221">
     <span class='ocr_line' id='line_1_97' title="bbox 202 5141 1709 5221; baseline -0.009 -15"><span class='ocrx_word' id='word_1_693' title='bbox 202 5152 330 5208; x_wconf 84' lang='lat' dir='ltr'><strong>Haec</strong></span> <span class='ocrx_word' id='word_1_694' title='bbox 366 5142 545 5221; x_wconf 86' lang='lat' dir='ltr'><strong>itaque</strong></span> <span class='ocrx_word' id='word_1_695' title='bbox 599 5149 834 5205; x_wconf 89' lang='lat' dir='ltr'><strong>societas</strong></span> <span class='ocrx_word' id='word_1_696' title='bbox 865 5153 949 5202; x_wconf 91' lang='lat' dir='ltr'><strong>est</strong></span> <span class='ocrx_word' id='word_1_697' title='bbox 996 5146 1108 5210; x_wconf 90' lang='lat' dir='ltr'><strong>illa,</strong></span> <span class='ocrx_word' id='word_1_698' title='bbox 1151 5152 1204 5200; x_wconf 89' lang='lat' dir='ltr'><strong>et</strong></span> <span class='ocrx_word' id='word_1_699' title='bbox 1238 5141 1496 5206; x_wconf 82' lang='lat' dir='ltr'><strong>amicitia,</strong></span> <span class='ocrx_word' id='word_1_700' title='bbox 1548 5155 1709 5210; x_wconf 90' lang='lat' dir='ltr'><strong>quam</strong></span> 
     </span>
    </p>
   </div>
   <div class='ocr_carea' id='block_1_98' title="bbox 117 5231 1713 5313">
    <p class='ocr_par' dir='ltr' id='par_1_98' title="bbox 117 5231 1713 5313">
     <span class='ocr_line' id='line_1_98' title="bbox 117 5231 1713 5313; baseline -0.012 -12"><span class='ocrx_word' id='word_1_701' title='bbox 117 5245 230 5301; x_wconf 81' lang='lat' dir='ltr'><strong>sub</strong></span> <span class='ocrx_word' id='word_1_702' title='bbox 262 5241 490 5313; x_wconf 84' lang='lat' dir='ltr'><strong>Augusti</strong></span> <span class='ocrx_word' id='word_1_703' title='bbox 552 5240 766 5294; x_wconf 84' lang='lat' dir='ltr'><strong>initium</strong></span> <span class='ocrx_word' id='word_1_704' title='bbox 805 5238 944 5292; x_wconf 89' lang='lat' dir='ltr'><strong>inter</strong></span> <span class='ocrx_word' id='word_1_705' title='bbox 967 5235 1182 5291; x_wconf 70' lang='lat' dir='ltr'><strong>Judzeos</strong></span> <span class='ocrx_word' id='word_1_706' title='bbox 1215 5243 1269 5288; x_wconf 86' lang='lat' dir='ltr'><strong>et</strong></span> <span class='ocrx_word' id='word_1_707' title='bbox 1302 5233 1580 5288; x_wconf 82' lang='lat' dir='ltr'><strong>R‘omauos</strong></span> <span class='ocrx_word' id='word_1_708' title='bbox 1630 5231 1713 5283; x_wconf 75' lang='lat' dir='ltr'><strong>in&#39;-</strong></span> 
     </span>
    </p>
   </div>
   <div class='ocr_carea' id='block_1_99' title="bbox 121 5322 1712 5402">
    <p class='ocr_par' dir='ltr' id='par_1_99' title="bbox 121 5322 1712 5402">
     <span class='ocr_line' id='line_1_99' title="bbox 121 5322 1712 5402; baseline -0.01 -10"><span class='ocrx_word' id='word_1_709' title='bbox 121 5346 439 5393; x_wconf 88' lang='lat' dir='ltr'><strong>stauratum</strong></span> <span class='ocrx_word' id='word_1_710' title='bbox 473 5334 632 5388; x_wconf 88' lang='lat' dir='ltr'><strong>docet</strong></span> <span class='ocrx_word' id='word_1_711' title='bbox 662 5330 1022 5402; x_wconf 88' lang='lat' dir='ltr'><strong>Epiphanius,</strong></span> <span class='ocrx_word' id='word_1_712' title='bbox 1057 5343 1179 5399; x_wconf 77' lang='lat' dir='ltr'><strong>quae</strong></span> <span class='ocrx_word' id='word_1_713' title='bbox 1223 5327 1289 5381; x_wconf 91' lang='lat' dir='ltr'><strong>ad</strong></span> <span class='ocrx_word' id='word_1_714' title='bbox 1322 5324 1448 5379; x_wconf 85' lang='lat' dir='ltr'><strong>Julii</strong></span> <span class='ocrx_word' id='word_1_715' title='bbox 1480 5322 1712 5378; x_wconf 57' lang='lat' dir='ltr'><strong>Caesaris</strong></span> 
     </span>
    </p>
   </div>
   <div class='ocr_carea' id='block_1_100' title="bbox 121 5415 1711 5499">
    <p class='ocr_par' dir='ltr' id='par_1_100' title="bbox 121 5415 1711 5499">
     <span class='ocr_line' id='line_1_100' title="bbox 121 5415 1711 5499; baseline -0.009 -16"><span class='ocrx_word' id='word_1_716' title='bbox 121 5440 378 5499; x_wconf 89' lang='lat' dir='ltr'><strong>tempora</strong></span> <span class='ocrx_word' id='word_1_717' title='bbox 433 5426 593 5481; x_wconf 85' lang='lat' dir='ltr'><strong>debet</strong></span> <span class='ocrx_word' id='word_1_718' title='bbox 642 5423 872 5491; x_wconf 81' lang='lat' dir='ltr'><strong>referri;</strong></span> <span class='ocrx_word' id='word_1_719' title='bbox 907 5437 1030 5476; x_wconf 91' lang='lat' dir='ltr'><strong>eum</strong></span> <span class='ocrx_word' id='word_1_720' title='bbox 1091 5418 1373 5491; x_wconf 84' lang='lat' dir='ltr'><strong>Hyrcanus</strong></span> <span class='ocrx_word' id='word_1_721' title='bbox 1400 5415 1711 5472; x_wconf 82' lang='lat' dir='ltr'><strong>Judaeorum</strong></span> 
     </span>
    </p>
   </div>
   <div class='ocr_carea' id='block_1_101' title="bbox 123 5509 1713 5591">
    <p class='ocr_par' dir='ltr' id='par_1_101' title="bbox 123 5509 1713 5591">
     <span class='ocr_line' id='line_1_101' title="bbox 123 5509 1713 5591; baseline -0.009 -14"><span class='ocrx_word' id='word_1_722' title='bbox 123 5517 402 5591; x_wconf 82' lang='lat' dir='ltr'><strong>pontifex,</strong></span> <span class='ocrx_word' id='word_1_723' title='bbox 428 5527 482 5573; x_wconf 91' lang='lat' dir='ltr'><strong>et</strong></span> <span class='ocrx_word' id='word_1_724' title='bbox 522 5516 820 5572; x_wconf 90' lang='lat' dir='ltr'><strong>ethnarcha</strong></span> <span class='ocrx_word' id='word_1_725' title='bbox 852 5516 920 5570; x_wconf 90' lang='lat' dir='ltr'><strong>ab</strong></span> <span class='ocrx_word' id='word_1_726' title='bbox 951 5513 1044 5569; x_wconf 91' lang='lat' dir='ltr'><strong>illo</strong></span> <span class='ocrx_word' id='word_1_727' title='bbox 1093 5513 1428 5568; x_wconf 89' lang='lat' dir='ltr'><strong>constitutus</strong></span> <span class='ocrx_word' id='word_1_728' title='bbox 1483 5519 1584 5565; x_wconf 90' lang='lat' dir='ltr'><strong>est.</strong></span> <span class='ocrx_word' id='word_1_729' title='bbox 1637 5509 1713 5562; x_wconf 86' lang='lat' dir='ltr'><strong>Ac</strong></span> 
     </span>
    </p>
   </div>
   <div class='ocr_carea' id='block_1_102' title="bbox 125 5601 1714 5682">
    <p class='ocr_par' dir='ltr' id='par_1_102' title="bbox 125 5601 1714 5682">
     <span class='ocr_line' id='line_1_102' title="bbox 125 5601 1714 5682; baseline -0.008 -15"><span class='ocrx_word' id='word_1_730' title='bbox 125 5626 245 5669; x_wconf 85' lang='lat' dir='ltr'><strong>tum</strong></span> <span class='ocrx_word' id='word_1_731' title='bbox 270 5611 490 5682; x_wconf 85' lang='lat' dir='ltr'><strong>quidem</strong></span> <span class='ocrx_word' id='word_1_732' title='bbox 524 5608 774 5664; x_wconf 86' lang='lat' dir='ltr'><strong>nonnihil</strong></span> <span class='ocrx_word' id='word_1_733' title='bbox 811 5607 997 5662; x_wconf 91' lang='lat' dir='ltr'><strong>tributi</strong></span> <span class='ocrx_word' id='word_1_734' title='bbox 1050 5606 1272 5662; x_wconf 87' lang='lat' dir='ltr'><strong>nomine</strong></span> <span class='ocrx_word' id='word_1_735' title='bbox 1319 5601 1714 5673; x_wconf 64' lang='lat' dir='ltr'><strong>Hierosolymio</strong></span> 
     </span>
    </p>
   </div>
   <div class='ocr_carea' id='block_1_103' title="bbox 124 5696 1713 5771">
    <p class='ocr_par' dir='ltr' id='par_1_103' title="bbox 124 5696 1713 5771">
     <span class='ocr_line' id='line_1_103' title="bbox 124 5696 1713 5771; baseline -0.007 -12"><span class='ocrx_word' id='word_1_736' title='bbox 124 5718 316 5768; x_wconf 77' lang='lat' dir='ltr'><strong>tznos,</strong></span> <span class='ocrx_word' id='word_1_737' title='bbox 348 5701 671 5771; x_wconf 70' lang='lat' dir='ltr'><strong>Judmosque</strong></span> <span class='ocrx_word' id='word_1_738' title='bbox 704 5710 930 5756; x_wconf 62' lang='lat' dir='ltr'><strong>caeteros</strong></span> <span class='ocrx_word' id='word_1_739' title='bbox 956 5698 1260 5770; x_wconf 65' lang='lat' dir='ltr'><strong>peijsitasse</strong></span> <span class='ocrx_word' id='word_1_740' title='bbox 1278 5696 1548 5766; x_wconf 85' lang='lat' dir='ltr'><strong>Josephus</strong></span> <span class='ocrx_word' id='word_1_741' title='bbox 1576 5696 1713 5751; x_wconf 87' lang='lat' dir='ltr'><strong>indi-</strong></span> 
     </span>
    </p>
   </div>
   <div class='ocr_carea' id='block_1_104' title="bbox 123 5782 1712 5866">
    <p class='ocr_par' dir='ltr' id='par_1_104' title="bbox 123 5782 1712 5866">
     <span class='ocr_line' id='line_1_104' title="bbox 123 5782 1712 5866; baseline -0.01 -9"><span class='ocrx_word' id='word_1_742' title='bbox 123 5807 213 5857; x_wconf 71' lang='grc' dir='ltr'><strong>εει</strong></span> <span class='ocrx_word' id='word_1_743' title='bbox 242 5782 421 5866; x_wconf 85' lang='lat' dir='ltr'><strong>capite</strong></span> <span class='ocrx_word' id='word_1_744' title='bbox 468 5796 560 5850; x_wconf 89' lang='lat' dir='ltr'><strong>illo</strong></span> <span class='ocrx_word' id='word_1_745' title='bbox 594 5794 678 5861; x_wconf 87' lang='grc'>17,</span> <span class='ocrx_word' id='word_1_746' title='bbox 721 5793 823 5850; x_wconf 86' lang='lat' dir='ltr'><strong>etsi</strong></span> <span class='ocrx_word' id='word_1_747' title='bbox 856 5792 1184 5863; x_wconf 85' lang='lat' dir='ltr'><strong>perobscura</strong></span> <span class='ocrx_word' id='word_1_748' title='bbox 1215 5798 1342 5846; x_wconf 88' lang='lat' dir='ltr'><strong>sunt</strong></span> <span class='ocrx_word' id='word_1_749' title='bbox 1370 5788 1581 5844; x_wconf 74' lang='lat' dir='ltr'><strong>Iuliana</strong></span> <span class='ocrx_word' id='word_1_750' title='bbox 1627 5787 1712 5842; x_wconf 82' lang='lat' dir='ltr'><strong>illa</strong></span> 
     </span>
    </p>
   </div>
   <div class='ocr_carea' id='block_1_105' title="bbox 1814 4582 3394 4666">
    <p class='ocr_par' dir='ltr' id='par_1_105' title="bbox 1814 4582 3394 4666">
     <span class='ocr_line' id='line_1_105' title="bbox 1814 4582 3394 4666; baseline -0.01 -17"><span class='ocrx_word' id='word_1_751' title='bbox 1814 4601 2086 4666; x_wconf 84' lang='lat' dir='ltr'><strong>ageretur,</strong></span> <span class='ocrx_word' id='word_1_752' title='bbox 2121 4601 2175 4646; x_wconf 90' lang='lat' dir='ltr'><strong>et</strong></span> <span class='ocrx_word' id='word_1_753' title='bbox 2224 4590 2387 4645; x_wconf 90' lang='lat' dir='ltr'><strong>aliam</strong></span> <span class='ocrx_word' id='word_1_754' title='bbox 2439 4603 2666 4643; x_wconf 89' lang='lat' dir='ltr'><strong>causam</strong></span> <span class='ocrx_word' id='word_1_755' title='bbox 2714 4600 2836 4642; x_wconf 89' lang='lat' dir='ltr'><strong>esse</strong></span> <span class='ocrx_word' id='word_1_756' title='bbox 2885 4582 3238 4639; x_wconf 82' lang='lat' dir='ltr'><strong>manifestum</strong></span> <span class='ocrx_word' id='word_1_757' title='bbox 3289 4587 3394 4642; x_wconf 85' lang='lat' dir='ltr'><strong>est,</strong></span> 
     </span>
    </p>
   </div>
   <div class='ocr_carea' id='block_1_106' title="bbox 1814 4672 3397 4755">
    <p class='ocr_par' dir='ltr' id='par_1_106' title="bbox 1814 4672 3397 4755">
     <span class='ocr_line' id='line_1_106' title="bbox 1814 4672 3397 4755; baseline -0.011 -13"><span class='ocrx_word' id='word_1_758' title='bbox 1814 4687 1883 4742; x_wconf 93' lang='lat' dir='ltr'><strong>ob</strong></span> <span class='ocrx_word' id='word_1_759' title='bbox 1908 4700 2071 4755; x_wconf 82' lang='lat' dir='ltr'><strong>quam</strong></span> <span class='ocrx_word' id='word_1_760' title='bbox 2106 4683 2279 4754; x_wconf 90' lang='lat' dir='ltr'><strong>prima</strong></span> <span class='ocrx_word' id='word_1_761' title='bbox 2311 4682 2428 4736; x_wconf 87' lang='lat' dir='ltr'><strong>haec</strong></span> <span class='ocrx_word' id='word_1_762' title='bbox 2457 4680 2528 4737; x_wconf 90' lang='lat' dir='ltr'><strong>sit</strong></span> <span class='ocrx_word' id='word_1_763' title='bbox 2555 4679 2826 4749; x_wconf 85' lang='lat' dir='ltr'><strong>appellata</strong></span> <span class='ocrx_word' id='word_1_764' title='bbox 2855 4675 3169 4746; x_wconf 85' lang='lat' dir='ltr'><strong>descriptio.</strong></span> <span class='ocrx_word' id='word_1_765' title='bbox 3203 4672 3397 4728; x_wconf 91' lang='lat' dir='ltr'><strong>videli-</strong></span> 
     </span>
    </p>
   </div>
   <div class='ocr_carea' id='block_1_107' title="bbox 1814 4765 3398 4848">
    <p class='ocr_par' dir='ltr' id='par_1_107' title="bbox 1814 4765 3398 4848">
     <span class='ocr_line' id='line_1_107' title="bbox 1814 4765 3398 4848; baseline -0.009 -14"><span class='ocrx_word' id='word_1_766' title='bbox 1814 4788 1919 4843; x_wconf 90' lang='lat' dir='ltr'><strong>cet,</strong></span> <span class='ocrx_word' id='word_1_767' title='bbox 1953 4779 2099 4848; x_wconf 90' lang='lat' dir='ltr'><strong>quod</strong></span> <span class='ocrx_word' id='word_1_768' title='bbox 2150 4778 2319 4831; x_wconf 89' lang='lat' dir='ltr'><strong>altera</strong></span> <span class='ocrx_word' id='word_1_769' title='bbox 2354 4782 2479 4844; x_wconf 88' lang='lat' dir='ltr'><strong>post</strong></span> <span class='ocrx_word' id='word_1_770' title='bbox 2507 4773 2756 4829; x_wconf 84' lang='lat' dir='ltr'><strong>Archelai</strong></span> <span class='ocrx_word' id='word_1_771' title='bbox 2793 4771 3184 4842; x_wconf 82' lang='lat' dir='ltr'><strong>relegationem</strong></span> <span class='ocrx_word' id='word_1_772' title='bbox 3221 4765 3398 4822; x_wconf 88' lang='lat' dir='ltr'><strong>eidem</strong></span> 
     </span>
    </p>
   </div>
   <div class='ocr_carea' id='block_1_108' title="bbox 1814 4856 3396 4939">
    <p class='ocr_par' dir='ltr' id='par_1_108' title="bbox 1814 4856 3396 4939">
     <span class='ocr_line' id='line_1_108' title="bbox 1814 4856 3396 4939; baseline -0.009 -14"><span class='ocrx_word' id='word_1_773' title='bbox 1814 4871 2042 4939; x_wconf 86' lang='lat' dir='ltr'><strong>Quirino</strong></span> <span class='ocrx_word' id='word_1_774' title='bbox 2074 4869 2328 4925; x_wconf 88' lang='lat' dir='ltr'><strong>mandata</strong></span> <span class='ocrx_word' id='word_1_775' title='bbox 2355 4866 2543 4922; x_wconf 77' lang='lat' dir='ltr'><strong>fuerit.</strong></span> <span class='ocrx_word' id='word_1_776' title='bbox 2578 4865 2654 4920; x_wconf 91' lang='lat' dir='ltr'><strong>De</strong></span> <span class='ocrx_word' id='word_1_777' title='bbox 2692 4880 2802 4934; x_wconf 91' lang='lat' dir='ltr'><strong>qua</strong></span> <span class='ocrx_word' id='word_1_778' title='bbox 2837 4878 2896 4918; x_wconf 90' lang='lat' dir='ltr'><strong>re</strong></span> <span class='ocrx_word' id='word_1_779' title='bbox 2925 4862 3047 4917; x_wconf 92' lang='lat' dir='ltr'><strong>vide</strong></span> <span class='ocrx_word' id='word_1_780' title='bbox 3078 4875 3200 4932; x_wconf 85' lang='lat' dir='ltr'><strong>quae</strong></span> <span class='ocrx_word' id='word_1_781' title='bbox 3230 4856 3396 4912; x_wconf 79' lang='lat' dir='ltr'><strong>Deke-</strong></span> 
     </span>
    </p>
   </div>
   <div class='ocr_carea' id='block_1_109' title="bbox 1814 4951 3398 5028">
    <p class='ocr_par' dir='ltr' id='par_1_109' title="bbox 1814 4951 3398 5028">
     <span class='ocr_line' id='line_1_109' title="bbox 1814 4951 3398 5028; baseline -0.009 -11"><span class='ocrx_word' id='word_1_782' title='bbox 1814 4963 1930 5017; x_wconf 89' lang='lat' dir='ltr'><strong>rius</strong></span> <span class='ocrx_word' id='word_1_783' title='bbox 1963 4969 2156 5016; x_wconf 90' lang='lat' dir='ltr'><strong>noster</strong></span> <span class='ocrx_word' id='word_1_784' title='bbox 2200 4969 2254 5016; x_wconf 93' lang='lat' dir='ltr'><strong>et</strong></span> <span class='ocrx_word' id='word_1_785' title='bbox 2300 4957 2567 5028; x_wconf 87' lang='lat' dir='ltr'><strong>Keplerus</strong></span> <span class='ocrx_word' id='word_1_786' title='bbox 2605 4955 2822 5011; x_wconf 88' lang='lat' dir='ltr'><strong>erudite</strong></span> <span class='ocrx_word' id='word_1_787' title='bbox 2858 4951 3214 5008; x_wconf 91' lang='lat' dir='ltr'><strong>commentati</strong></span> <span class='ocrx_word' id='word_1_788' title='bbox 3250 4957 3398 5005; x_wconf 91' lang='lat' dir='ltr'><strong>sunt.</strong></span> 
     </span>
    </p>
   </div>
   <div class='ocr_carea' id='block_1_110' title="bbox 1812 5039 3400 5124">
    <p class='ocr_par' dir='ltr' id='par_1_110' title="bbox 1812 5039 3400 5124">
     <span class='ocr_line' id='line_1_110' title="bbox 1812 5039 3400 5124; baseline -0.01 -15"><span class='ocrx_word' id='word_1_789' title='bbox 1812 5052 2000 5124; x_wconf 81' lang='lat' dir='ltr'><strong>Neque</strong></span> <span class='ocrx_word' id='word_1_790' title='bbox 2031 5052 2177 5106; x_wconf 90' lang='lat' dir='ltr'><strong>enim</strong></span> <span class='ocrx_word' id='word_1_791' title='bbox 2228 5048 2504 5105; x_wconf 88' lang='lat' dir='ltr'><strong>eensionis</strong></span> <span class='ocrx_word' id='word_1_792' title='bbox 2549 5047 2720 5116; x_wconf 83' lang='lat' dir='ltr'><strong>hujus</strong></span> <span class='ocrx_word' id='word_1_793' title='bbox 2766 5043 3104 5114; x_wconf 88' lang='lat' dir='ltr'><strong>Epiphanius</strong></span> <span class='ocrx_word' id='word_1_794' title='bbox 3134 5039 3400 5103; x_wconf 88' lang='lat' dir='ltr'><strong>meminit,</strong></span> 
     </span>
    </p>
   </div>
   <div class='ocr_carea' id='block_1_111' title="bbox 1817 5131 3303 5212">
    <p class='ocr_par' dir='ltr' id='par_1_111' title="bbox 1817 5131 3303 5212">
     <span class='ocr_line' id='line_1_111' title="bbox 1817 5131 3303 5212; baseline -0.01 -12"><span class='ocrx_word' id='word_1_795' title='bbox 1817 5157 1876 5202; x_wconf 92' lang='lat' dir='ltr'><strong>nt</strong></span> <span class='ocrx_word' id='word_1_796' title='bbox 1905 5160 2026 5200; x_wconf 90' lang='lat' dir='ltr'><strong>eam</strong></span> <span class='ocrx_word' id='word_1_797' title='bbox 2054 5143 2214 5198; x_wconf 91' lang='lat' dir='ltr'><strong>nobis</strong></span> <span class='ocrx_word' id='word_1_798' title='bbox 2248 5141 2609 5212; x_wconf 69' lang='lat' dir='ltr'><strong>quaestionem</strong></span> <span class='ocrx_word' id='word_1_799' title='bbox 2644 5138 2921 5208; x_wconf 84' lang='lat' dir='ltr'><strong>explicare</strong></span> <span class='ocrx_word' id='word_1_800' title='bbox 2952 5147 3177 5189; x_wconf 84' lang='lat' dir='ltr'><strong>necesse</strong></span> <span class='ocrx_word' id='word_1_801' title='bbox 3212 5131 3303 5186; x_wconf 90' lang='lat' dir='ltr'><strong>sit.</strong></span> 
     </span>
    </p>
   </div>
   <div class='ocr_carea' id='block_1_112' title="bbox 1887 5225 3398 5309">
    <p class='ocr_par' dir='ltr' id='par_1_112' title="bbox 1887 5225 3398 5309">
     <span class='ocr_line' id='line_1_112' title="bbox 1887 5225 3398 5309; baseline -0.009 -15"><span class='ocrx_word' id='word_1_802' title='bbox 1887 5240 2065 5309; x_wconf 86' lang='lat' dir='ltr'><strong>Atque</strong></span> <span class='ocrx_word' id='word_1_803' title='bbox 2108 5245 2166 5290; x_wconf 92' lang='lat' dir='ltr'><strong>nt</strong></span> <span class='ocrx_word' id='word_1_804' title='bbox 2197 5237 2340 5290; x_wconf 88' lang='lat' dir='ltr'><strong>hanc</strong></span> <span class='ocrx_word' id='word_1_805' title='bbox 2370 5235 2437 5289; x_wconf 88' lang='lat' dir='ltr'><strong>de</strong></span> <span class='ocrx_word' id='word_1_806' title='bbox 2478 5230 2713 5287; x_wconf 83' lang='lat' dir='ltr'><strong>Herodis</strong></span> <span class='ocrx_word' id='word_1_807' title='bbox 2758 5229 2918 5284; x_wconf 88' lang='lat' dir='ltr'><strong>annis</strong></span> <span class='ocrx_word' id='word_1_808' title='bbox 2971 5225 3398 5298; x_wconf 82' lang='lat' dir='ltr'><strong>disputationem</strong></span> 
     </span>
    </p>
   </div>
   <div class='ocr_carea' id='block_1_113' title="bbox 1778 5318 3435 5398">
    <p class='ocr_par' dir='ltr' id='par_1_113' title="bbox 1778 5318 3435 5398">
     <span class='ocr_line' id='line_1_113' title="bbox 1778 5318 3435 5398; baseline -0.007 -15"><span class='ocrx_word' id='word_1_809' title='bbox 1778 5338 1791 5348; x_wconf 88' lang='lat'><strong><em>&#39;</em></strong></span> <span class='ocrx_word' id='word_1_810' title='bbox 1817 5327 2111 5398; x_wconf 84' lang='lat' dir='ltr'><strong>aliquando</strong></span> <span class='ocrx_word' id='word_1_811' title='bbox 2159 5325 2510 5388; x_wconf 90' lang='lat' dir='ltr'><strong>concludam,</strong></span> <span class='ocrx_word' id='word_1_812' title='bbox 2559 5323 2628 5386; x_wconf 90' lang='lat' dir='ltr'><strong>si,</strong></span> <span class='ocrx_word' id='word_1_813' title='bbox 2660 5322 2805 5392; x_wconf 92' lang='lat' dir='ltr'><strong>quod</strong></span> <span class='ocrx_word' id='word_1_814' title='bbox 2843 5318 3150 5392; x_wconf 87' lang='lat' dir='ltr'><strong>Epiphanio</strong></span> <span class='ocrx_word' id='word_1_815' title='bbox 3197 5319 3435 5389; x_wconf 88' lang='lat' dir='ltr'><strong>placet,.</strong></span> 
     </span>
    </p>
   </div>
   <div class='ocr_carea' id='block_1_114' title="bbox 1817 5410 3404 5487">
    <p class='ocr_par' dir='ltr' id='par_1_114' title="bbox 1817 5410 3404 5487">
     <span class='ocr_line' id='line_1_114' title="bbox 1817 5410 3404 5487; baseline -0.004 -15"><span class='ocrx_word' id='word_1_816' title='bbox 1817 5434 1911 5475; x_wconf 87' lang='lat' dir='ltr'><strong>vtn</strong></span> <span class='ocrx_word' id='word_1_817' title='bbox 1957 5419 2036 5473; x_wconf 89' lang='lat' dir='ltr'><strong>Id.</strong></span> <span class='ocrx_word' id='word_1_818' title='bbox 2079 5417 2352 5487; x_wconf 86' lang='lat' dir='ltr'><strong>Jan.,quo</strong></span> <span class='ocrx_word' id='word_1_819' title='bbox 2380 5416 2468 5470; x_wconf 91' lang='lat' dir='ltr'><strong>die</strong></span> <span class='ocrx_word' id='word_1_820' title='bbox 2504 5421 2667 5468; x_wconf 89' lang='lat' dir='ltr'><strong>natus</strong></span> <span class='ocrx_word' id='word_1_821' title='bbox 2699 5423 2780 5468; x_wconf 88' lang='lat' dir='ltr'><strong>est</strong></span> <span class='ocrx_word' id='word_1_822' title='bbox 2814 5412 3092 5478; x_wconf 87' lang='lat' dir='ltr'><strong>Christus,</strong></span> <span class='ocrx_word' id='word_1_823' title='bbox 3119 5425 3265 5465; x_wconf 89' lang='lat' dir='ltr'><strong>anno</strong></span> <span class='ocrx_word' id='word_1_824' title='bbox 3307 5410 3404 5465; x_wconf 86' lang='lat' dir='ltr'><strong>Ju-</strong></span> 
     </span>
    </p>
   </div>
   <div class='ocr_carea' id='block_1_115' title="bbox 1817 5503 3398 5575">
    <p class='ocr_par' dir='ltr' id='par_1_115' title="bbox 1817 5503 3398 5575">
     <span class='ocr_line' id='line_1_115' title="bbox 1817 5503 3398 5575; baseline -0.005 -12"><span class='ocrx_word' id='word_1_825' title='bbox 1817 5509 1964 5564; x_wconf 88' lang='lat' dir='ltr'><strong>Iiano</strong></span> <span class='ocrx_word' id='word_1_826' title='bbox 1990 5509 2090 5572; x_wconf 71' lang='grc'><strong>44,</strong></span> <span class='ocrx_word' id='word_1_827' title='bbox 2142 5506 2383 5563; x_wconf 86' lang='lat' dir='ltr'><strong>Herodes</strong></span> <span class='ocrx_word' id='word_1_828' title='bbox 2431 5520 2634 5561; x_wconf 89' lang='lat' dir='ltr'><strong>annum</strong></span> <span class='ocrx_word' id='word_1_829' title='bbox 2685 5504 2880 5575; x_wconf 84' lang='lat' dir='ltr'><strong>agebat</strong></span> <span class='ocrx_word' id='word_1_830' title='bbox 2927 5503 3143 5572; x_wconf 91' lang='lat' dir='ltr'><strong>imperii</strong></span> <span class='ocrx_word' id='word_1_831' title='bbox 3201 5517 3398 5568; x_wconf 87' lang='lat' dir='ltr'><strong>xxxtn,</strong></span> 
     </span>
    </p>
   </div>
   <div class='ocr_carea' id='block_1_116' title="bbox 1818 5594 3401 5674">
    <p class='ocr_par' dir='ltr' id='par_1_116' title="bbox 1818 5594 3401 5674">
     <span class='ocr_line' id='line_1_116' title="bbox 1818 5594 3401 5674; baseline -0.008 -16"><span class='ocrx_word' id='word_1_832' title='bbox 1818 5602 1938 5674; x_wconf 90' lang='lat' dir='ltr'><strong>ejus</strong></span> <span class='ocrx_word' id='word_1_833' title='bbox 1973 5601 2188 5656; x_wconf 90' lang='lat' dir='ltr'><strong>initium</strong></span> <span class='ocrx_word' id='word_1_834' title='bbox 2221 5600 2272 5653; x_wconf 92' lang='lat' dir='ltr'><strong>in</strong></span> <span class='ocrx_word' id='word_1_835' title='bbox 2309 5597 2591 5654; x_wconf 90' lang='lat' dir='ltr'><strong>Julianum</strong></span> <span class='ocrx_word' id='word_1_836' title='bbox 2628 5597 2688 5652; x_wconf 84' lang='lat' dir='ltr'><strong>tl</strong></span> <span class='ocrx_word' id='word_1_837' title='bbox 2724 5594 2999 5660; x_wconf 89' lang='lat' dir='ltr'><strong>convenit,</strong></span> <span class='ocrx_word' id='word_1_838' title='bbox 3033 5594 3260 5650; x_wconf 89' lang='lat' dir='ltr'><strong>biennio</strong></span> <span class='ocrx_word' id='word_1_839' title='bbox 3292 5602 3401 5646; x_wconf 87' lang='lat' dir='ltr'><strong>tar-</strong></span> 
     </span>
    </p>
   </div>
   <div class='ocr_carea' id='block_1_117' title="bbox 1819 5683 3394 5765">
    <p class='ocr_par' dir='ltr' id='par_1_117' title="bbox 1819 5683 3394 5765">
     <span class='ocr_line' id='line_1_117' title="bbox 1819 5683 3394 5765; baseline -0.007 -15"><span class='ocrx_word' id='word_1_840' title='bbox 1819 5695 1962 5762; x_wconf 92' lang='lat' dir='ltr'><strong>dius,</strong></span> <span class='ocrx_word' id='word_1_841' title='bbox 1991 5709 2152 5765; x_wconf 90' lang='lat' dir='ltr'><strong>quam</strong></span> <span class='ocrx_word' id='word_1_842' title='bbox 2185 5691 2411 5746; x_wconf 89' lang='lat' dir='ltr'><strong>historia</strong></span> <span class='ocrx_word' id='word_1_843' title='bbox 2443 5688 2719 5760; x_wconf 89' lang='lat' dir='ltr'><strong>postulat,</strong></span> <span class='ocrx_word' id='word_1_844' title='bbox 2749 5703 2873 5758; x_wconf 74' lang='lat' dir='ltr'><strong>qua:</strong></span> <span class='ocrx_word' id='word_1_845' title='bbox 2895 5687 3126 5743; x_wconf 90' lang='lat' dir='ltr'><strong>alterum</strong></span> <span class='ocrx_word' id='word_1_846' title='bbox 3164 5683 3394 5740; x_wconf 82' lang='lat' dir='ltr'><strong>Herodis</strong></span> 
     </span>
    </p>
   </div>
   <div class='ocr_carea' id='block_1_118' title="bbox 1822 5777 3392 5845">
    <p class='ocr_par' dir='ltr' id='par_1_118' title="bbox 1822 5777 3392 5845">
     <span class='ocr_line' id='line_1_118' title="bbox 1822 5777 3392 5845; baseline -0.008 -4"><span class='ocrx_word' id='word_1_847' title='bbox 1822 5787 2039 5842; x_wconf 89' lang='lat' dir='ltr'><strong>initium</strong></span> <span class='ocrx_word' id='word_1_848' title='bbox 2073 5783 2290 5841; x_wconf 69' lang='lat' dir='ltr'><strong>Iuliano</strong></span> <span class='ocrx_word' id='word_1_849' title='bbox 2319 5785 2351 5839; x_wconf 85' lang='lat'><strong>9</strong></span> <span class='ocrx_word' id='word_1_850' title='bbox 2381 5781 2650 5838; x_wconf 84' lang='lat' dir='ltr'><strong>accidisse</strong></span> <span class='ocrx_word' id='word_1_851' title='bbox 2682 5777 2975 5837; x_wconf 85' lang='lat' dir='ltr'><strong>conﬁrmat</strong></span> <span class='ocrx_word' id='word_1_852' title='bbox 3006 5794 3018 5832; x_wconf 92' lang='lat'>:</span> <span class='ocrx_word' id='word_1_853' title='bbox 3049 5790 3080 5832; x_wconf 89' lang='lat' dir='ltr'><strong>a</strong></span> <span class='ocrx_word' id='word_1_854' title='bbox 3109 5789 3222 5845; x_wconf 90' lang='lat' dir='ltr'><strong>quo</strong></span> <span class='ocrx_word' id='word_1_855' title='bbox 3261 5786 3392 5830; x_wconf 87' lang='lat' dir='ltr'><strong>cum</strong></span> 
     </span>
    </p>
   </div>
  </div>
