3854 6310
458 314 565 376 9‘21

1599 310 1944 367 APPENDIX
1984 307 2621 365 DlSSERTATIONUM.
3626 309 3708 368 92!

459 436 731 504 Josuplttts
784 448 952 486 χχχιιι
998 431 1268 500 duntaxat
1304 446 1478 484 annos
1522 429 1794 485 Herodem
1852 414 2055 482 vixisse
2087 436 2127 490 Α
2160 428 2449 482 inchoatus
2494 426 2691 481 fuerat.
2744 426 2819 481 Ita
2864 435 2979 491 est;
3017 426 3111 480 sed
3161 424 3299 479 κατὰ
3334 426 3597 496 πρόληψιν
3638 445 3709 482 se-

466 537 674 593 narret,
727 524 1068 596 Epiphanius
1110 524 1249 578 libro
1298 538 1336 588 ι,
1395 539 1450 577 ιι.
1497 523 1801 591 2,5eptem
1857 531 1911 575 et
1950 522 2049 575 tri-

456 620 607 689 ginta
640 617 883 681 deducit,
914 617 1114 687 quibus
1160 617 1289 670 totis
1325 629 1587 683 regnasse
1631 622 1753 684 post
1807 613 2045 683 primum

454 708 732 762 decretum
771 708 974 763 dicitur
1002 750 1016 773 ,
1053 723 1177 763 cum
1232 709 1430 761 horum
1493 706 1822 775 principium
1873 721 1903 758 a
1947 703 2048 758 Ju-

456 800 601 865 liano
634 807 792 855 sexto
828 800 1001 868 repeti
1041 799 1256 852 debeat.
1292 798 1564 863 Quocirca
1595 806 1828 851 mortem
1876 794 2046 851 Hero-

454 890 539 945 dis
583 889 800 945 confert
833 888 885 942 in
921 905 1123 943 annum
1166 886 1451 942 Julianum
1491 888 1594 954 47;
1626 904 1750 941 cum
1783 886 2047 942 Dominus

454 996 718 1053 quartum
762 980 877 1050 jam
914 996 1120 1034 annum
1154 981 1331 1035 aetatis
1365 980 1654 1049 attigisset.
1704 978 1808 1033 Sed
1847 980 1889 1033 si
1920 995 2043 1033 vera

456 1080 603 1132 sunt,
635 1085 757 1140 quae
787 1068 1063 1138 Josephus
1089 1067 1156 1122 de
1189 1066 1401 1123 Herode
1437 1066 1777 1137 perscripsit,
1821 1080 2046 1119 necesse

454 1173 559 1226 est,
593 1173 650 1218 ut
691 1163 908 1217 Juliano
938 1161 1010 1215 42
1044 1162 1344 1216 decesserit
1375 1178 1388 1213 :
1436 1159 1581 1214 unde
1629 1169 1682 1214 et
1724 1156 1955 1220 Natalis,
1987 1164 2046 1209 ut

455 1254 716 1316 diximus,
758 1252 973 1307 Domini
1004 1261 1260 1322 quatuor,
1300 1252 1383 1305 vel
1418 1251 1663 1321 quinque
1688 1252 1848 1305 annis
1889 1261 2043 1304 ante-

455 1345 748 1399 vertendus
777 1344 901 1399 erit.
940 1343 1071 1409 Quae
1104 1344 1325 1413 quidem
1366 1360 1467 1397 nos
1516 1344 1759 1397 nondmn
1797 1359 1859 1397 ex
1910 1344 2044 1411 Opi-

458 1434 625 1488 nione
654 1445 840 1489 nostra
889 1434 1217 1500 constituta;
1247 1434 1339 1489 sed
1374 1450 1436 1488 ex
1464 1433 1688 1503 Josrpbi
1722 1444 1921 1497 mente,
1955 1442 2040 1486 at-

457 1541 562 1594 que
591 1526 820 1581 historia
867 1527 1094 1581 collecta
1131 1526 1314 1580 haberi
1349 1526 1395 1580 a'
1426 1527 1746 1590 lectoribus,
1781 1525 2035 1595 expendi-

459 1630 567 1685 que
591 1618 865 1671 volumus.
906 1616 1169 1687 Superest
1199 1627 1255 1672 ut
1277 1619 1344 1673 de
1375 1619 1609 1688 Augusti
1640 1632 1808 1683 anno,
1841 1616 1934 1687 qui
1958 1626 2042 1671 est

459 1706 600 1762 alius
648 1704 855 1763 Natalis
892 1709 1161 1763 Dominict
1206 1709 1494 1764 character
1527 1710 1596 1764 ab
1624 1708 1929 1780 Epiphanio
1958 1709 2039 1763 al-

456 1800 618 1868 latus,
658 1800 1045 1872 perstringam.

663 1936 837 2003 Quoto
864 1937 1093 2007 Augusti
1122 1952 1259 1991 anno
1285 1946 1444 1993 natus
1476 1938 1545 1991 sit
1578 1936 1843 1993 Christus.

534 2070 695 2125 Anno
722 2069 1074 2140 imperatoris
1100 2068 1328 2140 Augusti
1370 2083 1487 2123 χιιι
1528 2080 1716 2124 natum
1743 2084 1862 2124 esse
1890 2068 2041 2123 Chri-

460 2172 627 2228 stum,
671 2172 857 2218 censet
910 2161 1281 2234 Epiphanius,
1326 2177 1489 2231 quem
1545 2177 1757 2217 annum
1810 2177 1876 2217 ex
1928 2178 2038 2232 quo

455 2254 629 2309 Judaei
662 2253 906 2308 Romano
938 2254 1168 2323 imperio
1199 2253 1474 2323 subjuncti
1511 2262 1661 2316 sunt,
1700 2268 1831 2306 χχιχ
1867 2250 2039 2307 fuisse

458 2344 614 2399 dicit.
646 2342 769 2397 Tria
799 2344 1147 2413 potissimum
1169 2342 1397 2411 Augusti
1423 2343 1835 2397 constituuntur
1860 2342 2035 2398 initia.

458 2435 705 2490 Primum
738 2436 809 2489 ab
852 2435 971 2511 ipso
1002 2450 1170 2496 anno,
1226 2450 1337 2504 quo
1371 2431 1551 2488 Julius
1581 2434 1764 2489 Caesar
1812 2434 2039 2489 interfe-

458 2537 582 2581 ctus
609 2534 713 2590 est,
742 2526 835 2595 qui
872 2534 954 2580 est
987 2523 1151 2579 Urbis
1180 2525 1301 2589 7l0,
1334 2523 1586 2579 Julianus
1608 2524 1662 2587 2;
1702 2526 1938 2581 alterum
1970 2526 2039 2580 ab

462 2630 609 2671 anno
638 2617 907 2686 Sequenti,
954 2614 1116 2671 Urbis
1153 2616 1251 2670 7ll
1282 2634 1295 2672 :
1330 2616 1547 2670 tertium
1586 2617 1655 2671 ab
1698 2617 1921 2673 Actiaca
1959 2618 2038 2672 vi-

456 2709 651 2774 ctoria,
679 2710 793 2764 sive
822 2724 852 2764 a
879 2708 914 2762 2
937 2708 1086 2780 Sept.
1124 2709 1254 2764 anni
1297 2708 1463 2765 Urbis
1495 2707 1619 2775 723,
1651 2719 1708 2763 ut
1740 2708 1839 2764 Dio
1870 2717 2040 2765 testa-

457 2812 550 2855 tur
601 2800 654 2854 in
687 2800 912 2855 exordio
964 2802 1058 2857 lib.
1099 2816 1171 2857 ιι.
1229 2799 1367 2855 Hinc
1422 2801 1676 2855 diversus
1726 2801 1793 2855 ad
1830 2800 2036 2856 Christi

456 2889 701 2948 Natalem
738 2907 1005 2949 annorum
1038 2893 1266 2963 Augusri
1298 2908 1561 2948 numerus
1609 2893 1887 2949 statuitur.
1930 2892 2037 2948 Sed

458 2986 618 3057 vulgo
652 3003 760 3041 χιιι
806 2986 928 3056 ejus
970 3001 1116 3040 anno
1142 2994 1331 3039 natum
1362 3000 1487 3040 esse
1520 2983 1711 3040 Patres
1743 2984 2033 3049 alﬁrmant,

456 3078 753 3137 Eusebium
795 3078 992 3145 secuti,
1039 3078 1132 3149 qui
1168 3077 1406 3147 idipsum
1456 3076 1657 3132 Eccles.
1694 3077 1820 3131 hist.
1863 3076 1956 3131 lib.
1995 3093 2033 3141 ι,
2062 3120 2105 3179 C

453 3187 576 3241 cap.
610 3169 663 3235 6,
683 3180 738 3226 et
771 3169 824 3223 in
857 3168 1131 3224 Chronicis
1161 3169 1398 3240 scripsit.
1425 3167 1579 3235 Quod
1602 3178 1781 3223 autem
1800 3168 2032 3223 Annales

453 3261 803 3316 ecclesiastici
854 3260 1121 3325 tradunt,
1174 3275 1271 3315 eos
1309 3259 1400 3330 qui
1448 3261 1501 3314 in
1549 3275 1753 3314 annum
1800 3260 2031 3330 Augusti

455 3367 569 3409 χιιι
623 3352 870 3407 Natalem
905 3352 1110 3409 Christi
1140 3350 1455 3417 conferunt,
1481 3350 1548 3403 ab
1575 3351 1696 3419 ipso
1724 3364 1893 3417 anno,
1922 3366 2033 3421 quo

454 3444 636 3500 Julius
668 3443 849 3499 Catsar
878 3443 1199 3499 interfectus
1228 3452 1333 3508 est,
1357 3457 1533 3497 annos
1547 3442 1788 3497 exordiri
1814 3461 1828 3497 :
1866 3443 2032 3498 simul

358 3588 361 3589 ν
453 3536 601 3606 quod
649 3536 999 3591 librariorum
1060 3536 1219 3606 culpa
1269 3533 1475 3591 factum
1524 3545 1740 3606 putant,
1804 3545 1865 3591 ut
1904 3550 2030 3590 cum

456 3625 722 3682 Eusebius
765 3627 883 3696 ipso
934 3642 1079 3681 anno
1120 3625 1349 3681 Iuliane
1384 3627 1553 3693 necis,
1601 3627 1695 3695 qui
1739 3636 1822 3682 est
1863 3626 2027 3698 nlym.

454 3717 559 3771 184
589 3719 822 3788 primus,
866 3718 1099 3789 Augusti
1142 3718 1417 3787 posuisset
1458 3718 1698 3781 initium,
1742 3718 1795 3773 id
1834 3718 1887 3772 in
1946 3733 2033 3774 se-

452 3818 708 3878 quentem
744 3809 1072 3863 translatum
1106 3808 1271 3875 fuerit
1294 3807 1757 3874 quemadmodum
1783 3820 1835 3864 et
1864 3806 2029 3863 Nata-

453 3900 521 3955 lis
551 3899 754 3955 Christi
796 3900 848 3954 in
885 3916 1088 3955 annum
1135 3900 1353 3955 tertium
1384 3900 1588 3971 olymp.
1624 3899 1744 3967 194,
1777 3917 1901 3956 cum
1938 3917 2026 3957 se-

453 3992 634 4047 cundo
658 4006 723 4047 ex
754 4000 937 4047 mente
975 3991 1191 4047 Eusebii
1239 4000 1531 4061 competat,
1580 4002 1837 4048 neutrum
1885 3994 2021 4049 mihi

451 4082 669 4153 quidem
708 4082 987 4152 probatur.
1031 4082 1086 4136 ln
1124 4081 1316 4151 primis
1372 4082 1519 4136 enim
1561 4083 1701 4152 apud
1730 4082 2027 4138 Eusebium

454 4174 509 4229 in
570 4174 814 4229 editione
858 4172 1104 4240 Pontaci,
1156 4174 1440 4229 Octaviani
1500 4174 1718 4229 initium
1772 4176 2028 4246 alligatur

450 4281 636 4321 annoa
659 4266 891 4321 Caesaris
916 4281 1048 4321 nece
1072 4266 1342 4335 proximo,
1375 4265 1701 4337 Olympiadis
1742 4268 1984 4323 secundo
2011 4287 2023 4322 :

448 4354 656 4413 Natalis
696 4374 824 4412 vero
887 4358 1089 4413 Christi
1134 4374 1279 4413 anno
1307 4359 1466 4413 tertio
1502 4358 1669 4429 olyrn.
1706 4357 1828 4423 194,
1879 4360 2024 4428 quod

2156 520 2399 572 cundum
2454 528 2509 573 et
2558 516 3046 587 quadragesimum
3106 532 3309 571 annuat
3361 533 3391 570 a
3446 515 3557 572 Kal.
3606 518 3706 575 Jan.

2156 610 2395 680 incepit;
2426 609 2571 679 quod
2610 609 2891 678 plerisque
2936 609 3253 679 scriptorib.
3282 610 3407 664 aliis
3449 620 3530 664 est
3576 610 3709 664 fanu-

2153 702 2308 755 liare.
2352 701 2484 754 Nam
2528 700 2674 770 quod
2727 701 2796 755 ab
2838 698 3000 755 Urbis
3042 716 3187 754 anno
3232 700 3366 764 7H,
3399 700 3608 756 Juliano
3658 704 3706 769 3,

2151 792 2387 863 Augusti
2422 808 2596 847 annos
2638 802 2943 863 computet,
2974 800 3301 863 argumento
3330 802 3421 847 est
3462 797 3707 863 temporis,

2154 902 2267 955 quo
2313 886 2624 955 imperarit,
2694 886 2783 939 illa
2828 886 3083 955 partitio;
3126 899 3232 953 qua
3284 884 3521 953 primum
3564 900 3709 940 annos

2151 979 2415 1033 tredecim
2470 978 2770 1047 imperasse
2815 977 3041 1038 scribit,
3098 974 3267 1045 πρινὴ
3314 976 3417 1046 τὴν
3483 976 3707 1029 Ἰωόαίειν

2152 1068 2491 1140 συναφθῆναι
2524 1068 2744 1131 τελείως
2793 1067 3084 1138 Ῥωμαίοις
3105 1107 3119 1131 ,
3152 1067 3297 1135 quod
3324 1081 3473 1121 anno
3500 1067 3602 1129 illi,
3632 1070 3708 1137 qui

2146 1163 2427 1216 Actiacam
2463 1162 2748 1215 victoriam
2791 1175 3010 1215 securus
3051 1171 3154 1225 est,
3211 1160 3490 1229 congruit,
3518 1157 3706 1214 Juliano

2146 1254 2356 1310 scilicet
2384 1253 2469 1309 l6.
2499 1252 2861 1320 Quamobrem
2894 1267 2924 1305 a
2949 1249 3169 1305 Juliano
3194 1253 3355 1305 tertio
3376 1250 3444 1304 ad
3466 1250 3708 1305 decimum

2145 1346 2399 1415 quintum
2457 1345 2585 1399 anni
2631 1344 2891 1399 tredecim
2945 1343 3218 1397 exsistunt
3261 1362 3275 1397 :
3313 1343 3517 1413 quibus
3563 1344 3705 1398 additi

2152 1435 2243 1501 29,
2287 1450 2560 1489 summam
2611 1450 2720 1487 xi.”
2769 1434 3089 1499 coniiciunt,
3149 1449 3385 1503 quorum
3429 1441 3709 1502 postremos

2142 1528 2212 1583 44
2244 1526 2470 1582 Juliano
2507 1526 2715 1595 incipit,
2751 1533 2805 1579 et
2834 1524 3051 1595 quidem
3090 1540 3156 1577 ex
3196 1524 3259 1576 A.
3314 1522 3380 1576 D.
3430 1521 3547 1576 Kal.
3580 1521 3704 1581 Jan..

2143 1631 2202 1676 ut
2228 1621 2433 1675 dictum
2473 1627 2579 1674 est.
2620 1618 2795 1684 Quam
2830 1618 2901 1671 ob
2928 1631 3147 1671 causam
3189 1630 3335 1669 anno
3379 1616 3605 1684 Augusti
3634 1630 3704 1667 ni

2142 1716 2347 1785 potius,
2397 1728 2561 1783 quam
2600 1727 2709 1765 χιιι
2738 1709 2943 1765 Natalis
2972 1708 3174 1764 Christi
3215 1708 3577 1779 assignandus
3606 1708 3710 1765 luit.

2070 1777 2112 1833 Β
2137 1821 2262 1861 cum
2321 1803 2543 1869 Irenaeo,
2577 1800 2829 1865 'l‘ertull.,
2875 1800 2997 1855 aliis
3038 1800 3439 1871 compluribus.
3465 1800 3702 1854 Caeterum

2142 1894 2284 1948 idem
2309 1894 2397 1947 ille
2426 1907 2604 1947 annus
2628 1901 2751 1962 post
2781 1891 3059 1945 Actiacam
3088 1890 3375 1945 victoriam
3409 1898 3493 1945 est
3522 1904 3700 1955 xxvtn;

2143 1984 2395 2039 Actiacos
2416 1985 2560 2038 enim
2595 1998 2769 2036 annos
2801 1980 3041 2052 ngyptii
3076 1995 3368 2036 numerare
3394 1988 3657 2051 coeperunt
3676 1995 3702 2034 ι

2140 2075 2360 2131 Juliano
2410 2075 2496 2141 16,
2549 2074 2711 2129 Urbis
2755 2074 2877 2128 724.
2924 2072 3112 2142 Itaque
3160 2072 3460 2127 vicesimus
3508 2081 3701 2129 octavus

2149 2171 2317 2240 cepit
2342 2169 2563 2224 Juliano
2592 2168 2681 2231 45,
2715 2166 2968 2237 idemque
2989 2176 3041 2222 et
3069 2174 3332 2235 sequente
3351 2164 3588 2232 Juliano,
3612 2182 3700 2234 quo

2143 2268 2303 2313 natus
2326 2266 2410 2312 est
2442 2272 2509 2311 ex
2553 2255 2839 2325 Epiphanii
2876 2256 3146 2311 sententia
3172 2255 3455 2319 Christus,
3488 2255 3702 2309 Januarii

2140 2366 2219 2416 γι,
2256 2350 2439 2405 adhuc
2471 2350 2524 2404 in
2556 2365 2722 2403 cursu
2754 2358 2893 2415 erat,
2928 2365 3090 2419 quem
3120 2349 3209 2403 illc
3246 2359 3431 2405 tamen
3470 2366 3590 2404 xxix
3626 2367 3703 2419 αρε

2141 2443 2304 2514 pellat
2342 2462 2354 2497 :
2392 2443 2538 2513 quod
2580 2441 2683 2497 nisi
2731 2440 2911 2506 fallor,
2951 2451 3145 2497 contra
3176 2453 3345 2512 atque
3373 2443 3700 2497 Alexandrini

2141 2543 2560 2592 consueverant.
2598 2550 2628 2588 a
2680 2533 2797 2587 Kal.
2848 2531 2971 2587 Jan.
3006 2534 3342 2603 auspicetur.
3390 2534 3572 2605 Neque
3596 2552 3706 2591 rem

2141 2637 2322 2677 causae
2352 2622 2651 2692 quidquam
2692 2621 2811 2686 fuit,
2847 2639 2947 2677 cur
2998 2620 3050 2677 in
3095 2623 3401 2679 Annalibus
3448 2626 3573 2680 crcl.
3618 2628 3703 2679 mi-

2142 2729 2263 2768 rum
2297 2714 2593 2777 videretur,
2621 2714 2764 2784 quod
2790 2713 3045 2771 Clemens
3063 2725 3115 2769 et
3134 2714 3409 2771 Eusebius
3423 2718 3493 2772 ab
3508 2720 3699 2774 Actiaca

2143 2820 2326 2876 pugna
2393 2818 2570 2858 annos
2632 2804 2697 2857 ad
2746 2802 2994 2860 Natalem
3059 2800 3279 2860 Domini
3344 2820 3700 2878 computat-ent

2144 2911 2334 2959 χχνιιι,
2369 2905 2464 2950 aut
2497 2897 2645 2967 quod
2686 2894 2957 2951 Eusebius
2984 2896 3037 2949 in
3076 2894 3362 2955 Chronicis
3428 2897 3699 2951 Antonium

2140 2995 2194 3041 et
2241 2986 2593 3054 Cleopatram
2649 2986 2955 3042 debellatos
3006 2989 3294 3058 scripserit
3358 3006 3508 3047 anno
3566 2993 3700 3046 tertio

2141 3076 2344 3147 olymp.
2399 3076 2523 3141 187,
2567 3066 2692 3131 cum
2723 3092 2787 3131 ea
2817 3077 3044 3131 victoria
3079 3094 3224 3135 anno
3249 3077 3418 3137 Urbis
3462 3082 3700 3138 accideret

2138 3168 2263 3232 725,
2292 3168 2537 3239 Augusto
2584 3184 2643 3223 ιιι
2687 3178 2742 3223 et
2770 3167 2999 3225 Messala
3042 3173 3548 3244 coss.,nlympiadis
3578 3188 3700 3227 anno

2138 3259 2302 3314 tertio
2342 3277 2355 3313 :
2388 3274 2513 3313 nam
2543 3258 2752 3315 Actiaci
2801 3260 2955 3329 anni,
3005 3261 3206 3332 quibus
3260 3262 3520 3318 Clemens
3560 3272 3698 3332 atque

2139 3351 2406 3407 Eusebius
2453 3350 2537 3405 usi
2592 3358 2742 3416 sunt,
2782 3366 2893 3405 non
2949 3351 3019 3405 ab
3064 3352 3185 3421 ipso
3240 3366 3413 3416 anno,
3452 3353 3507 3407 in
3558 3368 3696 3422 quem

2136 3458 2313 3513 pugna
2370 3458 2433 3497 ac
2467 3442 2697 3496 victoria
2739 3442 2955 3507 cecidit,
2986 3441 3081 3497 sed
3125 3458 3155 3496 a
3204 3445 3461 3514 sequenti
3511 3446 3694 3505 ineunt,

2134 3534 2456 3605 Olympiadis
2502 3534 2602 3588 187
2665 3533 2845 3597 tertio,
2890 3542 3014 3604 post
3052 3535 3275 3588 Antonii
3323 3544 3378 3590 et
3423 3534 3695 3605 Cleopatra:

2133 3642 2343 3680 necem.
2378 3624 2533 3680 Unde
2566 3641 2743 3680 annos
2776 3626 3008 3696 Augusti
3054 3625 3301 3695 plerique
3336 3636 3468 3681 sunt
3512 3626 3690 3686 exorsi,

2131 3714 2226 3785 qui
2274 3725 2562 3786 propterea
2610 3730 2755 3770 anno
2783 3714 3015 3787 Augusti
3070 3729 3242 3768 χχνιιι
3291 3726 3481 3769 natum
3530 3717 3692 3771 dixere

2132 3806 2440 3862 atristum.
2488 3806 2814 3876 Quanquam
2861 3806 2915 3859 in
2947 3821 3013 3861 eo
3058 3805 3275 3877 negotio
3305 3808 3586 3878 diligenter
3613 3808 3691 3861 ha-

2132 3897 2313 3952 benda
2346 3897 2488 3953 ratio
2512 3906 2617 3964 est,
2665 3897 2794 3967 quid
2836 3897 3137 3967 scriptores
3180 3898 3233 3952 in
3274 3898 3511 3954 Actiacae
3546 3899 3690 3954 victo-

2132 3991 2228 4045 riae
2278 3991 2484 4062 epoeha
2536 3989 3019 4047 commemoranda
3076 3990 3181 4045 sibi
3232 3990 3524 4047 voluerint.
3573 3991 3689 4046 Nam

2131 4100 2257 4140 cum
2287 4084 2534 4138 Actiacos
2561 4099 2725 4137 annos
2768 4083 3104 4152 exprimunt,
3160 4098 3190 4136 a
3224 4082 3445 4139 Juliano
3488 4085 3571 4150 l6,
3607 4085 3686 4155 qui

2130 4178 2355 4230 Actiaca
2398 4174 2625 4230 victoria
2674 4175 2947 4245 posterior
2994 4183 3098 4241 est,
3148 4175 3436 4245 incipiunt.
3497 4177 3587 4231 Sin
3629 4176 3687 4229 ab

2132 4267 2357 4324 Actiaca
2407 4268 2636 4323 victoria
2672 4276 2753 4321 tot
2788 4282 2966 4323 annos
3007 4268 3226 4338 elapsos
3254 4284 3378 4325 esse
3409 4270 3602 4333 dicant,
3629 4270 3685 4322 ab

2132 4359 2368 4429 ipsornet
2401 4376 2596 4432 pugna:
2625 4360 2833 4414 navalis
2866 4374 3013 4414 anno
3043 4360 3254 4416 ducunt
3297 4362 3530 4417 initium.
3560 4363 3684 4427 Quae

447 4456 503 4501 et
525 4445 797 4501 Pontacus
836 4447 953 4516 ipse
981 4448 1061 4501 vir
1088 4450 1340 4503 eruditus
1368 4450 1708 4518 argumentis
1736 4450 2023 4520 approbat.
2063 4468 2107 4526 ι)
2134 4451 2281 4506 circa
2303 4491 2318 4514 ,
2369 4451 2645 4505 immerito
2704 4448 2987 4520 Scaligero
3036 4462 3258 4507 notatur
3309 4453 3685 4508 eruditissimus

448 4534 603 4589 Adde
646 4535 792 4605 quod
831 4535 1103 4593 Eusebius
1128 4540 1371 4608 Augusto
1404 4554 1579 4594 annos
1630 4540 1864 4609 imputat
1914 4557 2025 4606 LVI,

449 4640 666 4681 menses
694 4643 764 4693 γι,
798 4628 899 4681 hoc
928 4640 1009 4684 est
1039 4629 1355 4685 inchoatum
1385 4646 1519 4685 Lvn.
1548 4633 1729 4699 Quare
1755 4649 1879 4689 cum
1910 4636 2027 4690 Au-

449 4726 642 4788 gustus
677 4732 821 4771 anno
856 4716 1018 4773 Urbis
1049 4719 1147 4773 767
1186 4721 1401 4775 duobus
1442 4722 1625 4776 Sextis
1675 4738 1821 4779 coss.
1874 4740 2026 4779 mor-

448 4816 577 4862 tuus
595 4808 686 4875 sit,
713 4823 800 4863 stv
829 4808 945 4864 Kal.
980 4808 1129 4879 Sept.
1161 4827 1339 4867 annus
1370 4814 1514 4881 apud
1542 4813 1835 4869 Eusebium
1865 4816 2027 4886 quin-

447 4899 800 4970 quagesimus
863 4901 1130 4970 septimus
1192 4917 1222 4956 a
1272 4902 1465 4958 Martio
1518 4903 1703 4958 debuit
1747 4904 2024 4975 incipere,

447 4992 680 5065 ideoque
709 4997 917 5065 primus
946 4996 1137 5050 incidit
1168 4996 1222 5050 in
1265 4994 1430 5051 Urbis
1458 4998 1581 5052 711.
1626 4999 1814 5068 Itaque
1847 5015 2026 5055 annus

444 5086 674 5159 Augusti
721 5103 828 5141 χιιι
879 5088 1046 5158 crrpit
1080 5086 1243 5143 Urbis
1295 5105 1439 5144 anno
1490 5089 1616 5154 752,
1662 5088 1882 5146 Juliano
1922 5091 2023 5159 44;

442 5180 714 5251 Josephus
741 5196 869 5235 vero
894 5180 988 5235 lib.
1024 5198 1060 5234 ιι
1092 5180 1164 5234 De
1186 5183 1415 5248 excidio,
1441 5198 1562 5254 cap.
1588 5182 1643 5247 8,
1667 5199 1790 5239 cum
1813 5186 2024 5256 imperii

443 5286 619 5325 annos
659 5282 914 5326 numerat
968 5286 1100 5337 Lvn,
1136 5288 1352 5328 menses
1402 5290 1475 5338 Vl,
1516 5273 1635 5329 dies
1680 5292 1739 5343 ιι,
1784 5277 1854 5331 ab
1906 5278 2024 5347 ipso

426 5364 588 5417 'anno
618 5360 849 5418 Iuliana:
879 5364 1045 5419 credis
1076 5365 1327 5424 orditur:
1360 5375 1413 5420 et
1435 5367 1656 5436 quidem
1685 5376 1905 5437 postero
1936 5369 2025 5425 die

444 5452 512 5506 ab
540 5453 720 5509 Idibus
748 5453 981 5509 Martiis.
1019 5453 1360 5524 Epiphanius
1398 5464 1603 5521 autem,
1631 5458 1726 5527 qui
1762 5474 1906 5513 anno
1934 5457 2025 5514 Ju-

442 5544 591 5600 liano
632 5546 723 5611 44,
754 5556 942 5601 natum
993 5544 1332 5603 Salvatorem
1368 5548 1620 5615 credidit,
1652 5565 1745 5603 vin
1776 5549 1851 5605 ld.
1896 5551 2018 5607 Jan.

443 5653 589 5693 anno
615 5637 842 5706 Augusti
874 5655 1007 5705 χιιι,
1040 5639 1254 5693 initium
1291 5640 1412 5710 ejus
1444 5642 1633 5696 statuit
1658 5640 1876 5699 Juliano
1908 5655 2017 5699 ter-

445 5730 546 5799 tio,
577 5728 742 5787 Urbis
769 5730 892 5798 7H,
939 5732 1081 5800 atqui
1113 5734 1353 5788 nondum
1385 5750 1517 5797 χιιι,
1550 5732 1813 5792 Januario
1834 5752 2019 5795 mense

2132 4542 2397 4598 Onnfrius
2430 4560 2444 4595 :
2480 4544 2626 4613 quod
2672 4559 2795 4597 cum
2846 4554 3034 4598 natum
3076 4560 3198 4599 esse
3231 4544 3510 4600 Christum
3553 4557 3683 4598 assc-

2133 4633 2358 4698 ruisset,
2385 4634 2633 4705 Augusto
2664 4648 2761 4688 χιιι
2794 4642 2848 4688 et
2878 4631 3103 4688 Silvano
3136 4650 3283 4689 coss.
3331 4634 3459 4704 (Est
3492 4635 3571 4689 hic
3596 4648 3679 4687 an-

2129 4742 2234 4782 nus
2259 4724 2511 4781 Julianus
2536 4725 2628 4793 44,
2659 4726 2861 4797 olymp.
2913 4725 3014 4780 194
3042 4726 3286 4797 tertius),
3325 4728 3565 4781 eumdem
3595 4724 3680 4779 Ur-

2130 4818 2214 4873 bis
2263 4832 2387 4873 esse
2436 4816 2693 4872 statuerit
2742 4816 2879 4879 752,
2935 4817 3215 4871 Actiacum
3269 4833 3398 4870 χχχ.
3446 4815 3676 4885 Scaligeri

2126 4908 2291 4963 verba
2322 4914 2448 4962 sunt
2482 4908 2575 4962 lib.
2609 4923 2658 4960 vt
2695 4905 2771 4960 De
2801 4908 3007 4960 emend.
3034 4924 3052 4959 :
3088 4905 3227 4959 Nam
3252 4908 3569 4959 verissimum
3594 4917 3677 4966 est,

2127 4999 2466 5055 consulatum
2509 4999 2739 5069 Augusti
2771 5012 2865 5053 uti
2904 4999 3233 5052 concurrisse
3250 5015 3366 5051 cum
3389 5014 3522 5051 anno
3544 4997 3676 5049 tertio

2128 5092 2323 5162 olymp.
2364 5091 2481 5147 194.
2518 5090 2621 5145 Sed
2651 5107 2770 5145 eum
2812 5106 3011 5144 annum
3053 5088 3309 5143 Palilium
3353 5089 3675 5143 Varroniano-

2128 5197 2246 5234 rum
2292 5180 2455 5248 fuisse
2489 5181 2615 5243 752,
2670 5189 2719 5233 et
2766 5180 3047 5234 Actiacum
3088 5179 3311 5233 50:!zoc
3356 5196 3470 5233 vero
3502 5178 3673 5249 falsum

2124 5282 2222 5327 est.
2262 5270 2377 5326 Uno
2400 5272 2541 5325 enim
2574 5288 2713 5325 anno
2743 5271 2863 5341 plus
2889 5271 3043 5325 dicit.
3074 5269 3180 5324 Sed
3210 5271 3324 5326 haec
3349 5288 3471 5327 cum
3494 5270 3671 5326 scribe-

2126 5372 2208 5418 ret
2238 5363 2473 5434 vigilans
2508 5363 2819 5418 somniabat
2847 5362 3111 5434 Scaliger.
3139 5361 3286 5417 Nihil
3320 5365 3461 5418 enim
3489 5362 3670 5418 certius

2123 5466 2226 5521 est,
2258 5472 2423 5527 quam
2470 5472 2535 5511 ex
2580 5454 2871 5521 Varronis,
2930 5455 3215 5527 ipsiusque
3241 5454 3377 5510 adeo
3436 5450 3665 5522 Scaligeri

2124 5553 2359 5615 ratione,
2408 5552 2758 5607 consulatum
2796 5550 3027 5621 Augusti
3058 5565 3157 5605 χιιι
3182 5556 3236 5603 et
3262 5547 3461 5603 Silvani
3498 5545 3559 5600 ad
3585 5558 3662 5595 au-

2125 5660 2255 5701 num
2300 5643 2467 5699 Urbis
2514 5644 2618 5699 752
2652 5644 2949 5714 pertinere,
2994 5640 3271 5697 Julianum
3303 5639 3393 5707 44,
3432 5653 3534 5710 per.
3568 5633 3660 5687 Jul.

2124 5738 2284 5805 4712,
2316 5738 2467 5806 cyclo
2489 5737 2621 5793 solis
2649 5752 2764 5804 χιχ,
2796 5738 2938 5793 luna)
2969 5754 3083 5802 vm,
3116 5735 3302 5791 indict.
3333 5750 3391 5789 ιι.
3412 5730 3501 5789 Est
3522 5728 3659 5784 etiam
