3810 6216
70 289 181 347 929

72 496 254 565 ipsum
291 510 487 566 pugnae
516 496 755 566 primum
787 509 1065 551 numeres.
1097 492 1286 564 Neque
1311 508 1444 549 vero
1473 492 1662 546 Actia-

69 603 193 641 cum
213 602 411 641 annum
437 601 547 640 xxx
576 601 700 642 esse
724 586 862 641 dixit
881 584 1148 642 Onul‘rius
1176 604 1188 639 :
1219 584 1312 641 sed
1334 593 1455 654 post
1479 584 1664 638 Actia»

70 695 193 732 cam
226 679 529 744 victoriam,
557 679 662 733 hoc
687 688 771 733 est
800 678 1087 735 Actiacum
1117 695 1267 735 xxix.
1481 733 1484 736 ί

143 771 434 827 Postremo
471 771 525 825 in
559 787 665 826 aera
697 771 1030 844 Dionysiana
1076 782 1228 828 extra
1262 771 1660 827 dubitationem

70 871 178 924 est,
207 862 492 920 Christum
529 863 764 934 Augusti
798 879 952 929 XLIII,
990 864 1214 920 Actiaco
1251 879 1383 920 vero
1421 879 1528 918 xxx
1564 877 1664 918 na-

71 964 190 1008 tum
227 968 370 1010 esse.
428 951 586 1020 Quod
637 953 684 1010 si
736 952 806 1007 40
836 955 921 1010 vel
954 955 1018 1009 41
1052 953 1278 1010 Juliano
1318 969 1383 1009 ex
1426 954 1664 1009 aliorum

70 1046 346 1102 sententia
383 1057 538 1102 ortus
581 1055 756 1114 esset,
792 1046 846 1103 id
881 1048 935 1102 in
983 1046 1090 1114 58,
1134 1046 1219 1102 vel
1251 1047 1322 1102 59
1359 1046 1662 1113 Julianum,

71 1141 357 1194 Actiacum
395 1154 521 1194 vero
550 1155 681 1202 xxv,
713 1139 799 1194 vel
833 1139 904 1194 26
935 1139 1275 1196 conveniret.

141 1229 260 1285 Col.
310 1229 417 1285 9'52
461 1229 521 1285 Β.
581 1230 996 1298 Γεννηθέντος
1037 1229 1107 1284 δὲ
1165 1227 1354 1285 αὐτοῦ
1394 1227 1528 1299 περὶ
1562 1228 1669 1283 τὸν

83 1321 516 1392 Ἰαννουάριον.
542 1319 1036 1379 Luculentissimus
1054 1323 1142 1377 hic
1163 1322 1317 1377 locus
1334 1329 1416 1376 est
1436 1337 1450 1375 :
1477 1320 1533 1375 in
1557 1334 1667 1390 quo

71 1412 322 1468 Natalem
338 1415 542 1470 Christi
569 1415 710 1468 diem
734 1414 1148 1471 accuratissime
1161 1413 1584 1470 circumscribit.
1602 1409 1670 1465 Et

75 1507 298 1576 quidem
330 1507 396 1560 A.
442 1505 504 1560 ι).
534 1521 628 1559 νίιι
669 1504 748 1560 ld.
779 1504 1038 1568 Jan.,hoc
1064 1513 1149 1561 est
1193 1503 1439 1560 Januarii
1479 1520 1555 1568 γι,
1613 1503 1670 1557 ἱη

77 1614 241 1670 quem
271 1597 702 1668 Epiphaniorum
736 1597 934 1653 festum
967 1596 1196 1665 incidit,
1229 1606 1414 1651 natum
1450 1610 1673 1652 asseve-

75 1700 200 1751 rat.
233 1705 303 1744 ex
333 1687 612 1744 communi
657 1687 1043 1759 Egyptiorum
1090 1687 1396 1752 sententia,
1449 1686 1518 1743 de
1562 1700 1671 1756 qua

1257 284 1348 340 DE
1385 282 1576 339 ANNO
1615 280 1873 339 NATALI
1913 283 2214 343 CHRISTI.
3261 289 3368 347 930

70 405 165 458 hic
194 416 375 458 annus
415 403 483 458 ab
520 401 741 459 Actiaca
789 413 968 474 pugna
1017 401 1354 468 tricesimus,
1383 401 1429 456 si
1460 413 1665 455 annum
1697 403 1744 459 Α

1912 402 2181 474 Πᾴνεμος.
2747 385 2947 462 Julius.

1908 471 2082 548 Αῷοςζ
2123 543 2145 548 _
2425 499 2427 501 ί
2744 477 3049 548 Augustus.

1911 542 2221 616 [aputqiog.
2300 613 2321 616 μ
2745 542 3086 616 September.

1922 611 2400 685 Ὑᾶτερόερεταῖος.
2745 611 2998 685 October.

1912 682 2073 744 Δῖος(
2165 682 2175 685 ⁷
2745 684 3070 742 November.

1922 751 2254 818 Ἀπελλαῖος.
2751 755 3066 813 December.

1838 859 1972 927 Quae
2015 865 2286 921 mensium
2348 866 2638 923 concordia
2694 881 2760 923 ex
2808 866 3067 933 Socrate,
3109 866 3363 939 Evagrio,

1773 948 1962 1019 Snida,
2017 962 2260 1009 veterum
2301 957 2660 1011 conciliorum
2698 956 3165 1028 inscriptionibus,
3200 967 3253 1012 et
3278 958 3365 1015 in-

1774 1041 1942 1098 ﬁnitis
1981 1044 2102 1101 aliis
2154 1047 2482 1104 testimoniis
2547 1049 2703 1104 ﬁdem
2757 1058 3016 1105 meretur.
3064 1048 3201 1103 lllud
3236 1060 3366 1102 vero

1773 1142 2010 1199 constat,
2046 1135 2408 1207 Epiphaniam
2441 1155 2622 1196 meros
2663 1157 2881 1197 menses
2909 1139 3159 1196 Julianos
3202 1141 3368 1195 intel-

1774 1227 1962 1295 ligere.
1995 1226 2133 1282 Nam
2173 1229 2437 1300 Audyntei
2488 1230 2588 1303 τὴν
2636 1231 2805 1305 ἕκτην
2839 1232 2858 1303 (
2885 1247 3169 1303 perperam
3201 1232 3363 1286 ἕκτου

1776 1319 2040 1389 scriptum
2060 1319 2162 1389 est)
2179 1336 2305 1376 cum
2331 1339 2382 1376 νι
2404 1319 2631 1377 Januar.
2655 1333 2954 1394 comparat.
2976 1323 3186 1380 Rursus
3212 1324 3357 1378 enim

1776 1408 1974 1463 vitiosa
2022 1409 2181 1464 lectio
2233 1419 2318 1466 est
2357 1411 2588 1484 πέμπτη
2641 1413 3008 1485 Ἰανουαριου,
3062 1427 3162 1481 pro
3205 1411 3362 1482 ἕκτη.

1780 1499 2022 1555 Tametsi
2055 1501 2354 1558 Cornarius
2384 1505 2628 1574 quintam
2660 1502 2913 1558 Januarii
2942 1505 3184 1569 verterit,
3220 1502 3366 1574 quod

1781 1593 2060 1648 nonnullis
2110 1593 2423 1663 imposuit:
2472 1595 2566 1666 qui
2619 1596 2734 1651 hare
2787 1595 2982 1666 Epiph.
3037 1595 3202 1650 verba
3260 1594 3368 1666 πρὸ

1781 1679 1924 1734 ὀκτὼ
1955 1681 2126 1736 Εῐδῶν
2153 1682 2232 1737 sic
2260 1684 2537 1754 accepisse
2557 1685 2832 1749 videntur,
2857 1686 3015 1756 quasi
3047 1694 3194 1741 esset
3220 1685 3364 1755 prid.

77 1781 318 1838 subinde
349 1779 599 1836 nonnihil
631 1780 986 1836 disseremus.
1031 1778 1136 1834 Sed
1168 1779 1404 1849 primum
1441 1778 1670 1849 singula:
1704 1762 1746 1817 Β
1775 1789 1869 1827 Vill
1907 1773 2052 1837 ldus,
2105 1774 2209 1830 hoc
2251 1783 2336 1830 est
2377 1774 2547 1832 Nonis
2601 1777 2734 1848 ipsis
2773 1775 3046 1831 Januarii.
3102 1777 3207 1832 Sed
3258 1775 3367 1847 πρὸ

79 1883 390 1944 temporum
423 1873 736 1928 natationes
769 1871 944 1926 obiter
981 1869 1368 1941 percurrendaa
1399 1877 1565 1940 atque
1604 1869 1672 1923 il-

77 1967 380 2023 lustranda:
411 1974 559 2021 sunt.
600 1965 758 2020 Hunc
787 1950 952 2035 igitur
977 1964 1120 2018 diem
1144 1964 1197 2018 in
1225 1963 1418 2034 primis
1450 1978 1504 2016 xi
1534 1961 1670 2034 Tybi

78 2074 204 2115 esse
235 2059 431 2115 scribit
457 2057 510 2113 in
539 2073 685 2113 anno
706 2055 1238 2121 videlicet-Actiaco,
1272 2055 1388 2111 sive
1415 2053 1674 2125 Egyptio

79 2151 340 2216 Juliano,
370 2151 530 2222 cujus
561 2147 741 2204 Thoth
783 2149 924 2204 ﬁxus
956 2156 1042 2204 est
1072 2163 1204 2203 xxix
1245 2145 1499 2218 Augusti,
1530 2142 1676 2202 Neo-

79 2245 269 2301 menia
303 2242 440 2316 'l‘yhi
477 2257 626 2298 xxvu
658 2241 786 2298 Dec.

149 2335 294 2393 Ibid.
318 2339 481 2391 Κατὰ
505 2335 757 2404 Σύρους,
773 2334 978 2390 εἵτουν
1003 2333 1328 2402 Ἕλληνας.
1353 2329 1677 2403 Syromace-

80 2429 260 2485 donas
282 2428 550 2499 intelligit,
583 2427 697 2483 sive
716 2428 1107 2492 Antiochenos,
1126 2425 1218 2496 qui
1246 2422 1519 2480 Julianam
1548 2420 1678 2476 anni

80 2518 322 2572 formam
345 2525 662 2588 receperunt
684 2533 698 2582 ;
727 2531 1040 2588 quanquam
1064 2515 1282 2585 illorum
1305 2528 1413 2570 aera
1441 2510 1680 2568 triennio

80 2609 367 2666 Julianum
405 2623 608 2663 annum
641 2608 914 2664 antecedit
949 2624 962 2661 :
1001 2605 1417 2677 appellaturque
1455 2611 1681 2675 χρημα-

83 2700 286 2770 τισμὸς
337 2700 435 2771 τῆς
492 2697 1000 2770 Ἀντιοχείας,‹ιιιοιι
1046 2712 1112 2752 eo
1164 2710 1333 2759 anno,
1381 2696 1415 2766 ἠ
1457 2694 1682 2749 αὐτονο-

90 2793 194 2862 μὶα.
220 2791 584 2847 Antiochenis
613 2791 908 2860 permissa,
937 2798 991 2844 et
1023 2787 1204 2844 Julius
1234 2787 1420 2842 Caesar
1451 2787 1686 2842 dictator

91 2881 402 2936 Antiochiae
460 2882 808 2937 renuntiatus
859 2889 966 2942 est.
1014 2877 1329 2942 Artemisii,
1388 2876 1504 2932 sive
1558 2874 1685 2930 Maii

93 2988 258 3027 χχιιι.
287 2970 477 3027 Chron.
504 2971 654 3025 Alex.
686 2987 739 3043 p.
767 2969 892 3026 458.
928 2967 1023 3025 Est
1051 2969 1140 3024 hic
1165 2982 1344 3022 annus
1367 2964 1532 3021 Urbis
1561 2963 1688 3032 706,

93 3078 206 3131 quo
236 3062 445 3129 (ἔκδεον,
480 3064 625 3120 victo
651 3063 932 3134 Pompeio,
958 3076 1142 3116 rerum
1177 3059 1383 3131 potitus
1425 3067 1528 3123 est,
1571 3073 1687 3127 per.

96 3152 209 3210 Jul.
261 3155 425 3222 4666,
470 3155 634 3211 annis
677 3164 802 3211 ante
850 3153 1243 3224 Dionysianam
1290 3167 1456 3206 atram
1505 3165 1690 3216 xum,

100 3256 235 3305 ante
268 3249 507 3319 primum
537 3247 816 3303 Julianum
849 3246 1058 3314 tribus;
1092 3252 1149 3300 ut
1181 3260 1245 3299 ex
1281 3241 1514 3310 Evagrio
1545 3239 1698 3296 colli-

98 3339 183 3412 git
211 3338 460 3410 Scaliger
504 3340 645 3410 Isag.
697 3353 818 3395 can.
859 3352 955 3392 Llll
985 3377 1000 3400 ,
1037 3351 1090 3406 p.
1125 3335 1267 3403 295;
1301 3334 1505 3389 rectius
1533 3338 1696 3402 quam

104 3433 160 3485 in
189 3431 292 3486 lib.
322 3446 374 3485 tv
397 3429 470 3485 De
495 3429 700 3484 emend.
719 3439 874 3498 temp.
902 3443 957 3498 p.
980 3426 1107 3493 226;
1128 3425 1219 3480 ubi
1243 3423 1696 3480 Antiochensium

104 3537 280 3577 atram
318 3520 388 3575 ab
439 3521 680 3575 editione
725 3518 943 3574 Juliana
988 3516 1233 3572 inchoari
1267 3523 1488 3579 censet,
1540 3515 1699 3569 annis

104 3623 236 3669 ante
270 3611 476 3668 Christi
509 3626 674 3666 aeram
721 3625 845 3676 ην,
874 3624 940 3664 ex
973 3607 1193 3664 Eusebii
1227 3605 1572 3673 auctoritate,
1604 3604 1698 3677 qui

103 3719 318 3760 annum
336 3702 786 3759 Antiochensium
819 3701 926 3756 525
951 3698 1163 3757 confert
1185 3699 1239 3753 in
1266 3712 1470 3752 annum
1497 3695 1699 3752 Christi

103 3795 234 3850 280.
273 3794 380 3850 Sed
415 3809 610 3866 magna
645 3794 760 3849 haec
806 3791 1160 3847 hallucinatio
1204 3797 1328 3855 est;
1360 3804 1483 3842 nam
1525 3787 1701 3844 Euse-

102 3888 231 3944 bius
259 3889 316 3943 in
350 3886 546 3942 Chron.
582 3885 824 3942 Secundo
860 3901 998 3939 anno
1037 3883 1240 3950 Probi,
1274 3883 1488 3954 inquit,
1537 3881 1700 3953 juxta

107 3980 461 4034 Antiochenos
492 3977 597 4032 325
629 3993 800 4031 annus
845 3976 972 4046 fuit.
1006 3975 1172 4044 Atqui
1206 3973 1368 4028 Probi
1425 3972 1700 4029 secundus

104 4071 374 4142 competit
413 4085 558 4125 anno
583 4085 706 4125 εει-ω
739 4068 1067 4124 Christianae
1093 4066 1200 4121 2'78
1223 4109 1238 4134 ,
1270 4080 1382 4136 quo
1412 4081 1558 4120 anno
1588 4079 1702 4119 cas--

106 4165 184 4234 pit
211 4163 314 4218 τοῢ
346 4160 731 4235 χρηματισμοῦ
763 4161 1214 4216 Antiochensium
1243 4174 1420 4215 annus
1449 4158 1574 4214 525.
1607 4155 1700 4213 Sic

103 4255 255 4311 enim
285 4249 669 4312 Antiochensis
701 4270 824 4310 aera:
851 4254 1066 4325 primus
1096 4268 1276 4308 annus
1309 4250 1697 4322 Dionysianam

103 4364 279 4405 aram
329 4362 498 4404 vatn
549 4348 739 4404 solidis
780 4348 941 4403 annis
985 4346 1299 4402 antecessit.
1336 4343 1572 4400 Necesse
1616 4353 1701 4400 est

1776 1863 1922 1919 ὀκτὼ
1947 1865 2120 1918 Ειδῶν
2141 1875 2196 1921 et
2216 1867 2424 1924 similes
2449 1869 2700 1940 loquendi
2729 1869 2977 1926 formulae
3001 1869 3212 1924 Latinis
3236 1867 3370 1926 iisce

1779 1958 2114 2028 respondent
2141 1975 2192 2012 a.
2226 1959 2281 2014 d.
2307 1976 2400 2014 vni
2430 1960 2532 2027 ld.,
2559 1969 2688 2028 etc.,
2728 1963 2833 2018 hoc
2889 1970 2974 2017 est
3007 1962 3127 2032 ipso
3157 1960 3245 2016 die
3270 1976 3369 2015 VIII

1755 2049 1884 2116 -ld.,
1915 2059 1974 2104 ut
1999 2060 2052 2104 et
2073 2050 2202 2105 alibi
2231 2052 2572 2122 scripsimus.
2592 2053 2774 2120 Quare
2798 2068 2862 2108 ex
2885 2054 3054 2124 priori
3084 2063 3212 2109 nota
3238 2053 3368 2118 diei,

1781 2140 1887 2196 hoc
1905 2148 1991 2196 est
2019 2157 2116 2195 vin
2148 2141 2228 2198 ld.
2260 2141 2408 2210 Jan.,
2450 2144 2772 2215 corrigenda
2799 2159 2904 2199 vox
2951 2143 3200 2216 πέμπτη,
3230 2151 3285 2196 et
3313 2141 3369 2196 iu

1783 2231 1919 2303 ἕκτη
1953 2234 2235 2288 mutanda.
2269 2234 2424 2300 Quod
2464 2243 2518 2290 et
2553 2233 2688 2307 Tybi
2724 2235 2956 2300 Actiaci,
3003 2236 3116 2290 sive
3151 2234 3372 2290 Diocle-

1785 2323 1974 2391 tianei,
2005 2325 2122 2383 dies
2159 2326 2276 2398 ipsa
2315 2326 2694 2392 demonstrat,
2737 2327 2897 2397 cujus
2937 2341 2991 2383 ιι
3037 2327 3092 2382 in
3135 2342 3196 2382 vt
3244 2325 3368 2382 Jan.

1784 2421 2057 2473 convenit.
2091 2417 2170 2474 Ac
2199 2420 2416 2474 videtur
2441 2420 2496 2475 in
2536 2436 2622 2488 eo,
2653 2421 2799 2497 quod
2837 2407 3373 2492 quintam'Januarii

1787 2508 1935 2566 diem
1984 2525 2084 2580 pro
2135 2521 2290 2567 sexta
2348 2512 2618 2582 sumpsit,
2671 2514 2920 2585 mysterii
2971 2514 3178 2584 aliquid
3229 2529 3373 2572 esse.

1790 2603 2070 2675 Siquidem
2121 2615 2175 2674 et
2209 2605 2808 2676 Constantinopolitani
2837 2614 3026 2676 postea
3059 2621 3086 2658 v
3126 2603 3375 2660 Januarii

1789 2695 1877 2752 die
1904 2695 2236 2766 baptismum
2267 2697 2470 2752 Christi
2493 2697 2863 2762 celebrabant,
2889 2698 3034 2768 quod
3058 2697 3113 2752 in
3135 2713 3189 2752 v1
3211 2697 3377 2769 vulgo

1791 2786 2109 2856 confertur,
2149 2797 2212 2844 ut
2243 2804 2311 2845 ex
2363 2789 2636 2849 Manuelis
2668 2789 2890 2846 Novella.
2927 2791 2947 2846 l
2991 2790 3068 2846 De
3109 2789 3287 2859 feriis,
3323 2801 3379 2847 et

1795 2874 2126 2948 CurOpalate
2156 2879 2454 2951 colligitur.

1866 2967 2167 3024 lbid.Katt’t
2179 2972 2484 3039 Κυπρίους
2496 2971 2700 3026 εἵτουν
2714 2970 3260 3042 ΣωῑαμινίουςΝοη
3273 2980 3377 3041 est,

1801 3069 1862 3114 ut
1886 3060 2106 3130 quidam
2156 3061 2464 3127 existimat,
2497 3073 2791 3133 corruptus
2834 3063 2923 3118 hic
2969 3062 3165 3133 Epiph.
3199 3063 3378 3127 locus,

1800 3151 1855 3207 in
1876 3152 2079 3208 mensis
2103 3151 2637 3223 appellatione._Nam
2667 3152 2894 3209 Januar.
2923 3154 2991 3209 ab
3021 3155 3129 3209 illis
3147 3153 3382 3220 Quintus

1798 3244 2134 3311 nominatur,
2160 3253 2263 3299 uta
2295 3243 2531 3300 Roman.
2555 3244 2837 3311 Quintilis,
2863 3243 3106 3313 Sextilis,
3132 3245 3385 3316 Septem-

1797 3335 1916 3402 ber,
1941 3343 2045 3391 etc.
2081 3333 2187 3391 Sed
2222 3336 2479 3390 mendum
2517 3336 2570 3391 in
2601 3351 2733 3393 voce
2766 3339 2994 3410 πέμπτῃ
3027 3336 3254 3392 subesse
3279 3353 3383 3407 po-

1800 3427 1910 3482 tius
1925 3427 2190 3491 arbitror;
2213 3426 2317 3482 nisi
2348 3442 2379 3482 a
2408 3425 2631 3482 Januar.
2651 3428 2894 3484 secundo
2920 3428 3175 3498 Πέμπτον
3204 3428 3384 3497 auspi-

1800 3518 1908 3574 cati
1937 3518 2048 3574 sint
2081 3515 2389 3572 Salaminii.
2427 3517 2533 3573 Sed
2566 3517 2919 3573 verisimilius
2942 3526 3027 3573 est
3056 3516 3252 3587 Epiph.
3287 3526 3384 3572 aut

1800 3609 1921 3680 ejus
1947 3609 2257 3674 librarium,
2293 3624 2420 3664 cum
2460 3609 2780 3679 imprudens
2807 3609 3033 3681 πέμπτῃ
3055 3609 3149 3662 τοῦ
3192 3610 3384 3663 Ἰανου-

1800 3702 1955 3774 αρίου
1981 3701 2314 3772 scripsisset,
2354 3716 2455 3771 pro
2495 3701 2651 3774 ἕκτῃ,
2688 3701 2830 3756 idem
2867 3700 2920 3755 in
2953 3699 3382 3756 Salaminiorum

1803 3810 1990 3851 mense
2019 3793 2236 3851 fecisse.
2269 3793 2513 3864 Apparet
2534 3804 2716 3849 autem
2749 3810 2816 3851 ex
2851 3794 2955 3851 hoc
2982 3795 3103 3851 loco
3141 3793 3383 3850 Salami-

1801 3887 1924 3943 nios
1953 3903 2158 3943 annum
2201 3902 2233 3943 a
2268 3885 2547 3958 Septemb.
2577 3886 2686 3943 Jul.
2715 3887 2836 3942 Kal.
2862 3889 3175 3959 auspicatos
3215 3903 3336 3944 esse
3365 3904 3382 3940 :

1800 3980 1946 4050 quod
1988 3980 2304 4037 indictionis
2332 3981 2571 4051 annique
2605 3980 2968 4051 primordium
2995 3981 3388 4036 Constantino-

1800 4072 2028 4142 politani
2063 4081 2253 4142 postea
2285 4071 2654 4142 praaﬁxerunt.

1870 4164 2005 4220 Ibid.
2020 4162 2182 4218 Κατὰ
2193 4165 2458 4232 Παφίους
2482 4165 2716 4219 Ἰούλου
2733 4163 3382 4234 Τεσσαρεσκαιδεκάτη.

1773 4254 1969 4328 .Igitur
2004 4255 2110 4310 Juli
2141 4257 2346 4312 mensis
2397 4257 2614 4312 initium
2647 4273 2678 4312 a
2710 4273 2839 4312 xxiv
2873 4258 3003 4313 Dec.
3064 4257 3168 4324 Qui
3197 4257 3244 4313 si
3287 4257 3386 4311 Ju-

1801 4349 1984 4405 lianus
2009 4349 2134 4414 fuit,
2162 4350 2422 4406 credibile
2456 4358 2540 4405 est
2568 4350 2642 4405 ab
2669 4350 3001 4421 aequinoctio
3031 4366 3200 4406 verno
3224 4351 3388 4406 circi-

101 4442 275 4513 igitur
301 4456 426 4496 cum
469 4455 612 4496 anno
645 4438 805 4495 Probi
843 4454 902 4504 ιι,
935 4449 991 4492 et
1036 4436 1368 4508 Dionysiano
1401 4435 1504 4489 277
1544 4450 1697 4491 com-
1738 4478 1782 4532 Β
1809 4450 1890 4495 ter
1921 4456 2126 4496 annum
2155 4442 2426 4512 incepisse
2453 4441 2710 4514 Paphios.
2749 4441 2884 4498 Nam
2912 4443 2960 4499 si
2990 4441 3147 4498 Julus
3182 4441 3388 4499 Janua-

102 4533 236 4602 poni
260 4529 716 4586 Antiochensium
742 4544 865 4584 atrae
887 4528 994 4582 524
1014 4528 1309 4593 labentem,
1335 4534 1390 4580 et
1418 4526 1698 4581 ineuntem

105 4625 234 4688 325,
259 4623 419 4695 cyclo
446 4622 578 4678 solis
606 4638 681 4684 vi,
707 4622 850 4676 luna:
877 4636 972 4675 δυ.
1007 4619 1080 4674 De
1110 4620 1268 4674 initio
1292 4618 1456 4674 Probi
1487 4619 1700 4674 dicetur

107 4717 174 4772 ad
209 4717 314 4772 lib.
345 4715 421 4769 De
449 4731 613 4772 mens.
635 4723 684 4767 et
710 4713 1053 4783 ponderibus.
1081 4711 1250 4775 Anni,
1280 4721 1339 4766 ut
1363 4711 1569 4766 dictum
1593 4722 1698 4777 est,

108 4810 293 4863 forma
320 4806 538 4862 Juliana
568 4805 708 4873 fuit;
744 4805 1018 4863 mensium
1048 4805 1237 4860 eadem
1260 4819 1384 4874 quae
1416 4803 1561 4874 apud
1594 4802 1702 4857 Ro-

109 4916 314 4957 manos
349 4900 642 4970 descriptio
675 4917 689 4954 :
725 4914 889 4970 quam
923 4898 977 4953 in
1008 4899 1257 4969 sequenti
1285 4897 1546 4953 laterculo
1579 4913 1704 4969 pro-

110 4993 424 5066 ponendam
457 4993 790 5063 putavimus.

113 5169 462 5229 Laterculum
488 5171 742 5226 mensium
789 5169 1259 5237 Antioclzenorum,
1299 5170 1406 5226 sive
1446 5173 1705 5239 Συροελ-

803 5241 1027 5310 λήνων.

273 5377 587 5442 Δύδυνωτος.
1095 5374 1414 5431 Januarius.

292 5449 565 5519 Περίτιος.
1094 5445 1449 5519 _F_ebruarius.

294 5515 556 5589 Δύξπρος.
1094 5515 1347 5589 Martius.

295 5586 582 5652 Χανθὶκός.
1090 5586 1315 5656 Aprilis.

307 5657 673 5728 ’Aptepictoq.
1089 5655 1286 5728 Maius.
1331 5712 1337 5718 ,

289 5727 527 5792 hletae.
1098 5727 1314 5784 Junius.

1809 4533 1927 4589 rius
1954 4544 2057 4600 est,
2086 4534 2288 4591 mensis
2309 4535 2379 4590 ab
2409 4535 2500 4590 illo
2531 4536 2726 4591 tertius
2760 4536 2814 4590 in
2846 4551 2971 4592 eum
3007 4535 3152 4591 diem
3181 4551 3386 4608 prope-

1801 4627 2026 4684 modum
2051 4627 2274 4698 desinit,
2309 4629 2404 4700 qui
2431 4629 2762 4701 aequinoctio
2784 4629 3065 4700 quondam
3091 4629 3389 4686 attributus

1801 4731 1904 4780 est.
2196 4745 2198 4747 ’

1875 4813 2012 4870 lbid.
2047 4813 2210 4870 Κατὰ
2234 4814 2484 4883 Ἄραϐας
2519 4812 2763 4882 Ἀλέωμ.
2791 4810 2850 4867 ln
2881 4811 3124 4884 vulgaris
3147 4809 3388 4864 Arabum

1803 4908 2086 4965 mensi-bus
2127 4923 2305 4977 neque
2339 4908 2550 4971 Aleom,
2586 4921 2764 4975 neque
2795 4905 2887 4975 qui
2920 4913 3109 4974 postea
3147 4917 3390 4958 comme-

1807 4999 2481 5070 moraturAngalthabaith
2506 4999 2688 5052 locum
2709 4998 2880 5055 ullum
2892 4997 3072 5053 habet.
3088 4997 3190 5053 Sed
3214 5009 3391 5064 neque

1805 5094 2030 5149 lunares
2046 5107 2262 5148 menses
2300 5090 2390 5146 isti
2414 5098 2562 5156 sunt;
2593 5087 2862 5159 siquidem
2887 5087 2940 5141 in
2961 5085 3085 5140 Jan.
3103 5101 3154 5140 vi
3175 5085 3388 5139 Aleom.

1806 5201 1902 5240 xxI
1922 5184 2146 5251 incidat,
2175 5198 2297 5254 qua:
2325 5192 2438 5235 tum
2466 5180 2584 5235 dies
2605 5179 2880 5236 eratlunm
2902 5194 2999 5241 xu.
3030 5177 3182 5248 cyclo
3200 5192 3240 5244 i;
3262 5191 3387 5230 nam

1806 5275 2104 5334 Neomenia
2120 5293 2186 5332 ex
2203 5273 2551 5348 Ptolemaicis
2566 5271 2780 5326 Mulieri
2796 5269 2999 5326 tabulis
3015 5269 3247 5340 contigit
3260 5269 3390 5326 Dec.

1807 5369 1898 5437 26,
1927 5369 1983 5433 8,
2013 5370 2102 5424 5?
2132 5368 2286 5440 cyclo
2316 5366 2406 5433 19,
2437 5380 2584 5420 anno
2620 5362 2838 5418 Juliano
2869 5362 2955 5417 Η.
2991 5361 3066 5418 De
3091 5361 3382 5432 Angaltha-

1810 5463 1958 5518 haith
2008 5461 2150 5516 idem
2181 5467 2371 5529 postea
2405 5457 2896 5514 demonstrabitur.
2943 5455 3216 5522 Quocirca
3249 5469 3391 5510 non-

1810 5556 1941 5611 dum
1989 5553 2234 5609 lunarem
2293 5567 2501 5608 annum
2559 5551 2628 5606 ad
2672 5549 2887 5606 civilem
2969 5564 3130 5605 usum
3184 5547 3395 5604 Arabes

1813 5647 2239 5713 transtulerant;
2286 5661 2410 5700 nam
2445 5659 2572 5700 cum
2617 5642 2828 5698 Arabes
2864 5641 3114 5698 nominat
3153 5640 3394 5712 Epipha-

1818 5742 1963 5808 nius,
1996 5739 2259 5811 majorem
2287 5737 2436 5795 illius
2458 5738 2637 5810 gentis
2665 5737 3044 5809 potioremque
3073 5745 3278 5806 partem
3311 5733 3396 5787 in-
