3810 6216
438 264 535 318 95!

1562 239 1911 326 Apr-annui
1947 264 2574 328 DISSERTATIONUM.

3587 268 3687 327 932

440 375 651 444 telligit.
692 375 768 431 Ac
816 376 961 431 Scal.
1010 377 1104 431 lib.
1136 395 1172 432 ιι
1215 378 1292 433 De
1338 379 1540 433 emend.
1590 394 1747 452 temp.
1799 391 1850 438 et
1876 380 2022 451 Isag.
2058 388 2104 443 Α
2133 380 2513 442 Coufusionis,
2552 378 2644 448 qui
2680 378 2925 446 proxime
2960 376 3069 433 Jul.
3104 379 3337 449 primum
3380 386 3688 449 antecessit,

439 482 561 519 can.
585 464 681 519 lib.
707 481 743 519 ιι
769 481 832 520 ac
857 482 937 532 ιιι,
956 476 1164 524 veteres
1187 469 1393 524 Arabes
1415 471 1681 541 Calippica
1699 474 1826 527 anni
1843 474 2017 529 forma

444 572 573 612 usos
603 572 722 611 esse
749 558 1011 621 decernit,
1039 568 1097 613 ιιι
1140 568 1193 614 et
1218 559 1498 617 Chaldaeos
1524 578 1588 617 ac
1615 561 1851 630 Judasos;
1880 566 2019 620 Ara-

441 646 572 701 bum
597 663 727 703 vero
755 648 1022 717 duplicem
1052 666 1254 705 annum
1278 651 1438 719 facit;
1463 654 1694 708 alterum
1728 653 2017 710 Damasce-

442 754 598 805 num,
621 739 733 793 sive
761 738 1127 812 Hagarenum,
1155 743 1241 798 cui
1268 744 1625 800 desultorium
1657 748 2016 802 intercalandi
2042 744 2047 747 ’

444 846 651 884 morem
680 831 925 885 attribuit
953 850 965 885 :
996 832 1152 902 cujus
1179 834 1434 902 periodus
1460 836 1565 889 228
1599 837 1757 892 annis
1784 836 2017 893 Julianis

442 921 649 988 definit,
687 923 738 976 in
769 938 876 990 qua
904 937 1118 978 menses
1145 938 1333 985 omnes
1360 926 1677 996 singillatim
1702 944 1906 983 annum
1942 929 2017 982 in-

444 1014 677 1080 choant,
717 1015 1064 1085 vicissimque
1106 1018 1429 1084 terminant;
1465 1020 1691 1075 alteram
1728 1022 1859 1075 anni
1913 1038 2017 1076 ra—

443 1104 642 1159 tionem
676 1105 875 1160 omissa
915 1106 1330 1163 iutercalatione
1365 1110 1595 1167 solutam
1644 1127 1707 1167 ac
1750 1123 2014 1169 retextam

444 1211 509 1250 ex
552 1197 709 1251 annis
759 1196 1039 1253 lunaribus
1092 1200 1435 1269 simplicibus
1487 1203 1807 1269 constituit,
1851 1220 2015 1274 quam

443 1285 514 1338 ab
540 1284 684 1339 ludis
711 1287 836 1339 olim
863 1298 1200 1357 usurpatam,
1228 1299 1415 1359 postea
1435 1292 1598 1345 etiam
1627 1293 1695 1347 ab
1720 1294 2014 1359 Arabibus,

452 1377 862 1444 prmsertimque
886 1375 1296 1433 Mahumedauis
1321 1379 1495 1434 docet.
1530 1378 1662 1434 Nam
1695 1382 1787 1451 qui
1817 1384 1884 1437 ab
1912 1382 2018 1438 He-

445 1461 564 1531 gira
599 1471 960 1518 numerantur
991 1465 1156 1530 anni,
1197 1467 1348 1520 nullo
1394 1464 1819 1525 intercalationis
1865 1470 2016 1526 freno

448 1555 669 1609 coerciti
725 1570 821 1623 per
874 1552 1147 1610 Julianam
1201 1559 1395 1612 seriem
1462 1560 1681 1629 impune
1730 1572 2010 1632 vagantur.

446 1642 602 1709 Quod
636 1645 681 1698 si
724 1644 849 1714 quis
888 1646 1165 1713 requirat,
1191 1647 1334 1702 unde
1367 1648 1643 1719 Scaligero
1673 1663 1883 1707 constet
1924 1670 2015 1708 ve-

2118 472 2324 526 Arabes
2367 469 2655 523 inchoasse
2708 468 2895 532 tradit,
2932 484 3047 538 per.
3094 468 3204 523 Jul.
3238 468 3400 523 4668.
3452 469 3509 524 ιιι
3541 470 3680 535 1ης.

2118 578 2247 618 vero
2277 574 2468 614 canon.
2504 560 2599 614 lib.
2619 575 2700 625 ιιι,
2723 575 2772 615 c.
2802 576 2875 625 ix,
2898 576 2951 630 p.
2980 561 3107 624 255,
3144 561 3348 629 periodi
3388 561 3689 631 hujusepo-

2118 655 2275 706 chain
2307 651 2551 705 eamdem
2584 665 2706 705 esse
2737 650 2914 716 docet,
2957 666 3119 720 quam
3157 660 3209 704 et
3240 652 3685 706 Antiochensium

2117 758 2259 807 terte,
2291 743 2394 797 hoc
2416 727 2525 796 est
2562 743 2630 796 ab
2659 758 2804 797 anno
2832 744 3009 813 primo
3045 745 3381 798 monarchiae
3412 743 3543 797 Julii
3585 744 3689 799 Ca:-

2118 833 2277 898 saris,
2316 849 2432 903 per.
2467 831 2575 887 Jul.
2608 832 2750 888 4666
2800 852 2812 886 :
2859 849 2980 902 quae
3027 848 3212 888 secum
3269 835 3564 903 perspicue
3592 850 3686 903 pu-

2118 931 2305 995 gnant.

2192 1013 2297 1069 Sed
2331 1015 2414 1068 his
2448 1013 2606 1083 nugis
2643 1015 2895 1077 omissis,
2946 1013 3299 1068 vensrmilius
3340 1023 3464 1077 est,
3501 1012 3686 1084 Epiph.

2117 1106 2307 1160 saltem
2345 1114 2617 1172 tempore,
2655 1102 2866 1158 civilem
2914 1101 3155 1156 Arabum
3202 1119 3408 1156 annum
3465 1105 3689 1159 solarem

2118 1193 2318 1259 fuisse,
2352 1202 2406 1248 et
2451 1194 2594 1257 aliis,
2645 1208 2809 1262 quam
2866 1193 2960 1261 qui
3010 1195 3171 1262 vulgo
3204 1193 3688 1260 circumferuntur,

2118 1284 2430 1339 nominibus
2471 1298 2688 1338 menses
2715 1283 3014 1352 appellatos
3052 1298 3193 1340 esse.
3240 1284 3584 1353 Simplicius,
3624 1289 3694 1339 uti

2119 1374 2262 1429 Scal.
2304 1375 2575 1435 observat,
2625 1390 2657 1428 a
2705 1390 2833 1429 vere
2884 1391 3087 1428 annum
3137 1393 3298 1432 suum
3348 1379 3564 1432 Arabes
3618 1379 3694 1431 iu-

2116 1466 2348 1519 cboasse
2431 1465 2639 1521 scribit.
2712 1466 3130 1520 Alexandrinum
3205 1483 3333 1522 vero
3421 1469 3697 1522 chronica:

2117 1572 2171 1625 p.
2207 1556 2309 1612 597
2344 1564 2497 1611 notat
2536 1556 2780 1612 Candide
2818 1569 2871 1612 et
2898 1558 3176 1623 Quadrato
3214 1575 3362 1615 coss.
3396 1560 3625 1617 Petreos
3649 1570 3693 1615 et

2099 1646 2457 1711 .Bostreuos,
2506 1648 2600 1716 qui
2648 1649 2860 1704 Arabiae
2890 1652 3073 1720 populi
3106 1661 3256 1717 sunt,
3305 1653 3375 1708 ab
3427 1655 3537 1709 hoc
3590 1655 3696 1723 ipso

446 1743 624 1789 tustos
673 1713 880 1789 Arabes
923 1735 1275 1790 desultoriam
1314 1737 1465 1792 illam
1510 1713 1875 1795 intercalandi
1912 1742 2021 1797 for-
2051 1713 2092 1768 Β
2122 1752 2266 1791 anno
2298 1713 2541 1806 tempora
2577 1753 2675 1791 sua
2726 1754 3048 1804 numerare,
3078 1742 3170 1811 qui
3204 1752 3289 1797 est
3328 1759 3461 1798 terte
3506 1713 3696 1815 Diony-

448 1841 595 1881 mam
645 1826 790 1881 civili
828 1828 1131 1896 praesertim
1183 1843 1283 1882 usu
1328 1830 1601 1896 tenuisse,
1644 1841 1738 1885 aut
1777 1834 2020 1888 eamdem

448 1917 680 1973 subinde
718 1918 1052 1986 retexuisse',
1102 1934 1164 1974 ac
1208 1934 1355 1975 mere
1403 1922 1644 1977 lunarem
1697 1925 2018 1993 prtetulisse,

447 2024 517 2065 ne
563 2025 731 2064 unum
767 2009 985 2079 quidem
1032 2011 1354 2080 scriptorem
1390 2013 1571 2080 alien,
1606 2015 1700 2084 qui
1748 2015 1799 2070 id
1834 2016 1915 2069 vel
1946 2016 2058 2075 le-.

446 2099 671 2154 vissime
699 2099 946 2154 suadeat.
977 2098 1157 2165 Quare
1186 2099 1316 2154 dum
1351 2101 1613 2158 conﬁctas
1640 2104 1760 2159 illas
1781 2105 2021 2159 Arabum

446 2188 700 2259 periodos
746 2188 1134 2258 operosissime
1187 2188 1489 2256 describit,
1546 2193 1648 2247 hoc
1682 2202 1765 2248 est
1810 2196 2021 2249 somnia

448 2293 549 2334 sua
598 2278 950 2347 prosequitur
972 2318 987 2343 ,
1020 2286 1074 2332 et
1108 2294 1208 2334 suo
1228 2321 1243 2344 ,
1275 2291 1327 2335 et
1368 2282 1587 2337 lectoris
1617 2285 1728 2340 otio
1759 2286 2023 2356 intempe-

448 2367 631 2422 rantei=
670 2368 934 2425 abutitur.
974 2367 1093 2434 Quo
1134 2368 1352 2439 quidem
1408 2371 1463 2425 in
1499 2374 1717 2442 negotio
1760 2384 1842 2429 est
1890 2376 2022 2431 illud

449 2474 581 2514 sane
594 2458 920 2528 jucundum,
935 2460 1078 2529 quod
1100 2461 1341 2516 eamdem
1363 2462 1507 2516 illam
1524 2464 1803 2533 periodum
1822 2482 1941 2535 quin
1956 2483 2021 2521 ex

445 2550 555 2605 228
588 2550 823 2605 Julianis
868 2550 1061 2615 annis,
1090 2550 1339 2607 Arabicis
1370 2568 1519 2618 vero,
1559 2555 1641 2609 vel
1678 2555 1872 2612 solutis
1910 2557 2018 2611 255

452 2651 688 2709 constat,
715 2641 912 2696 alicubi
936 2642 1295 2713 exc0gitatam
1320 2659 1348 2697 a
1374 2659 1433 2700 se
1459 2645 1623 2710 dicat,
1649 2646 1775 2701 alibi
1802 2663 1929 2703 vero
1953 2649 2021 2702 ab

448 2734 754 2800 Arabibus,
785 2740 840 2787 et
875 2731 1173 2803 Hagarenis
1216 2734 1285 2789 ab
1330 2735 1485 2790 initio
1516 2735 1719 2791 Juliani
1765 2741 1894 2792 anni
1937 2756 2022 2793 re-

446 2835 692 2895 pertam,
723 2832 778 2879 et
820 2824 1128 2878 institutam
1173 2824 1489 2895 imprudens
1523 2838 1755 2883 asserat.
1808 2828 2019 2884 Etenim

450 2918 542 2973 lib.
572 2932 609 2971 ιι
639 2916 715 2970 De
744 2916 945 2970 emend.
982 2931 1033 2986 p.
1070 2916 1193 2982 l34,
1225 2917 1316 2972 ubi
1339 2917 1405 2973 de
1428 2933 1574 2974 anno
1616 2919 1823 2990 llegirae
1852 2922 2024 2976 disse-

448 3009 518 3063 rit
552 3026 565 3062 :
596 3007 1127 3073 Contumacissimus,
1170 3008 1381 3078 inquit,
1417 3010 1501 3062 hic
1540 3027 1708 3064 annus
1746 3022 2020 3083 est,neque

447 3100 608 3170 facile
655 3099 787 3153 redit
835 3100 889 3151 in
931 3099 1160 3168 gratiam
1192 3085 1311 3153 cum
1341 3116 1477 3153 anno
1515 3100 1653 3167 Jul.,
1692 3111 1795 3156 etc.
1844 3102 2021 3170 Quare

448 3190 601 3245 nulla
644 3188 915 3243 methodus
961 3189 1080 3242 hinc
1128 3189 1315 3258 conﬁci
1360 3201 1550 3260 potest.
1608 3192 1796 3246 Tutior
1826 3212 2019 3264 magna

445 3281 715 3351 periodus,
745 3294 906 3348 quam
935 3280 1385 3349 excogitavimus,
1412 3298 1670 3335 annorum
1686 3281 1812 3347 228,
1832 3300 2021 3337 ennea-

447 3370 835 3426 decaeteridum
881 3368 1176 3422 duodecim.
1209 3370 1277 3423 At
1304 3370 1339 3423 Ι.
1380 3387 1432 3434 v,
1472 3386 1522 3439 ι.
1557 3371 1681 3437 485,
1709 3372 1797 3426 tibi
1827 3374 1890 3427 de
1930 3388 2019 3428 eo-

448 3467 569 3520 dem
607 3478 750 3517 anno
785 3462 1065 3531 loquitur:
1104 3461 1322 3524 Arabes,
1367 3460 1565 3529 inquit,
1616 3460 1888 3531 Hagareui
1931 3480 2020 3531 pe-

448 3556 658 3609 riodum
718 3552 824 3606 228
883 3568 1139 3605 annorum
1194 3550 1549 3606 instituerunt
1601 3566 1665 3604 ea:
1737 3570 1789 3608 a.
1842 3553 1896 3609 d.
1958 3568 2017 3606 ιιι

449 3646 648 3701 Iduum
672 3645 859 3699 Martii
884 3645 1007 3696 anni
1027 3642 1392 3711 Coufusiouis,
1417 3643 1561 3713 ryclo
1580 3643 1720 3696 (una:
1747 3660 1865 3709 xm,
1886 3645 2013 3698 satis

449 3754 543 3793 xx.
578 3736 642 3789 Et
675 3736 836 3804 paulo
864 3743 1014 3803 post:
1052 3731 1329 3799 Triplicem
1363 3732 1499 3784 enim
1521 3732 1793 3798 periodum
1820 3731 2013 3785 habue-

452 3837 579 3881 runt
610 3844 627 3880 .'
661 3828 916 3880 minorem
961 3840 1068 3877 xxx
1110 3839 1368 3875 annorum
1401 3823 1730 3886 solutorum;
1763 3824 2015 3892 majorem

448 3921 557 3975 210
603 3933 897 3979 annorum;
944 3916 1233 3969 maximam
1271 3913 1377 3968 228
1430 3930 1687 3967 annorum
1736 3914 2013 3978 solarium,

447 4013 556 4069 255
586 4022 759 4066 autem
804 4008 1180 4073 Arabicorum,
1214 4022 1318 4076 qua
1357 4004 1669 4059 Multarram
1716 4022 1806 4075 per
1848 4015 2016 4059 totum

447 4113 750 4160 contextum
802 4102 927 4155 anui
979 4098 1168 4154 solaris
1223 4108 1441 4168 vagatus
1484 4098 1617 4151 redit
1666 4098 1734 4150 ad
1779 4098 2015 4151 eamdem

447 4197 607 4251 diem.
642 4195 788 4249 Idem
816 4203 871 4248 et
903 4191 957 4246 in
980 4192 1016 4245 l.
1050 4206 1108 4245 ιιι
1134 4188 1281 4263 lsag.
1317 4191 1449 4247 Can.
1490 4189 1704 4258 repetit.
1739 4188 1878 4254 Quid
1911 4189 2015 4242 hoc

444 4288 669 4344 homine
701 4284 905 4350 facias,
947 4291 1040 4336 aut
1071 4295 1233 4351 quam
1256 4279 1306 4334 ei
1337 4281 1552 4335 demum
1592 4280 1796 4335 habeas
1830 4280 2008 4347 fidem,
2042 4290 2047 4293 ’

2046 3054 2089 3112 C

2122 1830 2289 1884 sianae
2315 1829 2437 1893 105,
2466 1829 2686 1899 Trajani
2721 1830 3062 1899 imperatoris
3093 1844 3338 1888 octavus.

2182 1919 2298 1975 Col.
2315 1920 2419 1974 932
2437 1921 2661 1975 suam
2675 1921 3078 1988 Καππάὸωιας
3104 1924 3339 1992 Ἀταρτᾶ
3354 1932 3452 1993 ιγ’.
3469 1910 3694 1981 Lunaris

2123 2010 2285 2079 igitur
2312 2011 2694 2080 Cappadocum
2722 2012 2926 2067 mensis
2950 2014 3159 2067 'exstitit
3194 2033 3206 2067 :
3250 2016 3692 2085 quandoquidem

2121 2117 2245 2156 cum
2287 2100 2490 2157 Tebcth
2527 2101 2752 2157 Judaico
2781 2105 3052 2159 convenit.
3081 2107 3195 2159 lmo
3219 2122 3348 2161 vero
3391 2119 3593 2163 neuter
3612 2126 3693 2164 ac-

2121 2193 2523 2247 curatelunaris
2544 2191 2663 2259 fuit,
2680 2210 2800 2249 cum
2826 2196 3159 2250 noviluuium
3176 2197 3418 2252 medium
3439 2198 3694 2254 Decum

2121 2295 2412 2355 competat.
2445 2285 2624 2351 Quare
2654 2287 2699 2341 si
2726 2286 2918 2354 Judaei,
2950 2290 3057 2341 ἀπὸ
3094 2290 3192 2358 τῆς
3222 2291 3446 2342 συνόδου
3476 2308 3694 2347 ιιεοιιιεο

2122 2375 2241 2430 uias
2268 2376 2495 2430 civiliter
2532 2377 2904 2443 deduxissent,
2937 2377 3059 2433 Jan.
3097 2396 3146 2434 vt
3172 2382 3389 2436 nonnisi
3420 2398 3496 2435 xu
3525 2398 3692 2437 mens.

2124 2465 2462 2520 habuissent.
2492 2464 2586 2519 Sin
2618 2468 2761 2537 quod
2797 2468 2918 2522 aliis
2947 2468 3168 2538 placuit,
3200 2470 3273 2524 uti
3307 2471 3492 2539 glossa
3525 2486 3578 2525 c.
3602 2486 3693 2531 vn.

2120 2571 2280 2624 par.t
2331 2554 2422 2610 lad
2449 2555 2515 2609 Β.
2546 2556 2875 2613 Maeniouidae
2902 2568 3161 2624 testatur,
3191 2575 3370 2614 neom.
3417 2576 3697 2630 nunquam

2120 2660 2187 2700 eo
2212 2644 2299 2700 die
2320 2648 2640 2713 constituta,
2670 2648 2723 2700 in
2758 2664 2918 2718 quem
2950 2647 3127 2703 Molad
3157 2649 3446 2715 incideret,
3482 2666 3697 2704 neome—

2122 2737 2211 2792 nia
2237 2736 2443 2792 Tebeth
2479 2755 2629 2792 xxvii
2670 2738 2819 2806 Dec.,
2852 2738 3093 2794 Januarii
3122 2751 3304 2796 autem
3343 2757 3397 2795 vi
3434 2742 3698 2795 duntaxat

2123 2826 2407 2881 undecima
2439 2827 2711 2882 convenit.
2751 2825 2894 2881 Scal.
2940 2828 2974 2881 l.
3005 2844 3055 2881 vr
3093 2828 3168 2882 De
3208 2829 3415 2882 emend.
3462 2845 3592 2883 cum
3632 2830 3690 2881 de

2122 2934 2265 2974 anno
2322 2916 2497 2972 Natali
2550 2917 2755 2972 Christi
2807 2919 3081 2989 disputat,
3139 2919 3335 2990 Epiph.
3395 2921 3694 2990 redarguit,

2122 3010 2265 3079 quod
2311 3008 2537 3075 Tebetb,
2591 3026 2688 3079 pro
2734 3010 2897 3064 Scbat
2932 3010 3195 3079 posuerit.
3237 3009 3345 3064 Sed
3407 3014 3695 3081 reprehen-

2123 3102 2332 3157 dendus
2374 3103 2488 3172 ipse
2525 3103 2737 3169 potius,
2774 3102 2867 3172 qui
2907 3103 2971 3157 ad
3018 3113 3391 3158 commentum
3436 3119 3598 3158 suum
3636 3108 3698 3161 de

2122 3190 2398 3260 Calippica
2422 3191 2642 3260 periodo
2676 3206 2705 3244 a
2734 3190 2933 3245 Judmis
2963 3202 3091 3246 tunc
3120 3196 3383 3261 temporis
3414 3195 3697 3250 observata

2122 3281 2315 3351 Epiph.
2357 3282 2659 3352 astringere
2684 3282 2876 3347 voluit,
2913 3281 2979 3336 de
3002 3297 3107 3351 qua
3140 3298 3198 3336 re
3225 3286 3393 3353 paulo
3424 3296 3550 3354 post
3582 3302 3693 3355 age-

2126 3382 2239 3441 tur,
2266 3372 2320 3426 in
2363 3372 2739 3443 Disputatione
2766 3374 2832 3426 de
2873 3388 3017 3427 anno
3058 3375 3358 3429 Dominicze
3396 3374 3692 3433 Passionis.

2121 3462 2249 3517 Fuit
2289 3464 2376 3518 hic
2420 3464 2585 3534 igitur
2618 3463 2821 3518 mensis
2851 3464 3051 3518 cheth
3075 3506 3090 3531 ,
3125 3481 3234 3519 non
3273 3464 3512 3533 Sebath;
3543 3480 3595 3521 et
3624 3482 3695 3523 est

2122 3557 2347 3610 omnino
2390 3555 2455 3609 ad
2493 3554 2776 3608 Judaicam
2805 3556 2951 3609 illam
2986 3556 3270 3625 periodum
3300 3574 3468 3629 quam
3514 3573 3693 3629 postea

2119 3661 2185 3699 ex
2213 3644 2501 3715 Epiphanii
2544 3652 2722 3699 mente
2754 3646 3127 3700 describemus
3150 3685 3165 3709 ,
3195 3650 3695 3704 accommodatissi-

2120 3751 2242 3789 mus
2276 3736 2365 3790 hic
2398 3737 2571 3790 locus.
2601 3736 2716 3790 Etsi
2754 3737 2985 3790 duorum
3034 3738 3263 3791 alterum
3305 3741 3577 3795 accidisse
3617 3758 3695 3797 su-

2118 3824 2319 3894 Spicor,
2340 3820 2411 3879 ἰιι
2447 3826 2527 3880 vel
2562 3826 2619 3879 ιδ’
2654 3841 2752 3895 pro
2787 3833 2852 3894 ιγ’
2882 3826 3156 3896 scripserit
3191 3826 3535 3897 Epiphanius
3574 3853 3588 3885 :
3620 3832 3694 3886 vel

2117 3917 2375 3986 quoniam
2408 3915 2654 3971 Januarii
2678 3933 2707 3967 v
2734 3932 2832 3985 pro
2862 3932 2913 3970 vi
2949 3918 3264 3986 imprudens
3300 3934 3692 3991 usurparent,

2116 4008 2184 4061 ad
2207 4022 2326 4062 eam
2354 4007 2663 4077 respiciens,
2690 4023 2785 4060 xui
2810 4006 3013 4060 Tebeth
3039 4008 3375 4077 ascripserit.
3400 4009 3533 4065 Erat
3553 4014 3691 4065 enim

2114 4113 2180 4153 ex
2206 4098 2459 4153 methodo
2493 4108 2701 4161 nostra,
2751 4096 2951 4152 Tebeth
2980 4098 3045 4152 14
3097 4116 3112 4153 :
3148 4099 3350 4167 quippe
3388 4098 3693 4169 Ogdoecou.

2114 4189 2603 4244 tatessaraeteridis
2657 4205 2832 4244 annus
2866 4190 2965 4243 iste
2999 4189 3100 4244 fuit
3122 4206 3173 4256 L,
3227 4191 3385 4261 cyclo
3437 4195 3575 4249 solis
3620 4212 3688 4255 ix,

2114 4281 2254 4334 luna:
2287 4296 2325 4345 ι,
2361 4296 2391 4335 a
2420 4279 2541 4335 Kal.
2567 4280 2690 4335 Jan.
2734 4280 2861 4334 anni
2902 4278 3103 4335 Juliani
3137 4284 3423 4351 sequentis
3465 4283 3693 4339 Neome-

446 4394 548 4435 sua
578 4394 637 4434 se
664 4378 777 4448 ipse
803 4373 1150 4431 confessione
1176 4380 1281 4426 tam
1314 4380 1497 4442 aperte
1523 4386 1588 4427 ac
1610 4372 1787 4441 palam
1815 4371 2007 4437 induit,
2043 4387 2086 4440 ι)
2117 4370 2205 4424 nia
2228 4369 2394 4425 Nisan
2427 4371 2556 4441 Apr.
2602 4388 2658 4437 ιι,
2685 4369 2783 4424 fer.
2814 4386 2884 4425 iv.
2917 4370 3047 4425 Erat
3076 4386 3251 4427 annus
3280 4375 3516 4444 simplex
3551 4377 3693 4430 ordi-

449 4478 510 4525 ut
533 4470 690 4538 cujus
722 4468 850 4522 anni
883 4465 1073 4519 forma‘
1098 4479 1162 4518 ac
1186 4463 1395 4534 periodi
1422 4462 1759 4517 inventorem
1784 4477 1842 4517 se
1863 4463 2012 4529 dicit,

446 4576 567 4617 eam
606 4561 776 4630 ipsam
799 4556 1185 4611 vetustissimis
1233 4553 1568 4624 temporibus
1600 4553 1654 4606 in
1695 4568 1798 4608 usu
1845 4552 2015 4609 fuisse

445 4650 760 4707 conﬁrmet?
783 4647 888 4702 Sed
912 4662 976 4702 ea
1004 4647 1141 4701 mihi
1161 4646 1298 4700 levia
1321 4660 1384 4699 ac
1411 4644 1711 4700 tolerabilia
1740 4645 2011 4713 videntur,

447 4758 573 4800 cum
607 4741 674 4796 ad
705 4740 811 4794 alia
843 4738 1096 4809 respicio,
1126 4752 1245 4807 quae
1276 4736 1330 4791 in
1360 4746 1590 4805 utroque
1620 4736 1714 4791 illo
1749 4751 1912 4807 opere
1942 4745 2015 4792 te-

446 4853 615 4903 mere,
648 4839 1060 4901 inconstanter,
1102 4850 1166 4888 ac
1219 4833 1336 4889 sine
1381 4840 1604 4886 auctore
1652 4831 1761 4885 ullo
1808 4830 2012 4901 passim

444 4930 639 4987 effutiit
670 4947 683 4983 :
710 4942 829 4995 qua:
859 4940 960 4981 nos
990 4924 1163 4988 brevi,
1190 4924 1236 4978 si
1270 4922 1538 4978 Dominus
1572 4922 1804 4987 dederit,
1836 4922 1891 4975 in
1928 4922 2013 4975 Ιιιι

443 5037 560 5076 cem
605 5026 959 5089 apertumque
988 5012 1353 5083 proferemus,
1384 5022 1444 5066 ut
1484 5011 1577 5082 qui
1612 5010 2013 5080 ehronologieis

443 5106 499 5167 in
546 5111 709 5167 rebus
759 5109 928 5163 Deum
973 5107 1122 5162 illum
1158 5105 1550 5176 propemodum
1601 5103 1828 5169 faciunt,
1881 5103 2013 5157 nihil

398 5228 401 5233 ‹
444 5204 621 5271 ipsum
657 5200 723 5255 ad
758 5214 876 5254 eam
926 5212 1039 5252 rem
1082 5204 1276 5267 praeter
1304 5195 1505 5250 fastum
1545 5203 1601 5249 et
1643 5193 2010 5263 arrogantiam

441 5291 689 5347 attulisse
738 5287 975 5342 discant.
1036 5283 1316 5339 Postremo
1365 5297 1529 5353 quam
1577 5282 1632 5335 in
1686 5281 2011 5336 Antiocheni

442 5381 571 5437 anni
605 5380 807 5449 epocha
840 5376 1075 5432 hominis
1100 5375 1523 5430 inconstantiam
1554 5373 1813 5439 vidimus,
1858 5388 2011 5427 eam-

441 5473 563 5526 dem
592 5470 646 5525 in
679 5467 975 5539 Hagarenis
1010 5476 1065 5520 et
1106 5465 1353 5519 Arabicis
1398 5463 1550 5519 hisce
1592 5462 1830 5533 periodis
1875 5463 2012 5518 scito

439 5573 562 5615 esse
593 5559 963 5613 commissam.
994 5554 1128 5610 Nam
1167 5556 1260 5608 lib.
1299 5571 1337 5609 ιι
1366 5554 1444 5607 De
1466 5554 1691 5618 emend.,
1721 5569 1775 5622 p.
1809 5552 1930 5619 H6,
1958 5562 2013 5607 et

446 5649 541 5706 lib.
571 5665 624 5715 ν,
655 5664 707 5718 p.
751 5648 877 5713 485,
913 5647 1189 5717 periodum
1216 5644 1553 5716 Hagareuam
1599 5642 1668 5697 ab
1702 5657 1847 5697 anno
1892 5642 2012 5712 ipso

2118 4460 2323 4514 uarius.
2367 4459 2535 4528 Igitur
2558 4459 2784 4525 Tebetb,
2817 4459 2932 4514 sive
2962 4475 2993 4512 χ
3020 4461 3365 4516 mensisiniit
3388 4462 3516 4519 Dec.
3546 4481 3687 4519 χιιι.

2119 4551 2269 4607 Unde
2290 4551 2533 4605 Januarii
2559 4567 2589 4605 v
2638 4550 2841 4607 Tebeth
2874 4552 2990 4607 dies
3026 4560 3144 4606 erat
3184 4568 3281 4606 mi
3319 4571 3332 4606 :
3368 4566 3525 4609 sexto
3570 4571 3693 4610 vero

2113 4643 2236 4698 Jan.
2266 4659 2375 4696 xiv.
2427 4643 2487 4695 ln
2522 4657 2633 4712 quo
2672 4641 2844 4708 vides,
2885 4642 2937 4697 id
2983 4643 3131 4712 quod
3171 4645 3466 4699 methodus
3508 4658 3689 4700 nostra

2114 4734 2459 4803 repromittit,
2503 4733 2730 4788 biduum
2778 4732 2891 4787 fere
2933 4732 3045 4801 jam
3088 4734 3424 4803 anticipasse
3473 4752 3689 4791 neouze-

2116 4826 2258 4879 niam
2305 4825 2540 4891 civilem,
2578 4839 2704 4879 cum
2746 4824 2857 4894 jam
2891 4824 3117 4878 dimidia
3156 4826 3417 4893 periodus
3444 4828 3688 4883 efﬂuxis-

2116 4922 2219 4969 set.
2254 4912 2388 4966 Nam
2430 4928 2461 4967 a
2498 4929 2624 4967 xxvr
2658 4912 2787 4968 Dec.
2829 4912 2897 4966 ad
2943 4928 3074 4967 xxiv
3117 4915 3461 4970 retrocessit.
3510 4917 3689 4983 Quare

2115 5002 2200 5056 vel
2228 5002 2317 5058 hic
2344 5018 2487 5057 unus
2512 5002 2667 5057 locus
2694 5001 2935 5057 ostendit
2962 5016 3062 5055 nos
3076 5016 3190 5071 per.
3223 5003 3373 5057 illam
3398 5004 3468 5057 ad
3495 5004 3686 5075 Epiph.

2115 5093 2357 5148 rationes
2388 5092 2764 5163 εὐστοχώτατοι
2805 5092 3119 5163 digessisse.
3152 5093 3285 5149 Vide
3327 5094 3474 5149 infra
3503 5097 3557 5149 in
3602 5096 3687 5150 illa

2116 5185 2357 5240 Diatriba
2386 5185 2452 5240 de
2489 5184 2756 5240 Passione
2796 5184 3033 5240 Domini.

2184 5276 2318 5333 lbid.
2340 5276 2500 5331 Κατὰ
2527 5278 2867 5345 Ἀθηναιους
2889 5276 3437 5346 Μαιμακτηριῶνος.
3458 5277 3680 5333 Januar.

2112 5369 2472 5425 Athenienses
2519 5367 3008 5423 Maemacterionem
3060 5379 3349 5424 vocarunt.
3410 5370 3567 5436 Quod
3619 5384 3683 5425 ne

2113 5461 2237 5527 quis
2262 5476 2447 5516 errore
2479 5460 2679 5515 librarii
2716 5461 2920 5516 factum
2970 5470 3141 5530 putet,
3192 5461 3495 5517 afﬁrmatur
3522 5478 3587 5516 ex
3617 5476 3680 5516 eo

2112 5554 2257 5624 quod
2292 5553 2454 5622 paulo
2486 5561 2607 5622 post
2655 5551 2918 5607 Novemb.
2955 5552 3398 5623 Metagituionem
3430 5552 3672 5623 appellat.

2116 5642 2211 5699 Est
2238 5652 2418 5698 autem
2450 5644 2537 5699 hic
2561 5644 2720 5699 locus
2747 5644 2813 5698 ad
2854 5644 3015 5699 Attici
3047 5643 3179 5699 anni
3203 5684 3219 5712 ,
3247 5643 3551 5714 cuiusmodi
3584 5656 3673 5713 per
