3810 6216
83 260 188 315 935

1241 245 1330 302 DE
1363 249 1550 306 ANNO
1585 249 1838 304 NATALI
1878 249 2177 305 CHRISTI.

3222 222 3335 313 eat

85 375 173 429 illa
201 382 444 442 tempora
477 371 613 435 fuit,
651 385 716 426 ac
743 369 1012 425 mensium
1041 368 1457 439 dispositionem
1489 369 1649 423 intel-
1685 378 1722 432 Α
1757 369 1867 433 det,
1900 366 2316 423 Hccatomhaeon
2358 378 2540 423 autem
2581 365 2746 436 Julio,
2792 379 2848 424 ut
2887 371 3060 426 eidem
3122 370 3323 443 Scalig.

83 465 350 535 ligeudam
381 463 761 520 observatione
798 462 1176 530 dignissimus.
1233 459 1474 515 Primum
1505 459 1651 514 enim

85 558 318 611 solerem
365 571 569 610 annum
613 553 784 608 fuisse
826 553 982 607 docet
1016 566 1319 606 consensus
1350 549 1654 604 Maemacte-

84 648 254 702 rionis
299 662 423 702 cum
473 645 700 700 Januar.
746 641 852 698 Sed
884 642 1176 698 videndum
1219 641 1494 711 quodnam
1525 639 1653 693 anni

83 749 244 810 caput
273 738 456 794 fuerit.
493 738 708 793 Primus
739 735 1046 790 Atticorum
1073 734 1341 790 mensium
1368 731 1656 787 Hecatom-

77 832 234 886 bzeon
277 829 420 884 fuit:
450 844 480 883 a
510 844 639 898 quo,
687 828 733 883 si
782 826 940 882 Gazae
983 826 1280 889 credimus,
1310 831 1538 894 quartus
1573 831 1656 878 est

86 920 480 974 Maemacterion
504 935 518 984 ;
545 917 822 988 Scaligero
843 933 971 972 vero
996 918 1243 987 quintus.
1266 915 1453 971 Utrius
1476 916 1656 970 verior

83 1013 266 1082 opinio
306 1013 509 1068 sithoc
554 1011 674 1065 loco
702 1010 1138 1080 disquirendum.
1195 1009 1313 1062 Duo
1345 1008 1398 1061 in
1444 1007 1656 1061 ordina—

83 1104 228 1158 tione
261 1102 530 1157 mensium
557 1101 715 1156 Gazte
747 1111 924 1155 errata
951 1100 1175 1169 corrigit
1203 1097 1445 1168 Scaliger
1478 1113 1491 1150 :
1525 1097 1656 1151 alte—

83 1210 202 1248 rum
233 1194 383 1264 quod
427 1192 696 1247 Maemact.
727 1207 778 1246 tv
807 1192 930 1247 loco
972 1191 1240 1261 posuerit,
1271 1189 1429 1257 eique
1455 1187 1656 1258 Pyane-

81 1285 328 1354 psionem
353 1281 677 1352 subiecerit;
719 1282 970 1340 alterum.
1002 1280 1146 1349 quod
1176 1276 1652 1332 Anthesterioncm

81 1385 203 1446 post
226 1376 655 1448 Pyancpsionem
679 1373 1048 1438 collocaverit,
1069 1370 1427 1440 instanteiam
1456 1368 1650 1423 hieme.

80 1470 284 1524 Contra
306 1481 427 1537 quae
453 1465 694 1535 Scaliger
721 1463 1198 1518 Anthesterionem
1228 1475 1456 1516 vernum
1497 1474 1652 1512 men-

81 1575 194 1615 sem
225 1574 372 1623 esse,
418 1567 472 1614 et
506 1556 645 1628 μετὰ
676 1555 924 1626 χειμῶνα
961 1553 1182 1621 statuit;
1215 1553 1358 1607 unde
1393 1559 1518 1621 post
1544 1550 1654 1603 Γα-

73 1650 330 1722 ⁴ιιιηλιῶνιιι
363 1649 682 1716 constituit;
710 1647 1206 1703 Maemacterionem
1242 1660 1372 1699 vero
1405 1642 1654 1714 praecipi-

80 1718 214 1797 tanti
255 1743 370 1812 iam
411 1752 674 1798 autumno
709 1741 918 1804 tribuit,
980 1740 1233 1810 quintum
1267 1737 1476 1801 ordine,
1524 1745 1577 1791 et
1620 1749 1650 1789 a
1688 1718 1727 1772 Β

80 1832 457 1903 Pyanepsione
486 1831 816 1902 proximum.
861 1827 1158 1898 Utriusque
1192 1825 1498 1888 sententiae,
1531 1832 1591 1879 ut
1623 1838 1652 1878 a

80 1925 286 1977 lectore
315 1922 525 1977 facilius
553 1921 904 1992 percipiatur,
935 1919 1257 1974 laterculum
1291 1915 1650 1987 subiecimus.

573 2031 847 2088 MENSES
885 2031 1137 2087 ATTICI.

137 2144 225 2199 Ex
256 2144 546 2200 Theodoro
572 2145 737 2200 Gaza.
1015 2143 1094 2198 Ex
1125 2143 1423 2213 Scaligero.

332 2237 562 2304 Θερινοί
1081 2232 1329 2302 Θερινοί.

269 2326 702 2398 Ἐκατομὸαιιῦν.
1009 2322 1453 2398 γῈκατομὸαιῴν.

245 2393 682 2466 Μεταγειτνιών.
1007 2393 1428 2466 Μεταγειτνιών.

255 2462 620 2540 Βοηδρομιὼν.
1011 2462 1378 2535 Βοηδρομιὼν.

271 2555 596 2624 Ὀπωρινοι.
1039 2552 1364 2621 Ὀπωρινοι.

248 2650 554 2720 Μαιμακτη
563 2648 711 2719 ριών.
1007 2643 1350 2720 Ηυανεψιών.

252 2710 595 2788 Πυανεψιῶν.
618 2787 625 2788 7
1007 2710 1464 2788 Μαιμακτηριῶν.

264 2783 531 2860 Ἀνθεστη
543 2787 694 2859 ριὼν.
1015 2783 1336 2838 nomeva

277 2881 626 2951 Χειμερινοι.
1025 2876 1379 2944 Χειμερινοι.

251 2971 582 3029 Ποσειδεὼν.
656 2967 668 2979 ’
1009 2965 1321 3037 Γαμηλιὼν.

252 3040 572 3114 Γαμηλιῴν.
619 3109 629 3114 Δ
1028 3033 1436 3114 ξρνθεστηριιὶξν.

272 3103 694 3184 Ἐἱαῷηὸολιώψ
1028 3103 1448 3176 Ἐλαφηϐολιών.

323 3203 593 3273 Ἑαρινοί.
1083 3198 1357 3266 Ἑαριγοί.

254 3292 603 3374 Μουνυχιῴν.
1013 3287 1356 3374 ξουνυχιῲν.

258 3357 601 3436 Θαργηῖιών.
615 3430 627 3436 _
1013 3357 1356 3436 ἓαργςηλιών.

252 3426 692 3507 Σκίρρὸφοριών.
1013 3426 1438 3498 Σκιρροφοριώνς

139 3552 202 3606 1η
259 3552 365 3604 hac
411 3547 708 3602 Atticorum
745 3558 1015 3598 mensuum
1056 3543 1375 3598 recensione
1407 3540 1654 3610 quaedam

67 3653 224 3698 recte
272 3639 516 3708 Scaliger
543 3638 805 3692 adversus
833 3634 1037 3690 Gazam
1069 3632 1343 3700 defendit;
1390 3632 1495 3686 alia
1540 3647 1660 3700 per-

67 3749 269 3806 peram
304 3747 367 3786 ac
394 3730 553 3784 falso.
593 3728 746 3795 Quod
784 3727 928 3781 enim
990 3726 1461 3780 Anthesterionem
1490 3739 1657 3779 verno

71 3824 320 3885 tempori
352 3821 594 3886 ascribit,
644 3835 750 3875 non
811 3817 1180 3873 inclinativam
1210 3824 1492 3879 autumno,
1519 3830 1658 3885 prae-

68 3917 225 3971 clare
265 3913 424 3968 facit.
479 3911 585 3965 Sed
632 3911 700 3964 de
743 3906 1208 3972 Maemacterione,
1242 3920 1306 3960 ac
1351 3903 1657 3960 Posideone

63 4022 277 4078 parum
328 4002 610 4060 commode
652 4001 890 4056 sensisse
931 3998 1062 4053 mihi
1117 3998 1351 4052 videtur.
1411 3995 1656 4049 Primum

67 4095 470 4155 Boedromioni
502 4093 927 4164 Pyanepsionem
955 4133 968 4156 ,
1017 4105 1122 4144 non
1165 4087 1654 4143 Maemacterionem

69 4188 355 4262 adiungit,
386 4183 940 4255 idquecompluribus
966 4181 1301 4250 argumentis
1328 4177 1656 4248 persuadere

67 4283 279 4338 nititur
311 4295 324 4331 :
357 4293 478 4348 qua:
508 4275 710 4341 omnia,
747 4274 793 4330 si
825 4273 988 4328 unius
1023 4270 1473 4340 Harpocrationis
1502 4268 1658 4324 testi-

1756 460 1952 528 placet,
1986 459 2336 529 Metagitnion
2376 459 2645 530 Augusto,
2681 461 3040 518 Boedromion
3083 461 3328 534 Septem-

1754 550 1874 615 bri,
1911 553 2034 621 quis
2068 550 2356 607 Octobrem
2410 553 2551 608 alius
2599 563 2792 622 praeter
2838 555 3326 612 Maemacterionem

1756 643 1859 698 sibi
1910 644 2242 698 vindicabit?
2274 643 2512 700 Pessime
2540 646 2722 714 itaque
2761 657 3010 716 quartam
3041 649 3115 702 illi
3144 652 3325 704 sedem

1756 733 2036 797 attribuit,
2067 750 2130 788 ac
2161 735 2270 788 τῶν
2299 736 2582 806 ὀπωρινῶν
2627 738 2863 806 primum
2912 737 3075 802 facit,
3121 740 3167 794 si
3216 738 3326 795 No-

1755 823 1933 877 vemb.
1973 825 2246 892 congruit.
2299 823 2439 878 Sane
2486 823 2913 895 PyanepsiOuem
2951 827 3200 894 quintum
3232 842 3328 896 po-

1757 916 1866 971 tius
1903 933 2066 987 quam
2111 933 2163 970 tr
2205 933 2327 972 esse
2371 919 2765 972 numerandum
2811 934 2874 972 ex
2922 933 2986 972 eo
3032 918 3328 988 colligitur,

1756 1007 1900 1077 quod
1934 1007 2098 1060 hiemi
2132 1023 2351 1077 quoque
2407 1008 2695 1062 tribuatur.
2729 1007 2861 1061 Nam
2896 1007 3328 1077 Thesmophoria

1757 1097 2125 1168 Pyanepsione
2152 1115 2338 1153 mense
2362 1100 2578 1161 fiebant,
2611 1108 2667 1153 ut
2710 1097 2852 1154 Plut.
2881 1101 2935 1152 in
2977 1100 3208 1154 Demost.
3253 1102 3330 1156 si-

1756 1187 1996 1257 gnilicat.
2026 1189 2462 1258 Thesmophoria
2488 1204 2654 1259 porro
2684 1189 2736 1242 in
2771 1189 3003 1243 hiemem
3050 1191 3332 1246 incurrere

1758 1288 1987 1335 testatur
2047 1280 2442 1350 Aristophanes
2512 1280 3103 1352 Θεσμοφοριαζούσαις.
3173 1282 3329 1352 Apud

1756 1387 1915 1441 quem
1944 1371 2242 1441 Agathonis
2289 1386 2479 1426 servus
2506 1370 2573 1426 de
2603 1370 3157 1442 Thesmophoriorum
3192 1383 3333 1441 tem:

1757 1478 1889 1533 pore
1915 1464 1995 1520 sic
2023 1462 2267 1532 loquitur
2295 1478 2309 1513 :

2104 1597 2296 1663 Αὐτὸς
2322 1599 2429 1666 γὰρ
2456 1597 2645 1660 ἔξεισι
2672 1596 2845 1664 τάχα·

1826 1666 1936 1722 Καὶ
1965 1667 2075 1737 γὰρ
2094 1664 2440 1737 μελοποιεῖν
2470 1668 2729 1737 ἄρχεται,
2761 1666 3048 1735 χειμῶνος
3075 1664 3190 1737 οῦν

1829 1735 2043 1820 ξρντὸς
2067 1735 2513 1820 κατεικίξμπτειν
2540 1735 2645 1820 τᾲς
2671 1737 2938 1820 σςροίρρις
2965 1738 3036 1788 οὐ
3051 1735 3295 1807 ῥᾴδιον,

1829 1809 1936 1864 Ἢν
1951 1805 2036 1875 μὴ
2063 1807 2237 1875 προΐῃ
2262 1805 2468 1874 θύραζε
2494 1806 2644 1874 πρὸς
2681 1805 2789 1859 τὸν
2811 1805 3010 1872 ἥλιον.

1824 1916 2102 1972 Accedunt
2144 1917 2383 1972 rationes
2413 1917 2551 1978 aliae,
2581 1933 2718 1986 quas
2748 1932 2776 1971 a
2807 1914 3098 1970 Theodoro
3132 1929 3329 1984 propo-

1756 2008 1888 2064 sitas
1919 2009 2159 2079 Scaliger
2187 1995 2513 2063 dissimulat.
2557 2007 2624 2063 Ut
2653 2009 2794 2062 inter
2823 2010 2947 2083 alia.
2985 2007 3130 2078 quod
3160 2007 3327 2062 Arist.

1757 2100 1850 2154 lib.
1887 2116 1939 2154 vr
1974 2099 2046 2153 De
2069 2100 2193 2154 hist.
2229 2103 2418 2164 anim.,
2451 2115 2569 2167 cap.
2599 2099 3076 2160 29,Boedromioni
3115 2099 3330 2152 Μωιιιας

1756 2191 2051 2246 clerionem
2087 2190 2402 2260 subiungit,
2449 2189 2539 2243 ubi
2574 2188 2641 2243 de
2669 2204 2954 2252 cervorum
2986 2189 3118 2241 initu
3152 2188 3326 2258 loqui-

1757 2289 1845 2333 tur
1880 2298 1893 2334 :
1945 2280 2010 2331 Ἡ
2044 2277 2100 2331 δὲ
2128 2279 2281 2348 ὀχεία
2309 2278 2518 2347 γίνεται
2552 2277 2667 2348 μετ’
2708 2277 3032 2349 Ἀρκτοῦρον
3067 2280 3196 2350 περὶ
3238 2276 3330 2330 τὸν

1756 2369 2141 2442 Βοηδρομιῶνα
2185 2370 2280 2423 καὶ
2330 2369 2828 2442 Μαιμακτηριῶνα.
2872 2368 2976 2436 Qui
3015 2371 3166 2424 locus
3194 2369 3327 2426 Sca-

1759 2462 1925 2532 ligero
1942 2461 2214 2516 silentium
2247 2460 2461 2525 indicit,
2489 2470 2540 2515 et
2570 2460 2728 2516 Gazae
2774 2462 3079 2530 opinionem
3112 2463 3326 2518 astruit.

1757 2551 1876 2607 Duo
1914 2551 2061 2606 enim
2105 2567 2168 2605 ex
2216 2551 2282 2606 iis
2309 2552 2492 2606 verbis
2532 2560 2676 2607 recte
2713 2552 2986 2606 concludit
3019 2570 3033 2606 :
3071 2553 3328 2620 alterum,

1755 2641 2243 2698 Maemacterionem
2290 2642 2455 2712 paulo
2500 2651 2623 2711 post
2677 2642 2892 2697 Arcturi
2946 2650 3124 2696 ortum
3190 2642 3331 2697 iuci‘

1756 2748 1883 2804 pere
1911 2752 1926 2789 :
1953 2733 2163 2803 alioqui
2195 2731 2397 2787 frustra
2425 2731 2918 2787 Maemacterionem
2948 2732 3329 2787 Boedromioni

1758 2822 2068 2893 subiiceret.
2103 2824 2368 2878 Arcturus
2393 2831 2573 2878 autem
2603 2824 2748 2879 circa
2798 2824 3113 2878 autumnale
3154 2824 3330 2893 aequi-

1757 2917 1998 2972 noctium
2043 2916 2256 2983 oritur;
2307 2931 2429 2970 nam
2468 2915 2877 2986 Theophrastus
2925 2915 3191 2987 κερωνίαν
3231 2917 3330 2972 flo-

1759 3021 1882 3061 rere
1909 3006 2039 3061 dicit
2081 3006 2210 3077 περὶ
2251 3005 2577 3078 Ἀρκτοῦρον
2625 3024 2686 3059 τε
2735 3009 2831 3060 καὶ
2867 3007 3181 3080 ἰσημερίανσ
3219 3007 3329 3063 Ga-

1757 3097 1915 3151 lenus
1963 3097 2225 3167 insuper:
2262 3098 2414 3151 Ἔστι
2450 3097 2572 3168 μὲν,
2610 3098 2820 3168 inquit,
2862 3099 3192 3168 ὡραιότατον
3229 3100 3329 3169 τῆς

1758 3188 1955 3260 ὲλᾶτης
1984 3189 2044 3242 τὸ
2078 3189 2299 3261 σπέρμα
2338 3190 2466 3261 περὶ
2504 3189 2600 3260 τὴν
2645 3189 2894 3261 ἐπιτολὴν
2937 3191 3029 3244 τοῦ
3069 3191 3330 3262 ’Δρκτού-

1763 3296 1884 3350 ρου·
1935 3279 1992 3344 ὃς
2039 3297 2123 3342 τις
2163 3281 2354 3349 καιρὸς
2409 3282 2468 3333 ἐν
2519 3281 2704 3352 Ῥώμῃ
2770 3282 2798 3333 ὁ
2844 3280 3175 3352 καλούμενος
3231 3282 3331 3352 μὲν

1758 3369 2130 3441 Σεπτέμϐριὸς
2179 3372 2316 3423 ἐστι.
2375 3369 2558 3437 Quare
2606 3373 2879 3426 modicum
2936 3389 2965 3426 a
3023 3371 3329 3441 Septembri

1758 3462 1961 3516 distare
1990 3460 2478 3516 Mtemacterionem
2511 3478 2734 3518 necesse
2757 3471 2860 3518 est.
2889 3463 3152 3528 Alterum,
3181 3462 3328 3532 quod

1759 3550 1901 3606 Gaza
1937 3551 2178 3620 colligit,
2229 3559 2354 3606 est:
2400 3551 2886 3607 Maemacterionem
2947 3552 3327 3607 Boedromioni

1757 3643 2076 3711 proximum.
2095 3657 2250 3708 esse;
2281 3657 2408 3696 nam
2442 3644 2656 3712 quoties
2701 3643 2840 3700 duos
2878 3659 3095 3700 menses
3133 3644 3208 3698 ita
3239 3658 3329 3698 co-

1759 3734 1937 3803 pulat,
1972 3742 2031 3787 ut
2072 3733 2276 3803 aliquid
2322 3735 2623 3804 praesertim
2667 3735 2812 3790 circa
2859 3745 3073 3803 tempus
3119 3744 3326 3790 certum

1759 3825 2005 3881 accidere
2036 3826 2142 3886 illis
2173 3827 2454 3882 mensibus
2484 3828 2650 3892 dicat,
2698 3828 2990 3882 continuos
3017 3843 3137 3882 esse
3171 3843 3319 3882 men-

1759 3931 1847 3972 ses
1877 3918 2132 3972 ostendit.
2166 3918 2242 3972 Ita
2281 3933 2405 3972 cum
2446 3919 2511 3972 de
2541 3918 2714 3973 bobus
2749 3919 2859 3988 agit
2893 3937 2905 3972 :
2937 3918 3195 3988 ἄρχονται
3229 3918 3328 3988 τῆς

1756 4008 1938 4077 ὀχείας
1975 4009 2030 4061 αἱ
2065 4007 2191 4077 βοῦς
2218 4008 2347 4079 περὶ
2378 4009 2468 4062 τὸν
2493 4007 2851 4080 Θαργηλιῶνα
2880 4008 3024 4078 μῆνα
3050 4009 3142 4061 καὶ
3163 4009 3327 4078 Σκιρ-

1762 4096 2088 4169 ροφοριῶνα.
2142 4097 2312 4152 Multo
2365 4099 2560 4169 magis,
2591 4112 2740 4151 ‘cum
2800 4109 3057 4167 praeterea
3123 4108 3326 4152 certum

1758 4198 1967 4257 tempus
1995 4198 2047 4242 et
2071 4189 2342 4242 cardinem
2377 4189 2655 4258 adiungit,
2710 4198 2767 4242 ut
2815 4190 2942 4260 περὶ
2992 4189 3227 4259 τροπάς,
3273 4199 3330 4244 et

1759 4278 1888 4350 περὶ
1942 4278 2034 4332 τὸν
2097 4279 2441 4352 Ἀρκτοῦρον.
2495 4278 2633 4333 Tum
2691 4280 2836 4334 enim
2909 4284 3196 4352 προσεχεῖς
3248 4281 3324 4335 illi

68 4373 335 4428 monium
373 4368 634 4438 excipias,
667 4367 817 4421 irrita
858 4373 987 4420 sunt
1029 4374 1081 4418 et
1109 4362 1314 4417 inania.
1351 4359 1444 4416 Sic
1471 4370 1653 4416 autem

1763 4385 1978 4426 menses
2022 4371 2252 4427 habendi
2304 4382 2452 4428 sunt.
2509 4371 2774 4426 Prmterea
2825 4371 2918 4426 lib.
2967 4388 3061 4438 vr,
3104 4387 3222 4441 cap.
3263 4371 3330 4424 l2

66 4463 446 4520 ratiocinatur
496 4476 509 4510 :
570 4456 942 4530 Pyanepsion,
1003 4467 1062 4510 ut
1119 4463 1312 4510 auctor
1366 4461 1450 4509 est
1510 4451 1652 4506 Plut.

69 4553 264 4607 Tract.
299 4550 364 4604 de
394 4547 560 4615 Iside,
592 4547 844 4618 congruit
871 4545 1063 4616 Athyr,
1098 4545 1204 4600 hoc
1230 4552 1312 4600 est
1337 4541 1654 4598 Novembri.

67 4645 357 4699 Posideon
390 4648 570 4697 autem
598 4650 681 4696 est
727 4638 1040 4706 Januarius,
1077 4647 1134 4693 ut
1176 4636 1320 4691 Plut.
1357 4636 1412 4689 in
1449 4635 1657 4690 Cwsare

66 4737 316 4802 scribit;
349 4750 472 4790 cum
502 4747 714 4803 semper
744 4741 870 4802 post
899 4731 1153 4786 brumam
1183 4727 1429 4797 incipiat.
1481 4728 1660 4796 Atque

65 4829 221 4884 idem
257 4827 409 4880 Plut.-
440 4821 496 4876 in
527 4825 757 4878 Demost.
787 4829 898 4876 tres
927 4821 1072 4878 istos
1105 4835 1326 4875 menses
1353 4817 1656 4883 continuat,

67 4915 570 4989 Metagitnionem,
639 4911 1130 4976 Boedromionem',
1197 4907 1655 4980 Pyanepsionem.

64 5011 213 5065 Cum
261 5007 434 5077 igitur
467 5014 520 5060 et
568 5002 907 5076 Pyanepsion
944 5001 1015 5056 sit
1049 4999 1373 5064 November,
1420 5009 1474 5055 et
1503 4997 1662 5052 Posi-

65 5104 217 5157 deon
268 5097 606 5160 Ianuarius,
636 5095 818 5150 nullus
851 5094 992 5150 alius
1037 5093 1324 5148 Decembri
1360 5105 1659 5162 congruere

68 5200 262 5261 potest
311 5198 504 5258 praeter
551 5186 1057 5242 Maernacterionem.
1107 5185 1189 5240 Ad
1231 5184 1345 5239 lucc
1393 5182 1661 5237 Diodorus

62 5284 166 5338 lib.
202 5297 276 5337 ιιι
336 5279 617 5334 continuat
644 5279 744 5333 hos
767 5277 904 5333 duos
929 5291 1145 5332 menses
1169 5274 1658 5331 Maemacterionem

63 5381 122 5426 et
151 5368 551 5425 Posideonem.

139 5462 261 5519 Sed
313 5461 583 5532 eiusmodi
612 5471 695 5517 est
727 5460 871 5516 ratio
914 5458 1115 5531 Sealig.
1146 5469 1202 5515 ut
1229 5459 1294 5515 ad
1326 5469 1660 5516 contrariam

62 5556 241 5611 Gazae
295 5555 624 5610 sententiam
673 5552 1078 5624 approbandam
1138 5553 1314 5622 aptior
1362 5551 1661 5622 excogitari

62 5643 226 5701 nulla
268 5644 467 5716 possit.
495 5645 630 5700 Nam
661 5645 707 5701 si
736 5643 1079 5717 Pyanepsion
1102 5642 1395 5699 Novembri
1425 5638 1662 5717 respon-

1761 4462 1950 4517 scribit
1988 4462 2130 4517 idem
2186 4463 2507 4518 Aristoteles
2542 4462 2899 4538 imbecilliora
2943 4478 3173 4534 quaeque
3216 4472 3327 4518 tam

1761 4551 1817 4605 in
1851 4553 2105 4622 piscium,
2137 4568 2301 4623 quam
2347 4553 2399 4607 in
2446 4554 2628 4607 avium
2677 4568 2874 4624 genere
2908 4563 3193 4625 appetente
3233 4553 3328 4607 fri-

1761 4657 1892 4714 gore
1930 4644 2078 4714 prius
2107 4643 2160 4698 in
2192 4645 2562 4700 commodiora
2594 4645 2711 4701 loca
2751 4645 3008 4716 migrare,
3043 4654 3104 4700 ut
3141 4657 3328 4702 cotur-

1762 4735 1912 4790 nices
1965 4743 2253 4803 antequam
2284 4749 2444 4805 grues
2475 4751 2487 4787 :
2521 4733 2592 4788 τὰ
2623 4735 2720 4806 μὲν
2744 4735 2852 4807 γὰρ
2887 4735 3210 4806 μεταϐάλλει
3235 4735 3328 4791 τοῦ

1762 4824 2202 4896 Βοηδρομιῶνος,
2247 4824 2315 4878 τὰ
2346 4825 2401 4878 δὲ
2432 4824 2527 4878 τοῦ
2559 4825 3072 4897 Μαιμακτηριῶνος.
3099 4826 3167 4880 At
3202 4843 3330 4881 vero

1763 4929 1923 4985 grues
1956 4931 2142 4970 mense
2177 4917 2427 4985 proximo
2471 4915 2540 4969 ah
2586 4930 2671 4980 eo,
2716 4930 2827 4983 quo
2855 4916 3162 4971 coturnices
3196 4930 3328 4969 avo-

1763 5005 1894 5071 lant,
1939 5007 2176 5075 migrare
2220 5006 2516 5061 cernimus.
2573 5005 2668 5060 Est
2721 5006 2885 5075 igitur
2929 5005 3326 5060 Maemacterion

1761 5093 2145 5150 Boedromioni
2178 5095 2478 5164 proximus.
2514 5093 2796 5150 Postremo
2837 5095 2978 5150 idem
3010 5094 3329 5150 Arismteles

1764 5186 1857 5241 lib.
1882 5202 1956 5251 Vi,
1991 5201 2108 5257 cap.
2143 5186 2425 5249 ll,scribit
2455 5187 2594 5241 inter
2614 5186 2866 5256 γαλεούς,
2902 5202 3042 5256 quos
3068 5187 3330 5242 mustelos

1763 5276 1908 5332 Gaza
1940 5286 2130 5344 vocat,
2165 5292 2290 5333 eum
2327 5278 2420 5348 qui
2471 5279 2730 5351 ἀστερίας
2779 5280 3013 5344 dicitur,
3063 5277 3328 5350 ἄρχεσθαι

1763 5370 2048 5442 ὀχεύεσθαι
2113 5371 2614 5443 Μαιμακτηριῶνος
2681 5371 2869 5444 μηνός.
2923 5369 3082 5437 Quod
3143 5370 3328 5424 statim

1764 5472 1889 5533 post
1922 5462 2308 5534 aequinoctium
2353 5463 2670 5533 contingere
2704 5462 3002 5532 piscatores
3034 5467 3325 5516 testantur.

1763 5554 1884 5609 Jam
1919 5555 2065 5625 quod
2098 5555 2164 5610 ad
2197 5553 2551 5610 Plutarchum
2577 5561 2806 5625 spectat,
2835 5554 2925 5625 qui
2953 5553 3076 5610 cum
3100 5551 3333 5607 Boedro-

1766 5647 1948 5703 mioue
1999 5644 2426 5717 Pyanepsionem
2492 5646 2814 5711 continuat,
2870 5653 3018 5700 errat
3088 5640 3332 5714 profecto
