3810 6216
447 234 557 292 935

1565 212 1907 274 APPENDIX
1943 200 2582 268 DISSERTATIONUM.

3636 189 3725 245 936

452 342 715 406 Scaliger.
734 336 1060 394 Plutarchus
1079 333 1222 391 enim
1241 332 1430 405 paucis
1446 334 1729 388 mensibus
1747 340 1870 401 post
1886 328 2029 383 redi-
2060 333 2104 389 Α
2136 338 2244 378 non
2277 323 2517 383 lunares,
2547 312 2641 369 scd
2677 306 3024 406 tricenarios,
3067 306 3151 406 vel
3188 313 3337 360 certe
3363 301 3654 406 Julianus.
3682 303 3728 357 Sa;

461 446 577 492 tum
624 434 678 488 in
730 431 964 503 patriam
1005 422 1204 483 vixisse
1234 427 1473 483 Demost.
1507 425 1737 506 scribit;
1769 438 1893 478 nam
1924 420 2034 475 Me-

455 525 756 597 tagitnione
798 535 985 576 mense
1037 519 1282 589 praelium
1313 518 1381 571 ad
1421 516 1731 571 Cranonem
1781 511 2031 582 conligit,

455 616 853 675 Boedromione
883 627 1012 667 vero
1038 610 1354 682 praesidium
1392 608 1445 661 in
1476 606 1523 660 Μ
1533 605 1812 660 unichiam
1854 603 2035 656 intro-

456 711 707 771 ductum,
757 704 1133 777 Pyanepsione
1180 703 1399 756 demum
1433 698 1570 753 obiit
1619 695 2033 751 Demosthenes.

458 800 577 855 Non
605 798 736 853 dicit
765 794 1011 865 sequenti
1042 801 1159 863 post
1185 788 1637 846 Boedromionem
1664 800 1852 841 mense
1886 799 2036 837 mor-

460 900 615 945 tuum
643 904 783 944 esse.
835 885 1019 940 Potuit
1068 885 1235 954 igitur
1292 882 1506 935 medius
1540 878 1873 934 intervenire
1909 874 2037 929 Ma:-

460 972 783 1037 macterion.
821 977 966 1032 Idem
994 984 1048 1030 et
1078 976 1145 1028 de
1192 972 1413 1027 Diodori
1459 972 1580 1026 loco
1608 968 1877 1040 judicium
1918 980 2040 1021 esse

460 1074 656 1136 debet,
709 1071 803 1141 qui
856 1071 930 1123 ita
985 1067 1216 1123 scribit:
1267 1064 1402 1117 Ἀπὸ
1451 1063 1618 1133 μηνὸς
1665 1062 1723 1114 ὂν
1786 1059 2041 1113 καλοῦσιν

476 1166 750 1237 Ἀθηναῖοι
792 1158 1274 1231 Μαιμακτηριῶνα
1305 1157 1415 1209 τῶν
1457 1154 1595 1208 ἑπτὰ
1628 1153 1737 1205 τῶν
1772 1152 1913 1205 κατὰ
1944 1150 2042 1221 τὴν

462 1260 663 1330 ἄρκτον
710 1255 960 1327 ἀστέρων
1007 1251 1198 1305 οὐδένα
1248 1250 1413 1317 φασὶν
1457 1246 1685 1317 ὁρᾶσθαι
1736 1245 1895 1315 μέχρι
1945 1244 2044 1312 τῆς

464 1345 693 1418 πρώτης
727 1343 995 1414 φυλακῆς,
1021 1340 1098 1411 τῷ
1123 1340 1178 1392 δὲ
1207 1336 1549 1393 Πωσειδεῶνι
1580 1336 1741 1407 μέχρι
1764 1332 2041 1403 δευτέρας.

464 1435 587 1491 Non
627 1436 771 1489 enim
801 1434 1063 1490 continuo
1100 1441 1224 1501 post
1263 1428 1755 1483 Mzemactcrionem
1789 1425 2047 1480 Posideo-

464 1543 589 1584 nem
636 1526 790 1596 sequi
832 1524 1106 1587 declarat,
1136 1536 1260 1576 cum
1293 1529 1346 1574 et
1378 1520 1540 1574 verba
1575 1518 1700 1584 ista,
1746 1516 1852 1571 ἀπὸ
1885 1516 2031 1569 Μαι-

469 1617 882 1691 μακτηριῶνος,
935 1616 1003 1669 de
1051 1629 1244 1670 mense
1273 1628 1379 1667 non
1416 1611 1669 1666 absoluto
1703 1608 1913 1678 possint
1953 1621 2044 1660 ac-

466 1710 573 1781 cipi
599 1749 615 1775 ,
671 1708 759 1763 cui
813 1708 883 1763 sit
914 1705 1200 1777 proximus
1234 1704 1373 1758 alter
1397 1743 1410 1768 ,
1446 1702 1553 1757 hoc
1595 1711 1680 1756 est
1718 1698 2043 1770 Pyanepsio.

467 1799 547 1855 Ita
570 1801 787 1856 demum
813 1814 900 1854 res
925 1811 990 1853 eo
1018 1795 1308 1866 redigitur,
1340 1804 1399 1848 ut
1431 1802 1626 1863 praeter
1653 1788 2049 1861 Ilarpocratio-

468 1907 596 1948 nem
646 1889 931 1947 sententia:
991 1903 1106 1945 suae
1166 1886 1433 1941 vindicem
1493 1885 1690 1939 habeat
1752 1881 2046 1937 neminem.

469 1980 682 2038 Scribit
744 1980 891 2035 enim
960 1978 1014 2034 in
1062 1978 1241 2033 lcxico
1273 1976 1761 2030 Maemacterionem
1805 1974 2051 2044 πέμπτον

470 2071 609 2129 εἶναι
656 2072 820 2144 μῆνα.
859 2069 965 2126 Sed
1002 2070 1087 2125 vel
1114 2070 1373 2139 τέταρτος
1422 2084 1522 2137 pro
1570 2066 1821 2137 πέμπτος
1854 2063 2051 2119 rescri-

472 2165 749 2232 bendum;
778 2162 862 2218 vel
893 2162 938 2217 si
969 2161 1103 2216 nihil
1154 2161 1244 2215 hic
1294 2175 1325 2213 a
1370 2159 1595 2214 librario
1623 2169 1906 2227 peccatum
1947 2165 2050 2221 est,

473 2272 583 2313 non
618 2255 846 2311 dubium
893 2261 979 2309 est
1009 2252 1144 2323 quin
1190 2252 1365 2322 pluris
1410 2250 1556 2320 apud
1604 2264 1708 2304 nos
1745 2247 2057 2303 Aristotelis

472 2356 530 2404 et
568 2345 886 2411 Plutarchi,
930 2360 1099 2416 quam
1144 2343 1489 2417 grammatici
1531 2341 1697 2397 unius
1756 2341 2057 2397 auctoritas

472 2454 598 2496 esse
622 2438 840 2494 debeat.

547 2529 810 2599 Sequitur
842 2526 1097 2583 immanis
1120 2524 1384 2596 Scaligeri
1412 2532 1622 2595 stupor,
1644 2523 1774 2579 dum
1800 2522 2061 2579 Posideo-

469 2637 599 2679 nem
644 2622 717 2676 ita
755 2635 880 2677 cutn
912 2618 1175 2674 Januario
1210 2626 1515 2688 comparat,
1556 2626 1616 2672 ut
1647 2626 1771 2687 post
1809 2616 2058 2690 brumam

476 2713 719 2783 incipiat,
736 2727 845 2782 quo
865 2710 999 2765 nihil
1018 2710 1231 2766 falsius.
1254 2709 1572 2765 Aristoteles
1596 2709 1692 2763 lib.
1714 2723 1765 2773 v,
1785 2724 1905 2777 cap.
1926 2710 1979 2773 9,
1998 2708 2065 2763 de

476 2797 804 2869 Thynnide:
839 2798 995 2850 Ἔστι
1041 2797 1097 2850 δὲ
1137 2799 1166 2851 ὁ
1210 2796 1308 2868 μὲν
1354 2797 1574 2869 πρῶτος
1614 2798 1774 2860 τόκος
1810 2798 1943 2867 περὶ
1973 2794 2065 2849 τὸν

476 2888 811 2943 Ποσειδεῶνα
827 2888 932 2959 πρὸ
950 2887 1186 2960 τροπῶν.
1208 2887 1615 2958 Theophrastus
1634 2888 1727 2942 lib.
1745 2903 1841 2953 vn,
1860 2903 1980 2957 cap.
2013 2888 2064 2952 I,

478 2979 545 3036 de
570 2980 785 3035 diverso
832 2979 1096 3034 sementis
1131 2988 1393 3048 tempore,
1434 2978 1748 3050 χειμερινοῦ
1784 2979 1890 3048 γὰρ
1923 2979 2066 3051 ἀρχὴ
2095 3007 2137 3065 C

482 3070 623 3140 μετὰ
671 3069 880 3139 τροπὰς
926 3067 1142 3140 θερινὰς
1192 3067 1287 3121 τοῦ
1332 3068 1819 3137 Μεταγειτνιῶνος·
1870 3067 1965 3122 τοῦ
2011 3069 2068 3123 δὲ

478 3159 731 3228 δευτέρου
772 3159 938 3221 πάλιν
974 3158 1113 3228 μετὰ
1147 3158 1301 3228 ἡλίου
1347 3158 1556 3231 τροπὰς
1609 3159 1931 3231 χειμερινὰς
1973 3159 2067 3214 τοῦ

481 3250 834 3321 Γαμηλιῶνος
871 3252 1058 3321 μηνός.
1099 3249 1291 3307 Incidit
1326 3252 1491 3324 igitur
1526 3252 1791 3309 Posideon
1816 3263 1940 3308 ante
1962 3254 2071 3310 sol-

482 3342 695 3396 stitium
732 3342 1046 3409 hibernum,
1099 3342 1379 3399 Gamelion
1422 3353 1550 3415 post
1581 3344 1896 3401 solstitium.
1941 3345 2070 3399 Plu-

483 3432 710 3488 tarchus
760 3443 940 3487 autem
994 3434 1047 3488 in
1095 3433 1217 3488 Vita
1263 3433 1495 3491 Cresam
1539 3435 1898 3493 Posideonem
1942 3452 2069 3491 cum

485 3523 705 3577 ineunte
729 3524 993 3579 duntaxat
1016 3523 1278 3580 Januario
1301 3525 1544 3581 confert:
1570 3526 1852 3597 Χειμῶνος
1875 3528 1932 3579 ὲν
1956 3544 2073 3597 τρο-

486 3618 613 3679 παῖς
642 3615 813 3680 ὄντος,
843 3617 1132 3688 ἱσταμένου
1174 3619 1499 3690 Ἰανουαρίου
1536 3618 1703 3690 μηνὸς
1737 3614 1912 3689 (οὗτος
1934 3618 1978 3671 δ’
2005 3619 2070 3672 ἂν

485 3705 571 3777 εἴη
623 3706 927 3761 Ποσειδεὼν
982 3708 1329 3779 Ἀθηναίοις).
1376 3708 1512 3763 Nam
1560 3710 1767 3764 lunaris
1803 3709 2071 3764 Posideon

488 3812 880 3868 nonnunquam
921 3796 1164 3853 Januarii
1208 3810 1417 3870 partem
1449 3800 1648 3855 aufert.
1684 3800 1829 3855 Idem
1860 3812 1915 3855 et
1943 3800 2072 3855 Sui-

489 3890 589 3945 das
615 3890 902 3960 perspicue
924 3891 1102 3958 docet,
1131 3892 1216 3947 his
1241 3892 1447 3948 verbis:
1470 3890 1776 3945 Ποσειδεὼν
1810 3893 1916 3964 μὴν
1943 3893 2072 3963 παρ’

458 4016 461 4017 ν
499 3984 804 4056 Ἀθηναίοις
834 3984 978 4039 οὕτω
1012 3985 1344 4057 καλούμενος
1372 3985 1725 4057 Δεκέμϐριος.
1763 3985 1917 4051 Quod
1945 4000 2074 4041 vero

488 4072 781 4145 Γαμηλιὼν
800 4075 1108 4145 proximum
1140 4090 1169 4128 a
1193 4075 1428 4130 solstitio
1453 4075 1634 4129 locum
1661 4075 1875 4141 habeat,
1898 4074 2076 4129 decla-

491 4174 576 4220 rat
601 4164 827 4220 Aristot.
865 4182 881 4219 ι
934 4164 1234 4227 Meteor.,c.
1259 4162 1323 4219 6:
1358 4166 1480 4218 Ἐπὶ
1499 4166 1557 4219 δὲ
1586 4167 1877 4236 Ἀρχοντος
1916 4165 2075 4237 Ἀθή-

488 4271 644 4330 νῃσιν
674 4255 942 4320 Εὐκλέους
962 4255 1057 4308 τοῦ
1084 4256 1338 4320 Μόλωνος
1371 4256 1589 4325 ἐγένετο
1624 4259 1871 4328 κομήτης
1897 4257 2072 4328 ἀστὴρ

2138 416 2381 476 lunares,
2419 418 2623 465 certam
2665 404 2868 459 nullam
2902 402 2955 455 in
2987 399 3204 454 Juliano
3244 406 3516 453 contextu
3556 397 3729 452 sedem

2138 505 2406 568 obtinent,
2432 502 2525 555 sed
2558 498 2701 551 u‘ltro
2730 495 2979 563 citroque
3008 499 3274 561 vagantur
3304 508 3316 542 :
3347 504 3476 557 quae
3504 488 3731 541 varietas

2137 596 2319 660 eﬂicit,
2359 603 2419 647 ut
2457 605 2565 645 non
2602 588 2790 643 iisdem
2827 583 3060 639 Julianis
3097 581 3383 636 mensibus
3433 596 3463 633 a
3506 578 3710 647 scripto

2140 687 2294 742 ribus
2321 684 2682 751 imputentur.
2709 673 3047 744 Epiphanius
3070 672 3154 725 hic
3176 671 3243 724 de
3273 667 3623 727 tricenariis.
3650 676 3735 718 aut

2140 778 2327 845 utique
2346 772 2600 826 Julianus
2622 767 2884 837 loquitur,
2913 767 2981 818 de
3008 778 3118 833 quo
3150 761 3309 830 pauiu
3335 768 3463 829 post
3496 772 3731 828 agemus.

2139 866 2318 937 Caput
2361 863 2514 927 anni,
2551 861 2597 916 si
2624 873 2753 914 vera
2787 864 2937 919 sunt,
2975 869 3095 924 quae
3129 869 3228 924 pro
3269 851 3435 906 Gaza:
3475 848 3735 903 sententia

2144 972 2310 1028 supra
2354 952 2746 1015 disseruimus,
2784 949 2853 1003 ab
2897 945 3115 1001 Octobri
3158 943 3381 998 Juliano
3417 941 3732 999 deducitur;

2144 1062 2269 1101 nam
2302 1042 2653 1114 Metagitnion
2685 1041 2741 1093 in
2766 1037 3127 1093 Novembrem
3156 1035 3433 1090 convenit.
3474 1032 3626 1103 Ergo
3646 1030 3736 1087 He-

2145 1137 2481 1193 catombazon
2512 1132 2800 1187 Octobrem
2848 1137 3099 1197 occupat,
3142 1142 3173 1181 a
3208 1141 3318 1196 quo
3359 1140 3560 1179 mense
3589 1122 3737 1193 Syro-

2146 1231 2555 1287 macedonicam
2599 1226 2880 1297 periodum
2917 1222 3131 1277 orditur
3169 1218 3441 1288 Scaliger.
3482 1214 3739 1269 Videntur

2147 1332 2271 1395 post
2313 1319 2801 1376 Constantinianas
2852 1312 3184 1368 indictiones
3229 1324 3436 1363 novum
3477 1307 3617 1361 illud
3655 1305 3739 1359 Ju-

2148 1414 2277 1469 liani
2311 1412 2438 1467 anni
2461 1408 2818 1481 primordium
2851 1404 3128 1467 statuisse,
3151 1409 3205 1455 et
3226 1398 3739 1454 Hecatombmonem

2149 1506 2203 1558 in
2231 1500 2686 1557 Maamacterionis
2718 1498 2898 1551 locum
2930 1494 3281 1563 subrogasse.
3314 1489 3593 1559 Alioquin
3622 1488 3741 1540 nihil

2150 1606 2233 1653 est
2266 1594 2491 1658 certius,
2530 1605 2694 1662 quam
2734 1584 3206 1642 Hecatombteonis
3243 1582 3378 1652 περὶ
3407 1581 3518 1643 τὰς
3548 1580 3741 1650 τροπὰς

2080 1668 2121 1722 Β
2151 1682 2377 1754 Θερινάς
2415 1679 2742 1735 collocatum
2778 1675 2967 1730 fuisse.
3002 1672 3237 1727 Lunaris
3270 1671 3421 1726 enim
3461 1670 3740 1723 Hecaton-

2151 1774 2359 1831 baaonis
2407 1772 2697 1826 neomenia
2760 1768 2862 1823 fuit
2908 1768 3021 1834 illa,
3073 1782 3195 1836 quae
3236 1765 3482 1820 solstitio
3536 1762 3739 1833 propior

2151 1876 2317 1931 esset,
2347 1875 2456 1919 tam
2487 1873 2631 1929 ante,
2662 1876 2826 1931 quam
2856 1869 2979 1929 post
3007 1850 3353 1913 solstitium:
3384 1856 3441 1909 id
3476 1855 3629 1923 quod
3658 1852 3739 1906 ad~

2153 1974 2347 2014 vcrsus
2382 1954 2779 2026 Scaligerianos
2813 1954 2920 2008 alio
2948 1952 3069 2007 loco
3099 1950 3444 2020 probabitur.
3477 1948 3553 2000 At
3584 1948 3638 2001 in
3661 1943 3743 2000 Ju-

2154 2053 2320 2112 liana.
2353 2050 2466 2105 sive
2495 2049 2599 2102 lixa
2634 2046 2923 2116 stabilique
2946 2045 3075 2098 anni
3109 2042 3287 2097 forma
3324 2039 3741 2094 Hecatombzou

2157 2142 2315 2196 haesit
2350 2142 2402 2195 in
2431 2137 2613 2202 Julio;
2659 2136 2853 2206 reliqui
2900 2142 3196 2203 sequentes
3239 2129 3501 2183 Juliauos
3544 2142 3745 2181 menses

2157 2231 2537 2287 obtinuerunt.
2584 2227 2911 2282 Plutarchus
2958 2240 3082 2278 cum
3118 2222 3431 2276 Atticorum
3485 2220 3743 2273 triensium

2159 2322 2825 2389 meminit,nonuunquam
2861 2317 2998 2372 ﬁxos
3028 2316 3153 2371 illos
3174 2330 3238 2368 ac
3267 2312 3532 2368 Julianus
3564 2312 3747 2365 intelli-

2161 2416 2256 2487 git.
2282 2413 2436 2481 Quod
2466 2420 2649 2467 autem
2677 2425 2866 2465 eorum
2894 2410 3089 2463 seriem
3112 2407 3484 2461 Athenienses
3509 2413 3743 2458 retexue

2163 2508 2292 2571 rint,
2325 2512 2379 2559 et
2415 2502 2727 2559 Hecatomb.
2776 2501 3009 2555 statione
3052 2498 3417 2561 dimoverint,
3456 2496 3609 2549 haud
3644 2496 3747 2549 scis

2163 2613 2233 2652 an
2277 2612 2344 2652 ex
2386 2596 2495 2650 alio
2526 2594 2816 2663 scriptore,
2861 2606 3025 2663 quam
3058 2605 3128 2645 ex
3168 2590 3274 2644 hoc
3303 2587 3603 2659 Epiphanii
3639 2587 3748 2641 loco

2165 2698 2415 2746 constare
2444 2687 2637 2758 possit.

2235 2781 2357 2837 Col.
2385 2780 2490 2837 952
2523 2778 2586 2835 C.
2619 2776 2737 2847 Πρὸ
2768 2777 2838 2841 ἐξ
2858 2774 3051 2829 Εἱδῶν
3071 2772 3435 2841 Νοεμόρίων.
3456 2769 3745 2825 Neomenia

2137 2873 2583 2947 'AthyrActi'aci,
2616 2871 2700 2926 vel
2725 2868 3077 2924 Diocletianei
3097 2865 3351 2921 convenit
3388 2880 3419 2916 v
3454 2862 3577 2916 Kal.
3598 2864 3747 2925 Non,

2171 2968 2273 3022 hoc
2287 2964 2365 3021 est
2384 2963 2576 3019 Octob.
2596 2977 2786 3016 xxvm.
2807 2959 2946 3030 Ergo
2962 2956 3319 3013 duodecimus
3332 2951 3751 3025 Ather‘iovem

2171 3060 2285 3116 bris
2306 3067 2521 3123 octavo,
2555 3054 2671 3111 sive
2694 3070 2747 3109 vi
2778 3051 2854 3108 Id.
2890 3048 3206 3120 Nov.,quod
3224 3057 3280 3103 et
3318 3062 3478 3103 num.
3506 3045 3578 3099 16
3598 3063 3749 3116 supra

2170 3152 2405 3214 dixerat,
2450 3164 2519 3202 ιι
2545 3146 2634 3202 die
2662 3154 2789 3201 ante
2830 3142 3223 3214 Epiphaniam;
3258 3154 3553 3209 perperam
3584 3139 3747 3208 itaque

2170 3250 2378 3313 postea,
2413 3256 2471 3294 ιι.
2497 3239 2589 3306 28,
2617 3238 2723 3310 πρὸ
2750 3235 2896 3291 ὀκτὼ
2922 3233 3092 3289 Εἰδῶν
3124 3231 3457 3302 Νοεμὸρξων
3477 3247 3511 3285 a
3542 3231 3749 3286 librari-3

2171 3333 2455 3401 scriptum.

2244 3423 2378 3478 Ibid.
2398 3421 2561 3478 Κατὰ
2578 3421 3000 3491 Σαλαμινίους.
3016 3417 3318 3473 Neomenia
3341 3417 3555 3474 Cboiac
3584 3418 3751 3472 incidit

2174 3531 2232 3569 ιιι
2255 3513 2481 3571 Novem.
2498 3530 2657 3584 quem
2678 3527 2921 3568 mensem
2941 3512 3155 3567 tertium
3179 3511 3419 3583 appellat
3445 3528 3459 3563 :
3489 3510 3608 3564 sive
3625 3510 3747 3577 quod

2172 3606 2357 3677 plures
2385 3605 2630 3677 ejusdem
2658 3604 2899 3659 nominis
2924 3613 3128 3668 essent,
3156 3613 3215 3658 ut
3248 3601 3396 3672 apud
3431 3602 3745 3657 recentiores

2174 3697 2383 3753 Arabes
2409 3697 2518 3752 duo
2542 3694 2719 3751 Rabiu
2745 3706 2896 3759 sunt,
2926 3696 3259 3767 totidemque
3295 3696 3629 3761 Giumediu;
3652 3696 3749 3749 sire

2174 3788 2318 3858 quod
2359 3787 2551 3842 ordine
2592 3788 2788 3842 tertius
2825 3796 2986 3841 esset.
3034 3784 3187 3841 Unde
3230 3797 3285 3840 et
3313 3787 3549 3856 quintus
3591 3786 3642 3837 in
3672 3781 3747 3836 Ja-

2175 3880 2430 3936 nuarium
2461 3879 2713 3937 incurrit.
2752 3897 2782 3935 a
2848 3895 2907 3933 ιιι
2941 3877 3077 3933 Nov.
3107 3880 3175 3933 ad
3203 3876 3324 3932 Kal.
3356 3876 3744 3946 Jan.,compre-

2178 3971 2362 4028 hensis
2396 3969 2515 4024 Kal.
2547 3970 2705 4040 ipsis,
2742 3969 2857 4024 dies
2904 3978 3033 4023 sunt
3081 3969 3243 4024 solidi
3281 3984 3375 4032 ιχ,
3414 3971 3510 4039 qui
3554 3984 3745 4023 menses

2175 4061 2315 4117 duos
2346 4063 2669 4117 tricenarios
2708 4061 2966 4116 elIiciunt.
2999 4059 3135 4115 Nam
3166 4078 3203 4115 ιι
3235 4061 3484 4116 Januarii

2176 4153 2382 4209 mensis
2440 4154 2582 4208 iniit.
2638 4153 2900 4209 Videntur
2956 4153 3240 4209 Salaminii
3297 4154 3646 4223 aequabilem,
3704 4167 3747 4205 tl

2176 4245 2551 4317 [Egyptiacam
2582 4245 2854 4300 mensium
2875 4245 3287 4315 dispositionem
3322 4242 3611 4298 ascivisse.

490 4348 628 4418 πρὸς
659 4349 880 4420 ἄρκτον,
919 4348 1087 4420 μηνὸς
1123 4348 1474 4420 Γαμηλιῶνος
1518 4349 1650 4420 περὶ
1678 4348 1887 4419 τροπὰς
1921 4348 2053 4401 ὄντος

2246 4336 2380 4392 Ibid.
2411 4337 2573 4393 Κατὰ
2603 4338 2894 4406 Παφίους.
2929 4336 3229 4407 Apogonici
3271 4338 3566 4389 neomenia
3601 4334 3745 4402 erepit

490 4438 585 4493 τοῦ
609 4437 762 4510 ἡλίου
789 4438 1127 4509 χειμερινάς.
1181 4438 1308 4503 Haec
1357 4439 1513 4494 nobis
1561 4438 1725 4510 paulo
1762 4436 2074 4492 accuratius

493 4530 918 4587 demonstranda
952 4530 1177 4594 fuerint,
1223 4530 1369 4601 quod
1413 4540 1468 4586 et
1496 4529 1785 4601 Epiphanii
1806 4529 1971 4595 ,Iocus
2000 4530 2073 4583 ita

494 4627 814 4696 postularet.
844 4634 898 4679 et
920 4625 1065 4695 quod
1099 4624 1318 4695 indigne
1347 4623 1544 4679 ferrem
1575 4625 1817 4679 eruditos
1838 4622 2074 4678 nonnul-

496 4716 625 4769 losa
650 4714 926 4785 Scaligero
958 4715 1009 4767 in
1045 4715 1295 4768 eumdem
1320 4730 1560 4770 errorem
1589 4714 1858 4770 inductos.
1888 4712 1932 4766 E
1954 4714 2076 4782 qui-

497 4807 599 4863 bus
632 4821 776 4862 unus
803 4806 1019 4873 asserit,
1070 4804 1321 4874 imperite
1368 4818 1558 4859 omnes
1600 4813 1724 4859 ante
1768 4805 1918 4858 illum
1946 4803 2075 4860 Maa-

496 4896 883 4953 macterionem
914 4902 1170 4966 quartum
1197 4910 1439 4951 mensem
1465 4910 1802 4951 numerasse.
1824 4896 1928 4963 Qui
1954 4896 2076 4965 qui-

494 4989 616 5045 dem
648 4997 726 5043 tot
759 4988 1044 5043 convictus
1078 4986 1383 5043 rationibus
1431 4987 1590 5043 cedat
1630 5003 1853 5044 necesse
1890 4998 1994 5055 est,
2022 4997 2076 5045 et

494 5083 640 5150 quod
683 5094 714 5133 a
759 5076 1036 5149 Scaligero
1072 5076 1358 5145 didicerat,
1398 5078 1616 5134 tandem
1653 5080 1947 5150 aliquando
1975 5080 2075 5135 de-

495 5171 688 5227 discat.
710 5170 918 5226 Ctetera
938 5187 1058 5240 quae
1088 5172 1157 5226 ad
1185 5170 1492 5225 Atticorum
1524 5170 1796 5227 mensium
1826 5170 2076 5242 disputa-

498 5263 700 5318 tionem
742 5272 797 5317 et
837 5262 1030 5328 multa,
1067 5270 1122 5316 et
1161 5262 1437 5332 exquisita
1478 5262 1583 5317 dici
1627 5272 1871 5333 possent,
1913 5276 2074 5317 suum

495 5355 676 5411 locum
710 5355 983 5409 habebunt
1011 5355 1065 5409 in
1089 5369 1155 5409 eo
1184 5370 1368 5425 opere,
1399 5370 1509 5426 quo
1543 5366 1846 5425 temporum
1877 5355 2077 5410 doctri-

498 5461 623 5501 nam
638 5464 667 5501 a
683 5446 941 5518 Scaligeri
955 5446 1204 5511 somniis,
1222 5448 1329 5503 Deo
1345 5448 1638 5518 aspirante,
1655 5448 2073 5504 vindicabimus.

570 5536 705 5592 Illud
735 5555 901 5593 unum
928 5540 1184 5594 lectorem
1212 5554 1434 5596 necesse
1486 5550 1571 5597 est
1606 5541 1913 5604 admoneri,
1954 5555 2076 5596 eos-

501 5626 623 5683 dem
666 5628 787 5685 illos
829 5628 1038 5684 Atticos
1081 5644 1298 5685 menses
1336 5631 1468 5688 alias
1509 5633 1728 5688 lunares
1762 5647 1905 5701 esse,
1938 5631 2076 5688 alias

2181 4426 2372 4483 Octob.
2413 4443 2557 4480 xxrv.
2601 4426 2758 4482 Julus
2790 4426 2909 4480 iniit
2934 4426 3060 4481 Dec.
3102 4442 3247 4480 ntv.
3282 4426 3330 4479 A
3361 4426 3454 4480 die
3488 4441 3617 4479 xxrv
3645 4428 3740 4477 Οιί.

2181 4520 2246 4575 ad
2272 4536 2403 4574 nm
2439 4518 2568 4574 Dec.
2596 4520 2714 4573 dies
2742 4529 2871 4574 sunt
2891 4519 3117 4587 Lx1,qui
3147 4525 3277 4573 sunt
3298 4518 3411 4571 duo
3430 4516 3743 4587 Paphiorum

2181 4625 2420 4667 menses.
2439 4607 2621 4676 Quare
2650 4609 2996 4680 Apogonicus
3021 4607 3353 4679 Paphiorum
3389 4608 3500 4663 fuit
3521 4606 3739 4664 Novem-

2180 4704 2311 4769 ber;
2351 4700 2529 4767 Julus,
2561 4700 2876 4756 December.

2251 4795 2385 4849 Ibid.
2441 4790 2601 4848 Κατὰ
2652 4793 2921 4860 Ἄραϐας.
2977 4789 3270 4846 Neomenia
3325 4789 3739 4859 Angalthabaitb

2182 4885 2430 4943 Octobris
2452 4902 2586 4940 xvm
2608 4886 2905 4954 competit:
2936 4900 2965 4938 a
2989 4898 3100 4953 quo
3130 4882 3219 4937 die
3251 4882 3320 4936 ad
3352 4898 3445 4936 xv:
3479 4881 3607 4935 Dec.
3634 4882 3734 4935 dies

2182 4988 2310 5034 sunt
2338 4994 2427 5042 ut,
2473 4978 2589 5033 sive
2627 4978 2736 5032 duo
2779 4992 2993 5032 menses
3040 4974 3391 5045 Egyptiaci:
3437 4975 3636 5045 quibus
3673 4989 3740 5025 es:

2182 5080 2309 5126 sunt
2330 5070 2536 5126 Arabes
2566 5070 2669 5125 illis
2694 5069 3050 5138 temporibus.
3092 5065 3228 5120 Nam
3264 5065 3564 5123 Neomenia
3594 5066 3741 5119 Alcon

2181 5163 2345 5234 paulo
2383 5172 2508 5218 ante
2535 5162 2699 5231 cuspit
2723 5159 3037 5217 Decembris
3066 5173 3199 5213 xvu.

2251 5254 2387 5311 Ibid.
2438 5256 2603 5310 Κατὰ
2625 5253 2975 5319 Μακεδόνας
3014 5252 3393 5308 Ἀπελλαίου.
3430 5250 3737 5306 Macedonici

2183 5348 2553 5414 mensis,cum
2594 5348 2662 5402 de
2687 5356 2929 5416 tempore
2953 5344 3163 5401 Natalis
3200 5353 3405 5415 ageret,
3430 5344 3736 5398 mentionem

2182 5440 2389 5496 omisit.
2406 5440 2670 5497 Convenit
2686 5454 2849 5511 porro
2860 5439 3075 5510 Apellaci
3093 5437 3387 5493 Neomenia
3402 5454 3526 5492 cum
3543 5434 3739 5505 Paphio-

2183 5551 2305 5590 rum
2336 5535 2671 5606 Apogonico.
2702 5532 2839 5590 Nam
2880 5542 3112 5604 utraque
3153 5532 3279 5586 iniit
3319 5531 3569 5585 Octobris
3607 5539 3731 5580 ων.

2185 5628 2290 5685 Sed
2320 5640 2512 5685 neutra
2558 5628 2767 5687 lunaris
2801 5628 3029 5685 exstitit.
3062 5626 3221 5694 Apud
3260 5626 3454 5680 medice
3479 5617 3729 5680 vetustati:
