3854 6310
111 271 231 329 937

1300 279 1387 335 DE
1425 280 1611 336 ANNO
1642 279 1899 336 NATALI
1933 280 2229 340 CHRISTI.

3273 291 3377 351 9'5!

117 393 448 464 scriptores,
466 393 767 464 pmsertim
798 393 1161 459 Christianos,
1188 411 1576 468 nonnunquam
1599 395 1706 450 Ma-

1819 399 2122 455 tutumnale
2151 399 2293 456 κατὰ
2319 399 2415 472 τὴν
2433 400 2608 472 ἀρχὴν
2627 399 2722 455 τοῦ
2749 401 2874 454 Δίου
2903 399 3073 474 μηνός
3100 403 3214 458 fieri
3239 408 3376 461 scri-

117 481 378 535 cedonici
401 496 616 537 menses
630 497 754 537 cum
781 481 1310 552 Syromacedonicis,
1334 501 1471 555 quos
1491 496 1544 542 et
1564 486 1714 542 Grae-

116 588 322 627 corum
351 577 572 629 menses
601 573 894 644 appellant,
929 575 1188 630 confundi
1217 577 1432 642 videas;
1465 587 1525 632 ut
1554 578 1606 632 in
1629 577 1712 632 in-
1748 623 1750 626 μ

119 664 269 734 signi
302 665 402 719 illo
432 666 670 720 Anatolii
715 667 856 733 loco,
902 683 1063 737 quem
1097 668 1151 722 in
1187 669 1433 740 sequenti
1470 669 1710 724 Diatriba

118 755 561 819 declarabimus.
602 757 738 812 alias
772 774 902 814 vero
931 760 1184 826 discerni,
1215 772 1272 816 ut
1308 763 1409 816 hoc
1437 763 1557 817 loco
1587 762 1714 818 fecit

121 847 492 916 Epiphanius.
530 850 595 903 Et
618 858 768 903 certe
798 847 1414 920 Syromaccdonicorum
1439 853 1708 908 mensium

117 942 266 995 alius
309 941 364 994 in
398 955 544 994 anno
580 939 798 996 Jnliano
832 942 991 1003 situs,
1037 959 1200 1013 quam
1241 943 1710 1002 Macedonicorum

119 1030 248 1093 fuit,
292 1047 402 1085 non
437 1031 602 1084 modo
632 1041 897 1090 veterum.
921 1050 1056 1101 quos
1084 1035 1299 1090 lunares
1330 1035 1499 1091 fuisse
1527 1037 1711 1107 suspi-

118 1136 341 1186 camur,
373 1123 468 1176 sed
509 1125 670 1176 etiam
716 1125 1076 1179 recentiorum
1123 1142 1187 1181 ac
1226 1127 1479 1182 fixorum.
1508 1129 1585 1184 Ac
1616 1147 1712 1199 po-

119 1213 426 1265 steriorum
469 1214 711 1281 quidem,
750 1215 854 1268 hoc
897 1224 980 1269 est
1024 1215 1516 1276 Macedonicorum.
1567 1221 1710 1289 apud

118 1303 387 1370 antiquos
412 1304 582 1356 series
603 1305 834 1357 obscura
867 1315 951 1358 est
994 1321 1058 1359 ac
1099 1306 1354 1371 dillicilis,
1387 1310 1530 1377 quod
1555 1309 1624 1364 de
1647 1325 1708 1364 ea

119 1393 278 1445 varie
311 1393 758 1459 pra'stautissimi'
787 1395 1080 1464 scriptores
1111 1396 1455 1450 existimasse
1522 1399 1708 1452 viden-

118 1493 232 1536 tur.
266 1483 376 1537 Sed
412 1485 614 1538 omissa
649 1486 810 1539 modo
832 1486 1154 1555 quaestione,
1177 1488 1259 1540 vel
1283 1488 1335 1541 in
1359 1489 1505 1542 aliud
1531 1490 1711 1558 potius

117 1576 320 1638 dilata,
366 1585 582 1644 tempus
625 1579 707 1631 sic
747 1578 972 1632 omnino
1000 1586 1205 1643 statuo,
1229 1581 1524 1649 principem
1559 1597 1712 1637 men-

119 1668 269 1721 sium
305 1667 485 1721 Loum
529 1669 824 1737 exstitisse,
863 1671 958 1740 qui
993 1669 1432 1727 Hecatombaeoni
1483 1689 1712 1742 respon—

1810 489 1964 559 psit:
2001 489 2220 546 ineunte
2257 505 2387 545 vero
2429 489 2651 554 Peritio,
2703 490 2997 546 solstitium
3054 492 3380 563 hibernum;

1809 579 2192 649 aequinoctium
2225 594 2475 643 vernum,
2524 581 2850 647 Artemisio;
2903 582 3148 637 aestivum
3201 584 3384 640 solsti—

1809 669 1969 737 tium,
1994 669 2128 725 Loo.
2160 669 2315 737 Quod
2348 669 2434 724 vel
2473 669 2541 724 de
2571 668 2827 738 Julianis,
2861 686 2926 727 ac
2951 671 3072 727 lixis
3101 674 3383 728 mensibus

1809 761 1981 831 accipi
2014 770 2210 830 potest,
2255 761 2338 818 vel
2363 762 2430 817 de
2462 761 2773 829 lunaribus,
2815 776 2882 816 eo
2919 763 3166 819 videlicet
3191 780 3380 828 sensu,

1810 861 1868 908 ut
1898 853 2000 908 sub
2037 861 2275 924 quatuor
2303 853 2426 908 illos
2462 853 2590 908 anui
2613 854 2863 909 cardines
2892 855 3111 910 totidem
3137 858 3211 911 illi
3237 873 3386 913 men-

1808 958 1896 998 ses
1943 945 2148 998 ineant.
2189 943 2354 998 Favet
2403 945 2531 1000 huic
2574 945 2902 1014 conjecturae
2939 943 3248 1014 Joseplius,
3287 949 3380 1020 qui

1809 1049 2050 1104 persaepe
2081 1033 2413 1090 Xanthicum
2446 1034 2612 1091 Nisan
2639 1050 2760 1090 esse
2786 1036 2934 1098 dicit,
2959 1046 3017 1091 ut
3049 1036 3198 1108 Orig.
3223 1039 3317 1094 lib.
3344 1057 3383 1101 ι,

1809 1141 1929 1192 cap.
1954 1127 2006 1192 5,
2042 1135 2095 1180 et
2124 1127 2214 1180 lib.
2245 1142 2326 1190 ιιι,
2358 1141 2477 1198 cap.
2503 1127 2536 1182 9
2560 1137 2613 1182 et
2641 1126 2728 1182 t0.
2762 1126 2926 1185 Libro
2957 1145 3085 1185 vero
3115 1145 3229 1195 vut,
3249 1147 3299 1186 c.
3326 1132 3381 1196 2,

1811 1215 1915 1285 ljar
1966 1232 2089 1271 cum
2139 1217 2432 1272 Artemisio
2477 1219 2784 1286 componit;
2831 1219 2970 1274 libro
3015 1237 3132 1288 vnt,
3177 1238 3296 1292 cap.
3327 1225 3384 1288 5,

1811 1307 2283 1378 llyperberetaeum
2316 1324 2437 1363 cum
2461 1307 2602 1364 Tisri
2625 1327 2639 1375 ;
2667 1309 2822 1363 Dium
2850 1327 2973 1364 cum
2992 1310 3384 1368 Marchesuvau

1813 1401 1906 1454 lib.
1935 1416 1971 1465 ι,
2001 1415 2120 1469 cap.
2143 1401 2208 1464 5;
2236 1401 2480 1456 Chasseu
2517 1415 2641 1455 cum
2674 1401 2908 1470 Apellan
2933 1403 3028 1459 lib.
3061 1420 3158 1470 xu,
3187 1420 3305 1473 cap.
3328 1404 3383 1459 7.

1810 1489 1961 1542 Adde
1996 1489 2063 1543 iis
2091 1493 2455 1544 astronomica
2490 1491 2734 1560 quaedam
2772 1494 3018 1563 exempla
3051 1495 3104 1548 in
3128 1495 3389 1549 Chaldai-

1811 1594 1871 1634 ca
1901 1579 2124 1649 periodo
2148 1580 2289 1649 apud
2321 1579 2692 1636 Ptolemaeum.
2731 1581 2862 1647 Quze
2893 1584 3074 1638 omnia
3103 1585 3229 1639 alibi
3260 1585 3385 1640 dili-

1813 1673 2028 1742 gentius
2061 1671 2421 1742 explicantur.
2453 1671 2599 1727 Inter
2617 1672 3087 1729 Macedonicorum
3114 1679 3383 1732 mensium

118 1758 264 1811 derit
295 1776 309 1811 :
341 1760 489 1828 quod
531 1758 582 1812 in
630 1759 920 1814 Alexandri
958 1760 1076 1814 Vita
1107 1771 1338 1818 testatur
1365 1763 1706 1820 Plutanhus.
1742 1753 1784 1807 Β
1813 1778 1879 1819 ex
1913 1764 1980 1820 iis
2010 1764 2266 1819 omnibus
2292 1764 2426 1820 ordo
2453 1764 2556 1820 iste
2589 1765 3007 1821 constituendus
3037 1779 3138 1822 est.

118 1850 372 1906 Galenus
424 1868 643 1922 quoque
692 1853 746 1906 in
811 1854 904 1909 lib.
959 1871 974 1908 t
1025 1854 1266 1922 Epidem.
1320 1857 1706 1927 aequinoctium

267 2012 489 2067 Menses
515 2009 728 2068 Judaici
1043 2014 1256 2072 Menses
1283 2014 1618 2073 Macedonici

343 2179 388 2233 Ν
397 2182 513 2234 isan
1169 2181 1431 2247 Ξανθικός

349 2251 454 2323 l_jar
1167 2252 1509 2323 Ἀρτεμίσιος

343 2321 551 2374 Sinvan
1168 2321 1382 2386 Δάίσιος

343 2391 592 2446 Tbatnnz
1169 2394 1417 2461 Πάνεμος

343 2463 428 2532 ΑΙ)
1168 2462 1318 2532 Λῷος

343 2531 464 2602 Elui
1171 2531 1464 2602 Γορπιαῖος

343 2601 492 2674 Ϊίετὶ
1177 2601 1630 2674 Ὑπερϐερεταῖος

348 2672 744 2728 llarcltesu‘van
1167 2674 1288 2734 Δῖος

345 2745 364 2792 t
375 2745 590 2798 Iliasst'u
1183 2742 1493 2806 Ἀπελλαῖος

344 2811 591 2868 Thebeth
1169 2813 1462 2883 Αὑδηναῖος

347 2884 625 2938 Scltebath
1170 2883 1418 2952 Περίτιος

346 2955 493 3008 Adar
1171 2953 1407 3024 Δύστρος

1985 2013 2198 2071 Menses
2230 2015 2392 2072 Attici
2640 2014 2852 2088 Menses
2896 2016 3137 2083 Iuliani,
3186 2020 3388 2088 quibus

2669 2085 2782 2142 fere
2807 2089 2988 2143 caateri
3011 2085 3363 2159 respondent.

2029 2179 2431 2250 Ἐλαφηϐολιών
2769 2179 2777 2186 “
2854 2180 3081 2236 Martius

2015 2249 2334 2319 Μουνυχιὼν
2853 2253 2892 2304 Α
2903 2253 3056 2320 prilis

2015 2320 2338 2392 θαργηλιιῖω
2369 2389 2378 2392 _
2859 2321 3037 2392 Maius

2015 2389 2424 2460 Σκὶῥροφοριὼν
2852 2390 3051 2446 Junius

2027 2459 2436 2530 Ἐκὰτομόαιὼν
2851 2461 3033 2516 Julius

2014 2529 2415 2602 Margaret-rvtth
2853 2532 3130 2602 Augustus

2017 2599 2366 2670 Βοηδρομιὼν
2401 2669 2408 2671 _
2855 2599 3174 2671 September
3238 2615 3242 2620 ’

2016 2669 2452 2740 Μαιμακτηριῶν
2848 2669 3086 2740 October

2017 2741 2064 2792 Π
2071 2739 2338 2808 cavati/ubi)
2853 2739 3055 2794 Novem
3065 2745 3153 2796 her

2018 2809 2317 2862 Ποσειδεὼν
2854 2810 3152 2866 December

2017 2878 2306 2949 Γαμηλιών
2370 2948 2373 2949 ν
2850 2879 3146 2949 Januarins

2029 2948 2420 3021 ’Avesamptdw
2853 2948 3206 3006 Februarius.

122 3075 196 3129 At
230 3076 287 3128 in
317 3073 552 3144 epistola
602 3071 836 3144 Philippi
865 3072 1216 3130 Macedonum
1269 3073 1433 3146 regis,
1469 3088 1591 3144 quat
1629 3085 1712 3129 est
1739 3083 1781 3143 (ζ
1813 3071 2198 3128 adhibuerunt.
2218 3069 2331 3124 lmo
2359 3083 2488 3126 vero
2515 3068 2767 3146 idipsumg
2789 3069 2934 3138 apud
2972 3069 3094 3124 illos
3123 3070 3394 3140 antiquis-

124 3163 274 3231 apud
312 3161 592 3216 Demosth.
628 3162 766 3231 Περὶ
796 3161 1122 3232 στεφάνου,
1177 3163 1324 3220 Lous
1373 3179 1497 3219 cum
1535 3163 1716 3219 Attico

126 3257 428 3312 Boedrom.
484 3257 856 3324 componitur,
907 3265 968 3311 ut
1025 3256 1168 3312 alius
1199 3272 1298 3327 per
1330 3257 1422 3311 illa
1472 3265 1714 3327 tempora

126 3348 411 3403 mensium
441 3347 580 3417 apud
601 3347 927 3404 Macedonas
948 3356 1236 3404 contextus
1263 3347 1432 3404 fuisse
1446 3349 1711 3404 videatur.

129 3437 210 3493 De
231 3453 346 3508 quo
374 3437 532 3492 alias.
558 3435 712 3492 Nunc
735 3437 892 3504 illud,
915 3439 1060 3508 quod
1077 3436 1212 3503 dixi,
1233 3453 1297 3490 ex
1325 3437 1716 3508 diagrammate

126 3537 390 3592 constat,
442 3527 826 3584 Macedonicos
861 3543 1080 3584 menses
1119 3543 1226 3582 uno
1255 3527 1364 3583 fere
1399 3515 1588 3584 mense
1615 3527 1714 3598 Sy-

128 3621 577 3678 rontacedonicis
644 3621 951 3677 anteriores
1005 3636 1152 3677 esse.
1217 3619 1352 3676 Nam
1415 3619 1716 3676 Xanthieus

128 3715 374 3786 exempli
393 3730 560 3770 causa
587 3712 1083 3784 Syromacedonum
1102 3722 1185 3768 est
1206 3712 1404 3782 Aprilis
1428 3710 1711 3766 Julianus:

131 3806 526 3862 Macedonicus
578 3820 708 3859 vero
771 3805 983 3858 tametsi
1018 3819 1144 3857 cum
1195 3803 1401 3857 lunaris
1435 3811 1518 3857 est
1549 3803 1714 3873 Aprili

132 3912 540 3968 nonnunquam
566 3895 908 3965 respondeat,
938 3894 1136 3964 saepius
1156 3903 1335 3948 tamen
1370 3895 1421 3947 in
1465 3894 1714 3948 Martium

134 3992 395 4055 incurrit,
431 3991 804 4060 maioremque
836 3988 984 4042 illius
1012 3995 1216 4056 partem
1251 3997 1501 4056 occupat.
1542 3985 1717 4040 Caete-

134 4100 261 4139 rum
312 4082 456 4152 apud
492 4080 852 4151 Epiphanium
893 4080 996 4132 hoc
1027 4081 1078 4131 in
1112 4079 1231 4134 loco
1263 4094 1360 4148 pro
1401 4077 1719 4130 Ἀπελλαίου

135 4183 240 4240 ις’,
276 4173 522 4241 Scaliger
545 4173 636 4227 lib.
671 4187 704 4224 v
738 4169 815 4224 De
840 4168 1104 4224 emendat.
1143 4184 1264 4238 pag.
1306 4167 1441 4231 482,
1499 4165 1721 4236 corrigit

134 4266 467 4320 Ἀπελλαίου
501 4271 575 4329 ς’.
611 4263 728 4330 Qua
767 4263 980 4316 ratione
1019 4261 1288 4330 Apellzcus
1342 4257 1720 4313 Macedonicus

135 4357 469 4414 Novembris
510 4372 568 4410 ιιι
594 4355 838 4424 coeperit.
876 4353 1031 4419 Quod
1069 4367 1330 4406 verumne
1357 4353 1429 4406 sit
1454 4351 1658 4404 nescio.

1815 3165 2016 3220 simum
2082 3161 2252 3218 fuisse
2299 3177 2407 3216 non
2447 3161 2658 3231 primus
2686 3144 2949 3233 Scaliger,
2999 3171 3060 3246 ut
3092 3161 3390 3234 gloriatur,

1813 3255 1904 3310 sed
1936 3255 2079 3310 Gaza
2104 3265 2231 3310 ante
2257 3254 2409 3309 illum
2439 3254 2628 3310 docuit
2661 3253 2754 3308 lib.
2783 3253 2862 3308 De
2888 3255 3172 3316 utentibus,
3203 3253 3292 3308 ubi
3324 3253 3392 3306 de

1811 3360 1958 3400 anno
2001 3345 2264 3414 disputat.
2323 3343 2537 3399 Etenim
2595 3359 2774 3400 annus
2797 3384 2812 3411 ,
2849 3344 3061 3414 inquit,
3098 3344 3239 3414 apud
3271 3344 3392 3398 illos

1813 3446 1930 3490 erat
1967 3437 2165 3506 duplex
2190 3455 2205 3502 ;
2229 3437 2366 3490 alter
2393 3435 2604 3490 dierum
2634 3451 2824 3500 cccu,
2873 3435 3035 3504 cujus
3075 3435 3128 3488 in
3160 3434 3267 3490 tlne
3296 3450 3392 3504 ap-

1813 3528 2068 3598 pendices
2093 3544 2124 3582 v
2159 3528 2275 3584 dies
2306 3527 2708 3590 inserebantur,
2734 3527 2800 3582 ad
2835 3542 2975 3597 quos
3002 3535 3199 3596 quarto
3248 3541 3389 3595 quo-

1815 3635 1922 3688 que
1951 3636 2095 3674 anno
2145 3620 2261 3676 dies
2292 3635 2436 3674 unus
2480 3619 2795 3683 accedebat,
2827 3619 2965 3674 alter
3003 3619 3212 3673 lunaris
3266 3617 3388 3673 fuit.

1815 3711 1871 3765 ιιι
1909 3713 2085 3782 priore
2121 3712 2295 3767 forma
2327 3712 2604 3768 tricenarii
2627 3727 2844 3768 menses
2861 3720 3036 3776 erant,
3066 3711 3131 3765 ad
3165 3711 3392 3765 modum

1816 3804 2122 3876 [Egyptiaci
2177 3805 2342 3869 anni;
2401 3805 2627 3860 ultimus
2686 3806 2891 3860 mensis
2921 3819 2952 3857 v
3001 3805 3166 3857 vele
3202 3803 3394 3857 diebus

1817 3898 2030 3951 auctior
2063 3906 2196 3951 erat.
2259 3895 2384 3952 lltec
2423 3882 2588 3951 Gaia.
2627 3895 2785 3962 Quod
2835 3904 3016 3949 utrum
3059 3894 3256 3964 priscis
3289 3895 3395 3949 illis

1818 3990 2158 4056 temporibus
2193 4005 2293 4044 usu
2331 3991 2578 4059 populari
2607 3998 2880 4060 receptum
2912 3988 3095 4052 fuerit,
3129 3989 3256 4043 alibi
3283 3989 3396 4043 dis-

1819 4081 2040 4136 seritur.
2081 4079 2211 4134 Post
2264 4079 2540 4134 Julianam
2587 4080 2808 4150 quidem
2859 4079 3174 4144 editionem,
3231 4087 3395 4148 atque

1820 4171 2105 4240 Epiphanii
2159 4171 2399 4233 saeculo,
2451 4170 2723 4239 ejusmodi
2784 4183 2990 4223 annum
3044 4169 3394 4222 observatum

1820 4261 2048 4315 Athenis
2085 4259 2276 4323 fuisse,
2312 4275 2380 4313 ex
2415 4259 2520 4313 hoc
2552 4257 2841 4327 Epiphanii
2867 4257 2990 4311 loco
3049 4256 3246 4325 conjici
3297 4271 3385 4325 po-

1824 4361 1947 4408 test.
1985 4350 2056 4406 Ut
2082 4352 2228 4404 enim
2256 4349 2612 4421 Egyptiacus
2655 4365 2832 4418 annus
2857 4347 3137 4408 mensibus
3163 4347 3396 4402 tricena-

209 4449 334 4505 Col.
383 4447 493 4503 95‘2
539 4446 606 4501 C.
639 4445 800 4500 Κατὰ
832 4445 1180 4512 Ἀθηναίους
1226 4439 1716 4511 Μεταγειτνιῶνος

1826 4446 1921 4499 riis
1942 4450 2225 4506 constans,
2251 4458 2376 4497 cum
2402 4443 2666 4524 hactenous
2698 4439 2806 4496 diei
2845 4439 3186 4495 intercalaris
3227 4439 3396 4492 omis~

136 4541 381 4610 ἑϐδόμη.
417 4538 718 4593 Constatex
745 4537 813 4590 iis
829 4551 950 4605 qua:
968 4534 1128 4604 paulo
1144 4543 1268 4588 ante
1283 4533 1554 4602 disputata
1575 4544 1720 4595 sunt.

140 4630 642 4686 Maemacterioncm
678 4627 746 4681 ab
773 4625 1223 4681 llccatombazone
1259 4639 1381 4679 esse
1418 4632 1672 4692 quartum
1706 4638 1719 4673 :

138 4725 285 4796 quod
307 4723 467 4778 ethic
502 4723 654 4776 locus
678 4720 956 4775 evidenter
983 4719 1322 4773 demonstrat
1359 4733 1371 4769 :
1399 4731 1522 4769 nam
1558 4713 1726 4768 Meta-

141 4821 354 4892 gitnion
391 4818 676 4887 proximus
695 4826 777 4870 est
804 4816 873 4870 ab
905 4813 1371 4870 llecatombzeone.
1397 4810 1564 4882 Igitur
1594 4809 1724 4880 Epi-

143 4913 332 4984 phanii
365 4912 566 4967 saaculo
619 4909 1034 4964 llecatombzeon
1067 4905 1302 4961 October
1332 4913 1478 4966 erat.
1509 4902 1728 4956 Mzema-

141 5009 354 5063 cterion
386 5004 704 5060 Januarius.
743 5001 1039 5056 Neomenia
1086 4995 1540 5052 Maemacterionis
1591 5011 1725 5050 con-

142 5102 292 5173 gruit
321 5097 442 5152 Kal.
480 5098 612 5167 ipsis
659 5094 942 5160 Januarii;
976 5108 1102 5148 nam
1128 5108 1177 5145 v1
1229 5091 1491 5148 Memact.
1538 5089 1727 5143 eadem

142 5205 225 5249 est
258 5190 509 5246 Januarii
552 5205 626 5242 vt.
663 5187 828 5258 Atqui
865 5185 1162 5240 Neomenia
1191 5181 1593 5251 Metagitnionis
1621 5195 1730 5234 non

143 5284 404 5340 mnvenit
437 5283 558 5337 Kal.
609 5280 744 5336 Nov.
787 5279 998 5348 Quippe
1041 5293 1134 5332 vru
1182 5275 1315 5331 Nov.
1358 5289 1432 5328 vn
1468 5273 1732 5326 duntaxat

143 5388 230 5434 est
268 5375 712 5447 Metagitnionis,
773 5371 881 5426 nisi
932 5370 1190 5424 mendum
1227 5367 1297 5423 sit
1353 5367 1408 5421 in
1444 5363 1732 5434 Epiplianii

145 5472 362 5527 codice.
389 5469 433 5522 Α
459 5467 698 5523 secunda
727 5463 862 5519 Nov.
901 5463 968 5517 ad
997 5461 1243 5517 ultimam
1278 5459 1407 5516 Dec.
1462 5459 1578 5514 dies
1607 5467 1734 5513 sunt

147 5579 240 5625 nx,
281 5577 500 5616 menses
531 5558 945 5615 Atheniensium
975 5557 1106 5610 duo.
1139 5553 1376 5609 Proinde
1411 5567 1517 5607 non
1564 5549 1735 5604 Julia-

151 5654 263 5714 nis,
315 5651 410 5708 sed
443 5649 826 5720 :equabilibus,
880 5655 936 5701 et
964 5644 1301 5716 Egyptiacis
1333 5643 1613 5697 mensibus
1650 5639 1734 5694 usi

149 5752 277 5798 sunt
307 5742 506 5796 Atlteu.
536 5755 660 5793 cum
694 5738 930 5807 primum
957 5735 1123 5789 ﬁxum
1151 5744 1204 5788 ct
1233 5733 1479 5789 stabilem
1527 5745 1730 5784 annum

475 5831 742 5889 Ptrn0l..
786 5827 902 5885 Gn.
943 5826 1138 5884 XL".

1826 4536 1979 4592 sione
2019 4551 2114 4606 per
2169 4535 2448 4589 Julianum
2505 4549 2710 4588 annum
2766 4542 3132 4602 evagaretur,
3183 4539 3399 4600 recepto

1824 4643 1969 4682 anno
1993 4626 2194 4682 Juliani
2227 4636 2354 4697 typo
2380 4667 2394 4690 ,
2428 4626 2753 4680 tricenarios
2787 4638 3006 4678 menses
3043 4621 3402 4676 nihilominus

1827 4719 2079 4782 retinuit,
2117 4735 2240 4774 cum
2291 4715 2663 4788 ἐπαγομένοις
2686 4732 2741 4782 v,
2799 4723 2853 4769 et
2896 4714 3167 4768 interdum
3197 4728 3290 4766 vt:
3328 4711 3402 4766 ita

1827 4808 2086 4862 credibile
2119 4819 2202 4861 est
2251 4805 2614 4861 Athenienses
2663 4805 2716 4858 in
2750 4816 2894 4856 anno
2949 4817 3050 4857 suo
3076 4799 3309 4865 fecisse;
3343 4809 3402 4856 ut

1830 4899 2051 4954 tricenis
2085 4897 2350 4952 duntaxat
2394 4896 2588 4951 diebus
2638 4893 2838 4963 singuli
2885 4906 3099 4945 menses
3147 4889 3402 4944 decurre-

1830 4999 1970 5054 rent.
2009 5005 2107 5044 nec
2163 4990 2229 5043 ad
2281 4987 2622 5042 Julianorum
2674 4982 2944 5038 mensium
2982 4981 3400 5048 descriptionem

1829 5084 2184 5152 quadrat'cut.
2241 5079 2481 5150 Scaliger
2525 5078 2743 5148 quidem
2778 5093 2831 5130 tv
2865 5074 2939 5128 De
2968 5065 3398 5141 emendat.,pag.

1829 5175 1956 5237 2‘27,
1985 5173 2077 5226 ubi
2118 5173 2183 5226 de
2232 5187 2376 5225 anno
2410 5169 2630 5222 Juliano
2657 5167 2856 5220 Athen.
2920 5163 3050 5234 agit,
3107 5162 3206 5215 hos
3259 5163 3406 5230 ipsos

1832 5275 1984 5336 putat
2009 5280 2115 5318 non
2147 5263 2308 5319 modo
2325 5261 2602 5315 Julianum
2623 5275 2848 5321 annum,
2867 5258 2970 5311 hoc
2985 5263 3069 5310 est
3097 5253 3328 5309 solarem
3351 5259 3410 5306 et.

1835 5361 2000 5413 tixum
2020 5397 2036 5422 ,
2067 5366 2251 5410 verum
2274 5356 2437 5409 etiam
2473 5352 2720 5407 Julianos
2751 5364 2967 5404 menses
3017 5346 3327 5412 admisisse,
3353 5354 3408 5398 et

1835 5447 2150 5504 Hccatomb.
2179 5444 2368 5500 Neom.
2404 5444 2521 5498 Kal.
2543 5445 2676 5514 ipsis
2695 5437 2844 5497 Julii'
2871 5438 3182 5497 convenire.
3215 5433 3319 5490 Sed
3351 5434 3406 5488 in

1835 5557 1900 5595 eo
1926 5538 2208 5610 probando
2237 5538 2435 5592 mirum
2471 5551 2636 5607 quam
2670 5535 2862 5590 inscite
2894 5531 3249 5601 imperiteque
3286 5543 3406 5580 ver-

1838 5643 2008 5688 setur.
2058 5629 2150 5686 Sic
2185 5628 2330 5684 enim
2363 5629 2642 5698 disputat:
2676 5627 2950 5681 Lucianus
3005 5624 3058 5678 in
3103 5621 3224 5700 Vita
3255 5617 3412 5672 Pere-

1839 5728 1974 5795 grini
2016 5723 2196 5777 statim
2233 5731 2356 5792 post
2406 5720 2781 5792 Olympiacum
2825 5717 3033 5782 ludum,
3075 5729 3198 5767 cum
3234 5710 3412 5764 adhuc

3016 5809 3092 5868 30
