  <div class='ocr_page' id='page_1' title='image "/cluster/home/n/w/nwhite01/storage/ocr_20150623/42/hvd.32044011752995/471.png"; bbox 0 0 3810 6216; ppageno 0'>
   <div class='ocr_carea' id='block_1_1' title="bbox 421 303 528 362">
    <p class='ocr_par' dir='ltr' id='par_1_1' title="bbox 421 303 528 362">
     <span class='ocr_line' id='line_1_1' title="bbox 421 303 528 362; baseline 0.019 -2"><span class='ocrx_word' id='word_1_1' title='bbox 421 303 528 362; x_wconf 74' lang='lat'><strong>959</strong></span> 
     </span>
    </p>
   </div>
   <div class='ocr_carea' id='block_1_2' title="bbox 1563 294 2586 365">
    <p class='ocr_par' dir='ltr' id='par_1_2' title="bbox 1563 294 2586 365">
     <span class='ocr_line' id='line_1_2' title="bbox 1563 294 2586 365; baseline 0.01 -10"><span class='ocrx_word' id='word_1_2' title='bbox 1563 298 1911 356; x_wconf 82' lang='lat' dir='ltr'><strong>APPENDIX</strong></span> <span class='ocrx_word' id='word_1_3' title='bbox 1943 294 2586 365; x_wconf 79' lang='lat' dir='ltr'><strong>DlSSERTATiONUM.</strong></span> 
     </span>
    </p>
   </div>
   <div class='ocr_carea' id='block_1_3' title="bbox 3619 314 3718 367">
    <p class='ocr_par' dir='ltr' id='par_1_3' title="bbox 3619 314 3718 367">
     <span class='ocr_line' id='line_1_3' title="bbox 3619 314 3718 367; baseline -0.03 0"><span class='ocrx_word' id='word_1_4' title='bbox 3619 314 3718 367; x_wconf 68' lang='grc' dir='ltr'><strong>9ἆῦ</strong></span> 
     </span>
    </p>
   </div>
   <div class='ocr_carea' id='block_1_4' title="bbox 426 423 3718 502">
    <p class='ocr_par' dir='ltr' id='par_1_4' title="bbox 426 423 3718 502">
     <span class='ocr_line' id='line_1_4' title="bbox 426 423 3718 502; baseline 0 -18"><span class='ocrx_word' id='word_1_5' title='bbox 426 432 683 500; x_wconf 72' lang='lat' dir='ltr'><strong>frequens</strong></span> <span class='ocrx_word' id='word_1_6' title='bbox 715 436 990 484; x_wconf 75' lang='lat' dir='ltr'><strong>mercatus</strong></span> <span class='ocrx_word' id='word_1_7' title='bbox 1018 436 1185 493; x_wconf 91' lang='lat' dir='ltr'><strong>esset,</strong></span> <span class='ocrx_word' id='word_1_8' title='bbox 1209 427 1351 484; x_wconf 68' lang='lat' dir='ltr'><strong>circa</strong></span> <span class='ocrx_word' id='word_1_9' title='bbox 1385 425 1622 482; x_wconf 82' lang='lat' dir='ltr'><strong>mediam</strong></span> <span class='ocrx_word' id='word_1_10' title='bbox 1664 433 1879 482; x_wconf 90' lang='lat' dir='ltr'><strong>noctem</strong></span> <span class='ocrx_word' id='word_1_11' title='bbox 1905 423 2004 479; x_wconf 84' lang='lat' dir='ltr'><strong>Pe-</strong></span> <span class='ocrx_word' id='word_1_12' title='bbox 2039 431 2085 487; x_wconf 81' lang='grc' dir='ltr'>Α</span> <span class='ocrx_word' id='word_1_13' title='bbox 2115 426 2202 480; x_wconf 91' lang='lat' dir='ltr'><strong>rili</strong></span> <span class='ocrx_word' id='word_1_14' title='bbox 2257 443 2484 497; x_wconf 83' lang='lat' dir='ltr'><strong>prorsus</strong></span> <span class='ocrx_word' id='word_1_15' title='bbox 2542 446 2729 486; x_wconf 88' lang='lat' dir='ltr'><strong>errore</strong></span> <span class='ocrx_word' id='word_1_16' title='bbox 2764 431 2818 484; x_wconf 91' lang='lat' dir='ltr'><strong>in</strong></span> <span class='ocrx_word' id='word_1_17' title='bbox 2860 431 2954 486; x_wconf 89' lang='lat' dir='ltr'><strong>illa</strong></span> <span class='ocrx_word' id='word_1_18' title='bbox 3002 429 3283 502; x_wconf 86' lang='lat' dir='ltr'><strong>Peregrini</strong></span> <span class='ocrx_word' id='word_1_19' title='bbox 3315 432 3568 486; x_wconf 73' lang='lat' dir='ltr'><strong>historia</strong></span> <span class='ocrx_word' id='word_1_20' title='bbox 3603 447 3718 487; x_wconf 74' lang='lat' dir='ltr'><strong>sese</strong></span> 
     </span>
    </p>
   </div>
   <div class='ocr_carea' id='block_1_5' title="bbox 427 516 2010 592">
    <p class='ocr_par' dir='ltr' id='par_1_5' title="bbox 427 516 2010 592">
     <span class='ocr_line' id='line_1_5' title="bbox 427 516 2010 592; baseline -0.004 -17"><span class='ocrx_word' id='word_1_21' title='bbox 427 522 704 592; x_wconf 83' lang='lat' dir='ltr'><strong>regrinum</strong></span> <span class='ocrx_word' id='word_1_22' title='bbox 735 536 794 576; x_wconf 90' lang='lat' dir='ltr'><strong>se</strong></span> <span class='ocrx_word' id='word_1_23' title='bbox 828 522 879 575; x_wconf 93' lang='lat' dir='ltr'><strong>in</strong></span> <span class='ocrx_word' id='word_1_24' title='bbox 914 536 1106 592; x_wconf 89' lang='lat' dir='ltr'><strong>rogum</strong></span> <span class='ocrx_word' id='word_1_25' title='bbox 1141 519 1396 591; x_wconf 88' lang='lat' dir='ltr'><strong>injecisse</strong></span> <span class='ocrx_word' id='word_1_26' title='bbox 1423 529 1628 584; x_wconf 89' lang='lat' dir='ltr'><strong>narrat,</strong></span> <span class='ocrx_word' id='word_1_27' title='bbox 1663 516 2010 572; x_wconf 84' lang='lat' dir='ltr'><strong>commodum</strong></span> 
     </span>
    </p>
   </div>
   <div class='ocr_carea' id='block_1_6' title="bbox 423 608 2008 683">
    <p class='ocr_par' dir='ltr' id='par_1_6' title="bbox 423 608 2008 683">
     <span class='ocr_line' id='line_1_6' title="bbox 423 608 2008 683; baseline -0.002 -15"><span class='ocrx_word' id='word_1_28' title='bbox 423 615 704 668; x_wconf 76' lang='lat' dir='ltr'><strong>exoriente</strong></span> <span class='ocrx_word' id='word_1_29' title='bbox 758 615 908 667; x_wconf 90' lang='lat' dir='ltr'><strong>luna.</strong></span> <span class='ocrx_word' id='word_1_30' title='bbox 965 613 1206 683; x_wconf 83' lang='lat' dir='ltr'><strong>Contigit</strong></span> <span class='ocrx_word' id='word_1_31' title='bbox 1255 611 1533 682; x_wconf 84' lang='lat' dir='ltr'><strong>Peregrini</strong></span> <span class='ocrx_word' id='word_1_32' title='bbox 1584 626 1732 666; x_wconf 90' lang='lat' dir='ltr'><strong>mors</strong></span> <span class='ocrx_word' id='word_1_33' title='bbox 1772 608 2008 665; x_wconf 88' lang='lat' dir='ltr'><strong>Eusebio</strong></span> 
     </span>
    </p>
   </div>
   <div class='ocr_carea' id='block_1_7' title="bbox 427 702 2008 778">
    <p class='ocr_par' dir='ltr' id='par_1_7' title="bbox 427 702 2008 778">
     <span class='ocr_line' id='line_1_7' title="bbox 427 702 2008 778; baseline -0.003 -18"><span class='ocrx_word' id='word_1_34' title='bbox 427 714 563 760; x_wconf 90' lang='lat' dir='ltr'><strong>teste</strong></span> <span class='ocrx_word' id='word_1_35' title='bbox 589 704 804 778; x_wconf 88' lang='lat' dir='ltr'><strong>Olymp.</strong></span> <span class='ocrx_word' id='word_1_36' title='bbox 851 705 980 770; x_wconf 75' lang='lat'><strong>236,</strong></span> <span class='ocrx_word' id='word_1_37' title='bbox 1031 705 1182 776; x_wconf 85' lang='lat' dir='ltr'><strong>cyelo</strong></span> <span class='ocrx_word' id='word_1_38' title='bbox 1211 720 1323 759; x_wconf 78' lang='lat' dir='ltr'><strong>xw.</strong></span> <span class='ocrx_word' id='word_1_39' title='bbox 1361 705 1531 773; x_wconf 88' lang='lat' dir='ltr'><strong>Igitur</strong></span> <span class='ocrx_word' id='word_1_40' title='bbox 1568 702 1695 758; x_wconf 87' lang='lat' dir='ltr'><strong>Julii</strong></span> <span class='ocrx_word' id='word_1_41' title='bbox 1736 718 1849 756; x_wconf 75' lang='lat' dir='ltr'><strong>xvn</strong></span> <span class='ocrx_word' id='word_1_42' title='bbox 1879 702 2008 756; x_wconf 90' lang='lat' dir='ltr'><strong>luna</strong></span> 
     </span>
    </p>
   </div>
   <div class='ocr_carea' id='block_1_8' title="bbox 428 793 2012 865">
    <p class='ocr_par' dir='ltr' id='par_1_8' title="bbox 428 793 2012 865">
     <span class='ocr_line' id='line_1_8' title="bbox 428 793 2012 865; baseline -0.004 -13"><span class='ocrx_word' id='word_1_43' title='bbox 428 807 545 852; x_wconf 85' lang='lat' dir='ltr'><strong>erat</strong></span> <span class='ocrx_word' id='word_1_44' title='bbox 571 814 662 865; x_wconf 75' lang='lat' dir='ltr'><strong>xx,</strong></span> <span class='ocrx_word' id='word_1_45' title='bbox 691 807 782 852; x_wconf 89' lang='lat' dir='ltr'><strong>aut</strong></span> <span class='ocrx_word' id='word_1_46' title='bbox 810 815 924 863; x_wconf 69' lang='grc' dir='ltr'>χιιι,</span> <span class='ocrx_word' id='word_1_47' title='bbox 953 807 1005 852; x_wconf 92' lang='lat' dir='ltr'><strong>et</strong></span> <span class='ocrx_word' id='word_1_48' title='bbox 1036 797 1160 852; x_wconf 91' lang='lat' dir='ltr'><strong>ideo</strong></span> <span class='ocrx_word' id='word_1_49' title='bbox 1195 798 1340 851; x_wconf 90' lang='lat' dir='ltr'><strong>circa</strong></span> <span class='ocrx_word' id='word_1_50' title='bbox 1370 796 1601 850; x_wconf 84' lang='lat' dir='ltr'><strong>mediam</strong></span> <span class='ocrx_word' id='word_1_51' title='bbox 1621 804 1834 849; x_wconf 87' lang='lat' dir='ltr'><strong>noctem</strong></span> <span class='ocrx_word' id='word_1_52' title='bbox 1870 793 2012 848; x_wconf 85' lang='lat' dir='ltr'><strong>orie-</strong></span> 
     </span>
    </p>
   </div>
   <div class='ocr_carea' id='block_1_9' title="bbox 429 885 2012 960">
    <p class='ocr_par' dir='ltr' id='par_1_9' title="bbox 429 885 2012 960">
     <span class='ocr_line' id='line_1_9' title="bbox 429 885 2012 960; baseline -0.006 -16"><span class='ocrx_word' id='word_1_53' title='bbox 429 889 611 944; x_wconf 91' lang='lat' dir='ltr'><strong>batur.</strong></span> <span class='ocrx_word' id='word_1_54' title='bbox 639 890 800 959; x_wconf 81' lang='lat' dir='ltr'><strong>Atqui</strong></span> <span class='ocrx_word' id='word_1_55' title='bbox 826 887 1175 960; x_wconf 81' lang='lat' dir='ltr'><strong>Olympiacus</strong></span> <span class='ocrx_word' id='word_1_56' title='bbox 1205 903 1342 958; x_wconf 88' lang='lat' dir='ltr'><strong>agon</strong></span> <span class='ocrx_word' id='word_1_57' title='bbox 1378 887 1638 941; x_wconf 82' lang='lat' dir='ltr'><strong>celebrari</strong></span> <span class='ocrx_word' id='word_1_58' title='bbox 1687 885 1895 940; x_wconf 82' lang='lat' dir='ltr'><strong>solebat</strong></span> <span class='ocrx_word' id='word_1_59' title='bbox 1946 901 2012 938; x_wconf 85' lang='lat' dir='ltr'><strong>xv</strong></span> 
     </span>
    </p>
   </div>
   <div class='ocr_carea' id='block_1_10' title="bbox 429 976 2008 1051">
    <p class='ocr_par' dir='ltr' id='par_1_10' title="bbox 429 976 2008 1051">
     <span class='ocr_line' id='line_1_10' title="bbox 429 976 2008 1051; baseline -0.005 -14"><span class='ocrx_word' id='word_1_60' title='bbox 429 984 518 1038; x_wconf 88' lang='lat' dir='ltr'><strong>die</strong></span> <span class='ocrx_word' id='word_1_61' title='bbox 547 983 753 1038; x_wconf 89' lang='lat' dir='ltr'><strong>mensis</strong></span> <span class='ocrx_word' id='word_1_62' title='bbox 785 982 980 1051; x_wconf 89' lang='lat' dir='ltr'><strong>primo.</strong></span> <span class='ocrx_word' id='word_1_63' title='bbox 1015 980 1201 1050; x_wconf 80' lang='lat' dir='ltr'><strong>Itaque</strong></span> <span class='ocrx_word' id='word_1_64' title='bbox 1228 995 1350 1034; x_wconf 88' lang='lat' dir='ltr'><strong>cum</strong></span> <span class='ocrx_word' id='word_1_65' title='bbox 1381 995 1445 1034; x_wconf 89' lang='lat' dir='ltr'><strong>eo</strong></span> <span class='ocrx_word' id='word_1_66' title='bbox 1492 979 1691 1033; x_wconf 73' lang='lat' dir='ltr'><strong>saeculo</strong></span> <span class='ocrx_word' id='word_1_67' title='bbox 1715 976 2008 1032; x_wconf 84' lang='lat' dir='ltr'><strong>Hecatom-</strong></span> 
     </span>
    </p>
   </div>
   <div class='ocr_carea' id='block_1_11' title="bbox 430 1068 2014 1141">
    <p class='ocr_par' dir='ltr' id='par_1_11' title="bbox 430 1068 2014 1141">
     <span class='ocr_line' id='line_1_11' title="bbox 430 1068 2014 1141; baseline -0.005 -12"><span class='ocrx_word' id='word_1_68' title='bbox 430 1076 585 1130; x_wconf 70' lang='lat' dir='ltr'><strong>baaon</strong></span> <span class='ocrx_word' id='word_1_69' title='bbox 616 1073 758 1128; x_wconf 91' lang='lat' dir='ltr'><strong>idem</strong></span> <span class='ocrx_word' id='word_1_70' title='bbox 786 1081 949 1137; x_wconf 87' lang='lat' dir='ltr'><strong>esset,</strong></span> <span class='ocrx_word' id='word_1_71' title='bbox 975 1072 1068 1141; x_wconf 88' lang='lat' dir='ltr'><strong>qui</strong></span> <span class='ocrx_word' id='word_1_72' title='bbox 1089 1070 1288 1136; x_wconf 85' lang='lat' dir='ltr'><strong>Julius,</strong></span> <span class='ocrx_word' id='word_1_73' title='bbox 1319 1087 1388 1124; x_wconf 79' lang='lat' dir='ltr'><strong>xv</strong></span> <span class='ocrx_word' id='word_1_74' title='bbox 1418 1068 1546 1124; x_wconf 84' lang='lat' dir='ltr'><strong>Julii</strong></span> <span class='ocrx_word' id='word_1_75' title='bbox 1586 1068 1894 1123; x_wconf 90' lang='lat' dir='ltr'><strong>celebratus</strong></span> <span class='ocrx_word' id='word_1_76' title='bbox 1929 1076 2014 1122; x_wconf 87' lang='lat' dir='ltr'><strong>est</strong></span> 
     </span>
    </p>
   </div>
   <div class='ocr_carea' id='block_1_12' title="bbox 430 1159 1984 1236">
    <p class='ocr_par' dir='ltr' id='par_1_12' title="bbox 430 1159 1984 1236">
     <span class='ocr_line' id='line_1_12' title="bbox 430 1159 1984 1236; baseline -0.006 -17"><span class='ocrx_word' id='word_1_77' title='bbox 430 1180 591 1236; x_wconf 88' lang='lat' dir='ltr'><strong>agon,</strong></span> <span class='ocrx_word' id='word_1_78' title='bbox 621 1172 675 1218; x_wconf 91' lang='lat' dir='ltr'><strong>et</strong></span> <span class='ocrx_word' id='word_1_79' title='bbox 703 1163 865 1218; x_wconf 79' lang='lat' dir='ltr'><strong>tertio</strong></span> <span class='ocrx_word' id='word_1_80' title='bbox 888 1163 976 1217; x_wconf 81' lang='lat' dir='ltr'><strong>die</strong></span> <span class='ocrx_word' id='word_1_81' title='bbox 1009 1178 1038 1216; x_wconf 90' lang='lat' dir='ltr'><strong>a</strong></span> <span class='ocrx_word' id='word_1_82' title='bbox 1073 1162 1374 1217; x_wconf 85' lang='lat' dir='ltr'><strong>certamine</strong></span> <span class='ocrx_word' id='word_1_83' title='bbox 1398 1160 1552 1214; x_wconf 82' lang='lat' dir='ltr'><strong>linito</strong></span> <span class='ocrx_word' id='word_1_84' title='bbox 1592 1159 1721 1213; x_wconf 87' lang='lat' dir='ltr'><strong>luna</strong></span> <span class='ocrx_word' id='word_1_85' title='bbox 1770 1167 1884 1212; x_wconf 87' lang='lat' dir='ltr'><strong>erat</strong></span> <span class='ocrx_word' id='word_1_86' title='bbox 1917 1173 1984 1210; x_wconf 80' lang='lat' dir='ltr'><strong>xx</strong></span> 
     </span>
    </p>
   </div>
   <div class='ocr_carea' id='block_1_13' title="bbox 427 1250 2010 1313">
    <p class='ocr_par' dir='ltr' id='par_1_13' title="bbox 427 1250 2010 1313">
     <span class='ocr_line' id='line_1_13' title="bbox 427 1250 2010 1313; baseline -0.007 -1"><span class='ocrx_word' id='word_1_87' title='bbox 427 1257 508 1312; x_wconf 89' lang='lat' dir='ltr'><strong>En</strong></span> <span class='ocrx_word' id='word_1_88' title='bbox 577 1257 826 1313; x_wconf 87' lang='lat' dir='ltr'><strong>criticum</strong></span> <span class='ocrx_word' id='word_1_89' title='bbox 892 1255 1133 1310; x_wconf 88' lang='lat' dir='ltr'><strong>hominis</strong></span> <span class='ocrx_word' id='word_1_90' title='bbox 1203 1255 1467 1310; x_wconf 79' lang='lat' dir='ltr'><strong>acumen!</strong></span> <span class='ocrx_word' id='word_1_91' title='bbox 1520 1250 2010 1307; x_wconf 88' lang='lat' dir='ltr'><strong>Demonstrandum</strong></span> 
     </span>
    </p>
   </div>
   <div class='ocr_carea' id='block_1_14' title="bbox 428 1342 2010 1406">
    <p class='ocr_par' dir='ltr' id='par_1_14' title="bbox 428 1342 2010 1406">
     <span class='ocr_line' id='line_1_14' title="bbox 428 1342 2010 1406; baseline -0.008 0"><span class='ocrx_word' id='word_1_92' title='bbox 428 1359 590 1406; x_wconf 86' lang='lat' dir='ltr'><strong>erat:</strong></span> <span class='ocrx_word' id='word_1_93' title='bbox 655 1348 1159 1405; x_wconf 69' lang='lat' dir='ltr'><strong>liecatombrconem</strong></span> <span class='ocrx_word' id='word_1_94' title='bbox 1208 1347 1447 1402; x_wconf 88' lang='lat' dir='ltr'><strong>Atticum</strong></span> <span class='ocrx_word' id='word_1_95' title='bbox 1505 1344 1670 1400; x_wconf 82' lang='lat' dir='ltr'><strong>fixum</strong></span> <span class='ocrx_word' id='word_1_96' title='bbox 1723 1343 1894 1398; x_wconf 91' lang='lat' dir='ltr'><strong>fuisse</strong></span> <span class='ocrx_word' id='word_1_97' title='bbox 1957 1342 2010 1394; x_wconf 90' lang='lat' dir='ltr'><strong>in</strong></span> 
     </span>
    </p>
   </div>
   <div class='ocr_carea' id='block_1_15' title="bbox 431 1439 2014 1507">
    <p class='ocr_par' dir='ltr' id='par_1_15' title="bbox 431 1439 2014 1507">
     <span class='ocr_line' id='line_1_15' title="bbox 431 1439 2014 1507; baseline -0.006 -8"><span class='ocrx_word' id='word_1_98' title='bbox 431 1443 552 1499; x_wconf 81' lang='lat' dir='ltr'><strong>Kal.</strong></span> <span class='ocrx_word' id='word_1_99' title='bbox 628 1443 808 1498; x_wconf 87' lang='lat' dir='ltr'><strong>Juliis.</strong></span> <span class='ocrx_word' id='word_1_100' title='bbox 878 1443 959 1497; x_wconf 88' lang='lat' dir='ltr'><strong>Ad</strong></span> <span class='ocrx_word' id='word_1_101' title='bbox 1026 1443 1078 1497; x_wconf 98' lang='lat' dir='ltr'><strong>id</strong></span> <span class='ocrx_word' id='word_1_102' title='bbox 1143 1441 1366 1497; x_wconf 89' lang='lat' dir='ltr'><strong>Luciani</strong></span> <span class='ocrx_word' id='word_1_103' title='bbox 1440 1439 1809 1496; x_wconf 88' lang='lat' dir='ltr'><strong>testimonium</strong></span> <span class='ocrx_word' id='word_1_104' title='bbox 1873 1453 2014 1507; x_wconf 78' lang='lat' dir='ltr'><strong>pro-</strong></span> 
     </span>
    </p>
   </div>
   <div class='ocr_carea' id='block_1_16' title="bbox 434 1526 2010 1604">
    <p class='ocr_par' dir='ltr' id='par_1_16' title="bbox 434 1526 2010 1604">
     <span class='ocr_line' id='line_1_16' title="bbox 434 1526 2010 1604; baseline -0.006 -15"><span class='ocrx_word' id='word_1_105' title='bbox 434 1535 579 1602; x_wconf 83' lang='lat' dir='ltr'><strong>fert,</strong></span> <span class='ocrx_word' id='word_1_106' title='bbox 639 1535 784 1604; x_wconf 90' lang='lat' dir='ltr'><strong>quod</strong></span> <span class='ocrx_word' id='word_1_107' title='bbox 834 1534 898 1588; x_wconf 82' lang='lat' dir='ltr'><strong>ad</strong></span> <span class='ocrx_word' id='word_1_108' title='bbox 961 1549 1074 1588; x_wconf 89' lang='lat' dir='ltr'><strong>rem</strong></span> <span class='ocrx_word' id='word_1_109' title='bbox 1142 1533 1278 1588; x_wconf 86' lang='lat' dir='ltr'><strong>nihil</strong></span> <span class='ocrx_word' id='word_1_110' title='bbox 1334 1532 1558 1586; x_wconf 90' lang='lat' dir='ltr'><strong>omnino</strong></span> <span class='ocrx_word' id='word_1_111' title='bbox 1621 1530 1874 1600; x_wconf 87' lang='lat' dir='ltr'><strong>pertinet.</strong></span> <span class='ocrx_word' id='word_1_112' title='bbox 1954 1526 2010 1582; x_wconf 94' lang='lat' dir='ltr'><strong>Si</strong></span> 
     </span>
    </p>
   </div>
   <div class='ocr_carea' id='block_1_17' title="bbox 431 1617 2010 1694">
    <p class='ocr_par' dir='ltr' id='par_1_17' title="bbox 431 1617 2010 1694">
     <span class='ocr_line' id='line_1_17' title="bbox 431 1617 2010 1694; baseline -0.008 -12"><span class='ocrx_word' id='word_1_113' title='bbox 431 1625 562 1694; x_wconf 88' lang='lat' dir='ltr'><strong>quid</strong></span> <span class='ocrx_word' id='word_1_114' title='bbox 617 1625 760 1680; x_wconf 91' lang='lat' dir='ltr'><strong>enim</strong></span> <span class='ocrx_word' id='word_1_115' title='bbox 823 1639 889 1678; x_wconf 79' lang='lat' dir='ltr'><strong>ex</strong></span> <span class='ocrx_word' id='word_1_116' title='bbox 951 1638 1016 1678; x_wconf 95' lang='lat' dir='ltr'><strong>eo</strong></span> <span class='ocrx_word' id='word_1_117' title='bbox 1048 1624 1115 1677; x_wconf 89' lang='lat' dir='ltr'><strong>de</strong></span> <span class='ocrx_word' id='word_1_118' title='bbox 1152 1621 1444 1677; x_wconf 88' lang='lat' dir='ltr'><strong>Neomenia</strong></span> <span class='ocrx_word' id='word_1_119' title='bbox 1507 1621 1713 1675; x_wconf 91' lang='lat' dir='ltr'><strong>mensis</strong></span> <span class='ocrx_word' id='word_1_120' title='bbox 1757 1617 2010 1679; x_wconf 79' lang='lat' dir='ltr'><strong>efﬁcitur,</strong></span> 
     </span>
    </p>
   </div>
   <div class='ocr_carea' id='block_1_18' title="bbox 364 1712 2014 1778">
    <p class='ocr_par' dir='ltr' id='par_1_18' title="bbox 364 1712 2014 1778">
     <span class='ocr_line' id='line_1_18' title="bbox 364 1712 2014 1778; baseline -0.005 -7"><span class='ocrx_word' id='word_1_121' title='bbox 364 1750 374 1762; x_wconf 83' lang='lat'><strong>-</strong></span> <span class='ocrx_word' id='word_1_122' title='bbox 431 1716 500 1771; x_wconf 88' lang='lat' dir='ltr'><strong>ad</strong></span> <span class='ocrx_word' id='word_1_123' title='bbox 524 1715 879 1778; x_wconf 87' lang='lat' dir='ltr'><strong>Elidensium,</strong></span> <span class='ocrx_word' id='word_1_124' title='bbox 902 1727 1010 1768; x_wconf 91' lang='lat' dir='ltr'><strong>non</strong></span> <span class='ocrx_word' id='word_1_125' title='bbox 1025 1715 1089 1769; x_wconf 91' lang='lat' dir='ltr'><strong>ad</strong></span> <span class='ocrx_word' id='word_1_126' title='bbox 1109 1712 1527 1769; x_wconf 86' lang='lat' dir='ltr'><strong>Atheniensium</strong></span> <span class='ocrx_word' id='word_1_127' title='bbox 1550 1726 1752 1766; x_wconf 91' lang='lat' dir='ltr'><strong>annum</strong></span> <span class='ocrx_word' id='word_1_128' title='bbox 1773 1725 1838 1766; x_wconf 89' lang='lat' dir='ltr'><strong>ac</strong></span> <span class='ocrx_word' id='word_1_129' title='bbox 1866 1725 2014 1764; x_wconf 85' lang='lat' dir='ltr'><strong>men-</strong></span> 
     </span>
    </p>
   </div>
   <div class='ocr_carea' id='block_1_19' title="bbox 2118 520 3719 593">
    <p class='ocr_par' dir='ltr' id='par_1_19' title="bbox 2118 520 3719 593">
     <span class='ocr_line' id='line_1_19' title="bbox 2118 520 3719 593; baseline 0.004 -21"><span class='ocrx_word' id='word_1_130' title='bbox 2118 520 2380 586; x_wconf 78' lang='lat' dir='ltr'><strong>traduxit,</strong></span> <span class='ocrx_word' id='word_1_131' title='bbox 2417 522 2546 576; x_wconf 89' lang='lat' dir='ltr'><strong>dum</strong></span> <span class='ocrx_word' id='word_1_132' title='bbox 2580 523 2772 579; x_wconf 88' lang='lat' dir='ltr'><strong>scribit</strong></span> <span class='ocrx_word' id='word_1_133' title='bbox 2801 522 3159 593; x_wconf 86' lang='lat' dir='ltr'><strong>Peregrinum</strong></span> <span class='ocrx_word' id='word_1_134' title='bbox 3184 524 3580 578; x_wconf 75' lang='lat' dir='ltr'><strong>Christianum</strong></span> <span class='ocrx_word' id='word_1_135' title='bbox 3600 539 3719 578; x_wconf 79' lang='lat' dir='ltr'><strong>esse</strong></span> 
     </span>
    </p>
   </div>
   <div class='ocr_carea' id='block_1_20' title="bbox 2119 609 3719 687">
    <p class='ocr_par' dir='ltr' id='par_1_20' title="bbox 2119 609 3719 687">
     <span class='ocr_line' id='line_1_20' title="bbox 2119 609 3719 687; baseline 0.002 -22"><span class='ocrx_word' id='word_1_136' title='bbox 2119 609 2323 666; x_wconf 86' lang='lat' dir='ltr'><strong>factum</strong></span> <span class='ocrx_word' id='word_1_137' title='bbox 2357 627 2503 668; x_wconf 89' lang='lat' dir='ltr'><strong>anno</strong></span> <span class='ocrx_word' id='word_1_138' title='bbox 2557 614 2764 670; x_wconf 85' lang='lat' dir='ltr'><strong>Christi</strong></span> <span class='ocrx_word' id='word_1_139' title='bbox 2799 615 2867 670; x_wconf 81' lang='lat'><strong>75</strong></span> <span class='ocrx_word' id='word_1_140' title='bbox 2923 613 3134 687; x_wconf 83' lang='lat' dir='ltr'><strong>Olyiup.</strong></span> <span class='ocrx_word' id='word_1_141' title='bbox 3176 615 3300 669; x_wconf 78' lang='grc'><strong>215.</strong></span> <span class='ocrx_word' id='word_1_142' title='bbox 3341 615 3398 668; x_wconf 90' lang='lat' dir='ltr'><strong>In</strong></span> <span class='ocrx_word' id='word_1_143' title='bbox 3433 630 3558 684; x_wconf 85' lang='lat' dir='ltr'><strong>quo</strong></span> <span class='ocrx_word' id='word_1_144' title='bbox 3593 630 3719 670; x_wconf 72' lang='lat' dir='ltr'><strong>cec-</strong></span> 
     </span>
    </p>
   </div>
   <div class='ocr_carea' id='block_1_21' title="bbox 2117 707 3718 777">
    <p class='ocr_par' dir='ltr' id='par_1_21' title="bbox 2117 707 3718 777">
     <span class='ocr_line' id='line_1_21' title="bbox 2117 707 3718 777; baseline 0.002 -18"><span class='ocrx_word' id='word_1_145' title='bbox 2117 713 2232 760; x_wconf 90' lang='lat' dir='ltr'><strong>tum</strong></span> <span class='ocrx_word' id='word_1_146' title='bbox 2294 707 2684 776; x_wconf 87' lang='lat' dir='ltr'><strong>propemodum</strong></span> <span class='ocrx_word' id='word_1_147' title='bbox 2737 709 2898 764; x_wconf 88' lang='lat' dir='ltr'><strong>annis</strong></span> <span class='ocrx_word' id='word_1_148' title='bbox 2948 710 3208 764; x_wconf 84' lang='lat' dir='ltr'><strong>aberrat:</strong></span> <span class='ocrx_word' id='word_1_149' title='bbox 3259 725 3387 762; x_wconf 87' lang='lat' dir='ltr'><strong>nam</strong></span> <span class='ocrx_word' id='word_1_150' title='bbox 3423 708 3718 777; x_wconf 78' lang='lat' dir='ltr'><strong>Peregrini</strong></span> 
     </span>
    </p>
   </div>
   <div class='ocr_carea' id='block_1_22' title="bbox 2117 795 3714 868">
    <p class='ocr_par' dir='ltr' id='par_1_22' title="bbox 2117 795 3714 868">
     <span class='ocr_line' id='line_1_22' title="bbox 2117 795 3714 868; baseline 0.001 -20"><span class='ocrx_word' id='word_1_151' title='bbox 2117 809 2268 849; x_wconf 91' lang='lat' dir='ltr'><strong>mors</strong></span> <span class='ocrx_word' id='word_1_152' title='bbox 2328 795 2520 850; x_wconf 88' lang='lat' dir='ltr'><strong>incidit</strong></span> <span class='ocrx_word' id='word_1_153' title='bbox 2576 799 2629 850; x_wconf 92' lang='lat' dir='ltr'><strong>in</strong></span> <span class='ocrx_word' id='word_1_154' title='bbox 2662 795 2878 868; x_wconf 84' lang='lat' dir='ltr'><strong>Olymp.</strong></span> <span class='ocrx_word' id='word_1_155' title='bbox 2914 797 3042 863; x_wconf 72' lang='lat'><strong>2&#39;56,</strong></span> <span class='ocrx_word' id='word_1_156' title='bbox 3088 812 3290 851; x_wconf 90' lang='lat' dir='ltr'><strong>annum</strong></span> <span class='ocrx_word' id='word_1_157' title='bbox 3328 798 3549 851; x_wconf 83' lang='lat' dir='ltr'><strong>Christi</strong></span> <span class='ocrx_word' id='word_1_158' title='bbox 3589 797 3714 856; x_wconf 80' lang='grc'><strong>165.</strong></span> 
     </span>
    </p>
   </div>
   <div class='ocr_carea' id='block_1_23' title="bbox 2119 887 3714 959">
    <p class='ocr_par' dir='ltr' id='par_1_23' title="bbox 2119 887 3714 959">
     <span class='ocr_line' id='line_1_23' title="bbox 2119 887 3714 959; baseline 0 -19"><span class='ocrx_word' id='word_1_159' title='bbox 2119 887 2259 942; x_wconf 82' lang='lat' dir='ltr'><strong>vixit</strong></span> <span class='ocrx_word' id='word_1_160' title='bbox 2288 897 2470 943; x_wconf 88' lang='lat' dir='ltr'><strong>autem</strong></span> <span class='ocrx_word' id='word_1_161' title='bbox 2503 887 2733 946; x_wconf 82' lang='lat' dir='ltr'><strong>Herodis</strong></span> <span class='ocrx_word' id='word_1_162' title='bbox 2757 891 2922 945; x_wconf 82' lang='lat' dir='ltr'><strong>Attici</strong></span> <span class='ocrx_word' id='word_1_163' title='bbox 2957 901 3198 959; x_wconf 87' lang='lat' dir='ltr'><strong>tempore</strong></span> <span class='ocrx_word' id='word_1_164' title='bbox 3237 892 3339 944; x_wconf 88' lang='lat' dir='ltr'><strong>sub</strong></span> <span class='ocrx_word' id='word_1_165' title='bbox 3378 889 3448 942; x_wconf 75' lang='grc' dir='ltr'><strong>Μ.</strong></span> <span class='ocrx_word' id='word_1_166' title='bbox 3487 890 3714 942; x_wconf 71' lang='lat' dir='ltr'><strong>Aurelio</strong></span> 
     </span>
    </p>
   </div>
   <div class='ocr_carea' id='block_1_24' title="bbox 2116 978 3716 1048">
    <p class='ocr_par' dir='ltr' id='par_1_24' title="bbox 2116 978 3716 1048">
     <span class='ocr_line' id='line_1_24' title="bbox 2116 978 3716 1048; baseline 0.002 -18"><span class='ocrx_word' id='word_1_167' title='bbox 2116 978 2417 1047; x_wconf 88' lang='lat' dir='ltr'><strong>Antonino,</strong></span> <span class='ocrx_word' id='word_1_168' title='bbox 2476 991 2535 1036; x_wconf 94' lang='lat' dir='ltr'><strong>ut</strong></span> <span class='ocrx_word' id='word_1_169' title='bbox 2563 996 2629 1037; x_wconf 82' lang='lat' dir='ltr'><strong>ex</strong></span> <span class='ocrx_word' id='word_1_170' title='bbox 2662 980 2996 1038; x_wconf 86' lang='lat' dir='ltr'><strong>Philostrato</strong></span> <span class='ocrx_word' id='word_1_171' title='bbox 3035 982 3128 1036; x_wconf 92' lang='lat' dir='ltr'><strong>lib.</strong></span> <span class='ocrx_word' id='word_1_172' title='bbox 3172 998 3207 1036; x_wconf 90' lang='lat' dir='ltr'><strong>ll</strong></span> <span class='ocrx_word' id='word_1_173' title='bbox 3240 981 3313 1035; x_wconf 84' lang='lat' dir='ltr'><strong>De</strong></span> <span class='ocrx_word' id='word_1_174' title='bbox 3341 984 3438 1035; x_wconf 72' lang='lat' dir='ltr'><strong>cit.</strong></span> <span class='ocrx_word' id='word_1_175' title='bbox 3471 981 3634 1048; x_wconf 62' lang='lat' dir='ltr'><strong>sopit.</strong></span> <span class='ocrx_word' id='word_1_176' title='bbox 3663 982 3716 1033; x_wconf 84' lang='lat' dir='ltr'><strong>in</strong></span> 
     </span>
    </p>
   </div>
   <div class='ocr_carea' id='block_1_25' title="bbox 2119 1071 3715 1145">
    <p class='ocr_par' dir='ltr' id='par_1_25' title="bbox 2119 1071 3715 1145">
     <span class='ocr_line' id='line_1_25' title="bbox 2119 1071 3715 1145; baseline 0.001 -19"><span class='ocrx_word' id='word_1_177' title='bbox 2119 1071 2336 1128; x_wconf 78' lang='lat' dir='ltr'><strong>Herode</strong></span> <span class='ocrx_word' id='word_1_178' title='bbox 2370 1073 2684 1145; x_wconf 81' lang='lat' dir='ltr'><strong>colligitur;</strong></span> <span class='ocrx_word' id='word_1_179' title='bbox 2723 1088 2938 1130; x_wconf 87' lang='lat' dir='ltr'><strong>necnon</strong></span> <span class='ocrx_word' id='word_1_180' title='bbox 2978 1085 3035 1131; x_wconf 86' lang='lat' dir='ltr'><strong>et</strong></span> <span class='ocrx_word' id='word_1_181' title='bbox 3057 1091 3120 1130; x_wconf 81' lang='lat' dir='ltr'><strong>ex</strong></span> <span class='ocrx_word' id='word_1_182' title='bbox 3172 1073 3417 1130; x_wconf 88' lang='lat' dir='ltr'><strong>Luciano</strong></span> <span class='ocrx_word' id='word_1_183' title='bbox 3463 1074 3528 1127; x_wconf 89' lang='lat' dir='ltr'><strong>in</strong></span> <span class='ocrx_word' id='word_1_184' title='bbox 3573 1075 3715 1127; x_wconf 81' lang='lat' dir='ltr'><strong>illius</strong></span> 
     </span>
    </p>
   </div>
   <div class='ocr_carea' id='block_1_26' title="bbox 2119 1163 2261 1220">
    <p class='ocr_par' dir='ltr' id='par_1_26' title="bbox 2119 1163 2261 1220">
     <span class='ocr_line' id='line_1_26' title="bbox 2119 1163 2261 1220; baseline 0.014 -2"><span class='ocrx_word' id='word_1_185' title='bbox 2119 1163 2261 1220; x_wconf 80' lang='lat' dir='ltr'><strong>Vita.</strong></span> 
     </span>
    </p>
   </div>
   <div class='ocr_carea' id='block_1_27' title="bbox 2189 1251 3716 1326">
    <p class='ocr_par' dir='ltr' id='par_1_27' title="bbox 2189 1251 3716 1326">
     <span class='ocr_line' id='line_1_27' title="bbox 2189 1251 3716 1326; baseline -0.003 -15"><span class='ocrx_word' id='word_1_186' title='bbox 2189 1256 2304 1311; x_wconf 83' lang='lat' dir='ltr'><strong>Col.</strong></span> <span class='ocrx_word' id='word_1_187' title='bbox 2321 1256 2427 1312; x_wconf 75' lang='lat'><strong>952</strong></span> <span class='ocrx_word' id='word_1_188' title='bbox 2443 1256 2504 1309; x_wconf 84' lang='lat' dir='ltr'><strong>C.</strong></span> <span class='ocrx_word' id='word_1_189' title='bbox 2526 1251 2689 1311; x_wconf 73' lang='lat' dir='ltr'><strong>Kurd</strong></span> <span class='ocrx_word' id='word_1_190' title='bbox 2714 1257 3015 1325; x_wconf 79' lang='grc' dir='ltr'><strong>Ἑϐραίους</strong></span> <span class='ocrx_word' id='word_1_191' title='bbox 3049 1256 3430 1326; x_wconf 79' lang='grc' dir='ltr'><strong>Μαρεσουάν.</strong></span> <span class='ocrx_word' id='word_1_192' title='bbox 3465 1256 3716 1326; x_wconf 71' lang='grc' dir='ltr'>Ερίριιςιο</span> 
     </span>
    </p>
   </div>
   <div class='ocr_carea' id='block_1_28' title="bbox 2121 1345 3716 1416">
    <p class='ocr_par' dir='ltr' id='par_1_28' title="bbox 2121 1345 3716 1416">
     <span class='ocr_line' id='line_1_28' title="bbox 2121 1345 3716 1416; baseline 0.001 -17"><span class='ocrx_word' id='word_1_193' title='bbox 2121 1346 2247 1400; x_wconf 90' lang='lat' dir='ltr'><strong>nius</strong></span> <span class='ocrx_word' id='word_1_194' title='bbox 2287 1345 2490 1402; x_wconf 82' lang='lat' dir='ltr'><strong>Christi</strong></span> <span class='ocrx_word' id='word_1_195' title='bbox 2519 1347 2844 1416; x_wconf 86' lang='lat' dir='ltr'><strong>baptismum</strong></span> <span class='ocrx_word' id='word_1_196' title='bbox 2883 1347 3125 1416; x_wconf 80' lang='lat' dir='ltr'><strong>assignat</strong></span> <span class='ocrx_word' id='word_1_197' title='bbox 3150 1347 3200 1401; x_wconf 86' lang='lat' dir='ltr'><strong>ei</strong></span> <span class='ocrx_word' id='word_1_198' title='bbox 3229 1363 3398 1411; x_wconf 91' lang='lat' dir='ltr'><strong>anno,</strong></span> <span class='ocrx_word' id='word_1_199' title='bbox 3429 1352 3533 1416; x_wconf 91' lang='lat' dir='ltr'><strong>qui</strong></span> <span class='ocrx_word' id='word_1_200' title='bbox 3575 1362 3716 1402; x_wconf 81' lang='lat' dir='ltr'><strong>coss.</strong></span> 
     </span>
    </p>
   </div>
   <div class='ocr_carea' id='block_1_29' title="bbox 2116 1437 3716 1510">
    <p class='ocr_par' dir='ltr' id='par_1_29' title="bbox 2116 1437 3716 1510">
     <span class='ocr_line' id='line_1_29' title="bbox 2116 1437 3716 1510; baseline 0.003 -18"><span class='ocrx_word' id='word_1_201' title='bbox 2116 1437 2306 1494; x_wconf 87' lang='lat' dir='ltr'><strong>habuit</strong></span> <span class='ocrx_word' id='word_1_202' title='bbox 2347 1439 2628 1494; x_wconf 84' lang='lat' dir='ltr'><strong>Silvanum</strong></span> <span class='ocrx_word' id='word_1_203' title='bbox 2651 1447 2705 1494; x_wconf 92' lang='lat' dir='ltr'><strong>et</strong></span> <span class='ocrx_word' id='word_1_204' title='bbox 2725 1438 2979 1503; x_wconf 80' lang='lat' dir='ltr'><strong>Nervam,</strong></span> <span class='ocrx_word' id='word_1_205' title='bbox 2997 1440 3089 1510; x_wconf 91' lang='lat' dir='ltr'><strong>qui</strong></span> <span class='ocrx_word' id='word_1_206' title='bbox 3110 1450 3196 1495; x_wconf 91' lang='lat' dir='ltr'><strong>est</strong></span> <span class='ocrx_word' id='word_1_207' title='bbox 3214 1438 3472 1494; x_wconf 82' lang='lat' dir='ltr'><strong>Julianus</strong></span> <span class='ocrx_word' id='word_1_208' title='bbox 3493 1440 3592 1504; x_wconf 70' lang='grc' dir='ltr'><strong>Τό,</strong></span> <span class='ocrx_word' id='word_1_209' title='bbox 3615 1438 3716 1496; x_wconf 79' lang='lat' dir='ltr'><strong>No-</strong></span> 
     </span>
    </p>
   </div>
   <div class='ocr_carea' id='block_1_30' title="bbox 2120 1530 3708 1598">
    <p class='ocr_par' dir='ltr' id='par_1_30' title="bbox 2120 1530 3708 1598">
     <span class='ocr_line' id='line_1_30' title="bbox 2120 1530 3708 1598; baseline -0.002 -14"><span class='ocrx_word' id='word_1_210' title='bbox 2120 1531 2328 1585; x_wconf 86' lang='lat' dir='ltr'><strong>vembri</strong></span> <span class='ocrx_word' id='word_1_211' title='bbox 2353 1547 2560 1595; x_wconf 85' lang='lat' dir='ltr'><strong>mense,</strong></span> <span class='ocrx_word' id='word_1_212' title='bbox 2594 1546 2861 1586; x_wconf 76' lang='lat' dir='ltr'><strong>cumxxrx</strong></span> <span class='ocrx_word' id='word_1_213' title='bbox 2892 1545 3088 1593; x_wconf 89' lang='lat' dir='ltr'><strong>annos,</strong></span> <span class='ocrx_word' id='word_1_214' title='bbox 3112 1544 3327 1585; x_wconf 89' lang='lat' dir='ltr'><strong>menses</strong></span> <span class='ocrx_word' id='word_1_215' title='bbox 3359 1546 3391 1583; x_wconf 73' lang='grc' dir='ltr'><strong>ι</strong></span> <span class='ocrx_word' id='word_1_216' title='bbox 3417 1530 3708 1598; x_wconf 82' lang='lat' dir='ltr'><strong>implesset.</strong></span> 
     </span>
    </p>
   </div>
   <div class='ocr_carea' id='block_1_31' title="bbox 2114 1619 3717 1683">
    <p class='ocr_par' dir='ltr' id='par_1_31' title="bbox 2114 1619 3717 1683">
     <span class='ocr_line' id='line_1_31' title="bbox 2114 1619 3717 1683; baseline -0.002 -7"><span class='ocrx_word' id='word_1_217' title='bbox 2114 1621 2464 1678; x_wconf 91' lang='lat' dir='ltr'><strong>Novilunium</strong></span> <span class='ocrx_word' id='word_1_218' title='bbox 2483 1622 2719 1677; x_wconf 89' lang='lat' dir='ltr'><strong>medium</strong></span> <span class='ocrx_word' id='word_1_219' title='bbox 2739 1623 2840 1676; x_wconf 86' lang='lat' dir='ltr'><strong>hoc</strong></span> <span class='ocrx_word' id='word_1_220' title='bbox 2857 1621 3267 1676; x_wconf 87' lang='lat' dir='ltr'><strong>annoinciditin</strong></span> <span class='ocrx_word' id='word_1_221' title='bbox 3292 1619 3432 1676; x_wconf 80' lang='lat' dir='ltr'><strong>Nov.</strong></span> <span class='ocrx_word' id='word_1_222' title='bbox 3459 1637 3547 1683; x_wconf 82' lang='lat' dir='ltr'><strong>vr,</strong></span> <span class='ocrx_word' id='word_1_223' title='bbox 3574 1622 3717 1674; x_wconf 83' lang='lat' dir='ltr'><strong>horis</strong></span> 
     </span>
    </p>
   </div>
   <div class='ocr_carea' id='block_1_32' title="bbox 2117 1714 3710 1786">
    <p class='ocr_par' dir='ltr' id='par_1_32' title="bbox 2117 1714 3710 1786">
     <span class='ocr_line' id='line_1_32' title="bbox 2117 1714 3710 1786; baseline 0 -17"><span class='ocrx_word' id='word_1_224' title='bbox 2117 1716 2327 1784; x_wconf 84' lang='lat' dir='ltr'><strong>aliquot</strong></span> <span class='ocrx_word' id='word_1_225' title='bbox 2382 1724 2506 1784; x_wconf 85' lang='lat' dir='ltr'><strong>post</strong></span> <span class='ocrx_word' id='word_1_226' title='bbox 2560 1716 2778 1768; x_wconf 90' lang='lat' dir='ltr'><strong>initium</strong></span> <span class='ocrx_word' id='word_1_227' title='bbox 2809 1717 3005 1778; x_wconf 89' lang='lat' dir='ltr'><strong>noctis,</strong></span> <span class='ocrx_word' id='word_1_228' title='bbox 3041 1716 3193 1786; x_wconf 84' lang='lat' dir='ltr'><strong>cyclo</strong></span> <span class='ocrx_word' id='word_1_229' title='bbox 3238 1731 3292 1769; x_wconf 71' lang='grc' dir='ltr'><strong>ι.</strong></span> <span class='ocrx_word' id='word_1_230' title='bbox 3321 1714 3516 1780; x_wconf 84' lang='lat' dir='ltr'><strong>Quare</strong></span> <span class='ocrx_word' id='word_1_231' title='bbox 3543 1716 3592 1768; x_wconf 86' lang='lat' dir='ltr'><strong>si</strong></span> <span class='ocrx_word' id='word_1_232' title='bbox 3621 1714 3710 1769; x_wconf 76' lang='lat' dir='ltr'><strong>No-</strong></span> 
     </span>
    </p>
   </div>
   <div class='ocr_carea' id='block_1_33' title="bbox 433 1777 3712 1874">
    <p class='ocr_par' dir='ltr' id='par_1_33' title="bbox 433 1777 3712 1874">
     <span class='ocr_line' id='line_1_33' title="bbox 433 1777 3712 1874; baseline -0.001 -11"><span class='ocrx_word' id='word_1_233' title='bbox 433 1823 550 1864; x_wconf 90' lang='lat' dir='ltr'><strong>sem</strong></span> <span class='ocrx_word' id='word_1_234' title='bbox 583 1806 839 1864; x_wconf 83' lang='lat' dir='ltr'><strong>refertur.</strong></span> <span class='ocrx_word' id='word_1_235' title='bbox 873 1805 1007 1860; x_wconf 86' lang='lat' dir='ltr'><strong>Nam</strong></span> <span class='ocrx_word' id='word_1_236' title='bbox 1039 1807 1093 1860; x_wconf 90' lang='lat' dir='ltr'><strong>in</strong></span> <span class='ocrx_word' id='word_1_237' title='bbox 1124 1805 1275 1860; x_wconf 84' lang='lat' dir='ltr'><strong>Elide</strong></span> <span class='ocrx_word' id='word_1_238' title='bbox 1298 1820 1405 1860; x_wconf 87' lang='lat' dir='ltr'><strong>non</strong></span> <span class='ocrx_word' id='word_1_239' title='bbox 1434 1805 1659 1861; x_wconf 83' lang='lat' dir='ltr'><strong>Athenis</strong></span> <span class='ocrx_word' id='word_1_240' title='bbox 1686 1810 1836 1874; x_wconf 78' lang='lat' dir='ltr'><strong>gesta</strong></span> <span class='ocrx_word' id='word_1_241' title='bbox 1861 1812 2009 1868; x_wconf 78' lang='lat' dir='ltr'><strong>sunt,</strong></span> <span class='ocrx_word' id='word_1_242' title='bbox 2043 1777 2089 1835; x_wconf 69' lang='grc' dir='ltr'><strong>Β</strong></span> <span class='ocrx_word' id='word_1_243' title='bbox 2127 1809 2363 1864; x_wconf 85' lang='lat' dir='ltr'><strong>vembris</strong></span> <span class='ocrx_word' id='word_1_244' title='bbox 2396 1809 2514 1864; x_wconf 91' lang='lat' dir='ltr'><strong>dies</strong></span> <span class='ocrx_word' id='word_1_245' title='bbox 2544 1825 2640 1864; x_wconf 87' lang='lat' dir='ltr'><strong>vm</strong></span> <span class='ocrx_word' id='word_1_246' title='bbox 2693 1807 3084 1863; x_wconf 83' lang='lat' dir='ltr'><strong>Marchesuvan</strong></span> <span class='ocrx_word' id='word_1_247' title='bbox 3118 1807 3330 1863; x_wconf 86' lang='lat' dir='ltr'><strong>Judaici</strong></span> <span class='ocrx_word' id='word_1_248' title='bbox 3358 1809 3482 1863; x_wconf 87' lang='lat' dir='ltr'><strong>dies</strong></span> <span class='ocrx_word' id='word_1_249' title='bbox 3511 1817 3601 1863; x_wconf 78' lang='lat' dir='ltr'><strong>est</strong></span> <span class='ocrx_word' id='word_1_250' title='bbox 3625 1824 3712 1871; x_wconf 76' lang='lat' dir='ltr'><strong>vn,</strong></span> 
     </span>
    </p>
   </div>
   <div class='ocr_carea' id='block_1_34' title="bbox 434 1893 2018 1975">
    <p class='ocr_par' dir='ltr' id='par_1_34' title="bbox 434 1893 2018 1975">
     <span class='ocr_line' id='line_1_34' title="bbox 434 1893 2018 1975; baseline -0.008 -17"><span class='ocrx_word' id='word_1_251' title='bbox 434 1918 610 1975; x_wconf 65' lang='lat' dir='ltr'><strong>quea</strong></span> <span class='ocrx_word' id='word_1_252' title='bbox 642 1899 887 1957; x_wconf 89' lang='lat' dir='ltr'><strong>Luciano</strong></span> <span class='ocrx_word' id='word_1_253' title='bbox 921 1907 1232 1955; x_wconf 80' lang='lat' dir='ltr'><strong>narrantur.</strong></span> <span class='ocrx_word' id='word_1_254' title='bbox 1265 1896 1474 1952; x_wconf 88' lang='lat' dir='ltr'><strong>Deinde</strong></span> <span class='ocrx_word' id='word_1_255' title='bbox 1505 1896 1657 1952; x_wconf 89' lang='lat' dir='ltr'><strong>illum</strong></span> <span class='ocrx_word' id='word_1_256' title='bbox 1700 1895 1876 1964; x_wconf 89' lang='lat' dir='ltr'><strong>ipsum</strong></span> <span class='ocrx_word' id='word_1_257' title='bbox 1911 1893 2018 1947; x_wconf 82' lang='lat' dir='ltr'><strong>Lu-</strong></span> 
     </span>
    </p>
   </div>
   <div class='ocr_carea' id='block_1_35' title="bbox 437 1987 2018 2063">
    <p class='ocr_par' dir='ltr' id='par_1_35' title="bbox 437 1987 2018 2063">
     <span class='ocr_line' id='line_1_35' title="bbox 437 1987 2018 2063; baseline -0.009 -10"><span class='ocrx_word' id='word_1_258' title='bbox 437 1996 582 2053; x_wconf 88' lang='lat' dir='ltr'><strong>ciani</strong></span> <span class='ocrx_word' id='word_1_259' title='bbox 639 1995 816 2051; x_wconf 92' lang='lat' dir='ltr'><strong>locum</strong></span> <span class='ocrx_word' id='word_1_260' title='bbox 850 2009 1014 2063; x_wconf 91' lang='lat' dir='ltr'><strong>quam</strong></span> <span class='ocrx_word' id='word_1_261' title='bbox 1071 1992 1408 2063; x_wconf 89' lang='lat' dir='ltr'><strong>negligenter</strong></span> <span class='ocrx_word' id='word_1_262' title='bbox 1458 1987 1816 2059; x_wconf 80' lang='lat' dir='ltr'><strong>attigithon</strong></span> <span class='ocrx_word' id='word_1_263' title='bbox 1871 1987 2018 2040; x_wconf 90' lang='lat' dir='ltr'><strong>enim</strong></span> 
     </span>
    </p>
   </div>
   <div class='ocr_carea' id='block_1_36' title="bbox 441 2079 2014 2153">
    <p class='ocr_par' dir='ltr' id='par_1_36' title="bbox 441 2079 2014 2153">
     <span class='ocr_line' id='line_1_36' title="bbox 441 2079 2014 2153; baseline -0.008 -9"><span class='ocrx_word' id='word_1_264' title='bbox 441 2087 652 2153; x_wconf 82' lang='lat' dir='ltr'><strong>scribit,</strong></span> <span class='ocrx_word' id='word_1_265' title='bbox 677 2087 821 2142; x_wconf 90' lang='lat' dir='ltr'><strong>circa</strong></span> <span class='ocrx_word' id='word_1_266' title='bbox 851 2085 1086 2140; x_wconf 88' lang='lat' dir='ltr'><strong>mediam</strong></span> <span class='ocrx_word' id='word_1_267' title='bbox 1114 2092 1330 2139; x_wconf 91' lang='lat' dir='ltr'><strong>noctem</strong></span> <span class='ocrx_word' id='word_1_268' title='bbox 1369 2091 1616 2137; x_wconf 77' lang='lat' dir='ltr'><strong>exortam</strong></span> <span class='ocrx_word' id='word_1_269' title='bbox 1654 2094 1774 2136; x_wconf 88' lang='lat' dir='ltr'><strong>esse</strong></span> <span class='ocrx_word' id='word_1_270' title='bbox 1803 2079 2014 2140; x_wconf 88' lang='lat' dir='ltr'><strong>lunam,</strong></span> 
     </span>
    </p>
   </div>
   <div class='ocr_carea' id='block_1_37' title="bbox 447 2173 2018 2247">
    <p class='ocr_par' dir='ltr' id='par_1_37' title="bbox 447 2173 2018 2247">
     <span class='ocr_line' id='line_1_37' title="bbox 447 2173 2018 2247; baseline -0.009 -8"><span class='ocrx_word' id='word_1_271' title='bbox 447 2183 541 2239; x_wconf 90' lang='lat' dir='ltr'><strong>sed</strong></span> <span class='ocrx_word' id='word_1_272' title='bbox 572 2180 806 2236; x_wconf 89' lang='lat' dir='ltr'><strong>amicum</strong></span> <span class='ocrx_word' id='word_1_273' title='bbox 837 2179 1006 2244; x_wconf 90' lang='lat' dir='ltr'><strong>illum,</strong></span> <span class='ocrx_word' id='word_1_274' title='bbox 1043 2178 1110 2233; x_wconf 90' lang='lat' dir='ltr'><strong>ad</strong></span> <span class='ocrx_word' id='word_1_275' title='bbox 1155 2192 1318 2247; x_wconf 88' lang='lat' dir='ltr'><strong>quem</strong></span> <span class='ocrx_word' id='word_1_276' title='bbox 1371 2177 1683 2239; x_wconf 90' lang='lat' dir='ltr'><strong>diverterat,</strong></span> <span class='ocrx_word' id='word_1_277' title='bbox 1730 2173 1873 2228; x_wconf 87' lang='lat' dir='ltr'><strong>circa</strong></span> <span class='ocrx_word' id='word_1_278' title='bbox 1902 2187 2018 2226; x_wconf 89' lang='lat' dir='ltr'><strong>me-</strong></span> 
     </span>
    </p>
   </div>
   <div class='ocr_carea' id='block_1_38' title="bbox 447 2263 2014 2339">
    <p class='ocr_par' dir='ltr' id='par_1_38' title="bbox 447 2263 2014 2339">
     <span class='ocr_line' id='line_1_38' title="bbox 447 2263 2014 2339; baseline -0.008 -11"><span class='ocrx_word' id='word_1_279' title='bbox 447 2273 596 2328; x_wconf 89' lang='lat' dir='ltr'><strong>diam</strong></span> <span class='ocrx_word' id='word_1_280' title='bbox 645 2281 857 2326; x_wconf 89' lang='lat' dir='ltr'><strong>noctem</strong></span> <span class='ocrx_word' id='word_1_281' title='bbox 894 2271 960 2324; x_wconf 89' lang='lat' dir='ltr'><strong>ad</strong></span> <span class='ocrx_word' id='word_1_282' title='bbox 992 2270 1044 2323; x_wconf 88' lang='lat' dir='ltr'><strong>id</strong></span> <span class='ocrx_word' id='word_1_283' title='bbox 1077 2268 1444 2339; x_wconf 80' lang='lat' dir='ltr'><strong>Spectaculum</strong></span> <span class='ocrx_word' id='word_1_284' title='bbox 1480 2268 1780 2336; x_wconf 75' lang='lat' dir='ltr'><strong>profectum</strong></span> <span class='ocrx_word' id='word_1_285' title='bbox 1818 2284 1830 2319; x_wconf 93' lang='lat'><strong>:</strong></span> <span class='ocrx_word' id='word_1_286' title='bbox 1877 2263 2014 2336; x_wconf 74' lang='grc' dir='ltr'>Περὶ</span> 
     </span>
    </p>
   </div>
   <div class='ocr_carea' id='block_1_39' title="bbox 444 2355 2016 2438">
    <p class='ocr_par' dir='ltr' id='par_1_39' title="bbox 444 2355 2016 2438">
     <span class='ocr_line' id='line_1_39' title="bbox 444 2355 2016 2438; baseline -0.007 -19"><span class='ocrx_word' id='word_1_287' title='bbox 444 2365 616 2438; x_wconf 81' lang='grc' dir='ltr'><strong>μέσας</strong></span> <span class='ocrx_word' id='word_1_288' title='bbox 643 2362 844 2426; x_wconf 84' lang='grc' dir='ltr'>νύκτας</span> <span class='ocrx_word' id='word_1_289' title='bbox 897 2361 1197 2427; x_wconf 75' lang='grc' dir='ltr'><strong>ἐξαναστὰς</strong></span> <span class='ocrx_word' id='word_1_290' title='bbox 1227 2359 1392 2431; x_wconf 83' lang='grc' dir='ltr'><strong>ἀπῄει</strong></span> <span class='ocrx_word' id='word_1_291' title='bbox 1430 2359 1561 2412; x_wconf 79' lang='grc' dir='ltr'>εὐθὺ</span> <span class='ocrx_word' id='word_1_292' title='bbox 1600 2359 1700 2429; x_wconf 80' lang='grc' dir='ltr'><strong>τῆς</strong></span> <span class='ocrx_word' id='word_1_293' title='bbox 1735 2355 2016 2428; x_wconf 74' lang='grc' dir='ltr'><strong>Ἁρπίνης·</strong></span> 
     </span>
    </p>
   </div>
   <div class='ocr_carea' id='block_1_40' title="bbox 440 2442 2020 2524">
    <p class='ocr_par' dir='ltr' id='par_1_40' title="bbox 440 2442 2020 2524">
     <span class='ocr_line' id='line_1_40' title="bbox 440 2442 2020 2524; baseline -0.006 -16"><span class='ocrx_word' id='word_1_294' title='bbox 440 2453 570 2508; x_wconf 78' lang='grc' dir='ltr'><strong>ἔνθα</strong></span> <span class='ocrx_word' id='word_1_295' title='bbox 601 2449 730 2524; x_wconf 83' lang='grc' dir='ltr'><strong>ἧνή</strong></span> <span class='ocrx_word' id='word_1_296' title='bbox 771 2452 941 2523; x_wconf 76' lang='grc' dir='ltr'>πυρὰ,</span> <span class='ocrx_word' id='word_1_297' title='bbox 979 2451 1180 2505; x_wconf 84' lang='grc' dir='ltr'><strong>στάδιοι</strong></span> <span class='ocrx_word' id='word_1_298' title='bbox 1235 2450 1434 2512; x_wconf 88' lang='grc' dir='ltr'>πάντες</span> <span class='ocrx_word' id='word_1_299' title='bbox 1460 2442 1606 2501; x_wconf 75' lang='grc' dir='ltr'>οὗτοι</span> <span class='ocrx_word' id='word_1_300' title='bbox 1655 2447 1858 2500; x_wconf 77' lang='grc' dir='ltr'>εἴκοσιν</span> <span class='ocrx_word' id='word_1_301' title='bbox 1912 2444 2020 2500; x_wconf 86' lang='grc' dir='ltr'>ἀπὸ</span> 
     </span>
    </p>
   </div>
   <div class='ocr_carea' id='block_1_41' title="bbox 437 2538 2022 2616">
    <p class='ocr_par' dir='ltr' id='par_1_41' title="bbox 437 2538 2022 2616">
     <span class='ocr_line' id='line_1_41' title="bbox 437 2538 2022 2616; baseline -0.004 -18"><span class='ocrx_word' id='word_1_302' title='bbox 437 2547 536 2616; x_wconf 80' lang='grc' dir='ltr'><strong>τῆς</strong></span> <span class='ocrx_word' id='word_1_303' title='bbox 576 2543 877 2614; x_wconf 81' lang='grc' dir='ltr'>Ὀλυμπίας</span> <span class='ocrx_word' id='word_1_304' title='bbox 901 2541 1042 2596; x_wconf 84' lang='grc' dir='ltr'><strong>κατὰ</strong></span> <span class='ocrx_word' id='word_1_305' title='bbox 1073 2541 1169 2612; x_wconf 84' lang='grc' dir='ltr'><strong>τὴν</strong></span> <span class='ocrx_word' id='word_1_306' title='bbox 1197 2541 1550 2612; x_wconf 79' lang='grc' dir='ltr'><strong>ἱππόδρομον.</strong></span> <span class='ocrx_word' id='word_1_307' title='bbox 1580 2538 1703 2594; x_wconf 82' lang='lat' dir='ltr'><strong>Mox</strong></span> <span class='ocrx_word' id='word_1_308' title='bbox 1734 2555 1865 2594; x_wconf 84' lang='lat' dir='ltr'><strong>vero</strong></span> <span class='ocrx_word' id='word_1_309' title='bbox 1893 2538 2022 2594; x_wconf 90' lang='lat' dir='ltr'><strong>sub-</strong></span> 
     </span>
    </p>
   </div>
   <div class='ocr_carea' id='block_1_42' title="bbox 431 2624 2022 2706">
    <p class='ocr_par' dir='ltr' id='par_1_42' title="bbox 431 2624 2022 2706">
     <span class='ocr_line' id='line_1_42' title="bbox 431 2624 2022 2706; baseline -0.004 -18"><span class='ocrx_word' id='word_1_310' title='bbox 431 2636 556 2706; x_wconf 88' lang='lat' dir='ltr'><strong>jicit</strong></span> <span class='ocrx_word' id='word_1_311' title='bbox 586 2652 600 2688; x_wconf 90' lang='lat'><strong>:</strong></span> <span class='ocrx_word' id='word_1_312' title='bbox 634 2635 745 2688; x_wconf 80' lang='lat' dir='ltr'><strong>Kal.</strong></span> <span class='ocrx_word' id='word_1_313' title='bbox 773 2633 1018 2705; x_wconf 83' lang='grc' dir='ltr'>ὲπειδὴὴ</span> <span class='ocrx_word' id='word_1_314' title='bbox 1050 2633 1246 2703; x_wconf 85' lang='grc' dir='ltr'><strong>σελήνη</strong></span> <span class='ocrx_word' id='word_1_315' title='bbox 1281 2631 1548 2685; x_wconf 80' lang='grc' dir='ltr'><strong>ἀνέτειλεν</strong></span> <span class='ocrx_word' id='word_1_316' title='bbox 1570 2624 1747 2698; x_wconf 75' lang='grc' dir='ltr'>,ἐιο.,</span> <span class='ocrx_word' id='word_1_317' title='bbox 1777 2630 2022 2700; x_wconf 81' lang='grc' dir='ltr'>πρόεισιν</span> 
     </span>
    </p>
   </div>
   <div class='ocr_carea' id='block_1_43' title="bbox 439 2717 2022 2792">
    <p class='ocr_par' dir='ltr' id='par_1_43' title="bbox 439 2717 2022 2792">
     <span class='ocr_line' id='line_1_43' title="bbox 439 2717 2022 2792; baseline -0.004 -14"><span class='ocrx_word' id='word_1_318' title='bbox 439 2727 664 2786; x_wconf 78' lang='grc' dir='ltr'>ἐκεῖνος.</span> <span class='ocrx_word' id='word_1_319' title='bbox 699 2723 960 2778; x_wconf 86' lang='lat' dir='ltr'><strong>Accidere</strong></span> <span class='ocrx_word' id='word_1_320' title='bbox 986 2721 1171 2792; x_wconf 90' lang='lat' dir='ltr'><strong>itaque</strong></span> <span class='ocrx_word' id='word_1_321' title='bbox 1197 2720 1395 2790; x_wconf 87' lang='lat' dir='ltr'><strong>potuit,</strong></span> <span class='ocrx_word' id='word_1_322' title='bbox 1424 2731 1482 2774; x_wconf 94' lang='lat' dir='ltr'><strong>ut</strong></span> <span class='ocrx_word' id='word_1_323' title='bbox 1511 2719 1748 2785; x_wconf 88' lang='lat' dir='ltr'><strong>duabus,</strong></span> <span class='ocrx_word' id='word_1_324' title='bbox 1797 2719 1879 2774; x_wconf 87' lang='lat' dir='ltr'><strong>vel</strong></span> <span class='ocrx_word' id='word_1_325' title='bbox 1917 2717 2022 2772; x_wconf 55' lang='lat' dir='ltr'><strong>tri.</strong></span> 
     </span>
    </p>
   </div>
   <div class='ocr_carea' id='block_1_44' title="bbox 440 2811 2021 2884">
    <p class='ocr_par' dir='ltr' id='par_1_44' title="bbox 440 2811 2021 2884">
     <span class='ocr_line' id='line_1_44' title="bbox 440 2811 2021 2884; baseline -0.004 -12"><span class='ocrx_word' id='word_1_326' title='bbox 440 2819 547 2874; x_wconf 89' lang='lat' dir='ltr'><strong>bus</strong></span> <span class='ocrx_word' id='word_1_327' title='bbox 574 2817 725 2874; x_wconf 89' lang='lat' dir='ltr'><strong>boris</strong></span> <span class='ocrx_word' id='word_1_328' title='bbox 747 2831 778 2870; x_wconf 90' lang='lat' dir='ltr'><strong>a</strong></span> <span class='ocrx_word' id='word_1_329' title='bbox 810 2814 987 2870; x_wconf 89' lang='lat' dir='ltr'><strong>media</strong></span> <span class='ocrx_word' id='word_1_330' title='bbox 1017 2823 1176 2869; x_wconf 87' lang='lat' dir='ltr'><strong>noete</strong></span> <span class='ocrx_word' id='word_1_331' title='bbox 1202 2813 1314 2884; x_wconf 86' lang='lat' dir='ltr'><strong>jam</strong></span> <span class='ocrx_word' id='word_1_332' title='bbox 1351 2813 1553 2883; x_wconf 88' lang='lat' dir='ltr'><strong>elapsis</strong></span> <span class='ocrx_word' id='word_1_333' title='bbox 1593 2827 1856 2883; x_wconf 88' lang='lat' dir='ltr'><strong>apparere</strong></span> <span class='ocrx_word' id='word_1_334' title='bbox 1894 2811 2021 2866; x_wconf 85' lang='lat' dir='ltr'><strong>luna</strong></span> 
     </span>
    </p>
   </div>
   <div class='ocr_carea' id='block_1_45' title="bbox 442 2903 2022 2979">
    <p class='ocr_par' dir='ltr' id='par_1_45' title="bbox 442 2903 2022 2979">
     <span class='ocr_line' id='line_1_45' title="bbox 442 2903 2022 2979; baseline -0.006 -13"><span class='ocrx_word' id='word_1_335' title='bbox 442 2909 687 2979; x_wconf 62' lang='lat' dir='ltr'><strong>ceperit.</strong></span> <span class='ocrx_word' id='word_1_336' title='bbox 725 2907 829 2963; x_wconf 88' lang='lat' dir='ltr'><strong>Sed</strong></span> <span class='ocrx_word' id='word_1_337' title='bbox 862 2921 1038 2976; x_wconf 91' lang='lat' dir='ltr'><strong>neque</strong></span> <span class='ocrx_word' id='word_1_338' title='bbox 1065 2904 1224 2960; x_wconf 90' lang='lat' dir='ltr'><strong>tertio</strong></span> <span class='ocrx_word' id='word_1_339' title='bbox 1243 2904 1326 2960; x_wconf 90' lang='lat' dir='ltr'><strong>vel</strong></span> <span class='ocrx_word' id='word_1_340' title='bbox 1349 2903 1590 2960; x_wconf 91' lang='lat' dir='ltr'><strong>secundo</strong></span> <span class='ocrx_word' id='word_1_341' title='bbox 1621 2905 1825 2974; x_wconf 89' lang='lat' dir='ltr'><strong>potius,</strong></span> <span class='ocrx_word' id='word_1_342' title='bbox 1858 2918 2022 2974; x_wconf 89' lang='lat' dir='ltr'><strong>quam</strong></span> 
     </span>
    </p>
   </div>
   <div class='ocr_carea' id='block_1_46' title="bbox 442 2996 2028 3058">
    <p class='ocr_par' dir='ltr' id='par_1_46' title="bbox 442 2996 2028 3058">
     <span class='ocr_line' id='line_1_46' title="bbox 442 2996 2028 3058; baseline -0.005 0"><span class='ocrx_word' id='word_1_343' title='bbox 442 3021 495 3058; x_wconf 78' lang='lat' dir='ltr'><strong>iv</strong></span> <span class='ocrx_word' id='word_1_344' title='bbox 519 3003 603 3058; x_wconf 89' lang='lat' dir='ltr'><strong>vel</strong></span> <span class='ocrx_word' id='word_1_345' title='bbox 627 3019 656 3056; x_wconf 93' lang='lat' dir='ltr'><strong>v</strong></span> <span class='ocrx_word' id='word_1_346' title='bbox 683 3018 712 3056; x_wconf 89' lang='lat' dir='ltr'><strong>a</strong></span> <span class='ocrx_word' id='word_1_347' title='bbox 741 3001 1056 3056; x_wconf 85' lang='lat' dir='ltr'><strong>celebritate</strong></span> <span class='ocrx_word' id='word_1_348' title='bbox 1084 3000 1172 3056; x_wconf 89' lang='lat' dir='ltr'><strong>die</strong></span> <span class='ocrx_word' id='word_1_349' title='bbox 1201 2999 1344 3055; x_wconf 90' lang='lat' dir='ltr'><strong>istud</strong></span> <span class='ocrx_word' id='word_1_350' title='bbox 1365 2999 1616 3054; x_wconf 86' lang='lat' dir='ltr'><strong>evenisse</strong></span> <span class='ocrx_word' id='word_1_351' title='bbox 1643 2998 1848 3054; x_wconf 89' lang='lat' dir='ltr'><strong>debuit.</strong></span> <span class='ocrx_word' id='word_1_352' title='bbox 1879 2996 2028 3052; x_wconf 90' lang='lat' dir='ltr'><strong>Scri-</strong></span> 
     </span>
    </p>
   </div>
   <div class='ocr_carea' id='block_1_47' title="bbox 2124 1898 3714 1964">
    <p class='ocr_par' dir='ltr' id='par_1_47' title="bbox 2124 1898 3714 1964">
     <span class='ocr_line' id='line_1_47' title="bbox 2124 1898 3714 1964; baseline 0.001 -10"><span class='ocrx_word' id='word_1_353' title='bbox 2124 1899 2422 1956; x_wconf 91' lang='lat' dir='ltr'><strong>Neomenia</strong></span> <span class='ocrx_word' id='word_1_354' title='bbox 2449 1900 2676 1956; x_wconf 90' lang='lat' dir='ltr'><strong>Judaica</strong></span> <span class='ocrx_word' id='word_1_355' title='bbox 2706 1901 2828 1956; x_wconf 90' lang='lat' dir='ltr'><strong>iniit</strong></span> <span class='ocrx_word' id='word_1_356' title='bbox 2865 1898 3127 1958; x_wconf 84' lang='lat' dir='ltr'><strong>Novemb.</strong></span> <span class='ocrx_word' id='word_1_357' title='bbox 3166 1915 3220 1964; x_wconf 85' lang='grc' dir='ltr'>ιι,</span> <span class='ocrx_word' id='word_1_358' title='bbox 3236 1910 3288 1954; x_wconf 90' lang='lat' dir='ltr'><strong>et</strong></span> <span class='ocrx_word' id='word_1_359' title='bbox 3320 1917 3354 1952; x_wconf 88' lang='lat' dir='ltr'><strong>v</strong></span> <span class='ocrx_word' id='word_1_360' title='bbox 3386 1901 3591 1956; x_wconf 84' lang='lat' dir='ltr'><strong>solidis</strong></span> <span class='ocrx_word' id='word_1_361' title='bbox 3613 1902 3714 1956; x_wconf 69' lang='lat' dir='ltr'><strong>die-</strong></span> 
     </span>
    </p>
   </div>
   <div class='ocr_carea' id='block_1_48' title="bbox 2125 1988 3710 2048">
    <p class='ocr_par' dir='ltr' id='par_1_48' title="bbox 2125 1988 3710 2048">
     <span class='ocr_line' id='line_1_48' title="bbox 2125 1988 3710 2048; baseline -0.001 -1"><span class='ocrx_word' id='word_1_362' title='bbox 2125 1992 2228 2048; x_wconf 90' lang='lat' dir='ltr'><strong>bus</strong></span> <span class='ocrx_word' id='word_1_363' title='bbox 2271 1991 2609 2047; x_wconf 80' lang='lat' dir='ltr'><strong>novilunium</strong></span> <span class='ocrx_word' id='word_1_364' title='bbox 2674 1992 2986 2048; x_wconf 87' lang='lat' dir='ltr'><strong>antecessit.</strong></span> <span class='ocrx_word' id='word_1_365' title='bbox 3021 1988 3160 2045; x_wconf 89' lang='lat' dir='ltr'><strong>Nam</strong></span> <span class='ocrx_word' id='word_1_366' title='bbox 3194 1989 3422 2045; x_wconf 89' lang='lat' dir='ltr'><strong>Judaice</strong></span> <span class='ocrx_word' id='word_1_367' title='bbox 3464 1994 3710 2048; x_wconf 83' lang='lat' dir='ltr'><strong>novilun.</strong></span> 
     </span>
    </p>
   </div>
   <div class='ocr_carea' id='block_1_49' title="bbox 2125 2081 3714 2155">
    <p class='ocr_par' dir='ltr' id='par_1_49' title="bbox 2125 2081 3714 2155">
     <span class='ocr_line' id='line_1_49' title="bbox 2125 2081 3714 2155; baseline 0.001 -17"><span class='ocrx_word' id='word_1_368' title='bbox 2125 2084 2432 2155; x_wconf 88' lang='lat' dir='ltr'><strong>quadrabat</strong></span> <span class='ocrx_word' id='word_1_369' title='bbox 2477 2085 2532 2138; x_wconf 92' lang='lat' dir='ltr'><strong>in</strong></span> <span class='ocrx_word' id='word_1_370' title='bbox 2579 2083 2900 2140; x_wconf 88' lang='lat' dir='ltr'><strong>Novembris</strong></span> <span class='ocrx_word' id='word_1_371' title='bbox 2926 2100 3021 2149; x_wconf 83' lang='lat' dir='ltr'><strong>vit,</strong></span> <span class='ocrx_word' id='word_1_372' title='bbox 3053 2081 3187 2138; x_wconf 89' lang='lat' dir='ltr'><strong>feria</strong></span> <span class='ocrx_word' id='word_1_373' title='bbox 3214 2099 3254 2138; x_wconf 86' lang='grc' dir='ltr'>ι.</span> <span class='ocrx_word' id='word_1_374' title='bbox 3296 2082 3406 2139; x_wconf 82' lang='lat' dir='ltr'><strong>Sed</strong></span> <span class='ocrx_word' id='word_1_375' title='bbox 3443 2100 3562 2139; x_wconf 89' lang='lat' dir='ltr'><strong>non</strong></span> <span class='ocrx_word' id='word_1_376' title='bbox 3591 2097 3714 2155; x_wconf 72' lang='lat' dir='ltr'><strong>puto</strong></span> 
     </span>
    </p>
   </div>
   <div class='ocr_carea' id='block_1_50' title="bbox 2127 2171 3715 2247">
    <p class='ocr_par' dir='ltr' id='par_1_50' title="bbox 2127 2171 3715 2247">
     <span class='ocr_line' id='line_1_50' title="bbox 2127 2171 3715 2247; baseline -0.001 -17"><span class='ocrx_word' id='word_1_377' title='bbox 2127 2185 2335 2230; x_wconf 89' lang='lat' dir='ltr'><strong>tantum</strong></span> <span class='ocrx_word' id='word_1_378' title='bbox 2373 2177 2442 2230; x_wconf 87' lang='lat' dir='ltr'><strong>ab</strong></span> <span class='ocrx_word' id='word_1_379' title='bbox 2505 2175 2613 2230; x_wconf 90' lang='lat' dir='ltr'><strong>illis</strong></span> <span class='ocrx_word' id='word_1_380' title='bbox 2645 2174 3045 2231; x_wconf 76' lang='lat' dir='ltr'><strong>dissimulatum</strong></span> <span class='ocrx_word' id='word_1_381' title='bbox 3086 2171 3256 2229; x_wconf 89' lang='lat' dir='ltr'><strong>fuisse</strong></span> <span class='ocrx_word' id='word_1_382' title='bbox 3288 2176 3548 2230; x_wconf 87' lang='lat' dir='ltr'><strong>lunarem</strong></span> <span class='ocrx_word' id='word_1_383' title='bbox 3593 2193 3715 2247; x_wconf 72' lang='grc' dir='ltr'>προ-</span> 
     </span>
    </p>
   </div>
   <div class='ocr_carea' id='block_1_51' title="bbox 2127 2267 3712 2341">
    <p class='ocr_par' dir='ltr' id='par_1_51' title="bbox 2127 2267 3712 2341">
     <span class='ocr_line' id='line_1_51' title="bbox 2127 2267 3712 2341; baseline -0.011 -5"><span class='ocrx_word' id='word_1_384' title='bbox 2127 2268 2345 2339; x_wconf 80' lang='grc' dir='ltr'>ήγησιν.</span> <span class='ocrx_word' id='word_1_385' title='bbox 2374 2267 2440 2321; x_wconf 83' lang='grc' dir='ltr'>Ει</span> <span class='ocrx_word' id='word_1_386' title='bbox 2465 2279 2708 2324; x_wconf 86' lang='lat' dir='ltr'><strong>erratum</strong></span> <span class='ocrx_word' id='word_1_387' title='bbox 2746 2267 2996 2324; x_wconf 78' lang='lat' dir='ltr'><strong>fortassis</strong></span> <span class='ocrx_word' id='word_1_388' title='bbox 3014 2279 3118 2334; x_wconf 86' lang='lat' dir='ltr'><strong>est,</strong></span> <span class='ocrx_word' id='word_1_389' title='bbox 3142 2279 3201 2325; x_wconf 93' lang='lat' dir='ltr'><strong>ut</strong></span> <span class='ocrx_word' id='word_1_390' title='bbox 3221 2285 3320 2340; x_wconf 92' lang='lat' dir='ltr'><strong>pro</strong></span> <span class='ocrx_word' id='word_1_391' title='bbox 3349 2267 3712 2341; x_wconf 77' lang='grc' dir='ltr'><strong>ὲὸδόμῃ,τρξ-</strong></span> 
     </span>
    </p>
   </div>
   <div class='ocr_carea' id='block_1_52' title="bbox 2126 2361 3708 2437">
    <p class='ocr_par' dir='ltr' id='par_1_52' title="bbox 2126 2361 3708 2437">
     <span class='ocr_line' id='line_1_52' title="bbox 2126 2361 3708 2437; baseline -0.001 -22"><span class='ocrx_word' id='word_1_392' title='bbox 2126 2377 2197 2435; x_wconf 82' lang='grc' dir='ltr'>τῃ</span> <span class='ocrx_word' id='word_1_393' title='bbox 2225 2361 2309 2417; x_wconf 91' lang='lat' dir='ltr'><strong>vel</strong></span> <span class='ocrx_word' id='word_1_394' title='bbox 2341 2361 2592 2434; x_wconf 78' lang='grc' dir='ltr'><strong>δευτέρᾳ,</strong></span> <span class='ocrx_word' id='word_1_395' title='bbox 2652 2363 2732 2418; x_wconf 81' lang='lat' dir='ltr'><strong>vel</strong></span> <span class='ocrx_word' id='word_1_396' title='bbox 2783 2373 2929 2418; x_wconf 90' lang='lat' dir='ltr'><strong>certe</strong></span> <span class='ocrx_word' id='word_1_397' title='bbox 2979 2365 3214 2437; x_wconf 79' lang='grc' dir='ltr'><strong>τετάρτῃ</strong></span> <span class='ocrx_word' id='word_1_398' title='bbox 3262 2363 3564 2434; x_wconf 86' lang='lat' dir='ltr'><strong>legendum</strong></span> <span class='ocrx_word' id='word_1_399' title='bbox 3611 2364 3708 2416; x_wconf 88' lang='lat' dir='ltr'><strong>sit:</strong></span> 
     </span>
    </p>
   </div>
   <div class='ocr_carea' id='block_1_53' title="bbox 2126 2451 3713 2523">
    <p class='ocr_par' dir='ltr' id='par_1_53' title="bbox 2126 2451 3713 2523">
     <span class='ocr_line' id='line_1_53' title="bbox 2126 2451 3713 2523; baseline -0.002 -17"><span class='ocrx_word' id='word_1_400' title='bbox 2126 2467 2236 2523; x_wconf 90' lang='lat' dir='ltr'><strong>quo</strong></span> <span class='ocrx_word' id='word_1_401' title='bbox 2263 2452 2559 2509; x_wconf 87' lang='lat' dir='ltr'><strong>tolerabilis</strong></span> <span class='ocrx_word' id='word_1_402' title='bbox 2596 2451 2908 2508; x_wconf 66' lang='lat' dir='ltr'><strong>Neomenia:</strong></span> <span class='ocrx_word' id='word_1_403' title='bbox 2947 2453 3096 2510; x_wconf 89' lang='lat' dir='ltr'><strong>labes</strong></span> <span class='ocrx_word' id='word_1_404' title='bbox 3130 2453 3531 2508; x_wconf 84' lang='lat' dir='ltr'><strong>intercesserit.</strong></span> <span class='ocrx_word' id='word_1_405' title='bbox 3581 2451 3713 2517; x_wconf 80' lang='lat' dir='ltr'><strong>Quin</strong></span> 
     </span>
    </p>
   </div>
   <div class='ocr_carea' id='block_1_54' title="bbox 2126 2540 3713 2613">
    <p class='ocr_par' dir='ltr' id='par_1_54' title="bbox 2126 2540 3713 2613">
     <span class='ocr_line' id='line_1_54' title="bbox 2126 2540 3713 2613; baseline -0.004 -14"><span class='ocrx_word' id='word_1_406' title='bbox 2126 2552 2180 2599; x_wconf 91' lang='lat' dir='ltr'><strong>et</strong></span> <span class='ocrx_word' id='word_1_407' title='bbox 2231 2544 2370 2600; x_wconf 92' lang='lat' dir='ltr'><strong>alius</strong></span> <span class='ocrx_word' id='word_1_408' title='bbox 2393 2557 2548 2597; x_wconf 91' lang='lat' dir='ltr'><strong>error</strong></span> <span class='ocrx_word' id='word_1_409' title='bbox 2574 2551 2657 2599; x_wconf 88' lang='lat' dir='ltr'><strong>est</strong></span> <span class='ocrx_word' id='word_1_410' title='bbox 2691 2542 2744 2596; x_wconf 92' lang='lat' dir='ltr'><strong>in</strong></span> <span class='ocrx_word' id='word_1_411' title='bbox 2773 2543 2978 2598; x_wconf 89' lang='lat' dir='ltr'><strong>mensis</strong></span> <span class='ocrx_word' id='word_1_412' title='bbox 3011 2542 3394 2613; x_wconf 87' lang='lat' dir='ltr'><strong>appellatione.</strong></span> <span class='ocrx_word' id='word_1_413' title='bbox 3428 2540 3551 2595; x_wconf 82' lang='lat' dir='ltr'><strong>Non</strong></span> <span class='ocrx_word' id='word_1_414' title='bbox 3577 2542 3713 2595; x_wconf 87' lang='lat' dir='ltr'><strong>enim</strong></span> 
     </span>
    </p>
   </div>
   <div class='ocr_carea' id='block_1_55' title="bbox 2127 2631 3716 2700">
    <p class='ocr_par' dir='ltr' id='par_1_55' title="bbox 2127 2631 3716 2700">
     <span class='ocr_line' id='line_1_55' title="bbox 2127 2631 3716 2700; baseline 0 -12"><span class='ocrx_word' id='word_1_415' title='bbox 2127 2635 2543 2700; x_wconf 81' lang='lat' dir='ltr'><strong>Marcliesuvan,</strong></span> <span class='ocrx_word' id='word_1_416' title='bbox 2565 2633 2657 2688; x_wconf 89' lang='lat' dir='ltr'><strong>sed</strong></span> <span class='ocrx_word' id='word_1_417' title='bbox 2687 2631 2896 2688; x_wconf 87' lang='lat' dir='ltr'><strong>Casseu</strong></span> <span class='ocrx_word' id='word_1_418' title='bbox 2925 2649 3047 2689; x_wconf 89' lang='lat' dir='ltr'><strong>esse</strong></span> <span class='ocrx_word' id='word_1_419' title='bbox 3076 2634 3254 2699; x_wconf 88' lang='lat' dir='ltr'><strong>debet,</strong></span> <span class='ocrx_word' id='word_1_420' title='bbox 3277 2634 3329 2688; x_wconf 86' lang='lat' dir='ltr'><strong>si</strong></span> <span class='ocrx_word' id='word_1_421' title='bbox 3361 2635 3535 2688; x_wconf 91' lang='lat' dir='ltr'><strong>modo</strong></span> <span class='ocrx_word' id='word_1_422' title='bbox 3569 2635 3716 2688; x_wconf 77' lang='lat' dir='ltr'><strong>luna-</strong></span> 
     </span>
    </p>
   </div>
   <div class='ocr_carea' id='block_1_56' title="bbox 2127 2723 3714 2798">
    <p class='ocr_par' dir='ltr' id='par_1_56' title="bbox 2127 2723 3714 2798">
     <span class='ocr_line' id='line_1_56' title="bbox 2127 2723 3714 2798; baseline -0.001 -16"><span class='ocrx_word' id='word_1_423' title='bbox 2127 2728 2205 2783; x_wconf 92' lang='lat' dir='ltr'><strong>ris</strong></span> <span class='ocrx_word' id='word_1_424' title='bbox 2235 2727 2324 2782; x_wconf 91' lang='lat' dir='ltr'><strong>ille</strong></span> <span class='ocrx_word' id='word_1_425' title='bbox 2351 2725 2555 2782; x_wconf 90' lang='lat' dir='ltr'><strong>mensis</strong></span> <span class='ocrx_word' id='word_1_426' title='bbox 2593 2723 2715 2779; x_wconf 91' lang='lat' dir='ltr'><strong>fuit.</strong></span> <span class='ocrx_word' id='word_1_427' title='bbox 2766 2724 2922 2791; x_wconf 87' lang='lat' dir='ltr'><strong>Quod</strong></span> <span class='ocrx_word' id='word_1_428' title='bbox 2955 2726 3172 2794; x_wconf 89' lang='lat' dir='ltr'><strong>quidem</strong></span> <span class='ocrx_word' id='word_1_429' title='bbox 3221 2725 3338 2781; x_wconf 81' lang='lat' dir='ltr'><strong>fieri</strong></span> <span class='ocrx_word' id='word_1_430' title='bbox 3373 2741 3482 2780; x_wconf 91' lang='lat' dir='ltr'><strong>non</strong></span> <span class='ocrx_word' id='word_1_431' title='bbox 3523 2734 3714 2798; x_wconf 84' lang='lat' dir='ltr'><strong>potest,</strong></span> 
     </span>
    </p>
   </div>
   <div class='ocr_carea' id='block_1_57' title="bbox 2129 2816 3714 2891">
    <p class='ocr_par' dir='ltr' id='par_1_57' title="bbox 2129 2816 3714 2891">
     <span class='ocr_line' id='line_1_57' title="bbox 2129 2816 3714 2891; baseline -0.002 -15"><span class='ocrx_word' id='word_1_432' title='bbox 2129 2821 2177 2876; x_wconf 90' lang='lat' dir='ltr'><strong>si</strong></span> <span class='ocrx_word' id='word_1_433' title='bbox 2208 2821 2415 2891; x_wconf 85' lang='lat' dir='ltr'><strong>integer</strong></span> <span class='ocrx_word' id='word_1_434' title='bbox 2443 2819 2513 2874; x_wconf 87' lang='lat' dir='ltr'><strong>sit</strong></span> <span class='ocrx_word' id='word_1_435' title='bbox 2541 2817 2631 2872; x_wconf 88' lang='lat' dir='ltr'><strong>hic</strong></span> <span class='ocrx_word' id='word_1_436' title='bbox 2662 2816 2948 2888; x_wconf 82' lang='lat' dir='ltr'><strong>Epiphanii</strong></span> <span class='ocrx_word' id='word_1_437' title='bbox 2993 2818 3146 2873; x_wconf 90' lang='lat' dir='ltr'><strong>locus</strong></span> <span class='ocrx_word' id='word_1_438' title='bbox 3173 2829 3226 2874; x_wconf 90' lang='lat' dir='ltr'><strong>et</strong></span> <span class='ocrx_word' id='word_1_439' title='bbox 3256 2819 3474 2875; x_wconf 87' lang='lat' dir='ltr'><strong>Judaici</strong></span> <span class='ocrx_word' id='word_1_440' title='bbox 3517 2820 3714 2873; x_wconf 76' lang='lat' dir='ltr'><strong>mensis</strong></span> 
     </span>
    </p>
   </div>
   <div class='ocr_carea' id='block_1_58' title="bbox 2131 2909 3715 2976">
    <p class='ocr_par' dir='ltr' id='par_1_58' title="bbox 2131 2909 3715 2976">
     <span class='ocr_line' id='line_1_58' title="bbox 2131 2909 3715 2976; baseline -0.003 -9"><span class='ocrx_word' id='word_1_441' title='bbox 2131 2921 2282 2967; x_wconf 79' lang='lat' dir='ltr'><strong>sexta</strong></span> <span class='ocrx_word' id='word_1_442' title='bbox 2334 2909 2671 2964; x_wconf 90' lang='lat' dir='ltr'><strong>novilunium</strong></span> <span class='ocrx_word' id='word_1_443' title='bbox 2723 2909 3078 2966; x_wconf 81' lang='lat' dir='ltr'><strong>commissum</strong></span> <span class='ocrx_word' id='word_1_444' title='bbox 3135 2911 3318 2964; x_wconf 90' lang='lat' dir='ltr'><strong>fuerit.</strong></span> <span class='ocrx_word' id='word_1_445' title='bbox 3351 2910 3499 2976; x_wconf 83' lang='lat' dir='ltr'><strong>Quid</strong></span> <span class='ocrx_word' id='word_1_446' title='bbox 3551 2911 3597 2965; x_wconf 92' lang='lat' dir='ltr'><strong>si</strong></span> <span class='ocrx_word' id='word_1_447' title='bbox 3631 2921 3715 2964; x_wconf 73' lang='lat' dir='ltr'><strong>aut</strong></span> 
     </span>
    </p>
   </div>
   <div class='ocr_carea' id='block_1_59' title="bbox 2130 3000 3716 3072">
    <p class='ocr_par' dir='ltr' id='par_1_59' title="bbox 2130 3000 3716 3072">
     <span class='ocr_line' id='line_1_59' title="bbox 2130 3000 3716 3072; baseline -0.001 -14"><span class='ocrx_word' id='word_1_448' title='bbox 2130 3003 2298 3058; x_wconf 69' lang='lat' dir='ltr'><strong>Juda3i</strong></span> <span class='ocrx_word' id='word_1_449' title='bbox 2328 3010 2459 3055; x_wconf 90' lang='lat' dir='ltr'><strong>tunc</strong></span> <span class='ocrx_word' id='word_1_450' title='bbox 2490 3002 2772 3070; x_wconf 81' lang='lat' dir='ltr'><strong>temporis,</strong></span> <span class='ocrx_word' id='word_1_451' title='bbox 2817 3011 2911 3056; x_wconf 92' lang='lat' dir='ltr'><strong>aut</strong></span> <span class='ocrx_word' id='word_1_452' title='bbox 2941 3001 3283 3071; x_wconf 87' lang='lat' dir='ltr'><strong>Epiphanius</strong></span> <span class='ocrx_word' id='word_1_453' title='bbox 3320 3003 3439 3072; x_wconf 89' lang='lat' dir='ltr'><strong>ipse</strong></span> <span class='ocrx_word' id='word_1_454' title='bbox 3461 3000 3716 3056; x_wconf 75' lang='lat' dir='ltr'><strong>Iudaico-</strong></span> 
     </span>
    </p>
   </div>
   <div class='ocr_carea' id='block_1_60' title="bbox 445 3088 3715 3185">
    <p class='ocr_par' dir='ltr' id='par_1_60' title="bbox 445 3088 3715 3185">
     <span class='ocr_line' id='line_1_60' title="bbox 445 3088 3715 3185; baseline 0.001 -41"><span class='ocrx_word' id='word_1_455' title='bbox 445 3096 526 3151; x_wconf 73' lang='lat' dir='ltr'><strong>bit</strong></span> <span class='ocrx_word' id='word_1_456' title='bbox 549 3095 696 3150; x_wconf 82' lang='lat' dir='ltr'><strong>enim</strong></span> <span class='ocrx_word' id='word_1_457' title='bbox 729 3092 1008 3148; x_wconf 90' lang='lat' dir='ltr'><strong>Lucianus</strong></span> <span class='ocrx_word' id='word_1_458' title='bbox 1038 3091 1207 3146; x_wconf 80' lang='lat' dir='ltr'><strong>finitis</strong></span> <span class='ocrx_word' id='word_1_459' title='bbox 1238 3090 1351 3161; x_wconf 88' lang='lat' dir='ltr'><strong>jam</strong></span> <span class='ocrx_word' id='word_1_460' title='bbox 1382 3088 1893 3162; x_wconf 82' lang='lat' dir='ltr'><strong>Olympiacisludis,</strong></span> <span class='ocrx_word' id='word_1_461' title='bbox 1926 3088 2023 3143; x_wconf 82' lang='lat' dir='ltr'><strong>Pc-</strong></span> <span class='ocrx_word' id='word_1_462' title='bbox 2053 3129 2096 3185; x_wconf 62' lang='grc' dir='ltr'>ο</span> <span class='ocrx_word' id='word_1_463' title='bbox 2135 3111 2253 3150; x_wconf 91' lang='lat' dir='ltr'><strong>rum</strong></span> <span class='ocrx_word' id='word_1_464' title='bbox 2279 3095 2548 3150; x_wconf 89' lang='lat' dir='ltr'><strong>mensium</strong></span> <span class='ocrx_word' id='word_1_465' title='bbox 2581 3095 2843 3148; x_wconf 88' lang='lat' dir='ltr'><strong>vocabula</strong></span> <span class='ocrx_word' id='word_1_466' title='bbox 2861 3093 3094 3150; x_wconf 88' lang='lat' dir='ltr'><strong>Julianis</strong></span> <span class='ocrx_word' id='word_1_467' title='bbox 3119 3095 3406 3150; x_wconf 85' lang='lat' dir='ltr'><strong>mensibus</strong></span> <span class='ocrx_word' id='word_1_468' title='bbox 3435 3096 3715 3150; x_wconf 74' lang='lat' dir='ltr'><strong>tribuerit?</strong></span> 
     </span>
    </p>
   </div>
   <div class='ocr_carea' id='block_1_61' title="bbox 445 3183 2024 3256">
    <p class='ocr_par' dir='ltr' id='par_1_61' title="bbox 445 3183 2024 3256">
     <span class='ocr_line' id='line_1_61' title="bbox 445 3183 2024 3256; baseline -0.006 -14"><span class='ocrx_word' id='word_1_469' title='bbox 445 3186 726 3256; x_wconf 86' lang='lat' dir='ltr'><strong>regrinum</strong></span> <span class='ocrx_word' id='word_1_470' title='bbox 759 3185 902 3239; x_wconf 87' lang='lat' dir='ltr'><strong>diem</strong></span> <span class='ocrx_word' id='word_1_471' title='bbox 946 3183 1012 3239; x_wconf 90' lang='lat' dir='ltr'><strong>de</strong></span> <span class='ocrx_word' id='word_1_472' title='bbox 1068 3183 1155 3238; x_wconf 90' lang='lat' dir='ltr'><strong>die</strong></span> <span class='ocrx_word' id='word_1_473' title='bbox 1189 3183 1515 3248; x_wconf 90' lang='lat' dir='ltr'><strong>trahentem,</strong></span> <span class='ocrx_word' id='word_1_474' title='bbox 1551 3183 1771 3236; x_wconf 89' lang='lat' dir='ltr'><strong>demum</strong></span> <span class='ocrx_word' id='word_1_475' title='bbox 1819 3191 2024 3236; x_wconf 88' lang='lat' dir='ltr'><strong>certain</strong></span> 
     </span>
    </p>
   </div>
   <div class='ocr_carea' id='block_1_62' title="bbox 449 3273 2028 3345">
    <p class='ocr_par' dir='ltr' id='par_1_62' title="bbox 449 3273 2028 3345">
     <span class='ocr_line' id='line_1_62' title="bbox 449 3273 2028 3345; baseline -0.004 -12"><span class='ocrx_word' id='word_1_476' title='bbox 449 3281 504 3333; x_wconf 91' lang='lat' dir='ltr'><strong>in</strong></span> <span class='ocrx_word' id='word_1_477' title='bbox 536 3286 752 3333; x_wconf 87' lang='lat' dir='ltr'><strong>noctem</strong></span> <span class='ocrx_word' id='word_1_478' title='bbox 778 3275 1089 3332; x_wconf 81' lang='lat' dir='ltr'><strong>condixisse</strong></span> <span class='ocrx_word' id='word_1_479' title='bbox 1123 3294 1137 3329; x_wconf 86' lang='lat'><strong>:</strong></span> <span class='ocrx_word' id='word_1_480' title='bbox 1167 3273 1230 3329; x_wconf 78' lang='grc' dir='ltr'><strong>Ὀ</strong></span> <span class='ocrx_word' id='word_1_481' title='bbox 1254 3275 1312 3328; x_wconf 80' lang='grc' dir='ltr'><strong>δὲ</strong></span> <span class='ocrx_word' id='word_1_482' title='bbox 1338 3275 1446 3328; x_wconf 72' lang='grc' dir='ltr'><strong>αἰεὶ</strong></span> <span class='ocrx_word' id='word_1_483' title='bbox 1467 3274 1900 3345; x_wconf 76' lang='grc' dir='ltr'>ἀναϐαλλόμενος</span> <span class='ocrx_word' id='word_1_484' title='bbox 1937 3273 2028 3326; x_wconf 87' lang='grc' dir='ltr'>νύ-</span> 
     </span>
    </p>
   </div>
   <div class='ocr_carea' id='block_1_63' title="bbox 447 3365 2025 3440">
    <p class='ocr_par' dir='ltr' id='par_1_63' title="bbox 447 3365 2025 3440">
     <span class='ocr_line' id='line_1_63' title="bbox 447 3365 2025 3440; baseline -0.004 -15"><span class='ocrx_word' id='word_1_485' title='bbox 447 3389 551 3425; x_wconf 83' lang='grc' dir='ltr'><strong>κτα</strong></span> <span class='ocrx_word' id='word_1_486' title='bbox 578 3371 638 3425; x_wconf 83' lang='grc' dir='ltr'>τὺ</span> <span class='ocrx_word' id='word_1_487' title='bbox 663 3369 971 3425; x_wconf 80' lang='grc' dir='ltr'>τελευταῖον</span> <span class='ocrx_word' id='word_1_488' title='bbox 1014 3370 1335 3440; x_wconf 88' lang='grc' dir='ltr'>προειρήκει</span> <span class='ocrx_word' id='word_1_489' title='bbox 1370 3367 1739 3434; x_wconf 71' lang='grc' dir='ltr'>ἐπιδείξασθαι</span> <span class='ocrx_word' id='word_1_490' title='bbox 1760 3366 1857 3437; x_wconf 82' lang='grc' dir='ltr'><strong>τὴν</strong></span> <span class='ocrx_word' id='word_1_491' title='bbox 1889 3365 2025 3419; x_wconf 82' lang='grc' dir='ltr'><strong>καῦ-</strong></span> 
     </span>
    </p>
   </div>
   <div class='ocr_carea' id='block_1_64' title="bbox 451 3457 2024 3531">
    <p class='ocr_par' dir='ltr' id='par_1_64' title="bbox 451 3457 2024 3531">
     <span class='ocr_line' id='line_1_64' title="bbox 451 3457 2024 3531; baseline -0.004 -14"><span class='ocrx_word' id='word_1_492' title='bbox 451 3481 556 3519; x_wconf 84' lang='grc' dir='ltr'>σιν.</span> <span class='ocrx_word' id='word_1_493' title='bbox 607 3463 689 3518; x_wconf 84' lang='lat' dir='ltr'><strong>Ad</strong></span> <span class='ocrx_word' id='word_1_494' title='bbox 743 3463 858 3518; x_wconf 65' lang='lat' dir='ltr'><strong>haec</strong></span> <span class='ocrx_word' id='word_1_495' title='bbox 895 3461 1020 3531; x_wconf 86' lang='lat' dir='ltr'><strong>quis</strong></span> <span class='ocrx_word' id='word_1_496' title='bbox 1083 3459 1420 3530; x_wconf 87' lang='lat' dir='ltr'><strong>Scaligerum</strong></span> <span class='ocrx_word' id='word_1_497' title='bbox 1467 3459 1676 3520; x_wconf 85' lang='lat' dir='ltr'><strong>docuit,</strong></span> <span class='ocrx_word' id='word_1_498' title='bbox 1732 3457 2024 3512; x_wconf 83' lang='lat' dir='ltr'><strong>vauliani</strong></span> 
     </span>
    </p>
   </div>
   <div class='ocr_carea' id='block_1_65' title="bbox 447 3549 2025 3621">
    <p class='ocr_par' dir='ltr' id='par_1_65' title="bbox 447 3549 2025 3621">
     <span class='ocr_line' id='line_1_65' title="bbox 447 3549 2025 3621; baseline -0.006 -9"><span class='ocrx_word' id='word_1_499' title='bbox 447 3557 676 3620; x_wconf 88' lang='lat' dir='ltr'><strong>mensis,</strong></span> <span class='ocrx_word' id='word_1_500' title='bbox 714 3555 816 3610; x_wconf 90' lang='lat' dir='ltr'><strong>hoc</strong></span> <span class='ocrx_word' id='word_1_501' title='bbox 856 3564 941 3611; x_wconf 90' lang='lat' dir='ltr'><strong>est</strong></span> <span class='ocrx_word' id='word_1_502' title='bbox 979 3553 1132 3618; x_wconf 87' lang='lat' dir='ltr'><strong>Julii,</strong></span> <span class='ocrx_word' id='word_1_503' title='bbox 1182 3569 1292 3608; x_wconf 88' lang='lat' dir='ltr'><strong>non</strong></span> <span class='ocrx_word' id='word_1_504' title='bbox 1329 3561 1511 3608; x_wconf 90' lang='lat' dir='ltr'><strong>autem</strong></span> <span class='ocrx_word' id='word_1_505' title='bbox 1553 3551 1785 3618; x_wconf 86' lang='lat' dir='ltr'><strong>lunaris,</strong></span> <span class='ocrx_word' id='word_1_506' title='bbox 1839 3549 2025 3621; x_wconf 89' lang='lat' dir='ltr'><strong>Olym-</strong></span> 
     </span>
    </p>
   </div>
   <div class='ocr_carea' id='block_1_66' title="bbox 445 3641 2021 3718">
    <p class='ocr_par' dir='ltr' id='par_1_66' title="bbox 445 3641 2021 3718">
     <span class='ocr_line' id='line_1_66' title="bbox 445 3641 2021 3718; baseline -0.003 -18"><span class='ocrx_word' id='word_1_507' title='bbox 445 3647 635 3718; x_wconf 90' lang='lat' dir='ltr'><strong>piacos</strong></span> <span class='ocrx_word' id='word_1_508' title='bbox 662 3644 784 3699; x_wconf 91' lang='lat' dir='ltr'><strong>illos</strong></span> <span class='ocrx_word' id='word_1_509' title='bbox 820 3658 1023 3714; x_wconf 88' lang='lat' dir='ltr'><strong>agones</strong></span> <span class='ocrx_word' id='word_1_510' title='bbox 1051 3644 1117 3698; x_wconf 91' lang='lat' dir='ltr'><strong>de</strong></span> <span class='ocrx_word' id='word_1_511' title='bbox 1150 3657 1302 3698; x_wconf 91' lang='lat' dir='ltr'><strong>more</strong></span> <span class='ocrx_word' id='word_1_512' title='bbox 1331 3643 1632 3698; x_wconf 88' lang='lat' dir='ltr'><strong>celebratos</strong></span> <span class='ocrx_word' id='word_1_513' title='bbox 1662 3642 1818 3697; x_wconf 87' lang='lat' dir='ltr'><strong>esse?</strong></span> <span class='ocrx_word' id='word_1_514' title='bbox 1847 3641 2021 3708; x_wconf 90' lang='lat' dir='ltr'><strong>Quam</strong></span> 
     </span>
    </p>
   </div>
   <div class='ocr_carea' id='block_1_67' title="bbox 446 3732 2026 3804">
    <p class='ocr_par' dir='ltr' id='par_1_67' title="bbox 446 3732 2026 3804">
     <span class='ocr_line' id='line_1_67' title="bbox 446 3732 2026 3804; baseline 0 -15"><span class='ocrx_word' id='word_1_515' title='bbox 446 3735 565 3790; x_wconf 63' lang='lat' dir='ltr'><strong>haec</strong></span> <span class='ocrx_word' id='word_1_516' title='bbox 593 3748 730 3787; x_wconf 88' lang='lat' dir='ltr'><strong>vana</strong></span> <span class='ocrx_word' id='word_1_517' title='bbox 761 3741 816 3788; x_wconf 91' lang='lat' dir='ltr'><strong>et</strong></span> <span class='ocrx_word' id='word_1_518' title='bbox 844 3734 1163 3804; x_wconf 83' lang='grc' dir='ltr'>ἀνάρμοστα</span> <span class='ocrx_word' id='word_1_519' title='bbox 1191 3734 1303 3789; x_wconf 91' lang='lat' dir='ltr'><strong>sint</strong></span> <span class='ocrx_word' id='word_1_520' title='bbox 1343 3748 1504 3788; x_wconf 88' lang='lat' dir='ltr'><strong>nemo</strong></span> <span class='ocrx_word' id='word_1_521' title='bbox 1536 3749 1646 3788; x_wconf 92' lang='lat' dir='ltr'><strong>non</strong></span> <span class='ocrx_word' id='word_1_522' title='bbox 1678 3733 1843 3788; x_wconf 84' lang='lat' dir='ltr'><strong>videt.</strong></span> <span class='ocrx_word' id='word_1_523' title='bbox 1869 3732 2026 3789; x_wconf 90' lang='lat' dir='ltr'><strong>Certe</strong></span> 
     </span>
    </p>
   </div>
   <div class='ocr_carea' id='block_1_68' title="bbox 436 3823 2025 3896">
    <p class='ocr_par' dir='ltr' id='par_1_68' title="bbox 436 3823 2025 3896">
     <span class='ocr_line' id='line_1_68' title="bbox 436 3823 2025 3896; baseline -0.001 -15"><span class='ocrx_word' id='word_1_524' title='bbox 436 3824 716 3881; x_wconf 84' lang='lat' dir='ltr'><strong>Calvisius</strong></span> <span class='ocrx_word' id='word_1_525' title='bbox 765 3823 1138 3895; x_wconf 87' lang='lat' dir='ltr'><strong>Olympiadem</strong></span> <span class='ocrx_word' id='word_1_526' title='bbox 1190 3825 1336 3879; x_wconf 89' lang='lat' dir='ltr'><strong>illam</strong></span> <span class='ocrx_word' id='word_1_527' title='bbox 1396 3824 1501 3879; x_wconf 68' lang='grc'><strong>256</strong></span> <span class='ocrx_word' id='word_1_528' title='bbox 1538 3826 1770 3896; x_wconf 87' lang='lat' dir='ltr'><strong>Augusti</strong></span> <span class='ocrx_word' id='word_1_529' title='bbox 1813 3842 1887 3880; x_wconf 81' lang='lat' dir='ltr'><strong>xu</strong></span> <span class='ocrx_word' id='word_1_530' title='bbox 1916 3841 2025 3881; x_wconf 85' lang='lat' dir='ltr'><strong>non</strong></span> 
     </span>
    </p>
   </div>
   <div class='ocr_carea' id='block_1_69' title="bbox 432 3915 2018 3987">
    <p class='ocr_par' dir='ltr' id='par_1_69' title="bbox 432 3915 2018 3987">
     <span class='ocr_line' id='line_1_69' title="bbox 432 3915 2018 3987; baseline 0 -15"><span class='ocrx_word' id='word_1_531' title='bbox 432 3916 588 3972; x_wconf 83' lang='lat' dir='ltr'><strong>Julio</strong></span> <span class='ocrx_word' id='word_1_532' title='bbox 616 3924 888 3987; x_wconf 90' lang='lat' dir='ltr'><strong>peractam</strong></span> <span class='ocrx_word' id='word_1_533' title='bbox 923 3916 1220 3971; x_wconf 85' lang='lat' dir='ltr'><strong>existimat.</strong></span> <span class='ocrx_word' id='word_1_534' title='bbox 1263 3915 1367 3982; x_wconf 85' lang='lat' dir='ltr'><strong>Qui</strong></span> <span class='ocrx_word' id='word_1_535' title='bbox 1405 3923 1458 3970; x_wconf 93' lang='lat' dir='ltr'><strong>et</strong></span> <span class='ocrx_word' id='word_1_536' title='bbox 1522 3916 1639 3986; x_wconf 88' lang='lat' dir='ltr'><strong>ipse</strong></span> <span class='ocrx_word' id='word_1_537' title='bbox 1675 3926 1856 3971; x_wconf 92' lang='lat' dir='ltr'><strong>tamen</strong></span> <span class='ocrx_word' id='word_1_538' title='bbox 1890 3932 2018 3987; x_wconf 82' lang='lat' dir='ltr'><strong>pue-</strong></span> 
     </span>
    </p>
   </div>
   <div class='ocr_carea' id='block_1_70' title="bbox 2133 3183 3712 3251">
    <p class='ocr_par' dir='ltr' id='par_1_70' title="bbox 2133 3183 3712 3251">
     <span class='ocr_line' id='line_1_70' title="bbox 2133 3183 3712 3251; baseline -0.003 -9"><span class='ocrx_word' id='word_1_539' title='bbox 2133 3189 2213 3244; x_wconf 86' lang='lat' dir='ltr'><strong>Ac</strong></span> <span class='ocrx_word' id='word_1_540' title='bbox 2261 3195 2391 3241; x_wconf 85' lang='lat' dir='ltr'><strong>tunc</strong></span> <span class='ocrx_word' id='word_1_541' title='bbox 2445 3183 2677 3241; x_wconf 90' lang='lat' dir='ltr'><strong>October</strong></span> <span class='ocrx_word' id='word_1_542' title='bbox 2730 3185 2912 3251; x_wconf 90' lang='lat' dir='ltr'><strong>Tisri,</strong></span> <span class='ocrx_word' id='word_1_543' title='bbox 2964 3183 3272 3241; x_wconf 87' lang='lat' dir='ltr'><strong>November</strong></span> <span class='ocrx_word' id='word_1_544' title='bbox 3321 3185 3712 3242; x_wconf 77' lang='lat' dir='ltr'><strong>Marchesuvu</strong></span> 
     </span>
    </p>
   </div>
   <div class='ocr_carea' id='block_1_71' title="bbox 2135 3276 3709 3347">
    <p class='ocr_par' dir='ltr' id='par_1_71' title="bbox 2135 3276 3709 3347">
     <span class='ocr_line' id='line_1_71' title="bbox 2135 3276 3709 3347; baseline 0 -15"><span class='ocrx_word' id='word_1_545' title='bbox 2135 3279 2317 3334; x_wconf 89' lang='lat' dir='ltr'><strong>fuerit.</strong></span> <span class='ocrx_word' id='word_1_546' title='bbox 2353 3276 2457 3332; x_wconf 82' lang='lat' dir='ltr'><strong>Sed</strong></span> <span class='ocrx_word' id='word_1_547' title='bbox 2485 3276 2645 3346; x_wconf 89' lang='lat' dir='ltr'><strong>hujus</strong></span> <span class='ocrx_word' id='word_1_548' title='bbox 2679 3276 2753 3331; x_wconf 92' lang='lat' dir='ltr'><strong>rei</strong></span> <span class='ocrx_word' id='word_1_549' title='bbox 2786 3286 2981 3347; x_wconf 76' lang='lat' dir='ltr'><strong>praeter</strong></span> <span class='ocrx_word' id='word_1_550' title='bbox 3025 3277 3399 3347; x_wconf 86' lang='lat' dir='ltr'><strong>conjecturam</strong></span> <span class='ocrx_word' id='word_1_551' title='bbox 3448 3277 3590 3332; x_wconf 85' lang='lat' dir='ltr'><strong>nihil</strong></span> <span class='ocrx_word' id='word_1_552' title='bbox 3631 3279 3709 3332; x_wconf 81' lang='lat' dir='ltr'><strong>ha-</strong></span> 
     </span>
    </p>
   </div>
   <div class='ocr_carea' id='block_1_72' title="bbox 2133 3372 2345 3426">
    <p class='ocr_par' dir='ltr' id='par_1_72' title="bbox 2133 3372 2345 3426">
     <span class='ocr_line' id='line_1_72' title="bbox 2133 3372 2345 3426; baseline -0.005 -1"><span class='ocrx_word' id='word_1_553' title='bbox 2133 3372 2345 3426; x_wconf 84' lang='lat' dir='ltr'><strong>bemus.</strong></span> 
     </span>
    </p>
   </div>
   <div class='ocr_carea' id='block_1_73' title="bbox 2205 3460 3708 3533">
    <p class='ocr_par' dir='ltr' id='par_1_73' title="bbox 2205 3460 3708 3533">
     <span class='ocr_line' id='line_1_73' title="bbox 2205 3460 3708 3533; baseline -0.003 -15"><span class='ocrx_word' id='word_1_554' title='bbox 2205 3464 2343 3520; x_wconf 90' lang='lat' dir='ltr'><strong>lbid.</strong></span> <span class='ocrx_word' id='word_1_555' title='bbox 2375 3462 2557 3520; x_wconf 67' lang='grc' dir='ltr'><strong>1).Τὸιν</strong></span> <span class='ocrx_word' id='word_1_556' title='bbox 2581 3461 2688 3533; x_wconf 62' lang='grc' dir='ltr'><strong>γὰρ</strong></span> <span class='ocrx_word' id='word_1_557' title='bbox 2712 3460 2946 3531; x_wconf 76' lang='grc' dir='ltr'>πρῶτον</span> <span class='ocrx_word' id='word_1_558' title='bbox 2965 3462 3263 3516; x_wconf 68' lang='grc' dir='ltr'>ἐνιαυτόν.</span> <span class='ocrx_word' id='word_1_559' title='bbox 3290 3461 3482 3516; x_wconf 83' lang='lat' dir='ltr'><strong>Priore</strong></span> <span class='ocrx_word' id='word_1_560' title='bbox 3505 3464 3606 3532; x_wconf 68' lang='grc' dir='ltr'><strong>τῆς</strong></span> <span class='ocrx_word' id='word_1_561' title='bbox 3621 3479 3708 3531; x_wconf 71' lang='lat' dir='ltr'><strong>tr,-</strong></span> 
     </span>
    </p>
   </div>
   <div class='ocr_carea' id='block_1_74' title="bbox 2135 3553 3706 3628">
    <p class='ocr_par' dir='ltr' id='par_1_74' title="bbox 2135 3553 3706 3628">
     <span class='ocr_line' id='line_1_74' title="bbox 2135 3553 3706 3628; baseline 0 -20"><span class='ocrx_word' id='word_1_562' title='bbox 2135 3555 2338 3628; x_wconf 79' lang='grc' dir='ltr'>ρύξεως</span> <span class='ocrx_word' id='word_1_563' title='bbox 2355 3571 2498 3611; x_wconf 89' lang='lat' dir='ltr'><strong>anno</strong></span> <span class='ocrx_word' id='word_1_564' title='bbox 2515 3556 2782 3609; x_wconf 91' lang='lat' dir='ltr'><strong>neminem</strong></span> <span class='ocrx_word' id='word_1_565' title='bbox 2808 3554 3150 3608; x_wconf 88' lang='lat' dir='ltr'><strong>adversatum</strong></span> <span class='ocrx_word' id='word_1_566' title='bbox 3167 3569 3291 3609; x_wconf 88' lang='lat' dir='ltr'><strong>esse</strong></span> <span class='ocrx_word' id='word_1_567' title='bbox 3310 3553 3536 3610; x_wconf 86' lang='lat' dir='ltr'><strong>Christo</strong></span> <span class='ocrx_word' id='word_1_568' title='bbox 3552 3569 3706 3625; x_wconf 72' lang='lat' dir='ltr'><strong>neque</strong></span> 
     </span>
    </p>
   </div>
   <div class='ocr_carea' id='block_1_75' title="bbox 2134 3644 3705 3716">
    <p class='ocr_par' dir='ltr' id='par_1_75' title="bbox 2134 3644 3705 3716">
     <span class='ocr_line' id='line_1_75' title="bbox 2134 3644 3705 3716; baseline -0.003 -15"><span class='ocrx_word' id='word_1_569' title='bbox 2134 3663 2319 3702; x_wconf 88' lang='lat' dir='ltr'><strong>verum</strong></span> <span class='ocrx_word' id='word_1_570' title='bbox 2349 3656 2452 3710; x_wconf 88' lang='lat' dir='ltr'><strong>est,</strong></span> <span class='ocrx_word' id='word_1_571' title='bbox 2481 3661 2655 3716; x_wconf 91' lang='lat' dir='ltr'><strong>neque</strong></span> <span class='ocrx_word' id='word_1_572' title='bbox 2683 3661 2747 3699; x_wconf 80' lang='lat' dir='ltr'><strong>ex</strong></span> <span class='ocrx_word' id='word_1_573' title='bbox 2776 3644 3087 3714; x_wconf 88' lang='lat' dir='ltr'><strong>Epiphanii,</strong></span> <span class='ocrx_word' id='word_1_574' title='bbox 3112 3645 3194 3698; x_wconf 86' lang='lat' dir='ltr'><strong>vel</strong></span> <span class='ocrx_word' id='word_1_575' title='bbox 3221 3661 3416 3701; x_wconf 89' lang='lat' dir='ltr'><strong>eorum</strong></span> <span class='ocrx_word' id='word_1_576' title='bbox 3451 3647 3705 3704; x_wconf 85' lang='lat' dir='ltr'><strong>omnium.</strong></span> 
     </span>
    </p>
   </div>
   <div class='ocr_carea' id='block_1_76' title="bbox 2131 3727 3705 3808">
    <p class='ocr_par' dir='ltr' id='par_1_76' title="bbox 2131 3727 3705 3808">
     <span class='ocr_line' id='line_1_76' title="bbox 2131 3727 3705 3808; baseline -0.002 -17"><span class='ocrx_word' id='word_1_577' title='bbox 2131 3738 2224 3808; x_wconf 92' lang='lat' dir='ltr'><strong>qui</strong></span> <span class='ocrx_word' id='word_1_578' title='bbox 2268 3737 2371 3792; x_wconf 87' lang='lat' dir='ltr'><strong>tria</strong></span> <span class='ocrx_word' id='word_1_579' title='bbox 2405 3737 2671 3792; x_wconf 76' lang='lat' dir='ltr'><strong>duntaxat</strong></span> <span class='ocrx_word' id='word_1_580' title='bbox 2693 3735 2957 3792; x_wconf 86' lang='lat' dir='ltr'><strong>Paschata</strong></span> <span class='ocrx_word' id='word_1_581' title='bbox 2989 3727 3300 3802; x_wconf 79' lang='lat' dir='ltr'><strong>numerant,</strong></span> <span class='ocrx_word' id='word_1_582' title='bbox 3332 3737 3594 3806; x_wconf 89' lang='lat' dir='ltr'><strong>opinione</strong></span> <span class='ocrx_word' id='word_1_583' title='bbox 3624 3737 3705 3788; x_wconf 85' lang='lat' dir='ltr'><strong>de-</strong></span> 
     </span>
    </p>
   </div>
   <div class='ocr_carea' id='block_1_77' title="bbox 2129 3824 3704 3897">
    <p class='ocr_par' dir='ltr' id='par_1_77' title="bbox 2129 3824 3704 3897">
     <span class='ocr_line' id='line_1_77' title="bbox 2129 3824 3704 3897; baseline -0.003 -15"><span class='ocrx_word' id='word_1_584' title='bbox 2129 3826 2275 3882; x_wconf 83' lang='lat' dir='ltr'><strong>fendi</strong></span> <span class='ocrx_word' id='word_1_585' title='bbox 2310 3837 2488 3897; x_wconf 90' lang='lat' dir='ltr'><strong>potest</strong></span> <span class='ocrx_word' id='word_1_586' title='bbox 2516 3845 2528 3880; x_wconf 95' lang='lat'>:</span> <span class='ocrx_word' id='word_1_587' title='bbox 2557 3838 2617 3880; x_wconf 93' lang='lat' dir='ltr'><strong>ut</strong></span> <span class='ocrx_word' id='word_1_588' title='bbox 2645 3827 2709 3881; x_wconf 89' lang='lat' dir='ltr'><strong>ad</strong></span> <span class='ocrx_word' id='word_1_589' title='bbox 2736 3841 2792 3880; x_wconf 81' lang='grc' dir='ltr'><strong>η.</strong></span> <span class='ocrx_word' id='word_1_590' title='bbox 2813 3825 2893 3881; x_wconf 76' lang='grc'><strong>28·</strong></span> <span class='ocrx_word' id='word_1_591' title='bbox 2916 3824 3389 3881; x_wconf 89' lang='lat' dir='ltr'><strong>demonstrabitur</strong></span> <span class='ocrx_word' id='word_1_592' title='bbox 3420 3843 3434 3877; x_wconf 90' lang='lat'>:</span> <span class='ocrx_word' id='word_1_593' title='bbox 3477 3826 3570 3879; x_wconf 90' lang='lat' dir='ltr'><strong>ubi</strong></span> <span class='ocrx_word' id='word_1_594' title='bbox 3599 3841 3704 3896; x_wconf 66' lang='lat' dir='ltr'><strong>qua:</strong></span> 
     </span>
    </p>
   </div>
   <div class='ocr_carea' id='block_1_78' title="bbox 2131 3915 3578 3985">
    <p class='ocr_par' dir='ltr' id='par_1_78' title="bbox 2131 3915 3578 3985">
     <span class='ocr_line' id='line_1_78' title="bbox 2131 3915 3578 3985; baseline -0.001 -15"><span class='ocrx_word' id='word_1_595' title='bbox 2131 3918 2235 3970; x_wconf 90' lang='lat' dir='ltr'><strong>hoc</strong></span> <span class='ocrx_word' id='word_1_596' title='bbox 2275 3916 2394 3970; x_wconf 87' lang='lat' dir='ltr'><strong>loco</strong></span> <span class='ocrx_word' id='word_1_597' title='bbox 2428 3916 2684 3970; x_wconf 89' lang='lat' dir='ltr'><strong>dicuntur</strong></span> <span class='ocrx_word' id='word_1_598' title='bbox 2715 3916 3030 3985; x_wconf 88' lang='lat' dir='ltr'><strong>diligentius</strong></span> <span class='ocrx_word' id='word_1_599' title='bbox 3059 3915 3389 3970; x_wconf 80' lang='lat' dir='ltr'><strong>excutienda</strong></span> <span class='ocrx_word' id='word_1_600' title='bbox 3426 3923 3578 3971; x_wconf 88' lang='lat' dir='ltr'><strong>sunt.</strong></span> 
     </span>
    </p>
   </div>
   <div class='ocr_carea' id='block_1_79' title="bbox 825 4269 3308 4373">
    <p class='ocr_par' dir='ltr' id='par_1_79' title="bbox 825 4269 3308 4373">
     <span class='ocr_line' id='line_1_79' title="bbox 825 4269 3308 4373; baseline 0.004 -11"><span class='ocrx_word' id='word_1_601' title='bbox 825 4275 972 4363; x_wconf 89' lang='lat' dir='ltr'><strong>DE</strong></span> <span class='ocrx_word' id='word_1_602' title='bbox 1046 4269 1378 4366; x_wconf 85' lang='lat' dir='ltr'><strong>ANNO</strong></span> <span class='ocrx_word' id='word_1_603' title='bbox 1454 4275 1603 4362; x_wconf 89' lang='lat' dir='ltr'><strong>ET</strong></span> <span class='ocrx_word' id='word_1_604' title='bbox 1674 4275 1880 4364; x_wconf 92' lang='lat' dir='ltr'><strong>DIE</strong></span> <span class='ocrx_word' id='word_1_605' title='bbox 1963 4273 2604 4369; x_wconf 66' lang='lat' dir='ltr'><strong>DOMINICIE</strong></span> <span class='ocrx_word' id='word_1_606' title='bbox 2686 4280 3308 4373; x_wconf 88' lang='lat' dir='ltr'><strong>PASSIONIS</strong></span> 
     </span>
    </p>
   </div>
   <div class='ocr_carea' id='block_1_80' title="bbox 1685 4463 2454 4572">
    <p class='ocr_par' dir='ltr' id='par_1_80' title="bbox 1685 4463 2454 4530">
     <span class='ocr_line' id='line_1_80' title="bbox 1685 4463 2454 4530; baseline 0.007 -5"><span class='ocrx_word' id='word_1_607' title='bbox 1685 4463 2066 4526; x_wconf 82' lang='lat' dir='ltr'><strong>DIATBIBA</strong></span> <span class='ocrx_word' id='word_1_608' title='bbox 2112 4467 2454 4530; x_wconf 82' lang='lat' dir='ltr'><strong>ALTERA.</strong></span> 
     </span>
    </p>
   </div>
   <div class='ocr_carea' id='block_1_81' title="bbox 519 4726 1942 4799">
    <p class='ocr_par' dir='ltr' id='par_1_81' title="bbox 519 4726 1942 4799">
     <span class='ocr_line' id='line_1_81' title="bbox 519 4726 1942 4799; baseline -0.002 -15"><span class='ocrx_word' id='word_1_609' title='bbox 519 4728 698 4784; x_wconf 63' lang='lat' dir='ltr'><strong>Varie</strong></span> <span class='ocrx_word' id='word_1_610' title='bbox 727 4729 1025 4799; x_wconf 80' lang='lat' dir='ltr'><strong>priscorum</strong></span> <span class='ocrx_word' id='word_1_611' title='bbox 1057 4728 1328 4782; x_wconf 79' lang='lat' dir='ltr'><strong>sententia:</strong></span> <span class='ocrx_word' id='word_1_612' title='bbox 1356 4727 1420 4782; x_wconf 84' lang='lat' dir='ltr'><strong>de</strong></span> <span class='ocrx_word' id='word_1_613' title='bbox 1459 4743 1597 4782; x_wconf 82' lang='lat' dir='ltr'><strong>anno</strong></span> <span class='ocrx_word' id='word_1_614' title='bbox 1641 4726 1942 4782; x_wconf 81' lang='lat' dir='ltr'><strong>Passionis.</strong></span> 
     </span>
    </p>
   </div>
   <div class='ocr_carea' id='block_1_82' title="bbox 510 4818 2025 4890">
    <p class='ocr_par' dir='ltr' id='par_1_82' title="bbox 510 4818 2025 4890">
     <span class='ocr_line' id='line_1_82' title="bbox 510 4818 2025 4890; baseline -0.002 -12"><span class='ocrx_word' id='word_1_615' title='bbox 510 4821 705 4879; x_wconf 89' lang='lat' dir='ltr'><strong>Omnis</strong></span> <span class='ocrx_word' id='word_1_616' title='bbox 751 4835 874 4890; x_wconf 69' lang='lat' dir='ltr'><strong>qua:</strong></span> <span class='ocrx_word' id='word_1_617' title='bbox 923 4819 991 4874; x_wconf 91' lang='lat' dir='ltr'><strong>de</strong></span> <span class='ocrx_word' id='word_1_618' title='bbox 1046 4819 1228 4888; x_wconf 90' lang='lat' dir='ltr'><strong>aliqua</strong></span> <span class='ocrx_word' id='word_1_619' title='bbox 1273 4835 1332 4874; x_wconf 88' lang='lat' dir='ltr'><strong>re</strong></span> <span class='ocrx_word' id='word_1_620' title='bbox 1382 4818 1686 4874; x_wconf 89' lang='lat' dir='ltr'><strong>instituitur</strong></span> <span class='ocrx_word' id='word_1_621' title='bbox 1728 4819 2025 4889; x_wconf 89' lang='lat' dir='ltr'><strong>disputatio</strong></span> 
     </span>
    </p>
   </div>
   <div class='ocr_carea' id='block_1_83' title="bbox 438 4909 2023 4981">
    <p class='ocr_par' dir='ltr' id='par_1_83' title="bbox 438 4909 2023 4981">
     <span class='ocr_line' id='line_1_83' title="bbox 438 4909 2023 4981; baseline -0.004 -10"><span class='ocrx_word' id='word_1_622' title='bbox 438 4913 604 4971; x_wconf 89' lang='lat' dir='ltr'><strong>certis</strong></span> <span class='ocrx_word' id='word_1_623' title='bbox 645 4927 713 4970; x_wconf 81' lang='lat' dir='ltr'><strong>ex</strong></span> <span class='ocrx_word' id='word_1_624' title='bbox 746 4912 910 4968; x_wconf 87' lang='lat' dir='ltr'><strong>rebus</strong></span> <span class='ocrx_word' id='word_1_625' title='bbox 963 4911 1298 4981; x_wconf 91' lang='lat' dir='ltr'><strong>minimeque</strong></span> <span class='ocrx_word' id='word_1_626' title='bbox 1328 4909 1508 4965; x_wconf 89' lang='lat' dir='ltr'><strong>dubiis</strong></span> <span class='ocrx_word' id='word_1_627' title='bbox 1543 4910 1700 4965; x_wconf 91' lang='lat' dir='ltr'><strong>debet</strong></span> <span class='ocrx_word' id='word_1_628' title='bbox 1726 4911 2023 4980; x_wconf 79' lang='lat' dir='ltr'><strong>proﬁcisci;</strong></span> 
     </span>
    </p>
   </div>
   <div class='ocr_carea' id='block_1_84' title="bbox 440 5002 2024 5078">
    <p class='ocr_par' dir='ltr' id='par_1_84' title="bbox 440 5002 2024 5078">
     <span class='ocr_line' id='line_1_84' title="bbox 440 5002 2024 5078; baseline -0.004 -17"><span class='ocrx_word' id='word_1_629' title='bbox 440 5021 564 5078; x_wconf 66' lang='lat' dir='ltr'><strong>qua;</strong></span> <span class='ocrx_word' id='word_1_630' title='bbox 594 5012 690 5060; x_wconf 84' lang='lat' dir='ltr'><strong>aut</strong></span> <span class='ocrx_word' id='word_1_631' title='bbox 715 5018 810 5077; x_wconf 90' lang='lat' dir='ltr'><strong>per</strong></span> <span class='ocrx_word' id='word_1_632' title='bbox 833 5017 952 5058; x_wconf 85' lang='lat' dir='ltr'><strong>sese</strong></span> <span class='ocrx_word' id='word_1_633' title='bbox 989 5003 1120 5073; x_wconf 73' lang='lat' dir='ltr'><strong>ipsa:</strong></span> <span class='ocrx_word' id='word_1_634' title='bbox 1145 5017 1286 5056; x_wconf 70' lang='lat' dir='ltr'><strong>vera:</strong></span> <span class='ocrx_word' id='word_1_635' title='bbox 1323 5003 1453 5067; x_wconf 90' lang='lat' dir='ltr'><strong>sint,</strong></span> <span class='ocrx_word' id='word_1_636' title='bbox 1487 5010 1581 5056; x_wconf 88' lang='lat' dir='ltr'><strong>aut</strong></span> <span class='ocrx_word' id='word_1_637' title='bbox 1612 5002 1753 5056; x_wconf 89' lang='lat' dir='ltr'><strong>inter</strong></span> <span class='ocrx_word' id='word_1_638' title='bbox 1782 5017 1898 5068; x_wconf 90' lang='lat' dir='ltr'><strong>eos,</strong></span> <span class='ocrx_word' id='word_1_639' title='bbox 1930 5003 2024 5070; x_wconf 91' lang='lat' dir='ltr'><strong>qui</strong></span> 
     </span>
    </p>
   </div>
   <div class='ocr_carea' id='block_1_85' title="bbox 439 5093 2025 5170">
    <p class='ocr_par' dir='ltr' id='par_1_85' title="bbox 439 5093 2025 5170">
     <span class='ocr_line' id='line_1_85' title="bbox 439 5093 2025 5170; baseline -0.004 -16"><span class='ocrx_word' id='word_1_640' title='bbox 439 5099 742 5170; x_wconf 86' lang='lat' dir='ltr'><strong>disputant,</strong></span> <span class='ocrx_word' id='word_1_641' title='bbox 777 5110 878 5167; x_wconf 91' lang='lat' dir='ltr'><strong>pro</strong></span> <span class='ocrx_word' id='word_1_642' title='bbox 895 5095 1062 5162; x_wconf 89' lang='lat' dir='ltr'><strong>veris,</strong></span> <span class='ocrx_word' id='word_1_643' title='bbox 1096 5111 1160 5150; x_wconf 91' lang='lat' dir='ltr'><strong>ac</strong></span> <span class='ocrx_word' id='word_1_644' title='bbox 1190 5093 1459 5150; x_wconf 90' lang='lat' dir='ltr'><strong>confessis</strong></span> <span class='ocrx_word' id='word_1_645' title='bbox 1480 5093 1800 5149; x_wconf 82' lang='lat' dir='ltr'><strong>habeantur.</strong></span> <span class='ocrx_word' id='word_1_646' title='bbox 1825 5094 2025 5160; x_wconf 85' lang='lat' dir='ltr'><strong>Quam-</strong></span> 
     </span>
    </p>
   </div>
   <div class='ocr_carea' id='block_1_86' title="bbox 437 5186 2020 5262">
    <p class='ocr_par' dir='ltr' id='par_1_86' title="bbox 437 5186 2020 5262">
     <span class='ocr_line' id='line_1_86' title="bbox 437 5186 2020 5262; baseline -0.002 -14"><span class='ocrx_word' id='word_1_647' title='bbox 437 5192 627 5248; x_wconf 83' lang='lat' dir='ltr'><strong>obrem</strong></span> <span class='ocrx_word' id='word_1_648' title='bbox 655 5189 750 5262; x_wconf 89' lang='lat' dir='ltr'><strong>qui</strong></span> <span class='ocrx_word' id='word_1_649' title='bbox 772 5204 960 5245; x_wconf 86' lang='lat' dir='ltr'><strong>verum</strong></span> <span class='ocrx_word' id='word_1_650' title='bbox 983 5186 1259 5258; x_wconf 91' lang='lat' dir='ltr'><strong>passionis</strong></span> <span class='ocrx_word' id='word_1_651' title='bbox 1271 5201 1476 5242; x_wconf 90' lang='lat' dir='ltr'><strong>annum</strong></span> <span class='ocrx_word' id='word_1_652' title='bbox 1503 5186 1759 5256; x_wconf 88' lang='lat' dir='ltr'><strong>indagare</strong></span> <span class='ocrx_word' id='word_1_653' title='bbox 1780 5186 2020 5245; x_wconf 88' lang='lat' dir='ltr'><strong>student.</strong></span> 
     </span>
    </p>
   </div>
   <div class='ocr_carea' id='block_1_87' title="bbox 439 5278 2016 5355">
    <p class='ocr_par' dir='ltr' id='par_1_87' title="bbox 439 5278 2016 5355">
     <span class='ocr_line' id='line_1_87' title="bbox 439 5278 2016 5355; baseline -0.004 -16"><span class='ocrx_word' id='word_1_654' title='bbox 439 5285 495 5339; x_wconf 88' lang='lat' dir='ltr'><strong>in</strong></span> <span class='ocrx_word' id='word_1_655' title='bbox 512 5282 707 5355; x_wconf 88' lang='lat' dir='ltr'><strong>primis</strong></span> <span class='ocrx_word' id='word_1_656' title='bbox 727 5297 813 5346; x_wconf 90' lang='lat' dir='ltr'><strong>ea,</strong></span> <span class='ocrx_word' id='word_1_657' title='bbox 843 5296 1080 5352; x_wconf 89' lang='lat' dir='ltr'><strong>quorum</strong></span> <span class='ocrx_word' id='word_1_658' title='bbox 1099 5287 1245 5335; x_wconf 87' lang='lat' dir='ltr'><strong>certa</strong></span> <span class='ocrx_word' id='word_1_659' title='bbox 1278 5279 1351 5334; x_wconf 90' lang='lat' dir='ltr'><strong>sit</strong></span> <span class='ocrx_word' id='word_1_660' title='bbox 1374 5279 1528 5345; x_wconf 86' lang='lat' dir='ltr'><strong>lides,</strong></span> <span class='ocrx_word' id='word_1_661' title='bbox 1565 5279 1765 5350; x_wconf 87' lang='lat' dir='ltr'><strong>eligere</strong></span> <span class='ocrx_word' id='word_1_662' title='bbox 1797 5278 2016 5344; x_wconf 88' lang='lat' dir='ltr'><strong>debent,</strong></span> 
     </span>
    </p>
   </div>
   <div class='ocr_carea' id='block_1_88' title="bbox 438 5370 2020 5445">
    <p class='ocr_par' dir='ltr' id='par_1_88' title="bbox 438 5370 2020 5445">
     <span class='ocr_line' id='line_1_88' title="bbox 438 5370 2020 5445; baseline -0.003 -16"><span class='ocrx_word' id='word_1_663' title='bbox 438 5389 504 5431; x_wconf 89' lang='lat' dir='ltr'><strong>ac</strong></span> <span class='ocrx_word' id='word_1_664' title='bbox 554 5374 946 5445; x_wconf 77' lang='lat' dir='ltr'><strong>principiorum</strong></span> <span class='ocrx_word' id='word_1_665' title='bbox 982 5373 1100 5428; x_wconf 92' lang='lat' dir='ltr'><strong>sive</strong></span> <span class='ocrx_word' id='word_1_666' title='bbox 1151 5371 1477 5442; x_wconf 77' lang='grc' dir='ltr'><strong>ἀξιωμάτων</strong></span> <span class='ocrx_word' id='word_1_667' title='bbox 1518 5370 1641 5425; x_wconf 91' lang='lat' dir='ltr'><strong>loco</strong></span> <span class='ocrx_word' id='word_1_668' title='bbox 1683 5385 1903 5440; x_wconf 89' lang='lat' dir='ltr'><strong>ponere.</strong></span> <span class='ocrx_word' id='word_1_669' title='bbox 1942 5370 2020 5425; x_wconf 86' lang='lat' dir='ltr'><strong>Ac</strong></span> 
     </span>
    </p>
   </div>
   <div class='ocr_carea' id='block_1_89' title="bbox 438 5457 2021 5531">
    <p class='ocr_par' dir='ltr' id='par_1_89' title="bbox 438 5457 2021 5531">
     <span class='ocr_line' id='line_1_89' title="bbox 438 5457 2021 5531; baseline -0.003 -13"><span class='ocrx_word' id='word_1_670' title='bbox 438 5471 571 5518; x_wconf 86' lang='lat' dir='ltr'><strong>sunt</strong></span> <span class='ocrx_word' id='word_1_671' title='bbox 599 5463 883 5528; x_wconf 86' lang='lat' dir='ltr'><strong>nonnulla,</strong></span> <span class='ocrx_word' id='word_1_672' title='bbox 925 5463 992 5516; x_wconf 91' lang='lat' dir='ltr'><strong>de</strong></span> <span class='ocrx_word' id='word_1_673' title='bbox 1019 5460 1220 5531; x_wconf 91' lang='lat' dir='ltr'><strong>quibus</strong></span> <span class='ocrx_word' id='word_1_674' title='bbox 1253 5460 1564 5515; x_wconf 89' lang='lat' dir='ltr'><strong>Christiano</strong></span> <span class='ocrx_word' id='word_1_675' title='bbox 1594 5459 1843 5514; x_wconf 90' lang='lat' dir='ltr'><strong>dubitare</strong></span> <span class='ocrx_word' id='word_1_676' title='bbox 1870 5457 2021 5514; x_wconf 92' lang='lat' dir='ltr'><strong>nefas</strong></span> 
     </span>
    </p>
   </div>
   <div class='ocr_carea' id='block_1_90' title="bbox 430 5549 2018 5621">
    <p class='ocr_par' dir='ltr' id='par_1_90' title="bbox 430 5549 2018 5621">
     <span class='ocr_line' id='line_1_90' title="bbox 430 5549 2018 5621; baseline -0.001 -13"><span class='ocrx_word' id='word_1_677' title='bbox 430 5553 664 5608; x_wconf 71' lang='lat' dir='ltr'><strong>omnino</strong></span> <span class='ocrx_word' id='word_1_678' title='bbox 696 5554 944 5608; x_wconf 88' lang='lat' dir='ltr'><strong>videatur</strong></span> <span class='ocrx_word' id='word_1_679' title='bbox 991 5571 1004 5606; x_wconf 87' lang='lat'><strong>:</strong></span> <span class='ocrx_word' id='word_1_680' title='bbox 1032 5551 1335 5621; x_wconf 86' lang='lat' dir='ltr'><strong>cujusmodi</strong></span> <span class='ocrx_word' id='word_1_681' title='bbox 1366 5552 1470 5606; x_wconf 89' lang='lat' dir='ltr'><strong>ista</strong></span> <span class='ocrx_word' id='word_1_682' title='bbox 1501 5560 1629 5606; x_wconf 88' lang='lat' dir='ltr'><strong>sunt</strong></span> <span class='ocrx_word' id='word_1_683' title='bbox 1659 5569 1672 5605; x_wconf 88' lang='lat'>:</span> <span class='ocrx_word' id='word_1_684' title='bbox 1712 5550 1825 5606; x_wconf 88' lang='lat' dir='ltr'><strong>Sub</strong></span> <span class='ocrx_word' id='word_1_685' title='bbox 1855 5549 2018 5606; x_wconf 86' lang='lat' dir='ltr'><strong>Tibe-</strong></span> 
     </span>
    </p>
   </div>
   <div class='ocr_carea' id='block_1_91' title="bbox 438 5641 2016 5714">
    <p class='ocr_par' dir='ltr' id='par_1_91' title="bbox 438 5641 2016 5714">
     <span class='ocr_line' id='line_1_91' title="bbox 438 5641 2016 5714; baseline -0.001 -17"><span class='ocrx_word' id='word_1_686' title='bbox 438 5645 522 5698; x_wconf 92' lang='lat' dir='ltr'><strong>rio</strong></span> <span class='ocrx_word' id='word_1_687' title='bbox 563 5643 781 5697; x_wconf 72' lang='lat' dir='ltr'><strong>Caesare</strong></span> <span class='ocrx_word' id='word_1_688' title='bbox 819 5659 884 5697; x_wconf 89' lang='lat' dir='ltr'><strong>ac</strong></span> <span class='ocrx_word' id='word_1_689' title='bbox 923 5651 1278 5714; x_wconf 82' lang='lat' dir='ltr'><strong>procuratore</strong></span> <span class='ocrx_word' id='word_1_690' title='bbox 1337 5642 1530 5697; x_wconf 87' lang='lat' dir='ltr'><strong>Pontio</strong></span> <span class='ocrx_word' id='word_1_691' title='bbox 1577 5641 1752 5698; x_wconf 86' lang='lat' dir='ltr'><strong>Pilato</strong></span> <span class='ocrx_word' id='word_1_692' title='bbox 1793 5658 2016 5714; x_wconf 87' lang='lat' dir='ltr'><strong>passum</strong></span> 
     </span>
    </p>
   </div>
   <div class='ocr_carea' id='block_1_92' title="bbox 438 5733 2015 5802">
    <p class='ocr_par' dir='ltr' id='par_1_92' title="bbox 438 5733 2015 5802">
     <span class='ocr_line' id='line_1_92' title="bbox 438 5733 2015 5802; baseline -0.003 -10"><span class='ocrx_word' id='word_1_693' title='bbox 438 5747 596 5797; x_wconf 73' lang='lat' dir='ltr'><strong>Esse;</strong></span> <span class='ocrx_word' id='word_1_694' title='bbox 632 5743 745 5789; x_wconf 89' lang='lat' dir='ltr'><strong>tum</strong></span> <span class='ocrx_word' id='word_1_695' title='bbox 801 5750 926 5790; x_wconf 90' lang='lat' dir='ltr'><strong>vero</strong></span> <span class='ocrx_word' id='word_1_696' title='bbox 964 5733 1264 5789; x_wconf 86' lang='lat' dir='ltr'><strong>Parasceve</strong></span> <span class='ocrx_word' id='word_1_697' title='bbox 1317 5733 1542 5794; x_wconf 86' lang='lat' dir='ltr'><strong>Sabbati</strong></span> <span class='ocrx_word' id='word_1_698' title='bbox 1593 5736 1706 5791; x_wconf 90' lang='lat' dir='ltr'><strong>sive</strong></span> <span class='ocrx_word' id='word_1_699' title='bbox 1758 5735 1889 5791; x_wconf 87' lang='lat' dir='ltr'><strong>feria</strong></span> <span class='ocrx_word' id='word_1_700' title='bbox 1930 5751 2015 5802; x_wconf 85' lang='lat' dir='ltr'><strong>vi;</strong></span> 
     </span>
    </p>
   </div>
   <div class='ocr_carea' id='block_1_93' title="bbox 2052 4724 3705 4799">
    <p class='ocr_par' dir='ltr' id='par_1_93' title="bbox 2052 4724 3705 4799">
     <span class='ocr_line' id='line_1_93' title="bbox 2052 4724 3705 4799; baseline 0.008 -19"><span class='ocrx_word' id='word_1_701' title='bbox 2052 4732 2096 4787; x_wconf 81' lang='grc' dir='ltr'><strong>Ι)</strong></span> <span class='ocrx_word' id='word_1_702' title='bbox 2125 4736 2220 4781; x_wconf 87' lang='lat' dir='ltr'><strong>aut</strong></span> <span class='ocrx_word' id='word_1_703' title='bbox 2246 4724 2292 4781; x_wconf 90' lang='lat' dir='ltr'><strong>si</strong></span> <span class='ocrx_word' id='word_1_704' title='bbox 2331 4725 2461 4795; x_wconf 87' lang='lat' dir='ltr'><strong>quid</strong></span> <span class='ocrx_word' id='word_1_705' title='bbox 2490 4725 2635 4781; x_wconf 87' lang='lat' dir='ltr'><strong>aliud</strong></span> <span class='ocrx_word' id='word_1_706' title='bbox 2665 4736 2770 4793; x_wconf 92' lang='lat' dir='ltr'><strong>est,</strong></span> <span class='ocrx_word' id='word_1_707' title='bbox 2821 4729 2968 4799; x_wconf 90' lang='lat' dir='ltr'><strong>quod</strong></span> <span class='ocrx_word' id='word_1_708' title='bbox 2997 4746 3282 4788; x_wconf 85' lang='lat' dir='ltr'><strong>sacrorum</strong></span> <span class='ocrx_word' id='word_1_709' title='bbox 3315 4734 3586 4792; x_wconf 83' lang='lat' dir='ltr'><strong>librorum</strong></span> <span class='ocrx_word' id='word_1_710' title='bbox 3618 4753 3705 4794; x_wconf 75' lang='lat' dir='ltr'><strong>au-</strong></span> 
     </span>
    </p>
   </div>
   <div class='ocr_carea' id='block_1_94' title="bbox 2129 4818 3704 4888">
    <p class='ocr_par' dir='ltr' id='par_1_94' title="bbox 2129 4818 3704 4888">
     <span class='ocr_line' id='line_1_94' title="bbox 2129 4818 3704 4888; baseline 0.008 -14"><span class='ocrx_word' id='word_1_711' title='bbox 2129 4819 2356 4874; x_wconf 89' lang='lat' dir='ltr'><strong>ctoritas</strong></span> <span class='ocrx_word' id='word_1_712' title='bbox 2409 4819 2716 4874; x_wconf 85' lang='lat' dir='ltr'><strong>confirmat.</strong></span> <span class='ocrx_word' id='word_1_713' title='bbox 2755 4818 2969 4888; x_wconf 88' lang='lat' dir='ltr'><strong>Quibus</strong></span> <span class='ocrx_word' id='word_1_714' title='bbox 3015 4824 3062 4878; x_wconf 88' lang='lat' dir='ltr'><strong>si</strong></span> <span class='ocrx_word' id='word_1_715' title='bbox 3093 4827 3341 4882; x_wconf 87' lang='lat' dir='ltr'><strong>contenti</strong></span> <span class='ocrx_word' id='word_1_716' title='bbox 3387 4830 3590 4883; x_wconf 86' lang='lat' dir='ltr'><strong>eruditi</strong></span> <span class='ocrx_word' id='word_1_717' title='bbox 3619 4830 3704 4886; x_wconf 83' lang='lat' dir='ltr'><strong>ho-</strong></span> 
     </span>
    </p>
   </div>
   <div class='ocr_carea' id='block_1_95' title="bbox 2129 4903 3706 4983">
    <p class='ocr_par' dir='ltr' id='par_1_95' title="bbox 2129 4903 3706 4983">
     <span class='ocr_line' id='line_1_95' title="bbox 2129 4903 3706 4983; baseline 0.01 -23"><span class='ocrx_word' id='word_1_718' title='bbox 2129 4905 2306 4960; x_wconf 89' lang='lat' dir='ltr'><strong>mines</strong></span> <span class='ocrx_word' id='word_1_719' title='bbox 2339 4903 2594 4972; x_wconf 89' lang='lat' dir='ltr'><strong>fuissent,</strong></span> <span class='ocrx_word' id='word_1_720' title='bbox 2624 4923 2801 4978; x_wconf 90' lang='lat' dir='ltr'><strong>neque</strong></span> <span class='ocrx_word' id='word_1_721' title='bbox 2824 4911 2941 4967; x_wconf 92' lang='lat' dir='ltr'><strong>suis</strong></span> <span class='ocrx_word' id='word_1_722' title='bbox 2969 4927 3068 4968; x_wconf 92' lang='lat' dir='ltr'><strong>nos</strong></span> <span class='ocrx_word' id='word_1_723' title='bbox 3095 4915 3457 4983; x_wconf 87' lang='lat' dir='ltr'><strong>opinionibus</strong></span> <span class='ocrx_word' id='word_1_724' title='bbox 3501 4935 3567 4974; x_wconf 88' lang='lat' dir='ltr'><strong>ac</strong></span> <span class='ocrx_word' id='word_1_725' title='bbox 3598 4935 3706 4975; x_wconf 87' lang='lat' dir='ltr'><strong>con-</strong></span> 
     </span>
    </p>
   </div>
   <div class='ocr_carea' id='block_1_96' title="bbox 2124 4998 3704 5076">
    <p class='ocr_par' dir='ltr' id='par_1_96' title="bbox 2124 4998 3704 5076">
     <span class='ocr_line' id='line_1_96' title="bbox 2124 4998 3704 5076; baseline 0.01 -23"><span class='ocrx_word' id='word_1_726' title='bbox 2124 4998 2378 5068; x_wconf 85' lang='lat' dir='ltr'><strong>jecturis,</strong></span> <span class='ocrx_word' id='word_1_727' title='bbox 2403 5007 2661 5070; x_wconf 88' lang='lat' dir='ltr'><strong>tanquam</strong></span> <span class='ocrx_word' id='word_1_728' title='bbox 2695 5002 2992 5074; x_wconf 72' lang='lat' dir='ltr'><strong>Scriptura:</strong></span> <span class='ocrx_word' id='word_1_729' title='bbox 3049 5016 3143 5060; x_wconf 89' lang='lat' dir='ltr'><strong>aut</strong></span> <span class='ocrx_word' id='word_1_730' title='bbox 3164 5007 3430 5065; x_wconf 75' lang='lat' dir='ltr'><strong>Ecclesia:</strong></span> <span class='ocrx_word' id='word_1_731' title='bbox 3464 5013 3704 5076; x_wconf 79' lang='lat' dir='ltr'><strong>decretis.</strong></span> 
     </span>
    </p>
   </div>
   <div class='ocr_carea' id='block_1_97' title="bbox 2127 5091 3705 5174">
    <p class='ocr_par' dir='ltr' id='par_1_97' title="bbox 2127 5091 3705 5174">
     <span class='ocr_line' id='line_1_97' title="bbox 2127 5091 3705 5174; baseline 0.01 -30"><span class='ocrx_word' id='word_1_732' title='bbox 2127 5091 2532 5159; x_wconf 80' lang='lat' dir='ltr'><strong>astrinxissent,</strong></span> <span class='ocrx_word' id='word_1_733' title='bbox 2561 5093 2732 5150; x_wconf 90' lang='lat' dir='ltr'><strong>multo</strong></span> <span class='ocrx_word' id='word_1_734' title='bbox 2753 5106 2807 5151; x_wconf 90' lang='lat' dir='ltr'><strong>et</strong></span> <span class='ocrx_word' id='word_1_735' title='bbox 2834 5097 3048 5154; x_wconf 86' lang='lat' dir='ltr'><strong>veritati</strong></span> <span class='ocrx_word' id='word_1_736' title='bbox 3079 5100 3277 5156; x_wconf 90' lang='lat' dir='ltr'><strong>melius</strong></span> <span class='ocrx_word' id='word_1_737' title='bbox 3309 5114 3367 5157; x_wconf 91' lang='lat' dir='ltr'><strong>et</strong></span> <span class='ocrx_word' id='word_1_738' title='bbox 3415 5107 3705 5174; x_wconf 80' lang='lat' dir='ltr'><strong>posteritati</strong></span> 
     </span>
    </p>
   </div>
   <div class='ocr_carea' id='block_1_98' title="bbox 2126 5183 3704 5269">
    <p class='ocr_par' dir='ltr' id='par_1_98' title="bbox 2126 5183 3704 5269">
     <span class='ocr_line' id='line_1_98' title="bbox 2126 5183 3704 5269; baseline 0.01 -29"><span class='ocrx_word' id='word_1_739' title='bbox 2126 5185 2554 5240; x_wconf 86' lang='lat' dir='ltr'><strong>consuluissent.</strong></span> <span class='ocrx_word' id='word_1_740' title='bbox 2587 5183 2691 5243; x_wconf 88' lang='lat' dir='ltr'><strong>Sed</strong></span> <span class='ocrx_word' id='word_1_741' title='bbox 2720 5197 2805 5244; x_wconf 90' lang='lat' dir='ltr'><strong>est</strong></span> <span class='ocrx_word' id='word_1_742' title='bbox 2825 5205 2996 5260; x_wconf 87' lang='lat' dir='ltr'><strong>genus</strong></span> <span class='ocrx_word' id='word_1_743' title='bbox 3032 5191 3342 5259; x_wconf 87' lang='lat' dir='ltr'><strong>hominum,</strong></span> <span class='ocrx_word' id='word_1_744' title='bbox 3365 5198 3466 5267; x_wconf 90' lang='lat' dir='ltr'><strong>qui</strong></span> <span class='ocrx_word' id='word_1_745' title='bbox 3505 5215 3570 5254; x_wconf 87' lang='lat' dir='ltr'><strong>ea</strong></span> <span class='ocrx_word' id='word_1_746' title='bbox 3598 5216 3704 5269; x_wconf 65' lang='lat' dir='ltr'><strong>qua</strong></span> 
     </span>
    </p>
   </div>
   <div class='ocr_carea' id='block_1_99' title="bbox 2125 5279 3704 5353">
    <p class='ocr_par' dir='ltr' id='par_1_99' title="bbox 2125 5279 3704 5353">
     <span class='ocr_line' id='line_1_99' title="bbox 2125 5279 3704 5353; baseline 0.007 -21"><span class='ocrx_word' id='word_1_747' title='bbox 2125 5291 2396 5332; x_wconf 85' lang='lat' dir='ltr'><strong>consensu</strong></span> <span class='ocrx_word' id='word_1_748' title='bbox 2431 5290 2645 5348; x_wconf 88' lang='lat' dir='ltr'><strong>recepta</strong></span> <span class='ocrx_word' id='word_1_749' title='bbox 2686 5279 2854 5351; x_wconf 81' lang='lat' dir='ltr'><strong>vulgi,</strong></span> <span class='ocrx_word' id='word_1_750' title='bbox 2905 5290 2960 5336; x_wconf 90' lang='lat' dir='ltr'><strong>et</strong></span> <span class='ocrx_word' id='word_1_751' title='bbox 2991 5283 3200 5353; x_wconf 91' lang='lat' dir='ltr'><strong>aliquot</strong></span> <span class='ocrx_word' id='word_1_752' title='bbox 3251 5286 3458 5343; x_wconf 88' lang='lat' dir='ltr'><strong>abhinc</strong></span> <span class='ocrx_word' id='word_1_753' title='bbox 3503 5291 3704 5344; x_wconf 65' lang='lat' dir='ltr'><strong>saeculis</strong></span> 
     </span>
    </p>
   </div>
   <div class='ocr_carea' id='block_1_100' title="bbox 2128 5369 3703 5454">
    <p class='ocr_par' dir='ltr' id='par_1_100' title="bbox 2128 5369 3703 5454">
     <span class='ocr_line' id='line_1_100' title="bbox 2128 5369 3703 5454; baseline 0.008 -33"><span class='ocrx_word' id='word_1_754' title='bbox 2128 5369 2512 5424; x_wconf 90' lang='lat' dir='ltr'><strong>auctoritatem</strong></span> <span class='ocrx_word' id='word_1_755' title='bbox 2545 5380 2724 5436; x_wconf 88' lang='lat' dir='ltr'><strong>nacta,</strong></span> <span class='ocrx_word' id='word_1_756' title='bbox 2751 5388 2861 5428; x_wconf 88' lang='lat' dir='ltr'><strong>non</strong></span> <span class='ocrx_word' id='word_1_757' title='bbox 2894 5373 3061 5431; x_wconf 87' lang='lat' dir='ltr'><strong>nimis</strong></span> <span class='ocrx_word' id='word_1_758' title='bbox 3102 5388 3308 5442; x_wconf 82' lang='lat' dir='ltr'><strong>vetera,</strong></span> <span class='ocrx_word' id='word_1_759' title='bbox 3336 5394 3401 5434; x_wconf 88' lang='lat' dir='ltr'><strong>ac</strong></span> <span class='ocrx_word' id='word_1_760' title='bbox 3425 5381 3703 5454; x_wconf 82' lang='lat' dir='ltr'><strong>diligenter</strong></span> 
     </span>
    </p>
   </div>
   <div class='ocr_carea' id='block_1_101' title="bbox 2123 5463 3692 5543">
    <p class='ocr_par' dir='ltr' id='par_1_101' title="bbox 2123 5463 3692 5543">
     <span class='ocr_line' id='line_1_101' title="bbox 2123 5463 3692 5543; baseline 0.009 -31"><span class='ocrx_word' id='word_1_761' title='bbox 2123 5474 2354 5515; x_wconf 83' lang='lat' dir='ltr'><strong>excussa</strong></span> <span class='ocrx_word' id='word_1_762' title='bbox 2401 5470 2550 5529; x_wconf 86' lang='lat' dir='ltr'><strong>sunt,</strong></span> <span class='ocrx_word' id='word_1_763' title='bbox 2591 5463 2781 5519; x_wconf 90' lang='lat' dir='ltr'><strong>timide</strong></span> <span class='ocrx_word' id='word_1_764' title='bbox 2829 5465 2997 5522; x_wconf 89' lang='lat' dir='ltr'><strong>nimis</strong></span> <span class='ocrx_word' id='word_1_765' title='bbox 3047 5467 3467 5540; x_wconf 86' lang='lat' dir='ltr'><strong>deosculantur,</strong></span> <span class='ocrx_word' id='word_1_766' title='bbox 3503 5489 3564 5528; x_wconf 83' lang='lat' dir='ltr'><strong>ac</strong></span> <span class='ocrx_word' id='word_1_767' title='bbox 3593 5490 3692 5543; x_wconf 76' lang='lat' dir='ltr'><strong>pro</strong></span> 
     </span>
    </p>
   </div>
   <div class='ocr_carea' id='block_1_102' title="bbox 2123 5552 3694 5631">
    <p class='ocr_par' dir='ltr' id='par_1_102' title="bbox 2123 5552 3694 5631">
     <span class='ocr_line' id='line_1_102' title="bbox 2123 5552 3694 5631; baseline 0.009 -25"><span class='ocrx_word' id='word_1_768' title='bbox 2123 5552 2418 5622; x_wconf 89' lang='lat' dir='ltr'><strong>pemodum</strong></span> <span class='ocrx_word' id='word_1_769' title='bbox 2454 5554 2762 5624; x_wconf 88' lang='lat' dir='ltr'><strong>serviliter;</strong></span> <span class='ocrx_word' id='word_1_770' title='bbox 2799 5573 3101 5631; x_wconf 88' lang='lat' dir='ltr'><strong>eorumque</strong></span> <span class='ocrx_word' id='word_1_771' title='bbox 3130 5561 3291 5617; x_wconf 83' lang='lat' dir='ltr'><strong>ﬁdem</strong></span> <span class='ocrx_word' id='word_1_772' title='bbox 3345 5573 3401 5620; x_wconf 90' lang='lat' dir='ltr'><strong>et</strong></span> <span class='ocrx_word' id='word_1_773' title='bbox 3434 5567 3694 5622; x_wconf 81' lang='lat' dir='ltr'><strong>assensio-</strong></span> 
     </span>
    </p>
   </div>
   <div class='ocr_carea' id='block_1_103' title="bbox 2122 5645 3690 5728">
    <p class='ocr_par' dir='ltr' id='par_1_103' title="bbox 2122 5645 3690 5728">
     <span class='ocr_line' id='line_1_103' title="bbox 2122 5645 3690 5728; baseline 0.006 -29"><span class='ocrx_word' id='word_1_774' title='bbox 2122 5659 2247 5699; x_wconf 89' lang='lat' dir='ltr'><strong>nem</strong></span> <span class='ocrx_word' id='word_1_775' title='bbox 2279 5645 2348 5699; x_wconf 88' lang='lat' dir='ltr'><strong>ab</strong></span> <span class='ocrx_word' id='word_1_776' title='bbox 2379 5645 2562 5702; x_wconf 90' lang='lat' dir='ltr'><strong>invitis</strong></span> <span class='ocrx_word' id='word_1_777' title='bbox 2595 5650 2922 5718; x_wconf 78' lang='lat' dir='ltr'><strong>exprimere,</strong></span> <span class='ocrx_word' id='word_1_778' title='bbox 2966 5669 3029 5708; x_wconf 91' lang='lat' dir='ltr'><strong>ac</strong></span> <span class='ocrx_word' id='word_1_779' title='bbox 3069 5668 3168 5721; x_wconf 90' lang='lat' dir='ltr'><strong>pro</strong></span> <span class='ocrx_word' id='word_1_780' title='bbox 3193 5656 3456 5712; x_wconf 69' lang='lat' dir='ltr'><strong>Ecclesia:</strong></span> <span class='ocrx_word' id='word_1_781' title='bbox 3485 5659 3690 5728; x_wconf 77' lang='lat' dir='ltr'><strong>dogma-</strong></span> 
     </span>
    </p>
   </div>
   <div class='ocr_carea' id='block_1_104' title="bbox 2121 5737 3688 5819">
    <p class='ocr_par' dir='ltr' id='par_1_104' title="bbox 2121 5737 3688 5819">
     <span class='ocr_line' id='line_1_104' title="bbox 2121 5737 3688 5819; baseline 0.006 -29"><span class='ocrx_word' id='word_1_782' title='bbox 2121 5737 2267 5792; x_wconf 90' lang='lat' dir='ltr'><strong>tibus</strong></span> <span class='ocrx_word' id='word_1_783' title='bbox 2297 5745 2565 5794; x_wconf 89' lang='lat' dir='ltr'><strong>conantur</strong></span> <span class='ocrx_word' id='word_1_784' title='bbox 2593 5739 2903 5799; x_wconf 89' lang='lat' dir='ltr'><strong>obtrudere.</strong></span> <span class='ocrx_word' id='word_1_785' title='bbox 2941 5742 3188 5811; x_wconf 89' lang='lat' dir='ltr'><strong>Quorum</strong></span> <span class='ocrx_word' id='word_1_786' title='bbox 3236 5758 3320 5804; x_wconf 90' lang='lat' dir='ltr'><strong>cst</strong></span> <span class='ocrx_word' id='word_1_787' title='bbox 3355 5750 3570 5819; x_wconf 86' lang='lat' dir='ltr'><strong>quidem</strong></span> <span class='ocrx_word' id='word_1_788' title='bbox 3604 5749 3688 5801; x_wconf 68' lang='lat' dir='ltr'><strong>hac</strong></span> 
     </span>
    </p>
   </div>
  </div>
