3810 6216
149 259 244 316 941

1112 261 1198 314 DE
1240 258 1422 314 ANNO
1461 258 1547 312 ET
1592 256 1700 311 DIE
1741 255 2092 314 οοιιιΝιετΕ
2138 260 2507 316 PASSIONIS.

3287 255 3394 317 91:1

151 374 200 425 in
229 379 380 441 parte
405 372 895 426 commendandum
932 373 1193 438 studium,
1227 373 1371 442 quod
1414 386 1537 425 cum
1567 370 1619 424 in
1657 381 1718 420 ea
1751 373 1797 429 Α
1829 368 2026 424 Verum
2060 372 2152 428 illo
2183 374 2301 443 ipso
2328 374 2448 427 loco
2488 375 2778 443 pugnantia
2813 389 2995 429 secum
3031 389 3094 429 ac
3121 379 3396 430 contraria

148 472 386 532 tempora
414 463 786 523 ineiderimus.
839 463 1038 534 quibus
1087 481 1281 534 magna
1326 472 1409 518 est
1451 458 1707 517 novitatis

148 554 458 611 hominibus
492 556 688 626 injecta
717 554 1011 625 cupiditas,
1044 572 1112 611 ne
1139 557 1205 611 ad
1237 555 1517 625 religionis
1563 553 1713 609 ﬁdei-

134 663 250 718 'que
281 650 541 704 damnum
569 648 798 718 publica
828 648 920 703 ille
950 649 1178 703 insania
1204 646 1428 703 morbus
1460 661 1714 716 erumpe-

142 746 243 802 ret,
279 739 332 792 in
378 753 499 792 eam
559 746 766 806 partem
825 753 1051 806 peccare
1096 736 1424 802 maluerunt,
1475 750 1597 806 qua
1630 745 1716 790 est

138 829 372 884 cautior.
402 825 601 882 Verum
631 825 708 882 uti
743 827 834 898 pio
863 824 1072 881 homini
1133 841 1198 881 ac
1223 825 1490 881 catholico
1515 839 1713 895 magna

138 928 220 972 est
248 918 535 974 vetustatis
580 918 827 974 habenda
879 918 1052 996 ratio;
1103 918 1159 971 in
1199 917 1268 972 iis
1318 931 1448 970 vero
1494 931 1615 985 qua
1643 915 1714 969 ab

141 1007 383 1065 Ecclesia
412 1011 620 1066 sancita
643 1019 789 1075 sunt,
824 1025 894 1065 ne
924 1010 1198 1066 levissime
1212 1009 1430 1079 quidem
1462 1008 1715 1063 hasitare

142 1103 300 1168 licet;
326 1101 398 1157 ita
424 1118 754 1174 magnopere
771 1102 898 1156 illud
935 1103 1263 1166 cavendum,
1297 1115 1366 1154 ne
1398 1116 1497 1171 pro
1518 1100 1716 1154 veteri-

148 1193 253 1246 hus
287 1202 342 1246 et
391 1193 756 1248 sacrosanctis
785 1193 1092 1247 habeantur
1121 1192 1211 1246 illa
1237 1207 1357 1262 qua
1404 1191 1593 1260 paucis
1622 1189 1716 1242 ah-

143 1285 273 1339 hinc
305 1286 522 1341 saculis
551 1285 905 1349 emerserint;
929 1301 1062 1340 neve
1094 1285 1161 1340 ad
1190 1285 1443 1339 falsitatis
1473 1284 1712 1354 patroci-

140 1376 292 1430 nium
325 1377 630 1446 speciosum
679 1377 810 1432 illud
840 1371 1098 1433 Ecclesia:
1123 1392 1186 1432 ac
1227 1377 1458 1446 publica
1485 1391 1717 1432 consen-

140 1469 316 1525 sionis
343 1484 538 1525 nomen
566 1467 949 1525 transferatur.
981 1469 1158 1536 Quam
1203 1470 1428 1540 quidem
1457 1469 1717 1524 ecclesia-

62 1629 70 1634 -
138 1563 291 1616 stica
307 1563 650 1618 auctoritatis
684 1563 1312 1619 ascribendalicentiam
1349 1578 1472 1618 cum
1507 1564 1560 1617 in
1595 1563 1717 1616 aliis

141 1657 369 1723 impune
393 1666 688 1720 versatam,
723 1664 835 1708 tum
871 1656 923 1709 in
953 1670 1037 1719 ea,
1071 1671 1236 1724 quam
1264 1663 1584 1718 tractamus,
1616 1653 1718 1709 Na-

1817 460 1957 517 Beda
1980 464 2284 533 profitetur.
2321 465 2532 520 Etenim
2562 467 2655 536 qui
2679 467 2880 522 vixisse
2910 474 2989 521 tot
3012 465 3171 522 annis
3205 484 3398 538 quem-

1816 552 1960 620 piam
1983 557 2200 621 asserit,
2222 573 2369 622 eum,
2392 558 2608 626 opinor,
2635 569 2836 612 annum
2863 559 3094 628 primum
3121 570 3395 621 numerat.

1815 659 1926 714 quo
1949 645 2000 698 in
2021 647 2194 702 lucem
2216 649 2393 704 editus
2409 659 2511 715 est,
2533 665 2637 704 non
2658 664 2781 704 eum
2802 653 3198 722 complectitur,
3216 668 3326 724 quo
3345 653 3399 708 in

1819 735 2010 791 matris
2049 748 2204 794 utero
2232 739 2348 794 fuit.
2377 739 2714 814 lluncigitur
2739 743 2783 795 si
2807 743 2945 797 Beda
2969 744 3098 798 velit
3125 746 3399 813 excipere,

1817 843 1940 882 cum
1977 829 2022 883 is
2048 831 2115 884 sit
2157 847 2278 887 aera
2313 831 2656 903 Dionysiana
2677 835 2908 904 primus,
2940 847 2998 890 ut
3021 850 3185 905 supra
3215 837 3403 890 decla-

1817 921 2079 987 ravimus,
2107 931 2218 978 tres
2247 924 2312 978 ad
2362 925 2579 993 triginta
2615 935 2942 995 supererunt
2983 928 3134 994 anni,
3163 943 3398 996 quorum

1819 1011 1873 1065 in
1900 1012 2089 1068 ultimo
2112 1014 2362 1070 Christus
2396 1031 2591 1084 passus
2615 1028 2718 1082 est,
2736 1033 2853 1073 ara
2883 1018 3162 1074 tricesimo
3183 1030 3398 1088 quarto.

1818 1100 2009 1172 Itaque
2035 1118 2143 1157 non
2183 1105 2418 1173 amplius
2443 1122 2602 1174 quam
2631 1123 2781 1161 χχχιι
2805 1108 2964 1163 annis
2992 1109 3274 1164 mensibus
3305 1109 3400 1163 tri-

1817 1193 1920 1248 bus
1941 1193 2193 1250 Christus
2225 1197 2442 1265 vixerit,
2474 1207 2664 1276 contra
2703 1198 2836 1253 illud
2873 1199 3252 1255 ecclesiastica
3279 1200 3399 1255 ﬁdei

1817 1285 2120 1341 decretum.

1890 1376 1994 1432 Sed
2022 1377 2364 1435 manifestius
2396 1381 2633 1450 implicat
2656 1396 2795 1443 sese,
2825 1381 2953 1436 dum
2981 1382 3054 1437 ita
3081 1382 3394 1440 concludit:

1823 1468 2086 1535 Quoniam
2116 1485 2303 1526 pxxxn
2334 1475 2486 1526 anuis
2516 1475 2747 1528 circulus
2777 1473 3055 1530 Paschalis
3086 1477 3399 1545 circumagi-

1824 1571 1930 1628 tur,
1957 1564 2038 1617 his
2070 1564 2205 1619 adde
2227 1581 2417 1631 xxxm,
2445 1566 2522 1620 vel
2553 1568 2726 1634 potius
2761 1583 2942 1634 xxxiv,
2973 1579 3027 1621 ut
3052 1568 3204 1622 illum
3226 1571 3397 1639 ipsum

1819 1671 1920 1725 quo
1974 1672 2162 1724 passus
2207 1667 2285 1712 est
2335 1657 2612 1725 Dominus,
2663 1659 2920 1729 attingere
2963 1661 3130 1727 possis
3179 1678 3396 1721 annum.

144 1722 272 1801 talis
328 1762 394 1801 ac
424 1745 707 1802 Passionis
735 1745 1035 1802 Dominica
1063 1722 1366 1816 quastione
1412 1754 1711 1816 grassatam
1753 1722 1791 1774 Β
1821 1722 2118 1814 [iant-566.
2152 1739 2273 1814 Ipse
2315 1757 2538 1817 estergo
2591 1722 2760 1802 annus
2799 1722 3086 1805 Dominicis
3122 1747 3399 1804 Passionis

137 1838 648 1893 animadvertimus.
689 1838 744 1892 lu
771 1853 878 1908 qua
922 1839 1153 1906 plurima
1177 1838 1325 1896 vdut
1346 1852 1414 1892 ex
1436 1836 1714 1892 communi

136 1913 400 1984 Ecclesia
419 1929 737 1998 deprompta
765 1929 872 1983 ﬁde
891 1929 1086 1998 jactari
1111 1929 1287 1984 solent
1305 1944 1428 2000 qua
1459 1937 1553 1984 aut
1579 1926 1712 1984 falsa

137 2028 290 2082 sunt,
321 2029 414 2074 aut
441 2017 700 2072 falsorum
729 2019 1027 2075 simillima.

205 2110 292 2168 Ne
321 2113 480 2184 longe
501 2113 744 2182 exempla
780 2121 1112 2182 repetamus,
1138 2122 1386 2166 occurret
1416 2110 1570 2166 Beda
1595 2125 1714 2165 san-

141 2205 374 2261 ιΐὶεείιηί
428 2205 667 2260 hominis
718 2213 774 2260 et
821 2203 1176 2258 eruditissimi
1232 2204 1510 2258 decretum
1559 2203 1714 2268 illud,

139 2297 292 2364 quod
321 2297 374 2350 in
411 2297 556 2352 hunc
587 2296 763 2351 locum
800 2295 1131 2350 distulimus.
1165 2294 1262 2349 llic
1291 2295 1454 2364 igitur
1482 2311 1600 2366 cap.
1640 2294 1709 2350 40

141 2384 274 2440 libri
317 2387 388 2441 De
421 2397 711 2456 temporum
746 2388 972 2450 ratione,
1022 2387 1089 2441 de
1138 2395 1294 2441 atate
1339 2401 1404 2441 ac
1456 2385 1716 2441 Passione

135 2475 358 2532 Domini
387 2480 440 2532 in
483 2479 599 2534 hac
627 2480 789 2535 verba
833 2481 1183 2550 pronuntiat:
1215 2479 1385 2533 Habet
1418 2479 1577 2541 enim.
1610 2479 1716 2532 nisi

131 2567 322 2638 fallor,
371 2569 620 2627 Ecclesia:
642 2573 794 2642 ﬁdes,
825 2571 1108 2627 Dominum
1137 2575 1191 2628 in
1227 2589 1383 2627 carne
1409 2573 1570 2641 paulo
1598 2573 1716 2642 plus

138 2665 322 2717 minus
377 2681 534 2735 quam
585 2681 759 2719 χχχιιι
815 2667 968 2720 annis
1019 2682 1181 2737 usque
1229 2666 1298 2719 ad
1329 2681 1439 2720 sua:
1484 2676 1717 2734 tempora

142 2751 430 2808 Passionis
458 2755 650 2810 vixisse
671 2771 690 2810 :
718 2757 842 2828 quia
873 2754 1107 2808 videlicet
1136 2771 1242 2809 xxx
1274 2771 1532 2808 annorum
1554 2755 1713 2824 fuerit

145 2845 487 2913 baptizatus;
517 2846 654 2898 sicut
692 2846 1008 2916 evangelista
1034 2843 1206 2898 Lucas
1233 2855 1478 2909 testatur,
1515 2830 1572 2899 et
1613 2855 1716 2900 tres

152 2937 321 2990 semis
355 2952 520 2990 annos
567 2946 684 3005 post
733 2937 994 3006 baptisma
1047 2935 1434 3006 pradicaverit.
1485 2935 1718 3008 Subjicit

136 3027 343 3081 deinde
374 3045 387 3081 :
431 3025 629 3082 Sancta
664 3028 921 3097 siquidem
947 3027 1190 3082 Romana
1218 3037 1267 3081 et
1298 3027 1591 3096 apostolica
1620 3025 1718 3080 Ec-

1821 1844 1868 1885 ει
1897 1835 2289 1888 resurrectionis
2316 1851 2348 1887 a
2370 1835 2591 1890 mortuis
2620 1852 2637 1889 :
2661 1837 2784 1905 quia
2805 1837 2942 1891 sicut
2971 1839 3074 1893 535
3100 1841 3293 1906 primo,
3321 1843 3398 1894 ita

1821 1919 1927 1976 566
1957 1923 2220 1977 tricesimo
2252 1933 2441 1994 quarto
2487 1941 2576 1994 per
2600 1927 2867 1981 universos
2890 1929 3017 1982 solis
3043 1939 3090 1982 et
3113 1929 3252 1983 lunw
3277 1948 3399 1984 con-

1821 2014 2007 2068 cordat
2035 2015 2327 2069 discursus.
2352 2015 2587 2072 Omnino
2617 2019 2806 2072 statuit
2845 2035 2990 2074 anno
3031 2036 3153 2076 ara
3200 2021 3398 2092 Diony-

1822 2101 1991 2157 siana
2023 2101 2148 2168 566,
2179 2105 2271 2173 qui
2301 2111 2385 2161 est
2416 2107 2551 2177 cycli
2577 2105 2702 2168 567,
2732 2109 2951 2164 easdem
2983 2109 3306 2170 Neomenias
3336 2131 3398 2169 ac

1825 2188 1989 2246 ferias
2020 2193 2322 2248 recurrisse
2365 2211 2485 2264 qua
2513 2205 2670 2250 erant
2703 2212 2848 2252 anno
2874 2215 2995 2254 ara
3020 2201 3109 2266 '54,
3137 2204 3269 2273 cycli
3305 2204 3394 2259 35.

1826 2280 1903 2334 Ex
1946 2297 2058 2352 quo
2100 2283 2173 2338 ita
2216 2285 2416 2356 colligit
2455 2286 2564 2340 :Et
2599 2288 2714 2343 ideo
2742 2291 2958 2346 circulis
2983 2291 3122 2347 beati
3158 2295 3398 2365 Dionysii

1823 2372 2038 2438 apertis.
2078 2373 2125 2426 si
2173 2372 2279 2427 566
2318 2373 2381 2427 ab
2425 2377 2787 2434 incarnatione
2834 2379 3049 2437 Domini
3096 2389 3398 2462 contingens

1824 2477 2041 2526 annum,
2077 2477 2163 2515 xlv
2193 2462 2371 2517 lunam
2396 2465 2448 2517 in
2478 2481 2536 2520 eo
2564 2482 2616 2521 Ix
2653 2462 2782 2523 Kal.
2806 2471 2937 2540 Apr.
2975 2475 3112 2542 feria
3141 2493 3173 2529 v
3201 2495 3397 2546 repere-

1825 2555 1919 2618 ris,
1954 2563 2002 2607 et
2035 2553 2172 2609 diem
2208 2554 2432 2612 Pascha
2463 2551 2797 2616 Dominicum
2843 2579 2894 2617 Vl
2941 2562 3068 2620 Kal.
3099 2569 3224 2636 Apr.
3272 2572 3397 2625 luna

1825 2661 1960 2712 xvu,
2005 2663 2099 2716 age
2135 2646 2240 2702 Deo
2272 2651 2498 2720 gratias,
2542 2653 2665 2722 quia
2704 2655 2842 2723 quod
2891 2659 3200 2728 quaerebas,
3239 2664 3398 2717 sicuti

1824 2739 1934 2808 ipse
1963 2742 2229 2809 promisit,
2261 2752 2308 2796 te
2332 2743 2558 2798 invenire
2601 2746 2800 2800 docuit.
2837 2747 2969 2815 Quis
3018 2749 3132 2808 hac
3179 2769 3210 2808 a
3255 2753 3395 2811 Beda

1826 2845 1922 2898 per
1951 2830 2181 2886 ironiam
2212 2833 2356 2888 dicta
2375 2835 2713 2905 suspicetur?
2744 2836 2899 2905 Quod
2926 2841 3261 2901 Bridel‘ertus
3286 2845 3396 2903 Ra-

1828 2920 2112 2975 mesiensis
2143 2922 2197 2976 in
2226 2923 2450 2979 scholiis
2477 2926 2776 2985 adnotavit.
2821 2929 3049 3003 Ironice,
3085 2935 3282 3007 inquit,
3313 2941 3397 2993 di-

1827 3010 1897 3063 cit
1925 3011 2043 3075 hoc,
2083 3013 2207 3066 dum
2252 3015 2396 3070 nullo
2438 3018 2592 3072 modo
2623 3021 2904 3078 invenitur.
2949 3024 3054 3081 Sed
3089 3028 3204 3083 hac
3239 3031 3396 3086 scho-

141 3075 342 3081 ------_-
375 3075 387 3081 -
431 3075 626 3082 πη---
665 3075 921 3097 “rm---
947 3075 1130 3082 _--.--_.
1159 3075 1188 3082 κ
1219 3075 1264 3081 ,,
1300 3075 1589 3096 ﬁrm---“
1620 3075 1692 3080 _-

136 3119 309 3173 clesia
333 3119 466 3172 hanc
500 3135 554 3172 se
580 3120 736 3187 ﬁdem
762 3129 931 3173 tenere
959 3129 1006 3173 et
1031 3119 1160 3188 ipsis
1187 3127 1416 3172 testatur
1443 3117 1714 3182 indiculis,

1826 3102 2006 3158 liastes
2050 3104 2166 3174 ipse
2210 3106 2454 3164 ridicule.
2507 3107 2692 3181 Neque
2733 3114 2878 3169 enim
2919 3117 3126 3198 ridendi
3171 3135 3394 3176 causam

137 3227 264 3280 qua:
285 3211 395 3265 suis
420 3211 473 3264 in
493 3205 958 3268 cereisannuatim
980 3209 1261 3264 inscribere
1291 3210 1442 3273 solet,
1474 3209 1563 3263 ubi
1589 3219 1716 3262 tem-

136 3316 240 3374 pus
275 3301 562 3355 Dominica’
601 3301 871 3356 Passionis
910 3302 965 3354 in
1001 3301 1304 3355 memoriam
1329 3302 1536 3370 populis
1569 3317 1716 3355 revo-

136 3410 301 3457 cans,
331 3408 606 3444 numerum
644 3393 864 3461 triginta
893 3407 1108 3458 semper
1134 3401 1180 3444 et
1230 3390 1397 3443 tribus
1430 3391 1583 3444 annis
1613 3390 1714 3442 mi-

138 3501 354 3550 norem,
382 3499 539 3554 quam
573 3482 638 3535 ab
671 3482 785 3551 ejus
816 3483 1182 3535 incarnatione
1209 3480 1497 3551 Dionysius
1534 3491 1713 3550 ponat,

149 3575 406 3628 adnotat.
456 3573 689 3641 Denique
729 3589 866 3626 anno
909 3572 974 3625 ab
1029 3571 1144 3641 ejus
1173 3571 1537 3625 incarnatione
1556 3572 1717 3641 juxta

147 3665 476 3734 Dionysium
509 3665 632 3730 701,
662 3663 947 3719 indictione
1003 3680 1115 3728 xlv,
1149 3664 1341 3733 fratres
1390 3663 1581 3728 nostri,
1629 3664 1720 3733 qui

137 3769 272 3809 tunc
301 3756 446 3825 fuere
475 3755 674 3819 Roma,
706 3758 802 3809 hoc
829 3755 983 3808 modo
1015 3771 1068 3809 se
1099 3756 1152 3808 in
1183 3753 1372 3808 Natali
1408 3754 1624 3808 Domini
1664 3755 1719 3808 in

136 3851 310 3904 cereis
339 3847 398 3904 S.
433 3848 620 3902 Maria:
641 3850 897 3918 scriptum
923 3847 1136 3912 uidisse,
1159 3857 1210 3901 et
1234 3847 1354 3903 inde
1383 3848 1722 3917 descripsisse

140 3943 446 4010 referebant
472 3957 490 3995 :
541 3941 583 3994 A
627 3939 882 3994 Passione
912 3939 1128 3994 Domini
1157 3940 1328 3994 nostri
1362 3938 1490 3994 Iesu
1521 3939 1722 3996 Christi

139 4035 278 4087 muti
300 4041 423 4087 sunt
453 4033 577 4098 568,
599 4042 701 4088 etc.
732 4032 891 4087 Addit
932 4041 1118 4102 postea
1144 4051 1157 4086 :
1192 4030 1335 4087 Nam
1361 4034 1498 4102 quod
1533 4031 1721 4086 Domi-

138 4142 244 4180 nus
267 4141 337 4179 xv
364 4123 492 4177 luna
513 4124 648 4193 feria
674 4140 724 4177 vr
753 4140 958 4178 crucem
980 4125 1296 4190 ascenderit,
1324 4135 1372 4179 et
1401 4141 1504 4177 una
1527 4121 1722 4178 Subba-

137 4221 344 4279 torum,
380 4213 435 4266 id
466 4223 544 4267 est
573 4214 658 4266 die
691 4211 970 4266 Dominica
1010 4215 1354 4267 resurrexerit
1393 4230 1427 4266 (ι
1470 4214 1720 4279 mortuis,

138 4304 288 4359 rutili
335 4306 458 4358 licet
507 4292 752 4358 dubitai'e
785 4305 1073 4359 catholico.
1119 4303 1248 4361 Hac
1283 4305 1394 4362 ille.
1445 4305 1563 4361 Duo
1611 4305 1719 4369 hic,

140 4395 273 4450 ﬁdei
305 4405 466 4465 atque
511 4395 764 4452 Ecclesia
787 4397 1000 4452 decreta
1031 4407 1410 4468 proponuntur
1435 4398 1717 4464 :alterum,
1752 4411 1796 4465 υ

138 4489 429 4545 Christum
469 4488 758 4546 Dominum
803 4489 980 4544 atatis
1009 4506 1154 4545 anno
1186 4505 1360 4544 χχχιιι
1389 4489 1501 4558 jam
1531 4491 1720 4560 exple-

142 4593 224 4648 to,
262 4598 430 4636 χχχιν
462 4598 589 4637 vero
619 4583 893 4649 inchoato,
927 4597 1150 4653 passum
1190 4597 1315 4638 esse
1345 4601 1356 4636 :
1386 4597 1508 4637 ara
1534 4583 1724 4636 videli-

138 4684 232 4729 cet
265 4672 609 4745 Dionysiana
642 4675 733 4737 5i,
771 4675 900 4744 quia
929 4690 1052 4729 cum
1081 4688 1188 4727 xxx
1225 4673 1402 4728 atatis
1449 4688 1594 4727 anno
1625 4673 1723 4726 ba-

140 4765 388 4834 ptizatus
423 4763 609 4829 fuerit,
671 4773 782 4818 tres
849 4762 1044 4819 deinde
1079 4778 1255 4819 annos
1314 4779 1439 4818 cum
1495 4763 1725 4818 semisse

137 4856 322 4909 vixit:
353 4855 497 4910 unde
540 4870 706 4910 xxxiv
751 4869 898 4909 anno
948 4865 1180 4910 mortem
1241 4853 1440 4909 obierit
1484 4863 1721 4923 Oportet.

137 4948 333 5016 Quare
371 4947 496 5004 hinc
516 4947 678 5003 etiam
705 4945 851 5002 aliud
899 4944 1153 5003 Ecclesia
1183 4947 1380 5016 dogma
1442 4948 1721 5002 nascitur:

111 5042 431 5097 Christum
476 5050 708 5111 quatuor
757 5041 1029 5110 peregisse
1068 5038 1358 5104 Paschata,
1389 5054 1625 5109 quorum
1669 5039 1722 5093 in

136 5142 428 5204 postremo
464 5140 716 5186 mortuus
737 5138 841 5186 est.
865 5131 1107 5186 Alterum
1138 5128 1392 5185 Ecclesia:
1421 5130 1727 5195 decretum,

134 5229 205 5280 de
232 5241 343 5295 quo
376 5223 510 5278 nulli
540 5223 626 5292 fas
651 5232 729 5278 est
761 5221 1004 5278 dubitare
1022 5224 1305 5289 catholico,
1334 5222 1600 5291 ejusmodi
1630 5239 1729 5294 po-

135 5319 302 5374 nitur
334 5335 348 5371 :
384 5315 650 5372 Christum
673 5333 744 5371 xv
779 5316 906 5370 luna
945 5333 1161 5386 passum
1213 5332 1344 5370 esse.
1385 5314 1543 5371 Hunc
1569 5313 1729 5371 Beda

135 5411 330 5464 locum
358 5408 504 5463 velut
526 5407 898 5463 lirmissimum
921 5407 1194 5477 quoddam
1229 5407 1594 5478 chronologia
1615 5422 1730 5460 mu—

136 5501 454 5554 nimentum
500 5515 766 5569 usurpare
798 5499 1090 5553 identidem
1130 5498 1322 5568 optimi
1371 5499 1476 5554 viri
1519 5513 1585 5554 ac
1634 5497 1728 5552 do-

133 5587 382 5642 ctissimi
415 5587 609 5653 solent,
629 5602 801 5656 eoque
829 5587 1176 5656 potissimum
1211 5587 1318 5644 telo
1353 5588 1604 5656 superior
1637 5587 1726 5641 illa

136 5677 364 5734 Dckei'ii
413 5679 583 5735 nostri
615 5679 884 5735 sententia
921 5680 972 5731 in
1023 5676 1315 5731 Annalibus
1357 5687 1724 5749 oppugnatur.

1819 3194 1986 3248 ullam
2019 3196 2208 3252 habuit
2237 3198 2403 3265 Beda,
2435 3216 2558 3256 cum
2594 3203 2696 3259 ista
2727 3194 2988 3263 scriberet
3025 3228 3037 3264 :
3075 3213 3205 3280 quin
3241 3225 3298 3267 ut
3329 3232 3392 3268 ex

1820 3297 1932 3344 toto
1952 3288 2045 3360 illo
2068 3291 2242 3359 capite
2269 3290 2455 3362 liquet,
2487 3293 2613 3363 quid
2649 3297 2873 3352 sentiret
2902 3299 3020 3368 ipse
3053 3302 3212 3370 plane
3233 3320 3393 3373 aper-

1822 3388 1980 3448 teque
2025 3381 2366 3452 signiticavit.
2418 3382 2581 3454 Atqui
2615 3386 2883 3456 ejusmodi
2909 3389 2999 3445 illa
3035 3401 3183 3456 sunt,
3215 3405 3274 3449 ut
3302 3412 3396 3465 per

1819 3471 2054 3526 ironiam
2098 3488 2219 3528 esse
2265 3474 2408 3529 dicta
2437 3477 2730 3546 plurimum
2761 3479 2916 3536 Beda
2937 3483 3108 3551 ipsius
3138 3488 3396 3545 interfue-

1819 3556 1910 3611 rit.
1945 3556 2086 3612 Sunt
2136 3560 2281 3614 euim
2331 3563 2745 3636 absurdissima.
2775 3568 2985 3640 Quippe
3013 3587 3158 3629 anno
3189 3572 3392 3633 Christi

1819 3648 1908 3713 54,
1938 3650 2090 3720 cyclo
2116 3652 2244 3706 solis
2276 3669 2364 3718 xv,
2400 3654 2541 3710 luna
2575 3673 2682 3724 xvr,
2709 3659 2886 3715 littera
2912 3661 3144 3733 Dom.C,
3178 3668 3394 3723 novilu-

1821 3740 1972 3794 nium
2001 3741 2274 3799 Nicanum
2322 3736 2530 3817 (quod,
2565 3757 2625 3803 ut
2650 3762 2791 3821 saepe
2825 3754 3034 3822 monui,
3069 3756 3199 3812 olim
3231 3759 3394 3815 etiam

1822 3831 1889 3886 ad
1915 3831 2119 3888 Christi
2153 3837 2410 3892 saeculum
2437 3843 2963 3916 accommodabant)
2993 3849 3220 3920 contigit
3256 3851 3397 3906 Mar-

1824 3924 1882 3977 tii
1910 3940 2039 3992 vui;
2086 3927 2214 3982 luna
2261 3929 2686 4001 decimaquarta,
2730 3951 2806 3990 xu
2849 3933 2969 3993 Kal.
3016 3940 3236 4010 Aprilis,
3283 3944 3398 3999 sive

1822 4014 1999 4070 Martii
2032 4034 2158 4085 xxi;
2192 4018 2400 4076 Pascha
2426 4038 2458 4077 ν
2491 4021 2612 4077 Kal.
2650 4024 2822 4095 April.
2854 4028 2968 4085 sive
2995 4027 3172 4087 Martii
3201 4050 3391 4099 xxviii,

1823 4119 1883 4163 ut
1913 4125 1980 4164 ex
2013 4110 2251 4183 Dionysii
2285 4129 2349 4169 ac
2375 4111 2534 4171 Beda
2570 4118 2737 4188 cyclis
2789 4132 3033 4190 apparet.
3065 4123 3228 4180 iidem
3262 4128 3393 4181 cha-

1823 4208 2060 4256 racteres
2085 4219 2226 4259 anno
2259 4204 2362 4259 566
2383 4218 2709 4278 congruunt.
2738 4207 2856 4265 Non
2889 4212 3053 4283 igitur
3081 4217 3240 4272 annis
3275 4218 3394 4274 istis

1823 4290 1950 4346 luna
1981 4309 2074 4347 xiv
2101 4295 2289 4350 incidit
2313 4297 2365 4351 in
2392 4315 2445 4352 ιχ
2477 4297 2597 4354 Kal.
2630 4301 2763 4371 Apr.
2794 4301 2926 4358 feria
2956 4320 3009 4371 v,
3039 4305 3245 4362 Pascha
3265 4324 3395 4364 vero

1825 4383 1882 4439 in
1913 4401 1966 4440 vi
1996 4384 2139 4450 Καὶ..
2168 4389 2311 4457 quod
2345 4398 2404 4445 ut
2442 4392 2675 4457 eveniat,
2708 4393 2892 4464 cyclus
2913 4409 3034 4451 esse
3067 4395 3224 4452 debet
3255 4399 3397 4454 lunae

1826 4494 1944 4540 xm,
1973 4480 2102 4535 solis
2132 4496 2244 4544 χχι.
2279 4483 2383 4538 hoc
2414 4484 2840 4556 estChristiana
2863 4503 2984 4542 ara
3007 4489 3396 4556 xu.Quamob-

1826 4585 1938 4626 rem
1969 4581 2029 4626 ut
2050 4588 2173 4628 vera
2207 4575 2334 4638 sint,
2372 4592 2492 4646 qua
2520 4592 2550 4631 a
2581 4577 2721 4634 Beda
2754 4580 3042 4636 traduntur
3061 4624 3075 4647 ,
3104 4599 3209 4638 non
3232 4601 3396 4639 xxxiv

1824 4664 1998 4717 atatis
2029 4679 2193 4728 anno,
2224 4667 2317 4721 sed
2358 4683 2434 4722 χιι
2469 4677 2744 4724 mortuum
2775 4686 2897 4728 esse
2929 4673 3204 4730 Christum
3236 4691 3397 4742 opor-

1829 4760 1925 4807 tet.
1965 4751 2068 4809 Sed
2104 4764 2378 4827 utcunque
2405 4759 2624 4829 ascripti
2669 4776 2700 4814 a
2743 4760 2883 4817 Beda
2913 4763 3087 4820 Martii
3131 4765 3250 4821 dies
3299 4767 3398 4822 ha-

1829 4844 1986 4901 beant
2017 4862 2138 4903 sese
2174 4867 2187 4902 :
2219 4847 2264 4904 si
2294 4865 2438 4906 anno
2480 4851 2575 4906 illo
2605 4869 2770 4906 xxxiv
2797 4870 2988 4924 passus
3013 4864 3096 4912 est
3122 4856 3391 4918 Christus.

1829 4952 1936 4992 non
1982 4948 2157 5007 potest
2205 4940 2330 4995 luna
2377 4959 2443 4995 xv
2488 4943 2540 4997 id
2581 4945 2865 5000 accidisse.
2897 4945 3030 5000 Nam
3060 4946 3398 5007 Nicanaxiv.

1829 5044 1951 5098 qua
1978 5029 2176 5102 Christi
2219 5040 2460 5100 tempore
2488 5048 2582 5085 xm
2611 5042 2748 5098 erat,
2779 5035 3031 5091 convenit
3069 5035 3244 5090 Martii
3280 5055 3393 5102 xxi,

1830 5119 1962 5175 feria
2007 5137 2042 5174 ι.
2094 5117 2247 5176 Unde
2290 5120 2418 5176 feria
2465 5125 2700 5179 secunda
2747 5141 2940 5196 passus
2979 5129 3087 5184 erit
3132 5128 3396 5186 Dominus

1829 5209 2005 5266 Martii
2034 5229 2170 5268 χχιι.

1899 5301 2014 5358 Non
2037 5304 2298 5358 minorem
2325 5306 2599 5376 cyclorum
2632 5323 3009 5380 annorumque
3032 5311 3390 5381 perturbatio-

1831 5411 1950 5450 nem
2004 5397 2242 5466 comperi
2290 5399 2430 5464 apud
2467 5395 2767 5454 Victurium
2817 5402 3171 5473 Aquitanum.
3226 5404 3401 5475 Cujus

1829 5485 1976 5543 Fasti
2007 5497 2132 5542 sunt
2164 5503 2328 5558 penes
2368 5489 2430 5543 Β.
2467 5489 2529 5545 Ρ.
2577 5492 2926 5547 Sirmondum
2960 5510 3083 5549 cum
3122 5493 3400 5552 Pral'atio-

1781 5590 1789 5596 '
1829 5597 1916 5646 ne,
1953 5597 2018 5636 ex
2061 5597 2169 5651 qua
2215 5583 2472 5637 nonnulla
2505 5584 2651 5648 citat,
2692 5584 2995 5656 refellitque
3030 5586 3170 5642 Beda
3200 5588 3293 5644 lib.
3325 5589 3400 5643 De

1833 5685 1989 5744 temp.
2025 5684 2152 5742 rat.,
2185 5690 2234 5728 c.
2262 5673 2348 5727 49.
2381 5673 2436 5728 In
2487 5676 2572 5728 illa
2617 5691 2744 5745 ergo
2789 5677 3105 5735 l’ral‘atione
3129 5677 3399 5738 Victorius
