3854 6336
424 326 528 387 9ιὸ

1550 324 1893 382 APPENDIX
1928 322 2571 399 ⁵ιιιειςιιιινιᾼνιιοιιιιιιιι.

3576 342 3679 398 9M

426 443 523 510 (ita
551 445 694 498 enim
720 419 778 499 in
810 445 1177 502 vetustissimo
1208 446 1299 502 illo
1332 448 1520 503 codice
1554 448 1889 512 nominatur,
1917 454 1998 500 at—
2023 448 2076 509 A
2102 445 2382 506 Passionis
2412 452 2692 521 habeatur,
2722 456 2867 525 quod
2898 456 3132 516 fortasse
3158 460 3339 516 verius
3358 470 3461 516 est.
3491 461 3679 528 Quan-

425 550 533 606 que
559 536 722 590 etiam
758 535 976 604 Victor,
1010 554 1118 594 non
1159 537 1505 612 Victorinus)
1538 542 1604 595 de
1647 553 1790 594 anno
1815 538 2000 594 Domi-

426 626 563 682 uica:
590 626 869 684 Passionis
897 645 1087 700 agens,
1134 630 1364 686 Passum
1398 644 1603 698 autem,
1644 631 1841 701 inquit,
1890 629 1998 684 Do-

427 718 626 772 minum
663 728 898 774 nostrum
931 719 1114 776 Iesum
1148 720 1420 777 Christum
1458 723 1684 792 peractis
1715 721 1854 776 5228
1899 738 1997 776 an-

427 808 509 862 nis
564 809 629 861 ab
685 818 804 863 ortu
844 812 1025 864 mundi
1076 813 1256 866 eadem
1307 811 1681 867 Chronicorum
1747 812 1997 867 relatione

428 908 751 952 monstratur
807 900 921 971 (de
978 901 1219 969 Eusebii,
1283 902 1592 973 Hieroaymi
1646 912 1699 958 et
1747 903 1995 972 Pr08peri

426 989 713 1046 Chronicis
756 992 1056 1063 loquitur).
1091 995 1242 1059 Quod
1271 1005 1471 1065 gestum
1510 997 1783 1050 inchoante
1822 1009 1993 1049 xxvtn

426 1096 565 1135 anno
590 1099 693 1135 non
714 1092 881 1151 potest
902 1084 1157 1143 dubitari.
1191 1088 1459 1159 Siquidem
1481 1102 1575 1140 vnt
1602 1086 1833 1142 Kalend.
1860 1090 1989 1157 Apr.

424 1175 594 1243 primo
644 1190 817 1227 mense
856 1174 984 1227 luna
1020 1192 1109 1230 xw
1135 1194 1337 1247 vespere
1380 1176 1724 1247 prwcedente,
1757 1178 1893 1229 sicut
1928 1177 1992 1230 ab

423 1267 577 1319 initio
611 1275 864 1319 creatura:
903 1276 1096 1335 quarta
1140 1269 1283 1337 facta
1327 1278 1423 1333 est,
1464 1270 1675 1337 cmpisse
1703 1268 1991 1321 doceatur:

423 1359 790 1427 adjunctisque
837 1357 1077 1413 bissemtis
1126 1361 1195 1413 ad
1239 1377 1495 1415 summum
1528 1361 1668 1415 529.8
1711 1377 1989 1427 annorum,

421 1455 651 1523 sequenti
677 1453 728 1518 8,
762 1468 830 1506 xx
858 1467 1016 1516 anno,
1049 1471 1079 1508 v
1117 1455 1252 1524 feria
1283 1455 1429 1509 docet
1462 1472 1515 1509 se
1546 1454 1828 1508 traditione
1858 1470 1989 1522 prte-

420 1559 645 1602 rentum.
680 1547 861 1603 Primo
893 1565 1009 1602 vero
1046 1549 1363 1617 Azymorunt
1398 1547 1481 1600 die
1520 1536 1774 1601 Dominus
1819 1557 1993 1601 noster

417 1641 571 1695 Jesus
603 1641 843 1698 Christus
878 1658 1083 1697 cantans
1127 1657 1241 1692 cum
1271 1639 1548 1709 discipulis
1577 1642 1685 1695 suis
1715 1650 1990 1709 postquam

418 1736 501 1787 sui
545 1736 780 1804 corporis
836 1745 883 1789 et
924 1734 1197 1803 sanguinis
1243 1743 1575 1786 sacramenta
1617 1732 1885 1801 patefecit,
1920 1732 1989 1784 ad

2098 552 2262 608 quam
2315 540 2382 596 de
2422 541 2517 597 illo
2558 542 2717 599 Beda:
2762 546 2883 602 loco
2931 548 3279 620 cogitandum
3307 553 3545 621 amplius
3574 563 3679 608 est.

2098 627 2253 695 Quod
2283 631 2428 687 enim
2465 633 2642 703 ipsum
2672 651 2702 691 a
2732 634 2907 693 Natali
2956 654 3159 696 annum
3205 641 3475 711 auspicari
3523 644 3684 698 volu.

2097 736 2255 788 mus;
2291 723 2343 777 id
2367 725 2534 793 quod,
2565 725 2672 782 nisi
2720 730 2983 787 mendosa
3025 732 3190 787 verba
3237 743 3385 799 sunt,
3421 749 3682 789 necessa-

2095 811 2238 866 rium
2269 813 2501 880 videtur,
2534 830 2661 869 cum
2693 815 3023 890 Dionysiana
3057 824 3260 889 epocha
3312 822 3497 878 minus
3544 839 3683 892 qua-

2095 898 2249 960 drat.
2277 917 2393 971 quae
2434 918 2463 956 a
2510 902 2703 959 Martio
2732 920 2917 961 mense
2940 907 3078 963 inire
3102 921 3480 965 consueverat.
3509 908 3679 981 Atqui

2098 990 2190 1045 701
2231 1006 2408 1047 annus
2438 993 2491 1047 in
2517 992 2691 1049 Natali
2721 995 3071 1053 indictionem
3100 998 3258 1053 habet
3282 1016 3371 1053 xv.
3400 998 3679 1065 Quocirca

2094 1079 2179 1134 vel
2222 1080 2546 1138 indictiones
2593 1083 2848 1141 Romana:
2889 1087 3003 1156 jam
3047 1096 3160 1142 tum
3204 1103 3235 1142 a
3281 1087 3548 1145 Januario
3596 1091 3680 1143 in-

2095 1172 2303 1227 choatae
2327 1184 2474 1239 sunt,
2501 1184 2555 1229 et
2580 1176 2632 1229 in
2666 1177 2914 1231 ultimum
2935 1178 3247 1235 Decembris
3272 1181 3413 1235 diem
3446 1182 3676 1245 desitae;

2092 1267 2177 1322 vel
2210 1282 2308 1337 pro
2339 1267 2433 1321 701
2469 1269 2611 1337 apud
2641 1268 2840 1324 Bedam
2886 1271 2988 1327 700
3037 1272 3321 1342 legendum
3343 1313 3360 1340 ,
3404 1274 3681 1343 quemad-

2094 1359 2311 1413 modum
2353 1360 2549 1430 legisse
2581 1360 2902 1416 scboliastes
2938 1363 3181 1433 videtur;
3213 1364 3296 1418 vel
3322 1364 3565 1435 denique
3598 1368 3680 1419 in-

2093 1450 2258 1505 dictio
2284 1466 2348 1504 xv
2377 1465 2474 1520 pro
2500 1467 2587 1505 xiv
2614 1452 3013 1529 substituenda.
3050 1453 3204 1521 Quod
3236 1456 3282 1508 si
3316 1453 3420 1509 700
3464 1472 3677 1508 annum

2093 1542 2232 1598 Beda
2268 1544 2507 1613 scripsit,
2540 1552 2655 1598 tum
2692 1545 2879 1614 utique
2901 1547 2970 1601 53
3011 1560 3155 1600 anno
3183 1547 3251 1600 ab
3281 1546 3676 1602 Incarnatione

2093 1650 2286 1704 passus
2330 1636 2433 1690 erit
2471 1635 2753 1702 Dominus,
2784 1638 2956 1693 aetatis
2996 1654 3144 1692 xxxtt
3189 1639 3433 1693 ineunte.
3470 1639 3677 1694 Paulus

2093 1726 2511 1795 Forosempron.
2562 1729 2663 1784 lib.
2689 1744 2742 1782 Iv
2770 1733 3035 1799 Paulinae,
3062 1731 3158 1786 701
3208 1732 3429 1801 quidem
3463 1748 3675 1786 annum

418 1801 644 1880 montem
692 1825 881 1881 Oliveti
905 1867 918 1890 ,
952 1801 1088 1880 sicut
1139 1823 1425 1895 Evangelia
1475 1834 1659 1877 sancta
1708 1833 1986 1885 testantur,
2024 1801 2064 1855 Β
2091 1820 2194 1873 hoc
2243 1820 2295 1873 in
2340 1820 2496 1875 Bedte
2522 1820 2643 1874 loco
2674 1822 2883 1891 posuit;
2920 1823 3011 1876 sed
3047 1839 3076 1877 a
3110 1822 3373 1878 Passinne
3408 1823 3540 1889 669,
3570 1840 3677 1881 non

417 1932 739 1988 progressus,
772 1919 943 1989 ibique
967 1920 1204 1971 detentus
1238 1926 1313 1969 est
1345 1933 1377 1969 a
1410 1914 1615 1970 Iudaeis
1639 1915 1872 1968 tradente
1907 1916 1989 1967 di-

417 2010 639 2079 scipulo.
668 2010 918 2081 Deinceps
952 2025 1003 2064 v1
1030 2010 1164 2079 feria
1192 2009 1532 2079 subsequente
1550 2049 1563 2073 ,
1588 2008 1643 2060 id
1664 2017 1735 2060 est
1762 2022 1830 2059 vn
1858 2005 1985 2061 Kal.

419 2107 542 2172 Apr.
576 2105 863 2174 cruciﬁxus
899 2115 977 2157 est
1025 2114 1072 2157 et
1105 2103 1357 2172 sepultus.
1396 2102 1567 2156 Tertia
1601 2100 1705 2165 die,
1732 2101 1827 2152 hoc
1857 2109 1930 2153 est
1958 2116 1987 2151 v
2016 2114 2019 2115 '

417 2193 544 2248 Kal.
581 2194 708 2263 Apr.
745 2196 1017 2247 llominico
1066 2197 1297 2246 surrexit
1351 2210 1382 2245 a
1424 2194 1666 2244 mortuis.
1720 2189 1989 2244 Hactenus

420 2283 749 2339 Victorinus.
790 2287 890 2351 Qui
936 2299 1158 2354 passum
1215 2294 1489 2338 asseverat
1520 2282 1798 2335 Clnistum
1844 2279 1987 2333 Mar-

417 2378 472 2430 tii
510 2393 657 2440 xxvr,
693 2377 824 2431 feria
847 2394 919 2441 γι,
950 2376 1317 2432 resurrexisse
1339 2391 1466 2431 vero
1490 2374 1664 2428 Martii
1693 2389 1882 2427 xxvttt.
1910 2372 1987 2426 lta

417 2467 766 2523 Dominicalis
791 2468 968 2522 littera
995 2466 1159 2522 fuerit
1178 2465 1241 2531 C,
1270 2465 1361 2535 qui
1392 2465 1676 2519 character
1704 2477 1847 2517 anno
1868 2476 1989 2516 term

414 2560 760 2631 Dionysianze
787 2576 951 2615 xxxrv
973 2559 1244 2632 congruit,
1278 2558 1429 2629 cyclo
1455 2558 1586 2613 solis
1619 2574 1704 2611 xv.
1728 2556 1830 2611 Sed
1863 2571 1987 2610 cum

415 2652 560 2707 dicat
603 2653 787 2707 lunam
824 2651 999 2707 Martii
1030 2671 1155 2719 xxv,
1192 2669 1302 2724 quo
1344 2652 1432 2707 die
1478 2650 1693 2721 epulum
1725 2648 1989 2704 Paschale

415 2744 724 2808 celebravit,
758 2742 924 2799 fuisse
952 2744 1136 2799 lunam
1168 2760 1296 2809 xlv;
1331 2743 1434 2798 hoc
1466 2740 1681 2796 nonnisi
1716 2740 1867 2811 cyclo
1889 2739 1988 2794 Ni-

416 2849 564 2890 caeno
595 2835 833 2890 secundo
874 2836 1150 2901 convenit,
1178 2835 1262 2889 vel
1292 2851 1410 2898 xnt,
1449 2834 1493 2889 si
1522 2833 1788 2888 decimam
1818 2847 1986 2900 quar-

415 2937 521 2981 tam
551 2928 837 2998 appellavit
863 2928 1127 2982 decimam
1174 2928 1440 2996 quintam.
1477 2924 1675 2995 Cyclus
1708 2940 1804 2978 χιιι
1833 2939 1985 2977 cont-

415 3018 546 3086 petit
587 3032 732 3071 anno
778 3017 1108 3088 Dionysiano
1139 3018 1227 3071 51.
1260 3016 1442 3083 Quare
1484 3017 1536 3069 in
1570 3031 1714 3069 anno
1742 3016 1879 3086 cycli
1910 3016 1987 3069 lu-

414 3107 561 3161 naris
585 3123 709 3161 cum
737 3106 1060 3178 Epiphanio,
1093 3122 1157 3161 ac
1185 3106 1457 3160 veteribus
1486 3104 1786 3166 consentit;
1813 3103 1865 3156 in
1897 3118 1985 3157 so—
2013 3140 2054 3198 ο

414 3198 513 3252 lari
540 3198 691 3269 cyclo
722 3198 1010 3253 cum-Beda
1042 3212 1107 3252 ac
1137 3196 1379 3267 reliquis.
1430 3195 1485 3249 ln
1513 3195 1769 3264 expansis
1792 3193 1985 3249 Fasto-

413 3306 530 3344 rum
561 3290 719 3345 annis
750 3290 1150 3360 perturbatiora
1182 3289 1365 3343 omnia
1412 3298 1560 3344 sunt.
1608 3288 1723 3343 lllic
1766 3286 1982 3344 cruciﬁ-

414 3397 541 3436 xum
576 3396 697 3437 esse
714 3380 1001 3436 Dominum
1033 3381 1108 3436 ait
1138 3395 1280 3436 coss.
1310 3379 1526 3434 duobus
1556 3378 1831 3445 Geminis;
1854 3378 1980 3448 qui-

412 3475 515 3529 bus
559 3484 937 3529 successerunt
984 3473 1157 3529 Rufus
1207 3482 1261 3528 et
1312 3471 1629 3537 Rubellius,
1669 3486 1812 3526 anno
1860 3478 1982 3540 post

413 3565 655 3622 Natalem
700 3566 790 3634 '52,
819 3582 929 3636 quo
973 3582 1115 3621 anno
1158 3565 1364 3621 Pascha
1419 3564 1606 3619 incidit
1632 3579 1689 3618 ιιι
1744 3561 1977 3632 ld.Apr.

413 3659 539 3713 luna
568 3674 655 3713 xx.
681 3657 797 3724 Qua
821 3659 1026 3712 ratione
1055 3661 1241 3728 cyclus
1275 3657 1379 3712 erit
1402 3657 1545 3711 lunae
1568 3672 1604 3721 ι,
1633 3656 1737 3710 litt.
1764 3652 1977 3709 Domin.

412 3750 476 3813 C,
509 3766 631 3819 quae
654 3751 841 3805 eadem
866 3760 919 3803 et
946 3766 1088 3804 anno
1110 3750 1177 3804 54
1214 3748 1543 3821 Dionysiano
1568 3748 1836 3819 congruit.
1875 3747 1979 3802 Sed

413 3840 548 3911 cycli
584 3840 1093 3896 decemnovennalis
1126 3840 1425 3895 foedissima
1460 3840 1775 3910 depravatio
1805 3850 1906 3895 est.

480 3931 599 3987 Jam
628 3933 771 4003 quod
810 3934 874 3988 ad
912 3933 1065 3987 Bedaz
1104 3934 1282 3987 locum
1319 3942 1542 4003 spectat,
1573 3933 1625 3986 in
1655 3947 1763 4003 quo
1796 3932 1983 3987 scribit

411 4039 555 4077 anno
600 4023 929 4096 Dionysiano
986 4022 1080 4077 701
1132 4024 1446 4079 adnotatum
1493 4021 1660 4078 fuisse
1711 4038 1910 4076 annum
1949 4036 1978 4075 a

413 4113 670 4169 Passione
702 4114 909 4170 Domini
939 4113 1064 4179 668,
1091 4114 1386 4170 indictione
1433 4132 1551 4181 xw;
1598 4116 1652 4170 in
1686 4114 1977 4170 Annalibus

411 4205 752 4261 librariorum
784 4208 937 4275 culpa
970 4207 1063 4261 701
1111 4223 1208 4277 pro
1233 4206 1336 4260 702
1363 4208 1644 4277 irrepsisse
1695 4208 1931 4262 creditur
1961 4227 1974 4263 :

411 4297 550 4363 quod
598 4299 830 4351 maxime
879 4299 1066 4352 miror.
1110 4297 1245 4352 Nam
1278 4298 1380 4353 7οΞ
1408 4313 1551 4352 anno
1582 4314 1689 4352 non
1720 4315 1807 4352 xtv
1840 4298 1979 4352 indi-

409 4388 538 4449 ctio,
584 4390 673 4442 sed
727 4406 795 4442 xv
844 4391 1118 4459 competit,
1160 4406 1280 4459 qua:
1326 4389 1395 4443 ah
1440 4392 1786 4444 antecedente
1827 4391 1974 4460 Sept.

2090 1910 2213 1966 668.
2247 1910 2325 1965 Ex
2376 1927 2484 1981 quo
2533 1912 2787 1981 idipsum,
2822 1914 2966 1983 quod
3011 1914 3171 1969 modo
3209 1915 3676 1986 signiﬁcavimus,

2091 2004 2314 2075 colligit,
2345 2005 2619 2058 Christum
2655 2020 2717 2059 ex
2751 2005 2961 2060 illorum
2991 2009 3255 2062 sententia
3290 2024 3519 2078 passum
3550 2026 3679 2065 esse

2089 2096 2262 2150 aetatis
2293 2112 2437 2151 anno
2462 2114 2610 2162 xxxi,
2637 2114 2756 2151 cum
2786 2099 2960 2154 tribus
2984 2101 3285 2155 mensibus.
3317 2101 3538 2154 Etenim
3577 2120 3675 2155 an-

2091 2186 2163 2245 ni,
2196 2188 2389 2255 inquit,
2440 2206 2471 2240 α
2523 2188 2794 2254 Passioue,
2842 2200 2890 2243 et
2932 2189 3308 2246 Incarnatione
3355 2194 3543 2247 eodem
3594 2196 3679 2249 die

2091 2277 2435 2340 inchoantur;
2472 2280 2565 2331 hoc
2598 2288 2675 2332 est
2717 2282 2780 2332 ab
2813 2297 2902 2334 \Ill
2934 2280 3058 2334 Kal.
3097 2291 3229 2348 Apr.
3272 2283 3415 2355 Ergo
3467 2302 3680 2339 necesse

2088 2376 2164 2420 est
2185 2369 2465 2420 secundum
2486 2369 2683 2422 Bcdatn
2707 2381 2868 2424 totum
2896 2373 3047 2425 illum
3074 2391 3293 2438 annum,
3314 2378 3405 2446 qui
3434 2389 3555 2431 erat
3574 2380 3674 2433 701

2090 2457 2153 2510 ab
2194 2455 2588 2523 lncarnatione,
2624 2479 2733 2517 esse
2761 2482 2791 2517 a
2822 2463 3075 2518 Passione
3112 2466 3235 2521 669.
3278 2467 3515 2522 Detrahe
3560 2472 3679 2539 jam

2090 2567 2253 2604 annos
2283 2552 2386 2606 669
2416 2570 2448 2605 a
2494 2553 2616 2619 701,
2659 2556 2925 2609 restabant
2960 2561 3084 2610 anni
3136 2575 3249 2613 χχιι
3304 2562 3367 2613 ab
3404 2560 3678 2616 Incurua-

2091 2644 2230 2698 tione
2259 2646 2328 2698 ad
2349 2645 2657 2701 Passionem
2689 2649 2927 2705 deductis
2957 2653 3220 2707 mensibus
3246 2670 3449 2715 novem,
3481 2674 3678 2724 passus

2087 2747 2162 2791 est
2195 2736 2435 2793 Christus
2472 2757 2608 2794 anno
2634 2742 2693 2794 51
2727 2759 2843 2795 cum
2874 2745 3039 2797 tribus
3075 2746 3359 2799 mensibus.
3399 2745 3533 2801 llaec
3565 2751 3675 2804 ille.

2090 2828 2287 2885 Verum
2316 2843 2579 2904 repugnat
2608 2834 2851 2899 indictio,
2891 2838 2995 2889 nisi
3040 2838 3197 2892 aliter
3228 2838 3381 2893 locus
3406 2841 3677 2896 emende-

2089 2932 2194 2977 tur.
2231 2923 2306 2977 Ex
2354 2925 2419 2978 iis
2468 2918 2720 2981 omnibus
2772 2928 3103 2983 validissime
3144 2928 3296 2983 Beda
3330 2930 3421 2984 illa
3459 2933 3679 2987 sanctio

2088 3014 2372 3079 refellitur,
2402 3032 2506 3085 qua
2538 3034 2604 3072 ex
2629 3016 2881 3073 Ecclesia:
2910 3019 3011 3074 ﬁde
3035 3018 3311 3075 Christum
3338 3032 3498 3091 putat
3523 3040 3678 3079 mor-

2089 3115 2237 3160 tuum
2270 3122 2412 3160 anno
2442 3107 2529 3173 54,
2567 3109 2876 3179 vixissequc
2900 3126 3073 3165 annos
3112 3127 3299 3177 xxxm,
3336 3128 3563 3170 menses
3592 3132 3674 3170 ιιι.

2090 3196 2262 3264 Quam
2294 3200 2514 3269 quidem
2548 3201 2854 3270 opinionem
2889 3204 3143 3258 neminem
3188 3221 3262 3269 se,
3290 3207 3381 3274 qui
3430 3209 3678 3265 quadra-

2089 3299 2186 3356 ret,
2224 3293 2471 3361 reperisse
2510 3291 2715 3349 Paulus
2743 3292 3100 3364 Middelburg.
3127 3295 3399 3351 allirmat:
3444 3299 3580 3368 quin
3622 3310 3678 3354 et

2088 3381 2286 3437 Bedam
2319 3399 2349 3437 a
2374 3383 2556 3454 seipso
2585 3385 2894 3449 dissentire,
2921 3386 3014 3455 qui
3048 3387 3098 3439 in
3120 3385 3399 3451 Chronico,
3425 3389 3550 3445 sive
3575 3391 3671 3446 lib.

2087 3471 2165 3526 De
2208 3490 2298 3527 sex
2340 3475 2601 3540 (statibus,
2622 3475 2865 3544 Augusto
2894 3491 3066 3531 annos
3097 3492 3205 3539 LVI,
3235 3488 3287 3531 et
3320 3493 3413 3531 sex
3447 3496 3673 3535 menses

2087 3563 2507 3633 assignat:tum
2559 3566 2835 3621 Christum
2884 3582 3028 3620 anno
3072 3567 3215 3621 illius
3258 3585 3364 3622 xui
3412 3570 3471 3623 in
3526 3573 3675 3627 hunc

2087 3655 2348 3708 mundum
2376 3655 2659 3710 advenisse
2685 3658 2906 3721 scribit,
2930 3673 3073 3711 anno
3102 3659 3252 3715 urbis
3274 3659 3405 3724 752,
3448 3659 3669 3733 Olymp.

2087 3744 2189 3799 194
2232 3760 2375 3799 anno
2410 3747 2599 3812 tertio,
2631 3762 2851 3816 passum
2900 3763 3030 3803 vero
3082 3748 3280 3805 Tiberii
3323 3769 3480 3806 xvur.
3517 3754 3673 3811 Unde

2087 3853 2424 3908 consequens
2448 3847 2531 3894 est
2550 3839 2751 3894 vixisse
2780 3841 2881 3895 sub
2907 3840 3151 3911 Augusto
3173 3857 3345 3897 annos
3375 3860 3486 3911 xlv,
3517 3862 3668 3899 men-

2088 3946 2177 3985 ses
2210 3946 2300 3998 tx;
2352 3931 2454 4003 sub
2506 3929 2724 3985 Tiberio
2760 3946 2933 3986 annos
2965 3948 3097 3998 xvtt,
3146 3948 3360 3987 menses
3390 3952 3462 3987 vt.
3500 3936 3659 3990 Colli-

2086 4032 2288 4092 guutur
2330 4022 2457 4076 anni
2488 4039 2659 4088 xxxtt,
2692 4038 2903 4078 menses
2951 4039 3010 4077 ιιι
3059 4024 3128 4078 ab
3180 4024 3603 4089 incarnatione;
3636 4043 3667 4080 a

2086 4114 2373 4168 Nativitate
2415 4114 2542 4167 anni
2572 4129 2721 4176 xxxi,
2756 4128 2969 4168 menses
3009 4130 3088 4168 ιιι.
3124 4113 3389 4180 Quocirca
3452 4127 3667 4171 veteres

2085 4207 2567 4277 Middelburgensis
2592 4206 2865 4260 existimat
2886 4206 3102 4260 Christo
3129 4207 3180 4259 in
3206 4222 3369 4261 carne
3401 4209 3666 4263 tribuisse

2086 4315 2257 4354 annos
2289 4314 2457 4352 xxxul
2499 4298 2736 4351 nondum
2776 4298 3085 4363 absolutos;
3122 4299 3210 4350 sed
3243 4314 3345 4350 non
3384 4301 3453 4350 ad
3506 4298 3666 4353 Βαία-

2086 4406 2319 4448 sensum,
2340 4391 2429 4454 qui
2445 4388 2537 4441 hos
2570 4405 2735 4442 annos
2765 4399 2915 4443 extra
2943 4398 3149 4442 uterum
3181 4407 3211 4442 a
3238 4388 3427 4443 Natali
3453 4408 3666 4461 «:ompuo

408 4481 591 4547 cmpit.
625 4477 776 4533 Unde
817 4482 985 4535 tnulto
1018 4490 1095 4535 est
1130 4481 1478 4536 verisimilius
1517 4480 1758 4535 Natalem
1803 4481 1975 4541 illum,
2010 4496 2060 4555 ι)
2088 4491 2165 4533 tat
2197 4497 2213 4534 :
2252 4481 2345 4534 sed
2372 4480 2462 4541 ita,
2492 4488 2548 4533 ut
2579 4480 2646 4532 ab
2670 4479 3043 4533 incarnatione
3071 4480 3183 4548 ipsa
3218 4492 3606 4535 numerentur.

407 4583 518 4636 quo
552 4568 604 4621 in
637 4570 807 4623 cereis
834 4570 934 4622 ista
973 4570 1216 4638 legerunt
1245 4571 1523 4633 monachi,
1558 4570 1728 4623 fuisse
1756 4586 1859 4623 xxv
1883 4568 1977 4623 Dc-

408 4656 639 4710 cembris
662 4659 788 4711 anni
825 4657 1133 4728 Dionysiani
1160 4658 1284 4721 700,
1315 4674 1346 4712 a
1371 4675 1479 4728 quo
1506 4660 1591 4713 die
1613 4660 1814 4714 Christi
1847 4660 1973 4712 anni

408 4749 685 4801 numerari
732 4749 1004 4817 quondam
1054 4750 1319 4805 solebant.
1360 4751 1465 4805 Sed
1514 4752 1614 4804 hoc
1664 4760 1821 4819 pacto
1847 4751 1973 4804 anui

405 4838 684 4895 Passionis
714 4840 782 4895 ab
809 4842 1155 4897 antecedente
1188 4842 1384 4906 Natali,
1418 4844 1522 4898 hoc
1554 4852 1639 4899 est
1668 4844 1838 4897 tribus
1866 4843 1976 4898 fere

406 4941 530 4987 ante
579 4932 948 5005 diemipsum
998 4934 1275 4991 Passionis
1336 4937 1637 5001 mensibus,
1688 4936 1974 4991 inchoaudi

404 5032 566 5092 sunt;
595 5041 719 5080 nam
755 5027 802 5081 si
827 5042 856 5080 e
883 5024 984 5079 700
1029 5027 1294 5083 absolutis
1346 5028 1567 5098 triginta
1606 5037 1718 5083 tres
1771 5029 1974 5083 solidos

402 5116 661 5180 deducas,
688 5118 969 5172 restabunt
993 5117 1095 5172 667
1125 5120 1379 5174 absoluti.
1408 5120 1528 5174 Ideo
1557 5120 1653 5175 701
1689 5120 1864 5175 iniens
1892 5129 1976 5175 est

402 5206 509 5262 668
536 5209 760 5277 perinde
806 5210 1003 5279 iniens,
1045 5211 1135 5279 qui
1193 5228 1221 5265 a
1275 5210 1447 5265 Natali
1496 5211 1973 5281 septingentesimo

404 5300 734 5372 Dionysiano
789 5301 977 5357 indict.
1016 5318 1107 5355 xtv
1153 5303 1358 5374 incipit.
1392 5304 1544 5369 Quod
1587 5304 1632 5357 si
1680 5304 1797 5373 ipso
1843 5304 1971 5357 anni

404 5392 500 5445 701
537 5391 711 5447 Natali
746 5392 927 5457 iniret,
973 5402 1119 5449 esset
1151 5409 1259 5448 non
1285 5410 1372 5448 xtv
1395 5394 1639 5459 indictio,
1666 5396 1758 5448 sed
1783 5409 1872 5448 xv.
1898 5394 1973 5448 Ac

403 5486 517 5538 lieri
548 5486 763 5555 quidem
792 5495 986 5555 potest,
1022 5494 1079 5539 ut
1107 5486 1355 5541 Romana
1383 5485 1620 5541 Ecclesia
1644 5486 1972 5555 temporibus

404 5577 509 5629 illis
530 5576 798 5632 Christum
833 5578 1007 5633 aetatis
1032 5594 1178 5632 anno
1203 5594 1371 5631 χχχιιι
1406 5593 1625 5647 passum
1670 5593 1793 5632 esse
1838 5592 1969 5631 cen-

403 5668 591 5721 suerit.
624 5668 700 5722 Ita
735 5684 969 5737 namque
998 5669 1505 5738 septingentesimus
1545 5668 1730 5723 exiens
1773 5669 1973 5723 incidet

401 5760 459 5817 in
492 5775 692 5814 annum
724 5760 999 5814 Passionis
1020 5760 1154 5827 668;
1179 5762 1220 5817 si
1247 5761 1503 5814 nimirum
1535 5774 1730 5824 xxxtu,
1763 5760 1971 5828 primus

2146 4573 2281 4625 Nam
2331 4572 2472 4641 quod
2511 4572 2763 4627 Ecclesiae
2809 4572 3132 4626 auctoritate
3175 4573 3266 4642 qui
3320 4590 3443 4627 cum
3496 4574 3660 4631 Bede:

2077 4665 2399 4720 sententiam
2437 4663 2580 4718 illam
2616 4671 2868 4719 astruunt
2897 4664 2991 4718 nili
3031 4679 3089 4719 se
3120 4665 3459 4733 proliteutur,
3496 4668 3658 4721 velim

2076 4756 2290 4809 concilii
2332 4755 2564 4824 alicujus
2591 4756 2887 4819 decretum,
2923 4755 3027 4809 hoc
3064 4766 3147 4810 est
3176 4771 3525 4811 communem
3553 4757 3657 4812 Ec—

2078 4846 2252 4901 clesiae
2280 4862 2490 4910 vocem,
2538 4855 2631 4900 aut
2667 4848 3017 4916 antiquorum
3063 4857 3210 4901 certe
3247 4846 3469 4901 Patrum
3519 4864 3656 4903 con-

2077 4948 2307 4993 stantem
2361 4940 2415 4993 in
2472 4940 2559 4993 illa
2626 4939 2823 4991 tuenda
2879 4940 3293 4993 consensionem
3350 4939 3654 5009 proferant,

2076 5034 2218 5102 quod
2250 5049 2526 5102 nunquam
2560 5033 2783 5086 omnino
2822 5032 3121 5101 perﬁcient.
3174 5028 3283 5085 Nec
3309 5033 3455 5084 enim
3502 5032 3657 5101 igno-

2076 5140 2197 5179 rare
2232 5141 2547 5193 possumus,
2582 5133 2922 5194 quantopere
2954 5139 2984 5178 a
3024 5138 3083 5177 se
3124 5124 3353 5176 invicem
3387 5121 3492 5175 PP.
3529 5139 3654 5177 om—

2075 5225 2171 5265 nes
2198 5226 2320 5264 cum
2360 5211 2412 5263 in
2451 5227 2595 5263 anno
2628 5210 2924 5274 Passionis,
2970 5220 3081 5263 tum
3132 5214 3186 5263 in
3220 5211 3305 5264 die
3341 5211 3457 5280 ipso
3484 5212 3649 5265 dissi-

2073 5303 2254 5357 deant.
2290 5301 2523 5356 irenaaus
2574 5301 2942 5370 apostolorum
2988 5304 3377 5369 propemodum
3423 5303 3651 5370 aqualis

2074 5394 2214 5447 inter
2258 5392 2738 5462 quadragesimum
2782 5400 2834 5445 et
2879 5391 3392 5461 quinquagesimum
3441 5406 3646 5445 antunu

2072 5487 2244 5539 aetatis
2281 5501 2393 5540 sum
2421 5482 2643 5555 passum
2673 5499 2792 5538 esse
2829 5483 3166 5537 Salvatorcm
3210 5483 3448 5538 asserit:
3487 5484 3648 5552 idque

2073 5594 2131 5632 se
2162 5587 2217 5632 ct
2243 5593 2317 5637 ex
2350 5576 2661 5647 Evangelio,
2690 5585 2743 5628 et
2773 5574 2999 5629 Joannis
3033 5576 3374 5644 evangelista:
3409 5575 3647 5643 discipu-

2073 5668 2161 5729 lis,
2198 5667 2339 5737 quod
2382 5682 2411 5720 a
2446 5666 2703 5737 Magistro
2755 5672 3097 5735 acceperant,
3141 5665 3399 5719 didicisse
3447 5664 3639 5719 contir-

2072 5768 2203 5813 mat.
2240 5756 2412 5823 Quem
2440 5757 2624 5812 lrenzei
2676 5756 2855 5811 locum
2911 5768 3018 5843 non
3071 5769 3217 5811 recte
3252 5758 3305 5809 in
3356 5756 3641 5811 Annalibus
