3854 6310
218 370 323 419 945

1144 371 1228 424 DE
1268 371 1453 426 ANNO
1491 371 1579 425 ET
1620 370 1730 426 DIE
1773 371 2122 426 DOMlNlCA'S
2161 371 2537 438 PASSIONIS.

3369 373 3471 428 9‘6

222 484 562 540 intellectum
621 489 796 545 video.
855 489 1060 559 Negant
1110 491 1252 544 enim
1311 494 1526 560 penitus
1581 495 1682 548 hoc
1734 495 1873 554 abA
1909 503 2074 558 trum,
2109 497 2218 549 imo
2263 494 2427 548 totius
2461 493 2712 548 Ecclesiae
2756 493 2894 548 hanc
2923 507 3042 548 esse
3083 492 3282 547 iidem:
3316 491 3474 546 Chii-

222 573 428 629 iren‘aeo
457 592 583 633 esse
621 581 908 649 scriptum,
946 583 1199 636 nimirum
1229 583 1404 637 aliena
1431 599 1593 639 manu
1623 585 1799 639 inser-

221 674 333 718 tum
368 666 561 721 videri.
591 669 759 738 Cujus
786 673 1111 742 conjecturae
1143 688 1364 726 causam
1409 675 1550 729 hanc
1581 677 1795 746 potissi-

221 771 372 810 mnm
418 758 671 824 aﬂ'erunt,
704 765 845 829 quod
875 766 1064 819 eodem
1105 766 1279 834 capite
1316 767 1478 837 paulo
1521 777 1645 822 ante
1665 783 1798 822 con-

221 848 454 904 trarium
497 853 813 921 profitetur;
842 855 1172 926 baptizatum
1202 875 1323 916 esse
1351 861 1650 926 Christum,
1675 874 1798 914 cum

221 943 620 1009 propemodum
654 962 759 1000 xxx
799 957 942 1002 esset
983 965 1272 1017 annorum,
1315 969 1378 1008 ac
1407 953 1635 1007 subinde
1697 951 1800 1004 tria

222 1026 497 1084 Paschata
542 1035 835 1103 peregisse,
886 1053 1116 1105 quorum
1160 1041 1214 1094 in
1264 1042 1423 1096 tertio
1470 1043 1544 1097 sit
1586 1055 1798 1112 passus.

222 1120 352 1175 Ideo
411 1124 558 1192 quod
620 1125 966 1198 subiungitur
1018 1126 1238 1185 meram
1279 1133 1637 1203 imposturam
1683 1148 1804 1188 esse

220 1224 403 1285 putat.

297 1308 408 1362 Sed
440 1308 542 1363 hac
578 1310 889 1379 conjectura
915 1313 1050 1368 nihil
1087 1315 1156 1370 ab
1180 1314 1366 1370 lrenaei
1396 1325 1574 1371 mente
1598 1324 1650 1371 et
1681 1331 1805 1370 sen-

221 1401 398 1455 tentia
426 1401 555 1472 lingi
599 1410 778 1472 potest
808 1403 1058 1458 alienius.
1105 1405 1337 1460 Tantum
1367 1407 1510 1462 enim
1545 1409 1716 1474 abest,
1746 1417 1806 1462 ut

225 1491 344 1546 hmc
377 1490 562 1546 Irenaei
594 1495 810 1572 propria
860 1511 966 1549 non
999 1497 1130 1559 sint,
1177 1507 1230 1553 ut
1272 1499 1428 1553 aliter
1454 1515 1614 1568 quam
1651 1499 1695 1552 si
1730 1499 1802 1552 ita

223 1584 484 1646 sentiret,
527 1600 591 1640 ac
643 1585 922 1649 scriberet,
971 1587 1116 1641 illius
1170 1590 1462 1657 procedere
1506 1591 1803 1658 disputatio

223 1673 383 1726 nullo
405 1673 567 1726 modo
595 1675 846 1743 potuerit.
880 1676 1000 1747 Agit
1029 1678 1078 1730 in
1116 1679 1208 1732 illo
1239 1680 1355 1733 loco
1376 1687 1564 1734 contra
1589 1678 1811 1734 Gnosti-

223 1780 326 1817 cos
355 1763 632 1819 tricenarii
677 1767 910 1830 numeri,
952 1783 1017 1821 ac
1048 1767 1370 1823 Pleromatis
1413 1781 1688 1838 patronos,
1711 1773 1801 1839 qui

224 1855 300 1908 50
329 1871 480 1909 anno
517 1856 741 1911 ineunte
771 1858 1102 1927 baptizatum
1142 1859 1438 1926 Christum,
1466 1863 1653 1916 eodem
1681 1877 1805 1916 vero
1838 1841 1880 1894 Β

224 1963 400 2010 anno,
449 1964 634 2004 mense
683 1964 757 2004 xu
802 1965 1023 2018 passum
1067 1967 1188 2008 esse
1219 1953 1484 2007 dicebant.
1534 1953 1681 2018 Quos
1732 1968 1799 2007 ex

221 2036 462 2094 Joannis
515 2040 806 2109 Evangelia
857 2040 1094 2098 refellit:
1151 2045 1204 2098 in
1250 2061 1360 2114 quo
1409 2047 1508 2099 tria
1554 2044 1806 2100 distincte

225 2128 496 2184 Paschata
529 2142 904 2187 numerantur.
949 2132 1067 2188 Non
1100 2135 1264 2204 igitur
1301 2151 1408 2189 uno
1433 2152 1578 2190 anno
1611 2136 1806 2206 prandi-

223 2224 446 2274 catione
483 2223 698 2276 functus
731 2233 832 2278 est.
877 2222 1061 2294 Neque
1094 2241 1222 2279 vero
1254 2229 1356 2279 tria
1400 2227 1501 2280 ista
1541 2226 1804 2282 Paschata

225 2312 308 2366 sic
341 2312 522 2366 attulit
550 2310 804 2379 lrenaaus,
839 2323 898 2368 ut
933 2332 1039 2369 non
1072 2317 1226 2384 plura
1255 2318 1534 2376 Christum
1574 2319 1806 2374 obivisse

224 2405 510 2468 crederet;
566 2407 657 2461 sed
708 2409 851 2477 quod
885 2409 1031 2478 apud
1074 2408 1334 2464 Joannem
1392 2411 1593 2479 liquida
1635 2411 1721 2464 illa
1756 2420 1809 2466 et

229 2513 494 2587 expressa
537 2499 809 2568 leguntur,
839 2518 906 2557 ex
955 2503 1022 2558 iis
1054 2503 1243 2558 saltem
1285 2503 1352 2557 ad
1385 2503 1602 2558 tertium
1637 2519 1808 2572 usque

227 2603 438 2642 annum
490 2591 838 2658 praedicasse,
889 2607 999 2648 non
1047 2602 1254 2649 tantum
1305 2609 1437 2654 uno,
1479 2593 1809 2649 validissime

227 2680 619 2736 demonstrat:
652 2698 776 2738 cum
818 2684 1034 2740 interim
1091 2697 1272 2740 tamen
1307 2685 1423 2754 ipse
1458 2686 1612 2755 longe
1657 2685 1807 2754 plura

232 2781 361 2838 post
387 2773 719 2842 baptismum
749 2776 1074 2846 prazteriisse
1103 2775 1250 2831 velit.
1280 2775 1432 2842 Quod
1485 2775 1618 2830 adeo
1645 2777 1811 2830 ratio-

231 2878 332 2917 nes
365 2863 470 2918 illae
497 2864 696 2934 quibus
729 2876 918 2920 contra
968 2865 1260 2922 Gnosticos
1298 2866 1489 2930 utitur,
1531 2865 1810 2920 manifeste

229 2953 488 3024 probant.
516 2955 793 3011 Christum
823 2957 970 3011 enim
1003 2972 1064 3012 ea
1088 2966 1246 3013 aatate
1267 2957 1534 3020 docuisse,
1564 2973 1670 3026 qua
1699 2955 1810 3009 Ma-

234 3043 408 3113 gister
436 3044 692 3113 appellari
737 3047 929 3100 merito
959 3055 1160 3116 posset,
1199 3048 1299 3102 hoc
1330 3057 1412 3102 est
1452 3047 1690 3116 perfecta
1757 3055 1812 3100 et

1900 598 2041 644 stum
2069 590 2242 642 aetatis
2265 603 2466 642 annum
2493 596 2744 656 quartum
2775 595 2828 640 et
2851 585 3181 640 tricesimum
3202 584 3470 654 attigisse.

1902 677 2047 731 Cedo
2074 676 2156 731 vel
2187 692 2353 730 unum
2382 691 2445 729 ex
2477 674 2623 728 omni
2670 674 3008 742 antiquitatis
3048 675 3330 738 memoria,
3375 671 3470 742 qui

1906 780 1998 820 aut
2026 767 2097 819 ita
2129 764 2381 829 senserit,
2417 770 2529 828 aut,
2573 762 2618 816 si
2649 761 2702 815 id
2727 761 2890 815 verbo
2919 769 3076 814 tenus
3111 760 3361 829 injecisse
3389 758 3468 810 vi-

1906 874 2000 913 sus
2029 867 2131 922 est,
2167 873 2274 911 non
2321 871 2444 911 eum
2476 869 2700 916 annum,
2741 868 2847 921 quo
2886 853 2938 905 in
2973 851 3162 905 matris
3195 860 3349 904 utero
3377 861 3470 918 ge-

1903 957 2075 1004 status
2129 957 2228 1014 est,
2279 947 2424 1001 inter
2466 959 2636 1000 annos
2689 943 2810 999 illos
2860 941 3176 997 numerarit.
3235 938 3466 994 Tantum

1905 1040 2068 1110 igitur
2097 1040 2271 1103 abest,
2306 1048 2363 1092 ut
2397 1039 2510 1092 haec
2553 1037 2859 1091 communis
2903 1037 2975 1088 sit
3011 1033 3079 1088 de
3107 1047 3269 1086 xxxiv
3295 1030 3469 1086 aetatis

1902 1148 2044 1187 anno
2085 1130 2290 1200 opinio,
2338 1138 2398 1183 ut
2442 1128 2743 1196 antiquitati
2776 1126 2924 1182 omni
2960 1141 3183 1196 prorsus
3229 1125 3466 1180 inaudita

1903 1221 2092 1286 fuerit,
2118 1219 2315 1288 vixque
2342 1217 2530 1288 paucis
2557 1218 2755 1271 abhinc
2787 1216 3020 1281 szeculis,
3068 1230 3134 1270 eo
3179 1215 3300 1284 ipso
3344 1213 3470 1284 qui-

1902 1314 2048 1374 dem,
2089 1327 2198 1382 quo
2228 1312 2386 1381 vulgo
2417 1310 2666 1374 traditur,
2703 1323 2887 1373 sensu,
2921 1316 2974 1361 et
3006 1307 3468 1376 interpretatione,

1905 1403 2148 1457 obtinere
2181 1401 2425 1470 cmperit.

1909 1515 2240 1583 Expendilur
2273 1512 2704 1583 cirrattologorunt
2754 1510 3096 1583 quorumdam
3128 1509 3324 1583 opinio,
3384 1508 3477 1577 qui

1947 1580 2057 1639 χχιι
2094 1600 2259 1637 annos
2289 1599 2410 1637 mra:
2443 1582 2783 1650 Dionysianw
2806 1581 2979 1632 deesse
3014 1580 3266 1646 suspicati
3296 1587 3441 1632 sunt.

1981 1673 2450 1740 Quemadmodum
2481 1673 2534 1725 in
2571 1687 2713 1725 anno
2742 1670 3018 1724 Passionis
3036 1711 3061 1734 ,.
3096 1671 3175 1724 sic
3206 1671 3264 1722 in
3289 1671 3376 1723 die
3409 1685 3474 1725 ac

1911 1780 2097 1818 mense
2129 1763 2374 1833 quazdam
2414 1762 2559 1815 velut
2599 1770 2749 1814 certa
2797 1761 3072 1814 communi
3115 1761 3220 1814 ﬁde
3267 1762 3474 1816 consti—

1912 1865 2026 1910 tuta
2056 1864 2200 1914 sunt.
2227 1855 2319 1908 sed
2353 1852 2483 1906 illud
2515 1852 2568 1906 in
2602 1852 2792 1921 primis
2818 1869 2830 1904 :
2856 1851 3130 1905 Christum
3158 1852 3283 1905 luna
3317 1867 3388 1906 xv
3418 1853 3472 1905 in

1912 1949 2038 2016 ipso
2065 1945 2350 2009 Paschatc,
2382 1946 2493 1998 sive
2524 1944 2699 2012 primo
2721 1942 2808 1996 die
2841 1943 3166 2013 Azymorum
3193 1957 3314 1996 esse
3343 1957 3473 2011 pas-

1910 2055 2066 2105 sum;
2099 2045 2152 2092 et
2176 2036 2395 2107 quidem
2427 2033 2620 2089 Martio
2647 2049 2850 2089 mense.
2885 2033 3016 2099 Quae
3042 2034 3150 2088 duo
3176 2049 3299 2088 cum
3334 2035 3476 2088 mul-

1911 2140 2086 2186 torum
2111 2128 2310 2183 animis
2340 2125 2687 2190 insedissent,
2715 2125 2860 2195 quod
2892 2134 3324 2180 consentaneum
3358 2136 3476 2179 erat

1912 2220 2128 2282 accidit,
2167 2229 2224 2274 ut
2269 2217 2335 2273 de
2375 2216 2656 2271 Passionis
2691 2226 2935 2281 tempore
2977 2215 3186 2270 inﬁnita
3230 2216 3471 2283 quaedam

1910 2313 2227 2383 opinionum
2247 2309 2474 2365 divortia
2499 2316 2873 2362 nascerentur.
2903 2305 3049 2361 lnter
3077 2322 3215 2376 quas
3257 2307 3321 2361 ad
3361 2315 3478 2361 stu-

1909 2419 2096 2476 porem
2130 2417 2300 2472 usque
2328 2400 2558 2455 ridicula
2588 2407 2671 2454 est
2714 2398 2826 2462 illa,
2858 2414 3024 2468 quam
3065 2414 3130 2452 ex
3169 2397 3474 2467 Sigeberto,

1910 2493 2152 2546 Mariano
2206 2506 2270 2546 ac
2307 2490 2517 2545 exteris
2559 2498 2717 2542 antea
2751 2487 3058 2542 retulimus.
3099 2486 3310 2552 Quibus
3349 2502 3473 2539 eum

1911 2582 2384 2654 persuasissimum
2416 2579 2574 2645 foret,
2610 2577 2889 2632 Christum
2916 2574 3092 2629 Martii
3119 2592 3224 2628 xxv
3253 2591 3472 2644 passum

1910 2689 2030 2731 esse
2059 2673 2193 2728 feria
2223 2689 2295 2735 vi,
2325 2672 2428 2727 hoc
2450 2679 2638 2725 estvlu
2658 2668 2776 2723 Kal.
2806 2666 3326 2737 Apr.,resurrexisse
3349 2681 3480 2719 vero

1910 2784 1963 2821 vt
1988 2764 2103 2819 Kal.
2138 2765 2263 2833 Ap.,
2300 2762 2472 2816 Martii
2503 2776 2669 2825 xxvu,
2705 2775 2828 2814 cum
2853 2760 2905 2813 in
2937 2758 3268 2828 Dionysiano
3299 2758 3473 2826 cvclo,

1911 2873 2128 2926 seraque
2160 2853 2434 2911 communi
2455 2862 2654 2908 certam
2680 2851 2883 2904 nullam
2914 2849 3177 2903 rationem
3203 2847 3477 2902 extricare

1913 2958 2155 3019 possent,
2180 2961 2244 3000 eo
2273 2943 2487 2998 tandem
2525 2941 2839 2996 diﬂicultate
2876 2939 2989 3008 ipsa
3032 2936 3351 3007 quaastionis
3388 2951 3478 2989 re-

1913 3037 2052 3092 dacti
2087 3043 2236 3098 sunt,
2265 3044 2319 3086 ut
2346 3045 2642 3088 annomrze
2667 3027 2994 3083 Christianae
3028 3027 3092 3079 12
3119 3041 3342 3095 passum
3371 3024 3480 3078 Do-

238 3135 411 3201 virili,
441 3135 668 3203 statuit;
706 3153 868 3207 quam
894 3154 924 3192 a
955 3115 1022 3193 xi.
1057 3138 1123 3193 ad
1158 3155 1187 3191 L
1216 3153 1386 3193 annos
1407 3139 1643 3194 extendit
1670 3153 1810 3206 :quo
1837 3169 1881 3226 ο
1918 3130 2122 3183 minum
2179 3133 2585 3185 asseverantes,
2646 3121 2714 3175 ab
2775 3117 3153 3173 incarnatione
3200 3115 3482 3171 tricesimo

2346 3216 2356 3226 .
2549 3213 2581 3226 _.
2853 3225 2902 3226 η
2957 3209 2997 3226 ,μ
3048 3209 3089 3226 ᾼ.
3120 3224 3132 3226 _
3176 3221 3319 3226 μη,
3355 3204 3445 3226 ηε,

241 3227 535 3281 intervallo
561 3228 904 3296 praedicasse,
937 3245 1002 3284 ac
1043 3230 1261 3285 demum
1296 3245 1515 3299 passmn
1549 3245 1670 3284 esse
1704 3231 1807 3281 Do-

237 3317 450 3371 minum
503 3319 809 3386 existimat;
862 3321 1026 3390 idque
1059 3322 1307 3391 sequenti
1366 3321 1542 3391 capite
1598 3320 1814 3374 Judaeo-

237 3426 360 3463 rum
395 3426 459 3463 ex
507 3411 613 3466 illis
642 3412 820 3466 verbis
867 3413 1149 3482 ostendit:
1202 3412 1601 3483 Quinquaginta
1649 3431 1813 3466 annos

238 3501 474 3553 nondum
507 3502 687 3556 habes.
709 3502 1072 3568 Quamobrem
1103 3505 1228 3559 licet
1259 3520 1402 3558 anno
1435 3522 1541 3559 xxx
1576 3506 1813 3571 ineunte,

239 3592 581 3660 baptizatum
630 3609 660 3646 a
698 3591 904 3648 Joanne
951 3594 1232 3650 Christum
1300 3611 1364 3647 ex
1399 3593 1542 3649 Luca
1576 3595 1813 3663 colligat,

239 3697 350 3735 non
385 3690 566 3736 tamen
621 3683 804 3738 statim
855 3684 921 3738 ad
964 3684 1267 3738 docendum
1317 3685 1615 3738 accessisse
1656 3684 1818 3738 sentit

239 3771 501 3828 Irenaaus.
555 3757 770 3844 Alioqui
821 3787 1073 3830 constare
1131 3775 1247 3844 ipse
1303 3775 1403 3828 sibi
1465 3791 1570 3828 non
1623 3784 1814 3844 potest.

242 3860 614 3918 Tertullianus
655 3866 905 3922 adversus
931 3864 1146 3922 Judwos
1181 3879 1302 3933 cap.
1337 3863 1370 3918 8
1408 3863 1687 3919 Christum
1717 3865 1813 3918 de-

242 3954 588 4023 cimoquinto
631 3952 828 4008 Tiberii
873 3969 1016 4008 anno
1048 3969 1267 4023 passum
1301 3954 1611 4018 arbitratur,
1646 3969 1820 4022 quan-

242 4062 412 4116 quam
457 4045 820 4116 Hieronymus
851 4046 918 4100 ad
951 4062 1069 4114 cap.
1130 4062 1182 4099 ιχ
1228 4045 1464 4098 Danielis
1502 4059 1675 4098 χχχιιι
1719 4059 1822 4097 an-

245 4152 371 4202 nos,
406 4152 514 4191 non
552 4153 658 4190 xxx
690 4153 756 4191 ex
801 4136 1117 4192 Tertulliani
1147 4137 1410 4191 sententia
1461 4135 1681 4188 Christo
1723 4135 1822 4188 tri-

245 4228 386 4282 buit.
418 4225 688 4282 Eusebius
717 4227 772 4280 in
803 4226 1062 4281 Chronico
1093 4241 1216 4279 cum
1256 4223 1497 4278 Natalem
1540 4223 1740 4278 Christi
1768 4223 1820 4276 in

245 4333 454 4371 annum
501 4317 732 4387 Augusti
764 4331 894 4380 xui,
946 4315 1014 4368 ab
1061 4314 1371 4368 Abrahamo
1412 4315 1553 4369 2015
1594 4311 1821 4381 rejiciat,

247 4408 560 4477 passionem
596 4421 724 4460 vero
753 4407 804 4459 in
833 4420 962 4459 xvnt
983 4403 1209 4466 Tiberii,
1236 4405 1302 4458 ab
1329 4403 1638 4458 Abrahamo
1661 4401 1823 4462 2047,

1917 3229 2130 3288 quarto,
2172 3232 2283 3281 χχι,
2315 3216 2428 3270 sive
2473 3213 2652 3284 potius
2695 3226 2808 3264 χχιι
2844 3209 3002 3263 annis
3042 3209 3323 3262 aberrasse
3355 3204 3478 3259 Dio-

1916 3308 2131 3380 nysium
2158 3307 2464 3370 crederent,
2495 3313 2554 3357 ut
2577 3302 2670 3371 qui
2695 3300 3076 3354 duodecimum
3095 3311 3296 3351 annum
3326 3295 3476 3350 illum

1916 3395 2259 3453 consutuerit
2294 3409 2453 3465 quem
2501 3408 2667 3445 xxxiv
2715 3405 3002 3444 numerare
3041 3387 3336 3442 debuisset.
3390 3385 3481 3440 Et»

1916 3491 2061 3545 enim
2094 3489 2184 3542 uni
2212 3502 2355 3540 anno
2397 3484 2721 3540 duodecimo
2751 3481 3026 3551 quadrent
3052 3480 3162 3543 illa,
3193 3493 3314 3547 qua:
3343 3476 3483 3531 dixi-

1921 3596 2078 3644 mus;
2125 3579 2199 3634 uti
2240 3576 2375 3630 feria
2415 3592 2465 3628 vt
2514 3575 2567 3628 in
2605 3589 2710 3626 xxv
2753 3570 2932 3626 Martii
2973 3571 3281 3632 conveniat,
3327 3567 3481 3638 cyclo

1920 3673 2050 3728 solis
2085 3686 2199 3734 χχι,
2233 3670 2413 3724 littera
2451 3666 2560 3731 CB,
2593 3666 2737 3720 luna:
2778 3679 2893 3717 xui.
2932 3660 3067 3716 Vide
3108 3675 3230 3730 qua:
3269 3674 3335 3714 ex
3373 3658 3484 3714 Ma-

1920 3765 2077 3820 riano
2124 3777 2187 3818 ac
2221 3759 2504 3831 Sigeberto
2530 3757 2584 3811 in
2619 3755 2904 3824 superiore
2933 3750 3175 3806 Diatriba
3222 3749 3483 3820 produxi-

1922 3871 2064 3910 mus.
2097 3852 2354 3908 Eamdem
2389 3850 2534 3904 illam
2568 3847 2933 3917 conjecturam
2969 3850 3023 3898 et
3080 3842 3388 3910 opinionem
3420 3839 3486 3892 de

1925 3964 2035 4002 χχιι
2065 3961 2332 4000 annorum
2372 3943 2493 3996 labe
2522 3940 2782 3994 divinitus
2816 3936 2917 3990 sibi
2943 3932 3264 4004 patefactam
3283 3929 3488 3984 Paulus

1926 4033 2497 4105 Forosemproniensis
2532 4039 2718 4084 narrat
2765 4027 2858 4080 lib.
2892 4041 2923 4079 x
2959 4023 3127 4093 partis
3167 4036 3205 4074 ιι
3236 4022 3480 4078 Paulina:

1923 4144 2052 4184 suae.
2101 4127 2236 4180 Cum
2282 4127 2425 4177 enim
2467 4121 2690 4174 minime
2734 4115 3028 4179 dubitaret,
3071 4110 3204 4180 quin
3235 4108 3489 4162 Christus

1926 4216 2102 4270 Martii
2130 4229 2260 4278 xxv,
2301 4212 2436 4266 feria
2467 4225 2518 4262 v1
2550 4221 2768 4263 crucem
2796 4203 3142 4275 pertulisset,
3175 4213 3350 4267 neque
3370 4210 3489 4250 cer-

1925 4317 2040 4362 tum
2074 4319 2272 4359 annmn
2306 4302 2438 4357 satis
2472 4299 2788 4369 explicaret,
2826 4305 2946 4365 post
2993 4293 3211 4362 longam
3246 4287 3488 4357 vigiliam

1929 4395 2171 4450 adfuisse.
2197 4393 2296 4446 sibi
2331 4390 2560 4444 Paulum
2599 4387 2904 4456 apostolum
2936 4390 3141 4445 narrat,
3169 4389 3223 4434 et
3255 4379 3492 4433 chrono—
3521 4447 3528 4453 '

246 4514 424 4554 annos
475 4506 594 4567 post
648 4495 891 4551 Natalem
945 4512 1069 4552 χχχι
1123 4511 1246 4548 cum
1283 4496 1564 4549 mensibus
1617 4494 1826 4562 aliquot
1859 4489 2176 4557 Dlogorum
2204 4483 2450 4537 omnium
2470 4493 2711 4534 errorem
2740 4471 3158 4541 indirass’e;qui
3181 4485 3295 4524 χχιι
3321 4480 3494 4522 annos

246 4592 456 4646 vixisse
505 4590 728 4655 statuit;
785 4589 1050 4659 siquidem
1101 4587 1346 4642 Natalem
1401 4590 1576 4659 ipsum
1618 4589 1672 4641 in
1723 4585 1827 4640 De-

247 4683 527 4738 cembrem
557 4681 836 4747 conferat;
885 4682 966 4736 sin
1002 4696 1068 4735 ex
1124 4679 1525 4752 Egyptiorum,
1564 4696 1702 4750 qttos
1739 4693 1825 4734 se-

247 4776 440 4846 quitur
472 4774 828 4844 Epiphanius,
861 4775 1100 4836 decreto,
1135 4771 1379 4826 Januarii
1411 4788 1459 4825 νι
1503 4772 1646 4827 diem
1675 4770 1830 4825 Chri-

249 4868 323 4922 sti
363 4864 643 4921 Nativitati
696 4866 977 4936 przeliniat,
1011 4880 1121 4920 uno
1165 4865 1422 4934 amplius,
1473 4865 1525 4919 id
1558 4872 1645 4920 est
1683 4856 1828 4918 χχχιι

252 4972 433 5011 annos
462 4971 582 5011 cum
610 4955 889 5010 mensibus
918 4955 1093 5009 tribus
1133 4955 1308 5009 eidem
1351 4964 1475 5024 post
1518 4961 1700 5007 ortum
1729 4953 1832 5007 im-

157 5078 184 5102 -;.
251 5048 486 5118 putabit.
520 5048 766 5119 Longum
808 5056 893 5104 est
925 5029 1246 5103 enumerare
1278 5055 1525 5109 caeteros,
1560 5046 1652 5116 qui
1681 5061 1830 5108 xxxi,

252 5149 352 5194 aut
380 5148 677 5204 xxxu,ant
723 5140 790 5195 ad
835 5153 1111 5194 summum
1162 5153 1348 5192 χχχιιι
1395 5145 1668 5207 arrogant.
1729 5134 1833 5202 Qui

255 5243 444 5286 autem
507 5233 728 5302 triginta
785 5239 1021 5301 quatuor
1071 5229 1398 5300 assignaret,
1457 5236 1584 5281 ante
1639 5224 1834 5279 Bedam

258 5323 436 5378 fuisse
466 5334 595 5392 puto
631 5324 926 5379 neminem.
983 5320 1087 5388 Qui
1138 5337 1205 5376 ne
1253 5321 1371 5390 ipse
1402 5318 1621 5389 quidem
1671 5330 1836 5370 xxxiv

259 5415 464 5470 vixisse
492 5415 713 5477 statuit;
750 5415 845 5469 sed
876 5429 1026 5469 χχχιι
1048 5413 1311 5468 duntaxat
1333 5425 1456 5466 cum
1489 5408 1666 5463 tribus
1689 5421 1840 5460 men-

258 5503 466 5580 sibus;
489 5518 612 5558 nam
638 5519 704 5558 ex
735 5506 839 5559 isto
870 5518 1100 5558 numero
1131 5501 1338 5570 primus
1373 5500 1462 5555 ille
1499 5499 1622 5552 vitae
1667 5495 1841 5552 artati-

258 5609 368 5665 que
396 5594 765 5651 detrahendus
796 5607 899 5659 est,
932 5611 1042 5665 quo
1073 5595 1128 5649 in
1161 5591 1400 5664 Virginis
1430 5600 1586 5647 utero
1623 5589 1742 5652 fuit,
1784 5599 1845 5642 ut

259 5685 466 5755 saepius
515 5687 922 5742 admonuimus.
967 5685 1088 5751 Quo
1141 5684 1312 5755 magis
1345 5682 1604 5738 admirari
1655 5681 1842 5748 soleo,

283 5778 624 5846 penuasisse
688 5779 787 5834 sibi
868 5778 1155 5833 nonnullos
1200 5773 1686 5829 vetustissimorum
1743 5770 1844 5824 Pa-

1930 4577 2316 4654 prmteriisscnt
2349 4593 2362 4628 :
2396 4573 2530 4627 adeo
2566 4579 2625 4624 ut
2652 4569 2741 4639 qui
2772 4569 2836 4621 12
2860 4567 2912 4621 in
2936 4581 3042 4621 aera
3073 4560 3348 4620 communi
3371 4573 3493 4614 cen-

1932 4678 2103 4733 setur,
2134 4669 2179 4722 is
2221 4665 2290 4721 '54
2325 4662 2511 4718 haberi
2553 4659 2821 4715 debuerit.
2866 4656 3011 4711 Idem
3047 4664 3378 4709 tamennon
3425 4664 3496 4702 xv

1920 4761 2092 4823 luna,
2140 4756 2233 4812 sed
2285 4770 2374 4810 xiv
2426 4765 2647 4823 passum
2695 4762 2816 4804 esse
2857 4745 3129 4802 Christum
3173 4738 3495 4798 existimat;

1938 4857 2215 4921 propterea
2269 4844 2412 4915 quod
2451 4837 2806 4912 plenilunium
2858 4850 2984 4890 xxvr
3028 4831 3206 4886 Martii
3275 4826 3496 4921 contigit

1935 4915 2068 4996 i‘eria
2111 4953 2212 5000 vu,
2233 4952 2342 5006 quo
2371 4934 2460 4988 die
2497 4930 2671 4986 Judaei
2707 4926 2917 4982 Pascha
2945 4921 3308 4978 celebrabant.
3334 4915 3492 4970 Unde

1935 5031 2162 5100 colligas
2205 5042 2272 5082 ex
2318 5023 2504 5090 Bedae,
2547 5017 2835 5091 Sigeberti,
2873 5012 3124 5075 Mariani,
3163 5009 3499 5100 aliorumque

1938 5096 2208 5178 sententia
2247 5127 2595 5183 consequens
2629 5123 2772 5172 esse,
2804 5105 3083 5162 Christum
3110 5115 3218 5154 non
3248 5113 3318 5152 xv
3351 5096 3501 5160 luna,

1939 5211 2033 5269 sed
2059 5225 2148 5264 xtv
2180 5208 2234 5261 in
2282 5217 2504 5260 crucem
2553 5199 2826 5256 sublatum
2867 5194 3056 5250 fuisse.
3095 5189 3338 5246 Tametsi
3368 5189 3502 5244 hanc

1941 5309 2017 5362 illi
2052 5322 2118 5359 xv
2139 5304 2327 5357 lunam
2363 5295 2611 5354 arbitrati
2638 5300 2786 5358 sunt,
2822 5288 3078 5361 quoniam
3105 5285 3385 5341 Niemnum
3417 5297 3498 5345 cv-

1942 5402 2087 5454 clum
2128 5395 2195 5451 ad
2237 5392 2440 5450 Christi
2483 5386 2876 5455 Passionisque
2915 5392 3199 5450 tempora,
3241 5375 3361 5433 sine
3403 5374 3517 5428 ulla

1945 5489 2322 5564 προηγήσεως,
2338 5498 2517 5554 quam
2541 5478 2885 5552 ignorabant,
2915 5471 3227 5542 suspicione
3265 5475 3504 5564 transtu-

1944 5558 2158 5638 lerunt.
2183 5578 2388 5633 Paulus
2434 5589 2585 5640 vero,
2631 5579 2693 5627 ut
2740 5579 2857 5624 erat
2899 5563 3254 5620 astronomiae
3285 5558 3508 5630 peritus-

1947 5674 2154 5731 medios
2193 5673 2332 5726 luna:
2376 5677 2554 5723 motus
2596 5674 2652 5719 et
2711 5661 2922 5718 tabulas
2946 5658 3001 5712 in
3035 5654 3321 5712 consilium
3355 5648 3506 5705 adhi-

1953 5769 2086 5824 buit.
2119 5766 2385 5822 Caeterum
2419 5761 2563 5816 illam
2595 5758 2769 5828 ipsam
2799 5765 3066 5808 annorum
3097 5747 3327 5804 duorum
3345 5757 3408 5799 ac
3436 5738 3507 5800 vi:
