3832 6220
357 355 462 407 917

1478 346 1817 402 αΡΙῈΝυΙΧ
1852 344 2483 404 DISSERTATIONUM.

3504 340 3603 393 953

360 466 490 534 gittti
524 464 698 519 labem
736 464 860 518 inde
895 463 1182 517 conﬂatam
1215 463 1531 527 existimat;
1564 466 1709 534 quod
1754 466 1917 519 trium
1952 474 1995 528 Α
2024 468 2227 523 Christi
2255 483 2377 521 uerae
2411 479 2520 520 uno
2548 463 2815 517 duntaxat
2845 476 2991 515 anno
3018 476 3203 515 revera
3233 458 3499 519 dissidet.
3542 475 3599 510 εἰ

362 556 674 621 pontiﬁcum
706 556 854 617 anni,
887 553 1018 607 Cleti
1047 594 1061 618 ,
1098 554 1260 609 Marci
1306 568 1358 609 et
1391 554 1627 609 Marcelli
1663 556 1732 610 ab
1763 556 1929 610 Euse-

362 649 450 701 bio
483 646 838 716 praetermissi
874 655 1022 709 sunt,
1051 646 1143 715 qui
1171 660 1346 700 annos
1373 662 1486 700 xxtt
1516 644 1771 702 Ecclesiae
1793 662 1930 716 pra:—

364 739 600 793 l’uerunt.
643 737 774 804 Quae
823 754 946 791 cum
996 738 1177 792 omnia
1213 736 1414 793 Paulus
1450 747 1702 793 accurate
1744 738 1836 793 illo
1876 739 1928 792 in

366 830 501 884 libro
530 830 898 893 disseruisset,
932 844 995 883 ac
1027 829 1287 883 divinitus
1321 829 1374 883 id
1406 844 1465 884 se
1486 831 1763 899 accepisse
1803 845 1933 884 con-

368 922 639 974 ﬁrmasset
665 959 678 983 ,
718 920 769 971 in
798 918 1149 987 sequentibus
1172 926 1350 971 tamen
1385 918 1564 985 libris,
1591 919 1933 988 maximeque

370 1023 491 1073 xttt,
528 1023 749 1063 causam
784 1006 1040 1075 prodidit,
1090 1013 1145 1060 et
1173 1015 1478 1076 contempta
1510 1005 1660 1061 Pauli
1704 1007 1935 1076 apostoli

368 1113 432 1153 ac
460 1098 657 1152 divinae
676 1096 1091 1165 signiﬁcationis
1125 1099 1469 1163 auctoritate,
1507 1099 1571 1152 ad
1614 1113 1771 1153 suum
1801 1098 1934 1151 illud

368 1186 771 1259 προχρονισμοῦ
813 1187 1113 1248 biennium,
1142 1188 1288 1256 quod
1328 1202 1359 1241 a
1399 1188 1558 1242 nobis
1601 1203 1765 1257 supra
1800 1187 1937 1241 vali-

300 1288 310 1294 '
366 1277 590 1331 dissime
623 1275 916 1330 refutatum
952 1285 1056 1339 est,
1095 1278 1416 1344 revertitur;
1443 1294 1506 1333 ac
1537 1278 1748 1333 duobus
1777 1277 1936 1332 annis

370 1368 687 1437 Dionysium
726 1382 911 1421 verum
942 1366 1142 1421 Christi
1173 1366 1413 1421 Natalem
1443 1369 1803 1423 antevertisse
1840 1368 1937 1421 de-

367 1458 507 1511 ﬁnit.
548 1456 812 1522 Quocirca
867 1457 1365 1523 imprudentissime
1405 1473 1537 1512 sane
1576 1459 1939 1513 Casaubonus

372 1547 608 1602 Exercit.
657 1549 745 1613 16,
783 1548 848 1602 ad
893 1548 954 1600 A.
1004 1548 1093 1609 54,
1132 1564 1285 1605 num.
1328 1549 1417 1611 54,
1464 1548 1750 1602 Paulinum
1796 1538 1937 1602 istud

376 1645 740 1692 commentum
778 1639 1039 1691 adversus
1069 1637 1343 1707 obliquam
1382 1637 1596 1692 Baronii
1628 1638 1941 1708 castigatio-

374 1745 496 1783 nem
528 1736 739 1794 tuetur;
767 1744 887 1782 cum
920 1738 1110 1797 praeter
1153 1729 1311 1807 otiosi
1349 1730 1588 1784 hominis
1654 1738 1708 1783 et
1748 1729 1937 1797 aegroti

377 1820 573 1876 veteris
599 1822 869 1875 somnium
898 1830 1059 1889 atque
1089 1819 1375 1873 ἀλλόκοτον
1413 1819 1714 1888 φαντασίαν
1748 1820 1940 1874 haheat
1973 1807 2013 1861 Ῑῖ

386 1912 544 1967 nihil.
578 1911 711 1967 Nam
745 1923 803 1968 ut
834 1914 1078 1966 omittam
1111 1912 1178 1966 ab
1203 1913 1451 1981 ipsomet,
1478 1913 1572 1981 qui
1617 1913 1669 1967 id
1717 1912 1819 1967 sibi
1854 1927 1938 1966 re-

383 2004 614 2059 velatum
660 2019 782 2059 esse
829 2005 1069 2068 dixerat,
1118 2004 1279 2058 tacite
1319 2004 1634 2057 damnatum
1678 2003 1809 2057 illud
1871 2017 1935 2058 ac

378 2097 673 2165 rejectum,
717 2110 879 2165 quam
922 2096 1157 2151 absurda
1207 2098 1309 2150 ista
1352 2094 1532 2149 fabula
1558 2096 1647 2161 sit,
1696 2095 1842 2149 hunc
1886 2096 1941 2148 in

377 2186 600 2239 modum
642 2185 1007 2239 demonstrari
1049 2192 1247 2253 potest.
1291 2182 1347 2237 Si
1391 2200 1503 2237 xxtt
1552 2198 1820 2238 annorum
1862 2183 1941 2235 vi-

378 2278 512 2329 tium
549 2276 602 2328 in
648 2288 808 2331 atram
847 2276 1098 2345 irrepsit;
1145 2276 1217 2330 ita
1265 2286 1325 2330 ut
1366 2278 1461 2346 qui
1508 2292 1580 2330 ιιι
1626 2277 1847 2342 dicitur,
1897 2278 1945 2331 is

379 2382 541 2419 xxxiv
571 2367 941 2421 numerandus
984 2366 1166 2429 fuerit,
1206 2381 1311 2419 non
1356 2367 1513 2421 aliter
1546 2366 1810 2421 accidisse
1840 2367 1944 2420 hoc

382 2466 577 2526 potest,
619 2473 781 2527 quam
825 2468 884 2511 ut
929 2457 1136 2527 aliquot
1170 2457 1299 2510 anni
1342 2458 1407 2512 de
1446 2474 1669 2512 numero
1703 2473 1766 2512 ac
1800 2458 1945 2511 serie

382 2552 498 2619 ipsa
530 2550 757 2604 detracti
793 2550 943 2615 sint;
981 2559 1075 2603 ant
1110 2559 1259 2604 certe
1283 2547 1527 2604 Natalem
1573 2549 1777 2603 Christi
1824 2546 1948 2603 Dio-

382 2641 572 2712 nysius
612 2655 725 2694 xxtt
754 2641 915 2696 annis
965 2640 1102 2696 infra
1134 2641 1433 2710 legitimum
1480 2650 1691 2709 tempus
1727 2639 1948 2695 submo-

382 2733 518 2786 verit
552 2750 565 2787 :
604 2739 792 2801 utputa
833 2747 956 2786 cum
989 2732 1380 2787 incarnationis
1447 2738 1500 2785 et
1534 2730 1741 2787 Natalis
1774 2746 1951 2787 annus

380 2837 447 2875 ex
473 2837 575 2876 usu
600 2820 839 2893 Dionysii
872 2822 942 2877 sit
962 2820 1212 2877 Julianus
1241 2821 1333 2887 46,
1376 2822 1622 2877 debuerit
1643 2837 1763 2877 esse
1784 2839 1909 2876 xxiv
1935 2842 1947 2877 :

384 2915 585 2984 quibus
614 2914 661 2969 si
692 2930 861 2967 xxxiv
893 2915 1083 2979 addas,
1111 2912 1365 2968 Julianus
1395 2916 1663 2984 septimus
1692 2924 1745 2967 et
1792 2915 1953 2983 quin-

383 3007 731 3077 qtragesimus
760 3007 1015 3073 exsistet,
1056 3009 1148 3076 qui
1184 3016 1267 3061 est
1312 3021 1433 3060 aera:
1484 3005 1826 3075 Dionysiame
1863 3005 1950 3069 l2,

2032 555 2260 610 Mariani
2292 570 2419 609 vero
2452 554 2700 608 instituto
2726 568 2849 606 cum
2876 552 3067 605 eadem
3104 551 3192 604 illa
3234 552 3602 604 connectitur.

2033 643 2251 699 Falsum
2283 652 2365 699 est
2399 643 2581 712 itaque
2618 656 2731 694 xxtt
2771 654 2944 694 annos
2988 641 3042 692 in
3085 638 3419 709 Dionysiano
3454 640 3607 706 cycto

2033 734 2366 800 desiderari,
2409 748 2533 789 cum
2577 741 2773 802 praster
2812 747 2897 796 ea,
2964 746 3084 800 quae
3126 731 3389 793 diximus,
3434 729 3609 780 Illulu

2033 828 2137 881 alia
2166 829 2291 892 sint,
2335 840 2456 895 quae
2495 839 2562 879 ex
2607 824 2918 893 evangelica
2968 822 3192 876 historia
3230 836 3356 874 cum
3392 818 3608 872 Domini

2033 928 2154 972 ortu
2180 917 2473 987 implicata,
2501 925 2553 970 et
2583 914 2870 984 conjuncta
2897 922 3109 968 constat
3133 927 3253 967 esse
3279 932 3291 964 :
3319 911 3473 963 velut
3496 911 3613 960 Au-

2034 1012 2199 1080 gusti,
2230 1008 2476 1070 Herodis,
2506 1007 2661 1061 Pilati
2695 1006 3005 1075 Tiberiique
3038 1014 3307 1073 tempora;
3338 1018 3464 1072 quae
3489 1017 3611 1054 ont-

2037 1104 2124 1156 nia
2164 1102 2437 1155 cohaerere
2477 1107 2772 1167 nequeunt,
2808 1097 2852 1151 si
2882 1106 2989 1150 tam
3022 1095 3274 1148 immanis
3298 1094 3486 1147 hiatus
3515 1094 3612 1144 ad-

2038 1194 2239 1247 missus
2270 1190 2449 1251 fuerit,
2475 1202 2637 1259 atque
2664 1188 2717 1241 in
2746 1187 3022 1242 anteriora
3058 1201 3170 1239 xxtt
3202 1186 3361 1238 annis
3386 1198 3615 1252 promo-

2038 1282 2212 1337 venda
2263 1278 2465 1334 Christi
2518 1278 2777 1331 nativitas
2808 1277 3086 1340 videatur;
3131 1290 3256 1328 nam
3296 1284 3355 1327 ut
3401 1274 3455 1326 in
3506 1288 3615 1324 πη

2039 1370 2351 1424 Christiana
2382 1366 2538 1430 nihil,
2561 1366 2614 1421 in
2646 1366 2922 1436 cyclorum
2951 1380 3079 1419 vero
3100 1364 3369 1433 dispositu
3390 1369 3619 1415 mutan-

2042 1460 2169 1513 dum
2207 1458 2410 1528 aliquid
2445 1457 2532 1511 isti
2557 1457 2891 1520 censuerint,
2923 1456 3057 1510 nihil
3092 1457 3157 1510 ad
3191 1472 3303 1509 rem
3329 1455 3617 1524 pertinet:

2043 1558 2264 1603 manent
2290 1549 2432 1602 enim
2455 1546 2855 1602 noviluniorutn
2881 1547 2980 1599 rati
3003 1561 3067 1601 ac
3093 1546 3377 1601 constituti
3410 1546 3619 1598 nihilo-

2044 1638 2225 1692 minus
2263 1636 2400 1701 dies,
2436 1650 2790 1706 quoscunque
2830 1636 3043 1689 tandem
3092 1636 3273 1706 cyclos
3301 1650 3623 1689 accommo-

2043 1730 2210 1783 tlaris.
2246 1726 2317 1782 Ut
2358 1743 2523 1791 anno,
2558 1727 2705 1782 verbi
2755 1742 2941 1787 causa,
2976 1726 3180 1781 Christi
3224 1742 3322 1791 ιιι,
3356 1725 3477 1780 sive
3526 1740 3623 1794 cy-

2041 1820 2184 1875 clum
2214 1820 2356 1873 luna).
2379 1834 2499 1883 xttt,
2533 1818 2664 1873 solis
2690 1834 2779 1872 xxi
2805 1818 3064 1887 applices,
3090 1818 3205 1872 sive
3227 1817 3394 1869 alium
3418 1831 3626 1886 quem-

2041 1912 2191 1977 libet,
2225 1911 2515 1966 neomenia
2549 1908 2726 1964 Martii
2776 1925 2875 1975 xtt,
2909 1910 3266 1979 plenilunium
3302 1924 3430 1962 xxvt
3465 1922 3629 1961 como

2042 2002 2294 2057 mittitur.
2348 2001 2505 2055 Anno
2566 2016 2695 2056 vero
2745 2002 2816 2056 55
2876 2001 3210 2054 novilunium
3262 2016 3355 2053 ιιι
3404 1999 3491 2053 vel
3553 2012 3627 2050 xx

2044 2094 2255 2160 Martii;
2296 2093 2650 2164 plenilunium
2679 2093 2850 2162 April.
2876 2109 2935 2159 tt,
2981 2092 3063 2147 vel
3108 2107 3190 2145 ιιι.
3232 2092 3385 2147 Unde
3444 2106 3633 2160 quan-

2046 2186 2296 2241 tumlihet
2341 2184 2618 2254 cyclorutn
2650 2183 2896 2238 ordinem
2932 2192 3288 2250 commutent,
3325 2199 3631 2253 nunquam

1998 2336 2020 2346 ,
2046 2287 2224 2333 tamen
2252 2276 2551 2346 perﬁcient,
2577 2283 2636 2329 ut
2673 2291 2817 2330 anno
2851 2276 2942 2329 illo
2968 2316 2982 2341 ,
3015 2291 3175 2346 quem
3209 2276 3457 2331 Passioni
3520 2274 3634 2329 [ιο.

2048 2369 2264 2423 minicae
2292 2368 2594 2437 praeﬁgunt,
2640 2366 2765 2422 luna
2799 2384 2868 2422 xv
2921 2368 2973 2421 in
3014 2368 3191 2424 Martii
3236 2385 3337 2423 xxv
3381 2368 3635 2431 incidat,

2051 2458 2238 2513 feriam
2279 2475 2350 2512 v1.
2390 2457 2612 2512 Accedit
2646 2460 2788 2527 quod
2821 2460 2923 2513 etsi
2966 2460 3333 2516 concedamus
3362 2460 3472 2515 illis
3504 2475 3636 2513 om-

2051 2552 2161 2617 nia,
2199 2551 2303 2605 hoc
2348 2550 2523 2620 ipsum
2558 2559 2761 2617 tamen,
2793 2552 2938 2623 quod
2980 2553 3216 2606 maxime
3254 2553 3507 2621 cupiunt,
3544 2553 3635 2604 ni-

2052 2642 2163 2698 hilo
2212 2643 2387 2713 magis
2421 2650 2808 2711 assequentur,
2834 2643 2908 2697 uti
2955 2642 3083 2696 luna
3132 2658 3203 2697 xv
3244 2641 3501 2697 Christus
3559 2643 3635 2693 sit

2052 2749 2266 2804 passus.
2301 2734 2512 2805 Quippe
2560 2750 2706 2789 anno
2747 2732 3072 2788 Christiana:
3119 2748 3241 2787 zera'
3278 2731 3364 2797 12,
3402 2731 3634 2786 nos-ilu-

2055 2822 2207 2878 nium
2249 2825 2390 2892 apud
2432 2824 2670 2889 Iudaeos,
2719 2832 2775 2880 et
2811 2824 2866 2878 in
2911 2822 3404 2893 Hierosolymitano
3454 2821 3635 2874 meri-

2054 2915 2215 2969 diano
2242 2915 2421 2970 Martii
2452 2932 2526 2971 xtt
2577 2917 2850 2986 congruit,
2879 2915 3012 2969 feria
3047 2930 3141 2969 vu.
3179 2912 3381 2968 Passus
3406 2921 3490 2966 est
3523 2928 3636 2965 au-

2058 3016 2163 3059 tem
2207 3004 2459 3062 Christus
2508 3006 2641 3062 feria
2690 3024 2765 3061 vt.
2815 3006 2982 3077 Igitur
3028 3007 3154 3060 lnna
3198 3023 3309 3070 xtv,
3350 3015 3405 3060 et
3446 3004 3635 3057 Martii

385 3115 493 3167 quo
520 3114 736 3168 passum
780 3113 899 3153 esse
923 3096 1309 3176 Christum'illi
1342 3112 1533 3151 omnes
1563 3097 1772 3165 Opinati
1804 3106 1949 3150 sunt.
1981 3139 2026 3197 Ο
2058 3115 2183 3163 xxv,
2212 3114 2317 3153 non
2348 3100 2477 3154 luna
2501 3116 2569 3155 xv
2599 3115 2772 3170 neque
2799 3100 3115 3171 plenilunio.
3145 3098 3262 3166 Qua
3307 3100 3357 3151 in
3394 3112 3456 3152 re
3483 3097 3639 3149 Beda

384 3190 454 3244 At
484 3203 610 3243 vero
637 3198 929 3257 utrumque
962 3188 1091 3242 illud
1126 3187 1518 3256 perabsurdum
1576 3202 1639 3241 ac
1673 3188 1828 3256 longe
1854 3186 1951 3240 l'al-

387 3281 669 3334 sissitnum
701 3287 805 3333 est.
832 3278 971 3332 Sunt
1001 3278 1143 3333 enim
1172 3278 1466 3341 certissimi
1493 3288 1797 3347 temporum
1821 3280 1953 3331 cha-

388 3381 659 3434 racteres;
696 3383 823 3424 sunt
874 3368 1159 3425 Fastorum
1203 3370 1346 3433 libri,
1387 3370 1588 3439 quibus
1639 3371 1956 3425 consulatus

388 3461 585 3530 singuli
646 3462 931 3532 diligenter
981 3463 1359 3527 adnotantur;
1415 3470 1541 3516 sunt
1588 3460 1956 3515 Romanorum

390 3555 779 3617 imperatorum
807 3554 957 3615 anni,
982 3562 1145 3621 atque
1181 3553 1420 3606 historia:
1454 3568 1671 3606 sumina
1698 3553 1801 3607 ﬁde
1828 3568 1960 3606 con-

390 3645 625 3713 scriptio,
649 3643 703 3696 in
729 3644 924 3713 quibus
947 3645 1125 3698 hiatus
1164 3644 1296 3697 tanti
1327 3659 1393 3696 ne
1426 3644 1803 3699 tenuissimum
1838 3643 1961 3713 qui-

390 3736 515 3789 dem
555 3735 847 3802 vestigium
898 3743 1139 3803 appatet.
1181 3734 1407 3789 Constat
1448 3749 1592 3788 anno
1642 3749 1765 3788 aera;
1805 3735 1962 3788 Chri-

393 3827 584 3879 stiana:
634 3826 694 3879 l4
724 3835 1003 3879 mortuum
1037 3827 1374 3896 Augustum;
1408 3825 1554 3895 quod
1590 3826 1961 3881 memorabilis

394 3916 484 3969 illa
513 3916 655 3970 luna:
682 3915 901 3985 eclipsis
930 3916 1185 3971 ostendit.
1225 3914 1543 3985 Sequuntur
1578 3926 1635 3971 et
1674 3917 1793 3971 alim
1821 3918 1960 3982 duae,

394 4021 626 4075 quarum
653 4021 760 4061 una
790 4022 934 4060 anno
957 4007 1161 4061 Christi
1188 4007 1280 4071 ιδ,
1314 4006 1387 4060 Μ.
1424 4007 1635 4061 Vinicio
1661 4017 1715 4062 et
1748 4007 1964 4062 Statilio

393 4097 633 4153 Corvino
664 4113 809 4152 coss.
842 4098 959 4154 Kal.
988 4099 1125 4167 Aug.
1158 4098 1594 4168 contigit;quam
1622 4108 1677 4153 et
1702 4098 1964 4155 Claudius

400 4192 581 4246 Caesar
616 4190 795 4247 edicto
825 4191 1191 4257 denuntiarat,
1216 4206 1363 4246 anno
1389 4190 1604 4261 imperii
1625 4190 1711 4245 sui
1745 4192 1963 4261 quinto.

398 4295 456 4338 nt
490 4294 682 4340 auctor
709 4295 791 4340 est
832 4285 957 4352 Dio;
991 4287 1156 4341 altera
1185 4288 1445 4357 Vipsanio
1476 4296 1531 4342 et
1565 4288 1793 4344 Fonteio
1816 4304 1961 4345 coss.

397 4375 513 4430 Kal.
547 4376 716 4431 Maias
743 4378 960 4442 accidit,
1008 4387 1066 4432 ut
1094 4388 1323 4433 testatur
1346 4379 1555 4433 Plinius
1576 4380 1670 4434 lib.
1701 4396 1760 4443 ll,
1792 4395 1842 4435 c.
1873 4380 1960 4434 72.

2056 3191 2403 3261 castigandus
2426 3200 2531 3259 est,
2573 3203 2635 3247 ut
2673 3192 2961 3262 aliquoties
2996 3193 3130 3257 dixi,
3157 3192 3249 3261 qui
3285 3192 3377 3245 lib.
3412 3189 3488 3243 De
3518 3201 3634 3243 rat.

2058 3292 2216 3352 temp.
2244 3299 2363 3354 cap.
2388 3284 2459 3339 45
2486 3300 2707 3355 passum
2731 3299 2853 3339 esse
2883 3283 3162 3338 Christum
3187 3282 3355 3337 refert
3380 3298 3475 3335 vin
3505 3281 3633 3335 Kal.

2057 3373 2347 3445 Apr.,luna
2380 3391 2466 3439 xv,
2498 3390 2641 3430 anno
2673 3390 2795 3429 tera:
2823 3374 3164 3445 Dionysiatta:
3189 3374 3279 3429 54.
3307 3372 3415 3427 Nec
3447 3375 3639 3428 minus

2061 3464 2377 3520 hallucinati
2415 3475 2564 3533 sunt,
2614 3465 2707 3537 qui
2753 3466 2941 3519 eodem
2990 3480 3154 3529 anno,
3203 3465 3333 3518 luna
3380 3480 3465 3528 xv,
3487 3479 3640 3517 nono

2062 3555 2178 3609 Kal.
2224 3556 2387 3626 Apr;
2419 3573 2641 3627 passum
2687 3556 2977 3621 aﬂirmant,
3013 3557 3226 3611 concilii
3276 3555 3635 3611 Caesariensis

2062 3648 2199 3713 ﬁde;
2232 3649 2299 3703 de
2328 3664 2438 3718 quo
2482 3649 2644 3718 paulo
2671 3659 2786 3718 post
2835 3659 3063 3718 agetur:
3095 3664 3219 3711 nam
3251 3650 3478 3704 omnino
3520 3650 3635 3718 ple-

2066 3740 2329 3795 nilunium
2367 3756 2511 3795 anno
2547 3741 2748 3795 Christi
2781 3741 2870 3806 34,
2909 3740 3119 3795 decimo
3146 3740 3264 3794 Kal.
3298 3740 3545 3809 contigit.

2134 3832 2471 3902 Quapropter
2500 3834 2609 3887 duo
2652 3845 2797 3897 sunt,
2834 3849 2957 3901 qna-
2992 3832 3181 3885 mediae
3200 3831 3377 3885 atatis
3401 3833 3637 3885 chronoc

2066 3923 2201 3992 logis
2242 3939 2456 3977 crucem
2509 3924 2562 3976 itt
2609 3924 2695 3976 illa
2737 3924 3040 3992 quaestione
3084 3921 3362 3975 ﬁxerunt:
3394 3922 3631 3991 primum

2065 4013 2210 4081 quod
2251 4028 2356 4067 non
2392 4013 2707 4067 dubitarent
2739 4012 2956 4066 JUtliBOS
2988 4011 3197 4065 Pascha
3224 4011 3356 4064 luna
3395 4027 3464 4063 xv
3494 4010 3634 4063 cele-

2066 4105 2247 4169 hrare,
2279 4120 2343 4159 ac
2378 4104 2601 4159 lunares
2627 4114 2827 4167 motus,
2856 4113 2909 4157 et
2937 4103 3152 4172 quidem
3184 4102 3634 4156 accuratissimos

2064 4197 2417 4262 observasse;
2454 4198 2702 4262 alterum,
2735 4194 2880 4264 quod
2913 4195 2965 4248 id
2999 4194 3192 4248 Martio
3234 4209 3428 4248 mense
3485 4195 3635 4263 ejus-

2065 4301 2171 4356 que
2208 4286 2295 4340 die
2332 4301 2437 4339 xxv
2466 4285 2729 4340 accidisse
2759 4285 2977 4350 vellent,
3010 4284 3142 4339 feria
3196 4300 3268 4338 Vl.
3307 4283 3417 4339 Sed
3450 4300 3632 4338 recen-

2068 4378 2259 4445 tiores,
2284 4377 2559 4446 iidemque
2582 4377 2649 4431 ab
2671 4377 2925 4430 omnibus
2954 4376 3327 4429 doctrinarum
3367 4375 3632 4436 omnium,

396 4465 471 4519 Ea
516 4468 769 4522 convenit
816 4484 961 4524 anno
1002 4469 1213 4536 vulgari
1262 4470 1351 4535 59,
1391 4470 1594 4539 Aprilis
1638 4488 1768 4533 xxx,
1818 4488 1962 4527 anno
1995 4475 2041 4529 Ι)
2069 4470 2370 4541 praesertim
2422 4470 2967 4535 matbematicarum,
3018 4469 3286 4539 przesidiis
3334 4468 3635 4536 paratiores

396 4558 590 4626 quinto
619 4555 849 4613 Neronis
880 4558 1116 4613 labente.
1143 4559 1351 4624 Quibus
1375 4560 1422 4613 si
1448 4561 1681 4631 eclipses
1709 4562 1844 4617 alias
1864 4561 1963 4618 ad-

396 4646 620 4711 dideris,
649 4663 772 4715 qum
796 4648 993 4716 partim
1021 4656 1165 4709 ante,
1202 4648 1399 4715 partim
1431 4658 1553 4718 post
1573 4649 1778 4703 Christi
1800 4648 1966 4704 Nata-

400 4740 505 4793 lem
544 4739 882 4798 accidernnt.
924 4754 1048 4792 cum
1079 4738 1256 4807 iisque
1290 4737 1660 4814 Romanorum
1696 4755 1838 4795 coss.
1877 4756 1965 4795 se-

401 4828 531 4880 tiem
568 4841 873 4896 compares,
906 4841 973 4880 ne
997 4842 1163 4880 unum
1191 4827 1407 4895 quidem
1434 4843 1635 4881 annum
1666 4829 1854 4883 deesse
1882 4829 1965 4883 in-

401 4917 634 4987 telliges,
672 4919 871 4972 nedum
897 4928 955 4971 ut
982 4933 1097 4971 xxtt
1122 4918 1277 4971 solidi
1310 4920 1647 4986 praetermitti
1670 4921 1962 4988 potuerint.

401 5012 474 5062 Ac
529 5009 834 5079 Sigeberti,
880 5008 1142 5075 Mariani,
1192 5009 1641 5079 reliquorumque
1692 5011 1743 5063 id
1795 5026 1967 5079 genus

396 5101 851 5171 chronologorum
904 5111 1137 5155 mentem
1187 5114 1250 5153 ac
1290 5101 1579 5154 consilium
1632 5116 1828 5170 capere
1875 5118 1967 5154 ne-

397 5208 537 5261 queo
585 5212 598 5247 :

400 5285 654 5338 foedatam
689 5284 891 5353 passim
924 5284 1196 5345 occinant,
1230 5283 1298 5336 ab
1322 5282 1509 5336 eadem
1536 5292 1715 5336 tamen
1741 5298 1848 5335 non
1884 5298 1969 5337 re-

398 5372 617 5427 cedunt.
655 5372 838 5442 Itaque
868 5372 1145 5426 Marianos
1178 5386 1321 5425 anno
1366 5371 1528 5426 Urbis
1571 5372 1805 5427 conditae
1842 5372 1965 5437 759.,

404 5464 627 5532 Augusti
674 5481 783 5529 ιιι,
835 5464 1050 5534 Olymp.
1086 5463 1189 5517 194
1225 5477 1369 5516 anno
1414 5463 1575 5517 tertio
1615 5472 1799 5518 nat-um
1849 5480 1969 5519 esse

402 5554 740 5609 Salvatorem
787 5556 1008 5617 scribit,
1048 5553 1237 5607 indict.
1293 5568 1363 5607 tv.
1422 5550 1521 5607 Ubi
1571 5554 1696 5609 licet
1743 5556 1970 5609 indietio

403 5661 683 5715 perperam
711 5648 943 5715 ascripta
970 5647 1061 5707 sit,
1090 5662 1209 5715 qua:
1236 5647 1393 5700 tertio
1429 5646 1525 5700 194
1556 5646 1767 5717 Olymp.
1802 5663 1966 5711 anno,

405 5748 461 5797 et
494 5736 653 5796 Urbis
683 5738 810 5805 752,
850 5738 1005 5792 tertia
1050 5754 1171 5794 esse
1209 5738 1429 5802 debuit;
1472 5748 1649 5794 tamen
1694 5756 1722 5795 a
1758 5742 2006 5810 vulgari.

650 5193 741 5263 qui
783 5208 907 5247 eum
971 5191 1355 5262 DionySianam
1404 5207 1567 5246 teram
1628 5201 1778 5247 tanto
1837 5193 1977 5247 vitio

2068 4562 2407 4631 cltronologi,
2439 4576 2558 4615 cum
2585 4561 2698 4614 haec
2730 4576 2919 4630 parum
2955 4576 3076 4615 esse
3093 4571 3466 4615 consentanea
3492 4558 3637 4612 vidc-

2068 4661 2211 4717 reut,
2248 4652 2401 4720 prius
2426 4650 2557 4705 illud
2584 4650 2803 4719 quidem
2827 4650 2894 4704 de
2916 4650 3093 4703 lunari
3130 4660 3277 4703 motu
3314 4659 3633 4713 tenuerunt;

2069 4741 2339 4811 posterius
2370 4756 2498 4794 vero
2532 4740 2600 4794 de
2641 4755 2826 4794 mense
2862 4754 2926 4794 ac
2958 4739 3045 4793 die
3086 4754 3434 4809 nequaquam
3469 4740 3636 4794 secuti

2070 4841 2215 4886 sunt.
2252 4830 2331 4884 Ex
2360 4847 2469 4901 quo
2495 4830 2695 4884 factum
2721 4839 2823 4893 est,
2855 4841 2913 4883 ut
2942 4831 2998 4883 itt
3040 4846 3183 4884 anno
3228 4829 3515 4884 Passionis
3556 4831 3639 4883 in-

2070 4920 2320 4990 dagando
2351 4920 2633 4988 plenilunii
2659 4936 2782 4974 cum
2817 4935 2869 4972 vt
2896 4917 3032 4973 feria
3065 4918 3446 4973 convenientis
3480 4920 3641 4972 ratio-

2071 5026 2197 5065 nem
2240 5011 2540 5065 habendam
2578 5027 2698 5065 esse
2740 5010 3010 5065 duxerint.
3055 5010 3257 5065 Paulus
3304 5026 3435 5065 vero
3473 5009 3639 5065 Foro-

2072 5114 2344 5167 sempron.
2389 5100 2480 5153 lib.
2514 5115 2590 5152 vit
2633 5100 2801 5168 partis
2833 5114 3171 5162 tt,annorum
3212 5116 3315 5167 ιιι,
3348 5102 3456 5156 hoc
3497 5112 3577 5156 est
3609 5119 3637 5155 a

2072 5190 2140 5245 50
2167 5190 2371 5244 Christi
2420 5192 2487 5244 ad
2530 5191 2622 5254 40,
2659 5192 2938 5245 novilunia
2988 5191 3400 5261 pleniluniaque
3442 5208 3641 5263 propo-

2073 5284 2203 5349 suit,
2240 5293 2349 5337 tam
2402 5283 2597 5347 media,
2636 5300 2800 5354 quam
2845 5299 2993 5339 vera.
3028 5283 3105 5339 Ex
3136 5285 3337 5354 quibus
3373 5302 3468 5341 sex
3504 5288 3643 5341 dun-

2072 5383 2222 5428 taxat
2251 5374 2339 5429 hic
2369 5375 2727 5439 ascribemus,
2775 5383 2835 5429 ut
2872 5377 3190 5445 quzestionis
3227 5379 3642 5433 controversia-

2072 5483 2179 5538 que
2228 5476 2403 5522 status
2452 5468 2716 5522 lectorum
2770 5469 2945 5523 oculis
2986 5470 3344 5538 subjiciatur;
3388 5471 3459 5525 ab
3502 5488 3646 5526 anno

2073 5575 2193 5614 azrae
2221 5559 2283 5614 51
2333 5559 2400 5614 ad
2445 5560 2543 5626 36;
2592 5560 2735 5630 quod
2786 5561 2839 5614 in
2898 5560 3094 5617 horum
3146 5578 3418 5618 annorum
3461 5564 3647 5637 aliquo

2074 5650 2272 5707 Christi
2310 5651 2490 5719 passio
2522 5652 2835 5707 collocanda
2867 5653 2963 5707 sit.
