3832 6220
389 308 490 367 93!

1508 304 1846 360 Arrstx
1891 267 2516 366 DISSERTATIQNUM.

3549 299 3658 353 952

386 441 552 498 quam
584 434 726 484 mm
771 432 983 478 vocant.
1031 424 1110 478 Ac
1157 424 1203 479 si
1235 421 1508 478 intuenda:
1557 424 1703 478 illius
1745 425 2034 493 copiamA
2062 422 2198 477 Cum
2245 423 2352 480 hoc
2403 425 2633 482 Iudaico
2664 441 2809 482 anno
2852 425 3154 494 conjunctae
3204 432 3329 478 sunt
3373 419 3654 473 feriarum

390 519 507 572 fore
562 525 974 586 cognoscerent,
1029 515 1399 584 speculatores
1446 516 1814 585 apponebant,
1862 515 1957 584 qui

391 609 574 664 statim
606 623 670 662 ac
703 617 1017 663 nascentem
1054 609 1236 663 lunam
1265 616 1676 677 prospexerant,
1720 609 1957 662 concilio

391 700 800 755 renuntiabant.
848 700 953 756 Sed
999 702 1052 754 in
1098 701 1321 756 testium
1358 701 1566 754 delectu
1620 715 1839 754 morosa
1890 713 1956 753 ac

393 793 772 862 superstitiosa
823 793 1105 862 diligentia
1158 808 1296 862 opus
1340 801 1478 856 erat,
1533 807 1698 861 quam
1752 793 1957 861 aliquot

393 883 666 952 capitibus
721 884 1026 939 'l‘almudici
1086 892 1341 939 auctores
1393 883 1689 953 explicant.
1737 880 1839 936 Ubi
1891 883 1956 935 de

392 974 602 1028 visione
667 982 1014 1037 convenerat,
1068 982 1182 1028 tum
1234 974 1396 1044 legati
1454 974 1657 1042 passim
1713 972 1955 1026 dimitte-

391 1063 609 1125 bantur,
629 1062 722 1130 qui
749 1062 986 1118 futuram
1023 1064 1364 1117 neomeniam
1427 1074 1482 1117 et
1531 1071 1708 1147 mlnp
1739 1063 1950 1116 denun-

390 1155 606 1208 tiarent.
651 1153 807 1219 Quod
857 1155 903 1209 si
938 1171 1048 1208 xvx
1093 1155 1182 1209 die
1214 1155 1368 1209 testis
1413 1155 1619 1217 nullus,
1655 1170 1720 1207 ac
1759 1169 1953 1222 specu-

389 1245 527 1299 lator
569 1245 834 1311 aﬂ'uisset,
888 1247 1162 1302 tricesimo
1207 1247 1384 1316 primo
1433 1237 1774 1302 neomeniam
1821 1247 1953 1300 deti.

386 1337 626 1393 niebant.
660 1337 736 1393 lta
766 1339 946 1407 ﬁebat,
978 1349 1040 1395 ut
1068 1342 1351 1410 plenorum
1402 1355 1772 1408 ca-vorumque
1801 1354 1953 1393 men-

387 1429 529 1483 sium
559 1430 834 1484 successio
857 1446 1204 1500 nequaquam
1231 1439 1535 1496 constaret;
1564 1430 1657 1484 sed
1683 1438 1741 1484 ut
1766 1428 1954 1503 civiles

386 1532 602 1572 menses
632 1518 698 1572 ad
731 1519 926 1574 sideris
957 1530 1236 1589 aspectum
1267 1521 1665 1589 dirigerentur;
1691 1527 1748 1572 ut
1773 1533 1895 1588 cap.
1918 1518 1952 1571 8

385 1601 579 1660 Glossa
632 1606 811 1661 docet.
846 1605 1050 1662 Deinde
1090 1608 1184 1677 qui
1237 1610 1428 1679 procul
1478 1609 1546 1663 ab
1575 1623 1640 1662 eo
1679 1608 1770 1662 ubi
1820 1623 1952 1661 con-

385 1709 604 1757 sessus,
635 1697 750 1785 sive
775 1707 854 1785 Ῑντ
882 1706 1005 1763 nu,
1041 1711 1176 1765 erat,
1214 1700 1560 1767 habitabant;
1595 1709 1737 1755 uteo
1764 1699 1948 1770 legati,

382 1800 522 1853 quos
579 1771 1130 1871 tmﬁﬂ'nominant,
1210 1801 1318 1846 tam
1379 1793 1490 1846 cito
1539 1792 1782 1862 aspirare
1837 1807 1946 1846 non

385 1888 627 1944 possent,
692 1879 860 1934 biduo
917 1879 1084 1938 festas
1132 1881 1454 1940 Neomenias
1503 1884 1774 1954 agebant:
1805 1884 1951 1952 quod

383 1967 579 2022 incerti
638 1982 846 2036 essent,
884 1974 1136 2042 quisnam
1186 1975 1302 2030 dies
1351 1990 1382 2028 a
1429 1976 1662 2030 concilio
1696 1975 1953 2029 deﬁnitus

383 2068 548 2113 esset.
579 2057 757 2128 Atque
808 2062 914 2117 hoc
965 2064 1234 2134 hodieque
1283 2063 1457 2145 Judaei
1489 2067 1562 2120 illi
1598 2066 1824 2132 faciunt,
1855 2066 1950 2135 qui

381 2155 535 2203 extra
566 2148 764 2207 Iudaea:
789 2152 927 2209 ﬁnes
955 2157 1012 2208 ὲν
1033 2156 1301 2228 διασπορᾷ
1325 2158 1548 2229 degunt.
1584 2159 1654 2213 De
1681 2174 1792 2228 quo
1829 2159 1950 2212 vide

380 2253 482 2307 cap
509 2256 536 2293 v
577 2240 754 2296 Tract.
786 2241 1081 2302 Kiddusch.

450 2331 571 2387 .lam
616 2335 1053 2394 interca-latioues
1100 2341 1370 2396 mensium
1414 2357 1520 2396 non
1563 2351 1710 2398 certa
1741 2342 1947 2398 descri-

382 2425 566 2493 ptio-ne
623 2429 966 2486 constabant.
1017 2429 1277 2497 Quamvis
1307 2435 1451 2488 enim
1511 2435 1672 2490 tertio
1731 2450 1948 2505 quoque

383 2530 544 2580 attito,
579 2517 664 2571 vel
709 2516 981 2573 interdum
1016 2522 1275 2587 secundo,
1309 2538 1574 2589 mensem,
1610 2525 1790 2594 quoad
1818 2524 1948 2578 lice-

381 2603 493 2669 bat,
546 2607 866 2676 insererent,
928 2621 1109 2666 tamen
1174 2628 1414 2683 persaepe
1467 2614 1623 2669 aliter
1680 2615 1863 2681 ﬂebat,
1894 2626 1948 2671 et

384 2715 773 2772 nonnunquam
802 2704 1154 2762 intercalares
1179 2707 1304 2760 anni
1329 2708 1439 2762 duo
1462 2708 1942 2764 continuabantur.

380 2788 446 2844 Et
483 2792 703 2860 quidem
751 2795 1014 2864 triplicem
1068 2812 1288 2851 causam
1345 2797 1700 2853 intercalandi
1755 2814 1876 2868 cap.
1911 2799 1946 2853 4

381 2883 739 2940 Maimonides
795 2887 1036 2956 exponit.
1091 2887 1272 2942 Prima
1332 2899 1416 2944 est
1478 2888 1761 2959 ’l‘ekupha,
1830 2891 1947 2945 sive

380 2976 544 3031 cardo
588 2978 902 3046 aequinoctii
955 2981 1154 3036 verni:
1191 2981 1282 3051 qui
1335 2997 1460 3038 cum
1513 2983 1570 3037 in
1613 3001 1701 3037 xv:
1753 2983 1943 3049 Nisan,

379 3075 473 3121 aut
507 3079 627 3136 post
655 3084 776 3122 eam
808 3069 1089 3136 incideret,
1126 3081 1237 3126 tum
1277 3072 1424 3127 Adar
1454 3073 1804 3129 intercalatus
1833 3084 1942 3141 est;

379 3159 550 3211 altera
579 3173 747 3213 causa
774 3167 860 3213 cst
889 3159 934 3212 si
967 3161 1209 3215 nondum
1234 3162 1373 3217 Abib
1404 3173 1699 3231 appeteret,
1734 3164 1838 3218 hoc
1865 3174 1949 3219 est

381 3247 611 3302 necdum
669 3249 851 3321 fruges
910 3267 1065 3307 novae
1113 3263 1344 3308 matura:
1413 3265 1627 3321 essent;
1686 3255 1947 3310 nimirum

376 3349 567 3433 jmvn
600 3350 760 3401 man
790 3351 901 3429 ῙΠὩ
931 3328 1142 3432 nisan
1174 3348 1621 3433 V‘ﬁmzutordeu,
1667 3364 1731 3402 ea:
1762 3349 1948 3418 quibus

383 3427 563 3497 Omer,
594 3433 698 3486 sive
733 3427 1044 3504 manipulus
1065 3427 1344 3505 o/ferretur
1370 3456 1388 3490 :
1418 3439 1564 3508 quod
1595 3441 1830 3495 secunda
1861 3440 1950 3495 die

376 3519 708 3592 Azymorum
738 3523 933 3592 fiebat;
978 3527 1135 3581 tertia
1182 3542 1345 3584 causa
1384 3540 1488 3592 est,
1522 3545 1646 3584 cum
1690 3530 1946 3584 arborum

379 3610 591 3668 fructus
622 3615 861 3668 nondum
900 3617 1310 3672 maturuissent.
1347 3619 1481 3672 Alia:
1515 3619 1740 3690 insuper
1769 3635 1949 3675 causa:

378 3703 612 3758 leviores
649 3703 1137 3776 accedebant,quae
1162 3725 1216 3765 .c.
1254 3710 1289 3764 4
1324 3711 1614 3766 traduntur
1643 3731 1656 3765 :
1688 3723 1746 3766 ut
1773 3713 1818 3768 si
1847 3715 1948 3767 viis

378 3792 745 3864 pontibusque
800 3793 989 3852 fractis
1044 3797 1370 3854 interclusus
1434 3799 1523 3854 ad“
1561 3802 1750 3856 urbem
1804 3813 1950 3857 esset

378 3883 593 3950 aditus;
639 3885 685 3939 si
718 3884 863 3940 furni
898 3888 1138 3942 nondum
1182 3888 1402 3954 refecti;
1432 3891 1478 3945 si
1505 3890 1718 3961 longius
1747 3893 1945 3962 depor-

379 3983 527 4028 tatus
561 3985 705 4031 esset
733 3979 986 4047 populus,
1018 3987 1071 4033 et
1099 3979 1203 4034 alia
1234 3981 1285 4036 id
1329 3999 1519 4052 genus.
1559 3983 1663 4038 Sed
1688 3985 1945 4054 primaria

379 4065 733 4121 intercalandi
787 4084 950 4123 causa
998 4070 1256 4142 Tekupha
1305 4071 1426 4138 fuit,
1483 4084 1542 4127 ut
1592 4075 1731 4129 intra
1769 4085 1947 4130 certos

377 4156 574 4214 solaris
602 4160 731 4213 anni
757 4161 1022 4216 terminos
1047 4162 1175 4218 luna
1217 4173 1582 4232 coerceretur,
1615 4181 1683 4220 ne
1716 4166 1945 4220 nimium

377 4259 720 4319 evagaretur,
749 4267 813 4308 ac
841 4251 1106 4308 festorum
1137 4256 1477 4312 celebritates
1512 4258 1568 4311 in
1618 4258 1754 4313 alias
1785 4269 1946 4328 atque

377 4339 515 4395 alias
542 4348 888 4410 tempestates
913 4343 1238 4400 transferret
1263 4345 1408 4415 quod
1433 4347 1485 4400 in
1517 4347 1748 4402 Arabico
1779 4363 1943 4412 anno,

376 4445 444 4485 ac
463 4431 641 4486 lunari
665 4433 919 4503 simplici,
949 4443 1004 4490 et
1030 4436 1210 4491 soluto
1242 4439 1512 4492 usuvcnit.
1545 4437 1648 4493 Sed
1683 4455 1803 4508 qua:
1831 4449 1943 4494 tum

377 4519 574 4574 solaris
632 4523 760 4576 anni
820 4524 1118 4594 descriptio
1172 4543 1204 4581 a
1255 4526 1456 4584 Iudaeis
1511 4530 1799 4586 observata
1850 4533 1943 4598 sit,

377 4620 566 4678 postea
603 4613 955 4671 disseremus.
988 4615 1160 4673 Porro
1184 4605 1324 4675 hanc
1347 4622 1520 4691 ipsam
1547 4623 1675 4677 anni
1712 4623 1945 4678 fortnam

377 4713 558 4759 stante
613 4707 790 4762 adhuc
843 4709 1077 4776 templo,
1129 4713 1358 4767 necdum
1412 4715 1673 4784 dispersis
1730 4719 1945 4787 penitus

375 4791 602 4860 ludatis,
638 4807 957 4867 usurpatam
981 4814 1122 4865 esse,
1169 4802 1309 4857 inter
1339 4802 1688 4862 Talmudicos
1709 4817 1941 4863 constat.

375 4885 508 4941 Post
537 4887 721 4956 templi
752 4890 1079 4955 vastitatem,
1115 4892 1538 4965 proﬂigatosque
1585 4913 1616 4952 e
1656 4896 1943 4955 Palaestina

372 4971 614 5044 Iudaeos,
639 4993 763 5033 cum
787 4979 902 5050 jam
927 4981 1074 5037 nulla
1098 4984 1348 5056 συνέδρια
1375 4999 1747 5058 superessent,
1775 4991 1944 5047 altera

375 5073 680 5137 temporum
709 5069 1140 5128 ordinandorum
1176 5084 1390 5131 servata
1443 5081 1585 5134 ratio
1631 5093 1737 5144 εει,
1773 5089 1831 5135 ut
1876 5097 1945 5136 ex

375 5157 579 5228 scripto
603 5174 669 5215 ac
697 5160 1002 5216 mediorum
1066 5173 1308 5219 motuum
1351 5164 1575 5222 Tabulis
1603 5179 1939 5244 constantes,

375 5257 429 5302 et
455 5259 617 5304 certae
648 5253 950 5306 neomenias
977 5264 1427 5321 protionerentur,
1463 5271 1530 5310 ex
1564 5258 1700 5327 cycli
1727 5259 1944 5312 decem-

377 5339 697 5393 novennalis
744 5340 1020 5406 methodo,
1054 5359 1214 5411 quem
1248 5353 1429 5404 11m
1456 5360 1678 5412 vocant,
1705 5357 1758 5403 et
1782 5358 1937 5412 my.

376 5423 476 5480 Hic
504 5437 589 5482 est
626 5443 802 5484 annus
834 5428 924 5485 ille
959 5429 1270 5486 Judteorum
1319 5434 1673 5497 novissimus.
1708 5437 1773 5491 ad
1825 5454 1943 5492 me-

374 5517 496 5572 dios
521 5519 662 5573 luna:
688 5530 866 5576 motus
908 5525 1371 5592 accommodatus,
1395 5527 1461 5581 de
1482 5544 1591 5598 quo
1617 5529 1796 5587 Moses
1818 5547 1937 5602 cap.

372 5609 426 5668 tt,
471 5617 526 5662 et
557 5611 910 5677 sequentibus
944 5624 1094 5669 :tum
1127 5627 1382 5673 accurate
1413 5617 1616 5675 Paulus
1649 5621 1940 5680 Forosem-

373 5713 556 5768 gron"
594 5699 923 5768 Munsterus,
955 5715 1008 5760 et
1042 5705 1300 5776 Scaliger,
1330 5709 1536 5780 aliique
1570 5713 1937 5782 disputarunt.

2073 515 2590 587 noviluniorumque
2637 517 3045 578 translationes,
3097 525 3151 569 et
3187 522 3461 568 sexcenta:
3532 512 3657 563 alia

2065 621 2241 674 nugas,
2282 622 2512 663 morosa:
2545 610 2651 664 illa:
2679 609 2897 680 quidem
2953 623 3017 662 ac
3043 605 3307 676 perplexa:
3343 623 3356 656 :
3390 603 3489 658 sed
3527 618 3657 669 quae

2063 696 2199 750 nihil
2225 697 2290 751 ad
2318 698 2626 755 institutum
2656 699 3061 770 pertinent,nisi
3087 699 3133 751 si
3159 696 3288 766 quid
3307 697 3378 748 de
3402 695 3656 747 transla—

2063 788 2301 844 tionibus
2329 792 2675 859 postmodum
2706 793 2810 847 erit
2841 792 3130 861 agendum.

2131 877 2224 933 ila:
2253 892 2382 934 sunt
2401 884 2531 936 anui
2559 883 2702 952 apud
2746 883 3096 936 Talmudicos
3122 885 3417 952 scriptores
3449 884 3656 937 formae

2062 969 2564 1041 descriptionesque
2603 974 2724 1028 dua:
2763 991 2776 1027 :
2813 989 3042 1041 quarum
3079 975 3226 1042 prior
3263 976 3466 1029 Christi
3506 985 3652 1028 tem-

2063 1061 2285 1127 poribus
2341 1079 2406 1115 ex
2443 1065 2660 1118 illorum
2717 1065 2974 1134 opinione
3020 1067 3321 1133 congruit:
3365 1065 3657 1133 posterior

2061 1147 2217 1218 longe
2248 1160 2434 1219 postea
2464 1165 2547 1206 est
2577 1159 2811 1222 recepta.
2847 1150 3115 1217 Quocirca
3151 1167 3257 1203 non
3289 1151 3654 1204 mediocriter

2059 1242 2334 1308 aberrant,
2363 1245 2455 1313 qui
2479 1259 2544 1297 ex
2571 1243 2860 1298 recentiori
2893 1244 2993 1297 bac
3026 1243 3276 1296 ntethodo
3325 1242 3654 1307 mediisque

2059 1331 2202 1386 lunae
2260 1336 2500 1390 motibus
2555 1343 2736 1390 vetera
2778 1334 3092 1390 Iudaeorum
3141 1333 3301 1397 festa,
3362 1333 3654 1402 praecipue

2057 1421 2365 1490 Paschalis,
2402 1427 2665 1498 indagare
2715 1429 2934 1483 student
2968 1446 2980 1481 :
3023 1427 3168 1497 quod
3209 1426 3414 1480 Paulus
3466 1424 3652 1478 Foro-

2059 1530 2253 1585 sempr.
2310 1521 2470 1574 anxie
2514 1521 2697 1585 nimis,
2731 1530 2784 1574 et
2819 1521 3139 1588 scrupulose
3183 1516 3331 1582 facit,
3381 1519 3480 1571 lib.
3546 1532 3648 1569 vm

2055 1606 2226 1672 partis
2256 1623 2314 1661 ιι.
2345 1605 2530 1678 Neque
2561 1610 2742 1664 minus
2775 1619 2982 1673 errant,
3013 1607 3104 1677 qui
3134 1606 3314 1660 Phase
3342 1605 3650 1659 Iudaicum

2056 1693 2185 1750 luna
2216 1713 2305 1752 xw
2331 1715 2396 1754 ex
2423 1701 2722 1755 mediorum
2752 1710 2996 1754 motuum
3024 1699 3298 1753 accuratis
3328 1697 3654 1751 rationibus

1980 1780 2022 1837 Β
2051 1789 2361 1860 astringunt
2417 1809 2431 1846 :

2058 1884 2180 1942 post
2208 1877 2440 1930 mediam
2475 1879 2913 1947 conjunctionem
2947 1879 3111 1946 φάσις
3143 1879 3396 1933 accidere
3436 1877 3492 1930 in
3545 1891 3648 1946 po-

2057 1965 2204 2020 litico
2233 1981 2378 2021 anno
2401 1968 2576 2038 potuit
2607 1988 2620 2023 :
2653 1969 2721 2024 de
2742 1985 2855 2039 quo
2884 1979 3096 2039 postea.

2125 2057 2283 2114 Nunc
2333 2061 2477 2115 enim
2539 2062 2768 2116 aliorum
2823 2073 2947 2132 post
3005 2061 3263 2118 Hebraeos
3335 2060 3648 2131 magistros

2053 2151 2405 2219 expendenda
2459 2155 2728 2209 sententia
2779 2165 2893 2220 est;
2945 2153 3209 2223 Scaligeri
3251 2169 3379 2209 cum
3416 2152 3640 2219 primis,

2054 2241 2145 2308 qui
2187 2239 2280 2294 lib.
2317 2240 2390 2294 De
2417 2241 2620 2294 emend.
2667 2256 2820 2311 temp.
2855 2257 2913 2305 tt,
2949 2250 3003 2296 et
3032 2243 3084 2295 in
3115 2240 3262 2312 Isag.
3299 2240 3507 2296 Catum.
3541 2254 3644 2291 co-

2054 2333 2204 2400 piose
2250 2333 2316 2388 de
2361 2332 2588 2389 Judaica
2643 2344 2752 2389 tam
2799 2344 3001 2396 vetere,
3052 2349 3217 2403 quam
3249 2332 3458 2388 recenti
3501 2332 3642 2385 anui

2054 2422 2225 2478 forma
2277 2424 2570 2494 disputavit
2645 2441 2710 2479 ex
2774 2424 3122 2479 Heln-reorum
3183 2424 3638 2480 Commentariis.

2055 2512 2183 2578 Sed,
2210 2523 2270 2568 ut
2299 2515 2458 2583 solet,
2485 2517 2753 2585 permulta
2782 2533 2846 2571 ex
2882 2517 3098 2587 ingenio
3127 2531 3230 2572 suo
3270 2517 3535 2576 conﬁcta,
3571 2529 3640 2567 ac

2054 2605 2192 2661 falsa
2223 2608 2517 2676 permiscet
2545 2627 2558 2662 :
2591 2624 2713 2678 qua:
2751 2608 2900 2672 alibi,
2935 2611 2981 2664 si
3013 2608 3283 2664 Dominus
3306 2607 3540 2670 dederit,
3567 2623 3634 2659 ex

2054 2696 2302 2751 instituto
2353 2697 2686 2752 refellentur.
2740 2697 2856 2754 Hoc
2907 2715 3038 2755 vero
3087 2700 3208 2754 loco
3235 2708 3501 2770 quantum
3563 2699 3633 2750 ad

2053 2801 2361 2858 susceptam
2407 2789 2474 2844 de
2521 2789 2818 2846 Dominicae
2873 2791 3152 2847 Passionis
3181 2807 3327 2846 anno
3367 2791 3634 2860 quaestio-

2053 2893 2174 2933 ncm
2202 2895 2426 2937 necesse
2450 2881 2571 2947 erit,
2597 2897 2630 2938 e
2661 2883 2844 2938 multis
2868 2899 3039 2952 pauca
3066 2883 3377 2938 lihahimus.

2487 1791 2937 1860 quandoquidem
3009 1790 3178 1844 biduo
3233 1802 3650 1856 nonnunquam

2123 3011 2201 3066 De
2225 3011 2537 3068 Judteorum
2573 3032 2712 3069 anno
2751 3027 2916 3070 vetere
2958 3015 3216 3086 Scaliger-1'
3265 3017 3554 3070 sententia.

1976 3133 2018 3192 (ἶ
2121 3146 2270 3202 Nihil
2320 3150 2406 3205 hic
2468 3152 2534 3206 de
2580 3153 3091 3222 antiquissimorum
3152 3150 3502 3206 Hebraeorum
3563 3165 3631 3204 ac

2051 3239 2482 3307 patriarcharum
2514 3258 2660 3297 anno
2696 3245 2871 3299 dicam
2902 3260 2917 3305 ;
2949 3243 3097 3313 quod
3130 3244 3197 3298 ad
3233 3258 3346 3297 rem
3383 3257 3628 3313 prasen-

2053 3339 2159 3384 tem
2192 3332 2322 3386 nihil
2351 3335 2543 3389 attinet
2567 3353 2580 3400 ;
2623 3336 2714 3390 sed
2742 3339 2808 3390 de
2833 3338 3120 3392 recentiori
3147 3337 3414 3392 duntaxat
3443 3347 3628 3397 aetate,

2043 3433 2172 3492 qua
2217 3423 2419 3482 Christi
2479 3429 2712 3482 natalem
2774 3429 2982 3497 aliquot
3030 3430 3248 3484 saeculis
3305 3429 3622 3483 antecessit.

2051 3513 2171 3580 Quo
2193 3524 2434 3586 tempore
2467 3517 2884 3580 Alexandream.
2917 3521 3029 3576 sive
3060 3520 3306 3577 Graecam
3351 3523 3479 3575 anni
3510 3521 3621 3575 for-

2051 3620 2218 3672 mam,
2263 3621 2294 3659 a
2331 3605 2534 3663 Judaais
2584 3607 2878 3664 admissam
2930 3623 2985 3664 et
3030 3627 3134 3666 usu
3165 3612 3308 3666 civili
3348 3621 3623 3681 receptam

2053 3697 2296 3766 Scaliger
2333 3699 2628 3754 arbitratus
2674 3709 2788 3767 est,
2832 3701 2996 3770 idque
3045 3702 3479 3770 clironograpltis
3526 3702 3622 3755 ad-

2051 3790 2400 3846 miratoribus
2417 3791 2532 3846 suis
2563 3792 2818 3846 omnibus
2847 3795 3138 3862 persuasit.
3173 3793 3230 3846 In
3257 3793 3448 3862 primis
3476 3793 3622 3847 enim

2049 3883 2144 3938 lib.
2179 3883 2255 3937 De
2276 3885 2478 3937 emend.
2515 3901 2552 3938 ιι
2582 3885 2674 3954 (p.
2706 3885 2796 3948 99,
2825 3886 2956 3940 edit.
3011 3889 3073 3955 l)
3116 3887 3329 3950 scribit,
3380 3884 3618 3945 Judaos.

2048 3992 2171 4030 cum
2203 3976 2517 4031 neomenias
2562 3976 2670 4030 ἀπὸ
2698 3977 2796 4047 τῆς
2829 3979 3044 4046 φάσεως
3072 3978 3421 4040 deducerent,
3461 3992 3619 4031 acce-

2049 4075 2142 4136 pto
2213 4068 2620 4122 Seleucidarum
2682 4069 2854 4140 jugo,
2893 4083 3082 4123 eorum
3140 4086 3342 4123 annum
3397 4081 3453 4124 et
3489 4085 3620 4138 epo-

2049 4159 2206 4214 cham
2248 4159 2314 4213 ad
2343 4159 2595 4228 politicos
2620 4177 2753 4216 usus
2791 4162 3156 4224 transtulisse,
3196 4179 3260 4216 ac
3289 4163 3616 4230 Syromace-

2049 4250 2297 4304 donicam
2325 4251 2608 4320 periodum
2651 4268 2965 4322 usurpasse.
3000 4253 3125 4308 Erat
3177 4254 3289 4307 haec
3342 4254 3616 4321 Calippica

2048 4356 2218 4405 mera,
2251 4343 2418 4413 cyclis
2439 4343 2720 4399 Metonicis
2756 4360 2807 4398 tv
2837 4354 3118 4407 constans,
3147 4347 3308 4399 annis
3339 4360 3499 4399 ιιινι
3518 4385 3532 4406 ,
3559 4356 3615 4398 ιιι

2047 4430 2381 4487 Censorinus
2415 4423 2606 4488 auctor
2641 4443 2725 4489 est
2753 4437 2769 4494 (
2797 4451 2847 4504 p.
2887 4436 2954 4489 59
2985 4438 3024 4500 ),
3058 4436 3251 4491 diebus
3285 4435 3489 4492 9.7759.
3517 4436 3617 4506 Cy-

2050 4524 2167 4579 clus
2195 4539 2358 4593 porro
2380 4524 2892 4581 decemuovennalis
2911 4525 3221 4597 Calippicus
3262 4528 3406 4582 idem
3459 4543 3617 4597 pror~

2046 4630 2141 4671 sus
2173 4627 2288 4670 erat
2321 4632 2443 4670 cum
2483 4616 2721 4680 Juliano,
2768 4619 2980 4673 dierttm
3019 4619 3177 4681 6939.
3216 4621 3336 4675 hor.
3396 4623 3478 4676 l8.
3514 4621 3615 4675 Sed

2049 4723 2171 4762 cum
2213 4709 2494 4777 periodum
2527 4723 2681 4763 suam
2714 4707 2972 4778 Calippns
2998 4725 3064 4764 eo
3091 4711 3408 4766 inchoasset
3444 4727 3615 4776 anno,

2048 4814 2158 4869 quo
2179 4799 2404 4854 Darium
2426 4801 2735 4855 Alexander
2765 4801 2830 4854 ad
2852 4802 3046 4856 Arbela
3071 4803 3222 4867 vicit,
3245 4801 3466 4874 Olymp.
3495 4804 3616 4865 ΗΞ,

2047 4905 2191 4944 anno
2217 4891 2478 4956 secundo,
2511 4892 2625 4947 sive
2647 4890 2807 4961 lphiti
2831 4890 2958 4958 446,
2987 4908 3103 4962 per.
3139 4891 3432 4958 Jul.4383,
3468 4896 3619 4966 cyclo

2046 4983 2188 5037 lunae
2216 4998 2337 5048 xm,
2371 4984 2505 5039 solis
2547 4999 2650 5050 xv;
2703 4985 2772 5039 ab
2811 4994 3116 5052 autumno;
3181 4995 3290 5041 tam
3359 4987 3534 5042 (ΞΓ-,ιθιοί
3564 4989 3616 5041 in

2044 5074 2383 5139 Macedonia,
2419 5090 2584 5145 quam
2627 5074 3092 5148 Syromacedones
3124 5078 3178 5131 in
3204 5078 3336 5132 Asia
3369 5079 3617 5132 eamdem

2045 5166 2190 5220 illam
2219 5165 2432 5222 decimo
2463 5181 2631 5232 nono,
2656 5183 2819 5237 quam
2843 5184 2874 5222 a
2905 5168 3130 5237 Calippo
3167 5170 3474 5239 excogitata
3502 5167 3616 5222 {uec

2045 5265 2151 5320 rat,
2180 5272 2331 5312 anno
2355 5258 2755 5321 instaurarunt.
2799 5261 3086 5315 duodecim
3138 5260 3300 5314 annis
3344 5273 3467 5328 post
3499 5259 3616 5314 Ale-

2044 5348 2237 5402 xandri
2291 5360 2522 5404 mortem
2554 5394 2571 5416 ,
2620 5352 2829 5420 periodi
2881 5349 2992 5407 Jul.
3047 5352 3209 5415 4402,
3267 5353 3423 5423 cyclo
3479 5353 3617 5408 lunt!

2045 5455 2163 5506 XIII,
2191 5441 2326 5496 solis
2357 5458 2405 5494 vr
2433 5458 2698 5514 :eamque
2721 5460 2752 5498 a
2787 5443 3316 5516 Syromacedonibus
3354 5445 3616 5504 (lhaldai,

2042 5531 2254 5596 Judaei,
2312 5532 2620 5604 Hagareni,
2676 5536 2883 5592 Arabes
2952 5538 3205 5590 traditam
3269 5547 3614 5606 acceperunt.

2044 5624 2215 5680 Judaei
2263 5643 2391 5682 vero
2423 5643 2587 5682 atram
2636 5638 3016 5683 contractuum
3056 5637 3268 5687 mnum
3303 5636 3431 5714 Tum
3461 5631 3610 5696 vulgt

2050 5729 2384 5790 nuncupant.
2419 5718 2476 5773 lu
2503 5718 2933 5776 Machahmorum
2960 5721 3115 5776 libris
3147 5722 3274 5776 anui
3308 5721 3611 5778 Gmcoruu

1977 4465 2023 4521 D
