3832 6220
128 340 242 394 955

1088 349 1174 403 ne
1214 350 1404 407 ANNO
1441 352 1528 408 er
1570 353 1679 409 mn
1718 329 2074 414 Domuum
2112 359 2491 418 PASSIONIS.

3285 373 3391 429 951

127 455 478 524 appellantur
501 495 518 520 ,
585 457 855 528 iidemque
913 460 1321 519 Seleucidarum
1373 466 1523 531 dicti,
1565 468 1710 538 quod
1739 474 1784 531 Α
1812 485 2120 542 progressus
2154 474 2374 542 fecerit:
2405 474 2544 541 quod
2586 492 2688 530 non
2721 488 3006 545 potuerunt
3041 482 3390 550 deprehende-

127 543 334 598 eodem
402 560 570 612 anno,
627 562 740 617 quo
799 549 1056 618 periodus
1106 551 1194 607 illa
1245 555 1406 623 iniit,
1456 555 1716 614 Seleucus
1820 580 1894 627 re,
1926 565 2038 618 sine
2070 565 2316 618 doctrina
2345 567 2470 619 anni
2503 567 2566 621 Β.
2587 543 2760 623 Adda.
2797 568 2975 638 Igitur
3002 589 3033 624 a
3059 543 3128 625 vit
3165 572 3281 627 Oct.
3324 574 3429 644 ad,

128 633 410 706 Babylone
461 649 802 708 recuperata,
846 657 1162 714 emergere,
1206 654 1372 716 atque
1421 648 1714 718 imperium

129 726 383 782 stabilire
406 729 598 800 coepit.

203 801 440 860 Lunaris
467 807 595 860 anni
616 806 812 863 modus
836 815 920 862 est
940 807 1152 865 dierum
1175 812 1367 880 354,8,
1391 816 1495 882 53',
1523 817 1583 873 6"
1614 809 1710 891 ἐξ,

130 897 344 952 mensis
373 897 462 963 29,
501 899 589 962 12,
621 901 725 966 44',
761 901 970 981 25":—.',‘,
995 904 1126 958 anni
1147 907 1478 977 principium
1510 912 1578 965 ab
1610 927 1712 965 auo

134 997 352 1054 tumno,
413 1000 468 1044 et
519 992 738 1061 quidem
803 991 1056 1051 Octobris
1102 1013 1220 1065 vn;
1277 1015 1403 1054 nam
1453 1001 1711 1073 Tekupha

131 1079 280 1134 Tisri
313 1083 504 1137 incidit
534 1085 589 1138 in
622 1082 876 1143 Octobris
914 1105 1020 1155 vn,
1050 1093 1146 1161 qui
1196 1092 1312 1147 dies
1345 1094 1554 1162 primus
1595 1107 1714 1152 erat

126 1175 264 1228 anni
291 1176 508 1231 solaris.
545 1175 678 1232 Nam
719 1189 774 1235 et
805 1181 1038 1238 solarem
1071 1194 1330 1254 praeterea
1372 1203 1577 1242 annuat
1612 1189 1712 1243 ob-

125 1269 445 1335 sen'abant,
480 1283 540 1326 ut
585 1273 638 1326 in
673 1274 766 1329 lib.
805 1291 856 1328 tv
894 1275 968 1330 De
1011 1279 1213 1332 emend.
1269 1280 1498 1348 scribit,
1554 1283 1712 1351 cujus

124 1359 380 1417 bisextus
407 1373 532 1418 ante
563 1365 799 1434 primum
841 1367 1008 1424 Tisri.
1064 1385 1138 1424 vu
1183 1369 1436 1427 Octobris
1475 1374 1711 1450 inﬁnde-g

126 1449 312 1504 batur.
373 1449 475 1506 Sed
527 1464 714 1522 postea
771 1458 1040 1512 translato
1101 1460 1154 1513 in
1215 1475 1443 1516 vernum
1495 1471 1732 1533 tempus

124 1540 311 1604 initio.
341 1544 482 1598 inter
532 1547 760 1615 primam
803 1557 856 1602 et
891 1552 1184 1606 secundam
1219 1552 1424 1622 Aprilis
1467 1553 1710 1610 insertus

121 1642 233 1688 est.
267 1633 462 1689 Postea
493 1634 709 1691 Iuliana
741 1640 870 1693 anni
899 1641 1074 1696 fornia
1121 1652 1360 1714 recepta,
1405 1644 1548 1699 inter
1579 1661 1708 1710 xxv,

121 1735 180 1779 et
212 1742 342 1779 xxvi
376 1725 551 1782 Martii
589 1730 944 1788 iutercalatus
977 1741 1062 1788 cst
1095 1735 1233 1790 dies.
1281 1735 1452 1804 Igitur
1498 1736 1709 1792 lunaris

1817 671 1942 708 xxiv
1977 655 2122 724 Sept.
2160 657 2272 711 dies
2301 669 2422 710 sunt
2451 674 2548 712 xm
2581 661 2838 726 praecise:
2871 662 3059 730 quibus
3091 678 3427 734 competunt,

1816 744 1945 797 anni
1977 723 2118 800 4104
2151 761 2216 800 ea:
2244 748 2488 802 doctrina
2513 723 2591 803 Ιί.⁷
2610 750 2788 805 Adda.
2835 723 3072 806 Totidem
3101 723 3238 808 enim
3267 774 3392 812 anni
3417 723 3424 778 ί

1813 835 1941 888 dant
1969 839 2330 908 προηγήσεως
2358 839 2685 913 σεληνιακῆς
2713 857 2833 908 xm,
2865 843 3050 897 horam
3080 847 3130 899 l.
3163 845 3306 901 Idem
3341 857 3389 902 ct

1748 975 1752 987 ,
1814 927 1910 983 lib.
1945 943 1996 982 Iv
2025 931 2308 999 repetitur.
2333 929 2536 986 Verum
2563 933 2698 986 nihil
2727 934 2830 989 hac
2866 933 3390 1005 Scaligertdoctrins

1812 1022 2007 1075 vanius
2039 1032 2202 1091 atque
2231 1022 2642 1079 inconstantius
2675 1035 2778 1080 est.
2842 1025 3090 1081 Primum
3118 1027 3263 1082 enim
3303 1043 3384 1082 re-

1811 1119 2012 1165 tractat
2042 1113 2094 1166 id
2129 1114 2276 1182 quod
2323 1115 2538 1169 dixerat
2565 1101 2589 1170 τ’
2615 1115 2949 1187 Calippicam
2985 1117 3217 1173 formam
3267 1128 3388 1189 post

1811 1202 2158 1258 Constantini
2206 1215 2454 1273 tempora
2496 1209 2742 1263 nondum
2791 1210 3134 1286 repudiatam
3177 1209 3389 1280 fuisse;

1811 1305 1865 1348 et
1898 1310 2044 1348 anno
2080 1296 2317 1364 primum
2349 1297 2454 1352 5M
2494 1298 2720 1352 alteram
2754 1299 2899 1352 illam
2940 1300 3060 1368 ejus
3093 1300 3212 1355 loco
3257 1303 3386 1356 sub-

1813 1387 2081 1440 stitutam.
2115 1385 2320 1442 Deinde
2352 1387 2419 1442 ll.
2451 1389 2664 1443 Addam
2703 1392 2752 1445 ei
2798 1391 3036 1446 concilio
3072 1392 3390 1446 interfuisse

1812 1481 1987 1541 putat,
2021 1482 2074 1527 et
2101 1475 2452 1542 repudianda:
2489 1476 2781 1547 Calippicae
2829 1480 3062 1547 periodi,
3095 1495 3160 1535 ac
3193 1496 3383 1536 recen-

1813 1565 1968 1619 tioris
2011 1567 2360 1621 instituendas
2399 1578 2681 1622 auctorem
2726 1569 2916 1625 fuisse.
2954 1571 3036 1625 Ad
3089 1572 3203 1627 haec
3244 1571 3388 1641 ejus-

1812 1653 1932 1708 dem
1965 1654 2366 1712 Tiheriadensis
2413 1658 2674 1728 synedrii,
2737 1668 2793 1714 et
2839 1659 2905 1713 R.
2943 1661 3110 1715 Adda:
3168 1663 3388 1717 decreto

1814 1749 2134 1802 translatam
2171 1765 2293 1804 esse
2332 1751 2460 1804 anni
2501 1753 2763 1820 epocham
2797 1769 2827 1807 a
2861 1769 2934 1807 vn
2981 1753 3101 1810 Oct.
3152 1756 3218 1810 ad
3262 1772 3388 1810 xxiv

124 1817 260 1869 anni
294 1817 587 1888 dispositio
611 1823 752 1890 apud
788 1821 1009 1879 Judteos
1061 1827 1557 1898 Syromacedonica
1593 1830 1710 1886 sive
1743 1811 1784 1870 Β
1814 1837 1982 1908 Sept.,
2003 1858 2125 1895 cum
2160 1851 2236 1896 tot
2269 1843 2398 1896 anni
2430 1811 2715 1899 constituti
2768 1854 2974 1911 essent,
3009 1857 3143 1918 quot
3193 1850 3257 1904 ad
3290 1865 3389 1903 xm

120 1906 406 1978 Calippica
441 1910 561 1976 fuit,
595 1913 753 1982 cujus
779 1915 992 1970 initium
1031 1919 1098 1972 ab
1127 1918 1378 1976 Octobris
1415 1936 1514 1977 vn.

203 1999 408 2055 Verum
447 2018 568 2057 eum
604 2005 789 2074 cyclus
816 2007 1128 2078 Calippicus
1183 2011 1392 2069 lunaris
1440 2015 1582 2070 idem
1625 2023 1711 2071 est

122 2105 254 2144 cum
295 2091 536 2159 Juliano,
563 2095 809 2151 lunarem
837 2096 1146 2168 Iudaicum,
1170 2119 1333 2173 quem
1358 2105 1707 2162 verissimum

122 2191 287 2249 putat
339 2183 597 2256 Scaliger,
633 2187 862 2244 excedat
923 2191 1076 2247 boris
1123 2193 1178 2258 5,
1228 2209 1411 2266 scrup.
1466 2197 1709 2253 Judaicis

126 2272 234 2327 760
265 2293 281 2342 ;
317 2277 576 2345 quoniam
613 2279 750 2350 cycli
781 2279 1298 2341 decemnovennalis
1328 2302 1590 2344 excessus
1626 2298 1710 2344 est

123 2366 250 2420 hor.
313 2368 362 2431 l,
398 2368 548 2435 483;
582 2380 706 2440 post
739 2372 921 2442 cyclos
949 2389 1080 2429 vero
1127 2373 1437 2446 Calippicos
1473 2394 1560 2446 tv,
1611 2381 1706 2450 qui

122 2455 533 2528 Hipparcheum
560 2478 726 2516 unum
752 2462 982 2530 faciunt,
1009 2465 1075 2520 ad
1106 2465 1272 2523 horas
1293 2469 1386 2536 22,
1417 2469 1524 2524 880
1553 2487 1568 2537 ;
1603 2471 1710 2526 hoc

122 2558 213 2604 est
237 2549 356 2606 fere
378 2551 522 2606 diem
563 2552 800 2608 solidum
831 2571 1094 2612 excessus
1124 2557 1214 2613 ille
1249 2562 1568 2629 perveniat;
1615 2561 1712 2616 Ju-

119 2641 226 2696 daei
256 2643 519 2712 paulatim
560 2645 738 2700 labem
778 2647 908 2701 anni
945 2647 1032 2703 sui
1074 2649 1572 2720 deprehenderunt.
1617 2655 1712 2710 Et-

124 2734 282 2787 enim
319 2733 652 2804 Calippicatn
686 2737 847 2792 istam
891 2737 1126 2794 formam
1154 2741 1223 2796 ad
1267 2758 1468 2798 annum
1496 2745 1709 2802 Christi

127 2825 239 2879 5H
269 2826 609 2882 retinuerunt
634 2869 650 2894 ,
686 2839 745 2883 ut
775 2829 870 2884 lib.
902 2845 939 2884 tt
974 2830 1048 2886 De
1077 2833 1281 2888 emend.
1308 2836 1570 2906 scriptum
1602 2848 1706 2894 est.

126 2915 293 2974 Circa
336 2918 479 2974 hunc
505 2935 706 2974 annum
736 2937 868 2977 vero
899 2922 1048 2978 bidui
1091 2925 1285 2980 vitium
1316 2929 1711 2985 animadverte-

121 3018 300 3075 runt;
339 3025 464 3064 cum
501 3011 613 3080 jam
650 3013 719 3068 ab
755 3015 911 3069 initio
948 3013 1358 3074 Seleucidarum
1389 3037 1568 3078 anuus
1605 3023 1712 3079 658

121 3101 427 3167 .aberetur,
460 3103 846 3172 quiestnvm
873 3116 997 3175 post
1036 3106 1408 3179 Hipparcheas
1449 3114 1706 3182 periodos

120 3192 288 3246 duas.
321 3192 504 3262 Itaque
537 3209 661 3248 cum
699 3194 842 3250 Tisri
873 3194 1185 3252 Judteorum
1218 3201 1594 3259 Alexandreus
1625 3219 1708 3261 es-

125 3294 213 3341 set
246 3286 302 3339 in
331 3302 460 3340 xxvn
494 3286 666 3356 Sept.,
682 3287 812 3342 feria
846 3306 924 3358 Iv,
952 3307 1016 3347 ex
1044 3293 1368 3364 epilogismo
1417 3296 1704 3365 hodierno,

121 3380 242 3433 sive
269 3378 445 3431 lunari
467 3379 702 3449 ἀκριϐεῖ,
743 3382 1024 3438 character
1060 3393 1197 3447 erat,
1223 3386 1278 3448 2,
1307 3387 1360 3449 4,
1397 3387 1526 3453 210,
1555 3389 1704 3460 Sept.

125 3487 260 3524 xxiv
290 3488 303 3524 :
344 3469 428 3524 En
451 3471 592 3524 labes
616 3472 781 3527 bidui.
809 3473 1062 3528 Nondum
1087 3479 1224 3531 enim
1248 3481 1506 3532 rationem
1530 3478 1710 3550 Calip-

124 3563 308 3631 picant
360 3561 424 3616 de
455 3563 572 3616 sede
602 3579 703 3618 sua
740 3565 1156 3622 sollicitaverant
1199 3567 1378 3624 Judazi
1403 3610 1419 3636 ,
1468 3571 1558 3624 sed
1589 3588 1708 3625 eam

123 3655 305 3708 adhuc
349 3653 662 3709 incolumem
708 3668 1063 3715 servaverant.
1116 3657 1252 3715 Sero
1285 3661 1448 3732 igitur
1487 3662 1706 3718 tandem

123 3758 318 3798 errore
353 3746 594 3814 cognito,
652 3747 894 3802 adhibita
939 3749 996 3803 in
1047 3751 1309 3806 auxilium
1373 3755 1705 3824 astrologia,

123 3848 255 3888 eun
324 3851 528 3889 annum
600 3837 998 3906 instituerunt,
1051 3857 1162 3912 quo
1215 3853 1444 3900 utuntur
1521 3847 1701 3902 hodie.

124 3925 500 3993 Quamobrem
532 3946 596 3984 ex
629 3933 886 4000 opinione
911 3932 1171 4005 Scaligeri
1217 3953 1395 3994 atinus
1425 3939 1516 3995 ille
1546 3938 1711 4011 Syro-

125 4022 546 4090 macedonicus,
572 4033 627 4078 et
657 4027 1035 4083 Alexandreus
1055 4029 1366 4100 Calippicus
1391 4049 1499 4088 non
1528 4034 1704 4088 solum

123 4112 232 4168 sub
287 4113 465 4182 ipsum
515 4115 798 4172 Passionis
863 4127 1098 4188 tempus,
1139 4138 1331 4176 verum
1387 4125 1552 4178 etiam
1613 4127 1704 4180 diu

123 4215 321 4275 postea
352 4209 494 4276 apud
517 4207 734 4264 Juda-os
771 4213 1024 4268 obtinuit.
1071 4216 1174 4270 Sed
1219 4218 1410 4271 eodem
1457 4219 1509 4273 in
1542 4236 1708 4290 opere

130 4298 205 4352 De
234 4301 601 4356 emendatione
649 4306 974 4361 sententiam
1015 4318 1210 4372 mutat,
1255 4325 1320 4365 ac
1371 4315 1706 4369 contrarium

125 4390 310 4454 docet,
337 4392 432 4448 lib.
469 4410 501 4448 v
538 4393 558 4464 (
578 4410 632 4464 p.
667 4394 773 4452 559
796 4399 835 4468 ).
871 4397 1090 4455 Judatos
1122 4401 1268 4455 enim
1302 4404 1502 4458 asserit
1529 4403 1710 4469 Calip-

1810 1930 2022 1986 dierum
2087 1933 2394 2003 προήγησιν
2450 1935 2849 2004 requiruntur,
2911 1938 3169 1995 nimirum
3224 1941 3386 1998 4104.

1811 2020 1945 2089 Quae
1973 2023 2156 2076 omnia
2182 2023 2388 2079 clarum
2407 2034 2490 2080 est
2525 2025 2708 2080 ina'nia
2737 2037 2790 2082 et
2819 2032 3195 2086 commentitia
3235 2048 3388 2100 esse,

1811 2131 1912 2170 nec
1943 2116 2110 2169 ullius
2149 2115 2436 2184 scriptoris
2472 2117 2827 2187 auctoritate,
2862 2130 2957 2175 aut
3002 2122 3116 2176 ullo
3152 2124 3392 2193 antiqui-

1811 2208 1940 2262 tatis
1981 2206 2296 2260 testiinouio
2324 2205 2528 2273 fulciri,
2565 2209 2672 2263 nisi
2723 2211 3001 2266 contraria
3035 2213 3199 2268 etiam
3242 2215 3390 2282 sibi,

1809 2313 1874 2354 ac
1909 2298 2059 2352 nullo
2101 2298 2264 2352 modo
2293 2309 2659 2354 consentanea
2714 2300 2993 2359 dicantur.
3043 2301 3188 2358 Nihil
3242 2307 3390 2360 enim

1810 2389 1952 2459 apud
2015 2389 2349 2459 Scaligerum
2402 2404 2526 2444 cum
2572 2391 2627 2444 in
2663 2391 2758 2447 lib.
2803 2391 2876 2448 De
2921 2396 3148 2460 emend,
3187 2405 3298 2451 tum
3336 2397 3390 2450 in

1811 2481 1958 2554 lsag.
1993 2482 2296 2538 Canonibus
2334 2491 2443 2538 tam
2475 2483 2670 2539 crebro
2699 2485 3048 2541 decantatum
3080 2493 3186 2554 est,
3211 2506 3388 2560 quam

1809 2573 2076 2627 novitium
2109 2573 2284 2638 illurn,
2327 2581 2386 2627 ut
2429 2583 2610 2640 vocat,
2642 2573 2957 2631 Judteorum
2992 2593 3221 2646 annum,
3275 2598 3390 2651 quo

1810 2665 1888 2718 uti
1923 2665 2194 2734 hodieque
2247 2664 2446 2728 solent,
2504 2681 2534 2719 a
2578 2663 2644 2719 Β.
2700 2665 2894 2722 Hillele
2943 2668 3104 2739 longe
3151 2681 3273 2739 post
3325 2671 3386 2724 Β.

1812 2755 2086 2811 Samuelis
2121 2765 2177 2811 et
2202 2757 2369 2812 Adda:
2402 2764 2651 2826 tempora
2679 2759 3047 2829 excogitatum
3081 2761 3269 2817 fuisse.
3313 2763 3392 2818 Ac

1811 2863 1880 2903 ne
1914 2848 2236 2903 calumniari
2261 2849 2444 2904 sciens
2478 2849 2686 2914 videar,
2715 2865 2839 2904 cum
2872 2852 2958 2917 iis,
2994 2868 3115 2922 qua:
3139 2853 3192 2908 in
3223 2869 3388 2924 opere

1811 2940 1906 2995 illo
1941 2940 2013 2994 De
2038 2943 2406 2995 emendatione
2438 2941 2683 3011 scripsit,
2718 2941 3017 3009 conferam,
3053 2961 3176 3014 quae
3206 2946 3259 3000 in
3294 2962 3394 3016 po-

1811 3043 2038 3099 stremo,
2062 3049 2223 3104 quem
2252 3050 2316 3089 ea
2349 3035 2417 3088 de
2451 3049 2510 3089 re
2545 3033 2755 3102 edidit,
2808 3035 2952 3091 libro
2989 3039 3204 3106 penitus
3247 3055 3277 3092 a
3332 3055 3393 3093 se

1810 3125 2026 3180 diversa
2056 3140 2120 3180 ac
2160 3126 2466 3195 pugnantia
2499 3125 2773 3196 leguntur.
2825 3125 2960 3181 Nam
2997 3128 3211 3200 lsagog.
3249 3128 3388 3184 Can.

1814 3215 1910 3271 lib.
1944 3231 2029 3278 tu,
2061 3233 2113 3286 p.
2146 3217 2274 3279 215,
2315 3215 2545 3286 Templa.
2566 3217 2761 3287 inquit,
2786 3219 2956 3272 adhuc
2984 3231 3174 3282 stante,
3201 3223 3391 3275 mensis

1816 3325 1954 3362 ntere
1985 3310 2190 3362 lunaris
2218 3307 2510 3377 Hipparchi
2535 3311 2588 3362 in
2627 3327 2780 3363 usum
2810 3327 2842 3363 a
2893 3309 3099 3364 Judteis
3154 3321 3391 3379 receptus

1815 3413 1952 3456 erat.
1987 3401 2118 3455 Post
2137 3401 2399 3455 excidium
2420 3401 2621 3471 templi,
2649 3412 2705 3455 ut
2729 3411 2860 3456 esset
2891 3401 3121 3472 formula
3147 3403 3392 3472 quiedam

1815 3505 2061 3563 perpetua
2099 3495 2226 3548 anni
2255 3494 2448 3559 civilis,
2473 3511 2577 3564 quo
2603 3494 2850 3564 pleraque
2887 3497 3055 3548 omnis
3076 3493 3392 3548 Judworum

1815 3585 2081 3655 διασπορὰ
2109 3594 2364 3652 uteretur,
2403 3585 2576 3655 primo
2625 3594 2807 3656 typum
2841 3585 3129 3655 publicavit
3177 3585 3394 3639 Samuel

1815 3686 2153 3747 cognomento
2191 3676 2510 3739 lare/tinai,
2561 3677 2770 3730 circiter
2817 3693 3013 3729 annum
3061 3675 3260 3730 Christi
3288 3675 3394 3728 215
3438 3686 3455 3702 ⁹

1815 3770 1932 3839 plus
1959 3772 2173 3823 minus;
2208 3777 2418 3839 quando
2451 3767 2661 3823 Iudaeis
2694 3769 2964 3838 praecepit,
3004 3779 3057 3821 ut
3091 3767 3275 3820 relicta
3306 3783 3392 3820 ve-

1818 3861 1916 3913 teri
1960 3859 2225 3930 Teltupha,
2276 3861 2333 3912 in
2373 3874 2448 3913 vn
2488 3859 2605 3914 Oct.
2657 3858 2954 3927 Tekupham
2986 3857 3251 3928 Sosigenis
3291 3855 3391 3910 Ju-

1816 3950 2019 4004 lianam
2069 3951 2125 4002 in
2177 3965 2306 4004 xxiv
2365 3947 2511 4018 Sept.
2573 3949 3031 4015 amplecterentur.
3075 3948 3192 4010 Ipse
3229 3949 3390 4000 etiam

1814 4044 2017 4112 primus
2066 4041 2381 4097 Judteorum
2436 4058 2502 4096 ea:
2563 4043 2870 4112 deﬁnitione
2935 4042 3127 4094 mensis
3188 4039 3391 4094 lunaris

1817 4133 2153 4202 Hipparcltea
2178 4132 2516 4202 deprehendit
2544 4132 2827 4186 discrimen
2861 4129 3391 4183 enneadecaeteridos

1814 4223 2050 4277 Iuliana:
2072 4232 2122 4276 et
2151 4223 2352 4277 lunaris
2373 4239 2482 4276 esse
2509 4223 2624 4276 hor.
2659 4223 2712 4288 1,
2740 4221 2866 4275 485.
2899 4219 3092 4274 Postea
3147 4219 3271 4287 (lib.
3309 4237 3391 4283 Ill,

1816 4335 1864 4373 c.
1893 4318 1948 4381 5,
1969 4334 2021 4388 p.
2055 4317 2206 4388 210)
2248 4318 2315 4374 R.
2372 4317 2527 4371 Adda
2568 4318 2680 4371 Bar
2715 4317 2900 4371 Ahaba
2945 4317 3026 4370 vir
3065 4316 3258 4370 strculo
3297 4331 3395 4370 suo

1815 4409 2128 4463 Judworum
2159 4410 2514 4474 doctissimus,
2552 4409 2835 4479 pensitatis
2881 4406 3174 4476 Hipparchi
3220 4408 3390 4460 ratio-

125 4488 248 4556 pica
277 4487 496 4556 periodo
525 4489 595 4542 ad
633 4498 865 4560 tempora
895 4509 1056 4564 usque
1091 4495 1406 4550 Diocletiani
1455 4499 1574 4564 plus
1608 4501 1711 4554 mi-
1741 4515 1786 4570 ι)
1817 4502 1988 4565 nibus,
2042 4515 2106 4554 ea:
2175 4500 2362 4571 quibus
2402 4501 2854 4556 enneadecaeteris
2907 4497 3048 4551 lunte
3095 4498 3267 4550 minor
3313 4506 3390 4550 est

126 4597 225 4634 nus
266 4596 389 4634 usos
416 4597 546 4635 esse.
584 4581 685 4637 Sed
715 4600 834 4637 cum
885 4583 1174 4655 Calippica:
1227 4591 1510 4643 neomenia:
1551 4591 1710 4647 biduo

125 4689 281 4726 veras
327 4675 635 4730 neomenias
695 4686 1065 4742 morarentur,
1113 4681 1415 4750 synedrium
1472 4682 1713 4738 Tiberia-

124 4767 286 4820 dense
316 4769 617 4821 convocatis
654 4770 837 4838 peritis
862 4775 1208 4825 astronomiae
1235 4773 1529 4842 magistris,
1574 4773 1714 4830 inter

125 4875 281 4928 quos,
322 4867 379 4911 ut
409 4860 678 4927 existimo,
712 4860 885 4916 Rabbi
918 4862 1073 4917 Adda
1117 4864 1219 4933 fuit
1245 4904 1261 4928 ,
1297 4881 1398 4918 usu
1423 4864 1713 4936 Calippicat

123 4947 334 5014 periodi
362 4963 485 5002 cum
519 4961 760 5020 computo
799 4968 1060 5006 annorum
1083 4953 1376 5008 Alexandri
1409 4956 1580 5010 simul.
1615 4957 1712 5011 ab-

125 5051 336 5113 rogato,
373 5059 563 5098 novam
587 5045 715 5100 anni
741 5047 1000 5102 rationem
1042 5048 1298 5116 instituit,
1330 5057 1388 5102 ut
1422 5051 1712 5106 neomenia:

126 5150 232 5188 non
269 5151 364 5204 per
412 5136 682 5205 periodos,
743 5137 836 5193 sed
885 5155 978 5208 per
1025 5140 1200 5210 ipsum
1245 5149 1444 5195 motum
1480 5142 1713 5198 medium

127 5225 370 5280 lunarem
401 5236 739 5296 putarentur.
768 5228 900 5285 Cum
919 5231 1085 5301 igitur
1109 5233 1270 5300 diem,
1301 5233 1393 5286 ubi
1423 5243 1540 5288 erat
1563 5235 1711 5289 locus

128 5316 236 5369 diei
282 5317 791 5385 intercalandi,hoc
827 5330 906 5376 est
952 5337 1023 5376 vu
1067 5321 1211 5389 Oct.,
1250 5332 1500 5394 putarent
1543 5325 1712 5395 fuisse

125 5411 360 5477 primum
387 5411 549 5477 diem,
581 5415 636 5468 in
669 5430 773 5484 qua
814 5414 1043 5470 mundus
1089 5417 1353 5482 conditus,
1403 5418 1525 5472 hinc
1561 5434 1712 5472 com-

125 5513 313 5570 putum
345 5521 500 5560 suum
535 5509 670 5562 inire
698 5508 1056 5563 decreverunt.
1087 5508 1154 5563 Et
1180 5511 1305 5580 quia
1335 5511 1446 5566 dies
1477 5515 1716 5584 arquinoc

127 5594 240 5659 ctii,
261 5604 312 5648 et
347 5597 465 5651 ideo
498 5596 757 5669 Teltupltat
798 5602 1126 5656 autumnalis
1158 5611 1275 5656 erat
1304 5607 1359 5656 in
1382 5619 1510 5658 xxrv
1539 5602 1711 5674 Sept.,

129 5688 537 5745 consideramus
568 5691 624 5744 in
650 5701 775 5762 quot
805 5693 960 5747 annis
992 5693 1130 5748 Tisri
1177 5711 1210 5747 a
1244 5704 1423 5750 centro
1459 5693 1712 5750 Macedo-

131 5781 268 5846 nico,
296 5781 353 5835 id
399 5793 477 5839 est
520 5801 553 5838 a
585 5799 657 5840 vn
713 5783 830 5841 Oct.
876 5785 944 5840 ad
978 5801 1105 5842 xxtv
1137 5784 1279 5856 Sept.
1342 5789 1394 5842 in
1441 5787 1712 5843 anteriora

1813 4607 1921 4646 una
1944 4592 2436 4646 enneadecaeteride
2477 4590 2753 4661 Calippica
2779 4590 2894 4645 hor.
2931 4590 2983 4654 1,
3015 4587 3142 4650 185,
3179 4587 3274 4640 hoc
3302 4602 3392 4640 ex-

1814 4703 1963 4741 cessu
1987 4687 2042 4739 in
2069 4685 2135 4740 19
2155 4684 2462 4750 distributo,
2495 4685 2702 4754 collegit
2731 4684 2845 4737 hor.
2874 4681 2934 4748 O,
2977 4673 3135 4749 8277-;
3161 4680 3226 4733 de
3254 4695 3391 4747 qua-

1813 4777 2002 4830 drante
2027 4773 2272 4840 Iuliano,
2307 4773 2411 4826 sive
2448 4771 2724 4841 Calippico
2743 4768 3110 4825 deducendum
3153 4781 3304 4830 esse;
3335 4772 3393 4818 ut

1813 4869 2000 4924 modus
2041 4868 2168 4921 anni
2209 4867 2281 4921 sit
2332 4865 2537 4919 dierum
2581 4864 2707 4928 565,
2751 4863 2806 4927 5,
2837 4863 2941 4918 997
3089 4865 3270 4928 Quare
3317 4857 3387 4914 Β.

1811 4957 1970 5011 Adda
1998 4955 2280 5009 lulianum
2311 4971 2532 5015 annuat,
2582 4962 2632 5007 et
2681 4951 2949 5007 Samuelis
2985 4951 3258 5022 Teltupltas
3306 4966 3391 5005 re-

1805 5048 1985 5119 jecit;
2029 5045 2170 5116 quod
2203 5043 2372 5099 eidem
2402 5043 2623 5098 Iuliano
2671 5044 2756 5097 die
2801 5053 3048 5114 perpetuo
3097 5046 3394 5098 lacerarent:

1812 5143 1926 5212 ipse
1955 5155 2076 5193 vero
2113 5154 2233 5192 cum
2273 5153 2472 5192 annum
2528 5139 2792 5205 tropicum
2848 5136 3242 5207 Hipparchum
3283 5137 3394 5190 suis

1816 5231 2159 5295 obtrusisset,
2183 5230 2237 5284 in
2263 5245 2367 5302 quo
2395 5237 2512 5300 post
2541 5228 2647 5284 504
2679 5245 2847 5284 annos
2875 5229 3005 5283 solis
3039 5246 3099 5283 ac
3139 5228 3280 5284 lunae
3307 5244 3391 5282 ra-

1817 5325 1982 5379 tiones
2009 5321 2080 5376 ad
2111 5321 2368 5376 amussim
2395 5321 2682 5392 quadrent,
2721 5337 2813 5374 nec
2835 5330 2914 5375 est
2945 5319 3044 5375 illa
3072 5321 3382 5392 προέμτπω

1815 5433 1920 5481 σις,
1952 5423 2048 5469 aut
2081 5414 2489 5487 μετέμπτωσις,
2518 5411 2792 5483 Tekupltas
2825 5413 2963 5468 alias
2992 5413 3245 5479 instituit,
3277 5427 3394 5482 qua

1814 5523 1936 5562 cum
1981 5507 2268 5561 noviluniis
2317 5507 2436 5576 pari
2473 5519 2692 5576 prorsus
2721 5502 3218 5560 rationealuiiani
3265 5507 3393 5557 anni

1815 5600 2010 5670 cpocha
2039 5597 2442 5655 retrorederent.

1885 5690 2058 5748 Orsus
2093 5699 2179 5747 est
2207 5698 2388 5745 autem
2437 5705 2466 5743 a
2511 5687 2768 5760 Tekuph'a
2811 5685 3014 5750 Nisau.
3052 5701 3158 5742 non
3203 5693 3264 5740 ut
3293 5683 3391 5739 Sno

1815 5786 1982 5853 mucl,
2031 5801 2063 5842 a
2110 5783 2374 5857 Tckuplta
2416 5782 2558 5841 Tisri
2589 5800 2602 5837 :
2637 5783 2986 5854 primumque
3031 5778 3198 5835 Nisan
3239 5775 3297 5832 in
3327 5790 3395 5830 ea
