3832 6220
408 284 513 343 955

1507 284 1852 341 APPENDIX
1894 284 2523 347 DlSSERTATlONUM.
2626 324 2644 337 ο

3606 284 3711 341 956

407 411 567 455 nocte
600 394 904 465 collocavit,
939 415 1057 469 quae
1086 410 1271 455 secuta
1308 409 1391 455 est
1423 400 1546 453 Kal.
1585 397 1873 469 Apr.,leria
1904 416 1931 452 v
1966 416 1977 451 :

2115 410 2197 454 sta
2250 402 2477 471 periodo
2523 401 2588 470 ad
2652 401 2965 473 προήγησιν
3006 400 3337 472 σεληνιακήν
3385 398 3711 469 adipiscen-

405 494 564 561 cujus
600 493 879 547 character
921 492 975 554 5,
1010 491 1061 559 1,
1101 492 1386 546 770.auno
1440 491 1684 545 hodierni
1731 490 1988 560 Computi

405 588 544 641 4017
586 588 659 658 (p.
697 587 848 652 216),
884 596 937 640 et
981 588 1048 641 ab
1076 604 1137 642 eo
1172 586 1403 641 deducto
1436 587 1752 640 charactere
1777 601 1851 639 vtt
1892 601 1990 639 an-

409 695 630 746 norum,
657 681 905 735 videlicet
930 681 983 743 5,
1023 681 1109 745 15,
1137 680 1256 745 158,
1288 679 1642 748 deprehendit
1666 676 1830 733 Nisan
1860 678 1987 732 anni

408 776 654 831 hodierni
684 774 940 843 Computi
976 773 1137 837 40l0,
1173 789 1365 841 nempe
1399 772 1451 835 6,
1494 773 1580 835 10,
1615 771 1720 827 620
1752 772 1858 828 :de
1880 786 1990 841 quo

409 865 454 917 si
516 864 817 919 deducatur
866 865 1147 917 character
1194 878 1271 916 vit
1325 862 1619 925 mensium,
1692 861 1991 916 remanebit

409 950 552 1008 Tisri
583 954 825 1023 ejusdem
858 954 982 1007 anni
1019 953 1071 1019 2,
1100 954 1182 1017 17,
1216 953 1342 1008 469.
1378 953 1525 1024 Cycli
1552 955 1649 1007 211
1676 954 1786 1023 jam
1820 954 1991 1023 elapsi

409 1055 585 1103 erant,
618 1060 848 1113 quorum
879 1045 1162 1099 character
1194 1046 1247 1109 7,
1280 1044 1366 1108 12,
1404 1043 1532 1110 265,
1566 1044 1631 1098 de
1657 1044 1711 1109 2,
1765 1044 1845 1108 l7,
1888 1043 1991 1098 409

410 1137 671 1190 deductus
711 1136 965 1205 relinquit
1002 1136 1235 1205 primum
1265 1135 1406 1191 Tisri
1432 1137 1488 1201 2,
1530 1136 1582 1201 5,
1615 1135 1741 1190 204.

483 1226 761 1280 Postremo
818 1228 909 1297 (p.
967 1228 1113 1299 215)
1169 1226 1237 1283 R.
1312 1227 1470 1283 Hillel
1528 1228 1780 1297 princeps
1848 1240 1991 1279 anno

410 1318 613 1371 Christi
647 1318 745 1371 544
771 1358 785 1379 ,
825 1319 981 1373 annis
1028 1334 1157 1374 xcm
1202 1321 1268 1373 ah
1296 1320 1447 1374 obitu
1485 1320 1757 1374 Samuelis
1786 1327 1993 1372 utram-

410 1423 517 1477 que
550 1405 842 1462 factionem
875 1410 1168 1465 conciliare
1202 1411 1447 1478 studens,
1473 1420 1527 1464 ut
1550 1422 1788 1465 veterem
1823 1409 1993 1465 Mosis

408 1500 693 1568 epoeham,
730 1509 970 1570 quaeest
1005 1517 1077 1556 vtt
1108 1501 1352 1570 Octobr.,
1371 1512 1424 1558 et
1458 1518 1655 1558 novam
1689 1502 1989 1574 Sesigenis.

409 1609 531 1662 qua:
580 1601 662 1647 est
716 1609 843 1647 χχιιι
906 1591 1055 1662 Sept.
1115 1595 1598 1664 complecteretur,
1661 1598 1805 1667 quod
1861 1596 1991 1651 anni

410 1692 716 1754 congruunt
756 1684 949 1739 diebus
977 1701 1071 1739 xm
1108 1689 1466 1757 προηγήσεως
1500 1688 1857 1761 σεληνιακῆς,
1895 1691 1987 1760 qui

2094 492 2242 557 dam,
2306 508 2373 547 ne
2429 493 2655 547 verbum
2708 493 2953 562 quidem.
3004 490 3210 545 Viderit
3258 504 3392 559 ergo
3447 487 3709 557 Scaliger

2095 585 2238 639 unde
2261 584 2408 638 illam
2438 585 2872 654 exprompserit;
2936 598 3112 651 neque
3141 583 3282 636 enim
3312 580 3555 635 fundum
3585 580 3710 649 ejus

2094 685 2150 731 et
2186 686 2470 731 auctorem
2512 677 2721 747 profert
2756 678 2964 741 ullum;
3009 676 3169 746 quasi
3212 676 3467 730 divinare
3502 688 3572 728 ac
3606 676 3711 725 lin—

2094 784 2243 839 gere,
2272 771 2321 822 id
2354 770 2571 825 demum
2607 771 2681 824 sit
2707 770 3017 833 emendare,
3051 778 3217 837 atque
3247 768 3517 823 ordinare
3564 775 3709 818 temo

2096 876 2251 928 pora.
2291 859 2617 929 Quanquam
2668 878 2792 931 qua:
2822 873 2904 915 est
2936 862 3150 914 tandem
3200 860 3301 914 ista
3334 857 3710 913 conciliatio?

2097 951 2357 1023 Tekupha
2391 953 2663 1010 Samuelis
2709 952 3044 1007 autumnalis
3071 968 3214 1006 anno
3238 950 3443 1005 Christi
3482 950 3599 1003 544
3630 952 3713 1001 in-

2096 1045 2224 1100 cidit
2268 1046 2324 1100 in
2358 1046 2508 1116 Sept.
2544 1062 2679 1102 xxm
2709 1085 2723 1111 ,
2763 1046 2881 1099 hor.
2920 1044 3008 1109 15,
3040 1059 3071 1097 a
3110 1044 3360 1106 meridie,
3389 1044 3516 1098 sive
3541 1045 3579 1097 9
3618 1060 3709 1095 no-

2096 1140 2304 1195 cturnis
2332 1157 2345 1193 :
2373 1139 2596 1208 politice
2623 1154 2753 1195 vero
2786 1138 2935 1207 Sept.
2966 1153 3114 1201 xxrv,
3147 1136 3280 1206 eycii
3313 1137 3709 1205 praeterieram

2094 1229 2622 1285 decemnovenuales
2675 1243 2830 1283 ccxvt
2872 1242 2883 1277 :
2937 1227 3139 1297 quibus
3183 1226 3503 1296 προήγησις
3564 1224 3707 1279 facta

2094 1322 2307 1376 dierqu
2358 1319 2459 1385 15,
2503 1322 2623 1375 hor.
2680 1321 2733 1377 1.
2786 1317 2956 1388 Igitur
3012 1316 3273 1386 Tekupha
3314 1334 3469 1372 anno
3524 1318 3707 1386 primo

2093 1412 2348 1483 Computi
2380 1412 2526 1468 cadit
2554 1413 2607 1466 in
2644 1410 2868 1468 Octobr.
2907 1428 3001 1476 vn,
3040 1411 3159 1465 her.
3187 1410 3278 1474 10,
3306 1410 3379 1464 ab
3407 1410 3581 1464 initio
3613 1427 3709 1462 no-

2094 1506 2218 1561 ctis.
2257 1504 2362 1559 Sed
2396 1504 2528 1559 hora
2562 1519 2669 1557 una
2700 1503 3025 1573 negligatur.
3056 1500 3196 1567 Quid
3225 1500 3329 1556 hoc
3354 1501 3421 1553 ad
3465 1497 3707 1551 Samue-

2095 1599 2162 1653 lis
2191 1596 2553 1664 Tekupham?
2583 1594 2720 1649 Nam
2754 1595 2819 1649 ad
2857 1595 3265 1649 noviluniorum
3301 1592 3541 1662 quidem
3574 1606 3706 1660 προ-

2048 1742 2057 1751 .
2094 1692 2297 1762 ήγησιν
2330 1687 2769 1756 investigandam
2797 1726 2812 1751 ,
2851 1685 3108 1755 quoniam
3137 1683 3423 1737 Judaicam
3474 1680 3702 1734 hodier-

412 1776 552 1830 iutcr
590 1792 717 1830 xxiv
748 1776 897 1847 Sept.
940 1787 995 1832 et
1025 1794 1093 1832 vit
1141 1778 1360 1833 Octobr.
1412 1780 1676 1850 interjecti
1710 1791 1877 1850 sunt,
1917 1793 1995 1840 tot
2024 1780 2069 1835 Β
2099 1797 2223 1836 ιιδιιι
2255 1790 2342 1846 et,
2400 1790 2459 1835 ut
2486 1789 2639 1850 putat
2669 1777 2933 1847 Scaliger,
2978 1775 3378 1847 Hipparcbeam
3410 1775 3555 1827 anni
3590 1772 3703 1826 for-

411 1885 584 1923 annos
623 1871 691 1924 ab
721 1872 876 1926 initio
920 1872 1174 1941 Computi
1228 1874 1313 1928 sui
1350 1874 1416 1928 ad
1456 1874 1585 1929 illud
1642 1885 1857 1946 tempus
1888 1895 1989 1933 nu—

410 1964 660 2026 meravit,
696 1979 889 2033 nempe
912 1964 1077 2030 4104,
1101 1976 1158 2018 ιιι
1186 1965 1241 2019 in
1274 1966 1367 2021 lih.
1408 1984 1444 2020 ιι
1480 1966 1555 2020 De
1579 1968 1785 2023 emend.
1818 1969 1993 2025 fusius

408 2055 719 2123 exponitur,
768 2055 858 2110 ubi
906 2057 976 2110 ita
1029 2058 1302 2125 proditum
1347 2068 1429 2113 est
1457 2077 1468 2111 :
1498 2058 1803 2115 lnstitutam
1847 2063 1992 2118 circa

409 2164 615 2201 annum
650 2148 755 2202 544
783 2150 1060 2217 periodum
1094 2166 1363 2206 annorum
1396 2151 1556 2216 6916,
1588 2153 1766 2210 ductis
1804 2171 1899 2209 xm
1938 2157 1991 2209 in

407 2240 590 2310 cyclos
651 2240 783 2294 solis
831 2257 896 2295 ac
949 2242 1109 2296 lunae.
1174 2242 1345 2312 Cujus
1388 2244 1596 2314 periodi
1642 2262 1820 2302 annus
1852 2246 1993 2301 4l05

411 2333 513 2385 init
541 2348 686 2387 anno
714 2333 918 2388 Christi
963 2334 1098 2400 544,
1147 2320 1299 2407 cyclo
1331 2338 1474 2392 luna:
1519 2337 1746 2393 Judaico
1788 2356 1838 2405 ι,
1888 2340 1995 2393 Ro-

410 2440 574 2479 mano
615 2441 711 2488 ιιι,
759 2426 889 2481 solis
920 2443 1028 2482 xvn
1059 2443 1072 2479 :
1108 2443 1218 2498 quo
1254 2428 1473 2499 quidem
1516 2445 1787 2485 annorum
1817 2432 1995 2501 spatio

387 2508 716 2589 ’προήγησις
759 2518 966 2573 lunaris
1012 2519 1153 2574 facta
1187 2529 1270 2575 est
1305 2520 1517 2575 dierum
1556 2539 1690 2588 xm,
1739 2523 1861 2579 hor.
1915 2525 1937 2578 1
1976 2543 1988 2578 :

409 2625 531 2679 qua:
556 2611 621 2665 de
652 2626 839 2666 xxxv"
871 2612 1097 2678 diebus,
1132 2614 1225 2683 qui
1268 2629 1297 2667 a
1346 2613 1573 2670 Kalend.
1626 2618 1774 2685 Sept.
1820 2616 1995 2673 fluxe-

408 2711 557 2767 runt,
604 2703 868 2767 detracta,
923 2705 1237 2775 relinquunt
1262 2707 1380 2763 dies
1419 2724 1568 2763 xxrv.
1608 2708 1812 2765 Eodem
1849 2726 1994 2766 anno

407 2795 692 2849 character
752 2794 892 2851 Tisri
965 2812 994 2851 a
1063 2799 1289 2854 meridie
1345 2815 1481 2855 χχιιι
1549 2800 1698 2872 Sept.
1768 2803 1995 2873 contigit

411 2886 527 2939 hor.
566 2886 651 2952 10,
681 2886 809 2952 204,
840 2890 952 2944 sive
978 2888 1204 2946 Judaice
1233 2894 1301 2947 ab
1344 2892 1499 2948 initio
1546 2895 1720 2950 noctis
1767 2896 1887 2950 hor.
1936 2898 1991 2962 4,

407 2978 532 3043 204,
565 2982 696 3035 feria
726 2998 782 3036 ιι.
818 2981 1033 3038 Primus
1061 2993 1240 3038 autem
1265 2985 1399 3056 cycli
1424 3001 1603 3042 annus
1650 2991 1992 3043 neomeniam

409 3068 552 3124 Tisri
604 3072 791 3127 habuit
842 3088 871 3127 a
915 3073 1141 3128 meridie
1174 3090 1226 3128 vr
1273 3073 1676 3147 Octobr.,hora
1724 3079 1811 3142 11,
1862 3078 1987 3142 204,

410 3163 524 3215 sive
550 3160 772 3217 Judaiee
814 3163 868 3228 5,
897 3164 1021 3228 204,
1077 3164 1207 3218 feria
1244 3181 1300 3229 ιι,
1339 3181 1485 3222 anno
1523 3169 1729 3237 periodi
1763 3170 1994 3227 Julianae

409 3252 515 3305 955
545 3268 557 3303 :
588 3252 723 3307 adeo
774 3263 831 3307 ut
861 3255 1143 3310 character
1176 3254 1318 3311 Tisri
1354 3258 1424 3313 sit
1468 3259 1537 3322 2,
1571 3260 1637 3324 5,
1688 3262 1794 3316 204
1823 3278 1836 3315 :
1876 3280 1998 3333 quae

410 3340 564 3394 radix
611 3350 695 3395 cst
736 3343 1144 3397 neomeniarum
1197 3346 1441 3401 omnium
1482 3346 1856 3415 Judaicarum,
1894 3351 1997 3407 'l‘e-

406 3433 591 3506 kupha
627 3452 754 3493 vero
789 3438 921 3493 hora
953 3454 1005 3491 IS
1064 3450 1327 3495 nocturna
1361 3442 1495 3508 fuit,
1526 3445 1630 3499 hoc
1654 3455 1738 3499 est
1774 3445 1824 3509 7,
1859 3447 1914 3510 9,
1940 3449 1994 3504 0.

446 3572 730 3643 Refellitur
754 3572 1119 3646 Scaligeriana
1151 3578 1397 3632 doctrina
1445 3580 1509 3635 de
1533 3598 1671 3637 anno
1706 3582 1956 3638 Iudaico.

482 3708 608 3764 Haec
636 3720 717 3765 est
750 3708 1134 3780 Scaligeriana:
1167 3713 1427 3769 doctrinae
1452 3730 1690 3779 summa,
1720 3735 1838 3788 qua!
1883 3737 1996 3775 mc—

414 3804 489 3855 ris
519 3802 850 3871 conjecturis
883 3820 947 3859 ac
982 3805 1212 3860 sonmiis
1252 3806 1450 3862 referta
1481 3824 1664 3863 secum
1711 3812 1826 3881 ipsa
1861 3829 1997 3868 con-

414 3893 589 3947 ciliari
619 3909 725 3948 non
759 3904 955 3962 potest.
985 3895 1164 3965 Atque
1196 3906 1252 3950 ut
1280 3897 1456 3967 pritno
1491 3899 1611 3955 loco
1638 3902 1767 3957 illud
1794 3918 2025 3975 expen-‘

412 3986 637 4051 damus,
667 3988 813 4056 quod
846 4005 911 4043 ex
948 3988 1098 4060 Isag.
1130 4007 1321 4045 canon.
1354 3992 1575 4046 allatum
1604 4005 1688 4049 est
1721 4011 1733 4046 :
1772 3996 1818 4051 si
1865 4007 2001 4052 tem-

413 4079 502 4148 plo
531 4079 710 4134 adhuc
740 4090 937 4147 stante,
974 4080 1311 4151 llipparchea
1347 4086 1473 4139 anni
1532 4085 1706 4142 forma
1738 4105 1767 4143 a
1797 4088 1999 4147 ludatis

413 4172 652 4229 admissa
681 4184 786 4241 est,
816 4191 979 4245 supra
1020 4192 1182 4246 quam
1234 4177 1511 4248 Calippica
1552 4181 1807 4249 periodus
1839 4185 2000 4240 annis

413 4281 574 4322 Lxxvt
598 4282 886 4324 excessum
911 4269 1117 4341 colligit
1166 4271 1283 4326 ltor.
1312 4273 1366 4339 5,
1407 4272 1529 4338 760,
1568 4275 1619 4329 id
1651 4284 1733 4329 est
1768 4276 1998 4347 singulis

413 4360 1059 4428 enneadecaeteridibus,
1112 4363 1233 4419 hor.
1301 4365 1365 4431 1,
1408 4366 1548 4431 485,
1582 4376 1637 4422 et
1682 4381 1804 4437 post
1845 4386 1999 4426 cccrv

2018 3122 2067 3184 C

2097 1891 2240 1929 mam
2293 1873 2515 1929 Samuel
2548 1873 2836 1937 adhibuit,
2878 1871 3151 1940 pertinere
3180 1869 3285 1924 ista
3315 1874 3601 1937 possunt,
3637 1868 3703 1919 ad

2097 1961 2388 2031 Tekuphas
2422 1976 2550 2016 vero
2588 1959 2862 2014 Samuelis
2893 1958 3230 2029 indagandas
3283 1957 3420 2011 nihil
3460 1956 3705 2011 omnino

2097 2054 2422 2121 conferunt;
2477 2070 2601 2109 cum
2635 2054 2683 2108 is
2739 2051 3023 2107 lulianum
3074 2038 3279 2106 annum
3325 2049 3705 2117 Julianasqne

2097 2147 2387 2218 Tekuphas
2418 2147 2702 2217 amplexus
2737 2146 2840 2211 sit,
2888 2160 3010 2211 qua:
3064 2144 3269 2198 nullam
3305 2142 3521 2197 habent
3562 2158 3701 2210 προ-

2097 2241 2315 2311 ήγησιν.
2346 2237 2464 2295 Non
2506 2248 2685 2309 potest
2714 2239 2899 2307 itaque
2931 2236 3025 2290 ulli
3057 2235 3217 2290 alteri
3244 2233 3534 2303 Tekupbm
3564 2249 3703 2289 con-

2096 2335 2282 2389 venire
2316 2334 2576 2403 periodus
2611 2348 2677 2386 ac
2707 2330 2999 2385 methodus
3028 2328 3137 2394 illa,
3170 2344 3333 2398 quam
3362 2326 3431 2381 11.
3477 2327 3699 2391 Adda;

2096 2428 2210 2482 sive
2242 2427 2362 2497 ejus
2394 2428 2523 2482 anni
2554 2426 2762 2491 formae,
2792 2441 2914 2495 quae
2941 2439 3127 2495 parem
3154 2424 3351 2479 sideris
3397 2424 3703 2493 utriusque

2097 2521 2404 2590 προήγησιν
2436 2519 2683 2590 agnoscit
2717 2534 2729 2571 :
2770 2519 2834 2573 ad
2867 2516 3135 2572 Julianam
3187 2516 3463 2587 ﬁxamque
3509 2515 3703 2571 Τάδε

2098 2613 2259 2681 pham
2314 2612 2471 2681 plane
2518 2621 2601 2667 est
2633 2612 2863 2666 inutilis.
2913 2608 3016 2665 Sed
3073 2625 3249 2680 neque
3286 2609 3351 2664 ad
3407 2608 3473 2664 R.
3526 2609 3701 2664 Addar

2097 2702 2388 2773 Tekuphas
2416 2702 2605 2757 eadem
2641 2702 2731 2755 illa
2761 2700 3022 2771 periodus
3052 2700 3237 2754 utilior
3264 2708 3347 2754 est
3372 2700 3498 2768 (lib.
3540 2714 3596 2752 tv
3625 2698 3697 2751 οε

2096 2794 2325 2861 emend.,
2358 2810 2411 2864 p.
2443 2793 2593 2863 26l).
2642 2791 2902 2863 Tekupba
2931 2790 3106 2861 prima
3137 2790 3202 2843 R.
3236 2791 3409 2845 Adda:
3442 2792 3697 2846 vernalis

2098 2887 2241 2942 cadit
2266 2888 2321 2940 in
2343 2902 2464 2941 eam
2495 2894 2732 2951 noctem,
2763 2900 2885 2955 quae
2905 2894 3089 2940 secuta
3117 2893 3201 2938 est
3228 2882 3345 2938 Kal.
3383 2884 3521 2954 Apr.
3546 2900 3697 2938 anno

2099 2980 2273 3049 primo
2303 2978 2511 3049 periodi
2541 2977 2799 3045 Judaicaa,
2832 2976 3060 3031 Julianze
3095 2992 3221 3031 vero
3248 2977 3376 3038 954,
3405 2978 3573 3047 cyclo
3604 2992 3696 3032 so-

2100 3072 2167 3125 lis
2204 3071 2260 3137 2,
2317 3071 2460 3126 lunae
2511 3072 2580 3137 4;
2639 3070 2899 3140 Teltupha
2945 3069 3246 3125 solstitialis
3292 3067 3421 3123 Julii
3473 3068 3538 3135 2,
3595 3084 3695 3123 att-

2102 3163 2361 3217 tumnalis
2391 3163 2516 3218 Kal.
2546 3163 2666 3218 Oct.
2703 3161 2976 3216 Brumalis
2999 3162 3061 3214 5-1
3099 3161 3312 3215 Decem.
3370 3159 3554 3215 Porro
3594 3162 3698 3214 Te-

2099 3256 2296 3325 kuptia:
2329 3254 2666 3310 autumnalis
2691 3254 2977 3310 character
3012 3253 3133 3317 fuit,
3167 3264 3227 3308 ut
3251 3252 3540 3324 Scaligcro
3574 3254 3693 3324 pla-

2099 3358 2202 3413 cet,
2228 3349 2282 3413 5,
2313 3348 2367 3414 9,
2394 3349 2483 3412 41,
2515 3346 2582 3401 14
2610 3348 2743 3417 ipsis
2767 3346 2887 3401 Kal.
2919 3344 3062 3411 Oct.,
3091 3347 3194 3401 hoc
3220 3354 3305 3401 est
3337 3346 3495 3401 horis
3525 3347 3561 3400 9
3600 3363 3695 3400 uo-

2099 3441 2305 3495 cturnis
2332 3449 2455 3511 post
2481 3456 2590 3495 xxx
2619 3438 2768 3509 Sept.
2804 3440 2946 3495 diem
2994 3438 3129 3493 feria
3159 3438 3213 3504 5,
3248 3439 3403 3507 cyclo
3449 3438 3591 3495 solis
3642 3441 3689 3502 1,

2100 3534 2178 3587 lit.
2211 3532 2540 3594 F.Vernalis
2572 3531 2847 3602 Tekupha:
2875 3536 3159 3587 character
3191 3541 3274 3587 est
3317 3531 3373 3598 4,
3419 3530 3476 3597 0,
3500 3531 3559 3597 0,
3593 3534 3693 3584 ιιιιο

2101 3628 2176 3679 tio
2210 3626 2425 3689 noctis,
2475 3641 2597 3696 quae
2643 3634 2830 3680 secuta
2875 3634 2959 3680 est
3014 3638 3137 3695 post
3190 3625 3476 3679 meridiem
3528 3624 3691 3694 primi

2098 3718 2304 3788 Aprilis
2334 3719 2459 3772 diei.
2494 3718 2575 3773 Ab
2617 3719 2720 3774 hoc
2763 3733 2907 3773 anno
2941 3718 3006 3771 ad
3035 3716 3239 3771 Christi
3267 3717 3394 3783 514,
3433 3718 3550 3772 sive
3592 3715 3689 3769 Ju-

2098 3810 2315 3865 daicum
2354 3808 2516 3873 4105,
2552 3810 2720 3880 cyclis
2764 3808 2870 3862 216
2913 3809 3134 3878 elapsis,
3184 3809 3495 3879 προήγησις
3550 3806 3686 3861 facta

2099 3912 2184 3959 est
2214 3903 2425 3958 dierum
2454 3918 2574 3965 xm,
2606 3903 2754 3957 hora:
2777 3903 2826 3955 1.
2853 3899 3034 3968 Quare
3062 3903 3401 3956 autumnalis
3429 3901 3686 3970 Tekupha

2100 3995 2167 4051 R.
2199 3997 2366 4051 Adda:
2413 3997 2614 4051 incidet
2640 3996 2692 4049 in
2728 4011 2858 4051 xvm
2894 3994 3068 4064 Sept.,
3108 3995 3347 4050 vernalis
3382 3996 3436 4048 in
3480 4011 3573 4048 xix
3609 3998 3685 4047 vel

2102 4107 2169 4144 xx
2204 4088 2405 4144 Martii.
2438 4088 2576 4155 Quid
2616 4089 2780 4159 igitur
2829 4089 2895 4143 ad
2934 4087 3251 4157 Tckupham
3292 4086 3356 4141 Β.
3389 4088 3562 4142 Addat:
3602 4104 3686 4158 pe-

2103 4183 2291 4237 riodus
2331 4185 2433 4236 ista
2467 4180 2838 4250 confertque:
2864 4181 2933 4235 ab
2955 4180 3150 4235 Octob.
3180 4196 3257 4234 vit
3293 4181 3358 4234 ad
3384 4180 3538 4250 Sept.
3567 4196 3687 4233 xxiv

2102 4277 2520 4347 praecessiouem
2554 4276 2754 4329 habet?
2800 4273 2869 4329 Ut
2894 4276 3040 4328 enim
3080 4273 3361 4345 Tekuphis
3407 4273 3475 4327 ll.
3525 4276 3687 4329 Addas

2101 4370 2309 4424 servire
2363 4368 2562 4438 possit,
2615 4367 2819 4438 periodi
2852 4367 3067 4421 initium
3103 4383 3213 4422 non
3247 4369 3315 4421 ab
3360 4365 3557 4421 Octob.
3594 4384 3683 4431 vn,

414 4467 590 4546 annos
619 4470 787 4546 unum
821 4453 933 4509 fere
959 4454 1386 4525 diem,profecto
1413 4474 1588 4529 neque
1619 4460 1894 4533 Calippica
1945 4475 2000 4520 et
2025 4484 2081 4546 ι)
2105 4462 2198 4517 sed
2230 4461 2299 4517 ab
2331 4461 2454 4531 ejus
2492 4460 2750 4516 Kalendis
2783 4461 3169 4515 arcessendum
3204 4458 3389 4514 fuerit.
3427 4459 3684 4515 Praterea

414 4541 752 4598 Alexandrea
793 4546 1048 4614 periodus
1084 4548 1150 4602 ad
1205 4565 1410 4605 annum
1443 4568 1618 4623 usque
1649 4555 1849 4610 Christi
1878 4558 2002 4627 plus

416 4638 597 4692 minus
642 4638 747 4692 544
790 4650 996 4696 retenta
1044 4650 1163 4705 est,
1213 4659 1388 4713 neque
1430 4644 1655 4701 biduum
1691 4649 1822 4703 illud
1868 4666 2003 4722 προ-

416 4730 669 4802 ηγήσεως
702 4731 1025 4799 intervenit,
1055 4733 1477 4805 inducendaque
1507 4740 1690 4794 omnia
1724 4740 1823 4795 ista
1849 4752 1998 4810 sunt,

413 4838 536 4891 qua:
582 4824 635 4878 in
690 4824 844 4879 libris
895 4824 972 4880 De
1012 4827 1214 4881 emend.
1265 4828 1469 4897 passim
1519 4830 1898 4899 inculcantur;
1947 4834 2000 4887 in

412 4916 715 4986 primisque
749 4919 1071 4989 scrupulosa
1102 4919 1192 4974 illa
1223 4929 1276 4974 et
1302 4922 1463 4975 anxia
1496 4920 1903 4991 v'Paschatutn,
1937 4942 2002 4981 ac

413 5009 677 5077 postremi
727 5012 1109 5083 σταυρωσίμου
1161 5011 1468 5081 inquisitio,
1503 5030 1625 5084 qua:
1668 5016 1721 5069 in
1763 5032 1812 5069 vi
1865 5016 2001 5071 libro

413 5102 758 5172 proponitur,
789 5104 965 5159 otiosa
1000 5115 1054 5158 et
1077 5104 1289 5159 inutilis
1318 5105 1571 5161 eﬂicitur.

484 5191 603 5248 Jam
648 5192 781 5248 illud
816 5194 883 5249 de
913 5194 1130 5250 inventa
1180 5212 1210 5251 a
1260 5196 1326 5251 R.
1363 5195 1549 5253 Hillele
1587 5198 1844 5268 periodo,
1878 5215 2005 5256 ceu-

414 5284 722 5356 ciliatisque
749 5286 1081 5343 factionibus
1106 5289 1341 5358 duabus,
1375 5305 1485 5360 quo
1519 5292 1736 5345 tandem
1778 5302 2001 5347 auctore
2050 5329 2057 5335 -

412 5373 757 5430 defenditur?
788 5375 998 5432 Hebraei
1030 5378 1099 5432 ab
1131 5378 1262 5433 orbe
1287 5380 1508 5436 condito
1553 5381 1619 5436 ad
1658 5380 1861 5438 Christi
1899 5382 2003 5437 Na-

415 5466 577 5520 talem
613 5466 1004 5539 Dionysianum
1040 5485 1216 5525 annos
1261 5480 1458 5540 putant
1500 5472 1617 5527 fere
1665 5473 1827 5529 5761.
1876 5474 2002 5531 Ideo

413 5574 560 5613 anno
604 5559 808 5616 Christi
840 5563 965 5628 514,
1016 5562 1470 5634 cmpitJudaicus
1499 5566 1656 5639 4105.
1715 5565 2001 5623 Intervalla

414 5666 580 5721 porro
636 5662 939 5722 temporum
990 5666 1243 5711 accurate
1294 5674 1392 5726 pro
1442 5659 1658 5714 illorum
1702 5671 1859 5729 captu
1909 5664 2001 5717 de-

414 5750 621 5815 ecripta
664 5756 793 5801 sunt
828 5745 880 5801 in
912 5746 1052 5803 libro
1083 5748 1245 5803 Seder
1292 5750 1487 5806 Italam.
1523 5751 1597 5807 De
1628 5756 2003 5812 comtncutitia

2108 4554 2304 4608 veteris
2353 4554 2482 4607 anni
2525 4552 2736 4608 Judaici
2789 4553 3115 4623 principium
3148 4554 3321 4623 gratis
3348 4568 3377 4606 δ
3415 4554 3684 4624 Scaligero

2106 4644 2463 4699 constitutum
2494 4654 2578 4699 est
2606 4642 2827 4699 Octobr.
2866 4659 2962 4698 vn.
2986 4641 3174 4712 Neque
3198 4645 3344 4698 enim
3368 4656 3683 4715 argumento

2108 4738 2219 4791 ullo
2265 4736 2579 4792 necessario
2605 4776 2621 4802 ,
2655 4736 2746 4791 sed
2780 4735 2930 4788 inani
2970 4751 3035 4790 ac
3069 4733 3203 4790 falsa
3234 4737 3559 4807 conjectura
3592 4738 3685 4792 fre.

2108 4839 2197 4883 tus
2227 4828 2329 4883 hoc
2367 4837 2664 4882 asseverat.

2177 4919 2314 4974 Nam
2352 4921 2396 4975 si
2428 4921 2553 4990 quis
2582 4920 2723 4975 forte
2755 4928 2986 4990 quaerat,
3020 4935 3118 4973 cur
3139 4919 3229 4973 ille
3252 4917 3571 4974 Judmomm
3601 4920 3687 4975 Te-

2106 5016 2345 5085 kupham
2399 5015 2653 5084 primam,
2705 5013 2819 5067 sive
2872 5012 3086 5067 initium
3136 5013 3265 5066 anni
3320 5013 3376 5066 in
3432 5013 3557 5067 Oet.
3620 5030 3683 5067 vn

2108 5108 2386 5178 conjiciat,
2435 5107 2532 5161 triti
2572 5108 2675 5160 hoc
2706 5114 2878 5159 totum
2928 5105 3207 5176 negotium
3244 5106 3485 5175 reperiet
3514 5122 3687 5160 einen.

2108 5203 2200 5257 tita
2238 5201 2328 5256 illa
2374 5200 2545 5256 Graeci
2581 5200 2708 5254 anni
2741 5208 2796 5253 et
2849 5198 3145 5270 Olympicae
3177 5199 3387 5268 periodi
3452 5200 3686 5253 :nodula-

2108 5296 2274 5359 tione,
2310 5308 2473 5363 quam
2521 5292 2779 5346 omnibus
2808 5290 3031 5354 Graecis,
3085 5290 3335 5359 adeoque
3380 5287 3683 5344 Macedoni-

2108 5388 2239 5451 bus,
2275 5396 2388 5441 tum
2426 5386 2480 5439 in
2528 5384 2652 5438 Asia
2686 5381 3247 5454 Syromacedonibus,
3295 5390 3353 5434 et
3397 5380 3684 5435 Seleucidis

2110 5492 2457 5534 communem
2501 5491 2624 5531 esse
2655 5475 2828 5529 voluit
2848 5466 2871 5528 ”;
2918 5474 3118 5544 quippe
3152 5472 3379 5528 (ἕτερος
3419 5472 3684 5526 existimat

2110 5587 2318 5626 annum
2348 5570 2605 5625 habuisse
2642 5568 2916 5637 duplicem
2947 5585 2959 5619 :
2991 5565 3310 5636 popularem
3360 5581 3559 5628 unum,
3588 5563 3681 5618 sive

2113 5664 2544 5729 tetraeterieum,
2580 5678 2691 5734 quo
2728 5661 2924 5733 vulgus
2963 5659 3239 5725 utebatur,
3272 5658 3438 5728 cujus
3489 5670 3680 5712 menses

2114 5755 2417 5824 tricenarii,
2453 5766 2645 5826 prtcter
2693 5753 2971 5820 ultimum,
3014 5751 3100 5807 cui
3149 5751 3381 5807 biduum
3427 5750 3576 5806 velut
3600 5762 3680 5819 ιβ,
