3832 6220
79 334 171 390 957

1001 335 1089 389 DE
1128 336 1316 391 ANNO
1360 336 1448 392 ΕΤ
1488 337 1598 392 DIE
1639 335 1999 398 DOMINICA‘S
2039 344 2414 405 PASSIONIS.

3209 356 3316 414 958

77 447 303 549 pendicis
332 448 506 503 instar
535 449 782 549 adjungit
820 470 832 506 :
867 453 1011 509 unde
1043 455 1148 549 5βὲ
1176 455 1371 511 diebus
1405 465 1628 549 consta-
1657 462 1705 520 Α
1733 458 1846 516 bris
1877 465 2234 521 constituant.
2285 466 2447 523 Vides
2481 484 2646 538 quam
2681 471 2930 540 perplexe
2967 470 3020 526 in
3070 472 3172 549 hac
3217 473 3315 526 duo

81 542 191 606 bat;
235 539 478 595 lunarem
525 539 782 609 alterum,
818 558 848 597 a
880 558 990 613 quo
1017 545 1164 600 velut
1194 553 1404 601 stamen
1437 561 1467 601 a
1495 547 1628 601 sub-

79 632 277 695 temine,
314 631 386 686 ita
423 633 702 702 popularis
732 647 911 688 annus
939 636 1271 706 implicatur,
1314 653 1378 693 ac
1407 653 1629 707 percur-

80 724 222 776 ritur.
253 720 560 794 Utrumque
607 733 787 781 certos
810 727 864 780 in
892 728 1052 783 orbes
1083 744 1145 783 ac
1175 730 1427 798 periodos
1460 731 1635 784 inclu-

80 815 180 879 dit,
224 816 460 884 primum
517 818 893 874 tetraeterides
960 828 1014 874 et
1065 821 1464 888 octaeterides;
1519 831 1633 876 tum

83 908 324 975 majores,
363 914 549 978 utpote
599 924 716 974 xxx,
763 925 826 964 ac
863 925 1027 966 Lxxvt
1070 927 1378 979 annorum;
1411 913 1505 969 sed
1537 928 1636 982 po-

83 1009 268 1053 strema
297 998 414 1052 haec
451 1001 696 1054 omnium
739 1003 791 1056 in
824 1018 970 1056 anno
997 1003 1246 1073 pepulari
1275 1005 1640 1060 usitatissima

84 1091 207 1154 fuit;
237 1105 401 1158 quam
452 1105 576 1146 cum
604 1093 765 1147 tacite
809 1108 903 1162 per
950 1095 1325 1149 tetraeterides
1376 1110 1506 1152 suas
1539 1095 1641 1149 ob-

83 1189 346 1235 servarent
389 1180 702 1236 Graecorum
748 1184 1154 1254 antiquissimi,
1205 1184 1466 1255 Calippus
1519 1200 1640 1240 eam

85 1269 234 1325 certis
293 1270 495 1326 [inibits
542 1287 925 1344 annorumque
974 1275 1252 1330 curriculo
1291 1275 1526 1340 deiiuiit,
1590 1285 1643 1330 et

86 1361 354 1431 periodum
400 1360 554 1418 illam
597 1365 834 1420 instituit
878 1381 1150 1421 annorum
1203 1384 1391 1434 Lxxvr,
1447 1369 1502 1422 in
1533 1384 1642 1438 qua

88 1451 451 1507 tetraeterides
481 1462 610 1508 sunt
636 1470 750 1517 xix,
789 1455 1018 1526 singulae
1059 1457 1272 1512 dierum
1305 1457 1473 1525 1447;
1505 1473 1645 1529 quo—

93 1560 202 1600 rum
232 1545 494 1600 ordinarii
525 1556 652 1602 sunt
681 1547 841 1615 “40,
865 1551 1192 1618 appendices
1214 1551 1268 1605 7.
1293 1549 1350 1605 ln
1381 1552 1471 1619 iis,
1504 1567 1651 1606 men-

86 1638 153 1692 sis
174 1637 432 1692 duntaxat
461 1626 670 1706 primus
703 1641 912 1696 lunaris
956 1651 1059 1705 est,
1095 1643 1276 1697 caeteri
1321 1659 1448 1698 cum
1485 1643 1641 1699 trice-

87 1732 216 1786 narii
245 1731 356 1786 sint
380 1747 594 1796 omnes,
638 1748 667 1786 a
717 1732 895 1788 lunari
938 1735 1106 1790 modo
1153 1736 1414 1806 paulatim
1465 1738 1652 1793 absce-

87 1826 230 1878 dunt.
271 1822 352 1878 Ex
384 1825 823 1881 tetraeteridibus
847 1841 910 1881 ac
939 1827 1182 1896 periodis
1207 1829 1648 1899 antiquissimam

89 1917 208 1970 facit
245 1902 658 1988 Oly'mpiacam;
687 1917 756 1971 ad
785 1919 944 1987 cujus
975 1919 1282 1989 exemplum
1328 1929 1652 1990 propagatas

93 2006 256 2062 credit
308 2007 572 2076 reliquas.
611 2005 863 2076 Ejusdem
899 1994 1115 2064 initium
1163 2008 1378 2064 tuum
1413 2011 1649 2077 deﬁnit,

88 2116 149 2155 eo
176 2100 320 2170 quod
343 2099 645 2172 Olympiaci
677 2116 880 2172 agones
915 2111 1039 2171 post
1067 2103 1314 2158 aestivum
1355 2103 1651 2158 solstitium

88 2192 380 2262 plenilunio
413 2193 852 2261 celebrabantur.
879 2193 1185 2248 Solstitium
1215 2202 1395 2248 autem
1423 2208 1529 2246 non
1565 2207 1656 2246 ac-

88 2295 353 2350 curatum,
403 2299 582 2355 neque
623 2284 896 2353 tropieum
946 2283 1219 2356 intelligit,
1277 2283 1373 2338 sed
1407 2293 1654 2338 octavam

90 2379 361 2449 signorum
410 2385 640 2447 partem.
686 2375 958 2442 Quocirca
1005 2392 1132 2431 cum
1183 2390 1251 2431 eo
1310 2390 1480 2438 anno,
1543 2390 1654 2445 quo

91 2469 238 2538 primi
286 2483 493 2540 agones
538 2468 607 2522 ab
651 2466 827 2537 lphito
865 2467 1154 2522 instaurati
1209 2475 1358 2531 sunt,
1424 2467 1527 2521 hoc
1573 2474 1659 2520 est

91 2573 193 2627 per.
223 2555 334 2611 Jul.
380 2557 544 2619 5958,
581 2553 867 2625 Tekupha,
916 2555 1033 2610 sive
1075 2555 1303 2610 secundi
1331 2551 1658 2624 quadrantis

98 2650 232 2714 finis,
275 2659 329 2703 et
365 2659 559 2703 octava
605 2662 733 2718 pars
760 2646 959 2702 Cancri
989 2645 1282 2709 πλατυκῶς
1317 2646 1372 2698 in
1405 2659 1500 2699 vni
1529 2643 1656 2699 Julii

90 2742 222 2796 diem
273 2741 606 2802 incurreret,
642 2740 764 2795 ideo
793 2755 846 2819 ix
881 2737 1009 2793 Julii
1049 2739 1260 2808 primus
1292 2738 1492 2794 solaris
1531 2738 1659 2792 anni

93 2834 222 2896 dies,
249 2848 315 2887 ac
356 2831 679 2902 quadrantis
709 2831 928 2885 initium
962 2831 1220 2900 deinceps
1252 2829 1376 2892 fuit,
1411 2829 1464 2884 in
1498 2845 1660 2899 quem

91 2925 246 2980 etiam
290 2924 638 2980 novilunium
685 2923 1039 2979 commodum
1093 2922 1302 2977 incidit.
1343 2921 1422 2976 Ita
1449 2922 1661 2992 primus

94 3013 450 3070 tetraeteridis
490 3013 698 3068 mensis
741 3012 979 3078 lunaris,
1012 3011 1246 3077 exstitit,
1289 3013 1435 3083 quod
1459 3027 1664 3083 perpe-

1733 554 1907 608 ctrina
1928 568 2172 613 versetur
2203 558 2472 631 Scaliger;
2496 570 2663 630 utque
2692 562 2744 616 in
2768 564 2956 617 codem
2983 579 3166 634 Opere,
3195 581 3318 634 quae

1735 645 1896 715 paulo
1927 656 2053 702 ante
2095 649 2416 715 definierat,
2461 651 2755 706 contrariis
2797 652 3034 708 decretis
3079 653 3314 719 refellat;

1737 751 1861 790 nam
1892 739 2051 793 modo
2083 741 2400 795 neomenias
2441 739 2724 811 aequabilis
2763 754 2818 796 et
2876 743 3156 812 popularis
3187 746 3315 798 anni

1740 836 1975 883 veterem
2019 829 2074 883 in
2125 831 2291 886 situm
2335 832 2679 896 concilialas,
2719 831 2821 886 hoc
2847 842 2930 886 est
2961 848 2992 885 a
3018 849 3052 888 ι
3091 831 3220 888 Julii
3250 835 3318 888 ad

1743 931 1822 982 ιι,
1860 925 1915 979 et
1957 916 2027 972 ab
2075 933 2172 971 vm
2223 918 2288 972 ad
2322 935 2394 972 vn
2429 917 2550 974 Oct.
2586 917 2870 974 traductas
2902 919 3129 984 asserit;
3156 920 3321 974 modo

1741 1007 1936 1062 iisdem
1977 1009 2031 1062 in
2068 1009 2264 1064 diebus
2290 1009 2511 1073 retinet,
2548 1025 2613 1064 ac
2639 1025 2826 1065 secum
2860 1010 3201 1064 disconvenit
3233 1025 3320 1063 οτι

1743 1098 1870 1152 dine
1915 1107 2052 1153 toto.
2101 1098 2258 1166 Quod
2295 1100 2515 1170 quidem
2562 1109 2678 1154 toto
2728 1102 2833 1154 hoc
2875 1101 2930 1153 in
2963 1114 3150 1168 opere,
3181 1109 3232 1154 et
3269 1100 3322 1152 iu

1745 1188 1891 1260 Isag.
1938 1206 2123 1244 canon.
2157 1190 2400 1246 solemne
2444 1191 2652 1244 homini
2705 1206 2768 1244 ac
2836 1196 3163 1259 perpetuum
3197 1199 3322 1244 est:

1747 1285 1912 1354 idque
1943 1285 2280 1353 propediem,
2307 1284 2352 1339 si
2388 1283 2654 1338 Dominus
2684 1283 2918 1347 dederit,
2970 1297 3072 1337 suo
3103 1298 3167 1336 ac
3190 1298 3322 1352 pro-

1751 1374 1868 1442 prin
1925 1373 2064 1427 libro
2121 1371 2649 1432 demonstrabimus,
2689 1385 2851 1440 quem
2896 1370 3220 1439 jamdudum
3269 1369 3323 1423 in

1749 1466 2006 1521 manibus
2053 1465 2338 1520 habemus.
2380 1463 2559 1533 Atque
2607 1463 2730 1529 hic,
2771 1463 2847 1518 uti
2894 1477 3076 1533 spero,
3135 1462 3324 1517 lectori

1752 1559 1910 1613 fidem
1941 1555 2125 1622 faciet,
2145 1571 2270 1626 qua:
2291 1555 2356 1611 de
2382 1554 2636 1609 doctrina
2657 1565 2962 1625 temporum
2994 1573 3022 1610 a
3051 1556 3330 1627 Scaligero

1753 1648 2082 1719 excogitata,
2109 1655 2366 1716 tantoque
2389 1645 2624 1710 ambitu,
2653 1661 2717 1699 ac
2749 1660 2945 1715 pompa
2969 1661 3092 1700 cum
3117 1647 3185 1700 ab
3211 1647 3329 1715 ipso

1755 1743 2156 1807 commendata,
2204 1748 2318 1793 tum
2364 1737 2644 1795 fautorum
2686 1747 2739 1794 et
2777 1739 3170 1794 admiraturum
3209 1739 3330 1808 ejus

1754 1834 1947 1903 plausu
1994 1841 2216 1900 excepta
2259 1843 2408 1896 sunt,
2458 1847 2519 1886 ea
2565 1830 2722 1897 falsa,
2788 1831 2990 1900 inepta,
3024 1831 3321 1900 ἀλογίστως

1753 1935 1808 1979 ct
1835 1924 2235 1988 ἀναποδείκτως
2261 1923 2431 1978 effusa
2473 1939 2615 1988 esse,
2645 1940 2820 1994 neque
2852 1924 3150 1995 quidquam
3184 1939 3327 1994 pra:-

1759 2027 1843 2071 ter
1890 2016 2131 2084 speciem
2186 2026 2240 2069 et
2281 2015 2704 2070 ostentationem
2741 2017 2963 2071 habere.
2999 2019 3334 2086 Argumento

1755 2106 1826 2161 sit
1854 2106 2032 2160 Attica
2065 2105 2156 2159 illa
2185 2104 2462 2175 periodus,
2497 2121 2661 2175 quam
2699 2107 2834 2160 aleo
2865 2105 3100 2176 gidriose
3145 2113 3198 2160 et
3239 2104 3331 2158 in.

1757 2194 1997 2251 scienter
2025 2194 2266 2249 venditat
2311 2215 2322 2249 :
2353 2193 2512 2263 cujus
2543 2209 2642 2249 nos
2681 2193 2943 2263 ineptiam
3003 2207 3058 2248 et
3095 2193 3335 2267 παραλο-

1755 2283 1957 2356 γισμόν
1987 2285 2295 2339 deteximus
2324 2285 2379 2338 in
2409 2283 2566 2340 Notis
2595 2285 2662 2338 ad
2690 2283 3078 2339 Themistium.
3107 2284 3337 2354 Reliqua

1757 2372 1910 2442 operi
1961 2372 2036 2425 illi
2081 2386 2451 2440 reservamus,
2471 2371 2526 2426 in
2567 2387 2678 2441 quo
2725 2381 2779 2427 et
2824 2373 2891 2428 de
2927 2371 3161 2428 Judaico
3193 2388 3340 2426 anno

1759 2467 2010 2538 pluribus
2038 2465 2430 2535 disputabitur,
2462 2473 2517 2521 et
2546 2465 2638 2520 illa
2663 2464 2835 2520 Graeci
2865 2466 2994 2520 anni
3035 2465 3211 2521 forma
3270 2483 3336 2522 ac

1758 2554 1968 2625 periodi
2001 2552 2334 2624 Olympiaca:
2359 2552 2660 2622 descriptio
2695 2552 2990 2609 refelletur.
3021 2554 3184 2623 Atqui
3217 2552 3342 2609 ﬁcto

1763 2648 1855 2704 illo
1894 2647 2182 2716 utriusque
2227 2654 2486 2700 contextu
2552 2647 2700 2702 velut
2751 2647 3112 2702 fundamento
3159 2647 3342 2701 omnis

1763 2741 1828 2794 de
1880 2747 2062 2794 vetere
2109 2753 2254 2793 anno
2285 2736 2517 2793 Judaico
2563 2737 2812 2793 doctrina
2865 2739 3158 2793 stabilitur.
3199 2737 3344 2804 Non,

1764 2830 2014 2900 inquam,
2045 2827 2269 2884 aliunde
2306 2825 2589 2900 Scaligero
2613 2838 2856 2901 constat,
2886 2828 3105 2886 Judaaos
3136 2831 3346 2900 aliquot

1765 2932 1892 2978 ante
1921 2921 2202 2976 Christum
2237 2921 2455 2976 saeculis
2495 2921 2759 2992 epocham
2791 2924 2920 2976 anui
2952 2923 3059 2986 sui,
3103 2923 3219 2978 sive
3241 2922 3344 2977 Te-

1765 3015 2006 3085 kupham
2052 3010 2276 3068 Octobr.
2307 3028 2378 3067 vu
2413 3012 2642 3068 delixam
2679 3014 2960 3075 habuisse.
3003 3030 3166 3084 quam
3199 3017 3346 3086 quod

94 3117 177 3160 tuo
205 3115 484 3160 servatum
526 3115 630 3161 est.
687 3102 844 3159 Unde
877 3112 934 3158 et
969 3113 1201 3174 quartus
1233 3104 1458 3170 mensis,
1499 3119 1660 3174 quem
1689 3130 1734 3188 ο
1767 3123 1831 3163 ex
1873 3105 2079 3176 periodi
2107 3104 2309 3159 Graeca:
2349 3104 2630 3174 popularis
2686 3120 2751 3160 ac
2783 3105 3144 3161 Macedonicae
3177 3108 3348 3162 ration

94 3199 229 3268 apud
259 3198 627 3254 Athenienses
666 3196 1101 3268 Pyanepsionem
1134 3195 1307 3252 fuisse
1333 3196 1528 3262 credit,
1560 3209 1668 3251 coe-

95 3290 165 3359 pit
197 3289 456 3345 Octobris
486 3304 585 3353 vn,
620 3298 743 3358 post
774 3287 1145 3343 novilunium.
1196 3285 1376 3356 Atque
1408 3285 1464 3340 in
1521 3284 1668 3340 hunc

95 3381 308 3435 modum
333 3380 530 3450 reliqui
553 3393 792 3444 menses,
821 3388 875 3433 et
894 3378 1022 3432 anni
1041 3376 1356 3432 necessario
1383 3383 1665 3440 contextu,

95 3472 235 3527 velut
277 3480 473 3527 catena
517 3470 755 3541 quadam
800 3469 1126 3540 Chrysippei
1180 3465 1279 3521 fati
1309 3465 1669 3528 devinctise-

103 3572 362 3631 quuntur,
393 3559 542 3632 quod
578 3561 633 3614 in
675 3559 853 3630 primo
885 3557 962 3612 De
994 3556 1200 3612 emend.
1245 3554 1469 3611 uberius
1501 3568 1668 3624 expo-

97 3652 258 3708 nitur.
289 3651 496 3707 Eadem
521 3650 660 3706 serie
683 3649 966 3705 constabat
993 3647 1173 3701 Attica
1202 3653 1257 3700 et
1304 3645 1669 3701 Macedonica

96 3745 373 3816 periodus.
402 3742 539 3798 Nam
577 3742 743 3811 hujus
793 3739 1271 3812 ’Υπερὸερεταῖος,
1306 3738 1452 3793 illius
1510 3736 1672 3791 Ἐκα-

96 3833 369 3905 τομὸαιών
398 3849 429 3888 a
460 3832 699 3888 solstitio
743 3831 936 3886 inibat.
973 3828 1094 3884 Jam
1145 3843 1276 3882 vero
1317 3841 1462 3882 anno
1511 3825 1670 3896 Iphiti

98 3928 219 3996 £65,
266 3926 478 3997 periodi
511 3923 742 3979 Julianaa
784 3921 944 3988 4402,
995 3920 1201 3992 periodi
1251 3919 1547 3991 Olympica:
1606 3933 1672 3972 ac

99 4018 454 4075 Macedonicae
499 4030 666 4079 nono,
702 4012 988 4068 neomenia
1027 4011 1194 4082 primi
1242 4011 1448 4066 mensis
1478 4008 1674 4065 accidit

97 4109 219 4166 Julii
241 4126 296 4165 ι.
316 4108 552 4163 Proinde
580 4115 812 4177 quartus
842 4105 1050 4160 mensis
1073 4104 1239 4174 erepit
1265 4101 1520 4158 Octobris
1549 4118 1669 4156 vni.

97 4202 197 4258 Sed
224 4217 355 4258 cum
387 4199 684 4255 neomenia:
718 4198 938 4252 lunares
961 4197 1015 4251 in
1046 4213 1098 4250 ιχ
1124 4194 1252 4250 Julii
1277 4204 1330 4249 et
1376 4210 1452 4248 vn
1479 4192 1670 4248 Octob.

99 4294 437 4356 incidissent,
468 4307 592 4362 quae
619 4300 704 4348 est
730 4289 1024 4361 Olympicae
1045 4286 1254 4357 periodi
1273 4294 1425 4341 vetus
1442 4285 1672 4356 epocha,

98 4403 156 4442 ex
196 4386 410 4457 Calippi
459 4385 782 4456 praescripto
831 4380 1116 4452 periodum
1173 4386 1545 4442 retexuerunt,
1576 4391 1676 4432 no-

1771 3200 1917 3255 cinio
1965 3207 2198 3269 quartus
2227 3199 2432 3252 mensis
2463 3196 2744 3266 popularis
2774 3197 2826 3251 in
2863 3198 3014 3252 illum
3042 3198 3183 3254 diem
3213 3199 3349 3253 inci-

1770 3291 1926 3346 deret
1969 3305 2036 3344 eo
2069 3303 2238 3355 anno,
2283 3303 2394 3358 quo
2423 3288 2922 3359 Syromacedonica
2967 3290 3227 3360 periodus
3263 3298 3350 3346 est

1769 3382 2037 3436 instituta.
2074 3379 2178 3435 Sed
2211 3394 2335 3434 cum
2384 3379 2554 3433 multa
2587 3379 2698 3433 sint
2730 3379 2783 3432 in
2814 3387 2922 3433 tota
2962 3381 3064 3436 hac
3091 3377 3347 3452 Scaligeri

1771 3475 2032 3545 Opinione
2065 3470 2422 3536 confutanda,
2449 3488 2623 3542 eaque
2645 3487 2732 3527 res
2761 3473 3063 3544 longiorem
3119 3489 3184 3528 ac
3213 3490 3352 3542 prae-

1771 3567 1988 3637 cipuam
2039 3564 2468 3634 disputationem
2519 3564 2723 3631 exigat,
2777 3572 2850 3627 et,
2902 3571 2964 3617 ut
3012 3564 3146 3628 dixi,
3199 3564 3351 3620 brevi

1772 3664 2134 3713 consecutura
2170 3655 2240 3710 sit
2267 3672 2280 3720 ;
2314 3670 2437 3720 nos,
2470 3655 2616 3724 quod
2647 3655 2701 3708 in
2725 3654 2864 3708 libro
2890 3654 2982 3708 illo
3010 3655 3353 3710 demonstra-

1773 3749 1943 3813 bitur,
1975 3747 2172 3803 falsam
2200 3761 2324 3801 esse
2354 3747 2481 3800 anni
2511 3745 2658 3801 illius
2691 3744 2864 3800 Graeci
2912 3760 2978 3800 ac
3019 3743 3354 3800 Macedonici

1773 3845 2106 3894 structuram
2135 3834 2537 3906 pertendimus.
2567 3833 2840 3905 Negamus
2865 3843 3141 3900 constare,
3172 3847 3354 3888 utrum

1775 3946 1921 3986 anno
1955 3931 2050 3986 illo
2102 3944 2218 4000 per.
2255 3927 2376 3983 Jul.
2424 3927 2600 3994 4402,
2645 3927 2922 3997 popularis
2973 3935 3023 3981 et
3073 3925 3354 3998 aequabilis

1775 4017 2275 4091 Syromacedonum
2303 4015 2510 4071 mensis
2551 4016 2602 4069 in
2640 4031 2740 4082 vn,
2775 4023 2870 4069 aut
2893 4031 2990 4069 vni
3025 4012 3146 4070 Oct.
3178 4015 3353 4069 incur-

1777 4112 1932 4166 rerit.
1983 4108 2259 4180 Negamus
2303 4116 2566 4178 praeterea
2617 4105 2837 4161 Judaeos
2879 4104 3154 4159 cardinem
3203 4104 3354 4156 illum

1777 4199 1906 4256 anui
1942 4197 2141 4254 solaris
2187 4195 2504 4268 agnovisse,
2537 4203 2630 4251 aut
2662 4193 2716 4247 in
2747 4207 2814 4247 eo
2843 4191 3144 4247 collocasse
3179 4189 3355 4245 'l‘eku-

1776 4291 1961 4362 pham.
1995 4288 2264 4358 Negamus
2286 4302 2490 4342 annum
2522 4285 2664 4356 apud
2690 4283 2911 4340 Graecos
2966 4292 3062 4338 aut
3100 4281 3353 4353 Syroma~

1781 4379 2021 4434 cedonas
2068 4376 2388 4448 popularem
2440 4371 2710 4443 ejusmodi
2765 4369 2970 4436 fuisse,
3023 4370 3238 4439 qualem
3292 4384 3357 4424 ex

100 4492 325 4549 vamque
356 4476 724 4532 condiderunt
756 4472 826 4527 ab
848 4487 992 4526 anno
1012 4471 1107 4525 illo
1127 4469 1334 4540 periodi
1357 4467 1465 4523 Jul.
1493 4467 1663 4533 4402,
1707 4482 1753 4540 ι)
1782 4469 1996 4526 omcina
2049 4483 2150 4524 sua
2192 4465 2447 4538 procudit
2495 4463 2759 4536 Scaliger.
2797 4461 2947 4516 Intro
2993 4463 3190 4532 magis,
3222 4468 3276 4516 et
3305 4461 3358 4515 in

102 4570 254 4639 cujus
297 4568 568 4639 epocham
603 4581 678 4621 vn
717 4563 970 4620 Octobris
1019 4563 1106 4618 die
1137 4562 1464 4617 dellxerunt.
1497 4559 1679 4626 Quare

99 4661 419 4717 Macedones
449 4656 844 4730 Hyperberetai
889 4661 999 4709 tam
1034 4652 1349 4725 popularis,
1388 4666 1553 4722 quam
1590 4651 1678 4705 lu-

101 4754 242 4808 naris
292 4751 643 4808 neomeniam
687 4765 763 4804 vn
816 4747 1070 4803 Octobris
1145 4745 1494 4802 inchoarunt.
1552 4743 1680 4799 Ideo

104 4847 291 4901 solaris
334 4845 466 4899 mini
515 4841 980 4914 Syromacedonici
1025 4839 1149 4910 ﬁnis
1193 4840 1250 4892 in
1303 4837 1553 4893 Octobris
1627 4853 1680 4893 vr

97 4940 312 5003 incidit;
358 4953 642 5006 eorumque
687 4951 858 4989 annus
911 4934 1187 5005 popularis
1245 4946 1514 5000 nunquam
1589 4930 1681 4985 Iros

98 5031 220 5099 ﬁnes
267 5027 643 5083 antevertebat.
675 5024 803 5080 Haac
839 5024 1080 5096 Scaliger
1115 5023 1234 5094 (lib.
1259 5039 1299 5078 ll
1336 5021 1414 5076 De
1446 5019 1680 5081 emend.,

100 5138 147 5191 p.
181 5121 270 5193 91)
317 5139 332 5176 :
362 5119 458 5191 qui
501 5119 789 5188 antiquum
836 5115 969 5171 illud
999 5130 1161 5172 suum
1192 5115 1445 5170 obtinens
1493 5113 1588 5167 lib.
1619 5127 1672 5182 v,

102 5217 200 5270 hoc
235 5216 417 5284 ipsum
455 5210 649 5267 evertit
683 5210 761 5281 (p.
804 5207 957 5280 559).
1000 5206 1202 5262 Scribit
1232 5205 1378 5260 enim
1425 5204 1680 5258 ultimum

107 5305 301 5359 solaris
333 5302 464 5357 anni
496 5298 976 5372 Syromacedonici
1019 5297 1162 5351 diem
1197 5294 1368 5351 fuisse
1409 5293 1668 5349 Octobris

100 5409 195 5456 vn,
226 5408 292 5448 eo
319 5381 467 5462 quod
498 5388 948 5462 Hyperberetaeus
977 5383 1360 5444 Macmlonicus
1388 5383 1442 5438 in
1467 5400 1500 5437 ι
1535 5381 1666 5437 Julii

103 5486 406 5542 incidisset.
459 5483 648 5553 Itaque
710 5482 951 5552 primum
1021 5479 1366 5534 novilunium
1426 5477 1680 5532 Octobris

105 5594 197 5634 vni
227 5575 508 5647 congruit.
541 5574 647 5629 Sed
670 5574 921 5644 imperite
951 5570 1396 5637 facere_Jud.'eos,
1417 5569 1510 5638 qui
1537 5582 1684 5622 anno

49 5720 61 5742 ν
106 5666 194 5721 illo
241 5684 274 5723 a
309 5665 700 5722 Macedonibus
742 5673 968 5734 accepto
1008 5663 1248 5734 primum
1301 5661 1680 5725 novilunium,

102 5773 260 5833 atque
303 5757 436 5822 anni
469 5757 555 5814 sui
584 5755 867 5830 aequabilis
897 5755 1111 5811 initium
1140 5755 1263 5824 ipso
1288 5753 1372 5808 die
1401 5769 1496 5808 vin
1529 5750 1691 5810 Octo-

1783 4578 1963 4619 arcem
1999 4563 2173 4632 ipsam
2205 4556 2530 4631 quaestionis
2561 4556 2764 4611 involo.
2795 4552 2946 4626 Nego
2973 4562 3183 4609 certum
3215 4568 3361 4618 esse,

1783 4666 1914 4706 num
1942 4648 2110 4706 Judaei
2140 4647 2417 4719 Calippica
2465 4646 2560 4701 illa
2589 4643 2794 4709 lunari,
2829 4643 2917 4698 vel
2960 4641 3361 4714 Syromacedo-

1783 4743 1910 4797 nica
1940 4741 2115 4795 forma
2145 4754 2386 4808 unquam
2419 4736 2503 4792 usi
2531 4735 2760 4790 fuerint.
2793 4732 2915 4801 Quo
2944 4732 3269 4787 labefactato
3299 4747 3363 4786 ac

1783 4835 2075 4904 convulso,
2119 4842 2334 4896 caetera,
2373 4848 2495 4903 quae
2542 4831 2671 4886 huic
2715 4830 3055 4891 innituntur,
3107 4833 3362 4880 corruant

1783 4938 2008 4979 necesse
2037 4933 2140 4977 est.
2171 4920 2384 4975 Etenim
2421 4919 2692 4973 undenam
2725 4915 3006 4983 Scaligero
3028 4920 3362 4980 compertum

1782 5021 1869 5069 est
1899 5011 2120 5067 Judaaos
2168 5011 2419 5064 lunarem
2469 5008 2680 5079 Calippi
2727 5004 3010 5076 periodum
3041 5003 3108 5086 ‘iu
3150 5001 3364 5056 civilem

1783 5120 1947 5161 usum
1986 5102 2287 5159 ascivisse?
2333 5100 2562 5170 Opinor,
2583 5115 2753 5153 unum
2794 5095 2928 5153 illud
2983 5102 3365 5166 argumentum

1783 5208 1887 5265 est,
1915 5197 2061 5269 quod
2091 5196 2252 5251 annis
2276 5194 2590 5251 Graecorum
2617 5202 2726 5248 tam
2747 5191 3183 5247 Machabaeorum
3216 5186 3366 5249 libri,

1786 5307 1947 5362 quam
1968 5290 2236 5362 Josephus
2252 5303 2315 5346 ae
2332 5284 2524 5355 reliqui
2551 5285 2904 5343 Judaicarum
2927 5298 3110 5339 rerum
3137 5281 3373 5351 scripto-

1785 5398 1875 5439 res
1914 5383 2000 5436 usi
2049 5381 2160 5436 sint
2219 5377 2292 5437 At
2341 5378 2466 5447 quis
2513 5394 2581 5433 ex
2629 5393 2697 5433 eo
2739 5375 3056 5432 necessario
3126 5371 3367 5442 colligat,

1787 5473 1916 5530 anni
1942 5472 2364 5542 dispositionem
2395 5472 2568 5541 ipsam
2603 5469 2824 5525 Iudaeos
2855 5465 3189 5538 usurpasse?
3215 5461 3367 5520 Licet

1785 5567 1932 5622 enim
1963 5580 2153 5629 teram,
2193 5565 2308 5620 sive
2334 5564 2599 5635 epocham
2631 5563 2828 5634 ipsam,
2859 5576 2924 5615 ac
2952 5558 3192 5619 titulum,
3227 5556 3369 5612 unde

1787 5660 1962 5716 Graeci
2005 5674 2272 5713 annorum
2305 5672 2530 5711 suorum
2562 5655 2858 5726 primordia
2893 5651 3224 5723 repetebant,
3252 5647 3359 5703 ad-

1791 5751 2068 5810 hibuerim
2103 5748 2306 5821 Judaei,
2352 5766 2475 5805 cum
2523 5748 2835 5807 Graecorum
2887 5761 2973 5802 res
3018 5752 3234 5816 gestas,
3280 5741 3368 5796 vd
