3832 6220
465 309 568 366 959

1547 298 1885 355 APPENDIX
1927 297 2529 354 DISSERTATIONUM
2910 303 2921 312 '
3628 305 3722 358 {lita

463 438 691 480 suorum
723 436 847 475 cum
886 419 1089 474 Graecis
1126 418 1432 488 implicatas
1469 417 1894 487 perscriberent,
1944 418 2022 469 ni-
2063 425 2106 476 Α
2136 413 2357 469 ,ιιιιιιιιοε
2390 416 2615 484 periodo
2647 417 2882 485 quadam
2929 433 3197 473 annorum
3234 436 3346 484 xiv,
3373 420 3491 474 sive
3523 422 3718 473 μ’μ’

463 517 574 570 hilo
627 522 806 569 tamen
847 513 1050 567 certius
1084 512 1264 581 colligi
1313 519 1510 580 potest,
1566 511 1782 564 illorum
1827 526 2027 564 annum

460 610 639 676 ipsum
671 606 942 674 recepisse
974 604 1121 658 domi
1166 603 1407 667 Judazos,
1439 618 1603 672 quam
1648 603 1751 658 hoc
1790 613 2031 673 tempore

463 699 605 769 apud
639 697 804 752 Italos
858 706 953 752 aut
978 698 1162 752 Gallos
1197 698 1418 750 lunares
1445 696 1684 750 Arabum
1719 713 1894 750 annos
1935 696 2032 751 ob—

465 789 694 855 servari,
736 790 877 858 quod
924 789 1142 842 illorum
1189 787 1422 856 scriptor
1451 787 1802 856 aliquis,rum
1831 784 2031 840 Turca-

467 896 586 933 rum
617 880 876 934 historias
916 878 1198 941 scriberet,
1242 893 1335 945 per
1381 875 1590 953 Hegirae
1623 892 1797 930 armos
1835 891 2027 930 nume-

464 989 587 1027 rare
613 982 822 1040 tempus
853 969 1169 1024 instituerit.
1214 966 1357 1022 Fieri
1390 969 1572 1036 itaque
1605 976 1800 1035 potest,
1827 976 1885 1020 ut
1914 966 2029 1021 Ma-

463 1063 809 1118 chabaaorum
842 1069 1031 1114 auctor
1056 1059 1258 1114 Graacis
1289 1061 1341 1113 in
1373 1060 1536 1113 rebus
1554 1058 1796 1113 Graecam
1823 1067 2032 1128 tempo-

464 1170 584 1208 rum
619 1154 882 1208 rationem
918 1150 1283 1220 usurpaverit,
1330 1167 1360 1204 a
1403 1151 1574 1219 patria
1625 1150 2031 1220 domesticaque

463 1247 764 1312 diversam;
803 1252 895 1297 aut
925 1255 1091 1307 certe,
1126 1251 1185 1297 ut
1227 1242 1568 1312 popularium
1616 1257 1886 1296 annorum
1934 1259 2030 1297 nu-

463 1352 673 1392 merum
699 1351 728 1390 a
765 1335 1080 1390 Graecorum
1109 1350 1215 1388 mra
1255 1333 1561 1399 deduxerit,
1596 1335 1904 1403 solumque,
1951 1334 2028 1388 uti

464 1426 668 1479 dictum
712 1433 817 1488 est,
853 1423 1071 1477 titulum
1119 1421 1433 1477 Graecorum
1473 1421 1541 1475 ad
1569 1438 1699 1476 suos
1733 1439 1907 1478 annos
1940 1438 2030 1477 ac-

463 1514 911 1570 conunodaverit.
960 1513 1093 1579 Quis
1136 1521 1196 1567 ut
1239 1513 1384 1567 aliud
1414 1513 1661 1567 dicamus
1708 1528 1899 1582 cogere
1929 1528 2031 1567 nos

465 1601 750 1672 scriptoris
807 1601 970 1655 ullius
1021 1600 1344 1654 auctoritate
1382 1594 1591 1668 potest?
1638 1599 1884 1668 Magnam
1928 1600 2029 1652 ho-

466 1695 630 1749 rniuis
659 1694 1042 1748 conlidentiam
1103 1695 1187 1747 vel
1224 1694 1568 1747 oscitantiam
1596 1702 1808 1762 oportet
1837 1692 2027 1759 fuisse,

464 1789 556 1857 qui
592 1786 883 1842 levissimis
919 1786 1253 1855 argumentis
1299 1786 1571 1846 inductus,
1601 1784 1869 1839 allirmare
1921 1795 2027 1838 tam

465 1876 717 1931 obscuris
745 1877 812 1930 de
837 1877 999 1930 rebus
1031 1876 1148 1930 sine
1179 1875 1522 1929 haesitatione
1552 1875 1656 1928 ulla
1692 1873 1943 1943 potuerit.

468 2022 585 2087 Quo
618 2023 825 2076 demum
850 2040 986 2076 αηηο
1009 2022 1091 2076 usi
1127 2023 1232 2075 sint
1264 2021 1444 2076 Judwi
1471 2064 1485 2087 ,
1521 2023 1608 2075 ubi
1636 2031 1684 2075 et
1719 2023 2032 2076 obscurissi-

606 2110 722 2146 mus
751 2109 815 2146 ea:
846 2092 1142 2162 Epiphanio
1172 2093 1384 2146 illorum
1405 2094 1579 2161 cyclus
1601 2093 1899 2162 exponitur.

537 2229 751 2283 Atenim
781 2227 957 2281 lunari
992 2243 1136 2282 anno
1176 2225 1391 2282 Judaeos
1429 2243 1559 2282 usos
1595 2241 1716 2282 esse
1756 2243 2036 2297 propemo-

353 2334 372 2347 '
466 2319 600 2374 dum
658 2320 916 2375 mortales
958 2333 1149 2373 omnes
1201 2320 1538 2375 existimant.
1584 2317 1824 2389 Ecquam
1875 2321 2036 2389 igitur

465 2407 699 2465 formam
730 2409 911 2480 potius
942 2423 1103 2478 quam
1140 2409 1474 2477 Calippicam
1504 2408 1736 2476 amplexi
1770 2410 1941 2463 sunt?
1977 2409 2032 2463 Si

466 2499 885 2571 ilipparcheam,
921 2510 994 2565 et,
1032 2515 1195 2569 quam
1221 2500 1690 2554 accuratissimarn
1721 2511 1874 2571 putat
1903 2500 2035 2556 Sca-

467 2593 618 2664 ἔξεον,
634 2593 986 2648 recentiorem
1016 2592 1298 2648 Judaicam
1329 2593 1516 2646 dixero
1536 2633 1550 2656 ,
1581 2591 1758 2646 dicam
1804 2594 1947 2662 quod
1981 2595 2032 2647 in

469 2681 613 2752 Isag.
648 2699 765 2737 can.
798 2684 938 2738 idem
980 2683 1069 2738 ille
1107 2684 1324 2738 disertis
1357 2683 1540 2737 verbis
1593 2693 1870 2738 asseverat
1898 2684 2032 2755 (lib.

466 2785 525 2824 ιι
572 2769 727 2842 lsag.
757 2788 901 2835 eam,
926 2771 1144 2842 p.215).
1174 2769 1230 2825 lu
1252 2788 1361 2841 quo
1387 2787 1580 2841 magno
1599 2787 1656 2826 se
1677 2772 1908 2826 ludibrio
1927 2781 2038 2825 tra-

468 2865 638 2929 ducit,
670 2865 799 2919 dum
848 2880 944 2921 sua
980 2865 1164 2920 omnia
1215 2865 1428 2920 decreta
1492 2874 1544 2920 et
1565 2866 1782 2920 oracula
1823 2866 2038 2920 convel-

468 2957 550 3020 lit,
587 2965 640 3009 et
681 2972 803 3026 qua:
857 2966 1005 3012 tanto
1048 2973 1171 3012 cum
1205 2968 1399 3012 conatu
1449 2959 1517 3014 de
1543 2957 1743 3014 Christi
1772 2958 2038 3015 Passioue

469 3047 668 3116 sepius
715 3058 1059 3112 astrnxerat,
1111 3063 1247 3102 nova
1295 3050 1384 3102 illa
1439 3051 1710 3104 sententia
1737 3051 2036 3117 convellit;

470 3142 564 3196 sed
602 3151 848 3196 neutram
880 3142 1157 3211 periodum
1181 3142 1322 3209 apud
1348 3137 1565 3197 Judatos
1589 3160 1688 3198 usu
1714 3159 1778 3198 ac
1801 3159 2036 3199 consue-

469 3233 658 3288 tudine
690 3243 978 3316 receptam.
1015 3235 1171 3291 facile
1218 3239 1448 3292 dixerim
1478 3255 1491 3292 :
1532 3239 1777 3290 lunarem
1811 3236 2030 3291 arrident

470 3335 678 3379 motum
735 3335 1010 3398 utcunque
1057 3328 1178 3384 illos
1225 3331 1440 3399 assequi
1488 3330 1724 3385 voluisse
1757 3333 2026 3398 suspicor.

478 3414 612 3469 Nam
641 3417 693 3471 id
723 3419 912 3474 suadet
939 3417 1246 3489 Josephus;
1289 3422 1379 3490 qui
1413 3421 1505 3475 lib.
1535 3437 1592 3474 Ill
1624 3421 1930 3491 0rig.,cap.
1953 3421 2036 3485 10,

470 3510 538 3562 de
560 3507 827 3565 Paschate
857 3511 1103 3578 loquens.
1163 3511 1252 3582 Τῷ
1275 3511 1331 3566 δὲ
1364 3514 1512 3584 μηνὶ,
1543 3512 1753 3583 inquit,
1786 3513 1864 3583 τῷ
1897 3512 2038 3564 Ξαν-

471 3599 626 3669 Θικῷ,
651 3600 708 3664 ὃς
733 3601 938 3655 Νισσὰν
965 3604 1090 3673 παρ’
1118 3604 1246 3673 ἡμῖν
1281 3603 1525 3656 καλεῖται
1553 3643 1567 3666 ,
1619 3605 1711 3656 καὶ
1742 3602 1834 3656 τοῦ
1882 3602 2036 3666 ἔτους

470 3691 616 3743 ἐστὶν
663 3690 826 3764 ἀρχὴ,
881 3693 1440 3764 τεσσαρεσκαιδεκάτῃ
1487 3695 1627 3748 κατὰ
1689 3694 1948 3764 σελήνην,
1982 3695 2038 3745 ἐν

471 3780 612 3850 κριῷ
657 3779 750 3833 τοῦ
782 3782 932 3852 ἡλίου
977 3781 1335 3847 καθεστῶτος.
1382 3783 1600 3838 Necnon
1653 3795 1703 3837 ct
1735 3784 1911 3850 Philo,
1943 3785 2036 3854 qui

473 3869 567 3924 lib.
613 3871 684 3925 De
713 3874 820 3925 vita
859 3873 1020 3928 Mosis
1063 3875 1177 3930 haec
1208 3875 1401 3929 scribit
1431 3891 1444 3926 :
1476 3875 1564 3946 Τῷ
1585 3876 1648 3947 δὴ
1684 3878 1812 3947 μηνὶ
1841 3877 2034 3948 τούτῳ,

472 3963 1199 4037 περὶ-τεσσαρεσκαιδεκάτην
1224 3968 1435 4038 ἡμέραν
1462 3967 1743 4037 μέλλοντος
1766 3967 1857 4021 τοῦ
1883 3969 2040 4041 σελητ

470 4053 655 4107 νιακοῦ
681 4056 877 4110 κύκλου
902 4057 1145 4125 γίνεσθαι
1171 4058 1508 4130 πλησιφαοῦς
1529 4099 1543 4123 ,
1574 4062 1766 4130 ἄγεται
1812 4061 1880 4114 τὰ
1908 4064 2038 4115 Δια-

471 4144 1067 4220 6ατήρια,δημοφανὴς
1119 4151 1304 4221 ἑορτή.
1361 4151 1628 4206 Nimirum
1683 4152 1738 4205 id
1775 4153 2036 4206 inanimo

472 4237 580 4292 illis
607 4247 742 4303 erat,
786 4250 842 4293 ut
868 4240 934 4292 ad
969 4241 1108 4294 lunae
1161 4249 1339 4295 motus
1407 4241 1630 4310 propius
1680 4240 2032 4305 accederent;

471 4331 573 4384 etsi
610 4341 826 4400 propter
858 4332 993 4402 cycli
1052 4332 1225 4387 labem
1269 4347 1335 4386 ac
1363 4334 1553 4386 vitium
1584 4333 1852 4387 interdum
1881 4334 2038 4387 aber-

2132 518 2336 576 ponus.

2207 596 2310 662 Qui
2350 596 2570 666 quidem
2638 596 2930 668 Epiphanii
2990 601 3146 654 locus
3197 603 3502 669 plurimum
3572 601 3726 654 delun

2130 687 2499 742 eruditissimo
2528 686 2758 756 Keplero
2781 730 2795 752 ,
2837 690 2931 758 qui
2979 690 3033 742 iit
3065 688 3279 761 Eclogis
3329 689 3726 758 rlnonotagm's

2131 779 2565 833 luculentissima
2600 779 2974 848 disputatione
3029 781 3078 834 id
3131 783 3407 850 praestitit,
3444 792 3512 835 ut
3543 799 3614 834 ex
3649 782 3730 834 bis

2131 873 2362 928 salebris
2393 888 2689 942 emergere,
2719 889 2784 926 ac
2806 874 2980 926 lucem
3005 873 3241 942 aliquam
3271 875 3359 926 his
3388 873 3444 926 in
3483 875 3727 926 tenebris

2131 964 2334 1018 intueri
2369 979 2682 1033 possemus.
2726 964 2912 1029 Neque
2944 966 3086 1018 enim
3114 975 3196 1019 est
3226 966 3372 1020 ullus
3401 967 3562 1034 apud
3601 963 3725 1031 Epi-

2130 1059 2390 1130 phanium
2421 1059 2705 1114 obscurior
2727 1074 2792 1113 ac
2821 1056 3086 1112 dillicilior
3117 1056 3383 1112 locus.Ac
3406 1072 3526 1119 me,
3552 1057 3729 1125 prius—

2130 1165 2293 1220 quam
2322 1149 2543 1218 Kepleri
2591 1147 3000 1203 Commentaria
3053 1155 3247 1200 nactus
3292 1161 3512 1206 essem,
3563 1146 3725 1196 vehe-

2131 1252 2341 1295 menter
2371 1249 2636 1305 torserat;
2661 1248 2714 1293 et
2735 1237 2981 1292 nonnihil
3007 1246 3181 1290 tamen
3211 1252 3359 1291 eram
3384 1247 3725 1296 assecutus;

2131 1331 2275 1402 quod
2308 1308 2470 1386 illius.
2503 1346 2604 1401 ope
2661 1331 3003 1400 postmodum
3037 1327 3325 1394 expoliisse
3366 1342 3456 1380 me
3513 1325 3728 1382 fateor.

2131 1439 2196 1478 ac
2230 1423 2477 1491 quaedam
2514 1422 2674 1475 etiam
2707 1421 2870 1490 paulo
2897 1435 2961 1473 ac
2990 1421 3077 1473 ille
3106 1419 3231 1472 fecit
3257 1419 3418 1489 aliter
3443 1417 3730 1484 explicas-

2133 1530 2210 1570 se.
2240 1513 2390 1567 Licet
2422 1521 2602 1566 autem
2639 1528 2705 1565 ne
2727 1511 2844 1580 ipse
2873 1511 3088 1580 quidem
3122 1509 3223 1563 sibi
3258 1506 3540 1576 Keplerus
3568 1506 3728 1558 satis-

2133 1602 2318 1664 faciat,
2354 1616 2530 1670 neque
2561 1615 2660 1670 ego
2693 1599 2951 1654 extricari
2975 1613 3133 1668 posse
3175 1598 3446 1652 conﬁdam
3479 1597 3681 1649 omnia
3710 1612 3726 1656 ;

2089 1679 2101 1762 ζ
2132 1691 2280 1762 quod
2308 1707 2470 1746 neruo
2499 1700 2688 1760 praeter
2716 1688 3080 1759 Epiphaniam
3134 1688 3270 1758 cycli
3304 1688 3474 1741 istius
3525 1688 3728 1738 memi-

2134 1784 2299 1849 nerit,
2324 1792 2377 1838 et
2407 1782 2570 1837 verba
2596 1783 2712 1851 ipsa
2743 1782 3005 1835 mendosa
3035 1783 3165 1842 sint,
3190 1795 3498 1848 proponam
3519 1789 3727 1835 tamen,

2131 1874 2310 1944 quoad
2373 1872 2696 1928 brevissime
2753 1871 3180 1941 planissimeque
3225 1881 3436 1939 potero,
3478 1884 3615 1938 qua:
3641 1880 3726 1919 aut

2132 1982 2258 2020 vera
2290 1980 2411 2020 esse
2435 1963 2642 2034 judico,
2679 1971 2774 2016 aut
2815 1950 2962 2016 certe
2997 1963 3137 2018 viris
3162 1962 3439 2032 propiora.

2201 2056 2280 2112 Ac
2305 2056 2543 2126 primum
2571 2054 2998 2110 obscurissimas
3026 2050 3116 2107 ille
3171 2051 3494 2107 Judaaorum
3536 2053 3729 2118 cyelns

2131 2147 2486 2219 exponendus
2506 2147 2720 2200 videtur
2751 2165 2763 2199 :
2794 2161 2902 2215 quo
2925 2149 3146 2214 cognito
3171 2161 3291 2214 qua:
3316 2146 3394 2199 sit
3425 2143 3728 2212 Epiphauii

2133 2240 2198 2294 de
2228 2237 2489 2292 Passione
2517 2235 2724 2290 Christi
2750 2235 3020 2290 sententia
3048 2233 3265 2288 facilius
3291 2247 3692 2301 assequemur.

2202 2327 2592 2398 Judaicicycli,
2638 2341 2747 2395 quo
2777 2325 2982 2380 Christi
3032 2323 3249 2381 Domini
3302 2335 3566 2394 tempore
3603 2338 3728 2376 usos

2135 2436 2253 2476 esse
2279 2429 2432 2488 putat
2466 2417 2824 2488 Epiphanius,
2853 2417 3158 2486 explicandi
3227 2405 3354 2471 linis
3409 2431 3476 2470 ac
3522 2431 3727 2482 scapus

2134 2520 2246 2573 est;
2279 2519 2338 2564 ut
2365 2518 2620 2580 appareat
2648 2507 2867 2563 Iudaeos
2891 2523 3038 2562 anno
3061 2508 3179 2577 ipso
3208 2506 3500 2562 Passionis
3535 2507 3729 2568 biduo,

2135 2602 2216 2655 vel
2248 2602 2410 2655 etiam
2439 2584 2622 2665 triduo
2655 2616 2684 2652 a
2713 2600 2857 2653 lunre
2895 2599 3198 2654 ratiociniis
3250 2599 3579 2654 aberrasse.
3625 2600 3727 2667 Cy-

2137 2694 2281 2748 clum
2316 2707 2479 2762 porro
2511 2693 2584 2747 ita
2613 2691 2726 2747 fere
2757 2691 3040 2746 describit.
3069 2690 3290 2746 Judteos
3317 2694 3528 2745 asserit
3567 2691 3728 2744 luna-

2139 2801 2250 2839 rem
2283 2799 2484 2838 anmun
2515 2783 2871 2839 constituisse
2915 2785 3127 2838 dierum
3175 2783 3314 2847 354,
3362 2783 3639 2836 horarum
3666 2783 3726 2844 8;

2137 2892 2258 2946 qua:
2283 2875 2504 2946 quidem
2563 2877 2710 2930 hora:
2760 2877 2935 2929 tribus
2997 2876 3156 2930 annis
3206 2875 3349 2928 diem
3391 2876 3726 2929 conﬁciunt.

2137 2967 2218 3021 Ad
2260 2968 2374 3021 haec
2413 2967 2466 3020 in
2527 2968 2688 3022 annis
2740 2984 2828 3020 xw
2860 2968 3100 3036 quinque
3133 2984 3350 3021 menses
3381 2969 3726 3026 intercalari,

2066 3085 2110 3146 ρ
2142 3061 2396 3130 quoniam
2424 3075 2454 3114 e
2480 3060 2614 3114 solis
2643 3075 2831 3125 cursu,
2867 3061 2959 3130 qui
2987 3069 3073 3114 est
3097 3061 3308 3115 dierum
3335 3060 3472 3120 565,
3512 3062 3646 3113 hor.
3677 3060 3726 3120 6,

2145 3153 2335 3206 horam
2363 3167 2524 3206 unam
2561 3161 2895 3223 expungunt.
2954 3149 3092 3205 Nam
3147 3153 3195 3206 si
3231 3153 3396 3207 horas
3428 3152 3726 3221 adjeceris.

2144 3244 2428 3298 restabant
2457 3243 2562 3297 565
2592 3244 2708 3299 dies
2742 3242 2894 3315 παρὰ
2945 3244 3095 3314 ὥραν
3125 3244 3277 3314 μίαν.
3316 3241 3470 3297 Unde
3511 3243 3598 3296 illi
3649 3259 3723 3296 se-

2145 3331 2258 3386 xies
2308 3331 2679 3402 multiplicatis
2725 3333 3135 3400 quatuordecim
3211 3333 3414 3394 annis,
3473 3349 3722 3386 mensem

2143 3437 2312 3477 unum
2363 3423 2732 3492 octuagesimo
2779 3430 2975 3491 quarto
3023 3422 3559 3484 iutercalantanno;
3594 3423 3721 3476 adeo

2143 3522 2203 3566 ut
2239 3512 2293 3566 in
2324 3522 2496 3566 totum
2525 3529 2652 3566 xxx:
2689 3527 2905 3566 menses
2937 3513 2988 3565 in
3017 3528 3192 3566 annos
3216 3528 3398 3566 Lxuv
3441 3512 3720 3582 impuleri-

2144 3615 2255 3670 tur,
2307 3620 2428 3658 cum
2466 3615 2610 3658 recta
2642 3605 2796 3663 ,ratio
2826 3619 2957 3657 χχχι
2998 3618 3237 3669 menses,
3281 3615 3338 3657 et
3398 3603 3517 3657 dies
3573 3621 3720 3665 xm,

2144 3712 2268 3750 cum
2307 3697 2457 3752 horis
2499 3697 2532 3750 ’5
2567 3698 2828 3766 requirat.
2876 3695 3001 3752 Haec
3053 3696 3425 3766 Epiphanius:
3450 3713 3481 3750 e
3514 3699 3718 3766 quibus

2145 3789 2421 3841 nonnullis
2455 3788 2778 3848 emendatis.
2813 3805 2936 3857 qua:
2985 3789 3303 3864 singillatim
3345 3787 3717 3850 excutientur,

2145 3878 2286 3931 hanc
2315 3878 2451 3948 cycli
2484 3877 2714 3931 formam
2747 3876 3011 3945 Keplerus
3043 3877 3206 3930 eruit.

2219 3969 2416 4037 Duplex
2442 3968 2581 4037 apud
2609 3967 2824 4022 Judteos
2857 3967 3062 4021 lunaris
3091 3968 3220 4022 olim
3248 3967 3436 4038 cyclus
3474 3970 3714 4021 exstitit:

2145 4063 2278 4113 alter
2309 4075 2396 4112 xw
2428 4073 2692 4111 annorum
2716 4099 2730 4124 ,
2790 4059 3006 4121 minor;
3048 4058 3184 4111 alter
3218 4073 3419 4110 Lxxxw
3448 4077 3461 4111 :
3492 4068 3712 4127 uterqur

2145 4151 2518 4220 septenarius;
2553 4150 2710 4217 cujus
2759 4149 2969 4202 numeri
3007 4159 3228 4217 propter
3261 4147 3595 4203 Sabbalicos
3621 4166 3710 4204 an-

2144 4257 2244 4296 nos
2269 4241 2532 4296 rationem
2561 4241 2810 4294 videntur
2856 4239 3133 4294 habuisse.
3179 4238 3710 4294 Tessaradecaeteris

2143 4350 2208 4388 ex
2251 4335 2463 4386 illorum
2503 4333 2752 4386 instituto
2809 4333 3056 4403 syzygias
3110 4331 3273 4385 habet
3322 4333 3586 4403 integras,
3624 4335 3710 4384 sed

472 4434 674 4478 rarent.
710 4425 863 4489 Quod
894 4436 948 4480 et
984 4424 1424 4480 Christianorum
1475 4425 1728 4495 exemplo
1765 4425 2033 4479 declarari
2075 4437 2114 4492 [)
2146 4424 2283 4478 infra
2321 4425 2516 4480 solaris
2543 4424 2918 4478 armLmodum
2951 4424 3223 4478 consistit.
3260 4422 3393 4478 Post
3415 4439 3469 4476 vi
3497 4423 3709 4476 demum

473 4524 670 4584 potest.
702 4514 836 4569 Nam
871 4524 931 4570 ut
965 4517 1042 4570 illi
1088 4533 1210 4572 cum
1243 4515 1527 4572 Paschalis
1568 4518 1936 4577 celebritatem
1973 4516 2038 4570 ad

474 4607 615 4661 lunae
637 4607 970 4677 ψηφισμούς,
1008 4621 1271 4677 quantum
1307 4609 1483 4663 civilis
1509 4624 1643 4662 usus
1675 4609 1901 4676 patitur,
1926 4608 2042 4661 cxi-

471 4712 600 4767 gere
621 4709 965 4763 conarentur,
995 4698 1157 4768 idque
1183 4699 1236 4752 in
1258 4698 1474 4753 Nicatno
1505 4698 1736 4753 concilio
1761 4700 2038 4753 decretum

471 4793 636 4851 esset,
669 4786 722 4838 in
751 4794 900 4840 tanta
937 4802 1119 4840 rerum
1153 4787 1646 4842 astronomicarum
1701 4789 1820 4842 luce
1854 4804 1918 4841 ac
1951 4804 2043 4856 pe—

472 4875 617 4938 ritia,
657 4884 833 4930 tamen
858 4875 1090 4945 effugere
1120 4891 1227 4930 non
1260 4887 1576 4945 potuerunt,
1596 4879 1726 4948 quin
1756 4879 2037 4932 collectam

471 4967 681 5037 aliquot
705 4968 918 5023 sarculis
948 4967 1122 5023 labem
1157 4983 1424 5022 annorum
1447 4971 1513 5023 ad
1551 4969 1664 5024 [nec
1688 4979 1873 5024 nostra
1904 4978 2041 5023 tem-

473 5074 602 5128 pora
626 5067 1020 5129 propagareut;
1046 5068 1155 5114 uta
1185 5057 1318 5113 solis
1344 5067 1493 5114 motu
1520 5059 1704 5113 decem
1733 5068 1876 5114 totos
1901 5060 2040 5123 dies,

474 5165 504 5203 a
535 5151 709 5205 lunari
737 5159 972 5221 quatuor
998 5151 1334 5207 aberrarent.
1362 5150 1629 5218 Quocirca
1669 5151 1808 5206 idem
1838 5150 2041 5207 Judaais

473 5241 722 5296 evenisse
758 5257 866 5296 non
905 5241 1115 5304 dubito,
1158 5250 1221 5297 ut
1248 5247 1434 5298 cerum
1499 5243 1801 5298 neomenia:
1855 5243 2040 5305 biduo,

476 5349 543 5388 ac
566 5333 747 5388 triduo
775 5349 1165 5404 nonnunquam
1196 5350 1226 5389 a
1255 5335 1450 5390 mediis
1508 5335 1651 5390 luna:
1690 5335 1935 5390 motibus
1977 5349 2042 5388 ac

476 5426 621 5480 veris
636 5425 803 5480 etiam
831 5424 1198 5482 deﬂecterent.
1220 5425 1296 5482 De
1316 5427 1466 5498 cyclo
1506 5437 1561 5482 et
1593 5443 1863 5482 annorum
1887 5426 2059 5490 orhe,-

475 5521 530 5574 in
561 5529 722 5582 quem
748 5509 1061 5572 neomenias
1094 5516 1431 5584 incluserint,
1454 5518 1555 5574 etsi
1583 5519 1719 5573 nihil
1747 5519 2041 5574 admodum

477 5604 696 5671 delinio,
727 5606 1021 5663 verisimile
1046 5616 1225 5664 tamen
1255 5610 1509 5674 arbitror,
1547 5611 1694 5680 quod
1723 5611 1777 5664 in
1800 5609 1902 5664 hac
1929 5609 2038 5663 hae-

478 5696 587 5751 resi
612 5695 946 5768 Epiphanius
979 5702 1220 5770 exponit,
1261 5717 1390 5758 usos
1417 5718 1535 5759 esse
1558 5702 1756 5758 Clu-isti
1795 5713 2035 5772 tempore

2143 4516 2724 4570 tessaradecaeteridas
2773 4515 2933 4568 ambo
2979 4516 3031 4568 in
3071 4515 3422 4569 concordiam
3470 4515 3598 4567 anni
3634 4524 3705 4567 ut-

2140 4623 2353 4676 cunque
2385 4608 2627 4661 redeunt.
2664 4606 2783 4658 Dixi
2813 4607 3057 4658 lunarem
3101 4620 3306 4658 annum
3350 4605 3564 4658 deliniri
3606 4605 3714 4657 die~

2142 4697 2243 4750 bus
2272 4695 2395 4758 554,
2423 4696 2540 4749 hor.
2574 4694 2625 4748 8.
2671 4694 2801 4760 Qua:
2831 4695 2877 4749 si
2909 4704 3108 4764 quater
3142 4704 3197 4749 et
3231 4695 3413 4749 decies
3457 4696 3702 4764 multipli-

2141 4800 2352 4851 centur,
2383 4788 2498 4843 dies
2525 4787 2765 4843 elﬁciunt
2792 4786 2951 4852 4956,
3003 4788 3166 4842 horas
3216 4787 3342 4847 112,
3370 4789 3488 4842 sive
3511 4789 3624 4842 dies
3657 4789 3702 4852 ι,

2143 4882 2259 4934 hor.
2291 4879 2377 4945 16,
2413 4879 2515 4934 hoc
2552 4888 2635 4934 est
2660 4879 2772 4934 dies
2808 4877 2918 4932 fere
2951 4879 3005 4933 5.
3039 4877 3321 4933 Accedunt
3361 4878 3701 4932 intercalares

2141 4987 2356 5027 menses
2379 4971 2654 5042 quinque,
2700 4971 2911 5026 dierum
2947 4970 3143 5040 singuli
3178 4969 3269 5034 29,
3325 4972 3449 5024 hor.
3511 4969 3598 5023 l2.
3649 4969 3702 5022 lli

2140 5065 2254 5118 dies
2283 5063 2406 5130 147,
2430 5079 2555 5118 cum
2582 5063 2734 5118 boris
2764 5061 2833 5116 12
2853 5062 3168 5118 coniiciunt.
3209 5060 3290 5116 Ex
3323 5061 3529 5131 quibus
3567 5079 3701 5117 sum-

2143 5172 2228 5210 ma
2281 5155 2548 5212 conﬂatur
2582 5155 2790 5210 dierum
2831 5155 2992 5220 5103,
3046 5155 3168 5209 hor.
3226 5154 3311 5208 12.
3346 5150 3632 5208 Postremo
3665 5153 3702 5206 si

2147 5249 2246 5302 112
2272 5248 2391 5302 illas
2416 5252 2577 5303 horas
2605 5246 2853 5316 adjicias,
2885 5246 3001 5301 sive
3032 5246 3149 5300 dies
3178 5246 3234 5309 4,
3269 5245 3390 5299 hor.
3438 5245 3538 5307 16,
3571 5245 3684 5298 colli

2142 5349 2341 5408 gluttur
2361 5338 2478 5395 dies
2510 5337 2670 5403 5108,
2703 5337 2824 5391 hor.
2855 5343 2909 5392 4.
2957 5335 2999 5389 Ε
3019 5337 3220 5406 quibus
3248 5337 3318 5391 13
3351 5334 3588 5390 Iulianis
3615 5351 3696 5388 an-

2142 5432 2228 5486 nis
2257 5429 2526 5490 deductis.
2555 5428 2649 5498 qui
2698 5439 2827 5484 sunt
2867 5428 2984 5484 dies
3012 5427 3172 5492 4748,
3210 5427 3333 5481 hor.
3388 5427 3457 5492 6,
3525 5441 3695 5496 super-

2141 5530 2302 5576 erunt
2323 5521 2450 5588 359,
2482 5521 2602 5576 hor.
2631 5521 2721 5586 22,
2748 5522 2862 5576 sive
2894 5520 2998 5576 560
3029 5520 3166 5584 dies,
3201 5535 3312 5574 una
3349 5520 3483 5573 hora
3515 5519 3696 5572 minus.

2142 5611 2299 5679 Quod
2345 5612 2392 5666 si
2452 5613 2673 5681 praecise
2729 5611 2848 5665 dies
2877 5610 2929 5664 in
2977 5611 3134 5664 annis
3179 5627 3264 5662 MV
3301 5607 3693 5665 iutercalentur,

2143 5703 2378 5773 primum
2422 5699 2571 5771 quod
2618 5701 2692 5754 ait
2743 5698 3097 5770 Epiphanius,
3127 5699 3287 5755 tertio
3317 5713 3540 5770 quoque
3573 5706 3690 5749 aaut
