3874 6324
122 292 217 346 961

123 411 269 461 diem
319 402 510 472 adjici,
542 400 594 454 id
626 399 694 454 de
728 394 921 464 primis

124 500 228 554 erit
266 515 280 550 :
318 503 377 550 at
399 493 615 550 decimo
662 489 846 552 tertio,
884 494 941 540 et
988 491 1183 555 quarto
1233 478 1393 534 annis
1421 476 1537 530 dies
1566 483 1710 525 unus

125 596 443 658 competet;
479 585 553 639 ita
583 592 643 638 ut
661 581 792 638 anni
818 595 907 634 xlv
940 578 1060 632 dies
1089 572 1342 629 auferant
1375 567 1550 630 5108,
1585 564 1708 618 hor.

129 681 216 748 12,
242 654 278 737 é
314 679 521 751 quibus
549 675 747 731 ablatis
773 674 933 727 annis
971 683 1094 731 ιιιι,
1124 663 1405 720 restabunt
1430 655 1555 718 560.
1586 654 1708 708 hor.

129 772 180 826 6.
199 743 430 825 'Verum
461 766 720 837 quoniam
755 761 946 816 ultimo
968 758 1062 812 illo
1093 769 1238 810 anno
1263 753 1412 806 horae.
1443 747 1565 803 dum
1591 743 1715 798 sub-

133 865 279 920 trahi
333 835 552 924 debent,
617 849 1132 911 tessaradecaeteris
1203 844 1396 922 diebus
1444 835 1714 894 constabit

135 955 301 1017 5108,
341 956 462 1008 hor.
509 919 598 1015 10,
637 949 702 1004 de
749 945 950 1017 quibus
973 938 1201 996 detracti
1229 919 1356 990 anni
1404 947 1526 994 xm,
1557 928 1715 982 relin-

135 1015 315 1117 quunt
357 1044 476 1098 dies
499 1042 624 1105 560,
679 1015 800 1092 hor.
828 1035 880 1088 4.
919 1031 1040 1087 Jam
1084 1044 1214 1082 vero
1256 1025 1385 1079 anni
1416 1017 1616 1076 Juliani
1650 1015 1716 1070 14

137 1110 258 1193 dies
291 1137 496 1191 habent
523 1133 681 1194 5115,
709 1132 828 1184 1ιοι·.
865 1127 950 1180 12.
977 1125 1018 1176 Ε
1043 1122 1244 1193 quibus
1265 1115 1521 1173 detractis
1553 1110 1713 1174 5108,

143 1232 228 1289 10,
266 1226 465 1296 reliqui
500 1231 628 1278 sunt
657 1223 773 1276 dies
808 1219 860 1283 5,
898 1217 954 1270 2.
987 1214 1093 1268 Sed
1126 1209 1320 1266 ablatis
1345 1205 1560 1260 duabus
1609 1201 1718 1255 illis

140 1321 315 1383 horis,
357 1315 654 1372 discrimen
704 1301 1288 1366 tessaradeeaeteridos
1317 1295 1528 1351 lunaris
1559 1302 1612 1348 et
1635 1305 1721 1347 so-

140 1413 276 1466 laris
303 1382 391 1464 est
421 1407 630 1463 dierum
651 1404 911 1473 quinque,
944 1397 1036 1468 qui
1065 1411 1094 1448 e
1126 1391 1290 1463 cyclis
1328 1387 1476 1442 senis
1511 1382 1716 1438 collecti

142 1514 268 1573 post
327 1515 530 1556 Lxxxtv
572 1511 746 1551 annos
783 1494 900 1549 dies
956 1487 1274 1555 relinquunt
1317 1481 1409 1545 50,
1441 1477 1533 1548 qui
1568 1477 1720 1529 initio

144 1597 274 1652 anui
307 1595 380 1649 85
407 1589 817 1647 inlercalantur.
874 1583 1055 1650 Quare
1085 1573 1590 1634 tessaradecacteris
1621 1569 1720 1624 Ju-

147 1692 292 1744 liaua
352 1687 546 1740 diebus
595 1688 808 1736 constat
855 1678 1017 1739 5115,
1074 1674 1193 1726 hor.

1023 272 1112 328 DE
1149 268 1337 329 ANNO
1371 264 1461 324 ET
1503 257 1614 318 DIE
1649 251 2014 313 DOLIINICE
2053 245 2428 306 PASSIONIS.

971 408 1046 447 xu
1093 392 1252 445 annis
1299 379 1704 453 intelligendum
1734 372 2129 444 Aprohantur.
2158 368 2400 424 Primum
2429 361 2572 417 enim
2589 374 2710 416 cum
2729 355 3064 429 Epiphanius
3079 351 3242 415 dicat,
3271 349 3371 404 Ju-

3265 231 3371 289 962

1809 443 1956 525 datos
1976 467 2043 521 de
2063 464 2198 520 solis
2222 474 2410 522 cursu,
2446 458 2550 511 hoc
2575 465 2656 510 est
2675 453 2779 509 565
2806 443 2847 517 ἰ-
2872 451 3060 504 horam
3091 445 3374 510 decedere,

1810 563 1926 618 sive
1965 555 2346 616 duodecimam
2369 549 2464 603 τοῦ
2492 545 2830 618 νυχθημέρου
2863 549 3093 612 partem,
3121 537 3265 605 quod
3300 535 3374 589 ita

1810 652 2076 722 Keplerus
2121 643 2339 714 accipit,
2389 648 2451 694 ut
2496 637 2711 693 decimo
2740 641 2936 703 quarto
2964 642 3183 698 quoque
3228 639 3376 678 anno

1812 715 1961 799 horae
1983 739 2087 794 illa:
2115 735 2237 790 dua:
2260 731 2666 791 subtrahantur,
2690 723 2833 778 idem
2864 728 2919 774 et
2939 719 2995 773 in
3022 715 3198 771 lunari
3229 727 3374 767 anno

1814 831 2131 904 imprudens
2169 826 2301 882 facit
2334 841 2346 876 :
2399 822 2543 892 quod
2573 830 2751 887 neque
2775 826 2959 868 verum
2986 818 3088 875 est,
3118 822 3220 862 nec
3244 804 3370 875 Epi-

1818 922 2044 994 phanius
2065 917 2351 988 signiﬁcat.
2386 910 2520 964 Nam
2547 921 2670 962 cum
2702 920 2790 958 xlv
2822 901 2951 956 anni
2987 899 3206 953 lunares
3238 895 3379 948 duo-

1815 990 1990 1073 decim
2029 1015 2193 1068 horas
2222 1021 2385 1077 supra
2416 1001 2556 1059 5108
2600 1001 2716 1055 dies
2762 996 3020 1066 colligant
3050 1031 3066 1057 ,
3119 990 3383 1060 Keplerns

1817 1111 2003 1166 decem
2058 1113 2264 1158 tantum
2319 1099 2480 1152 horas
2530 1091 2793 1154 attribuit,
2849 1091 3128 1155 propterea
3161 1078 3304 1151 quod
3354 1092 3386 1131 e

1817 1197 1956 1256 5108
1986 1194 2199 1254 diebus,
2231 1189 2488 1255 horisque
2516 1183 2601 1248 12,
2639 1179 2900 1235 tredecim
2946 1173 3107 1229 annis
3153 1166 3388 1224 Julianis

1818 1287 2099 1351 detractis,
2124 1297 2248 1338 cum
2273 1276 2470 1334 residui
2503 1275 2612 1330 sint
2639 1272 2754 1326 dies
2786 1269 2839 1334 5,
2873 1267 3020 1320 hora:
3041 1264 3096 1327 2,
3118 1262 3216 1316 has
3241 1260 3390 1330 ipsas

1821 1383 1982 1436 horas
2012 1379 2147 1432 duas
2175 1370 2386 1428 eximit.
2435 1367 2614 1433 Quare
2659 1371 2769 1417 tam
2827 1358 2882 1413 in
2939 1353 3115 1410 lunari
3155 1361 3391 1406 tessara-

1821 1467 2179 1529 decaeteride,
2217 1476 2376 1532 quam
2411 1459 2463 1512 in
2490 1455 2726 1519 Juliana,
2762 1450 2926 1505 horas
2969 1444 3205 1500 detrahit
3233 1443 3391 1506 duas,

1823 1563 2066 1627 adeoque
2095 1530 2353 1626 post—168
2379 1561 2552 1603 annos
2603 1540 2893 1608 utrobique
2924 1536 3041 1590 dies
3068 1547 3212 1587 unus
3247 1530 3392 1600 peri-

1231 1668 1319 1732 10,
1356 1666 1564 1721 lunaris
1596 1679 1724 1718 vero
1755 1710 1798 1732 ἢ
1828 1653 2024 1705 tuitur:
2054 1644 2276 1716 quodin
2310 1655 2452 1694 anno
2487 1632 2920 1700 lunariprorsus
2948 1634 3031 1679 est
3065 1621 3391 1676 inauditum.

352 1710 546 1832 ιιὲιὸυιιδ
595 1710 808 1785 υυυῗιᾱι
855 1710 1017 1782 ξιι.ι.υ,
1075 1710 1200 1775 "UH.
1234 1710 1563 1773 -vv.-------'
1605 1710 1718 1718 ’ν’
1755 1710 1800 1765 Β
2072 1710 2086 1716 -
2372 1733 2382 1743 1
2540 1729 2550 1738 ο
2764 1723 2775 1734 ,
2851 1720 2861 1732 ,
3213 1715 3252 1746 ε,

307 1819 322 1839 ,
457 1817 470 1830 .
530 1775 662 1842 Quae
709 1789 763 1826 ιιι
823 1772 966 1824 (δινιιι
1021 1782 1124 1821 usu
1188 1772 1260 1818 ita
1292 1762 1676 1830 dispensantur
1709 1773 1722 1808 :
1827 1745 2092 1806 Alterum.
2122 1735 2266 1808 (ιυοά
2290 1731 2648 1802 ΕΡ¹Ι¹¹¹³¹¹¹¹¹¹¹¹
2673 1734 2956 1792 scnps'sse
2979 1725 3150 1786 puta“
3174 1732 3237 1780 τ’
3270 1714 3396 1783 ἡμέ’

2107 1829 2119 1842 ι
2186 1826 2210 1842 ν
2371 1822 2453 1842 θ)-
2526 1832 2624 1842 ..-Α
2671 1813 2776 1842 ’ἔμ’
2810 1809 3008 1842 ἀκέο-ιη.
3052 1804 3200 1842 σηριηᾶ
3249 1800 3396 1842 {fmina

150 1877 332 1946 prima
363 1864 874 1927 tessaradecaeteris
903 1861 1020 1915 dies
1051 1857 1211 1911 habet
1253 1852 1411 1916 5109,
1449 1857 1503 1905 et
1546 1849 1613 1902 de
1640 1860 1731 1916 po-

154 1961 377 2022 steriori
401 1953 816 2028 qualuordecim
853 1951 1018 2003 horas
1040 1943 1281 2012 decerpit
1313 1958 1328 2006 ;
1355 1937 1595 1995 secunda
1617 1935 1734 1987 dies

153 2056 374 2109 obtinet
413 2047 573 2110 5108,
607 2044 846 2112 reliquas
873 2052 1000 2093 vero
1063 2035 1128 2088 10
1181 2034 1346 2086 horas
1375 2030 1442 2084 ad
1475 2040 1735 2096 compen-

157 2145 364 2201 sanilas
422 2141 631 2211 priores
685 2134 752 2189 11
780 2139 1003 2198 erogat:
1059 2132 1266 2181 restant
1304 2123 1454 2176 horae
1504 2119 1733 2187 1;qu:e

158 2246 284 2308 post
308 2250 369 2288 ιιι
398 2231 609 2303 cyclum
638 2237 879 2296 repensa}
911 2237 962 2274 γι
999 2221 1163 2273 horas
1205 2213 1453 2269 residuas
1493 2209 1733 2274 faciunt;

159 2342 398 2402 quartus
427 2327 611 2399 cyelus
661 2324 825 2378 horas
855 2319 921 2372 16
949 2316 1187 2385 reliquas
1237 2312 1435 2375 habet;
1484 2308 1672 2379 cyclus
1706 2321 1738 2357 v

159 2399 307 2480 diem
342 2435 510 2474 unum
539 2415 744 2486 adjicit.
780 2413 875 2466 Est
897 2409 1040 2464 enim
1073 2407 1284 2460 dierum
1313 2401 1474 2465 5109,
1493 2409 1546 2455 et
1577 2399 1739 2453 horas

162 2513 430 2584 relinquit
471 2515 626 2566 duas.
671 2505 868 2577 Cyclus
910 2503 1129 2556 demum
1157 2508 1344 2553 sextus
1381 2495 1548 2548 horas
1586 2490 1622 2544 2
1655 2503 1742 2543 re-

164 2579 389 2677 linquit.
430 2601 770 2669 Colliguntur
801 2593 918 2648 dies
975 2591 1028 2644 in
1059 2605 1108 2643 vr
1143 2586 1313 2656 cyclis
1369 2581 1566 2641 50650.
1619 2579 1740 2634 hor.

167 2674 277 2755 12.⁷
307 2695 522 2762 Quibus
553 2691 600 2746 si
636 2685 804 2742 addas
843 2683 958 2737 dies
985 2679 1075 2743 50,
1107 2677 1201 2747 qui
1229 2691 1296 2730 ex
1327 2674 1360 2729 5
1383 2676 1741 2738 consurgunt,

165 2804 312 2862 quos
342 2783 570 2855 singulae
603 2770 1178 2835 tessaradecaeterides
1232 2768 1437 2823 solares
1467 2777 1630 2832 supra
1658 2761 1744 2815 luo

169 2851 337 2938 nares
391 2851 674 2944 colligunt,
725 2869 842 2924 dies
882 2864 1121 2920 conﬁent
1175 2858 1372 2920 50680,
1407 2857 1526 2910 hor.
1561 2852 1650 2907 12.
1679 2851 1749 2905 At

170 2972 301 3030 anni
326 2941 631 3024 Iuliani-81
659 2962 775 3017 dies
808 2956 1084 3029 postulant
1116 2949 1313 3006 50681.
1343 2943 1652 3001 Diﬁ‘erentia
1683 2941 1749 2996 12

173 3068 475 3124 horarum;
531 3070 653 3126 quae
707 3050 1050 3123 perimuntur
1085 3046 1142 3098 in
1194 3039 1360 3110 eyelis
1413 3053 1489 3098 vr,
1543 3035 1648 3089 hoc
1669 3040 1824 3131 estc

173 3157 319 3212 binae
370 3153 426 3206 in
471 3159 798 3215 unaquaque
829 3131 1402 3196 tessaradecaeteride.
1446 3127 1627 3194 Quare
1650 3139 1751 3194 po-

174 3256 382 3300 strema
395 3213 612 3310 syzygia
635 3213 826 3304 primae
856 3213 1754 3296 Ogdoecontatessaradecaeteridis

175 3337 297 3390 dies
326 3308 555 3401 requirit
581 3320 956 3381 tantummodo
978 3317 1071 3380 29,
1124 3315 1243 3370 hor.
1282 3311 1370 3365 12.
1407 3310 1511 3364 Sed
1551 3308 1604 3361 in
1654 3321 1754 3360 usu

178 3426 327 3483 civili
365 3422 603 3478 tricenos
628 3416 827 3478 aufert,
857 3421 911 3468 et
939 3411 1006 3466 de
1041 3405 1290 3478 sequenti
1333 3403 1400 3458 12
1441 3402 1606 3456 horas
1638 3412 1757 3451 mu-

181 3522 402 3576 tuatur;
434 3525 464 3564 e
509 3507 707 3577 quibus
749 3503 935 3557 decem
969 3498 1020 3551 in
1062 3497 1240 3566 primo
1285 3491 1438 3564 cyclo
1471 3487 1756 3550 restitutis,

183 3600 605 3674 compensanda:
635 3604 763 3652 sunt
790 3594 930 3649 duae.
965 3589 1061 3646 His
1091 3589 1143 3642 in
1185 3584 1424 3642 secunda
1453 3580 1760 3636 tessarade-

185 3670 461 3752 caeteride
483 3687 707 3759 perinde
737 3682 981 3743 redditis,
1009 3677 1299 3748 superﬂua:
1333 3682 1460 3729 sunt
1480 3673 1534 3728 8.
1569 3670 1626 3724 ln
1651 3679 1761 3724 ter-

192 3790 264 3843 tia
320 3777 874 3840 tessaradecaeteride
930 3773 1154 3841 reliquae
1209 3769 1346 3823 ﬁunt
1383 3767 1530 3819 hora:
1582 3760 1669 3816 18.
1705 3759 1762 3814 In

191 3887 390 3950 quarta
411 3874 594 3929 addito
635 3871 721 3923 die
747 3867 939 3928 solido,
973 3869 1179 3918 restant
1203 3860 1322 3915 hor.
1356 3857 1412 3912 4.
1439 3855 1569 3911 Post
1605 3852 1767 3923 quin-

194 3983 303 4026 tam
364 3957 970 4021 tessaradecaeteridem
1018 3954 1085 4008 14
1134 3953 1283 4006 liora:
1338 3955 1651 4018 supersunt.
1705 3945 1765 3998 In

194 4071 348 4120 sexta
385 4060 508 4114 dies
555 4069 694 4109 unus
739 4051 1014 4106 eximitur.
1042 4045 1386 4113 Colliguntur
1417 4040 1536 4094 dies
1563 4037 1765 4092 50650.

198 4152 442 4225 Adjectis
491 4148 682 4203 diebus
709 4144 796 4205 50,
851 4141 986 4194 ﬁunt
1018 4135 1214 4192 50680.
1265 4131 1442 4199 Quare
1471 4130 1629 4186 annis
1671 4126 1771 4181 168

197 4249 318 4304 dies
366 4257 511 4297 unus
563 4236 838 4293 eximitur.
872 4230 985 4285 Hoc
1038 4227 1182 4282 enim
1238 4233 1512 4294 spectasse
1553 4218 1774 4274 Judaeos

199 4339 468 4407 Keplerus
500 4329 800 4388 existimat,
838 4331 899 4378 ut
927 4321 1069 4391 quod
1093 4332 1296 4374 annum
1336 4314 1615 4370 Julianum
1664 4310 1773 4364 sei-

202 4404 328 4486 rent
355 4425 563 4494 tropico
593 4420 864 4489 majorem.
890 4428 1032 4477 esse,
1068 4424 1244 4479 neque
1271 4409 1340 4462 de
1381 4404 1570 4474 tropici
1602 4417 1776 4471 quan-

205 4525 364 4577 titate
395 4519 692 4572 constaret,
725 4512 778 4564 in
809 4507 968 4562 annis
1012 4502 1112 4557 168
1141 4501 1285 4555 diem
1319 4513 1487 4552 unum
1531 4494 1779 4550 detrahe-

131 4613 134 4616 ’
206 4623 362 4678 rent;
391 4609 485 4681 qui
538 4614 664 4662 sunt
689 4601 824 4673 cycli
861 4600 1101 4653 minores
1138 4609 1235 4657 xu,
1282 4592 1518 4662 majores
1547 4605 1606 4643 ιι.
1645 4585 1778 4640 Nam

215 4708 314 4764 168
340 4703 544 4760 Juliani
567 4701 682 4753 dies
713 4688 1205 4765 postulant61562.
1242 4687 1309 4740 At
1348 4685 1482 4754 cycli
1519 4683 1629 4738 duo
1664 4695 1782 4734 ma-

206 4804 358 4872 jores
387 4805 443 4851 et
471 4793 573 4848 168
625 4789 752 4844 anni
801 4784 1014 4854 tropici,
1067 4781 1180 4835 dies
1209 4777 1406 4833 61561.
1456 4777 1535 4830 lta
1565 4772 1783 4843 quidem

209 4859 386 4946 :iudaei
421 4893 544 4951 post
581 4895 752 4934 annos
783 4875 852 4930 84
903 4875 1087 4927 lunam
1119 4884 1242 4925 cum
1274 4866 1389 4922 sole
1426 4863 1579 4933 paria
1609 4859 1787 4914 facere

212 4983 316 5040 sibi
348 4949 752 5049 persuaserant.
786 4966 892 5021 Sed
925 4979 1030 5017 non
1057 4963 1129 5015 ita
1154 4966 1254 5013 est.
1285 4959 1419 5009 Nam
1449 4953 1518 5008 84
1541 4950 1668 5005 anni
1706 4949 1790 5001 lu-

217 5087 402 5134 nares,
435 5068 542 5121 hoc
573 5071 657 5117 est
689 5059 822 5130 cycli
857 5047 1383 5110 decemnovennales
1416 5045 1450 5098 4
1480 5058 1603 5098 cum
1640 5050 1790 5095 octa-

216 5130 424 5220 eteride
455 5157 571 5211 dies
599 5153 819 5221 exigunt
851 5145 1046 5207 30682,
1086 5143 1207 5196 hor.
1240 5138 1294 5202 6,
1319 5137 1400 5192 δι’
1429 5135 1556 5189 fere.
1591 5130 1794 5185 Discri-

219 5218 345 5313 men
405 5270 436 5306 a
469 5218 702 5303 Julianis
754 5241 914 5296 annis
964 5238 1031 5291 81
1068 5244 1150 5290 est
1194 5231 1300 5287 diei
1345 5229 1398 5293 1,
1441 5228 1563 5281 hor.
1599 5222 1652 5285 6,
1687 5218 1792 5274 51’.

220 5349 403 5416 Quare
447 5340 612 5396 biduo
639 5330 1028 5404 propemodum
1049 5321 1346 5380 neomenia:
1371 5314 1604 5389 politica:
1655 5309 1798 5364 anti-

129 5425 132 5430 ’
220 5438 477 5506 eipautur
511 5430 566 5482 in
599 5425 750 5497 cyclo
778 5419 1024 5475 Judaieo.

295 5525 422 5580 Hme
449 5517 763 5576 summatim
790 5511 1086 5579 Keplerus;
1115 5505 1208 5575 qui
1245 5503 1298 5557 in
1328 5500 1514 5556 Graaco
1538 5501 1800 5550 contextu

225 5615 491 5676 nonnulla
531 5613 851 5671 commutat,
882 5615 1004 5672 quae
1043 5597 1206 5667 paulo
1246 5601 1370 5664 post
1396 5586 1799 5645 adnotabimus.

227 5710 392 5781 Atqui
431 5709 539 5761 duo
571 5709 699 5758 sunt
729 5699 782 5753 in
810 5697 930 5768 ejus
960 5692 1170 5748 ratione
1201 5703 1322 5758 quae.
1354 5683 1484 5738 mihi
1526 5696 1629 5735 non
1668 5675 1803 5732 satis

1833 1854 1952 1910 ραι,
1983 1800 2152 1902 παρέ
2177 1800 2479 1898 ὦραςῖδύο,
2526 1832 2626 1888 pro
2671 1813 2776 1878 τξε¹
2810 1809 3013 1882 ἡμέραι
3052 1804 3203 1876 παρὰ
3249 1800 3398 1872 ὥραν

1835 1898 1964 2000 ξι.ίαῦ
1992 1966 2006 1992 ,
2053 1898 2158 1978 hoc
2211 1927 2295 1973 est
2342 1915 2508 1969 horas
2553 1909 2588 1961 4
2621 1919 2782 1975 supra
2811 1903 2927 1957 dies
2955 1898 3058 1953 560
3099 1907 3399 1965 superesse.

1832 2019 1967 2074 Nam
1993 2017 2045 2070 in
2079 2013 2288 2068 dierum
2322 2011 2549 2060 numero
2584 2007 2727 2052 recte
2757 1991 3060 2063 quinariam
3108 1995 3290 2040 notam
3321 1984 3399 2035 in-

1835 2106 2132 2166 ducendam
2163 2096 2397 2156 censuit:
2423 2093 2514 2148 sed
2548 2099 2607 2144 ut
2636 2086 2785 2159 ποιρά
2838 2083 2978 2136 idem
3006 2079 3076 2134 sit
3104 2093 3167 2132 ac
3191 2085 3402 2145 praeter,

1837 2197 2089 2259 assentiri
2115 2209 2220 2248 non
2246 2202 2486 2261 possum,
2518 2182 2645 2252 quia
2672 2177 2940 2234 deiectum
2971 2169 3148 2241 potius
3174 2166 3226 2219 iu
3254 2164 3404 2232 ejus-

1838 2291 1983 2348 modi
2037 2280 2438 2343 constructione
2489 2271 2758 2342 signiﬁcat
2789 2282 2802 2317 :
2837 2273 3028 2331 estque
3065 2255 3217 2328 παρὰ
3258 2253 3407 2325 ὥραν

1842 2343 1993 2453 ἔίξιξι,
2046 2390 2153 2429 una
2197 2371 2327 2424 liora
2358 2366 2550 2420 minus.
2599 2356 2753 2423 Quod
2789 2363 2842 2409 et
2878 2347 3108 2406 subinde
3152 2343 3410 2414 Keplerus

1841 2437 2116 2547 agnoscit;
2137 2477 2191 2522 et
2223 2464 2457 2536 priorem
2490 2457 2638 2511 illam
2672 2451 2933 2506 rationem
2972 2442 3114 2499 haud
3137 2441 3266 2497 satis
3293 2437 3412 2508 pla-

1842 2535 1966 2624 egre
1988 2561 2092 2618 sibi
2119 2535 2334 2613 fatetur.
2365 2551 2536 2619 Igitur
2566 2546 2853 2614 diligenter
2881 2535 3161 2593 subductis
3203 2548 3268 2587 ac
3294 2541 3408 2584 ten-

1844 2620 1974 2713 tatis
2014 2648 2290 2709 omnibus,
2337 2640 2539 2712 quibus
2581 2630 2954 2689 diﬁicillimum
3003 2625 3148 2678 hunc
3199 2620 3411 2692 cyclum

1846 2757 2086 2806 tractare
2129 2750 2292 2809 atque
2313 2735 2588 2790 illustrare
2646 2735 2949 2795 possemus,
2999 2714 3197 2785 duplici
3233 2713 3282 2766 id
3315 2728 3404 2764 ra-

1847 2843 1994 2899 tione
2025 2830 2384 2908 perfecinnts;
2411 2833 2640 2891 quarum
2669 2815 3003 2871 alterutram,
3037 2805 3137 2859 nisi
3159 2803 3416 2866 fallimur,

1850 2945 2007 3004 aequo
2027 2900 2194 2995 atque
2234 2915 2448 2973 erudito
2488 2906 2672 2963 lectori
2700 2900 3074 2974 probabimus.
3165 2957 3170 2966 '

1925 3113 2108 3172 Prima
2133 3114 2314 3161 autem
2340 3105 2419 3152 est
2450 3086 2718 3162 ejusmodi
2750 3103 2764 3140 :
2804 3079 2970 3137 Judaei
3006 3077 3214 3149 eyelum
3265 3087 3420 3127 usur-

1856 3209 2058 3281 pabant
2101 3197 2403 3268 duplicem,
2455 3183 2752 3254 majorem,
2811 3190 2876 3230 ac
2927 3171 3241 3226 minorem:
3282 3163 3424 3218 hunc

2745 3267 2767 3281 '
2879 3278 3007 3281 r~~-——
3046 3271 3241 3281 -ς-η---η
3268 3253 3424 3281 3,1...“

1858 3253 1970 3364 ;iv,
2006 3296 2158 3352 illum
2191 3297 2393 3342 Lxxxw
2420 3286 2712 3334 annorum.
2745 3267 3012 3322 Lunarem
3043 3271 3243 3313 annum
3268 3253 3426 3308 iidem

2826 3357 2852 3364 ⁸
3029 3353 3082 3364 ⁴⁹λ
3164 3350 3176 3364 ¹
3254 3356 3291 3364 ν-
3356 3345 3426 3364 Ι.-

1858 3345 2087 3462 praecise
2117 3381 2331 3435 dierum
2357 3369 2485 3430 554,
2513 3365 2773 3418 horarum
2823 3357 2857 3411 8
2890 3350 3313 3410 constituebant.
3355 3345 3430 3396 ita

2407 3460 2415 3462 λ
2442 3461 2451 3462 ί
2531 3457 2563 3462 --
2809 3457 2819 3462 Α
2857 3444 2994 3462 ινιηη
3045 3443 3189 3462 In-..
3216 3439 3233 3462 ι
3300 3434 3429 3462 Α....ι

1861 3434 1914 3536 in
1941 3460 2491 3532 tessaradecaeteride
2513 3457 2632 3510 dies
2670 3457 2827 3506 erant
2855 3444 3016 3503 5108,
3045 3443 3192 3495 horae
3207 3439 3261 3493 4.
3292 3434 3429 3490 Anni

2116 3574 2208 3616 xiv
2233 3551 2509 3622 simplices
2553 3545 2670 3599 dies
2695 3538 2953 3608 colligunt
2987 3531 3150 3596 4956,
3182 3527 3430 3600 syzygias

1867 3619 2239 3723 alternis
2262 3619 2472 3716 plenas.
2500 3647 2554 3691 et
2583 3648 2766 3693 cavas,
2793 3630 2895 3682 hoc
2932 3632 3010 3678 est
3041 3622 3110 3677 84
3140 3619 3323 3691 plenas
3355 3623 3432 3669 ιο⁴

1866 3708 2140 3816 ﬁdemque
2198 3708 2381 3794 cavas.
2445 3725 2720 3783 Accedunt
2783 3716 3135 3774 emholimaaa:
3209 3708 3434 3781 syzygitr

1867 3842 2036 3912 plena:
2054 3795 2114 3898 Iv,
2151 3832 2265 3886 sive
2290 3827 2406 3881 dies
2441 3817 2559 3875 150.
2591 3813 2755 3868 Fiunt
2786 3811 2840 3864 in
2876 3795 3433 3862 tessaradecaeteride

1868 3894 1986 3989 dies
2022 3894 2180 3984 5106.
2219 3915 2452 3991 syzygiaa
2479 3911 2651 3982 plena:
2694 3903 2783 3967 89,
2812 3914 2958 3954 cava:
2987 3896 3092 3959 81;
3135 3894 3431 3959 supersunt

2013 3981 2069 4080 2,
2103 3981 2334 4070 bene).
2355 3981 2676 4060 'Reservatis
2719 3991 2870 4047 horis
2896 3990 2950 4043 in
2979 3987 3139 4040 linem
3163 3981 3296 4052 cycli
3335 3992 3439 4032 ma-

1868 4071 2005 4186 joris
2034 4071 2068 4177 ,Ι
2100 4105 2370 4174 reliquum
2417 4092 2644 4150 biduum
2695 4085 2762 4140 ad
2809 4083 2945 4137 duas
2990 4091 3152 4132 cavas
3198 4071 3440 4144 syzygias

1875 4163 2190 4274 adjunctum
2219 4163 2453 4248 totidem
2485 4200 2514 4240 e
2541 4191 2798 4237 cavarum
2824 4186 3054 4229 numero
3087 4167 3344 4224 detrahit.
3371 4163 3442 4219 Ita

1877 4255 2014 4354 ﬁunt
2035 4295 2098 4349 91
2137 4291 2328 4362 plenae,
2381 4295 2526 4338 cara:
2554 4276 2624 4330 82
2653 4276 2708 4329 in
2731 4279 2840 4326 tota
2874 4255 3444 4320 tessaradecaeteride,

1807 4400 1850 4452 ι)
2244 4345 2401 4444 Quod
2435 4372 2481 4428 si
2510 4367 2634 4439 quis
2679 4358 3000 4418 embolimos
3031 4365 3244 4407 menses
3271 4362 3302 4399 v
3338 4345 3444 4400 sin-

1881 4480 2036 4551 gulos
2088 4474 2302 4529 dierum
2353 4435 2619 4520 duntaxat
2664 4453 2758 4516 29,
2803 4452 2924 4505 hor.
2982 4443 3051 4499 12
3103 4455 3226 4496 esse
3273 4435 3446 4497 malit,

2582 4549 2608 4551 η
2690 4547 2701 4551 _
2855 4539 2912 4551 ,Α
2973 4537 3006 4551 Α
3341 4529 3446 4551 Β--

1882 4529 2043 4625 511051
2073 4565 2139 4620 ad
2173 4559 2332 4626 4956,
2369 4555 2484 4611 dies
2514 4549 2634 4611 147,
2690 4547 2808 4599 hor.
2849 4539 2935 4595 12.
2970 4535 3311 4604 Colliguntur
3335 4529 3448 4584 dies

1885 4622 2046 4725 5105,
2087 4661 2207 4714 hor.
2229 4622 2345 4718 ‘12;
2377 4662 2498 4718 quze
2531 4660 2560 4698 e
2592 4638 2749 4702 5108,
2785 4637 2904 4690 hor.
2940 4632 2972 4686 4
2998 4629 3260 4690 detracta,
3291 4622 3449 4676 relin-

1886 4714 2063 4828 quunt
2091 4751 2207 4806 dies
2241 4747 2298 4806 4,
2331 4714 2447 4796 hor.
2486 4735 2574 4790 16.
2598 4729 2853 4801 Equihns
2882 4720 3165 4779 duodecim
3195 4717 3342 4770 horae
3365 4714 3450 4767 de.

1887 4807 2083 4904 ductte,
2111 4848 2165 4896 et
2187 4835 2254 4892 ad
2285 4831 2532 4886 ultimam
2564 4818 2939 4877 intercalarem
2971 4807 3267 4881 syzygiam.
3293 4816 3453 4873 quam

1889 4938 2101 4992 dierum
2135 4929 2229 4994 29,
2261 4926 2382 4979 hor.
2419 4919 2486 4973 12
2537 4911 2830 4970 statuimus
2872 4902 3214 4961 accedentes,
3243 4894 3454 4963 plenam

1891 5030 2041 5086 illam
2072 5021 2332 5082 eﬁieiunt.
2362 5013 2500 5067 Tum
2556 5019 2685 5060 vero
2719 5008 2954 5072 quatuor
3001 4993 3074 5046 illi
3105 4990 3221 5042 dies
3253 5002 3283 5040 e
3312 4982 3455 5038 cavis

1896 5119 2136 5196 syzygiis
2165 5080 2388 5170 totidem
2421 5107 2610 5176 plenas
2663 5094 3028 5153 constituunt.
3083 5081 3241 5139 Unde
3291 5080 3458 5148 plenae

2507 5195 2551 5196 7'
2794 5183 2859 5196 ’⁵⁸⁸
2961 5188 2974 5196 ‘
3030 5184 3179 5196 -κ-ιρι
3237 5169 3458 5196 Dant-..-

1897 5169 2131 5288 s;z;';ia2
2157 5169 2460 5260 conﬂantur
2497 5195 2586 5257 9|,
2619 5203 2765 5245 cavae
2792 5183 2883 5245 82,
2921 5188 2981 5234 ut
3025 5184 3207 5231 antea.
3237 5169 3460 5222 Restant

2553 5282 2608 5288 "
2655 5281 2685 5288 ··
2767 5277 2778 5288 ·
2821 5275 2872 5288 ··
2938 5272 3031 5288 νη
3061 5266 3273 5288 -—=_.....
3307 5259 3444 5288 cur:

2151 5259 2415 5352 Cancrum
2441 5285 2566 5343 anni
2581 5277 2783 5337 Juliani
2815 5275 2901 5339 14,
2921 5272 3038 5325 dies
3054 5266 3279 5334 exigunt
3304 5259 3462 5323 5115,

1900 5398 2064 5451 horas
2100 5389 2186 5443 12.
2216 5385 2485 5438 Lunarem
2536 5375 2699 5445 igitur
2734 5355 3340 5422 tessaradecaeteridem
3378 5365 3457 5404 so-

1902 5446 2282 5547 larissuperat
2312 5469 2504 5527 diebus
2537 5465 2591 5529 5,
2621 5463 2741 5516 hor.
2784 5456 2839 5511 8.
2872 5453 2975 5510 Sed
3009 5446 3466 5506 tessaradecaete-

1904 5578 2048 5632 rides
2081 5573 2302 5626 lunares
2351 5578 2426 5626 vr,
2464 5559 2578 5615 sive
2628 5551 2756 5608 anni
2807 5559 3006 5603 Lxxxtv
3035 5543 3153 5597 dies
3204 5536 3466 5605 colligunt

2105 5704 2119 5728 ,
2151 5660 2358 5716 solares
2393 5665 2522 5706 vero
2554 5645 2799 5709 totidem,
2839 5639 2956 5696 dies
3004 5631 3198 5690 40681.
3240 5627 3468 5682 Biduum
