3832 6220
470 235 577 290 965

1606 234 1945 294 ΑΡΡΕΝΜΧ
1988 238 2607 304 DlSSERTATlONUM.

3648 264 3733 318 θὲίι

470 372 601 426 ergo
646 355 798 411 deest
829 356 1564 426 ogcloccontatessaraeteridi
1600 361 1777 416 lunari
1798 365 1865 418 ad
1917 366 2124 427 solisA
2156 368 2331 424 tiones
2349 370 2679 442 adaequaret.
2718 374 2792 429 Ex
2820 392 2931 447 quo
2966 378 3098 435 illud
3117 380 3280 435 etiam
3312 394 3735 453 apparetur-ign.

473 451 716 503 rationes
745 449 1145 519 adipiscendas.

544 538 744 594 Verum
769 542 1006 597 aliudest
1022 543 1305 613 τεχνικῶς,
1337 554 1385 598 et
1411 544 1476 598 ad
1496 546 1806 601 methodum
1833 548 2044 619 cyclum

472 630 814 697 describere;
851 633 997 687 aliud
1025 635 1090 688 ad
1119 635 1331 689 civilem
1361 648 1575 706 captum
1609 641 2041 694 accommodare.

472 719 1007 779 Tessaradecaeteris
1052 724 1279 780 Iudaica
1331 743 1397 781 ex
1456 730 1728 794 methodo,
1776 740 1830 785 et
1885 746 2045 801 φυσι-

473 815 585 879 κῶς
612 816 729 872 dies
760 818 948 872 habuit
988 819 1147 884 5108,
1198 821 1358 875 horas
1386 821 1451 886 4;
1484 820 1699 877 Juliana
1730 839 1857 878 vero
1883 824 2042 889 5115,

471 907 593 960 hor.
630 908 717 965 ης
737 909 1039 978 majorhaec
1066 921 1149 965 est
1177 913 1265 966 illa
1297 913 1489 969 diebus
1512 915 1563 978 5,
1587 915 1705 968 hor.
1732 916 1783 969 8.
1813 916 1880 970 At
1900 918 2046 971 πολι-

470 999 641 1063 τικῶς
659 1001 757 1055 soli
780 1001 896 1056 dies
926 988 1474 1068 numerantnrﬁiora:
1498 1005 1841 1074 differuntur,
1872 1009 2047 1066 donec

473 1090 706 1144 solidum
735 1092 877 1145 diem
905 1094 1198 1162 attigerint.
1231 1094 1498 1160 Quocirca
1526 1097 1678 1165 prior
1705 1100 1890 1168 cyclus
1928 1102 2045 1156 dies

470 1182 683 1235 obtinet
712 1181 869 1247 5108,
905 1184 1156 1254 syzygias
1188 1184 1307 1247 175,
1342 1200 1573 1254 quarum
1609 1189 1779 1257 plenae.
1803 1201 1930 1243 sunt
1952 1189 2039 1256 91,

469 1287 616 1325 cava:
645 1271 715 1324 82
743 1288 755 1323 :
802 1288 924 1342 qua:
954 1275 1197 1338 alternis,
1228 1276 1405 1343 quoad
1442 1278 1556 1330 ﬁeri
1592 1287 1788 1348 potest,
1815 1280 2035 1348 dispen-

470 1370 683 1424 santur,
721 1378 916 1417 novem
956 1366 1218 1435 exceptis,
1260 1368 1461 1436 quibus
1484 1369 1656 1436 plenae
1689 1385 1852 1424 cavas
1881 1385 2042 1425 exce-

470 1450 625 1507 dunt.
652 1454 810 1509 liora:
851 1456 885 1509 4
926 1462 979 1510 111
1025 1460 1158 1528 cycli
1204 1460 1427 1529 majoris
1474 1462 1633 1516 linem
1670 1474 2040 1518 reservantur.

470 1545 713 1603 Rursus.
752 1546 966 1604 Juliaua
1014 1552 1525 1608 tessaradecaeteris
1576 1555 1807 1610 civiliter
1851 1556 2042 1610 diebus

468 1648 684 1694 constat
698 1640 760 1696 51
775 1639 856 1705 13;
870 1654 991 1692 nam
1004 1641 1149 1694 liora:
1166 1634 1630 1712 l2relinquuntur.
1647 1646 1848 1702 Desunt
1862 1649 2042 1719 itaque

2149 473 2314 513 causa
2346 461 2772 531 disputationem
2802 466 2945 524 hanc
2970 470 3203 539 ingressi
3233 480 3735 543 sumus;quemad.

2150 555 2372 608 modum
2408 554 2668 613 Judaicus
2695 560 2880 631 cyclus
2924 566 3237 620 neomenias
3265 568 3543 635 celestes,
3572 572 3735 625 triduo

2150 645 2231 699 vel
2253 647 2584 715 quatriduo;
2630 653 2958 721 aequinoctia
2996 656 3164 711 biduo
3192 660 3458 727 paulatim
3490 672 3737 719 111118181-

2150 746 2245 791 Iat.
2277 736 2388 791 Etsi
2422 753 2530 793 non
2562 741 2685 810 plus
2716 743 2864 799 bidui
2896 749 3277 806 antecessione
3338 753 3457 807 ﬁeri
3506 758 3736 809 credidit

2149 827 2519 899 Epiphanius;
2552 834 2655 887 hoc
2681 838 2940 893 estannis
2965 856 3163 894 LXXXIV
3189 842 3480 899 lunaribus
3512 850 3731 903 totidem

2148 933 2178 971 a
2208 917 2412 975 Judaeis
2455 922 2767 992 assignatas
2814 927 2967 990 dies,
3008 939 3141 999 quot
3194 931 3248 987 in
3299 935 3463 991 annis
3505 934 3733 994 Iulianis

2148 1012 2363 1077 insunt;
2400 1030 2595 1086 nempe
2626 1017 2793 1073 40681
2830 1035 2842 1072 :
2873 1029 2931 1074 ut
2970 1031 3080 1077 tum
3127 1025 3277 1093 justa
3317 1031 3729 1084 neomeuiarum

2146 1103 2592 1169 ἀποκατάστασις
2622 1124 2745 1164 esse
2778 1114 3037 1179 potuerit.
3070 1114 3203 1169 Nam
3225 1133 3290 1171 ex
3324 1119 3475 1175 illius
3502 1122 3612 1176 hoc
3627 1140 3735 1175 rer-

2150 1194 2231 1249 bis
2276 1206 2450 1265 potest
2480 1200 2701 1270 colligi;
2742 1202 2942 1269 quibus
2969 1206 3367 1274 aequinoctium
3416 1224 3479 1263 ac
3514 1212 3736 1280 plenile.

2146 1285 2296 1339 nium
2330 1287 2418 1342 die
2445 1287 2621 1343 Martii
2653 1307 2764 1344 xxii
2806 1294 3103 1363 contigisse
3149 1296 3356 1361 docuit,
3375 1298 3512 1354 feria
3545 1317 3585 1365 ι,
3618 1319 3731 1355 cum

2146 1375 2199 1429 in
2226 1377 2423 1432 vitioso
2448 1377 2763 1435 Judzeorum
2795 1383 2947 1454 cyclo
2978 1385 3028 1438 id
3058 1388 3321 1441 acciderit
3357 1389 3451 1445 die
3480 1407 3580 1445 xx.
3606 1390 3729 1445 Nam

2146 1482 2240 1521 xw
2274 1469 2459 1522 lunam
2491 1470 2566 1524 ait
2612 1471 2912 1526 incurrisse
2947 1473 3001 1526 in
3033 1472 3223 1529 feriam
3257 1492 3311 1539 v,
3359 1493 3487 1547 qua
3538 1495 3733 1533 come»

2146 1557 2325 1636 niebat
2350 1557 2525 1613 Martii
2548 1576 2658 1613 χιχ.
2690 1559 2921 1616 Biduum
2943 1563 3111 1633 igitur
3127 1566 3193 1620 ad
3211 1565 3511 1623 Iudaicum
3533 1585 3728 1625 annum

2150 1657 2256 1701 tam
2290 1649 2548 1714 solarem,
2583 1667 2748 1721 quam
2796 1654 3041 1709 lunarem
3079 1657 3251 1711 defuit
3288 1658 3589 1730 Epiphanii
3619 1680 3731 1716 seu.

468 1732 612 1783 lunae
642 1731 708 1785 ad
740 1730 974 1786 solarem
1026 1740 1232 1786 motum
1266 1744 1380 1787 dies
1413 1734 1465 1788 5.
1522 1736 1671 1801 Quos
1702 1736 2039 1806 Epiphanius
2075 1726 2113 1779 Β
2144 1746 2309 1799 tentia
2348 1765 2358 1799 :
2394 1747 2539 1815 quod
2564 1756 2622 1801 ut
2647 1750 2978 1815 ostenderet,
3030 1763 3195 1808 totam
3232 1726 3478 1812 illam‘de
3506 1758 3729 1815 Judaico

468 1820 523 1874 in
582 1821 1015 1891 octuagesimum
1059 1832 1317 1889 quartum
1368 1840 1595 1889 annum,
1625 1828 1738 1881 sive
1767 1829 1900 1898 ejcli
1934 1844 2045 1884 ma-

460 1911 603 1980 joris
632 1914 791 1967 linem
826 1922 1133 1968 reservatos
1161 1915 1338 1981 docet,
1365 1926 1424 1971 ut
1448 1925 1558 1971 tum
1592 1919 1806 1973 demum
1831 1922 2039 1977 solidus

464 2005 671 2058 mensis
702 2015 855 2059 extra
884 2007 1130 2060 ordinem
1163 2007 1515 2065 intercalatus
1541 2011 1721 2066 fuerit.
1743 2002 1909 2084 Igitur
1936 2017 2037 2071 inv

460 2096 738 2164 prioribus
767 2098 957 2168 cyclis,
993 2100 1086 2169 qui
1118 2101 1316 2170 singuli
1349 2104 1463 2159 dies
1508 2104 1709 2159 habent
1757 2108 1916 2173 5108,
1951 2126 2040 2181 sy-

463 2189 629 2259 zygiaz
655 2200 782 2244 sunt
830 2190 952 2252 175,
994 2193 1167 2260 plenae
1222 2194 1311 2256 91,
1353 2210 1499 2250 cava:
1546 2196 1635 2249 82.
1678 2197 2034 2265 Postremus,

460 2282 576 2335 sive
613 2292 822 2347 sextus,
863 2284 982 2339 dies
1022 2286 1231 2357 colligit
1264 2288 1425 2353 5109,
1464 2289 1649 2344 addito
1682 2308 1810 2357 uno,
1844 2295 1932 2362 qui
1969 2311 2033 2350 ex

461 2374 612 2430 horis
644 2374 677 2427 4
705 2378 1099 2445 appendicibus
1130 2379 1424 2434 conﬂatur.
1474 2383 1687 2437 Accidit
1710 2387 1900 2441 deinde
1923 2389 2035 2457 ple-

459 2482 560 2521 nus
590 2483 657 2525 ex
684 2467 876 2524 diebus
915 2470 948 2524 5
999 2471 1242 2535 mensis,
1299 2473 1394 2540 qui
1445 2473 1674 2545 singulis
1728 2480 2032 2535 tessarade-

454 2560 821 2615 caeteridibus
874 2563 1047 2617 relicti
1094 2572 1240 2619 sunt.
1289 2567 1369 2621 Ita
1414 2571 1647 2639 syZygiis
1681 2581 1896 2625 constat
1947 2573 2034 2629 hic

453 2654 636 2724 cyclus
669 2655 892 2709 ultimus
921 2655 1043 2723 174,
1065 2659 1237 2726 plenis
1261 2659 1351 2723 95,
1384 2660 1535 2716 cavis
1563 2661 1649 2716 81.
1690 2661 2034 2734 Colliguntur

452 2745 686 2815 syzygiae
738 2745 792 2799 in
840 2745 908 2800 84
958 2748 1135 2811 anuis,
1192 2748 1367 2815 1059;
1425 2766 1658 2819 quarum
1686 2753 1859 2821 plenae
1903 2767 2032 2811 sunt

452 2835 580 2903 548,
621 2852 768 2891 cava:
801 2836 895 2891 491
926 2856 941 2905 ;
983 2839 1283 2893 differentia
1340 2842 1644 2910 plenarum,
1669 2855 1721 2897 et
1749 2859 2028 2915 cavarum,

448 2926 538 2980 45.
588 2926 713 2983 Dies
761 2942 926 2998 porro
958 2940 1086 2985 sunt
1112 2930 1310 2985 40679.
1342 2933 1421 2986 Ad
1450 2933 1597 2988 hunc
1632 2936 1854 2990 modum
1881 2939 2029 2993 ordi-

448 3020 567 3073 nari
600 3030 855 3089 poterunt
886 3024 1126 3079 minores
1154 3024 1246 3080 isti
1281 3027 1438 3095 cycli.
1499 3025 1698 3083 Verum
1725 3030 1770 3085 si
1800 3030 2024 3087 alternis

448 3112 734 3181 pleuorum
771 3128 1142 3184 eavorumque
1180 3118 1453 3172 mensium
1507 3132 1862 3190 propagatam
1893 3139 2023 3180 suc-

446 3208 752 3263 cessionem
788 3210 1042 3271 velimus,
1069 3210 1364 3265 bellissime
1396 3212 1447 3266 id
1467 3212 1582 3265 lieri
1610 3215 1819 3282 potuit:
1846 3231 2022 3285 quan-

444 3300 739 3369 doquidem
791 3302 908 3357 dies
956 3300 1131 3357 40679
1179 3321 1274 3374 per
1316 3305 1383 3359 59
1416 3306 1572 3361 divisi
1609 3307 1741 3362 dant
1770 3311 2020 3379 syzygias

445 3394 631 3462 plenas
654 3394 780 3458 5:30,
807 3411 969 3451 cavas
1002 3397 1126 3461 519,
1155 3408 1209 3452 et
1233 3397 1302 3451 28
1324 3398 1440 3454 dies
1464 3400 1725 3469 reliquos,
1750 3402 1840 3470 qui
1870 3411 1924 3455 ut
1951 3402 2019 3456 ad

439 3485 642 3554 justam
703 3486 979 3556 syzygiam
1028 3492 1370 3556 perveniant,
1432 3505 1576 3545 unus
1626 3491 1744 3546 dies
1795 3508 1824 3546 e
1861 3494 2017 3561 plena

439 3575 697 3644 quapiam
730 3576 940 3630 detrahi
976 3588 1182 3647 potest;
1215 3594 1325 3649 quo
1366 3580 1478 3635 sint
1502 3582 1671 3650 plenae
1696 3581 1826 3645 .519,
1864 3598 2013 3638 cavae

443 3670 567 3724 521.
601 3668 715 3724 Hoc
742 3670 789 3723 si
812 3668 985 3725 Judaei
1016 3681 1128 3725 tum
1164 3671 1521 3739 instituerint,
1562 3676 2018 3731 tessaradecaete-

440 3769 614 3823 ridem
666 3769 734 3823 ad
770 3770 1082 3823 methodum
1134 3771 1400 3824 duntaxat
1458 3782 1830 3841 usurparunt;
1887 3790 2013 3830 eum

439 3859 674 3913 civiliter
723 3874 935 3913 menses
972 3856 1212 3914 alternis
1243 3860 1312 3915 50
1346 3869 1400 3914 et
1428 3861 1498 3915 29
1532 3863 1647 3918 dies
1685 3863 2011 3919 obtinerent.

438 3952 651 4006 Atenim
686 3952 835 4007 orbis
888 3952 976 4005 hic
1006 3967 1274 4006 annorum
1333 3968 1535 4007 Lxxxw
1585 3955 1738 4009 abest
1781 3971 1810 4009 a
1847 3956 2014 4012 solari

438 4044 724 4099 ratiocinio
748 4044 915 4099 biduo
936 4044 1174 4112 integro;
1206 4061 1237 4100 a
1270 4045 1448 4101 lunari
1482 4063 1610 4102 vero
1645 4049 1768 4117 plus
1808 4050 2008 4104 triduo.

436 4135 569 4191 Nam
592 4134 794 4191 Juliani
817 4136 887 4190 84
916 4137 1074 4192 annis
1094 4138 1211 4193 dies
1240 4140 1537 4194 coniiciunt
1556 4140 1723 4195 40681
1748 4158 1761 4207 ;
1792 4142 2011 4197 lunares

433 4244 563 4285 vero
593 4230 895 4286 secundum
930 4230 1139 4285 medios
1167 4244 1349 4286 morus
1376 4231 1571 4293 40682,
1623 4232 1760 4289 hor-
1802 4233 1855 4297 6,
1903 4232 2005 4287 51'.

433 4319 643 4378 Desunt
718 4321 904 4392 itaque
973 4323 1716 4393 ogdoecontatessaraeteridi
1769 4323 2008 4381 Iudaicae

2140 1836 2292 1905 cyclo
2320 1836 2761 1894 dissertationem
2793 1856 3085 1913 aggressus
3112 1856 3213 1909 est,
3273 1848 3635 1921 indidemque
3681 1857 3726 1910 id

2138 1929 2284 1996 quod
2306 1931 2468 1983 modo
2497 1930 2701 1985 dictum
2731 1943 2814 1988 est
2840 1936 3151 2009 conﬁcitur,
3193 1938 3417 1997 Judzeos
3445 1945 3729 2016 utriusque

2138 2020 2266 2073 anui
2303 2022 2749 2077 ἀποκατάστασιν
2770 2026 2962 2081 diebus
2992 2028 3168 2083 40679
3186 2032 3373 2099 perlici
3394 2035 3723 2104 credidisse;

2138 2108 2501 2180 Epipliauiutn
2529 2130 2658 2169 vero
2693 2116 2918 2172 biduum
2956 2122 3131 2175 solum
3166 2126 3459 2181 amborum
3489 2130 3722 2185 siderum

2136 2201 2418 2269 pariandis
2448 2206 2755 2261 rationibus
2786 2208 2977 2264 deesse
3011 2214 3168 2267 velle.

2207 2291 2334 2349 Haec
2360 2304 2443 2350 est
2471 2299 2622 2366 prior
2653 2300 2815 2369 hujus
2843 2303 2977 2373 cycli
3011 2303 3221 2361 Judaici
3257 2308 3588 2381 descriptio,
3610 2330 3723 2383 qua

2137 2382 2425 2454 Epiphanii
2469 2388 2650 2444 verbis
2698 2390 2971 2457 innititur,
3022 2396 3151 2450 dum
3204 2400 3281 2451 ait
3328 2399 3553 2457 Judaici
3605 2382 3723 2460 anni

2134 2478 2490 2545 quantitatem
2521 2480 2754 2535 dierum
2794 2498 2916 2539 esse
2964 2486 3104 2551 554,
3136 2488 3258 2545 hor.
3290 2491 3324 2544 8
3358 2496 3616 2561 praecise.
3649 2494 3718 2547 lia

2133 2567 2279 2622 enim
2311 2569 2368 2623 in
2411 2573 2569 2626 annis
2617 2589 2709 2627 XIV
2754 2574 2901 2631 horae
2937 2579 3183 2634 conﬁunt
3226 2582 3352 2645 112,
3379 2586 3500 2640 sive
3528 2588 3648 2641 dies
3670 2591 3720 2651 1,

2133 2658 2252 2713 hor.
2293 2660 2379 2715 16.
2408 2660 2487 2716 Ex
2522 2680 2631 2734 quo
2658 2681 2872 2721 summa
2914 2668 3125 2724 dierum
3162 2679 3276 2727 toto
3312 2676 3468 2745 cyclo
3496 2692 3721 2733 consur-

2131 2750 2209 2821 git
2242 2751 2399 2820 5108,
2433 2754 2552 2809 hor.
2576 2757 2629 2810 4.
2646 2758 2807 2814 Addit
2842 2760 3037 2816 deinde
3062 2778 3097 2816 v
3123 2780 3246 2820 esse
3284 2782 3501 2822 menses
3535 2771 3719 2824 embo-

2131 2842 2465 2900 limos.Tum
2508 2848 2672 2905 horas
2706 2852 2916 2908 detrahi
2947 2854 3083 2911 duas
3111 2857 3178 2912 de
3208 2859 3340 2915 solis
3371 2874 3566 2918 cursu.
3590 2865 3715 2928 Qua

2130 2939 2471 2995 subobscura
2495 2952 2657 3008 sunt;
2689 2946 2783 3000 sed
2835 2956 3115 3017 utcunque
3168 2950 3250 3005 sic
3290 2952 3559 3021 explicari
3596 2971 3715 3024 pos-

2132 3038 2278 3086 sunt.
2317 3030 2552 3089 Causam
2586 3034 2760 3104 affert,
2793 3053 2893 3091 cur
2931 3053 2997 3092 ex
3026 3041 3188 3097 annis
3222 3059 3315 3098 xiv
3343 3046 3560 3116 eyelum
3589 3064 3715 3102 con-

2129 3120 2418 3177 ﬂaverint:
2452 3124 2598 3195 quod
2638 3127 2897 3182 nimirum
2931 3129 3116 3186 lunam
3156 3133 3261 3188 hoc
3293 3135 3348 3188 in
3383 3138 3599 3192 minore
3622 3157 3709 3210 cy-

2129 3211 2212 3267 clo
2244 3213 2484 3269 nondum
2508 3232 2633 3271 cum
2660 3219 2774 3273 sole
2799 3222 3090 3277 conciliare
3120 3226 3414 3292 voluerint,
3471 3231 3568 3284 sed
3598 3234 3708 3285 dies

2128 3305 2431 3375 superﬂuos
2453 3308 2692 3379 quinque
2716 3325 2837 3365 cum
2859 3313 3007 3368 horis
3032 3314 3064 3369 8
3096 3318 3448 3373 reservarint.
3468 3321 3541 3375 Ita
3568 3326 3703 3375 enirn

2128 3400 2207 3466 tit,
2242 3399 2371 3454 utsi
2404 3415 2471 3456 ex
2506 3417 2653 3456 anno
2689 3401 2906 3459 Juliano
2928 3405 3142 3461 decimo
3172 3421 3373 3478 quarto
3408 3412 3527 3467 dies
3561 3414 3706 3467 aufe-

2127 3506 2217 3547 ras
2250 3507 2282 3545 v
2311 3492 2431 3546 hor.
2463 3491 2527 3555 8,
2573 3495 2846 3561 supersint
2889 3495 3015 3560 560,
3058 3499 3241 3553 minus
3290 3500 3439 3556 horis
3473 3503 3701 3560 duabus.

2125 3579 2258 3635 Nam
2302 3582 2347 3637 si
2392 3597 2460 3638 ex
2497 3582 2691 3638 diebus
2716 3585 2886 3650 5108,
2927 3586 3044 3640 hor.
3079 3587 3134 3653 4,
3177 3587 3427 3646 Julianos
3469 3609 3565 3647 sui
3595 3598 3702 3648 exi-

2125 3687 2267 3737 mas,
2317 3672 2432 3727 sive
2474 3674 2590 3729 dies
2633 3675 2811 3744 4748,
2848 3676 2965 3732 hor.
3015 3679 3080 3740 6.
3122 3682 3404 3737 restabunt
3447 3686 3560 3741 dies
3604 3688 3701 3740 κθ

2127 3763 2273 3817 horae
2303 3762 2394 3818 22.
2432 3760 2588 3819 Unde
2633 3766 2952 3837 corrigenda
2984 3767 3275 3840 Epiphanii
3305 3775 3494 3836 verba,
3526 3785 3584 3830 et
3632 3779 3695 3830 ita

2123 3852 2404 3923 dirigenda
2445 3864 2573 3910 sunt
2607 3871 2620 3909 :
2656 3855 2755 3909 Διὰ
2785 3858 2845 3910 τὸ
2883 3860 3237 3932 ἀφαιρεῖσθαι
3278 3864 3388 3918 ἀπὸ
3421 3866 3517 3918 τοῦ
3549 3868 3695 3937 ﬁlia.

2122 3945 2221 4000 κοῦ
2245 3946 2445 4018 δρόμου
2466 3947 2574 4001 τῶν
2603 3947 2709 4014 τξε¹
2729 3950 2949 4020 ἡμερῶν
2974 3953 3135 4006 πέντε
3166 3955 3409 4027 ἡμέρας,
3436 3961 3532 4011 καὶ
3576 3965 3693 4031 μίαν

2121 4035 2291 4108 ὥραν
2316 4037 2756 4109 προστιθεμένων
2775 4040 2883 4111 γὰρ
2910 4042 3017 4095 τῶν
3046 4043 3226 4113 ὡρῶν,
3253 4046 3443 4101 λοιπὸν
3465 4053 3694 4118 γίνονται

2118 4128 2196 4193 τε
2220 4129 2425 4199 ἡμέραι
2456 4130 2607 4202 παρὰ
2648 4130 2796 4204 ὥραν
2846 4133 2993 4202 μίαν.
3030 4134 3100 4189 At
3140 4138 3191 4189 in
3230 4136 3337 4193 [ine
3382 4144 3597 4197 numeri
3628 4144 3689 4197 ita

2118 4218 2254 4290 leg.:
2278 4220 2487 4284 Οἴτινες
2517 4219 2724 4290 ὤφελον
2758 4217 2896 4277 εἶναι
2923 4223 3065 4277 κατὰ
3102 4225 3201 4297 τὴν
3226 4228 3517 4299 ὰκρξὸειαν
3544 4233 3693 4303 τριά-

2118 4328 2282 4365 κοντα
2314 4314 2505 4383 μῆνες,
2532 4313 2626 4365 καὶ
2652 4314 2823 4367 εἴκοσι
2852 4314 2994 4368 ὀκτὼ
3019 4316 3241 4387 ἡμέραι.
3276 4318 3401 4375 Vult
3436 4323 3582 4377 enim
3604 4323 3691 4378 Ju-

434 4415 554 4471 dies
609 4416 664 4479 5,
701 4418 817 4470 hor.
850 4416 904 4470 7.
942 4414 1085 4470 Sane
1115 4414 1320 4472 Judmis
1355 4416 1407 4469 in
1445 4416 1549 4472 hoc
1580 4433 1847 4472 annorum
1899 4420 2007 4473 cir-

2131 4405 2263 4461 imos
2303 4406 2355 4459 in
2383 4420 2557 4460 annos
2596 4406 2663 4460 84
2694 4422 2911 4463 menses
2950 4409 3307 4466 intercalasse
3338 4414 3399 4467 51
3424 4455 3439 4479 ,
3474 4432 3598 4470 cum
3628 4418 3690 4471 50

431 4504 581 4558 cuitu
629 4519 756 4558 cum
788 4504 1066 4558 lunarium
1105 4505 2006 4560 1180018010111111·ἀποκατάστασιν

435 4596 582 4662 tieri;
617 4605 729 4649 tum
764 4596 932 4650 solem
960 4612 1083 4651 cum
1114 4596 1242 4650 luna
1267 4598 1418 4667 paria
1453 4597 1649 4662 facere,
1681 4615 2006 4669 persuasum

432 4700 553 4739 esse
580 4687 839 4755 oportuit.
866 4686 1305 4755 Alioquinullam
1332 4689 1467 4758 cyeli
1496 4689 1660 4758 hujus
1690 4691 2006 4746 instituendi

431 4792 655 4832 causam
682 4776 1021 4834 habuissent.
1048 4776 1229 4844 Quare
1261 4786 1368 4833 tam
1392 4779 1444 4832 in
1472 4781 1669 4835 solaris
1690 4782 1817 4835 anni
1841 4798 2005 4851 quam

432 4869 641 4924 lunaris
670 4868 834 4922 modo
885 4867 1191 4923 deﬁniendo
1244 4868 1534 4923 aberrasse
1570 4885 1796 4926 necesse
1824 4883 1907 4927 est
1938 4873 2006 4927 ab

431 4963 719 5031 utriusque
774 4959 1115 5025 rationibus;
1175 4967 1229 5013 et
1267 4960 1515 5015 lunarem
1542 4961 1761 5030 quidem
1791 4962 2003 5017 dierum

426 5052 553 5114 554,
586 5052 845 5106 horarum
877 5051 910 5105 8
944 5051 1171 5119 praecise
1192 5051 1574 5118 constituisse;
1611 5053 1842 5107 solarem
1873 5069 2004 5109 vero

426 5144 553 5208 565,
595 5132 717 5197 hor.
746 5141 801 5204 5,
835 5130 1106 5208 minus-3%
1144 5142 1258 5199 sive
1284 5130 1336 5214 ξ,
1372 5159 1567 5213 nempe
1620 5146 1827 5199 dierum
1873 5144 2000 5213 565,

426 5239 544 5293 hor.
582 5236 634 5303 5,
658 5238 739 5292 54⁸
759 5232 794 5305 ᾇ
811 5239 916 5301 vel,
942 5238 1066 5304 565,
1086 5240 1176 5300 54,
1207 5240 1286 5293 17¹
1382 5241 1537 5307 Quod
1565 5241 1795 5299 fortasse
1812 5259 2001 5298 verum

422 5339 526 5384 est.
559 5326 696 5382 Nam
732 5329 874 5398 quod
906 5331 971 5382 ad
1001 5330 1169 5385 solem
1196 5341 1423 5401 spectat,
1457 5349 1582 5387 cum
1614 5333 1798 5388 minus
1833 5350 1999 5404 quam

424 5423 458 5474 6
505 5422 670 5477 horas
721 5424 1045 5493 appendices
1098 5425 1166 5478 ad
1209 5426 1314 5480 565
1363 5426 1478 5480 dies
1529 5426 1837 5481 addendum
1880 5440 2003 5481 esse

426 5511 648 5577 scirent,
697 5513 742 5566 si
784 5515 1026 5569 lunarem
1059 5532 1264 5572 annum
1319 5516 1545 5587 praecise
1591 5518 1804 5573 dierum
1862 5518 1998 5587 554,

427 5604 546 5659 hor.
575 5605 609 5659 8
644 5604 902 5671 facerent,
934 5622 1053 5662 eam
1083 5609 1184 5663 soli
1230 5610 1590 5678 quantitatem
1627 5610 1870 5664 tribuere
1902 5625 1999 5679 po-

425 5706 667 5767 tuerunt,
695 5713 816 5768 qua:
851 5715 994 5753 anno
1030 5702 1360 5771 septenario,
1405 5702 1457 5757 id
1507 5712 1588 5757 est
1619 5701 1706 5768 84,
1743 5703 1881 5757 lunae
1916 5719 1997 5758 ra-

2111 4498 2379 4554 duntaxat
2419 4514 2544 4554 cum
2590 4500 2660 4553 28
2703 4501 2896 4557 diebus
2943 4506 3245 4573 computari
3293 4506 3565 4573 debeant;
3594 4511 3687 4563 hoc

2110 4599 2197 4645 est
2226 4593 2457 4663 syzygia:
2492 4591 2651 4658 1059,
2678 4594 2869 4649 etdies
2909 4594 2999 4650 28.
3041 4596 3117 4651 lla
3152 4597 3382 4653 biduum
3413 4601 3571 4655 abest
3598 4600 3683 4655 Ju-

2110 4682 2298 4738 daicus
2340 4684 2524 4754 cyelus
2552 4701 2581 4739 a
2623 4686 2896 4742 solaribus
2950 4690 3107 4744 annis
3163 4675 3459 4762 81;qucm
3504 4707 3558 4750 et
3603 4712 3686 4767 cy-

2108 4771 2252 4826 clum
2277 4772 2522 4829 lunarem
2556 4776 2757 4847 ἀκριὸἧ
2792 4786 2944 4846 putat
2964 4778 3322 4848 Epiphanius.

2183 4862 2444 4934 Sequitur
2492 4866 2888 4937 interpretandi
2929 4871 3065 4940 cycli
3120 4872 3261 4926 ratio
3314 4875 3511 4939 altera,
3543 4888 3602 4931 ut
3636 4888 3679 4931 et

2108 4959 2621 5014 tessaradecaeteris
2673 4959 2792 5014 dies
2844 4963 3042 5017 habeat
3097 4962 3275 5028 5108,
3338 4968 3463 5022 hor.
3515 4972 3684 5033 12,et

2106 5045 2827 5116 ogdoecontatessaraeteris
2884 5052 3001 5108 dies
3049 5056 3276 5123 praecise
3318 5059 3489 5113 40681
3524 5064 3684 5132 ;qui-

2105 5136 2209 5193 bus
2234 5141 2574 5196 vertentibus
2613 5142 2742 5196 luna
2787 5141 3006 5198 Judaiea
3056 5161 3178 5200 cum
3232 5148 3349 5203 sole
3405 5156 3589 5208 redeat
3632 5155 3680 5207 in

2104 5234 2475 5300 colicordiam,
2508 5235 2602 5289 sed
2641 5251 2671 5289 a
2720 5236 2916 5290 mediis
2957 5237 3099 5292 luna:
3133 5241 3377 5297 motibus
3411 5244 3576 5299 biduo
3614 5248 3680 5299 ci-

2102 5327 2279 5382 viliter
2309 5327 2541 5383 aberret.
2570 5326 2725 5393 Quod
2757 5337 2865 5382 tam
2906 5327 2961 5382 in
2995 5329 3224 5397 minore,
3266 5348 3433 5403 quam
3482 5337 3680 5407 majore

2102 5418 2256 5491 cyclo
2283 5419 2567 5489 τεχνικῶς,
2609 5429 2703 5475 aut
2732 5420 2968 5476 civiliter
3003 5420 3117 5476 ﬁeri
3152 5424 3256 5478 hoc
3290 5427 3458 5481 modo
3482 5440 3670 5498 potest.

2104 5512 2635 5576 Tessaradecaeteris
2674 5520 2853 5584 habet,
2889 5528 2945 5574 ut
2980 5520 3183 5575 dictum
3211 5532 3325 5585 est,
3362 5526 3479 5581 dies
3518 5526 3665 5581 5108.

2102 5606 2221 5661 hor.
2271 5607 2373 5674 12,
2404 5610 2530 5663 anni
2567 5610 2790 5666 lunares
2828 5611 3103 5680 simplices
3152 5613 3269 5668 dies
3301 5615 3440 5680 554,
3471 5617 3582 5672 hor.
3611 5616 3657 5671 8.

2102 5702 2182 5757 δι’
2221 5696 2269 5774 ἒς
2306 5707 2520 5786 Syzygia
2555 5725 2681 5765 vero
2725 5710 2812 5776 29,
2848 5710 2933 5776 12,
2984 5709 3066 5765 41’
3092 5698 3215 5780 {-32
3251 5710 3370 5767 Jam
3421 5714 3473 5767 in
3506 5722 3653 5767 tessa-
