3832 6220
155 269 282 328 ῦδὸ

1094 269 1184 325 DE
1219 269 1406 328 ANNO
1438 269 1526 328 ET
1567 269 1678 327 DIE
1719 271 2077 329 DOMINICIE
2121 273 2501 330 PASSIO-N18.

3345 271 3450 329 966

155 384 578 444 radeeaeteride
615 383 850 458 syzygite
883 396 1014 442 sunt
1055 388 1302 453 totidem,
1331 401 1466 461 qttot
1506 391 1561 446 in
1591 392 1758 462 priori
1790 398 1838 454 Α
1868 395 2033 449 thodo
2061 393 2115 462 4,
2147 397 2269 450 hor.
2301 395 2385 450 16.
2419 393 2648 465 Reliqua
2695 410 2726 449 c
2771 379 3146 466 superioribus
3192 395 3448 452 facillima

157 481 468 543 methodo,
501 478 608 534 nisi
657 495 763 534 una
803 478 1034 535 forsitan
1084 482 1262 552 plenis
1301 497 1622 539 accrescere
1669 484 1762 539 deh

161 572 334 636 beat,
365 569 678 641 anticipatis
718 586 786 625 ex
825 581 1085 642 sequente
1111 574 1264 644 cyclo
1308 589 1383 628 xu
1431 575 1604 640 horis,
1641 591 1764 646 qua:

156 661 238 722 ad
291 677 370 716 xu
409 660 714 732 superfluas
753 662 954 732 prioris
993 662 1191 720 additae
1232 664 1376 719 diem
1412 664 1656 733 faciant;
1704 677 1762 722 ut

158 756 240 809 sit
297 755 450 824 prior
499 756 684 826 cyclus
731 755 941 810 dierum
994 755 1153 812 5109.
1203 755 1358 813 Tunc
1401 759 1546 813 enim
1591 760 1762 829 pleme

159 846 408 916 syzygiae
424 844 516 910 92,
534 861 682 900 cavae
698 844 761 899 81
798 847 1152 902 numeranda
1171 859 1321 904 sunt.
1348 848 1637 906 Secundus
1665 868 1762 922 cy-

161 939 295 994 clus
320 938 436 993 dies
464 939 684 993 habebit
719 938 898 1004 5108;
925 941 1118 995 tertius
1156 940 1444 997 duodecim
1475 943 1626 998 horis
1660 960 1760 997 an-

161 1031 412 1102 ticipatis
463 1032 530 1086 de
578 1040 774 1102 quarto
830 1032 1019 1102 cyclo,
1078 1033 1263 1094 5109;
1295 1043 1526 1104 quartus
1586 1034 1755 1101 5108;

161 1125 398 1194 quintus
447 1123 618 1187 5109;
663 1134 852 1178 sextus
901 1124 1063 1190 5108,
1112 1127 1410 1196 additoque
1465 1128 1760 1182 tricenario

161 1230 364 1270 mense
401 1229 466 1268 ex
499 1213 708 1283 epactis
758 1213 1031 1268 solaribus
1075 1214 1413 1283 singularum
1453 1215 1760 1270 tessarade-

158 1306 509 1362 caeteridum
538 1345 550 1370 ,
579 1306 912 1377 colliguntur
959 1306 1076 1362 dies
1117 1305 1328 1371 40681,
1367 1321 1584 1361 menses
1615 1305 1756 1376 pleni

159 1397 302 1462 550,
337 1397 455 1452 cavi
503 1396 634 1460 489,
663 1405 719 1452 et
759 1397 813 1451 in
847 1407 1022 1452 totum
1069 1397 1227 1454 4039.
1274 1396 1448 1452 Porro
1493 1396 1757 1467 τεχνικῶς

157 1492 290 1547 dies
326 1490 489 1558 5108,
517 1491 639 1546 hor.
676 1489 744 1544 12
771 1505 838 1544 ex
884 1490 1027 1545 5115
1057 1491 1178 1547 hor.
1209 1491 1298 1556 12,
1325 1491 1420 1561 qui
1451 1499 1535 1546 est
1579 1488 1756 1544 Julia-

159 1597 370 1638 norum
400 1582 814 1654 quatuordccim
862 1583 1080 1649 modus,
1127 1583 1379 1649 detracti,
1411 1587 1633 1653 epaetas
1667 1597 1755 1635 re-

161 1673 428 1744 linquunt
473 1673 698 1744 praecise
735 1673 854 1729 dies
900 1690 968 1740 v,
1011 1673 1106 1744 qui
1151 1675 1206 1728 in
1247 1674 1500 1729 ultimum
1541 1674 1754 1744 cyclum

159 1759 514 1822 differuntur.

239 1939 446 1996 Frater
471 1940 686 1996 civilem
724 1941 868 1997 hanc
920 1940 1257 2011 singularum
1287 1943 1754 1999 tessaradecaete-

159 2035 354 2090 ridum
397 2033 838 2104 disposltionem,
875 2035 928 2089 in
981 2051 1088 2105 qua
1138 2035 1288 2105 pleni
1335 2051 1552 2092 menses
1591 2052 1755 2092 cavos

161 2135 434 2196 superant
464 2125 554 2194 61,
582 2126 708 2191 alia,
733 2135 794 2181 ut
823 2127 878 2181 in
911 2127 1092 2197 priore
1113 2126 1394 2193 melhodo,
1413 2127 1757 2182 administra-

159 2223 212 2276 ri
241 2221 440 2292 potuit,
472 2220 706 2292 eleganti
735 2235 998 2276 cavorum
1041 2219 1441 2290 plenorumque
1483 2221 1754 2276 mensium

159 2325 337 2384 atque
363 2314 617 2384 aequabili
653 2315 1028 2370 successione.
1062 2313 1199 2367 Nam
1231 2313 1350 2369 dies
1381 2312 1548 2368 50681
1593 2331 1755 2386 syzy-

159 2407 290 2476 gias
307 2406 580 2475 complent
593 2405 822 2461 alternis
841 2406 1055 2474 plenas,
1076 2415 1131 2460 et
1153 2420 1316 2460 cavas
1335 2405 1496 2470 1040,
1511 2415 1564 2461 et
1585 2422 1753 2464 unum

159 2505 428 2566 praeterea
465 2497 631 2552 diem.
665 2495 741 2550 lta
799 2498 972 2568 plena:
1024 2505 1152 2552 sunt
1184 2497 1310 2562 521,
1349 2514 1497 2554 cava:
1528 2499 1658 2554 519.
1695 2499 1753 2554 1n

161 2598 286 2643 tota
321 2603 448 2644 vero
485 2590 709 2659 periodo
735 2590 1016 2644 embolimi
1056 2605 1274 2646 menses
1309 2592 1456 2662 pleni
1483 2601 1615 2648 sunt
1641 2594 1704 2648 51
1736 2611 1751 2660 ;

161 2679 264 2734 sed
284 2696 404 2734 eum
438 2679 577 2735 1010
607 2683 840 2753 syzygia:
871 2683 1089 2739 lunares
1119 2685 1530 2754 postulentdies
1553 2685 1752 2752 50082,

161 2770 335 2826 horas
364 2771 415 2839 6,
431 2772 533 2838 51',
568 2773 796 2828 deerunt
834 2775 902 2830 ad
949 2776 1192 2830 ultimam
1229 2777 1610 2846 complendum
1637 2777 1753 2833 dies

161 2866 222 2931 1,
265 2866 385 2922 hor.
409 2867 464 2922 7.
495 2867 620 2924 ldco
647 2885 930 2939 perperam
973 2870 1050 2925 illi
1075 2870 1282 2940 justam
1315 2874 1594 2943 syzygiam
1630 2887 1754 2927 con-

159 2957 400 3023 ﬂabant,
431 2975 556 3016 cum
604 2975 713 3015 non
759 2961 1026 3032 amplius.
1057 2978 1221 3032 quam
1269 2961 1338 3016 28
1375 2963 1514 3035 dies,
1541 2963 1690 3019 horae
1719 2964 1752 3019 6

161 3057 540 3120 superessent.
572 3049 630 3105 Si
652 3051 798 3106 enim
829 3067 896 3108 ex
929 3053 1021 3115 29,
1042 3053 1131 3119 52,
1163 3053 1268 3116 44',
1302 3071 1424 3126 qua:
1457 3065 1542 3110 est
1573 3057 1748 3112 media

166 3139 417 3212 syzygia,
454 3140 696 3196 deducas
731 3143 782 3208 1,
815 3143 873 3211 6,
915 3139 993 3196 ,⁸51⁸
1038 3155 1368 3215 supererunt
1391 3145 1482 3213 28,
1518 3147 1572 3211 5,
1604 3147 1688 3202 55'
1732 3167 1747 3204 :

163 3232 274 3286 hoc
312 3241 394 3288 est
434 3233 606 3286 εἴκοσι
657 3232 802 3287 ὀκτὼ
854 3232 1088 3306 ἡμέραι,
1133 3235 1229 3290 και)⁷
1275 3230 1417 3308 ὧραι
1459 3239 1648 3308 τρεῖς,
1693 3249 1752 3293 ut

163 3322 312 3394 apud
367 3321 727 3392 Epiphaniam
777 3325 1181 3378 emendandum
1231 3325 1415 3382 fuerit.
1447 3325 1539 3381 Sic
1582 3327 1751 3381 biduo

161 3415 284 3472 fere
310 3415 494 3472 civiles
512 3417 824 3472 neomenias
849 3415 949 3479 τὰς
977 3416 1222 3487 ἀκριϐεῖς
1257 3419 1654 3488 anticipabunt.
1688 3419 1753 3473 Et

162 3509 422 3578 quoniam
452 3508 716 3579 liqderus
749 3508 971 3578 conjicit
1002 3507 1242 3574 Judzeos,
1272 3519 1331 3564 ut
1352 3526 1555 3564 annum
1581 3510 1752 3580 tropi-

163 3619 294 3658 cum
325 3619 448 3658 eum
476 3601 697 3656 Iuliano
724 3601 1104 3669 conciliarent,
1135 3618 1303 3656 unum
1344 3603 1486 3660 diem
1517 3610 1640 3672 post
1660 3617 1752 3672 cy-

163 3695 282 3748 clos
314 3693 550 3763 majores
573 3693 734 3762 duos,
761 3693 878 3750 sive
906 3710 1080 3750 annos
1129 3693 1231 3748 168
1266 3696 1557 3760 exemisse,
1590 3703 1753 3764 atque

163 3788 334 3842 horas
369 3787 423 3840 in
475 3798 806 3859 unaquaque
857 3788 1409 3845 tessaradccaeteride
1439 3769 1613 3854 duas;
1648 3789 1752 3842 boc

161 3881 211 3936 si
243 3894 434 3934 verum
485 3887 592 3950 est,
634 3880 1158 3938 tessaradecaeteris
1189 3881 1411 3937 Juliana
1438 3883 1555 3939 dies
1583 3883 1751 3938 habee

163 3975 248 4031 bit
266 3975 428 4042 5115,
463 3975 588 4034 hor.
625 3974 714 4030 10.
741 3975 788 4029 Α
816 3974 1019 4046 quibus
1043 3975 1286 4046 quinque
1309 3975 1501 4032 diebus
1531 3975 1749 4039 ablatis,

161 4069 262 4138 qui
305 4069 359 4124 in
405 4069 618 4140 cyclum
674 4078 1014 4139 postremum
1046 4079 1422 4134 reservantur,
1455 4077 1752 4138 supersunt

161 4157 332 4226 5108,
362 4158 451 4213 10.
487 4159 558 4214 De
609 4160 812 4229 quibus
850 4159 1097 4215 detracta
1135 4157 1441 4228 quantitate
1489 4159 1750 4212 tredecim

163 4268 438 4308 annorum
482 4251 854 4317 Julianorum,
883 4251 1130 4306 decimus
1179 4258 1412 4320 quartus
1438 4249 1558 4304 dies
1594 4247 1750 4304 aufe~

163 4353 248 4400 ret
273 4331 378 4399 560
413 4349 452 4426 '1.-
471 4359 512 4410 ,ί
539 4353 598 4398 ιιι
627 4344 768 4413 apud
791 4341 1154 4412 Epiphanium
1186 4341 1288 4426 legi
1317 4347 1563 4410 oporteat
1591 4358 1604 4394 :
1629 4341 1754 4392 Λοι-

1863 498 2009 544 sunt.

1931 577 2140 651 Negare
2193 580 2437 652 profecto
2493 595 2656 636 nemo
2703 590 2902 651 potest,
2927 582 3055 652 quin
3093 581 3300 638 utravis
3361 583 3450 638 illa

1863 672 2002 727 ratio
2039 689 2162 728 cum
2209 674 2496 744 Epiphanii
2539 674 2719 730 verbis
2744 683 3029 744 congruat.
3059 674 3328 730 Caeterum
3357 673 3454 729 Ju-

1862 759 2010 813 d;eos
2037 766 2118 815 vel
2153 762 2272 826 hac,
2301 763 2384 816 vel
2411 762 2576 816 simili
2623 778 2887 816 annorum
2939 763 3300 833 dispositione
3349 767 3452 819 sub

1864 849 2092 914 Clu-isti,
2141 851 2381 922 adeoque
2412 854 2516 907 sub
2558 851 2760 908 Nicmni
2801 854 3016 909 concilii
3044 865 3284 923 ten'pora
3317 873 3452 911 usus

1862 961 2004 1010 esse,
2034 962 2155 1014 quae
2173 961 2203 999 a
2226 947 2360 1002 solis
2390 949 2629 1004 motibus
2645 949 2940 1002 aberraret.
2967 948 3136 1002 ruina
3165 962 3312 1013 Sttnl,
3329 965 3451 1019 quae

1862 1035 2210 1105 persuadent.
2238 1035 2342 1090 Sed
2367 1037 2496 1090 illud
2525 1037 2807 1108 inprimis,
2831 1039 2973 1108 quod
3007 1046 3191 1108 postea
3228 1037 3452 1094 demon-

1864 1125 2196 1183 strabimus:
2227 1125 2439 1182 Pascha
2479 1127 2532 1180 iu
2563 1138 2838 1196 postremo
2873 1143 3085 1194 mense,
3131 1129 3182 1184 id
3216 1141 3298 1183 est
3323 1139 3450 1184 ante

1861 1215 2250 1285 atquinnctium
2305 1233 2337 1271 a
2375 1215 2580 1274 Judaeis
2629 1220 2827 1289 smpius
2865 1231 3165 1290 peractum.
3213 1221 3450 1278 Necesse

1861 1311 1945 1359 est
1968 1303 2152 1374 itaque
2183 1305 2356 1360 labem
2380 1308 2616 1377 aliquam
2640 1309 2705 1362 ad
2728 1309 2959 1364 solare-tn
2992 1311 3206 1366 illorum
3242 1329 3447 1368 annum

1862 1393 2160 1462 accidisse;
2215 1406 2435 1466 propter
2461 1413 2626 1468 quam
2663 1414 2692 1452 a
2743 1400 2924 1468 priore
2955 1401 3164 1470 epocha
3225 1403 3447 1459 luxatus

1863 1484 1916 1536 in
1941 1487 2216 1540 anteriora
2259 1488 2582 1542 recesserit:
2614 1489 2924 1558 cujusmodi
2959 1491 3146 1547 vitium
3180 1493 3316 1548 alias
3344 1495 3446 1549 tri-

1862 1575 1990 1641 dui,’
2029 1577 2176 1658 bidui
2207 1579 2346 1634 alias
2377 1581 2608 1646 exstitit,
2649 1583 2701 1636 in
2738 1583 2933 1638 Aurcis
2973 1587 3218 1640 numeris
3251 1601 3362 1658 xrx,
3391 1597 3446 1641 et

1861 1683 1958 1721 vui
1985 1666 2400 1736 Alexandrinis;
2431 1686 2570 1740 quos
2604 1671 2776 1726 Judazi
2809 1673 3084 1744 simplices
3111 1675 3442 1732 habuerunt.

1789 1753 1830 1808 Β
1863 1757 1916 1811 In
1963 1758 2050 1813 his
2085 1761 2228 1814 enim
2262 1761 2473 1816 decima
2504 1771 2698 1832 quarta
2750 1763 2978 1828 lunaris,
3012 1775 3064 1820 et
3095 1767 3314 1836 quidem
3339 1767 3444 1822 Pa-

1859 1849 2062 1904 schalis
2087 1848 2307 1906 .ludaica
2355 1854 2408 1906 in
2441 1869 2573 1908 xvm
2608 1869 2672 1908 ac
2707 1871 2799 1908 XIX
2829 1854 3008 1910 Martii
3035 1858 3310 1923 convenit,
3357 1859 3442 1912 bi-

1859 1941 1988 2004 duo,
2023 1942 2100 1995 uti
2130 1943 2263 2009 dixi,
2303 1945 2554 2000 triduove
2603 1953 2730 2000 ante
2769 1961 2996 2000 vernum
3027 1950 3438 2017 aequinoctium.

1858 2033 1992 2100 Quae
2023 2035 2239 2105 quidem
2269 2038 2420 2094 labes
2451 2039 2506 2092 iu
2539 2039 2641 2094 hoc
2676 2039 2964 2109 Epiphanii
2995 2042 3150 2111 cyelo
3177 2042 3440 2111 paulatim

1858 2127 2089 2183 exsistit.
2142 2129 2418 2199 Siquidem
2461 2131 2514 2184 iu
2547 2131 2714 2201 priori
2746 2131 3022 2195 methodo,
3069 2133 3114 2187 si
3157 2136 3440 2190 neomcnla

1857 2219 2018 2288 primi
2052 2221 2257 2274 mensis
2288 2221 3076 2291 ogdoecontatessarncteridos
3109 2225 3160 2277 iu
3192 2226 3440 2293 :nquiuo-

1859 2312 2026 2368 ctium
2061 2312 2289 2378 incidat,
2324 2323 2512 2384 ntputa
2547 2313 2618 2368 22
2650 2313 2846 2379 Martii,
2867 2325 2992 2385 post
3024 2317 3095 2371 81
3143 2332 3341 2382 annos,
3370 2321 3440 2374 ad

1857 2405 1928 2459 20
1953 2407 2248 2477 perveniet,
2271 2417 2431 2478 atque
2467 2411 2537 2462 ita
2569 2407 2826 2478 deinceps
2866 2409 3006 2463 κατὰ
3033 2410 3333 2480 μετάϐασιν
3361 2414 3442 2476 εἰς

1857 2497 1924 2550 τὰ
1975 2496 2390 2569 προηγούμενα;
2452 2498 2558 2552 nisi
2599 2498 2960 2566 castigatione
3014 2505 3070 2552 et
3104 2499 3312 2554 dierum
3348 2501 3444 2554 ad-

1853 2591 2087 2661 jectione
2119 2601 2437 2646 coerceatur
2469 2609 2483 2645 :
2511 2591 2654 2662 quod
2686 2591 2978 2646 identidem
3007 2591 3200 2674 fecisse
3229 2603 3440 2658 tempo-

1858 2699 1978 2738 rum
2028 2685 2168 2754 apud
2201 2683 2420 2740 Judmos
2471 2685 2840 2740 moderatores
2889 2686 3184 2742 verisimile
3227 2698 3329 2750 est,
3376 2703 3443 2743 ac

1855 2775 2170 2830 neomenias
2207 2775 2500 2844 aliquando
2527 2777 3051 2833 tardius.indixisse.
3088 2779 3155 2832 At
3185 2779 3236 2832 iu
3263 2791 3444 2848 poste-

1855 2865 2000 2919 riore
2029 2865 2286 2922 metltodo
2315 2876 2438 2937 post
2473 2867 2543 2922 84
2583 2883 2759 2922 annos
2783 2869 3080 2924 ueomenia:
3106 2869 3346 2926 Judaica:
3375 2873 3440 2925 ad

1853 2958 2072 3014 eosdem
2108 2955 2357 3014 Iulianos
2397 2959 2514 3014 dies
2544 2959 2803 3026 redeunt;
2828 2961 2920 3016 sed
2945 2962 3198 3017 caelestes
3223 2977 3438 3018 neome-

1857 3051 1976 3104 nias
2005 3065 2116 3104 uno
2165 3050 2274 3115 die,
2311 3051 2464 3106 horis
2513 3050 2544 3102 7
2576 3053 2898 3122 anticipant.
2936 3053 3115 3121 Quare
3150 3055 3325 3124 prima
3351 3055 3442 3112 illa

1855 3145 1997 3199 ratio
2023 3143 2090 3198 ad
2118 3141 2404 3214 Epiphanii
2429 3155 2663 3199 mentem
2697 3145 3006 3214 plusculum
3039 3146 3252 3200 videtur
3281 3162 3440 3202 acce-

1854 3235 2002 3298 dere,
2032 3247 2156 3287 cum
2203 3232 2272 3286 ab
2319 3233 2648 3302 aequinoctio
2691 3236 2989 3304 praesertim
3026 3237 3322 3292 recessisse
3345 3235 3442 3292 Ju-

1854 3326 2041 3383 daicas
2073 3327 2390 3382 neomenias
2426 3329 2726 3384 existimari
2757 3329 2901 3384 velit.
2939 3327 3044 3384 Sed
3075 3340 3128 3386 ut
3161 3331 3294 3400 ipsis
3319 3347 3440 3401 pro-

1853 3420 2140 3490 pemodum
2195 3419 2450 3474 sensibus
2504 3435 2590 3474 res
2623 3428 2734 3474 tota
2787 3421 3128 3490 subjiciatur,
3170 3423 3306 3493 cycli
3340 3421 3441 3478 Ju-

1853 3513 1994 3568 daici
2019 3513 2276 3582 majoris,
2325 3513 2440 3567 sive
2471 3513 3160 3568 tessaraezedecaeteridum
3185 3531 3234 3567 vr
3255 3523 3439 3584 typum

1854 3602 1944 3656 hic
1975 3602 2228 3656 adtexam
2285 3617 2350 3654 ea
2383 3601 2528 3655 civili
2589 3601 2762 3656 forma
2814 3618 2880 3658 ac
2917 3603 3295 3673 dispositione,
3319 3621 3441 3674 qua!

1853 3711 1922 3751 ex
1959 3695 2248 3766 Epiphanii
2293 3695 2662 3764 disputatione
2707 3695 3062 3764 probabiliter
3107 3695 3314 3752 institui
3343 3713 3440 3767 po-

1857 3795 2054 3854 test,ex
2089 3801 2196 3856 qua
2247 3782 2600 3838 manifestum
2649 3785 2782 3852 erit,
2817 3786 3278 3854 quemadmodum
3310 3803 3439 3842 nco—

1859 3877 2054 3933 menize
2076 3877 2242 3932 biduo
2272 3877 2340 3930 ab
2374 3877 2580 3947 epocha
2605 3878 2769 3934 solari
2793 3878 3050 3947 paulatim
3083 3877 3137 3932 in
3170 3879 3440 3934 anteriora

1854 3969 2156 4025 discedant.
2197 3969 2458 4026 Sumatur
2493 3971 2680 4042 igitur,
2735 3979 2796 4024 ut
2851 3971 2904 4026 in
2967 3972 3141 4041 prima
3188 3972 3442 4026 metliodo

1854 4060 2060 4114 dictum
2090 4069 2193 4126 est,
2249 4061 2384 4130 cyeli
2435 4060 2664 4130 majoris
2698 4061 2978 4130 quantitas
3005 4063 3212 4116 dierum
3242 4061 3437 4116 50670.

1855 4153 2024 4222 Cujus
2053 4153 2264 4206 initium
2291 4155 2524 4209 ducatur
2556 4155 2626 4209 ab
2651 4171 2795 4209 anno
2815 4170 2928 4223 per.
2953 4154 3062 4210 Jul.
3091 4155 3255 4220 4663,
3289 4157 3442 4226 cyclo

1856 4243 1998 4299 lunae
2023 4244 2076 4310 8,
2105 4245 2236 4300 solis
2269 4245 2356 4311 15,
2388 4245 2565 4299 littera
2609 4245 2670 4308 C,
2696 4260 2842 4300 anno
2877 4258 3004 4301 ante
3031 4245 3230 4317 Christi
3277 4244 3441 4301 Nata-

1856 4338 1960 4392 lem
2010 4339 2098 4393 51.
2129 4339 2208 4394 lta
2240 4355 2364 4394 cum
2417 4339 2620 4393 Clnisti
2668 4339 2858 4394 Passio
2893 4355 2956 4394 ex
2990 4339 3280 4409 Epiphanii
3311 4357 3441 4396 sen-

163 4437 270 4492 πὺν
295 4425 534 4506 γίνονται
561 4434 640 4500 τξ⁹
661 4435 898 4506 ἡμέραι,
925 4435 1022 4487 καὶ
1067 4435 1218 4506 τρεῖς
1247 4425 1388 4504 ὧραι
1422 4433 1572 4504 παρὰ
1604 4431 1749 4502 ὤραν

1860 4430 2026 4485 tentia
2051 4431 2212 4486 cadat
2243 4431 2295 4484 in
2327 4447 2529 4486 annum
2557 4431 2834 4485 Julianum
2861 4431 2950 4496 76,
2981 4448 3101 4486 a-ra:
3119 4433 3444 4488 Christianae

165 4529 320 4602 μίαν.
361 4527 488 4584 Dies
522 4539 704 4584 autem
749 4531 800 4582 in
841 4527 998 4598 cyclo
1032 4527 1224 4597 majori
1267 4527 1506 4582 confient
1550 4524 1748 4590 50080,

165 4623 256 4690 12,
283 4624 376 4694 qui
411 4639 442 4678 a
478 4623 652 4678 lunari
697 4633 850 4676 motu
896 4621 1094 4676 absunt
1135 4621 1328 4676 diebus
1361 4619 1472 4674 fere
1513 4619 1750 4684 duobus,

163 4716 272 4772 hoc
311 4725 398 4773 est
449 4718 502 4780 1,
533 4716 654 4771 lior.
709 4715 797 4772 18.
829 4715 1098 4783 Quocirca
1152 4713 1372 4769 Judaeos
1410 4711 1753 4784 Epiphanius

159 4811 357 4867 scribit
373 4810 582 4866 medias
599 4809 914 4864 neomenias
940 4809 1300 4878 anticipantes
1314 4807 1753 4873 biduo,ultimam

161 4903 512 4958 tricenariam
561 4903 898 4973 imputasse,
941 4917 1066 4957 cum
1109 4903 1226 4957 dies
1259 4903 1527 4956 duntaxat
1578 4900 1756 4954 forent

159 4995 253 5062 28,
273 4995 396 5049 hor.
419 4995 470 5050 6.
489 4995 666 5065 Atque
687 4997 798 5048 haac
821 4996 1086 5065 posterior
1105 4994 1240 5065 cycli
1270 4991 1635 5048 conformatio
1656 4992 1755 5046 ali-

159 5100 244 5145 ter
280 5087 570 5143 intellectis
598 5085 891 5157 Epiphanii
936 5085 1119 5141 verbis
1157 5083 1450 5156 approbari
1501 5083 1752 5148 videtur;

157 5181 422 5236 nimirum
461 5197 586 5235 cum
613 5161 829 5245 scribit,
865 5180 1022 5235 tertio
1050 5195 1272 5250 quoque
1296 5193 1444 5233 anno
1473 5177 1617 5233 diem
1664 5191 1754 5232 ac-

156 5288 411 5339 crescere
441 5289 509 5328 ex
559 5273 712 5328 horis
748 5273 801 5338 8,
834 5289 958 5343 qua:
985 5273 1216 5344 singulis
1261 5271 1423 5326 annis
1457 5271 1748 5326 accedunt.

153 5363 294 5423 Nam
328 5367 446 5422 haec
483 5367 557 5421 ita
589 5377 822 5437 possunt
852 5367 1046 5436 accipi,
1072 5375 1132 5420 ut
1169 5379 1315 5419 anno
1340 5379 1460 5431 xtn,
1489 5365 1636 5418 hora:
1663 5362 1751 5425 12,

151 5461 499 5531 totidemque
556 5475 702 5516 anno
737 5475 827 5514 xrv
875 5459 1358 5524 additae,biennio
1409 5459 1554 5513 diem
1607 5454 1756 5511 colli-

153 5565 316 5626 gant;
351 5554 498 5626 quod
533 5554 586 5608 in
627 5554 774 5609 hunc
820 5569 1089 5609 annorum
1124 5554 1312 5609 orbem
1358 5553 1580 5609 lunares
1622 5567 1753 5606 neo-

157 5648 356 5704 menia:
373 5657 658 5720 cogantur.
677 5647 752 5704 lta
771 5650 958 5721 cyclus
977 5649 1184 5720 integer
1206 5649 1322 5704 dies
1343 5649 1569 5718 przecise
1591 5647 1754 5718 quin-

157 5756 264 5810 que
293 5743 605 5814 superﬂuos
635 5741 743 5797 sibi
777 5741 1012 5797 vindicat
1048 5760 1062 5796 :
1096 5756 1204 5798 non
1241 5749 1301 5797 ut
1335 5741 1388 5795 in
1417 5740 1601 5812 priore
1631 5753 1746 5793 me-

1857 4525 2164 4580 communis
2191 4524 2281 4586 51,
2324 4525 2430 4578 erit
2465 4524 2510 4579 is
2558 4541 2737 4579 annus
2760 4525 2896 4595 cycli
2939 4525 3165 4594 majoris
3209 4527 3296 4590 82,
3331 4533 3446 4583 tes-

1857 4619 2340 4674 saradecaetcridis
2373 4635 2501 4673 vero
2527 4629 2693 4676 sextae
2723 4635 2902 4674 annus
2939 4619 3024 4686 15,
3056 4621 3206 4691 cyclo
3227 4620 3445 4678 Νίσαιηο

1857 4710 1946 4776 15,
1985 4709 2118 4766 solis
2147 4709 2236 4772 12,
2271 4709 2352 4763 lit.
2390 4708 2456 4763 G.

1928 4801 2024 4858 llis
2074 4801 2491 4867 animadversis,
2545 4800 2912 4856 constituatur
2939 4803 3222 4856 ueomeuia
3277 4801 3442 4858 Nisan

1857 4899 2006 4970 cyclo
2024 4895 2243 4951 Niraano
2273 4897 2306 4950 8
2337 4895 2391 4948 in
2421 4910 2564 4949 anno
2595 4895 2774 4964 primo
2813 4895 3312 4948 tessaraczedccaet.
3346 4896 3448 4961 pri-

1859 4989 2190 5059 nta',Aprilis
2217 5005 2294 5043 vr.
2326 4987 2537 5042 Etenim
2585 5003 2729 5040 anno
2773 4985 2984 5055 periodi
3026 4985 3254 5040 Juliatue
3279 4987 3444 5050 4665,

1856 5083 2008 5154 cyclo
2062 5081 2115 5147 8,
2173 5081 2510 5136 novilunium
2576 5080 2814 5132 medium
2855 5095 2918 5134 ex
2973 5077 3181 5132 Mullcri
3224 5077 3448 5133 Tabulis

1857 5174 2056 5231 accidit
2085 5175 2220 5244 Apr.
2248 5191 2321 5238 ιι,
2353 5175 2498 5230 circa
2533 5173 2768 5228 mediam
2802 5181 3037 5236 noctem,
3065 5171 3167 5226 hoc
3197 5179 3280 5224 est
3310 5171 3442 5240 Apr.

1856 5267 1987 5334 6,0,
2023 5265 2127 5320 58'.
2175 5265 2418 5335 Reliqua:
2469 5265 2773 5319 neomeniaa
2833 5264 3146 5319 necessario
3185 5271 3444 5341 contextu

1855 5375 1975 5416 sese
2000 5368 2116 5414 toto
2137 5360 2190 5412 in
2214 5358 2367 5430 cyclo
2393 5366 2824 5428 consequentur,
2849 5365 2908 5410 ut
2932 5371 2998 5410 ex
3025 5355 3129 5410 hoc
3172 5353 3446 5426 diagram-

1857 5465 2000 5511 mate
2027 5455 2214 5525 liquet.
2239 5452 2296 5507 1n
2335 5469 2445 5524 quo
2478 5453 2700 5509 ordines
2755 5464 2884 5508 sunt
2908 5451 2986 5506 8:
3033 5450 3244 5521 primus
3278 5465 3450 5504 anno-

1856 5564 1980 5604 rum
2037 5562 2328 5602 numerum
2382 5546 2652 5612 continet;
2697 5544 2972 5601 secundus
3021 5543 3234 5615 cyclum
3279 5543 3446 5606 sol-s;

1855 5641 2046 5696 tertius
2074 5641 2212 5695 lunae
2241 5639 2475 5712 cyclum,
2525 5646 2822 5707 utrumque
2855 5633 3168 5700 Nirzetium;
3219 5643 3448 5704 quartus

1856 5736 2067 5792 dierum
2104 5751 2416 5802 numerum,
2449 5735 2544 5806 qui
2601 5732 2832 5804 singulis
2880 5731 3035 5786 annis
3091 5737 3448 5807 competunt.-
