3832 6220
139 327 262 390 969
1081 327 1169 380 DE
1205 325 1390 382 ANNO
1431 327 1520 384 ET
1561 327 1674 382 DIE
1717 327 2070 384 DOMINICE
2109 324 2494 384 PASSIONIS.
3328 329 3436 388 970

1433 448 2044 506 TESSARADECAET.
2070 449 2135 505 V.

309 533 458 598 ’Ληηι
605 611 610 612 ί
687 539 836 612 Cycli
869 538 1070 612 Nicagni
1217 541 1342 598 Dies
1427 559 1604 598 anno.-
1828 541 2128 612 Neomenia
2337 538 2528 612 Neom.
2744 545 2989 609 Qualitas
3223 543 3350 600 Dies

283 613 498 669 Periodi
586 610 746 665 Solis
997 610 1163 668 Luna:
1339 628 1460 668 rum
1879 611 2056 668 Nisan
2363 611 2500 666 feria
2791 617 2921 671 anni
3177 616 3392 672 collecti

375 707 442 761 57
553 703 646 758 X-V
943 703 1032 758 .VII
1367 707 1460 760 ὑπ.
1503 705 1609 761 585
1683 705 1761 761 XV

1865 707 1910 763 I.
2339 705 2380 757 (ἶ
2561 706 2598 759 2
2705 703 2861 760 Emi).
2901 705 2964 761 P.
3265 710 3374 765 585

375 777 444 832 58
553 774 670 828 XVI
765 837 768 842 _
941 771 1058 828 VIII
1504 777 1610 831 554
1683 777 1747 832 IV
1777 777 1880 842 Ap.
2349 776 2401 834 Bp
2567 777 2603 832 ‘2
3270 781 3374 834 759

227 849 274 902 Β
375 847 444 906 59
555 843 694 898 XVII
939 843 1010 896 IX
1501 847 1608 902 554
1681 848 1761 902 XX

1867 843 1944 902 Μ.
2299 841 2342 898 Α
2371 849 2416 904 G
2560 847 2593 900 6
3235 851 3374 912 1095

375 920 443 974 60
551 913 719 969 XVIII
939 913 986 966 X
1369 917 1462 972 ὑπ.
1503 917 1608 972 584
1679 917 1761 971 Xll

1865 959 1870 972 .
2341 918 2381 972 F
2559 919 2594 976 5
2704 917 2858 974 Emb.
2896 919 2958 974 υ.
3234 921 3371 976 1477

377 991 437 1044 61
553 984 676 1040 XIX
937 981 1008 1038 XI
1503 987 1608 1042 554
1679 987 1761 1040 XX

1908 985 2045 1042 Mar.
2337 987 2376 1040 Ε
2553 987 2590 1042 2
3237 987 3368 1048 1851

376 1062 446 1114 6'2
555 1056 650 1110 XX
939 1053 1032 1108 XII
1505 1057 1610 1110 55ft
1680 1057 1780 1112 XX
1809 1057 1881 1111 Μ.
2331 1057 2375 1111 Ι)
2555 1061 2590 1111 6
3207 1061 3376 1116 “2185

227 1131 274 1184 Β
378 1133 448 1186 65
553 1125 673 1180 XXI
941 1125 1056 1182 XIII
1359 1127 1456 1180 ὑπ.
1497 1127 1606 1182 585
1681 1128 1761 1181 Vll

1865 1127 1900 1180 Ι.
2293 1127 2335 1182 C
2366 1129 2408 1181 Β
2551 1131 2586 1183 5
2697 1129 2855 1186 Emb.
2885 1130 2949 1185 P.
3234 1133 3378 1186 2570

375 1205 444 1258 61»
553 1195 693 1252 XXII
939 1197 1057 1251 XIV
1503 1197 1608 1254 554
1679 1198 1761 1252 Xil

1865 1196 1898 1251 [I
1930 1195 2002 1254 Μ.
2329 1202 2374 1256 Α
2555 1201 2590 1254 5
3233 1203 3376 1258 2024

376 1271 444 1328 65
549 1265 718 1322 XXIII
937 1267 1033 1322 XV
1504 1269 1608 1323 585
1679 1269 1761 1322 XV

1865 1265 1932 1322 Μ.
2323 1269 2368 1324 G
2551 1271 2582 1324 7
2693 1269 2844 1326 Emb.
2882 1271 2943 1326 C.
3233 1274 3372 1328 5507

379 1347 446 1396 66
555 1335 722 1390 XXIV
937 1337 1058 1393 XVI
1363 1339 1457 1393 ὑπ.
1501 1339 1606 1394 555
1682 1338 1748 1392 IV

1865 1364 1885 1392 ι.
2330 1339 2370 1394 F
2551 1339 2584 1392 5
3235 1343 3378 1398 5062

229 1415 276 1467 Β
377 1414 446 1464 67
555 1409 698 1464 XXV
937 1409 1076 1462 XVII
1500 1409 1606 1465 554
1673 1409 1761 1462 XX

1908 1408 1979 1464 Μ.
2283 1408 2324 1462 Ε
2359 1409 2402 1463 D
2547 1412 2582 1466 5
3235 1415 3378 1468 tum

378 1485 446 1538 es
555 1479 720 1552 XXVI
936 1477 1108 1552 ῃμι
1378 1551 1387 1552 ί
1499 1479 1606 1552 5st
1673 1479 1761 1552 5n

1865 1477 1918 1534 η.
2319 1479 2362 1552 ρ
2553 1483 2585 1552 7
2691 1479 2850 1538 Emb.
2884 1481 2947 1536 P.
3234 1485 3377 1538 4400
3455 1483 3462 1552 τ

378 1556 444 1609 60
555 1549 742 1606 XXVII
935 1549 1058 1606 XIX
1367 1551 1462 1604 ὑπ.
1501 1549 1606 1606 555
1679 1549 1761 1604 IA

2331 1549 2372 1603 Β
2551 1551 2585 1604 6
3235 1555 3377 1610 4755
3457 1549 3462 1580 ἶ

381 1625 444 1678 70
551 1621 768 1677 XXVIII
940 1621 962 1676 I
1387 1635 1392 1640 ’
1504 1621 1609 1676 554
1678 1619 1761 1674 XX

1865 1619 1991 1676 Mar.
2328 1619 2376 1673 Α
2551 1621 2584 1674 ι
3233 1625 3376 1682 5109

2848 1714 3194 1784 colliguntur
3236 1719 3352 1774 dics
3387 1721 3443 1776 in

1440 1781 1756 1839 TESSARA

1865 1784 2057 1840 nam.
2097 1782 2185 1840 v1.
2347 1855 2349 1860 η
2909 1781 2955 1837 v
2987 1781 3387 1857 Cycnsessu.

235 1883 278 1935 Β
383 1879 442 1932 7t
562 1879 578 1930 l
948 1875 1006 1944 il,
1387 1925 1390 1930 .
1517 1879 1622 1933 585
1695 1879 1848 1932 XM.
2267 1877 2382 1934 or
2543 1880 2568 1932 1
2688 1877 2951 1934 Ειιιιι.ε.
3269 1884 3376 1939 585

386 1949 456 2002 72
563 1951 600 2002 II
952 1948 1020 2002 Ill
1380 1950 1478 2002 ὑπ.
1516 1949 1622 2005 555
1693 1949 1761 2002 X3

1867 1949 1909 2002 Il
1949 1949 2014 2002 id.
2305 1949 2346 2000 E
2545 1947 2580 2002 6
3271 1956 3374 2010 758

387 2021 454 2072 75
565 2021 628 2074 III
951 2017 1021 2072 IV
1515 2019 1622 2074 584
1690 2017 1761 2072 X‘

1894 2017 1964 2072 Μ.
2305 2017 2347 2071 D
2545 2020 2578 2073 ι
2689 2015 2846 2072 Emb.
2883 2017 2945 2071 P.
3235 2025 3374 2080 “9.2

385 2091 452 2142 74
561 2089 622 2141 iV
955 2088 995 2158 v
1384 2133 1392 2148 .
1515 2089 1622 2145 554
1697 2087 1758 2141 vu

1865 2110 1894 2141 ι.
2303 2088 2344 2142 C
2545 2091 2579 2140 5
3235 2095 3374 2150 1476

239 2162 284 2216 Β
386 2160 454 2214 75
563 2159 606 2209 V
953 2157 1018 2209 VI
1377 2157 1621 2213 61:.555
1692 2159 1761 2212 X3

1869 2159 1938 2213 Μ.
2265 2159 2304 2210 Β
2341 2161 2384 2213 Α
2544 2159 2575 2212 7
3234 2165 3368 2220 1851

385 2232 452 2282 “ili
565 2229 628 2283 Π
953 2227 1043 2280 Vll
1515 2231 1622 2286 585
1693 2229 1761 2282 x1

1865 2229 1894 2284 I.
2302 2228 2348 2282 (ἶ
2546 2229 2582 2282 5
2687 2229 2844 2284 Emb.
2871 2231 2932 2284 (Ξ.
3234 2235 3380 2293 2214

387 2301 448 2354 77
561 2299 649 2353 VII
953 2296 1068 2350 VIII
1217 2337 1220 2340 -
1385 2345 1394 2360 ι
1515 2300 1623 2355 554
1693 2300 1733 2352 Il

1865 2341 1868 2351 .
2307 2299 2348 2354 F
2539 2301 2578 2355 5
3231 2305 3376 2362 2568

383 2371 452 2424 78
565 2372 676 2426 \III
953 2367 1021 2421 IX
1380 2369 1476 2423 ὑπ.
1517 2371 1621 2425 555
1693 2370 1834 2424 XXII
1869 2369 1940 2424 III.
2307 2369 2349 2422 Ε
2546 2371 2578 2422 7
3233 2377 3378 2433 2925

239 2443 286 2496 Β
385 2443 454 2516 ’19
563 2441 630 2516 LX
951 2437 1022 2516 ἓ-
1515 2439 1621 2516 ἓξὲξ
1691 2439 1761 2516 ἷξέ

2261 2438 2379 2516 D_C
2689 2441 2844 2496 Emb.
2879 2439 2940 2495 Ρ.
3229 2447 3445 2516 550701)

386 2513 454 2590 23‘)
563 2511 628 2590 ξς.
950 2509 1044 2590 ΞΕ.
1387 2584 1400 2590 -
1515 2511 1622 2590 ἓξὲξ

1871 2511 1940 2590 ἒί·
2303 2511 2346 2590 1.3
2546 2511 2582 2590 ἐ
3223 2509 3444 2590 5661M

385 2583 448 2635 81
565 2582 630 2635 XI
950 2577 1044 2632 XII
1378 2584 1474 2636 ὑπ.
1513 2581 1620 2638 555
1691 2581 1758 2634 XI

1865 2581 1912 2635 νΙ.
2305 2581 2350 2634 Α
2549 2582 2574 2636 1
3231 2589 3376 2644 1016

387 2653 455 2730 {‘13
560 2651 674 2730 ἕξεί.
949 2645 1070 2730 ἔέῑῐ
1509 2653 1616 2730 Ξὲεὲ
1687 2649 1933 2730 Εἱέἓε-.
2269 2651 2384 2730 ..(ὶ..
2549 2651 2583 2730 (ἓ
2695 2651 2948 2710 Εηιδοῧ-
3228 2655 3444 2730 4599(6)

237 2723 285 2776 Β
384 2723 451 2778 85
560 2721 676 2776 XIII
949 2717 1070 2773 XIV
1508 2722 1614 2774 554
1687 2721 1761 2776 Χ)

1884 2719 1957 2775 Μ.
2269 2719 2310 2776 F
2345 2719 2385 2773 Ε
2550 2723 2585 2776 ι
3233 2728 3378 2784 4755

388 2793 457 2847 84
565 2791 684 2846 XIV
949 2789 1045 2844 XV
1372 2795 1466 2848 ὑπ.
1507 2793 1612 2848 555
1683 2792 1761 2848 XI

1865 2833 1878 2846 .
2309 2793 2351 2845 ι)
2554 2795 2579 2847 1
3233 2799 3376 2855 5108

2852 2884 3198 2962 Colliguntur
3235 2895 3354 2950 dies
3387 2897 3442 2951 in

2884 2961 2953 3018 v1
2975 2961 3154 3034 Cyclis
3180 2965 3374 3020 50049.

239 3079 302 3132 in
340 3079 440 3133 hoc
485 3075 636 3148 cycio
665 3075 940 3131 emboiimi
983 3085 1111 3132 sunt
1153 3093 1281 3132 xxx.
1337 3075 1406 3130 At
1441 3076 1626 3148 cyclus
1655 3073 1751 3128 de-
1781 3071 1826 3134 Α
1854 3085 1976 3129 rum
2021 3074 2077 3129 in
2125 3091 2448 3146 unaquaque
2495 3077 3048 3133 tesSaradecaeteride
3114 3077 3203 3133 ille
3252 3093 3444 3133 nume-

163 3173 310 3226 sinit
343 3171 396 3224 in
429 3185 482 3222 tv
513 3169 690 3223 Martii
721 3188 734 3224 :
775 3169 846 3224 ita
879 3179 938 3223 ut
991 3171 1367 3240 ogdoecontat.
1403 3179 1441 3220 Il
1477 3167 1700 3236 incipiat
1725 3181 1756 3220 a

163 3279 200 3316 ν
249 3261 454 3314 Martii.
498 3259 758 3314 Ascendit
801 3261 968 3330 igitur
1024 3261 1305 3314 neomcnia
1349 3259 1417 3312 5:2
1455 3259 1648 3312 diebus
1689 3257 1758 3312 ab

163 3351 388 3420 epocba
431 3349 648 3403 Iuliana
692 3349 854 3418 primi
905 3349 1077 3420 cycli,
1135 3365 1258 3420 qum
1300 3356 1385 3404 est
1433 3363 1481 3401 vn
1531 3347 1754 3418 Aprilis.

165 3443 362 3509 Quare
423 3443 584 3496 debet
639 3441 950 3495 intercalari
999 3443 1203 3496 mensis
1257 3441 1602 3500 tricenarius.
1647 3453 1758 3509 quo

167 3534 468 3588 neomenia
515 3531 926 3586 submovebitur
959 3531 1012 3584 in
1047 3547 1098 3584 tv
1143 3531 1276 3601 Apr.
1307 3541 1361 3586 et
1389 3531 1555 3586 biduo
1585 3547 1612 3585 a
1647 3533 1760 3600 pri-

167 3641 270 3682 sca
325 3625 535 3696 cpocha
587 3625 825 3679 recedet.
875 3623 1031 3690 Quod
1083 3633 1200 3678 erat
1247 3621 1756 3678 demonstrandum.

171 3720 288 3774 Sed
327 3717 665 3788 Epiphanius
711 3717 788 3771 ait
829 3731 1074 3771 mensem
1110 3715 1262 3770 illum
1308 3713 1510 3768 embol.
1555 3714 1764 3768 tricesi-

169 3827 332 3866 mum
370 3811 610 3878 primum
649 3808 850 3877 conjici
886 3808 938 3861 in
988 3823 1194 3861 annum
1233 3805 1323 3860 85.
1361 3805 1547 3876 Itaque
1582 3821 1760 3859 annus

167 3904 395 3973 primus
423 3901 560 3972 cycli
602 3899 829 3956 secundi
867 3899 1027 3955 inibit
1058 3917 1090 3954 x
1120 3899 1321 3954 Martii.
1367 3897 1468 3954 Ubi
1505 3905 1558 3953 et
1585 3896 1758 3954 Judaei

169 3995 392 4067 cyclum
419 3995 674 4064 ﬁgebant,
711 3993 838 4062 quia
865 3991 1088 4047 citimus
1117 3992 1338 4046 illorum
1373 3991 1638 4046 terminus
1672 3990 1762 4042 tri-

169 4085 290 4142 duo
319 4085 600 4138 Nicaenum
637 4081 931 4136 antecedit.

247 4175 518 4229 Caeterum
547 4171 820 4227 Victorius
845 4173 1156 4242 Aquitanus
1185 4171 1241 4225 in
1278 4171 1466 4226 eadem
1502 4171 1593 4225 illa
1615 4169 1762 4225 Prm-

173 4268 409 4332 l'atione,
446 4267 582 4337 cycli
618 4275 818 4319 Lxxxw
867 4265 1138 4318 annorum
1176 4261 1448 4328 meminit,
1499 4267 1758 4332 tanquam

173 4375 205 4416 ι
253 4359 538 4414 nonnullis
582 4357 649 4411 ad
694 4355 963 4410 Pascitale
1008 4354 1282 4424 negotium
1334 4353 1757 4409 accommodati.

1859 3181 1954 3221 rus
1988 3177 2090 3232 est,
2119 3182 2280 3236 quem
2310 3167 2716 3235 constituimus,
2758 3167 2920 3234 5108,
2951 3170 3037 3224 vel
3069 3169 3233 3232 5109.
3268 3171 3439 3226 semel

1858 3274 1990 3313 vero
2012 3259 2148 3314 5l07
2173 3277 2187 3324 ;
2217 3261 2360 3314 civili
2395 3261 2446 3316 id
2481 3261 2691 3316 ratione
2717 3261 3046 3330 postulante.
3079 3261 3219 3316 Tum
3251 3275 3438 3333 περςτέ

1857 3349 1950 3402 ταὶ
1999 3348 2202 3420 ἡμέραι
2248 3349 2412 3404 tertio
2469 3365 2686 3420 quoque
2742 3363 2916 3415 anno;
2975 3352 3252 3409 embolimi
3313 3363 3441 3408 vero

1860 3448 2078 3497 menses
2107 3441 2334 3506 ἐναλλάξ
2379 3443 2522 3512 pleni
2545 3481 2560 3504 ,
2599 3442 2828 3513 cavique
2849 3484 2864 3509 ,
2912 3451 2964 3497 ct
3007 3445 3060 3497 in
3092 3444 3320 3514 singulis
3349 3459 3442 3516 cy:-

1859 3533 1958 3588 ciis
1989 3547 2052 3598 v;
2109 3533 2164 3587 in
2207 3534 2812 3602 tessaradeca‘eteribus,
2852 3534 3128 3589 embolimi
3164 3551 3291 3606 xx_x.
3329 3519 3442 3590 Imo

1858 3641 1990 3682 vero
2021 3643 2174 3681 xui.
2219 3625 2353 3680 Nam
2387 3626 2608 3682 totidem
2653 3626 2906 3696 imputari
2953 3628 3186 3694 debent;
3229 3635 3288 3683 ut
3330 3629 3441 3683 sint

1859 3716 1976 3771 dies
2009 3717 2064 3770 in
2106 3717 2730 3788 ogdoecontatessaraet.
2771 3717 2970 3772 50679.
3000 3717 3070 3772 At
3102 3717 3442 3788 Epiphanius

1860 3807 2113 3862 ultimum
2145 3809 2562 3864 emboiimorum
2599 3809 2667 3864 ad
2708 3807 2926 3864 initium
2966 3809 3100 3880 cycli
3129 3811 3438 3879 sequentis.

1860 3901 1974 3955 sive
2014 3917 2220 3956 annum
2251 3901 2322 3956 85
2365 3901 2559 3971 rejicit.
2616 3899 2771 3956 Unde
2816 3902 2966 3972 prior
3013 3901 3200 3972 cyclus
3245 3897 3440 3957 diebus

1863 4000 2086 4046 constat:
2108 3989 2284 4047 50649
2309 4010 2323 4058 ;
2359 3992 2632 4047 secundus
2659 3991 2858 4058 50709,
2885 3991 3216 4061 habebitque
3244 3991 3439 4046 embo-

1859 4083 2020 4137 limos
2058 4083 2164 4146 52;
2232 4080 2436 4153 alioqui
2483 4085 2712 4138 nimium
2757 4083 2828 4138 ab
2883 4083 3090 4153 cpocha
3141 4083 3442 4139 neomenia

1859 4176 2198 4238 recederent.
2239 4175 2481 4242 Quarum
2519 4175 2738 4248 quidem
2782 4175 3194 4231 neomeniarum
3229 4176 3442 4248 προέμ-

1861 4284 2088 4334 πτωσιν,
2128 4275 2182 4321 et
2213 4267 2508 4338 μετάϐασιν
2541 4270 2620 4332 εἰς
2645 4267 2713 4320 τὰ
2743 4253 3134 4338 προηγούμενα
3162 4265 3217 4320 in
3246 4265 3438 4322 eodem

1862 4353 2263 4424 Diagrammate
2301 4363 2460 4428 potes
2507 4356 2726 4411 intueri.
2774 4352 2911 4408 Nam
2965 4358 3090 4424 post
3135 4353 3441 4424 quamlibet

179 4451 254 4508 Ut
283 4457 546 4521 appareat
580 4463 690 4502 non
721 4446 941 4502 Judaeos
967 4447 1167 4512 solum,
1197 4445 1292 4501 sed
1331 4455 1385 4500 et
1414 4445 1762 4500 Christianos
1793 4435 1838 4490 Β
1865 4449 2490 4515 tessaradecacteridem,
2521 4463 2555 4502 v
2584 4447 2726 4503 dieb.
2781 4455 2838 4502 et
2881 4445 3031 4501 horis
3075 4445 3110 4500 8
3153 4445 3438 4501 neomenia

177 4543 456 4615 ejusmodi
489 4557 757 4596 annorum
803 4541 936 4595 orbe
984 4551 1116 4593 usos
1141 4537 1438 4606 aliquando
1470 4535 1662 4592 fuisse.
1699 4535 1765 4590 Et

178 4647 310 4692 ante
353 4633 656 4689 Victoriam
693 4631 934 4702 Cyrilius
975 4631 1029 4683 in
1071 4627 1433 4692 Prmfatione,
1482 4643 1645 4698 quam
1696 4627 1764 4682 ad

175 4729 396 4801 cyclutn
422 4741 582 4782 suum
615 4724 806 4786 edidit,
825 4737 948 4792 quae
979 4721 1034 4776 in
1061 4722 1254 4776 eodem
1281 4721 1470 4777 codice
1491 4721 1762 4784 exstabat,

175 4817 534 4888 reprehendit
561 4814 720 4877 illos,
757 4813 852 4883 qui
887 4827 1090 4866 uutv
1133 4827 1405 4868 annorum
1451 4812 1764 4882 paschalem

177 4911 396 4984 cyclum
441 4909 818 4970 instituerunt,
870 4905 986 4960 sive
1021 4913 1226 4975 septem
1261 4905 1762 4975 quatuordecenni-

175 5011 376 5060 talum.
403 5003 483 5054 Ita
505 5000 650 5054 enim
675 4997 908 5053 Latinus
939 4995 1210 5066 interpres
1239 4997 1528 5051 convertit.

175 5115 503 5171 ﬂectantur
523 5111 787 5166 Iudaicus
815 5113 904 5164 i’le
927 5111 1128 5194 curius,
1150 5109 1364 5179 eiusque
1391 5109 1760 5178 opportunitas

843 5191 1090 5250 aperitur.

249 5273 380 5330 Fuit
413 5274 549 5338 haec,
583 5274 665 5328 vel
707 5287 830 5328 esse
872 5273 1068 5342 potuit,
1100 5271 1276 5325 civilis
1303 5269 1590 5338 utriusque
1623 5269 1760 5340 cycii

179 5366 519 5437 dispositio:
571 5367 626 5420 in
675 5380 786 5434 qua
837 5365 902 5418 ad
963 5363 1224 5417 amussim
1278 5363 1556 5416 observata
1615 5361 1761 5415 vides

179 5459 390 5525 omnia,
420 5473 542 5527 qua:
566 5456 726 5525 paulo
755 5461 881 5508 ante
910 5453 1183 5521 disputata
1209 5459 1358 5506 sunt.
1391 5449 1525 5505 Nam
1557 5460 1613 5507 et
1646 5449 1762 5506 die-

1861 4537 2030 4593 Nisan
2078 4537 2309 4608 primam
2363 4539 2626 4608 epocbam
2685 4533 2991 4591 antevertit.
3049 4533 3119 4590 Ut
3165 4534 3212 4590 si
3265 4533 3441 4604 primo

1869 4643 2017 4682 anno
2047 4629 2184 4700 cycli
2225 4628 2510 4684 neomenia
2543 4625 2710 4682 Nisan
2739 4626 2873 4695 Apr.
2909 4639 2960 4678 v1
2993 4621 3279 4693 contigerit
3306 4623 3444 4676 hora

1864 4721 2060 4777 merid.
2085 4721 2291 4776 exactis
2326 4737 2416 4776 xlv
2447 4719 2625 4775 annis.
2653 4717 2721 4773 ad
2751 4713 2870 4772 Kal.
2907 4709 3042 4787 Apr.
3073 4713 3464 4786 regredietur;,

1863 4821 1919 4868 et
1947 4814 2004 4869 in
2028 4814 2220 4868 horam
2257 4829 2310 4866 tv
2332 4821 2452 4884 post
2478 4811 2710 4866 mediam
2737 4819 2951 4864 noctem
2981 4807 3178 4862 incidet
3205 4807 3259 4860 in
3284 4805 3350 4858 A.
3375 4803 3440 4858 Ι).

1868 4901 1987 4959 Kal.
2021 4903 2154 4974 Apr.
2189 4915 2350 4974 atque
2387 4905 2458 4957 ita
2486 4901 2742 4972 deinceps
2785 4897 3067 4956 neomenia
3109 4895 3336 4950 Iudaica
3373 4895 3444 4948 ab

1867 4997 2072 5067 epocha
2124 4996 2284 5065 primi
2325 4995 2564 5060 mensis,
2593 4989 2649 5047 et
2689 4991 2854 5047 solari
2887 4987 3102 5058 longius
3149 4984 3438 5050 abscedet,

1866 5087 2046 5142 donec
2078 5087 2326 5139 volvente
2355 5083 2562 5154 majore
2606 5081 2791 5153 cyclo,
2838 5093 2965 5134 cum
2993 5077 3108 5148 jam
3141 5089 3291 5130 χχιιι
3323 5072 3442 5128 die-

1866 5177 1972 5232 bus
1999 5183 2268 5230 retroacta
2303 5173 2484 5240 fuerit,
2509 5170 2918 5227 intercalatione
2953 5166 3100 5238 pleni
3141 5163 3349 5221 mensis
3375 5163 3444 5218 ad

1867 5269 2154 5340 pristinam
2197 5265 2460 5336 epocham
2499 5271 2752 5318 revocata
2793 5259 2957 5317 biduo
3003 5259 3270 5314 duntaxat
3297 5254 3412 5309 anti

1869 5355 2090 5430 cipabit.

1941 5448 2160 5520 Epocha
2207 5445 2506 5505 neomenia:
2554 5439 2726 5502 Nisan
2778 5444 2832 5500 in
2883 5441 3036 5511 cyclo
3079 5433 3302 5492 Nicamo
3345 5443 3444 5490 vttt

273 5617 334 5680 α)
371 5616 561 5670 Annus
608 5611 986 5681 Baptismi_ex
1019 5607 1349 5681 Epiphanio
1375 5608 1446 5681 Δἰῐι
1491 5623 1586 5681 Vl_ll
1633 5605 1896 5681 Novemb:

273 5618 334 5680 α)
371 5618 561 5670 Annus
609 5618 868 5681 Baptismi
918 5624 986 5664 ex
1043 5618 1349 5678 Epiphanio
1393 5618 1446 5662 in
1491 5623 1586 5662 vni
1633 5618 1896 5664 novemb.

278 5687 334 5754 ὁ)
375 5683 474 5740 Hic
518 5693 602 5738 est
644 5697 820 5738 annus
877 5679 1140 5749 Baptismi
1187 5675 1487 5733 secundum
1539 5677 1766 5734 Latinos
1796 5695 1850 5734 VI
1874 5676 1999 5733 Jan.

251 5618 330 5830 Ic)
372 5755 471 5813 ilic
505 5763 589 5810 est
624 5768 755 5807 ann.
785 5748 1068 5820 Passionis
1093 5763 1159 5802 ex
1186 5747 1454 5820 Epiphan.

280 5747 330 5826 ε)
372 5755 471 5813 ilic
505 5763 589 5810 est
624 5768 755 5807 ann.
785 5747 1068 5820 Passionis
1093 5763 1159 5802 ex
1186 5747 1454 5820 Epiphan.

516 5847 796 5908 ΡΑτιιοι..
843 5841 963 5903 Gn.
1009 5839 1203 5902 XLII.
