3832 6220
383 262 481 322 971

1472 257 1514 313 Α
1529 257 1824 314 PPENDIX
1858 255 2414 316 DISSERTATIONU
2426 259 2496 315 M.

3543 263 3646 317 97')

383 386 466 433 est
495 375 699 446 Aprilis
721 391 774 429 vr
797 392 810 441 ;
835 375 988 447 cyclo
1015 389 1145 431 vero
1168 390 1266 429 xui
1294 384 1375 430 est
1400 373 1576 430 Martii
1605 391 1705 444 xu,
1727 390 1792 429 eo
1816 373 1960 442 quod
1990 377 2036 434 A
2066 374 2273 444 aliquot
2313 376 2600 431 neomenia
2645 374 2810 431 Nisan
2845 378 2908 431 ad
2945 395 2974 430 v
3030 377 3203 432 Martii
3240 379 3459 434 redacta
3513 377 3650 432 fore:

381 469 586 525 Christi
630 468 858 536 sarculo,
908 469 1059 539 cyclo
1092 483 1192 522 χιιι
1242 468 1523 523 neomenia
1556 469 1608 523 in
1640 469 1786 522 illum
1818 468 1960 522 diem

383 559 737 616 incurrebat:
783 575 814 615 a
845 575 955 631 quo
987 559 1089 614 sub
1137 556 1337 614 Nicmni
1385 559 1600 614 concilii
1633 571 1844 628 tempus
1892 558 1960 612 ad

382 666 438 707 ιι
464 651 702 707 transiit.
762 650 866 705 Sed
914 652 967 705 in
1015 649 1239 705 Judaico
1265 651 1416 722 cyclo
1444 651 1615 719 prima
1652 651 1960 706 tessarade-

381 755 519 803 caet.
565 747 902 802 neomeniam
937 746 1154 802 exhibet
1186 746 1238 801 in
1283 762 1383 812 xu,
1419 746 1655 801 secunda
1691 746 1744 798 in
1787 761 1873 809 ιιι,
1907 754 1962 799 et

381 841 455 896 ita
490 841 743 911 deinceps
798 855 972 910 usque
1017 842 1084 894 ad
1138 857 1227 908 rx;
1261 849 1340 895 et-
1374 849 1593 910 propter
1631 841 1958 896 incidentem

380 933 689 989 bisextilem
727 933 868 987 diem
904 933 969 987 ad
1007 948 1101 987 vut
1143 935 1306 987 etiam
1342 933 1592 987 recurrit.
1624 933 1783 988 Anno
1838 933 1960 1001 qui-

379 1025 502 1080 dem
536 1024 752 1080 Juﬁano
785 1022 850 1078 76
887 1021 1054 1078 Nisan
1105 1022 1281 1078 Martii
1315 1042 1368 1079 tx
1398 1023 1532 1078 feria
1566 1039 1618 1078 vt
1660 1025 1957 1080 convenie-

378 1115 500 1181 bat,
533 1113 676 1184 quod
709 1112 776 1168 ad
799 1113 1084 1184 Epiphanii
1120 1115 1467 1180 sententiam,
1499 1122 1776 1182 totamque
1811 1115 1956 1168 illam

379 1207 445 1263 de
475 1205 756 1262 Passionis
780 1220 924 1260 anno
961 1220 1024 1260 ac
1057 1206 1143 1261 die
1189 1207 1544 1275 qumstionem
1577 1205 1958 1274 explicandam

380 1296 842 1367 opportunissime
880 1296 1094 1352 cecidit.
1141 1295 1286 1362 Quin
1327 1305 1380 1352 et
1409 1296 1638 1352 alterum
1678 1296 1956 1361 laterculi,

379 1408 442 1448 ac
472 1391 680 1447 Judaici
713 1390 856 1445 illius
891 1389 1025 1460 cycli
1061 1388 1301 1444 fructum
1352 1399 1516 1459 atque
1560 1404 1718 1444 usum
1766 1389 1957 1457 paucis

378 1484 638 1554 aperiam.
669 1479 818 1536 Scito
846 1480 1009 1550 igitur
1031 1480 1367 1550 probabilem
1394 1495 1458 1534 ex
1484 1493 1548 1533 eo
1567 1493 1791 1534 causam
1812 1478 1956 1542 elici,

377 1559 473 1630 cur
524 1571 836 1628 Iudaeorum
880 1570 1047 1625 Nisan
1099 1571 1167 1624 ab
1216 1570 1419 1640 epocha
1469 1569 1674 1634 veteri,
1729 1569 1833 1624 hoc
1876 1575 1960 1624 est

382 1667 746 1739 aequinoctio,
791 1666 1088 1737 itidemque
1118 1665 1435 1721 Latinorum
1489 1664 1696 1735 primus
1754 1665 1959 1719 mensis

2067 467 2434 536 deprehensa,
2467 469 2603 538 cyeli
2632 469 2784 531 labe,
2815 472 3057 523 animum
3105 470 3170 523 ad
3203 471 3649 524 emendationem

2064 558 2394 630 adjecerint,
2444 568 2498 614 ct
2545 559 2652 613 alio
2693 560 2829 629 cyeli
2867 576 3063 629 genere
3111 561 3438 623 constituto,
3487 559 3649 626 hujus

2065 651 2276 704 initium
2334 651 2390 704 in
2441 651 2634 705 eodem
2689 651 2782 705 illo
2845 668 2990 706 anno
3055 651 3309 714 ﬁxerint,
3365 652 3461 718 qui
3529 665 3649 703 enin

2063 738 2834 808 ogdoecontatessaraeteridis
2897 739 3178 808 sequentis
3261 738 3476 807 primus
3505 778 3523 802 ,
3591 752 3652 788 ac

2062 825 2288 894 proinde
2329 825 2704 880 embolimaeus
2765 839 2888 879 esse
2933 826 3188 891 deberet;
3239 826 3387 879 hunc
3432 825 3650 894 ipsum,

2063 919 2250 980 utpote
2280 911 2417 981 cycli
2449 912 2683 966 recentis
2719 912 2968 974 initium,
3006 927 3354 966 communem
3391 910 3649 965 fecerint.

2063 997 2139 1052 Ita
2173 999 2420 1068 contigit,
2451 1008 2511 1052 ut
2535 999 2791 1068 deinceps
2819 999 3003 1054 citima
3033 1000 3314 1053 neomenia
3365 998 3420 1052 in
3470 996 3655 1051 Martii

2063 1107 2114 1156 v,
2145 1107 2236 1144 xw
2269 1091 2398 1144 luna
2427 1089 2603 1145 Martii
2633 1107 2766 1145 xvut
2803 1091 3134 1146 constiterit.

2065 1201 2395 1272 Epiphanius
2427 1204 2492 1257 ab
2526 1204 2702 1274 inepta
2736 1204 2996 1276 Scaligeri
3043 1207 3442 1275 reprehensione
3479 1208 3659 1262 vindi-

2763 1289 2934 1330 εαιιιν.

2134 1364 2420 1421 Postremo
2450 1367 2518 1422 de
2543 1368 2641 1424 hoc
2661 1367 2979 1424 Iudaeorum
3004 1370 3156 1441 cyclo
3187 1371 3486 1439 disputans
3523 1371 3659 1425 Sca-

2064 1459 2197 1530 liger
2234 1460 2326 1514 lib.
2363 1477 2399 1514 ιι
2436 1460 2512 1513 De
2556 1460 2784 1526 cmend.,
2815 1477 2867 1530 p.
2919 1461 3019 1516 146
3055 1481 3068 1516 :
3147 1461 3510 1532 Epiphaniam
3564 1479 3660 1514 no-

2064 1562 2256 1618 strum,
2285 1563 2342 1608 ut
2379 1565 2425 1608 et
2478 1571 2655 1608 omnes
2689 1565 2883 1608 veteres
2923 1557 3201 1625 scriptores
3248 1556 3347 1608 hac
3400 1558 3456 1609 in
3504 1568 3660 1623 parte

2066 1645 2221 1716 (hzec
2275 1646 2416 1701 enim
2466 1648 2611 1701 illius
2667 1646 2835 1701 verba‘
2885 1647 3072 1717 sunt),
3113 1646 3443 1716 negligentior
3499 1649 3659 1716 culpa

305 1778 314 1786 ·
381 1761 735 1817 aberraverit.
795 1760 953 1826 Quod
994 1761 1138 1814 enim
1189 1772 1275 1814 xiv
1326 1757 1491 1814 Nisan
1546 1758 1601 1812 in
1648 1758 1955 1828 aequinoctii

2065 1737 2288 1794 liberare
2313 1755 2367 1794 se
2393 1750 2548 1810 negat
2580 1756 2749 1808 posse.
2776 1739 2880 1795 Sed
2909 1759 3010 1796 non
3043 1744 3251 1806 melior,
3301 1744 3511 1813 inquit,
3557 1753 3655 1797 tes-

378 1853 522 1908 diem
574 1853 750 1924 ipsum
821 1853 951 1907 olim
1004 1850 1295 1916 inciderit,
1353 1851 1550 1906 docent
1606 1849 1960 1905 vetustissimi

2066 1835 2554 1888 saracwdecaeteris
2586 1873 2600 1896 ,
2642 1849 2800 1902 quam
2831 1850 2932 1888 non
2959 1835 3129 1888 solum
3167 1847 3220 1890 ut
3251 1836 3477 1905 probam
3506 1847 3562 1888 et
3589 1836 3660 1887 ιε.

381 1923 694 2002 Judarorum
730 1945 976 2017 magistri
1009 1964 1021 1999 :
1055 1944 1322 2015 inprimis
1361 1944 1688 2016 Agathobnli
1730 1943 1858 1997 duo.
1897 1941 1955 1998 Et

2065 1924 2302 1992 gitimam
2338 1923 2555 1978 adducit
2585 1925 2722 1979 idem
2761 1925 3090 1996 Epiphanius
3119 1969 3134 1992 ,
3164 1929 3252 1981 sed
3290 1926 3526 1981 Juda'os
3555 1943 3660 1980 non

379 2035 728 2092 Aristobulus
759 2037 952 2090 horum
979 2035 1300 2106 discipulus,
1332 2035 1424 2104 qui
1459 2051 1600 2090 unus
1635 2049 1663 2088 e
1687 2033 1828 2087 LXX
1865 2033 1963 2089 Se-

378 2128 624 2183 nioribm
657 2126 758 2182 fuit
781 2169 796 2195 ,
829 2127 970 2197 apud
1007 2126 1323 2181 Anatolium
1359 2128 1409 2181 in
1444 2126 1777 2198 fragmento,
1812 2125 1960 2196 quod

376 2218 578 2275 Euseb.
607 2218 739 2273 citat
784 2217 822 2272 l.
853 2233 928 2272 vn
967 2215 1137 2281 Hist.,
1193 2233 1241 2271 c.
1274 2209 1364 2270 27.
1404 2218 1669 2271 Asserunt
1706 2217 1848 2270 enim
1895 2214 1963 2268 τὰ

379 2307 712 2378 Διαϐατήρια
731 2306 879 2361 Θύειν
900 2307 1008 2360 δεῖν
1041 2305 1155 2376 μετ’
1189 2305 1473 2377 ἰσημερίαν
1495 2305 1716 2376 ἐαρινὴν
1745 2304 1964 2375 μεσοῦν.

377 2416 469 2464 τος
490 2399 582 2454 τοῦ
625 2397 841 2470 πρώτου
895 2396 1083 2468 μηνός.
1127 2397 1272 2452 Idem
1315 2407 1368 2452 et
1413 2397 1647 2452 Musreus
1681 2409 1830 2451 vetus
1858 2395 1960 2449 Ju-

380 2495 618 2547 dteorum
648 2492 883 2562 scriptor
917 2491 1125 2546 docuit.
1174 2491 1276 2545 Sed
1315 2499 1367 2545 et
1401 2489 1557 2544 Philo
1610 2490 1700 2543 lib.
1749 2489 1822 2543 De
1855 2491 1962 2543 vita

379 2583 547 2638 Mosis
583 2599 600 2638 :
632 2582 742 2654 Τὴν
793 2583 969 2654 ἀρχὴν
996 2582 1094 2650 τῆς
1139 2580 1361 2651 ἐαρινῆς
1407 2581 1693 2650 ἰσημερίας
1745 2579 1960 2650 πρῶτον

378 2675 684 2745 ἀναγράφει
727 2673 872 2745 μῆνα
917 2672 1177 2742 Μωῡσῆς.
1215 2670 1567 2741 Astipulatur
1605 2679 1658 2724 et
1689 2669 1960 2740 Josephus

379 2769 416 2822 1.
454 2783 513 2822 ιιι
546 2767 717 2838 0rig.,
745 2781 794 2821 c.
833 2765 900 2820 10
933 2781 947 2816 :
979 2763 1068 2835 Τῷ
1093 2764 1148 2817 δὲ
1179 2763 1308 2836 μηνὶ
1339 2762 1415 2834 τῷ
1446 2761 1714 2831 Ξανθικῷ,
1739 2761 1798 2825 ὃς
1824 2762 1958 2814 Νισ-

385 2861 483 2915 σὰν
513 2860 641 2929 παρ’
669 2861 800 2929 ἡμῖν
834 2858 1098 2921 καλεῖται,
1140 2857 1232 2909 καὶ
1275 2854 1369 2908 τοῦ
1406 2855 1558 2917 ἔτους
1601 2855 1747 2907 ἐστὶν
1777 2853 1919 2926 ἀρχὴ
1946 2894 1959 2917 ,

382 2949 950 3022 τεσσαρεσκαιδεκάτη
1019 2947 1159 3000 κατὰ
1232 2945 1459 3017 σελήνην
1536 2947 1594 2998 ὲν
1652 2946 1808 3017 Κριῷ
1863 2945 1958 2999 τοῦ

2065 2013 2231 2066 aliam
2266 2015 2525 2068 rationem
2574 2016 2630 2068 in
2681 2034 2820 2071 anno
2867 2018 3048 2071 lunari
3092 2020 3234 2088 sequi
3287 2020 3436 2084 rult,
3493 2037 3659 2088 quam

2066 2104 2211 2158 illius
2245 2106 2564 2161 met/rodunt.
2598 2107 2735 2162 Tum
2766 2109 3050 2180 Epiphanii
3092 2111 3274 2165 verbis
3304 2111 3514 2175 allatis,
3546 2114 3657 2182 pri-

2067 2212 2214 2250 mum
2253 2197 2381 2250 illud
2432 2199 2811 2268 reprehendit,
2853 2202 3000 2270 quod
3039 2201 3286 2266 dixerat;
3322 2202 3378 2255 in
3409 2214 3526 2258 tres
3560 2219 3658 2255 aa-

2067 2306 2166 2344 nos
2218 2291 2360 2346 diem
2399 2307 2564 2346 unum
2604 2307 2671 2346 ex
2710 2293 2862 2348 horis
2906 2295 2940 2345 8
2993 2294 3226 2348 residuis
3261 2295 3556 2363 imputari.
3591 2297 3660 2348 At

2067 2386 2263 2454 falsum
2293 2385 2414 2449 erit,
2449 2387 2623 2456 inquit
2651 2428 2664 2450 ,
2717 2403 2876 2439 unam
2910 2397 3115 2439 tantum
3145 2388 3283 2440 diem
3329 2399 3448 2456 post
3491 2389 3662 2440 trien-

2065 2477 2213 2532 nium
2243 2493 2576 2544 accrescere,
2613 2495 2728 2531 cum
2778 2479 3146 2548 relinquantur
3191 2489 3310 2548 post
3360 2482 3660 2533 triennium

2065 2570 2176 2623 dies
2209 2569 2334 2634 dun,
2363 2569 2508 2623 hora:
2546 2570 2630 2632 l8,
2663 2579 2987 2639 quantarunt
3014 2571 3105 2632 24,
3135 2581 3212 2624 est
3250 2583 3441 2635 totum,
3470 2583 3574 2625 aut
3605 2573 3660 2635 9,

2065 2673 2382 2733 quantnrum
2441 2663 2530 2716 l2.
2621 2664 2821 2718 Deinde
2874 2665 3018 2734 quod
3069 2667 3230 2721 att-nis
3288 2683 3378 2721 XIV
3432 2669 3658 2738 cyclum

2066 2756 2382 2821 definierat,
2416 2757 2520 2812 hoc
2567 2758 2729 2811 modo
2765 2758 3062 2827 redarguit.
3121 2758 3293 2830 Negat
3328 2761 3472 2814 enim
3521 2778 3659 2830 pra:-

2067 2846 2235 2900 cisam
2292 2847 2454 2900 ullam
2507 2849 2770 2902 rationem
2827 2849 2939 2904 ﬁeri
2996 2866 3183 2919 posse.
3244 2850 3386 2904 Nam
3442 2851 3660 2906 Iuliam“

2067 2937 2194 2990 anni
2224 2939 2336 2990 dies
2389 2937 2642 3008 colligunt
2674 2940 2814 2993 5H5
2841 2983 2852 3005 ,
2880 2941 3041 2993 horas
3092 2941 3196 3005 1:2;
3246 2945 3376 2995 anni
3437 2945 3658 2997 lunares

379 3041 530 3113 ἡλίου
595 3039 958 3102 καθεστῶτος.
1039 3035 1209 3108 Igitur
1272 3034 1586 3090 Judzeorum
1646 3052 1738 3090 ιιιν
1790 3034 1955 3091 Nisan

2071 3026 2282 3083 totidem
2329 3028 2594 3097 simplices
2617 3069 2629 3089 ,
2663 3029 2840 3084 4956:
2876 3031 3180 3100 differentia
3214 3033 3328 3085 dies
3371 3033 3470 3087 157
3493 3074 3508 3096 ,
3571 3035 3653 3089 l2.

382 3134 437 3188 in
463 3131 848 3203 aequinoctium
881 3129 1190 3185 incurrebat
1232 3128 1426 3198 priscis
1458 3128 1564 3182 illis
1595 3128 1954 3197 temporibus,

379 3235 434 3280 et
460 3240 524 3280 ex
563 3222 728 3278 Mosis
761 3221 1033 3278 instituto.
1066 3220 1133 3274 At
1161 3229 1347 3290 postea
1378 3220 1724 3290 praescriptos
1757 3220 1956 3276 limites

379 3313 789 3385 transgrediens
820 3311 1212 3382 aequinoctium
1244 3311 1436 3366 diebus
1471 3311 1678 3379 aliquot
1707 3317 1958 3366 anteces-

380 3408 470 3463 sit.
506 3406 801 3462 Testantur
827 3405 931 3460 hoc
962 3403 1335 3460 vetustissima
1370 3401 1806 3456 Christianorum
1838 3417 1956 3458 mo-

379 3499 654 3564 nimenta;
683 3511 805 3567 qua:
839 3493 1150 3550 Iudaeorum
1177 3493 1386 3549 Pascha
1410 3493 1794 3562 aequinoctium
1821 3509 1958 3563 pne-

379 3593 626 3649 vertere,
677 3593 731 3640 et
774 3585 826 3639 in
874 3600 950 3639 xu
1003 3599 1191 3640 mense
1230 3584 1494 3639 celebrari
1562 3599 1956 3654 nonnunquam

379 3679 696 3735 admonent.
749 3678 970 3733 Canone
1013 3690 1060 3731 vl
1119 3677 1308 3745 Apost.
1347 3676 1383 3729 ι.
1425 3688 1476 3731 t:
1509 3674 1577 3729 Εἴ
1613 3694 1698 3741 τις
1735 3677 1957 3729 ἐπίσκο-

378 3786 500 3833 πος,
524 3770 558 3839 ἢ
590 3768 977 3840 πρεσϐύτερος,
1013 3769 1047 3839 ἢ
1078 3767 1322 3832 διάκονος
1360 3769 1459 3838 τὴν
1493 3767 1653 3836 ἁγίαν
1706 3767 1799 3820 τοῦ
1842 3768 1956 3820 Πά-

379 3879 485 3932 σχα
528 3860 743 3932 ἡμέραν
777 3860 882 3930 πρὸ
913 3861 1012 3930 τῆς
1048 3861 1270 3932 ἐαρινῆς
1303 3860 1590 3932 ἰσημερίας
1637 3860 1776 3931 μετὰ
1826 3861 1957 3912 Ἰου-

375 3950 540 4004 δαίων
567 3949 872 4023 ὲπιτελέσῃ,
908 3950 1295 4022 καθαιρείσθω.
1331 3950 1505 4017 Quem
1533 3951 1601 4006 ad
1633 3952 1814 4006 locum
1851 3967 1955 4005 ttu-

377 4051 531 4112 gatur
556 4040 842 4096 Balsamon
873 4060 885 4097 :
910 4058 1033 4096 cum
1060 4053 1218 4113 negat
1240 4043 1460 4114 ἐαρινὴν
1489 4042 1778 4114 ἰσημερίαν
1805 4050 1956 4098 εει-ιο

375 4133 463 4188 die
493 4133 797 4201 committi,
827 4133 938 4187 ἀλλ’
968 4136 1056 4188 ὅτε
1081 4135 1218 4207 τύχῃ
1250 4151 1316 4190 ex
1351 4135 1485 4190 solis
1515 4135 1763 4204 lunaeque
1793 4148 1954 4188 revo-

375 4219 697 4286 lutionibus,
730 4221 872 4291 quod
919 4231 1001 4276 est
1028 4224 1253 4291 puerile.
1304 4222 1384 4275 Ad
1414 4221 1527 4276 hate
1556 4222 1954 4278 Constantinus

375 4311 429 4366 in
460 4313 685 4381 epistola
707 4353 721 4378 ,
755 4327 917 4381 quam
957 4313 1022 4367 ad
1053 4311 1324 4367 Ecclesias
1355 4323 1479 4382 post
1511 4311 1790 4367 Nicaenum
1813 4328 1950 4368 con-

2067 3115 2144 3170 De
2185 3117 2371 3186 quibus
2419 3119 2809 3172 intercaluntur
2855 3120 2996 3189 pleni
3046 3138 3245 3174 menses
3279 3138 3332 3186 ν,
3379 3135 3657 3176 remanent

2065 3209 2176 3263 dies
2209 3210 2261 3273 7,
2294 3210 2380 3263 i9.
2408 3209 2532 3263 Jant
2556 3210 2590 3264 8
2617 3211 2760 3264 hora:
2786 3214 3142 3281 quaterdecies
3174 3217 3508 3269 constituunt
3543 3218 3657 3270 dies

2065 3302 2120 3363 4,
2153 3302 2240 3356 16.
2277 3301 2408 3367 Qua:
2436 3320 2644 3356 summa
2677 3305 2741 3357 de
2771 3305 2952 3358 diebus
2991 3305 3043 3366 7,
3078 3306 3165 3372 12,
3201 3309 3444 3361 detracta
3488 3310 3655 3363 relin-

2065 3393 2178 3463 quit
2205 3393 2560 3462 di/ferentiam
2591 3411 2720 3449 vera:
2747 3397 3174 3460 tessaradecael.,
3201 3408 3251 3451 et
3276 3399 3434 3467 falsa:
3462 3402 3579 3452 dies
3603 3402 3654 3463 ἐ,

2071 3485 2155 3538 1⁸2.
2205 3484 2330 3540 llzec
2360 3483 2620 3555 Scaliger.
2661 3486 2715 3539 In
2748 3502 2857 3555 qua
2891 3488 3108 3557 quidem
3139 3487 3432 3559 Epiphanii
3470 3509 3653 3560 repre-

2067 3575 2331 3630 hensione
2375 3590 2645 3629 summam
2709 3575 2924 3644 prazfert
2965 3577 3310 3631 obtrectandi
3370 3579 3651 3634 libidinem

2065 3683 2191 3722 cum
2231 3667 2344 3737 pari
2375 3667 2458 3721 vel
2495 3667 2735 3734 inscitia,
2769 3668 2852 3721 vel
2899 3667 3202 3740 ἀπροσεξίᾳ
3242 3671 3599 3739 conjunctam
3635 3691 3648 3726 :

2066 3775 2191 3814 nam
2237 3761 2585 3814 etimmerito
2631 3758 2995 3829 Epiphaniam
3056 3772 3320 3828 accusat;
3360 3765 3454 3833 qui
3485 3780 3650 3834 quam

2065 3866 2094 3906 a
2134 3850 2336 3906 Iudicis
2384 3861 2609 3907 noverat
2657 3853 2938 3907 observari
2990 3861 3304 3923 temporum
3355 3857 3648 3920 rationem,

2065 3960 2183 3998 eam
2211 3945 2621 3999 commentariis
2669 3945 2785 4000 suis
2812 3945 3087 4014 exposuit.
3126 3944 3180 3998 In
3211 3962 3326 4014 quo
3357 3948 3493 4000 nihil
3540 3949 3652 4018 ipse

2065 4042 2272 4102 peccat.
2306 4031 2492 4104 Neque
2534 4049 2662 4088 vero
2695 4036 2906 4105 cyclutn
2954 4034 3100 4090 hunc
3124 4077 3138 4100 ,
3207 4046 3268 4090 ιιι
3301 4039 3530 4103 probum
3587 4056 3650 4093 ac

2065 4124 2400 4195 legitimum,
2435 4127 2707 4192 obtrusit,
2752 4124 2894 4194 quod
2959 4127 3332 4183 calumniatur
3381 4129 3645 4200 Scaliger.

2067 4215 2178 4268 lmo
2204 4229 2234 4268 e
2256 4217 2533 4270 contrario
2583 4218 2840 4272 vitiosum
2875 4219 3048 4274 fuisse
3082 4236 3188 4274 non
3219 4223 3460 4278 obscure
3486 4227 3651 4295 signi-

2065 4305 2212 4373 licat,
2239 4321 2365 4361 cum
2392 4307 2557 4362 biduo
2605 4324 2636 4362 a
2676 4310 3332 4370 coelestibust'teomeniis
3364 4315 3650 4370 aberrasse

374 4397 558 4452 cilium
605 4398 846 4466 scripsit,
889 4399 1030 4468 apud
1083 4398 1281 4454 Euseb.
1309 4399 1346 4455 l.
1403 4415 1461 4454 ιιι
1514 4399 1586 4453 De
1617 4402 1723 4454 vita
1746 4399 1951 4463 Const,
1990 4412 2036 4470 ι)
2065 4398 2244 4463 docet,
2274 4407 2333 4451 ιιι
2359 4397 2578 4455 abunde
2610 4401 2945 4456 declaratum
2985 4412 3088 4457 cst.

372 4483 590 4542 Judaeos
624 4485 811 4540 eodem
837 4501 979 4540 anno
1006 4485 1203 4554 duplex
1233 4485 1442 4541 Pascha
1467 4487 1760 4542 celebrare.
1794 4485 1950 4552 Quod

379 4573 630 4626 videlicet
654 4573 806 4644 cyclo
835 4588 927 4626 xIx
951 4581 1004 4626 et
1031 4587 1120 4626 vur
1148 4571 1381 4627 Nictenis
1408 4581 1531 4627 ante
1561 4575 1951 4642 aequinoctium

377 4660 587 4717 Pascha
619 4663 832 4716 illorum
865 4660 1144 4716 incideret.
1182 4663 1338 4730 Quod
1361 4671 1414 4718 et
1441 4665 1532 4717 alii
1565 4665 1810 4735 plerique
1842 4676 1951 4720 tant

377 4736 749 4808 Occidentales
791 4768 952 4822 quam
982 4752 1284 4808 Orientales
1314 4755 1509 4808 imitati
1541 4757 1779 4810 citimam
1823 4773 1952 4812 neo-

375 4847 610 4902 mcniam
644 4843 820 4900 Martii
853 4865 883 4900 ν
914 4848 1170 4910 ﬁxerunt,
1201 4862 1292 4901 xtv
1323 4862 1453 4902 vero
1487 4847 1662 4901 Martii
1699 4865 1853 4914 xvttt,
1893 4859 1952 4905 ut

373 4947 558 5008 postea
589 4938 820 4992 dicetur.
850 4937 1114 5009 Equidem
1147 4937 1351 4995 Iudaeis
1397 4954 1502 4995 non
1534 4941 1773 4995 arbitror
1801 4954 1950 4997 certo

370 5031 600 5086 consilio
647 5031 960 5100 mqninoctii
1005 5030 1148 5086 diem
1178 5069 1192 5096 ,
1237 5046 1396 5100 quem
1445 5047 1509 5086 ex
1565 5034 1952 5089 astronomicis

371 5123 570 5178 tabulis
600 5124 929 5194 investigare
963 5134 1213 5194 possent,
1243 5132 1351 5178 tam
1381 5124 1668 5196 insigniter
1697 5138 1951 5185 antever-

371 5215 538 5279 tisse,
567 5216 660 5270 sed
706 5216 1144 5285 imprudentibus
1171 5231 1238 5271 ex
1273 5220 1517 5288 corrupti
1549 5220 1786 5289 alicujus
1811 5223 1948 5293 cycli

372 5305 628 5360 methodo
660 5307 918 5376 paulatim
939 5308 1131 5361 vitium
1162 5307 1306 5363 istud
1328 5309 1594 5365 oblatum.
1619 5311 1946 5383 Cujusmodi

371 5397 660 5454 methodus
715 5400 768 5454 in
838 5401 1126 5470 superiore
1183 5401 1446 5458 laterculo
1499 5403 1635 5459 satis
1684 5415 1946 5476 apparet;

372 5503 498 5543 nam
525 5491 731 5546 exactis
779 5507 980 5546 Lxxxtv
1017 5492 1176 5548 annis
1206 5495 1490 5550 neomenia
1519 5493 1845 5566 Nisan,qua3
1879 5499 1947 5553 ab

369 5572 570 5642 Aprilis
601 5589 654 5628 Vl
689 5585 959 5645 cmperat,
999 5579 1056 5633 in
1107 5578 1282 5634 Martii
1326 5596 1361 5635 ν
1419 5581 1705 5652 reperitur.
1739 5583 1950 5650 Quam~

370 5666 559 5722 ebrem
603 5669 848 5725 accidere
891 5671 1024 5728 illud
1074 5673 1284 5743 potuit,
1329 5683 1388 5731 ut
1426 5691 1544 5732 cunt
1592 5684 1712 5747 post
1770 5694 1944 5736 annos

2127 4487 2247 4543 Jam
2274 4491 2412 4544 illud
2443 4493 2694 4556 inscitiaa,
2735 4503 2789 4548 et
2827 4496 3048 4564 quidem
3106 4497 3337 4551 minime
3386 4499 3645 4568 vulgaris,

2057 4580 2200 4650 quod
2231 4579 2592 4652 Epiphaniam
2649 4601 2717 4640 ne
2772 4585 3033 4650 intellexit
3077 4589 3324 4656 quidem.
3377 4588 3506 4655 Qut:
3561 4600 3644 4644 est

2056 4675 2200 4727 enim
2253 4673 2354 4728 ista
2391 4676 2787 4743 reprehensio:
2840 4694 2949 4731 non
3000 4695 3162 4748 poSse
3195 4695 3261 4733 ex
3317 4682 3470 4735 horis
3499 4693 3638 4742 octo,

2056 4780 2177 4835 quae
2204 4781 2368 4835 supra
2417 4767 2522 4822 554
2566 4769 2678 4824 dies
2715 4771 2943 4840 singulis
2973 4772 3135 4826 annis
3164 4783 3548 4838 accensentur,
3586 4775 3639 4826 in

2057 4865 2168 4912 tres
2215 4873 2390 4914 annos
2445 4860 2589 4914 diem
2636 4863 2851 4930 contici,
2901 4880 3024 4918 cum
3075 4865 3466 4934 relinquantur
3521 4877 3643 4936 post

2057 4947 2351 5004 triennium
2385 4951 2502 5006 dies
2524 4952 2578 5016 9,
2617 4952 2738 5008 hor.
2778 4955 2883 5009 l8?
2909 4954 2990 5008 An
3019 4965 3144 5010 octo
3170 4966 3253 5012 ter
3284 4959 3641 5029 multiplicata

2055 5038 2124 5092 24
2160 5055 2267 5094 non
2298 5040 2582 5098 efﬁciunt?
2617 5045 2780 5114 Atqui
2817 5046 2921 5100 hoc
2964 5049 3142 5102 solum
3196 5051 3369 5104 voluit
3408 5052 3639 5120 Epipha-

2057 5129 2216 5186 nius:
2261 5133 2434 5188 tribns
2473 5135 2634 5189 annis
2659 5137 2944 5192 lunaribus
2973 5138 3117 5192 diem
3165 5151 3496 5210 competere.
3533 5125 3644 5195 Sed

2058 5224 2192 5278 mira
2214 5225 2330 5280 haec
2354 5226 2709 5284 hallucinatio
2733 5229 2993 5302 Scaligeri
3019 5251 3034 5300 ;
3064 5234 3210 5303 quod
3246 5235 3538 5290 triennium
3566 5234 3637 5288 itt-

2057 5329 2188 5367 nare
2217 5331 2340 5369 eum
2373 5314 2592 5372 Juliano
2639 5322 2950 5389 comparari
2979 5323 3233 5378 credidit.
3275 5323 3411 5380 Nam
3458 5326 3634 5379 triete-

2057 5405 2134 5459 ris
2158 5403 2374 5461 Juliana
2422 5407 2542 5462 dies
2574 5410 2734 5465 habet
2770 5412 2925 5476 l095,
2959 5415 3046 5479 l8,
3097 5416 3318 5472 lunares
3347 5417 3474 5471 anni
3525 5427 3632 5471 tres

2055 5497 2350 5566 simplices,
2380 5499 2538 5562 1062,
2568 5501 2768 5558 additis
2801 5513 2880 5557 ter
2909 5514 3032 5561 octo
3063 5507 3216 5562 horis
3240 5549 3255 5572 ,
3295 5517 3351 5562 et
3404 5510 3630 5564 interca-

2055 5588 2156 5641 lari
2193 5589 2352 5657 pleno
2387 5605 2600 5655 mense,
2630 5593 2767 5648 fiunt
2798 5596 2954 5660 1095,
3001 5600 3093 5665 qui
3124 5600 3192 5653 de
3212 5599 3434 5655 Juliano
3463 5603 3627 5654 H‘iﬂt?

2055 5682 2146 5736 nio
2172 5682 2425 5750 detracti,
2458 5687 2775 5759 relinquunt
2803 5691 2918 5746 dies
2950 5692 3003 5762 ἓ,
3030 5691 3116 5746 18.
3160 5691 3263 5750 Sed
3294 5694 3394 5749 hoc
3421 5695 3484 5748 ad
3504 5693 3620 5764 Epi~
