3874 6322
229 268 329 321 973

1152 267 1241 322 DE
1276 266 1463 322 ANNO
1500 268 1586 323 ΕΤ
1630 268 1738 326 DIE
1776 271 2126 331 DOMINICE
2164 273 2544 331 PASSIONIS.

3369 269 3475 324 97-5

226 377 415 446 phanii
443 384 682 430 mentem
705 417 720 440 ,
766 386 822 431 et
856 375 1170 431 institutum
1216 377 1352 432 nihil
1379 379 1612 448 pertinet
1642 396 1654 431 :
1697 396 1806 433 non
1839 389 1881 442 Α
1911 387 2071 454 Atqui
2104 388 2400 443 ncomcuia:
2430 385 2634 452 Christi
2664 383 2908 456 tempore
2946 385 3153 441 tardius
3182 385 3471 456 continge-

226 470 371 521 enim
429 466 568 521 duas
601 466 742 520 inter
795 480 854 520 se
891 466 1198 520 trieterides
1254 478 1561 536 comparat;
1603 470 1696 524 sed
1740 471 1807 525 de

225 560 405 614 lunari
440 560 707 612 duntaxat
752 557 988 610 triennio
1020 557 1284 626 loquitur.
1349 555 1550 612 Caetera
1583 574 1705 629 quae
1740 559 1807 613 de

223 651 357 706 solis
387 651 633 719 ὑπεροχῇ
653 662 896 717 quinque
928 645 1042 701 fere
1063 649 1272 702 dierum
1304 648 1509 718 objicit,
1535 663 1655 718 qua:
1673 663 1807 717 pra:-

221 745 397 797 cisam
459 741 726 795 rationem
791 748 846 793 et
895 739 1341 792 ἀπηκατὰστασιν
1394 741 1804 793 neomeniarum

222 833 590 903 prohibeant,
635 831 794 885 facile
829 846 896 883 ex
938 830 1007 883 iis
1041 844 1163 898 quae
1221 839 1376 882 antea
1411 829 1800 890 disseruimus,

224 934 462 996 possunt
503 922 698 979 refelli.
738 920 858 976 Non
893 921 1038 976 enim
1075 920 1288 991 cyclum
1328 921 1597 975 duntaxat
1634 935 1806 974 anno-

220 1033 343 1070 rum
391 1015 460 1068 Η
485 1028 781 1083 usurpasse
815 1011 1036 1068 Judaeos
1085 1021 1272 1066 censet
1309 1010 1807 1080 Epiphanius;aut

221 1111 373 1163 ineo
423 1108 709 1177 praecisum
761 1107 1050 1175 utriusque
1107 1104 1302 1159 sideris
1359 1104 1803 1158 conciliationem

219 1201 377 1265 fieri;
410 1200 505 1254 sed
557 1198 612 1252 id
639 1197 708 1253 84
741 1198 960 1252 demum
997 1197 1157 1252 annis
1191 1196 1423 1252 evolutis
1461 1196 1696 1252 obtineri
1735 1211 1804 1250 ex

217 1291 539 1347 Judaeorum
575 1291 832 1361 opinione
880 1291 1088 1346 docuit.
1137 1291 1207 1344 At
1263 1291 1319 1344 in
1349 1288 1804 1345 tcssaradecaete-

217 1386 359 1451 ride,
394 1385 674 1438 lunarium
716 1383 979 1438 duntaxat
1022 1383 1368 1454 syzygiarum
1419 1378 1802 1434 ἀποκατάστα-

220 1495 306 1531 σιν
360 1475 776 1546 χερνιεεθηῑιιιδίί
827 1476 1119 1530 reservatis
1175 1474 1367 1529 diebus
1403 1489 1457 1537 v,
1507 1487 1630 1542 quae
1675 1478 1804 1526 sunt

217 1573 430 1635 cpactae
448 1566 694 1629 lunares,
716 1565 770 1619 in
806 1580 1010 1619 annum
1045 1564 1114 1618 84
1140 1572 1457 1627 exeuntem,
1493 1563 1578 1616 vel
1608 1562 1802 1616 ineun-

217 1667 326 1712 tem
367 1656 459 1711 85.
496 1658 626 1722 Qua:
653 1656 838 1710 omnia
870 1655 1206 1726 perpendere
1237 1655 1358 1723 ejus
1390 1656 1670 1715 intererat,
1707 1651 1801 1722 qui

1911 479 2040 532 bant
2068 497 2082 533 :
2121 491 2246 549 puta
2272 480 2607 560 noviluuium
2655 479 2806 549 cyclo
2839 493 2960 541 XIII,
2987 479 3267 533 accidebat
3295 477 3474 532 Martii

1907 583 2006 628 xu.
2063 569 2245 637 plenil.
2299 586 2422 623 xxv.
2465 567 2600 623 Nam
2642 567 2860 622 Juliano
2894 569 3011 638 ipso
3057 568 3145 633 76,
3183 577 3240 622 ut
3273 567 3474 622 Paulus

1907 659 2252 731 Forosetupr.
2279 663 2553 726 observat,
2585 661 2939 715 commissum
2975 669 3059 715 est
3080 660 3135 714 in
3168 661 3474 716 meridiano

1908 751 2396 823 Hierosolymitano
2423 751 2597 806 Martii
2619 767 2694 814 χι,
2724 751 2790 806 l9
2817 752 2919 814 δι’,
2953 749 3066 814 1‘2",
3090 751 3194 805 hoc
3219 760 3302 806 est
3327 751 3472 805 Mar-

1905 842 1964 894 tii
1996 858 2106 907 xu;
2147 843 2504 910 plenilunium
2540 841 2716 895 Martii
2755 857 2903 906 χχι-ι,
2944 841 3024 904 14,
3063 841 3166 904 45',
3212 841 3338 902 ll",
3370 843 3477 896 hoc

1905 942 1989 988 est
2010 933 2185 987 lllartii
2218 951 2387 988 χχχιι.
2425 933 2526 989 Sed
2552 935 2768 1004 politice
2791 933 2966 988 Martii
2995 950 3144 997 xxvi,
3195 934 3321 1004 quia
3348 949 3476 988 neo-

1907 1024 2087 1077 menia
2109 1022 2286 1076 Martii
2323 1039 2416 1077 xu.
2453 1007 3044 1094 Vcrum‘npoqyﬁcsm;
3091 1023 3298 1077 lunaris
3328 1023 3475 1077 nulla

1905 1122 2019 1166 tum
2066 1113 2298 1177 mentio;
2337 1128 2505 1181 quare
2554 1129 2660 1168 non
2710 1114 3052 1176 dubitabant,
3103 1113 3236 1183 quin
3272 1113 3473 1168 Christi

1907 1210 2148 1272 tempore
2177 1244 2192 1267 ,
2229 1204 2478 1257 eumdem
2528 1204 2679 1257 illum
2710 1204 2875 1259 situm
2920 1205 3274 1270 habuissent,
3325 1206 3475 1274 quia

1904 1293 2122 1349 Nicmno
2153 1294 2387 1348 concilio
2411 1295 2740 1351 constitutus
2772 1296 2968 1351 fuerat.
3011 1295 3123 1352 Hoc
3157 1297 3319 1368 igitur
3350 1297 3475 1365 Epi-

1867 1371 1873 1381 ’
1903 1387 2163 1454 phanium
2220 1383 2432 1452 fefellit;
2465 1386 2611 1455 quod
2651 1394 2704 1440 et
2732 1385 3035 1455 plenilunii,
3069 1398 3123 1440 et
3164 1386 3475 1454 asquinortii

1903 1475 1990 1528 die
2012 1474 2214 1529 Cb‘risti
2257 1476 2709 1530 resurrectionem
2751 1475 3018 1530 accidisse
3051 1477 3316 1530 crederet.
3357 1474 3473 1541 Qua

1904 1565 2297 1636 προλήψειίιιιιι
2332 1567 2594 1630 imbutus,
2627 1566 2870 1620 animum
2903 1565 3102 1634 adjecit
3128 1567 3193 1619 ad
3231 1567 3478 1635 aequino-

1902 1657 1996 1713 etii
2020 1658 2160 1712 diem
2191 1676 2204 1711 :
2234 1657 2379 1727 quod
2406 1673 2528 1712 cum
2557 1667 2764 1712 veteres
2791 1671 3003 1720 omnes,
3031 1657 3124 1727 qui
3154 1655 3474 1711 Diocletiani

219 1755 318 1801 aut
351 1746 580 1801 alterius
619 1761 860 1800 errorem
891 1759 1122 1816 arguere
1151 1744 1314 1800 Vellet
1337 1783 1353 1807 ν
1398 1753 1492 1799 aut
1520 1742 1801 1799 cxistima-
1831 1739 1874 1794 B
1901 1762 2064 1801 teram
2088 1747 2306 1816 paulum
2334 1745 2760 1813 antecesserant,
2793 1758 2847 1801 et
2879 1748 3165 1802 Anatolius
3190 1747 3244 1801 in
3281 1747 3476 1816 primis

218 1840 355 1895 tioui
385 1855 500 1895 sua:
524 1839 832 1895 consulere.

316 1973 638 2044 Explicatur
663 1990 691 2028 e
720 1973 1080 2043 superioribus
1117 1971 1403 2042 Epiphanii
1434 1971 1697 2024 doctrina.

288 2109 573 2163 Hactenus
622 2103 934 2160 Judazorum
991 2103 1308 2160 reconditus
1367 2104 1456 2158 ille
1500 2103 1686 2173 cyclus
1737 2117 1804 2156 ex

219 2198 516 2272 Epiphanii
567 2198 836 2254 sententia
890 2196 1200 2253 declaratus
1262 2203 1364 2261 est,
1417 2196 1510 2250 sed
1563 2193 1802 2248 nondum

217 2311 388 2368 Opera
415 2293 570 2350 omni
623 2289 865 2348 defuncti
891 2305 1105 2348 sumus.
1136 2288 1442 2343 Plurimum
1475 2285 1617 2341 enim
1650 2286 1716 2340 iis
1749 2285 1800 2337 in

215 2388 424 2454 verbis,
452 2386 546 2458 qui
579 2385 717 2456 cycli
764 2383 1164 2439 enarrationem
1197 2381 1523 2435 antecedunt
1544 2418 1559 2442 ,
1605 2379 1804 2432 obscu-

215 2483 422 2546 ritatis,
453 2495 517 2535 ac
545 2478 806 2534 molestiae
827 2482 1094 2547 superest,
1123 2488 1242 2544 quae
1278 2471 1613 2537 diligentiam
1644 2485 1673 2522 a
1702 2485 1802 2522 no-

215 2574 326 2640 bis,
355 2571 673 2644 patientiam
699 2585 728 2623 a
758 2569 963 2623 lectore
996 2575 1329 2620 mereantur.
1355 2561 1461 2617 Sed
1495 2576 1558 2616 ea
1584 2575 1804 2630 quoque

215 2667 468 2738 ejusdem
504 2661 805 2719 doctissimi
828 2657 1198 2714 mathematici
1215 2654 1478 2711 beneﬁcio
1509 2653 1800 2716 illustrata,

215 2758 603 2828 explicataque
630 2761 758 2809 sunt
793 2765 808 2805 :
847 2748 1250 2820 cujus‘quidem
1287 2747 1353 2800 de
1385 2747 1489 2800 hoc
1525 2745 1644 2798 loco
1669 2757 1803 2797 con-

212 2851 489 2921 jecturam
541 2844 804 2900 nonnulla
835 2851 1021 2898 nostra
1049 2839 1363 2896 accessione
1412 2837 1800 2906 locupletatam

219 2941 414 3012 paucis
449 2937 710 3008 aperiam.

287 3029 709 3101 Equinoctium
739 3041 965 3082 vernum
995 3024 1232 3079 medium
1257 3021 1387 3076 Julii
1417 3020 1646 3076 Caesaris
1685 3033 1801 3075 aevo

217 3127 272 3180 in
303 3125 378 3179 25
407 3121 584 3176 Martii
621 3117 980 3175 conveniebat
1006 3133 1018 3169 :
1062 3129 1171 3185 quo
1193 3113 1281 3168 die
1311 3112 1590 3168 Christum
1618 3126 1802 3166 resur-

216 3215 457 3278 rexisse,
485 3209 777 3266 concilium
801 3204 1136 3262 Caesariense
1166 3202 1268 3256 sub
1295 3199 1517 3255 Victore
1544 3196 1801 3268 pontifice

219 3306 558 3362 celebratum
614 3314 759 3354 anno
813 3296 1016 3352 Christi
1059 3293 1158 3348 l98
1207 3293 1571 3346 decreverat:
1642 3288 1802 3358 cujus

221 3400 595 3471 fragmentum
619 3393 760 3464 apud
796 3391 1015 3455 Bedam,
1043 3388 1140 3444 lib.
1165 3387 1237 3441 De
1259 3387 1452 3456 wquin.
1486 3398 1654 3438 verno
1676 3425 1690 3441 .
1723 3381 1805 3437 sic

219 3510 282 3550 se
320 3492 514 3546 habet:
549 3488 753 3543 Passus
779 3500 1001 3555 namque
1040 3482 1293 3536 Dominus
1317 3480 1381 3533 ab
1412 3473 1794 3542 xtKarl.Apr.,

217 3603 329 3660 qua
362 3590 512 3638 necte
538 3599 570 3635 a
607 3577 813 3634 Judwis
846 3576 1072 3629 traditus
1106 3582 1184 3628 est
1206 3613 1222 3638 ,
1261 3582 1312 3625 et
1354 3587 1386 3623 α
1414 3583 1493 3660 vtt
1528 3565 1662 3660 (sed
1688 3578 1801 3660 Διῖιιι

219 3653 672 3737 rescribendum,
715 3667 992 3740 quomodo
1045 3665 1100 3719 in
1153 3659 1536 3732 antiquissimo
1583 3658 1643 3709 P.
1685 3653 1805 3708 Sir-

223 3764 417 3826 noudi
448 3765 636 3820 codice
668 3761 992 3832 reperimus.
1018 3756 1074 3810 ln
1100 3769 1209 3825 quo
1233 3762 1492 3824 praeterea
1534 3749 1664 3804 illud
1703 3748 1802 3801 ob-

220 3861 604 3920 servavimus:
649 3854 1012 3926 fragmentum
1057 3852 1213 3915 illud,
1266 3849 1410 3920 quod
1437 3847 1504 3903 ad
1550 3845 1708 3901 Beda!
1737 3844 1804 3897 li-

221 3955 430 4011 bellum
463 3951 528 4006 de
560 3947 889 4020 aequinoctio
927 3952 1237 3999 attexurum
1270 3951 1374 4006 est,
1420 3955 1544 4002 cum
1582 3940 1685 3993 hac
1719 3939 1805 3990 in-

223 4047 528 4117 scriptione
573 4057 586 4093 :
653 4041 726 4095 De
774 4038 1108 4093 ordinatione
1149 4035 1404 4104 feriarum
1472 4029 1805 4100 paschalium

222 4155 318 4207 per
355 4131 731 4200 Theophilum;
783 4127 1008 4183 alterius
1053 4123 1292 4179 auctoris
1351 4119 1514 4174 titulo
1559 4125 1803 4172 notatum

221 4243 390 4285 esse:
444 4223 700 4278 nimirum
746 4221 889 4274 isto:
929 4216 1122 4285 Incipit
1167 4211 1389 4283 epistola
1453 4207 1689 4276 Philippi
1742 4209 1805 4260 de

227 4318 461 4386 Pascha)
509 4315 640 4370 Kal.
716 4310 1024 4366 resurrexit.
1065 4304 1338 4373 Quomodo
1386 4319 1507 4373 ergo
1556 4311 1658 4355 tres
1693 4300 1803 4353 dies

1826 3072 1870 3131 C

1902 1839 1956 1893 in
1987 1853 2094 1891 χχιι
2147 1837 2327 1893 Martii
2361 1839 2862 1908 deprehendissent,
2920 1838 3141 1894 tametsi
3192 1835 3475 1894 Nicaeum

1903 1938 2088 1999 postea
2119 1945 2208 1983 xxi
2239 1929 2379 1983 diem
2406 1929 2727 1999 praelixisset
2749 1971 2764 1994 ,
2791 1929 3151 1985 nihilominus
3191 1930 3476 1985 existima-

1901 2022 1980 2076 vit
2010 2021 2288 2077 Christum
2323 2021 2502 2076 Martii
2561 2038 2670 2076 χχιι
2708 2023 3112 2088 resurrexissc;
3154 2031 3210 2077 et
3251 2023 3475 2092 quidem

1901 2111 2372 2182 plenilunio,quod
2426 2113 2656 2182 ipsemet
2707 2113 2908 2167 diserte
2938 2113 3232 2182 significat,
3264 2128 3388 2167 cum
3419 2113 3475 2166 in

1904 2201 2099 2257 xtKal.
2135 2204 2264 2273 Apr.
2292 2203 2650 2273 plenilunium
2703 2220 2827 2258 cum
2866 2206 3194 2275 aequinoctio
3240 2205 3480 2261 confert.

1902 2295 2088 2365 Neque
2115 2312 2244 2350 vero
2292 2297 2492 2351 mirum
2521 2307 2606 2354 est
2634 2299 2700 2352 de
2734 2298 3048 2368 :cquinoctii
3085 2299 3477 2369 anticipatione

1903 2389 2037 2444 nihil
2064 2389 2365 2459 Epiphanio
2389 2401 2500 2445 tum
2536 2391 2588 2443 in
2620 2399 2852 2444 mentem
2876 2374 3124 2457 venisse;
3155 2407 3278 2446 cum
3302 2407 3477 2460 neque

1903 2482 2110 2550 aliquot
2135 2489 2322 2550 postea
2340 2482 2554 2537 saeculis
2576 2493 2955 2552 computorum
2978 2482 3475 2539 ecclesiasticorum

1903 2590 2010 2628 non
2037 2574 2300 2643 ignobiles
2326 2575 2620 2643 scriptores
2653 2575 2952 2644 quidquam
2986 2576 3252 2644 ejusmodi
3288 2577 3474 2646 suspi-

1901 2663 2015 2718 cari
2037 2663 2329 2732 potuerint.
2362 2662 2430 2718 Ut
2463 2664 2515 2718 in
2555 2663 2744 2733 primis
2775 2663 2916 2718 Beda
2949 2681 2964 2718 :
2993 2664 3150 2734 cujus
3191 2674 3384 2719 aestum
3409 2680 3476 2719 ac

1903 2753 2320 2808 sollicitudinem
2369 2769 2492 2808 cum
2546 2755 2667 2808 aliis
2703 2754 2755 2808 in
2785 2754 2938 2818 locis,
2979 2764 3092 2808 tum
3132 2755 3182 2808 in
3235 2771 3356 2825 cap.
3402 2755 3476 2810 ιτ.

1903 2845 2020 2900 libri
2061 2844 2138 2898 De
2166 2853 2360 2898 natura
2393 2861 2588 2911 rerum,
2621 2845 2996 2915 intelligimus.
3023 2844 3165 2910 Quin
3197 2855 3250 2898 et
3285 2853 3474 2900 nostra

1901 2939 2064 2994 ctiam
2099 2946 2255 2992 aetate
2298 2938 2618 3008 chronologi
2672 2938 2894 3008 quidam
2945 2953 3052 2991 non
3095 2937 3473 2991 animadversa

1901 3030 2347 3102 tequinoctiorum
2376 3031 2702 3102 προηγήσει.
2720 3046 2842 3086 cum
2867 3030 3179 3100 mquinoctii
3205 3029 3360 3085 verni
3384 3030 3476 3085 die

1903 3123 2181 3179 conditum
2206 3122 2521 3178 universum
2546 3130 2822 3184 censeant,
2852 3121 3029 3175 Martii
3058 3137 3146 3177 xxI
3183 3120 3471 3176 deliniunt.

1905 3211 2229 3268 Simillimus
2261 3213 2422 3281 igitur
2449 3211 2736 3283 Epiphanii
2762 3211 2930 3267 fuisse
2951 3211 3156 3266 videtur
3196 3225 3474 3280 error,ut,

1904 3321 2028 3362 cum
2057 3306 2385 3378 aequinoctio
2421 3306 2540 3376 ipso
2570 3292 2634 3360 ac
2658 3305 2964 3375 plenilunio
2979 3304 3347 3360 resurrexisse
3374 3302 3480 3358 Do-

1905 3400 2110 3453 minum
2147 3408 2392 3468 putaret,
2422 3414 2535 3454 xxu
2559 3398 2611 3452 id
2637 3397 2814 3451 Martii
2845 3396 3142 3466 contigisse
3171 3395 3472 3466 scripserit.

1905 3484 1972 3540 Et
2001 3487 2257 3555 quoniam
2289 3485 2576 3541 Judaicum
2609 3488 2822 3557 cyclum
2854 3485 3021 3540 biduo
3061 3486 3309 3541 caelestes
3339 3500 3476 3541 neo-.

1904 3575 2114 3629 menias
2137 3589 2528 3642 nonnunquam
2549 3585 2884 3628 antevertere
2903 3573 3135 3640 videbat,
3168 3573 3329 3644 idque
3354 3574 3474 3644 ipso

1903 3666 2173 3737 passionis
2227 3680 2369 3722 anno
2399 3665 2598 3720 factum
2619 3705 2634 3730 ,
2676 3665 2866 3719 vitium
2916 3664 3069 3729 illud,
3101 3679 3166 3720 ac
3196 3665 3475 3735 popularis

1905 3755 2212 3812 Neomenias
2239 3755 2687 3810 retrocessionem
2727 3770 2851 3809 cum
2904 3754 2998 3810 illo
3043 3755 3161 3825 ipso
3186 3753 3274 3812 die
3299 3753 3478 3810 Martii

1906 3866 2018 3922 χχιι
2048 3849 2298 3905 contulit.
2338 3847 2476 3904 Cum
2509 3847 2672 3918 igitur
2702 3847 2830 3901 luna
2860 3862 2928 3901 xv
2972 3846 3026 3901 in
3064 3845 3476 3918 requinoctiurn,

1906 3941 2010 3996 hoc
2047 3949 2150 4005 est,
2180 3938 2409 4012 ut‘falso
2461 3937 2710 4003 credidit,
2773 3934 2950 3993 Martii
2981 3953 3096 3993 χχιι
3146 3937 3475 4003 incurrerit,

1905 4047 2080 4102 eoque
2128 4032 2216 4087 die
2261 4031 2510 4086 Christus
2570 4029 2964 4093 resurrexer‘it,
3011 4043 3230 4099 passum
3262 4039 3478 4098 oportet

1906 4118 2084 4172 Martii
2119 4118 2344 4178 xx,luna
2378 4134 2474 4172 xm
2526 4115 2740 4172 Nicaena
2763 4135 2778 4184 ;
2805 4117 2960 4188 legali
2993 4125 3173 4173 autem
3201 4134 3356 4173 creua
3382 4119 3479 4173 de-

1907 4209 2176 4274 functum,
2195 4223 2258 4262 ac
2287 4209 2737 4277 comprehensum
2762 4223 2849 4262 xtx
2881 4207 3058 4262 Martii
3079 4207 3144 4262 ad
3171 4222 3474 4278 vesperam,

1907 4309 2138 4354 exetinte
2168 4299 2293 4353 luna
2323 4298 2539 4354 Nictena
2574 4314 2672 4360 xu,
2705 4298 2923 4354 ineunte
2970 4313 3089 4353 xm.
3124 4298 3285 4370 Atqui
3318 4313 3475 4354 (unua

221 4383 622 4466 excluduntur?
678 4405 849 4476 Igitur
889 4417 955 4457 ex
1002 4398 1219 4456 concilii
1275 4395 1542 4452 sententia
1577 4432 1594 4458 ,
1645 4391 1804 4445 Chri-
1839 4418 1880 4472 ι)
1907 4387 2179 4458 paschalis
2201 4387 2329 4441 luna
2352 4401 2440 4440 xtv
2461 4385 2528 4440 ad
2546 4400 2824 4455 vesperam
2849 4385 3085 4455 legitime
3108 4383 3166 4440 fit
3191 4403 3203 4442 :
3227 4385 3497 4465 Christus,

224 4516 347 4562 stus
377 4517 573 4571 passus
598 4506 684 4554 est
713 4493 891 4550 Martii
921 4507 1088 4552 χχιιι,
1107 4500 1160 4545 et
1195 4503 1298 4543 xxv
1349 4484 1669 4541 resurrexit.
1697 4482 1801 4551 Qui

222 4602 344 4655 dies
366 4614 491 4654 cum
509 4594 742 4652 Cmsaris
769 4600 1012 4659 tempore
1032 4583 1342 4656 mquinoctii
1357 4581 1537 4643 medii,
1573 4594 1638 4634 ac
1663 4577 1803 4647 poli-

225 4693 318 4748 tici
357 4689 512 4745 sedes
539 4687 767 4745 fuisset,
796 4681 956 4750 vulgo
980 4690 1301 4749 pcrsuasum
1332 4680 1451 4728 erat
1473 4712 1486 4734 ,
1523 4669 1804 4724 Christum

225 4784 280 4839 in
320 4777 652 4850 azquiuoctio
700 4771 1087 4829 rcsurrexisse.
1129 4764 1447 4820 Necessario
1499 4763 1588 4817 hic
1628 4775 1806 4816 annus

223 4889 350 4930 esse
373 4867 805 4926 debetJulianus
835 4863 928 4929 76,
964 4876 1085 4916 εει-ξε
1128 4855 1469 4927 Dionysiana:
1500 4854 1600 4920 51,
1654 4853 1807 4924 cyclo

225 4968 374 5022 lunae
406 4978 526 5026 xm,
579 4959 711 5014 solis
756 4971 855 5018 xu,
885 4954 1063 5008 littera
1094 4950 1247 5005 Dom.
1293 4947 1357 5001 (ἓ.
1387 4946 1617 5001 Constat
1657 4943 1812 5016 enim.

224 5056 513 5110 Christum
545 5050 678 5106 feria
704 5065 735 5103 v
760 5046 827 5101 ad
856 5057 1138 5115 vesperam
1159 5040 1615 5109 comprehensum
1643 5075 1658 5098 ,
1683 5049 1805 5104 pas-

227 5163 352 5205 sum
382 5161 459 5210 vt,
491 5153 546 5199 et
587 5141 870 5197 Dominica
909 5134 1294 5192 resurrexisse.
1347 5130 1417 5186 At
1472 5127 1651 5183 annus
1693 5127 1803 5188 ille,

227 5254 393 5310 quem
425 5236 560 5301 dixi,
589 5233 756 5289 ferias
798 5231 935 5285 istas
975 5224 1254 5296 prtefinitis
1287 5238 1316 5278 a
1344 5219 1576 5276 concilio
1614 5217 1807 5271 diebus

227 5309 470 5389 exhibet.
501 5327 598 5384 Est
619 5327 786 5397 igitur
805 5323 1057 5378 Julianus
1081 5317 1170 5383 76,
1197 5317 1415 5371 Tiberio
1445 5330 1477 5369 v
1506 5322 1559 5368 ct
1607 5309 1808 5380 Sejano

228 5439 398 5488 ωδε..
426 5419 736 5494 cyclolunat
755 5431 872 5471 xm.
904 5412 1170 5467 Caeterum
1195 5423 1318 5466 cum
1350 5401 1810 5494 cyclus‘i‘licaenus

228 5529 328 5569 xm
359 5487 700 5567 novilunium
727 5503 982 5577 paschale
1009 5500 1366 5556 constitueret
1395 5492 1573 5547 Martii
1608 5505 1661 5544 xl
1691 5487 1809 5558 ple-

231 5604 504 5659 nilunium
543 5615 671 5666 xxv,
699 5613 766 5652 ex
791 5593 1007 5650 concilii
1043 5588 1368 5646 auctoritate
1395 5584 1671 5656 plerisque
1693 5592 1811 5651 per-

229 5710 456 5754 suasum
483 5694 604 5758 fuit,
639 5691 914 5746 Christum
940 5682 1238 5760 plenilunio
1273 5682 1392 5753 ipso
1419 5676 1809 5737 resurrexisse.

1908 4494 2036 4534 vero
2067 4479 2307 4549 legitimo
2361 4478 2548 4548 utique
2598 4486 2844 4546 tempore
2875 4476 3187 4534 celebravit.
3242 4475 3478 4531 Proinde

1907 4589 1982 4628 χιι
2016 4571 2232 4628 Νἰιτιθιιιι
2276 4571 2478 4628 Judmis
2504 4573 2558 4626 in
2603 4572 2697 4627 illo
2727 4571 2925 4627 vitioso
2947 4571 3099 4643 cyclo
3120 4585 3213 4626 xtv
3238 4584 3358 4625 esse
3385 4569 3480 4624 de-

1907 4665 2056 4730 buit,
2102 4674 2156 4719 et
2213 4664 2498 4735 sequenti,
2542 4663 2647 4720 hoc
2680 4673 2761 4719 est
2805 4679 2873 4719 xx
2928 4661 3128 4727 Martii,
3169 4662 3296 4716 luna
3357 4675 3476 4716 xv:

1907 4756 2149 4826 adeoque
2170 4754 2458 4810 Neomenia
2493 4753 2714 4810 Iudaica
2752 4753 2931 4810 Martii
2976 4769 3030 4808 vt
3078 4752 3354 4812 convenit,
3382 4747 3479 4804 Ni-

1907 4865 2055 4906 cmna
2087 4865 2214 4904 vero
2238 4863 2353 4905 vm.
2381 4846 2534 4902 Unde
2561 4860 2905 4916 consequens
2937 4853 3020 4900 est
3047 4861 3077 4899 a
3117 4842 3430 4900 ctelestibus
3453 4869 3478 4907 1

1908 4955 1972 4995 ac
2023 4938 2254 4994 Niczenis
2305 4937 2562 4992 .ludaicas
2617 4935 2943 4991 Neomenias
2973 4934 3138 4990 biduo
3167 4934 3476 4988 deerrasse.

1907 5029 2008 5084 Per
2044 5031 2183 5085 idem
2214 5039 2427 5096 tempus
2451 5027 2620 5084 Judaei
2644 5035 2849 5083 certam
2884 5026 2956 5081 ob
2993 5039 3238 5085 causam,
3277 5022 3344 5076 de
3369 5034 3480 5091 qua

1905 5121 2068 5190 paulo
2098 5133 2222 5190 post
2248 5129 2455 5190 agetur,
2481 5119 2690 5174 Pascha
2717 5120 2772 5174 in
2807 5125 3120 5188 sequentem
3161 5132 3191 5168 a
3238 5113 3479 5181 legitimo

1908 5218 2072 5277 diem.
2107 5216 2208 5271 hoc
2238 5216 2399 5271 estin
2433 5214 2752 5280 Sahbatum,
2783 5198 2907 5268 'sive
2953 5225 3044 5265 χχι
3082 5205 3258 5262 Martii
3296 5213 3479 5259 trans-

1908 5309 2172 5370 tulerunt,
2207 5323 2304 5361 nec
2331 5307 2517 5362 eodem
2543 5319 2653 5376 quo
2678 5304 2930 5360 Christus
2974 5299 3064 5355 die
3110 5297 3478 5354 celebrarunt.

1911 5399 2006 5454 llic
2027 5400 2170 5453 enim
2196 5394 2308 5474 ὲν
2340 5399 2447 5451 ἔδει
2472 5397 2620 5450 Θύειν
2651 5395 2858 5468 ἡμέρᾳ,
2885 5395 2988 5448 hoc
3012 5400 3094 5447 est
3132 5405 3221 5444 xtv
3244 5388 3373 5442 luna
3396 5388 3482 5443 ci-

1910 5492 2002 5546 vili
2033 5507 2096 5546 ac
2117 5490 2336 5562 politica
2366 5488 2680 5548 celebravit,
2713 5501 2822 5541 non
2849 5484 3036 5552 utique
3057 5479 3290 5545 caelesti,
3313 5486 3480 5552 atque

1908 5599 1976 5640 ex
2020 5584 2223 5647 medio,
2275 5592 2328 5637 et
2360 5580 2732 5636 astronomico
2762 5577 3020 5640 ,siderum
3070 5570 3360 5629 ratiocinio
3382 5568 3477 5624 de-

1908 5687 2178 5751 prompta,
2237 5675 2304 5731 de
2349 5687 2456 5746 qua
2486 5671 2623 5727 nihil
2653 5687 2684 5727 a
2733 5669 3039 5743 legislatore
3072 5663 3468 5740 pmscriptum.
