  <div class='ocr_page' id='page_1' title='image "/cluster/home/n/w/nwhite01/storage/ocr_20150623/42/hvd.32044011752995/489.png"; bbox 0 0 3874 6328; ppageno 0'>
   <div class='ocr_carea' id='block_1_1' title="bbox 362 307 470 376">
    <p class='ocr_par' dir='ltr' id='par_1_1' title="bbox 362 307 470 376">
     <span class='ocr_line' id='line_1_1' title="bbox 362 307 470 376; baseline -0.037 -12"><span class='ocrx_word' id='word_1_1' title='bbox 362 307 470 376; x_wconf 75' lang='lat'><strong>975</strong></span> 
     </span>
    </p>
   </div>
   <div class='ocr_carea' id='block_1_2' title="bbox 1509 303 2508 362">
    <p class='ocr_par' dir='ltr' id='par_1_2' title="bbox 1509 303 2508 362">
     <span class='ocr_line' id='line_1_2' title="bbox 1509 303 2508 362; baseline 0.005 -5"><span class='ocrx_word' id='word_1_2' title='bbox 1509 317 1512 320; x_wconf 84' lang='lat'>‘</span> <span class='ocrx_word' id='word_1_3' title='bbox 1542 304 1838 360; x_wconf 76' lang='lat' dir='ltr'><strong>PPENDIX</strong></span> <span class='ocrx_word' id='word_1_4' title='bbox 1875 303 2508 362; x_wconf 71' lang='lat' dir='ltr'><strong>DISSERTATIONUM.</strong></span> 
     </span>
    </p>
   </div>
   <div class='ocr_carea' id='block_1_3' title="bbox 3535 307 3653 363">
    <p class='ocr_par' dir='ltr' id='par_1_3' title="bbox 3535 307 3653 363">
     <span class='ocr_line' id='line_1_3' title="bbox 3535 307 3653 363; baseline 0 0"><span class='ocrx_word' id='word_1_5' title='bbox 3535 307 3653 363; x_wconf 68' lang='lat'><strong>976</strong></span> 
     </span>
    </p>
   </div>
   <div class='ocr_carea' id='block_1_4' title="bbox 363 415 3656 495">
    <p class='ocr_par' dir='ltr' id='par_1_4' title="bbox 363 415 3656 495">
     <span class='ocr_line' id='line_1_4' title="bbox 363 415 3656 495; baseline 0 -20"><span class='ocrx_word' id='word_1_6' title='bbox 363 421 433 475; x_wconf 85' lang='lat' dir='ltr'><strong>At</strong></span> <span class='ocrx_word' id='word_1_7' title='bbox 463 421 636 477; x_wconf 72' lang='grc' dir='ltr'>ιιιᾱωί</span> <span class='ocrx_word' id='word_1_8' title='bbox 672 437 736 475; x_wconf 80' lang='lat' dir='ltr'><strong>xv</strong></span> <span class='ocrx_word' id='word_1_9' title='bbox 764 421 891 474; x_wconf 89' lang='lat' dir='ltr'><strong>luna</strong></span> <span class='ocrx_word' id='word_1_10' title='bbox 923 428 1184 489; x_wconf 87' lang='lat' dir='ltr'><strong>sequente</strong></span> <span class='ocrx_word' id='word_1_11' title='bbox 1212 436 1298 473; x_wconf 80' lang='lat' dir='ltr'><strong>xvi</strong></span> <span class='ocrx_word' id='word_1_12' title='bbox 1344 419 1551 474; x_wconf 80' lang='lat' dir='ltr'><strong>Pascha</strong></span> <span class='ocrx_word' id='word_1_13' title='bbox 1595 432 1941 489; x_wconf 79' lang='lat' dir='ltr'><strong>peregerunt.</strong></span> <span class='ocrx_word' id='word_1_14' title='bbox 1976 423 2020 480; x_wconf 78' lang='grc' dir='ltr'>Α</span> <span class='ocrx_word' id='word_1_15' title='bbox 2050 419 2156 482; x_wconf 89' lang='lat' dir='ltr'><strong>clo,</strong></span> <span class='ocrx_word' id='word_1_16' title='bbox 2193 433 2314 488; x_wconf 72' lang='lat' dir='ltr'><strong>qua:</strong></span> <span class='ocrx_word' id='word_1_17' title='bbox 2340 428 2458 472; x_wconf 91' lang='lat' dir='ltr'><strong>erat</strong></span> <span class='ocrx_word' id='word_1_18' title='bbox 2484 415 2705 473; x_wconf 64' lang='lat' dir='ltr'><strong>Nicasna</strong></span> <span class='ocrx_word' id='word_1_19' title='bbox 2743 432 2854 481; x_wconf 85' lang='lat' dir='ltr'><strong>xu,</strong></span> <span class='ocrx_word' id='word_1_20' title='bbox 2894 416 3101 472; x_wconf 88' lang='lat' dir='ltr'><strong>Christi</strong></span> <span class='ocrx_word' id='word_1_21' title='bbox 3148 431 3278 471; x_wconf 88' lang='lat' dir='ltr'><strong>vero</strong></span> <span class='ocrx_word' id='word_1_22' title='bbox 3329 421 3537 475; x_wconf 67' lang='lat' dir='ltr'><strong>saculo</strong></span> <span class='ocrx_word' id='word_1_23' title='bbox 3568 438 3656 495; x_wconf 74' lang='grc' dir='ltr'>ιι,</span> 
     </span>
    </p>
   </div>
   <div class='ocr_carea' id='block_1_5' title="bbox 362 509 1944 578">
    <p class='ocr_par' dir='ltr' id='par_1_5' title="bbox 362 509 1944 578">
     <span class='ocr_line' id='line_1_5' title="bbox 362 509 1944 578; baseline -0.001 -13"><span class='ocrx_word' id='word_1_24' title='bbox 362 509 550 573; x_wconf 63' lang='lat' dir='ltr'><strong>Neque</strong></span> <span class='ocrx_word' id='word_1_25' title='bbox 584 524 713 565; x_wconf 76' lang='lat' dir='ltr'><strong>V610</strong></span> <span class='ocrx_word' id='word_1_26' title='bbox 743 511 892 564; x_wconf 84' lang='lat' dir='ltr'><strong>solus</strong></span> <span class='ocrx_word' id='word_1_27' title='bbox 922 511 974 564; x_wconf 98' lang='lat' dir='ltr'><strong>id</strong></span> <span class='ocrx_word' id='word_1_28' title='bbox 1003 510 1258 565; x_wconf 79' lang='lat' dir='ltr'><strong>Christus</strong></span> <span class='ocrx_word' id='word_1_29' title='bbox 1292 512 1484 578; x_wconf 69' lang='lat' dir='ltr'><strong>iecisse</strong></span> <span class='ocrx_word' id='word_1_30' title='bbox 1511 512 1742 572; x_wconf 87' lang='lat' dir='ltr'><strong>videtur,</strong></span> <span class='ocrx_word' id='word_1_31' title='bbox 1778 522 1834 564; x_wconf 92' lang='lat' dir='ltr'><strong>ut</strong></span> <span class='ocrx_word' id='word_1_32' title='bbox 1868 513 1944 564; x_wconf 78' lang='lat' dir='ltr'><strong>Ie-</strong></span> 
     </span>
    </p>
   </div>
   <div class='ocr_carea' id='block_1_6' title="bbox 364 603 1944 672">
    <p class='ocr_par' dir='ltr' id='par_1_6' title="bbox 364 603 1944 672">
     <span class='ocr_line' id='line_1_6' title="bbox 364 603 1944 672; baseline 0.001 -15"><span class='ocrx_word' id='word_1_33' title='bbox 364 603 616 672; x_wconf 71' lang='lat' dir='ltr'><strong>g‘timum</strong></span> <span class='ocrx_word' id='word_1_34' title='bbox 665 611 898 670; x_wconf 89' lang='lat' dir='ltr'><strong>tempus,</strong></span> <span class='ocrx_word' id='word_1_35' title='bbox 950 611 1062 656; x_wconf 90' lang='lat' dir='ltr'><strong>cta</strong></span> <span class='ocrx_word' id='word_1_36' title='bbox 1117 604 1224 657; x_wconf 90' lang='lat' dir='ltr'><strong>Deo</strong></span> <span class='ocrx_word' id='word_1_37' title='bbox 1275 606 1658 665; x_wconf 75' lang='lat' dir='ltr'><strong>coastitutum,</strong></span> <span class='ocrx_word' id='word_1_38' title='bbox 1708 604 1944 659; x_wconf 88' lang='lat' dir='ltr'><strong>inventis</strong></span> 
     </span>
    </p>
   </div>
   <div class='ocr_carea' id='block_1_7' title="bbox 363 694 1961 765">
    <p class='ocr_par' dir='ltr' id='par_1_7' title="bbox 363 694 1961 765">
     <span class='ocr_line' id='line_1_7' title="bbox 363 694 1961 765; baseline -0.001 -15"><span class='ocrx_word' id='word_1_39' title='bbox 363 694 652 750; x_wconf 78' lang='lat' dir='ltr'><strong>hominum</strong></span> <span class='ocrx_word' id='word_1_40' title='bbox 703 695 1026 761; x_wconf 76' lang='lat' dir='ltr'><strong>anteferret;</strong></span> <span class='ocrx_word' id='word_1_41' title='bbox 1062 695 1154 750; x_wconf 88' lang='lat' dir='ltr'><strong>scd</strong></span> <span class='ocrx_word' id='word_1_42' title='bbox 1185 696 1272 748; x_wconf 83' lang='lat' dir='ltr'><strong>alii</strong></span> <span class='ocrx_word' id='word_1_43' title='bbox 1314 695 1559 765; x_wconf 84' lang='lat' dir='ltr'><strong>plerique</strong></span> <span class='ocrx_word' id='word_1_44' title='bbox 1608 695 1766 764; x_wconf 86' lang='lat' dir='ltr'><strong>patrii</strong></span> <span class='ocrx_word' id='word_1_45' title='bbox 1797 695 1961 748; x_wconf 87' lang='lat' dir='ltr'><strong>iusti--</strong></span> 
     </span>
    </p>
   </div>
   <div class='ocr_carea' id='block_1_8' title="bbox 364 788 1943 860">
    <p class='ocr_par' dir='ltr' id='par_1_8' title="bbox 364 788 1943 860">
     <span class='ocr_line' id='line_1_8' title="bbox 364 788 1943 860; baseline 0.001 -18"><span class='ocrx_word' id='word_1_46' title='bbox 364 789 465 842; x_wconf 92' lang='lat' dir='ltr'><strong>tuti</strong></span> <span class='ocrx_word' id='word_1_47' title='bbox 507 788 811 842; x_wconf 74' lang='lat' dir='ltr'><strong>tenaciores</strong></span> <span class='ocrx_word' id='word_1_48' title='bbox 845 803 907 841; x_wconf 91' lang='lat' dir='ltr'><strong>ac</strong></span> <span class='ocrx_word' id='word_1_49' title='bbox 934 789 1072 843; x_wconf 90' lang='lat' dir='ltr'><strong>ritus</strong></span> <span class='ocrx_word' id='word_1_50' title='bbox 1103 807 1115 841; x_wconf 89' lang='lat'>:</span> <span class='ocrx_word' id='word_1_51' title='bbox 1165 789 1307 843; x_wconf 92' lang='lat' dir='ltr'><strong>unde</strong></span> <span class='ocrx_word' id='word_1_52' title='bbox 1348 788 1596 860; x_wconf 80' lang='grc' dir='ltr'><strong>Οὸρυϐος,</strong></span> <span class='ocrx_word' id='word_1_53' title='bbox 1639 803 1691 844; x_wconf 90' lang='lat' dir='ltr'><strong>et</strong></span> <span class='ocrx_word' id='word_1_54' title='bbox 1727 798 1943 858; x_wconf 87' lang='lat' dir='ltr'><strong>pertur-</strong></span> 
     </span>
    </p>
   </div>
   <div class='ocr_carea' id='block_1_9' title="bbox 364 877 1943 947">
    <p class='ocr_par' dir='ltr' id='par_1_9' title="bbox 364 877 1943 947">
     <span class='ocr_line' id='line_1_9' title="bbox 364 877 1943 947; baseline 0.001 -15"><span class='ocrx_word' id='word_1_55' title='bbox 364 879 516 932; x_wconf 58' lang='lat' dir='ltr'><strong>Iaatio</strong></span> <span class='ocrx_word' id='word_1_56' title='bbox 544 880 596 932; x_wconf 92' lang='lat' dir='ltr'><strong>in</strong></span> <span class='ocrx_word' id='word_1_57' title='bbox 621 878 935 934; x_wconf 88' lang='lat' dir='ltr'><strong>celebritate</strong></span> <span class='ocrx_word' id='word_1_58' title='bbox 965 879 1078 947; x_wconf 87' lang='lat' dir='ltr'><strong>ipsa</strong></span> <span class='ocrx_word' id='word_1_59' title='bbox 1105 877 1386 933; x_wconf 82' lang='lat' dir='ltr'><strong>Paschalis</strong></span> <span class='ocrx_word' id='word_1_60' title='bbox 1408 889 1620 933; x_wconf 76' lang='lat' dir='ltr'><strong>exorta.</strong></span> <span class='ocrx_word' id='word_1_61' title='bbox 1641 877 1756 942; x_wconf 77' lang='lat' dir='ltr'><strong>Non</strong></span> <span class='ocrx_word' id='word_1_62' title='bbox 1781 880 1943 933; x_wconf 88' lang='lat' dir='ltr'><strong>aliam</strong></span> 
     </span>
    </p>
   </div>
   <div class='ocr_carea' id='block_1_10' title="bbox 368 970 1945 1042">
    <p class='ocr_par' dir='ltr' id='par_1_10' title="bbox 368 970 1945 1042">
     <span class='ocr_line' id='line_1_10' title="bbox 368 970 1945 1042; baseline 0.002 -18"><span class='ocrx_word' id='word_1_63' title='bbox 368 970 678 1042; x_wconf 77' lang='lat' dir='ltr'><strong>Epiphanii,</strong></span> <span class='ocrx_word' id='word_1_64' title='bbox 726 987 849 1026; x_wconf 91' lang='lat' dir='ltr'><strong>cum</strong></span> <span class='ocrx_word' id='word_1_65' title='bbox 904 971 1016 1024; x_wconf 78' lang='lat' dir='ltr'><strong>haec</strong></span> <span class='ocrx_word' id='word_1_66' title='bbox 1066 972 1351 1034; x_wconf 76' lang='lat' dir='ltr'><strong>scriberet,</strong></span> <span class='ocrx_word' id='word_1_67' title='bbox 1391 982 1627 1026; x_wconf 79' lang='lat' dir='ltr'><strong>ruentem</strong></span> <span class='ocrx_word' id='word_1_68' title='bbox 1683 988 1804 1027; x_wconf 86' lang='lat' dir='ltr'><strong>esse</strong></span> <span class='ocrx_word' id='word_1_69' title='bbox 1847 973 1945 1027; x_wconf 87' lang='lat' dir='ltr'><strong>de-</strong></span> 
     </span>
    </p>
   </div>
   <div class='ocr_carea' id='block_1_11' title="bbox 366 1064 1942 1134">
    <p class='ocr_par' dir='ltr' id='par_1_11' title="bbox 366 1064 1942 1134">
     <span class='ocr_line' id='line_1_11' title="bbox 366 1064 1942 1134; baseline 0.001 -16"><span class='ocrx_word' id='word_1_70' title='bbox 366 1064 571 1127; x_wconf 87' lang='lat' dir='ltr'><strong>buisse,</strong></span> <span class='ocrx_word' id='word_1_71' title='bbox 608 1064 764 1119; x_wconf 79' lang='lat' dir='ltr'><strong>facile</strong></span> <span class='ocrx_word' id='word_1_72' title='bbox 825 1064 998 1134; x_wconf 88' lang='lat' dir='ltr'><strong>ipsius</strong></span> <span class='ocrx_word' id='word_1_73' title='bbox 1046 1064 1211 1119; x_wconf 82' lang='lat' dir='ltr'><strong>verba</strong></span> <span class='ocrx_word' id='word_1_74' title='bbox 1257 1065 1653 1119; x_wconf 82' lang='lat' dir='ltr'><strong>demonstrant.</strong></span> <span class='ocrx_word' id='word_1_75' title='bbox 1704 1066 1770 1119; x_wconf 80' lang='lat' dir='ltr'><strong>At</strong></span> <span class='ocrx_word' id='word_1_76' title='bbox 1800 1067 1942 1120; x_wconf 86' lang='lat' dir='ltr'><strong>enim</strong></span> 
     </span>
    </p>
   </div>
   <div class='ocr_carea' id='block_1_12' title="bbox 367 1156 1944 1226">
    <p class='ocr_par' dir='ltr' id='par_1_12' title="bbox 367 1156 1944 1226">
     <span class='ocr_line' id='line_1_12' title="bbox 367 1156 1944 1226; baseline 0.001 -16"><span class='ocrx_word' id='word_1_77' title='bbox 367 1158 556 1212; x_wconf 88' lang='lat' dir='ltr'><strong>multis</strong></span> <span class='ocrx_word' id='word_1_78' title='bbox 614 1157 789 1212; x_wconf 87' lang='lat' dir='ltr'><strong>modis</strong></span> <span class='ocrx_word' id='word_1_79' title='bbox 845 1156 1210 1212; x_wconf 84' lang='lat' dir='ltr'><strong>hallucinatur</strong></span> <span class='ocrx_word' id='word_1_80' title='bbox 1267 1157 1622 1226; x_wconf 81' lang='lat' dir='ltr'><strong>Epiphanius.</strong></span> <span class='ocrx_word' id='word_1_81' title='bbox 1699 1157 1944 1212; x_wconf 88' lang='lat' dir='ltr'><strong>Primum</strong></span> 
     </span>
    </p>
   </div>
   <div class='ocr_carea' id='block_1_13' title="bbox 367 1246 1948 1319">
    <p class='ocr_par' dir='ltr' id='par_1_13' title="bbox 367 1246 1948 1319">
     <span class='ocr_line' id='line_1_13' title="bbox 367 1246 1948 1319; baseline 0.001 -17"><span class='ocrx_word' id='word_1_82' title='bbox 367 1249 511 1302; x_wconf 87' lang='lat' dir='ltr'><strong>enim</strong></span> <span class='ocrx_word' id='word_1_83' title='bbox 548 1249 865 1303; x_wconf 77' lang='lat' dir='ltr'><strong>neomenias</strong></span> <span class='ocrx_word' id='word_1_84' title='bbox 910 1246 1159 1302; x_wconf 81' lang='lat' dir='ltr'><strong>Nicaenas</strong></span> <span class='ocrx_word' id='word_1_85' title='bbox 1209 1249 1366 1309; x_wconf 72' lang='lat' dir='ltr'><strong>lixas,</strong></span> <span class='ocrx_word' id='word_1_86' title='bbox 1414 1263 1478 1302; x_wconf 90' lang='lat' dir='ltr'><strong>ac</strong></span> <span class='ocrx_word' id='word_1_87' title='bbox 1511 1249 1798 1319; x_wconf 80' lang='lat' dir='ltr'><strong>perpetuas</strong></span> <span class='ocrx_word' id='word_1_88' title='bbox 1826 1264 1948 1304; x_wconf 83' lang='lat' dir='ltr'><strong>esse</strong></span> 
     </span>
    </p>
   </div>
   <div class='ocr_carea' id='block_1_14' title="bbox 367 1338 1950 1407">
    <p class='ocr_par' dir='ltr' id='par_1_14' title="bbox 367 1338 1950 1407">
     <span class='ocr_line' id='line_1_14' title="bbox 367 1338 1950 1407; baseline 0.001 -14"><span class='ocrx_word' id='word_1_89' title='bbox 367 1339 558 1393; x_wconf 89' lang='lat' dir='ltr'><strong>credit.</strong></span> <span class='ocrx_word' id='word_1_90' title='bbox 598 1338 800 1392; x_wconf 80' lang='lat' dir='ltr'><strong>Deinde</strong></span> <span class='ocrx_word' id='word_1_91' title='bbox 855 1338 1265 1407; x_wconf 79' lang='lat' dir='ltr'><strong>:cquinoctium,</strong></span> <span class='ocrx_word' id='word_1_92' title='bbox 1299 1338 1444 1406; x_wconf 91' lang='lat' dir='ltr'><strong>quod</strong></span> <span class='ocrx_word' id='word_1_93' title='bbox 1488 1353 1554 1392; x_wconf 84' lang='lat' dir='ltr'><strong>ex</strong></span> <span class='ocrx_word' id='word_1_94' title='bbox 1594 1339 1845 1393; x_wconf 78' lang='lat' dir='ltr'><strong>Anatolio</strong></span> <span class='ocrx_word' id='word_1_95' title='bbox 1897 1348 1950 1394; x_wconf 87' lang='lat' dir='ltr'><strong>et</strong></span> 
     </span>
    </p>
   </div>
   <div class='ocr_carea' id='block_1_15' title="bbox 367 1424 1944 1496">
    <p class='ocr_par' dir='ltr' id='par_1_15' title="bbox 367 1424 1944 1496">
     <span class='ocr_line' id='line_1_15' title="bbox 367 1424 1944 1496; baseline -0.001 -15"><span class='ocrx_word' id='word_1_96' title='bbox 367 1427 757 1482; x_wconf 76' lang='lat' dir='ltr'><strong>vetustioribus</strong></span> <span class='ocrx_word' id='word_1_97' title='bbox 811 1425 1080 1496; x_wconf 72' lang='lat' dir='ltr'><strong>JEgyptiis</strong></span> <span class='ocrx_word' id='word_1_98' title='bbox 1133 1427 1186 1479; x_wconf 91' lang='lat' dir='ltr'><strong>in</strong></span> <span class='ocrx_word' id='word_1_99' title='bbox 1237 1441 1346 1478; x_wconf 78' lang='lat' dir='ltr'><strong>xxu</strong></span> <span class='ocrx_word' id='word_1_100' title='bbox 1386 1424 1566 1480; x_wconf 84' lang='lat' dir='ltr'><strong>Martii</strong></span> <span class='ocrx_word' id='word_1_101' title='bbox 1621 1426 1944 1488; x_wconf 84' lang='lat' dir='ltr'><strong>collocabat,</strong></span> 
     </span>
    </p>
   </div>
   <div class='ocr_carea' id='block_1_16' title="bbox 358 1517 1949 1586">
    <p class='ocr_par' dir='ltr' id='par_1_16' title="bbox 358 1517 1949 1586">
     <span class='ocr_line' id='line_1_16' title="bbox 358 1517 1949 1586; baseline -0.004 -12"><span class='ocrx_word' id='word_1_102' title='bbox 358 1519 558 1574; x_wconf 74' lang='lat' dir='ltr'><strong>eodem</strong></span> <span class='ocrx_word' id='word_1_103' title='bbox 591 1519 678 1572; x_wconf 88' lang='lat' dir='ltr'><strong>die</strong></span> <span class='ocrx_word' id='word_1_104' title='bbox 704 1517 910 1572; x_wconf 83' lang='lat' dir='ltr'><strong>Christi</strong></span> <span class='ocrx_word' id='word_1_105' title='bbox 942 1518 1104 1572; x_wconf 83' lang='lat' dir='ltr'><strong>etiam</strong></span> <span class='ocrx_word' id='word_1_106' title='bbox 1134 1526 1380 1586; x_wconf 89' lang='lat' dir='ltr'><strong>tempore</strong></span> <span class='ocrx_word' id='word_1_107' title='bbox 1419 1517 1776 1572; x_wconf 89' lang='lat' dir='ltr'><strong>commissum</strong></span> <span class='ocrx_word' id='word_1_108' title='bbox 1803 1519 1949 1571; x_wconf 87' lang='lat' dir='ltr'><strong>arbi-</strong></span> 
     </span>
    </p>
   </div>
   <div class='ocr_carea' id='block_1_17' title="bbox 368 1609 1946 1679">
    <p class='ocr_par' dir='ltr' id='par_1_17' title="bbox 368 1609 1946 1679">
     <span class='ocr_line' id='line_1_17' title="bbox 368 1609 1946 1679; baseline -0.001 -13"><span class='ocrx_word' id='word_1_109' title='bbox 368 1623 561 1667; x_wconf 87' lang='lat' dir='ltr'><strong>tratur.</strong></span> <span class='ocrx_word' id='word_1_110' title='bbox 595 1609 714 1677; x_wconf 85' lang='lat' dir='ltr'><strong>Quo</strong></span> <span class='ocrx_word' id='word_1_111' title='bbox 747 1626 811 1665; x_wconf 79' lang='lat' dir='ltr'><strong>ex</strong></span> <span class='ocrx_word' id='word_1_112' title='bbox 845 1625 1030 1665; x_wconf 90' lang='lat' dir='ltr'><strong>errore</strong></span> <span class='ocrx_word' id='word_1_113' title='bbox 1068 1609 1272 1664; x_wconf 79' lang='lat' dir='ltr'><strong>factum</strong></span> <span class='ocrx_word' id='word_1_114' title='bbox 1306 1619 1422 1675; x_wconf 89' lang='lat' dir='ltr'><strong>est,</strong></span> <span class='ocrx_word' id='word_1_115' title='bbox 1470 1619 1529 1664; x_wconf 92' lang='lat' dir='ltr'><strong>ut</strong></span> <span class='ocrx_word' id='word_1_116' title='bbox 1560 1627 1681 1679; x_wconf 67' lang='lat' dir='ltr'><strong>quae</strong></span> <span class='ocrx_word' id='word_1_117' title='bbox 1725 1611 1778 1664; x_wconf 92' lang='lat' dir='ltr'><strong>in</strong></span> <span class='ocrx_word' id='word_1_118' title='bbox 1812 1626 1946 1665; x_wconf 73' lang='lat' dir='ltr'><strong>xxut</strong></span> 
     </span>
    </p>
   </div>
   <div class='ocr_carea' id='block_1_18' title="bbox 367 1702 1944 1772">
    <p class='ocr_par' dir='ltr' id='par_1_18' title="bbox 367 1702 1944 1772">
     <span class='ocr_line' id='line_1_18' title="bbox 367 1702 1944 1772; baseline -0.001 -14"><span class='ocrx_word' id='word_1_119' title='bbox 367 1706 566 1768; x_wconf 82' lang='lat' dir='ltr'><strong>Martii,</strong></span> <span class='ocrx_word' id='word_1_120' title='bbox 625 1706 730 1759; x_wconf 91' lang='lat' dir='ltr'><strong>hoc</strong></span> <span class='ocrx_word' id='word_1_121' title='bbox 772 1714 856 1759; x_wconf 89' lang='lat' dir='ltr'><strong>est</strong></span> <span class='ocrx_word' id='word_1_122' title='bbox 892 1704 1108 1758; x_wconf 88' lang='lat' dir='ltr'><strong>tertium</strong></span> <span class='ocrx_word' id='word_1_123' title='bbox 1159 1712 1283 1757; x_wconf 90' lang='lat' dir='ltr'><strong>ante</strong></span> <span class='ocrx_word' id='word_1_124' title='bbox 1338 1702 1728 1772; x_wconf 64' lang='lat' dir='ltr'><strong>aequinoctium</strong></span> <span class='ocrx_word' id='word_1_125' title='bbox 1779 1704 1944 1770; x_wconf 89' lang='lat' dir='ltr'><strong>diem,</strong></span> 
     </span>
    </p>
   </div>
   <div class='ocr_carea' id='block_1_19' title="bbox 303 1795 1946 1867">
    <p class='ocr_par' dir='ltr' id='par_1_19' title="bbox 303 1795 1946 1867">
     <span class='ocr_line' id='line_1_19' title="bbox 303 1795 1946 1867; baseline 0.001 -16"><span class='ocrx_word' id='word_1_126' title='bbox 303 1823 306 1826; x_wconf 64' lang='grc' dir='ltr'><strong>ι</strong></span> <span class='ocrx_word' id='word_1_127' title='bbox 366 1804 736 1867; x_wconf 85' lang='lat' dir='ltr'><strong>competerent</strong></span> <span class='ocrx_word' id='word_1_128' title='bbox 760 1835 774 1860; x_wconf 95' lang='lat'><strong>,</strong></span> <span class='ocrx_word' id='word_1_129' title='bbox 820 1811 882 1850; x_wconf 90' lang='lat' dir='ltr'><strong>ea</strong></span> <span class='ocrx_word' id='word_1_130' title='bbox 916 1795 982 1850; x_wconf 86' lang='lat' dir='ltr'><strong>ad</strong></span> <span class='ocrx_word' id='word_1_131' title='bbox 1009 1795 1184 1850; x_wconf 85' lang='lat' dir='ltr'><strong>Martii</strong></span> <span class='ocrx_word' id='word_1_132' title='bbox 1213 1811 1282 1850; x_wconf 81' lang='lat' dir='ltr'><strong>xx</strong></span> <span class='ocrx_word' id='word_1_133' title='bbox 1317 1796 1677 1850; x_wconf 79' lang='lat' dir='ltr'><strong>transtulerit.</strong></span> <span class='ocrx_word' id='word_1_134' title='bbox 1711 1795 1946 1851; x_wconf 85' lang='lat' dir='ltr'><strong>Proinde</strong></span> 
     </span>
    </p>
   </div>
   <div class='ocr_carea' id='block_1_20' title="bbox 365 1884 1947 1958">
    <p class='ocr_par' dir='ltr' id='par_1_20' title="bbox 365 1884 1947 1958">
     <span class='ocr_line' id='line_1_20' title="bbox 365 1884 1947 1958; baseline 0.002 -20"><span class='ocrx_word' id='word_1_135' title='bbox 365 1884 551 1940; x_wconf 90' lang='lat' dir='ltr'><strong>lunam</strong></span> <span class='ocrx_word' id='word_1_136' title='bbox 575 1886 720 1940; x_wconf 90' lang='lat' dir='ltr'><strong>illam</strong></span> <span class='ocrx_word' id='word_1_137' title='bbox 753 1894 912 1941; x_wconf 88' lang='lat' dir='ltr'><strong>vocat</strong></span> <span class='ocrx_word' id='word_1_138' title='bbox 936 1886 1205 1942; x_wconf 88' lang='lat' dir='ltr'><strong>decimam</strong></span> <span class='ocrx_word' id='word_1_139' title='bbox 1228 1885 1478 1956; x_wconf 85' lang='lat' dir='ltr'><strong>quintam</strong></span> <span class='ocrx_word' id='word_1_140' title='bbox 1526 1886 1581 1940; x_wconf 92' lang='lat' dir='ltr'><strong>in</strong></span> <span class='ocrx_word' id='word_1_141' title='bbox 1607 1885 1824 1942; x_wconf 82' lang='lat' dir='ltr'><strong>Nicaeno</strong></span> <span class='ocrx_word' id='word_1_142' title='bbox 1854 1903 1947 1958; x_wconf 83' lang='lat' dir='ltr'><strong>cy-</strong></span> 
     </span>
    </p>
   </div>
   <div class='ocr_carea' id='block_1_21' title="bbox 2046 509 3657 574">
    <p class='ocr_par' dir='ltr' id='par_1_21' title="bbox 2046 509 3657 574">
     <span class='ocr_line' id='line_1_21' title="bbox 2046 509 3657 574; baseline 0.003 -10"><span class='ocrx_word' id='word_1_143' title='bbox 2046 510 2226 564; x_wconf 89' lang='lat' dir='ltr'><strong>Martii</strong></span> <span class='ocrx_word' id='word_1_144' title='bbox 2257 526 2368 565; x_wconf 76' lang='lat' dir='ltr'><strong>xxu</strong></span> <span class='ocrx_word' id='word_1_145' title='bbox 2399 531 2411 572; x_wconf 83' lang='lat'>;</span> <span class='ocrx_word' id='word_1_146' title='bbox 2447 520 2499 564; x_wconf 84' lang='lat' dir='ltr'><strong>et</strong></span> <span class='ocrx_word' id='word_1_147' title='bbox 2530 509 2880 564; x_wconf 87' lang='lat' dir='ltr'><strong>characteres</strong></span> <span class='ocrx_word' id='word_1_148' title='bbox 2905 509 3142 574; x_wconf 88' lang='lat' dir='ltr'><strong>dierum,</strong></span> <span class='ocrx_word' id='word_1_149' title='bbox 3173 510 3289 564; x_wconf 84' lang='lat' dir='ltr'><strong>sive</strong></span> <span class='ocrx_word' id='word_1_150' title='bbox 3323 509 3498 566; x_wconf 81' lang='lat' dir='ltr'><strong>ferias</strong></span> <span class='ocrx_word' id='word_1_151' title='bbox 3522 529 3657 568; x_wconf 86' lang='lat' dir='ltr'><strong>con-</strong></span> 
     </span>
    </p>
   </div>
   <div class='ocr_carea' id='block_1_22' title="bbox 2047 604 3651 675">
    <p class='ocr_par' dir='ltr' id='par_1_22' title="bbox 2047 604 3651 675">
     <span class='ocr_line' id='line_1_22' title="bbox 2047 604 3651 675; baseline 0.004 -18"><span class='ocrx_word' id='word_1_152' title='bbox 2047 607 2230 658; x_wconf 84' lang='lat' dir='ltr'><strong>turbat</strong></span> <span class='ocrx_word' id='word_1_153' title='bbox 2259 623 2272 658; x_wconf 87' lang='lat'><strong>:</strong></span> <span class='ocrx_word' id='word_1_154' title='bbox 2303 605 2504 675; x_wconf 86' lang='lat' dir='ltr'><strong>quippe</strong></span> <span class='ocrx_word' id='word_1_155' title='bbox 2531 604 2710 658; x_wconf 79' lang='lat' dir='ltr'><strong>Martii</strong></span> <span class='ocrx_word' id='word_1_156' title='bbox 2753 620 2844 668; x_wconf 82' lang='lat' dir='ltr'><strong>xx,</strong></span> <span class='ocrx_word' id='word_1_157' title='bbox 2893 621 3003 674; x_wconf 92' lang='lat' dir='ltr'><strong>quo</strong></span> <span class='ocrx_word' id='word_1_158' title='bbox 3030 621 3252 675; x_wconf 84' lang='lat' dir='ltr'><strong>passum</strong></span> <span class='ocrx_word' id='word_1_159' title='bbox 3297 604 3651 663; x_wconf 85' lang='lat' dir='ltr'><strong>Salvatorem</strong></span> 
     </span>
    </p>
   </div>
   <div class='ocr_carea' id='block_1_23' title="bbox 2038 695 3649 763">
    <p class='ocr_par' dir='ltr' id='par_1_23' title="bbox 2038 695 3649 763">
     <span class='ocr_line' id='line_1_23' title="bbox 2038 695 3649 763; baseline 0.004 -14"><span class='ocrx_word' id='word_1_160' title='bbox 2038 696 2264 760; x_wconf 77' lang='lat' dir='ltr'><strong>asserit,</strong></span> <span class='ocrx_word' id='word_1_161' title='bbox 2299 695 2430 750; x_wconf 82' lang='lat' dir='ltr'><strong>feria</strong></span> <span class='ocrx_word' id='word_1_162' title='bbox 2457 705 2570 750; x_wconf 89' lang='lat' dir='ltr'><strong>tum</strong></span> <span class='ocrx_word' id='word_1_163' title='bbox 2605 705 2724 750; x_wconf 88' lang='lat' dir='ltr'><strong>erat</strong></span> <span class='ocrx_word' id='word_1_164' title='bbox 2756 696 2952 763; x_wconf 88' lang='lat' dir='ltr'><strong>tertia;</strong></span> <span class='ocrx_word' id='word_1_165' title='bbox 2991 706 3046 750; x_wconf 88' lang='lat' dir='ltr'><strong>at</strong></span> <span class='ocrx_word' id='word_1_166' title='bbox 3087 713 3223 761; x_wconf 69' lang='grc' dir='ltr'>χχιι,</span> <span class='ocrx_word' id='word_1_167' title='bbox 3259 697 3398 754; x_wconf 86' lang='lat' dir='ltr'><strong>I&#39;eria</strong></span> <span class='ocrx_word' id='word_1_168' title='bbox 3449 717 3502 756; x_wconf 72' lang='grc' dir='ltr'><strong>ιτ.</strong></span> <span class='ocrx_word' id='word_1_169' title='bbox 3538 700 3649 756; x_wconf 84' lang='lat' dir='ltr'><strong>Sed</strong></span> 
     </span>
    </p>
   </div>
   <div class='ocr_carea' id='block_1_24' title="bbox 2049 787 3648 858">
    <p class='ocr_par' dir='ltr' id='par_1_24' title="bbox 2049 787 3648 858">
     <span class='ocr_line' id='line_1_24' title="bbox 2049 787 3648 858; baseline 0.004 -17"><span class='ocrx_word' id='word_1_170' title='bbox 2049 789 2163 841; x_wconf 76' lang='lat' dir='ltr'><strong>haec</strong></span> <span class='ocrx_word' id='word_1_171' title='bbox 2193 787 2375 841; x_wconf 89' lang='lat' dir='ltr'><strong>minus</strong></span> <span class='ocrx_word' id='word_1_172' title='bbox 2406 796 2535 841; x_wconf 92' lang='lat' dir='ltr'><strong>tunc</strong></span> <span class='ocrx_word' id='word_1_173' title='bbox 2581 788 2968 842; x_wconf 75' lang='lat' dir='ltr'><strong>animadvertit</strong></span> <span class='ocrx_word' id='word_1_174' title='bbox 2995 787 3357 858; x_wconf 86' lang='lat' dir='ltr'><strong>Epiphanius,</strong></span> <span class='ocrx_word' id='word_1_175' title='bbox 3386 791 3438 845; x_wconf 81' lang='lat' dir='ltr'><strong>id</strong></span> <span class='ocrx_word' id='word_1_176' title='bbox 3470 809 3648 847; x_wconf 87' lang='lat' dir='ltr'><strong>unum</strong></span> 
     </span>
    </p>
   </div>
   <div class='ocr_carea' id='block_1_25' title="bbox 2047 878 3650 954">
    <p class='ocr_par' dir='ltr' id='par_1_25' title="bbox 2047 878 3650 954">
     <span class='ocr_line' id='line_1_25' title="bbox 2047 878 3650 954; baseline 0.004 -24"><span class='ocrx_word' id='word_1_177' title='bbox 2047 878 2317 947; x_wconf 75' lang='lat' dir='ltr'><strong>cogitans,</strong></span> <span class='ocrx_word' id='word_1_178' title='bbox 2347 881 2810 948; x_wconf 84' lang='lat' dir='ltr'><strong>quemadmodum</strong></span> <span class='ocrx_word' id='word_1_179' title='bbox 2833 880 2982 933; x_wconf 87' lang='lat' dir='ltr'><strong>bidui</strong></span> <span class='ocrx_word' id='word_1_180' title='bbox 3011 881 3186 934; x_wconf 82' lang='lat' dir='ltr'><strong>labem</strong></span> <span class='ocrx_word' id='word_1_181' title='bbox 3216 882 3364 936; x_wconf 85' lang='lat' dir='ltr'><strong>illam</strong></span> <span class='ocrx_word' id='word_1_182' title='bbox 3395 884 3650 954; x_wconf 81' lang='lat' dir='ltr'><strong>explica-</strong></span> 
     </span>
    </p>
   </div>
   <div class='ocr_carea' id='block_1_26' title="bbox 2048 969 3646 1044">
    <p class='ocr_par' dir='ltr' id='par_1_26' title="bbox 2048 969 3646 1044">
     <span class='ocr_line' id='line_1_26' title="bbox 2048 969 3646 1044; baseline 0.003 -20"><span class='ocrx_word' id='word_1_183' title='bbox 2048 979 2146 1024; x_wconf 77' lang='lat' dir='ltr'><strong>ret.</strong></span> <span class='ocrx_word' id='word_1_184' title='bbox 2177 969 2320 1024; x_wconf 84' lang='lat' dir='ltr'><strong>Sane</strong></span> <span class='ocrx_word' id='word_1_185' title='bbox 2361 971 2502 1025; x_wconf 63' lang='lat' dir='ltr'><strong>luna)</strong></span> <span class='ocrx_word' id='word_1_186' title='bbox 2531 971 2648 1025; x_wconf 62' lang='lat' dir='ltr'><strong>istm</strong></span> <span class='ocrx_word' id='word_1_187' title='bbox 2679 969 2934 1035; x_wconf 73' lang='lat' dir='ltr'><strong>Niczenee,</strong></span> <span class='ocrx_word' id='word_1_188' title='bbox 2960 988 3096 1042; x_wconf 91' lang='lat' dir='ltr'><strong>quas</strong></span> <span class='ocrx_word' id='word_1_189' title='bbox 3133 973 3198 1026; x_wconf 90' lang='lat' dir='ltr'><strong>ad</strong></span> <span class='ocrx_word' id='word_1_190' title='bbox 3258 989 3470 1030; x_wconf 79' lang='lat' dir='ltr'><strong>annum</strong></span> <span class='ocrx_word' id='word_1_191' title='bbox 3513 990 3646 1044; x_wconf 83' lang='lat' dir='ltr'><strong>pas-</strong></span> 
     </span>
    </p>
   </div>
   <div class='ocr_carea' id='block_1_27' title="bbox 2049 1059 3654 1132">
    <p class='ocr_par' dir='ltr' id='par_1_27' title="bbox 2049 1059 3654 1132">
     <span class='ocr_line' id='line_1_27' title="bbox 2049 1059 3654 1132; baseline 0.003 -18"><span class='ocrx_word' id='word_1_192' title='bbox 2049 1061 2219 1114; x_wconf 85' lang='lat' dir='ltr'><strong>sionis</strong></span> <span class='ocrx_word' id='word_1_193' title='bbox 2284 1059 2622 1130; x_wconf 83' lang='lat' dir='ltr'><strong>Epiphanius</strong></span> <span class='ocrx_word' id='word_1_194' title='bbox 2674 1063 3076 1124; x_wconf 84' lang='lat' dir='ltr'><strong>accommodat,</strong></span> <span class='ocrx_word' id='word_1_195' title='bbox 3112 1064 3265 1132; x_wconf 70' lang='lat' dir='ltr'><strong>ryelo</strong></span> <span class='ocrx_word' id='word_1_196' title='bbox 3303 1079 3396 1117; x_wconf 78' lang='lat' dir='ltr'><strong>xvi</strong></span> <span class='ocrx_word' id='word_1_197' title='bbox 3450 1080 3654 1119; x_wconf 76' lang='lat' dir='ltr'><strong>canve-</strong></span> 
     </span>
    </p>
   </div>
   <div class='ocr_carea' id='block_1_28' title="bbox 2049 1153 3655 1218">
    <p class='ocr_par' dir='ltr' id='par_1_28' title="bbox 2049 1153 3655 1218">
     <span class='ocr_line' id='line_1_28' title="bbox 2049 1153 3655 1218; baseline 0.004 -13"><span class='ocrx_word' id='word_1_198' title='bbox 2049 1153 2226 1214; x_wconf 88' lang='lat' dir='ltr'><strong>niunt,</strong></span> <span class='ocrx_word' id='word_1_199' title='bbox 2287 1169 2393 1206; x_wconf 91' lang='lat' dir='ltr'><strong>non</strong></span> <span class='ocrx_word' id='word_1_200' title='bbox 2455 1169 2575 1218; x_wconf 77' lang='lat' dir='ltr'><strong>xm,</strong></span> <span class='ocrx_word' id='word_1_201' title='bbox 2630 1153 2733 1207; x_wconf 86' lang='lat' dir='ltr'><strong>hoc</strong></span> <span class='ocrx_word' id='word_1_202' title='bbox 2783 1163 2866 1207; x_wconf 86' lang='lat' dir='ltr'><strong>est</strong></span> <span class='ocrx_word' id='word_1_203' title='bbox 2915 1169 3059 1207; x_wconf 85' lang='lat' dir='ltr'><strong>anno</strong></span> <span class='ocrx_word' id='word_1_204' title='bbox 3093 1154 3296 1210; x_wconf 87' lang='lat' dir='ltr'><strong>Christi</strong></span> <span class='ocrx_word' id='word_1_205' title='bbox 3332 1156 3425 1210; x_wconf 64' lang='grc'><strong>51.</strong></span> <span class='ocrx_word' id='word_1_206' title='bbox 3473 1157 3655 1211; x_wconf 63' lang='grc' dir='ltr'><strong>Ἐπί-Β</strong></span> 
     </span>
    </p>
   </div>
   <div class='ocr_carea' id='block_1_29' title="bbox 2048 1243 3654 1316">
    <p class='ocr_par' dir='ltr' id='par_1_29' title="bbox 2048 1243 3654 1316">
     <span class='ocr_line' id='line_1_29' title="bbox 2048 1243 3654 1316; baseline 0.006 -20"><span class='ocrx_word' id='word_1_207' title='bbox 2048 1258 2178 1298; x_wconf 88' lang='lat' dir='ltr'><strong>vero</strong></span> <span class='ocrx_word' id='word_1_208' title='bbox 2211 1245 2363 1316; x_wconf 68' lang='lat' dir='ltr'><strong>cycla</strong></span> <span class='ocrx_word' id='word_1_209' title='bbox 2414 1243 2638 1301; x_wconf 77' lang='lat' dir='ltr'><strong>Nicaeno</strong></span> <span class='ocrx_word' id='word_1_210' title='bbox 2669 1247 2834 1301; x_wconf 90' lang='lat' dir='ltr'><strong>solari</strong></span> <span class='ocrx_word' id='word_1_211' title='bbox 2862 1254 2951 1313; x_wconf 81' lang='lat' dir='ltr'><strong>xv,</strong></span> <span class='ocrx_word' id='word_1_212' title='bbox 3009 1249 3112 1303; x_wconf 88' lang='lat' dir='ltr'><strong>hoc</strong></span> <span class='ocrx_word' id='word_1_213' title='bbox 3140 1259 3224 1303; x_wconf 90' lang='lat' dir='ltr'><strong>est</strong></span> <span class='ocrx_word' id='word_1_214' title='bbox 3251 1265 3401 1305; x_wconf 90' lang='lat' dir='ltr'><strong>anno</strong></span> <span class='ocrx_word' id='word_1_215' title='bbox 3437 1251 3654 1305; x_wconf 80' lang='lat' dir='ltr'><strong>Christi</strong></span> 
     </span>
    </p>
   </div>
   <div class='ocr_carea' id='block_1_30' title="bbox 2049 1335 3654 1411">
    <p class='ocr_par' dir='ltr' id='par_1_30' title="bbox 2049 1335 3654 1411">
     <span class='ocr_line' id='line_1_30' title="bbox 2049 1335 3654 1411; baseline 0.007 -22"><span class='ocrx_word' id='word_1_216' title='bbox 2049 1335 2138 1390; x_wconf 78' lang='lat'><strong>5&#39;5.</strong></span> <span class='ocrx_word' id='word_1_217' title='bbox 2175 1336 2327 1403; x_wconf 86' lang='lat' dir='ltr'><strong>Quos</strong></span> <span class='ocrx_word' id='word_1_218' title='bbox 2379 1341 2583 1410; x_wconf 85' lang='lat' dir='ltr'><strong>cyclos,</strong></span> <span class='ocrx_word' id='word_1_219' title='bbox 2642 1350 2805 1411; x_wconf 89' lang='lat' dir='ltr'><strong>atque</strong></span> <span class='ocrx_word' id='word_1_220' title='bbox 2856 1357 3034 1397; x_wconf 89' lang='lat' dir='ltr'><strong>annos</strong></span> <span class='ocrx_word' id='word_1_221' title='bbox 3098 1342 3331 1396; x_wconf 81' lang='lat' dir='ltr'><strong>invicem</strong></span> <span class='ocrx_word' id='word_1_222' title='bbox 3380 1344 3654 1401; x_wconf 82' lang='lat' dir='ltr'><strong>confusos</strong></span> 
     </span>
    </p>
   </div>
   <div class='ocr_carea' id='block_1_31' title="bbox 2050 1430 3652 1499">
    <p class='ocr_par' dir='ltr' id='par_1_31' title="bbox 2050 1430 3652 1499">
     <span class='ocr_line' id='line_1_31' title="bbox 2050 1430 3652 1499; baseline 0.004 -16"><span class='ocrx_word' id='word_1_223' title='bbox 2050 1430 2288 1484; x_wconf 87' lang='lat' dir='ltr'><strong>alienum</strong></span> <span class='ocrx_word' id='word_1_224' title='bbox 2318 1431 2371 1484; x_wconf 94' lang='lat' dir='ltr'><strong>iu</strong></span> <span class='ocrx_word' id='word_1_225' title='bbox 2407 1447 2610 1486; x_wconf 88' lang='lat' dir='ltr'><strong>annum</strong></span> <span class='ocrx_word' id='word_1_226' title='bbox 2645 1433 2885 1488; x_wconf 88' lang='lat' dir='ltr'><strong>intrusit.</strong></span> <span class='ocrx_word' id='word_1_227' title='bbox 2915 1433 3073 1499; x_wconf 86' lang='lat' dir='ltr'><strong>Quod</strong></span> <span class='ocrx_word' id='word_1_228' title='bbox 3101 1435 3244 1488; x_wconf 90' lang='lat' dir='ltr'><strong>enim</strong></span> <span class='ocrx_word' id='word_1_229' title='bbox 3276 1451 3407 1489; x_wconf 76' lang='lat' dir='ltr'><strong>xxxi</strong></span> <span class='ocrx_word' id='word_1_230' title='bbox 3436 1453 3652 1490; x_wconf 81' lang='lat' dir='ltr'><strong>annum</strong></span> 
     </span>
    </p>
   </div>
   <div class='ocr_carea' id='block_1_32' title="bbox 2050 1521 3656 1593">
    <p class='ocr_par' dir='ltr' id='par_1_32' title="bbox 2050 1521 3656 1593">
     <span class='ocr_line' id='line_1_32' title="bbox 2050 1521 3656 1593; baseline 0.002 -17"><span class='ocrx_word' id='word_1_231' title='bbox 2050 1537 2170 1576; x_wconf 64' lang='lat' dir='ltr'><strong>tera:</strong></span> <span class='ocrx_word' id='word_1_232' title='bbox 2201 1521 2546 1592; x_wconf 76' lang='lat' dir='ltr'><strong>Dionysiante</strong></span> <span class='ocrx_word' id='word_1_233' title='bbox 2594 1524 2834 1593; x_wconf 87' lang='lat' dir='ltr'><strong>passioni</strong></span> <span class='ocrx_word' id='word_1_234' title='bbox 2875 1525 3161 1587; x_wconf 83' lang='lat' dir='ltr'><strong>dicaverit,</strong></span> <span class='ocrx_word' id='word_1_235' title='bbox 3193 1541 3257 1578; x_wconf 74' lang='lat' dir='ltr'><strong>ex</strong></span> <span class='ocrx_word' id='word_1_236' title='bbox 3298 1541 3448 1579; x_wconf 80' lang='lat' dir='ltr'><strong>coss.</strong></span> <span class='ocrx_word' id='word_1_237' title='bbox 3506 1528 3656 1580; x_wconf 82' lang='lat' dir='ltr'><strong>serie</strong></span> 
     </span>
    </p>
   </div>
   <div class='ocr_carea' id='block_1_33' title="bbox 2050 1613 3652 1686">
    <p class='ocr_par' dir='ltr' id='par_1_33' title="bbox 2050 1613 3652 1686">
     <span class='ocr_line' id='line_1_33' title="bbox 2050 1613 3652 1686; baseline 0.002 -19"><span class='ocrx_word' id='word_1_238' title='bbox 2050 1613 2212 1684; x_wconf 87' lang='lat' dir='ltr'><strong>paulo</strong></span> <span class='ocrx_word' id='word_1_239' title='bbox 2261 1624 2387 1668; x_wconf 90' lang='lat' dir='ltr'><strong>ante</strong></span> <span class='ocrx_word' id='word_1_240' title='bbox 2438 1615 2780 1669; x_wconf 84' lang='lat' dir='ltr'><strong>declaratum</strong></span> <span class='ocrx_word' id='word_1_241' title='bbox 2838 1624 2942 1670; x_wconf 89' lang='lat' dir='ltr'><strong>est.</strong></span> <span class='ocrx_word' id='word_1_242' title='bbox 3008 1617 3188 1684; x_wconf 71' lang='lat' dir='ltr'><strong>Atque</strong></span> <span class='ocrx_word' id='word_1_243' title='bbox 3243 1625 3300 1670; x_wconf 90' lang='lat' dir='ltr'><strong>ut</strong></span> <span class='ocrx_word' id='word_1_244' title='bbox 3350 1616 3652 1686; x_wconf 79' lang='lat' dir='ltr'><strong>Epiphanii</strong></span> 
     </span>
    </p>
   </div>
   <div class='ocr_carea' id='block_1_34' title="bbox 2051 1706 3650 1777">
    <p class='ocr_par' dir='ltr' id='par_1_34' title="bbox 2051 1706 3650 1777">
     <span class='ocr_line' id='line_1_34' title="bbox 2051 1706 3650 1777; baseline 0 -19"><span class='ocrx_word' id='word_1_245' title='bbox 2051 1721 2227 1767; x_wconf 88' lang='lat' dir='ltr'><strong>mens,</strong></span> <span class='ocrx_word' id='word_1_246' title='bbox 2257 1714 2310 1758; x_wconf 88' lang='lat' dir='ltr'><strong>et</strong></span> <span class='ocrx_word' id='word_1_247' title='bbox 2337 1706 2452 1760; x_wconf 69' lang='lat' dir='ltr'><strong>haec</strong></span> <span class='ocrx_word' id='word_1_248' title='bbox 2486 1717 2668 1761; x_wconf 89' lang='lat' dir='ltr'><strong>nostra</strong></span> <span class='ocrx_word' id='word_1_249' title='bbox 2696 1706 2995 1776; x_wconf 85' lang='lat' dir='ltr'><strong>disputatio</strong></span> <span class='ocrx_word' id='word_1_250' title='bbox 3031 1707 3202 1777; x_wconf 75' lang='lat' dir='ltr'><strong>magis</strong></span> <span class='ocrx_word' id='word_1_251' title='bbox 3227 1708 3517 1776; x_wconf 70' lang='lat' dir='ltr'><strong>pchpima</strong></span> <span class='ocrx_word' id='word_1_252' title='bbox 3551 1708 3650 1770; x_wconf 88' lang='lat' dir='ltr'><strong>sit,</strong></span> 
     </span>
    </p>
   </div>
   <div class='ocr_carea' id='block_1_35' title="bbox 2052 1782 3656 1868">
    <p class='ocr_par' dir='ltr' id='par_1_35' title="bbox 2052 1782 3656 1868">
     <span class='ocr_line' id='line_1_35' title="bbox 2052 1782 3656 1868; baseline 0.001 -17"><span class='ocrx_word' id='word_1_253' title='bbox 2052 1797 2329 1867; x_wconf 86' lang='lat' dir='ltr'><strong>cyclorum</strong></span> <span class='ocrx_word' id='word_1_254' title='bbox 2365 1796 2734 1866; x_wconf 82' lang='lat' dir='ltr'><strong>feriarumque</strong></span> <span class='ocrx_word' id='word_1_255' title='bbox 2795 1782 3261 1868; x_wconf 85' lang='lat' dir='ltr'><strong>perturbationem</strong></span> <span class='ocrx_word' id='word_1_256' title='bbox 3290 1800 3394 1855; x_wconf 90' lang='lat' dir='ltr'><strong>hoc</strong></span> <span class='ocrx_word' id='word_1_257' title='bbox 3423 1800 3479 1853; x_wconf 91' lang='lat' dir='ltr'><strong>in</strong></span> <span class='ocrx_word' id='word_1_258' title='bbox 3520 1800 3656 1852; x_wconf 80' lang='lat' dir='ltr'><strong>Dia-</strong></span> 
     </span>
    </p>
   </div>
   <div class='ocr_carea' id='block_1_36' title="bbox 2055 1901 2702 1960">
    <p class='ocr_par' dir='ltr' id='par_1_36' title="bbox 2055 1901 2702 1960">
     <span class='ocr_line' id='line_1_36' title="bbox 2055 1901 2702 1960; baseline 0.005 -18"><span class='ocrx_word' id='word_1_259' title='bbox 2055 1901 2356 1958; x_wconf 83' lang='lat' dir='ltr'><strong>grammate</strong></span> <span class='ocrx_word' id='word_1_260' title='bbox 2381 1906 2702 1960; x_wconf 85' lang='lat' dir='ltr'><strong>proponam.</strong></span> 
     </span>
    </p>
   </div>
   <div class='ocr_carea' id='block_1_37' title="bbox 561 2036 3438 2121">
    <p class='ocr_par' dir='ltr' id='par_1_37' title="bbox 561 2036 3438 2121">
     <span class='ocr_line' id='line_1_37' title="bbox 561 2036 3438 2121; baseline 0.002 -20"><span class='ocrx_word' id='word_1_261' title='bbox 561 2059 986 2104; x_wconf 74' lang='grc' dir='ltr'>ιΔτΕιιευιυιιι</span> <span class='ocrx_word' id='word_1_262' title='bbox 1020 2059 1326 2102; x_wconf 73' lang='grc' dir='ltr'><strong>ιυΝΑΒυΜ</strong></span> <span class='ocrx_word' id='word_1_263' title='bbox 1357 2060 1433 2102; x_wconf 76' lang='lat' dir='ltr'><strong>AC</strong></span> <span class='ocrx_word' id='word_1_264' title='bbox 1479 2059 1835 2114; x_wconf 70' lang='lat' dir='ltr'><strong>FERIABU‘M,</strong></span> <span class='ocrx_word' id='word_1_265' title='bbox 1877 2063 2008 2105; x_wconf 78' lang='grc' dir='ltr'><strong>ΤΔΜ</strong></span> <span class='ocrx_word' id='word_1_266' title='bbox 2035 2036 2338 2106; x_wconf 49' lang='grc' dir='ltr'><strong>ῨΕΒΔΒΠΜ</strong></span> <span class='ocrx_word' id='word_1_267' title='bbox 2377 2065 2552 2116; x_wconf 70' lang='lat' dir='ltr'><strong>QUAM</strong></span> <span class='ocrx_word' id='word_1_268' title='bbox 2593 2065 3000 2121; x_wconf 73' lang='lat' dir='ltr'><strong>VITIOSARUM,</strong></span> <span class='ocrx_word' id='word_1_269' title='bbox 3040 2067 3167 2110; x_wconf 73' lang='lat' dir='ltr'><strong>AUT</strong></span> <span class='ocrx_word' id='word_1_270' title='bbox 3201 2065 3438 2111; x_wconf 71' lang='grc' dir='ltr'><strong>ιτΑιεΛ-</strong></span> 
     </span>
    </p>
   </div>
   <div class='ocr_carea' id='block_1_38' title="bbox 1234 2141 2563 2187">
    <p class='ocr_par' dir='ltr' id='par_1_38' title="bbox 1234 2141 2563 2187">
     <span class='ocr_line' id='line_1_38' title="bbox 1234 2141 2563 2187; baseline 0.006 -8"><span class='ocrx_word' id='word_1_271' title='bbox 1234 2154 1238 2156; x_wconf 95' lang='grc'>·</span> <span class='ocrx_word' id='word_1_272' title='bbox 1447 2141 1606 2184; x_wconf 72' lang='grc' dir='ltr'>ιιυιιι.</span> <span class='ocrx_word' id='word_1_273' title='bbox 1643 2141 1812 2182; x_wconf 62' lang='grc' dir='ltr'><strong>ΔΝΝΟ</strong></span> <span class='ocrx_word' id='word_1_274' title='bbox 1855 2142 2186 2185; x_wconf 71' lang='lat' dir='ltr'><strong>DOMINICE</strong></span> <span class='ocrx_word' id='word_1_275' title='bbox 2221 2144 2563 2187; x_wconf 71' lang='grc' dir='ltr'><strong>ΡΑεειοΝιε.</strong></span> 
     </span>
    </p>
   </div>
   <div class='ocr_carea' id='block_1_39' title="bbox 1068 2236 3440 2299">
    <p class='ocr_par' dir='ltr' id='par_1_39' title="bbox 1068 2236 3440 2299">
     <span class='ocr_line' id='line_1_39' title="bbox 1068 2236 3440 2299; baseline 0.003 -7"><span class='ocrx_word' id='word_1_276' title='bbox 1068 2240 1224 2293; x_wconf 87' lang='lat' dir='ltr'><strong>Luna</strong></span> <span class='ocrx_word' id='word_1_277' title='bbox 1253 2236 1346 2292; x_wconf 80' lang='lat' dir='ltr'><strong>Ni-</strong></span> <span class='ocrx_word' id='word_1_278' title='bbox 1424 2238 1577 2294; x_wconf 89' lang='lat' dir='ltr'><strong>Luna</strong></span> <span class='ocrx_word' id='word_1_279' title='bbox 1609 2238 1704 2292; x_wconf 70' lang='grc' dir='ltr'><strong>ΝΞ·</strong></span> <span class='ocrx_word' id='word_1_280' title='bbox 1781 2239 1932 2294; x_wconf 82' lang='lat' dir='ltr'><strong>Luna</strong></span> <span class='ocrx_word' id='word_1_281' title='bbox 1961 2239 2055 2294; x_wconf 83' lang='lat' dir='ltr'><strong>.lu-</strong></span> <span class='ocrx_word' id='word_1_282' title='bbox 2130 2241 2282 2296; x_wconf 84' lang='lat' dir='ltr'><strong>Luna</strong></span> <span class='ocrx_word' id='word_1_283' title='bbox 2315 2243 2411 2296; x_wconf 89' lang='lat' dir='ltr'><strong>.lu-</strong></span> <span class='ocrx_word' id='word_1_284' title='bbox 2619 2243 2767 2298; x_wconf 88' lang='lat' dir='ltr'><strong>Luna</strong></span> <span class='ocrx_word' id='word_1_285' title='bbox 3271 2245 3440 2299; x_wconf 65' lang='lat' dir='ltr'><strong>Feriaa</strong></span> 
     </span>
    </p>
   </div>
   <div class='ocr_carea' id='block_1_40' title="bbox 558 2309 3472 2386">
    <p class='ocr_par' dir='ltr' id='par_1_40' title="bbox 558 2309 3472 2386">
     <span class='ocr_line' id='line_1_40' title="bbox 558 2309 3472 2386; baseline 0.001 -18"><span class='ocrx_word' id='word_1_286' title='bbox 558 2312 678 2368; x_wconf 81' lang='lat' dir='ltr'><strong>Kal.</strong></span> <span class='ocrx_word' id='word_1_287' title='bbox 815 2309 993 2386; x_wconf 80' lang='lat' dir='ltr'><strong>Martii</strong></span> <span class='ocrx_word' id='word_1_288' title='bbox 1071 2327 1217 2366; x_wconf 76' lang='lat' dir='ltr'><strong>czena</strong></span> <span class='ocrx_word' id='word_1_289' title='bbox 1265 2325 1352 2364; x_wconf 90' lang='lat' dir='ltr'><strong>vc-</strong></span> <span class='ocrx_word' id='word_1_290' title='bbox 1425 2310 1708 2386; x_wconf 68' lang='lat' dir='ltr'><strong>cteuaEpi-</strong></span> <span class='ocrx_word' id='word_1_291' title='bbox 1781 2312 1932 2365; x_wconf 87' lang='lat' dir='ltr'><strong>daica</strong></span> <span class='ocrx_word' id='word_1_292' title='bbox 1965 2327 2057 2367; x_wconf 89' lang='lat' dir='ltr'><strong>ve-</strong></span> <span class='ocrx_word' id='word_1_293' title='bbox 2131 2315 2286 2366; x_wconf 89' lang='lat' dir='ltr'><strong>daica</strong></span> <span class='ocrx_word' id='word_1_294' title='bbox 2327 2331 2410 2367; x_wconf 79' lang='lat' dir='ltr'><strong>re-</strong></span> <span class='ocrx_word' id='word_1_295' title='bbox 2514 2330 2577 2368; x_wconf 84' lang='lat' dir='ltr'><strong>ex</strong></span> <span class='ocrx_word' id='word_1_296' title='bbox 2600 2316 2791 2369; x_wconf 70' lang='lat' dir='ltr'><strong>vitiosa</strong></span> <span class='ocrx_word' id='word_1_297' title='bbox 2864 2315 3146 2371; x_wconf 67' lang='lat' dir='ltr'><strong>Fer-ireve-</strong></span> <span class='ocrx_word' id='word_1_298' title='bbox 3204 2315 3472 2386; x_wconf 78' lang='lat' dir='ltr'><strong>Epiphan.</strong></span> 
     </span>
    </p>
   </div>
   <div class='ocr_carea' id='block_1_41' title="bbox 825 2381 3458 2454">
    <p class='ocr_par' dir='ltr' id='par_1_41' title="bbox 825 2381 3458 2454">
     <span class='ocr_line' id='line_1_41' title="bbox 825 2381 3458 2454; baseline 0.002 -18"><span class='ocrx_word' id='word_1_299' title='bbox 825 2381 963 2437; x_wconf 86' lang='lat' dir='ltr'><strong>dies.</strong></span> <span class='ocrx_word' id='word_1_300' title='bbox 1183 2398 1264 2434; x_wconf 88' lang='lat' dir='ltr'><strong>ra.</strong></span> <span class='ocrx_word' id='word_1_301' title='bbox 1464 2382 1672 2449; x_wconf 80' lang='lat' dir='ltr'><strong>phanii.</strong></span> <span class='ocrx_word' id='word_1_302' title='bbox 1887 2398 1967 2438; x_wconf 84' lang='lat' dir='ltr'><strong>ra.</strong></span> <span class='ocrx_word' id='word_1_303' title='bbox 2135 2386 2251 2452; x_wconf 86' lang='lat' dir='ltr'><strong>ipsa</strong></span> <span class='ocrx_word' id='word_1_304' title='bbox 2317 2387 2416 2446; x_wconf 75' lang='lat' dir='ltr'><strong>_vi-</strong></span> <span class='ocrx_word' id='word_1_305' title='bbox 2530 2386 2770 2454; x_wconf 58' lang='lat' dir='ltr'><strong>Iupipuan</strong></span> <span class='ocrx_word' id='word_1_306' title='bbox 2791 2427 2803 2439; x_wconf 96' lang='lat'><strong>.</strong></span> <span class='ocrx_word' id='word_1_307' title='bbox 2973 2402 3067 2440; x_wconf 68' lang='lat' dir='ltr'><strong>rae.</strong></span> <span class='ocrx_word' id='word_1_308' title='bbox 3249 2381 3261 2386; x_wconf 58' lang='grc'>⁷</span> <span class='ocrx_word' id='word_1_309' title='bbox 3285 2381 3458 2442; x_wconf 61' lang='lat' dir='ltr'><strong>falsae.</strong></span> 
     </span>
    </p>
   </div>
   <div class='ocr_carea' id='block_1_42' title="bbox 2153 2459 2765 2510">
    <p class='ocr_par' dir='ltr' id='par_1_42' title="bbox 2153 2459 2765 2510">
     <span class='ocr_line' id='line_1_42' title="bbox 2153 2459 2765 2510; baseline 0.007 -4"><span class='ocrx_word' id='word_1_310' title='bbox 2153 2459 2314 2510; x_wconf 82' lang='lat' dir='ltr'><strong>tiosa.</strong></span> <span class='ocrx_word' id='word_1_311' title='bbox 2567 2467 2765 2510; x_wconf 75' lang='lat' dir='ltr'><strong>mente.</strong></span> 
     </span>
    </p>
   </div>
   <div class='ocr_carea' id='block_1_43' title="bbox 578 2543 1950 2608">
    <p class='ocr_par' dir='ltr' id='par_1_43' title="bbox 578 2543 1950 2602">
     <span class='ocr_line' id='line_1_43' title="bbox 578 2543 1950 2602; baseline -0.004 0"><span class='ocrx_word' id='word_1_312' title='bbox 578 2545 645 2602; x_wconf 82' lang='grc'><strong>16</strong></span> <span class='ocrx_word' id='word_1_313' title='bbox 790 2543 930 2600; x_wconf 76' lang='lat' dir='ltr'>XVII</span> <span class='ocrx_word' id='word_1_314' title='bbox 1095 2592 1100 2596; x_wconf 89' lang='lat'><strong><em>_</em></strong></span> <span class='ocrx_word' id='word_1_315' title='bbox 1216 2543 1247 2594; x_wconf 85' lang='lat'><strong>&#39;7</strong></span> <span class='ocrx_word' id='word_1_316' title='bbox 1499 2545 1567 2597; x_wconf 86' lang='lat' dir='ltr'>I0</span> <span class='ocrx_word' id='word_1_317' title='bbox 1926 2543 1950 2597; x_wconf 77' lang='lat'><strong>6</strong></span> 
     </span>
    </p>
   </div>
   <div class='ocr_carea' id='block_1_44' title="bbox 2055 2543 3410 2608">
    <p class='ocr_par' dir='ltr' id='par_1_44' title="bbox 2237 2547 3410 2608">
     <span class='ocr_line' id='line_1_44' title="bbox 2237 2547 3410 2608; baseline -0.003 -2"><span class='ocrx_word' id='word_1_318' title='bbox 2237 2547 2309 2608; x_wconf 78' lang='lat'><strong>.9</strong></span> <span class='ocrx_word' id='word_1_319' title='bbox 2633 2549 2699 2602; x_wconf 69' lang='lat' dir='ltr'>I2</span> <span class='ocrx_word' id='word_1_320' title='bbox 2987 2551 3017 2600; x_wconf 84' lang='lat'><strong>7</strong></span> <span class='ocrx_word' id='word_1_321' title='bbox 3373 2552 3410 2602; x_wconf 70' lang='grc' dir='ltr'>ὃ</span> 
     </span>
    </p>
   </div>
   <div class='ocr_carea' id='block_1_45' title="bbox 576 2613 3410 2674">
    <p class='ocr_par' dir='ltr' id='par_1_45' title="bbox 576 2613 3410 2674">
     <span class='ocr_line' id='line_1_45' title="bbox 576 2613 3410 2674; baseline 0.001 -3"><span class='ocrx_word' id='word_1_322' title='bbox 576 2617 646 2672; x_wconf 77' lang='grc'><strong>15</strong></span> <span class='ocrx_word' id='word_1_323' title='bbox 789 2613 954 2669; x_wconf 76' lang='lat' dir='ltr'>XVIII</span> <span class='ocrx_word' id='word_1_324' title='bbox 1211 2615 1244 2666; x_wconf 90' lang='lat'><strong>8</strong></span> <span class='ocrx_word' id='word_1_325' title='bbox 1499 2614 1554 2666; x_wconf 86' lang='lat' dir='ltr'><strong>II</strong></span> <span class='ocrx_word' id='word_1_326' title='bbox 1923 2615 1955 2666; x_wconf 87' lang='lat'><strong>7</strong></span> <span class='ocrx_word' id='word_1_327' title='bbox 2237 2618 2305 2669; x_wconf 82' lang='grc'><strong>10</strong></span> <span class='ocrx_word' id='word_1_328' title='bbox 2635 2621 2701 2674; x_wconf 79' lang='lat' dir='ltr'>I3</span> <span class='ocrx_word' id='word_1_329' title='bbox 2991 2623 3010 2673; x_wconf 94' lang='lat' dir='ltr'><strong>I</strong></span> <span class='ocrx_word' id='word_1_330' title='bbox 3377 2621 3410 2674; x_wconf 75' lang='grc' dir='ltr'><strong>ι</strong></span> 
     </span>
    </p>
   </div>
   <div class='ocr_carea' id='block_1_46' title="bbox 581 2685 1950 2745">
    <p class='ocr_par' dir='ltr' id='par_1_46' title="bbox 581 2685 1950 2741">
     <span class='ocr_line' id='line_1_46' title="bbox 581 2685 1950 2741; baseline -0.001 -1"><span class='ocrx_word' id='word_1_331' title='bbox 581 2687 648 2740; x_wconf 73' lang='grc'><strong>14</strong></span> <span class='ocrx_word' id='word_1_332' title='bbox 792 2685 912 2741; x_wconf 78' lang='lat' dir='ltr'><strong>XIX</strong></span> <span class='ocrx_word' id='word_1_333' title='bbox 1209 2688 1242 2740; x_wconf 85' lang='lat'><strong>9</strong></span> <span class='ocrx_word' id='word_1_334' title='bbox 1496 2685 1564 2737; x_wconf 69' lang='lat' dir='ltr'>I2</span> <span class='ocrx_word' id='word_1_335' title='bbox 1921 2687 1950 2739; x_wconf 85' lang='lat'>8</span> 
     </span>
    </p>
   </div>
   <div class='ocr_carea' id='block_1_47' title="bbox 2055 2685 3412 2745">
    <p class='ocr_par' dir='ltr' id='par_1_47' title="bbox 2241 2689 3412 2745">
     <span class='ocr_line' id='line_1_47' title="bbox 2241 2689 3412 2745; baseline 0.006 -7"><span class='ocrx_word' id='word_1_336' title='bbox 2241 2689 2297 2738; x_wconf 90' lang='lat' dir='ltr'><strong>II</strong></span> <span class='ocrx_word' id='word_1_337' title='bbox 2634 2691 2699 2742; x_wconf 72' lang='grc'><strong>14</strong></span> <span class='ocrx_word' id='word_1_338' title='bbox 2985 2692 3018 2745; x_wconf 74' lang='lat'><strong>2</strong></span> <span class='ocrx_word' id='word_1_339' title='bbox 3379 2694 3412 2744; x_wconf 76' lang='lat'><strong>5</strong></span> 
     </span>
    </p>
   </div>
   <div class='ocr_carea' id='block_1_48' title="bbox 577 2754 1950 2815">
    <p class='ocr_par' dir='ltr' id='par_1_48' title="bbox 577 2754 1950 2812">
     <span class='ocr_line' id='line_1_48' title="bbox 577 2754 1950 2812; baseline -0.001 0"><span class='ocrx_word' id='word_1_340' title='bbox 577 2758 646 2812; x_wconf 80' lang='lat' dir='ltr'>I3</span> <span class='ocrx_word' id='word_1_341' title='bbox 788 2755 886 2810; x_wconf 82' lang='lat' dir='ltr'><strong>XX</strong></span> <span class='ocrx_word' id='word_1_342' title='bbox 1179 2754 1247 2810; x_wconf 90' lang='lat' dir='ltr'>I0</span> <span class='ocrx_word' id='word_1_343' title='bbox 1498 2756 1565 2808; x_wconf 80' lang='grc'><strong>15</strong></span> <span class='ocrx_word' id='word_1_344' title='bbox 1921 2757 1950 2810; x_wconf 75' lang='lat'><strong>9</strong></span> 
     </span>
    </p>
   </div>
   <div class='ocr_carea' id='block_1_49' title="bbox 2055 2754 3412 2815">
    <p class='ocr_par' dir='ltr' id='par_1_49' title="bbox 2247 2757 3412 2815">
     <span class='ocr_line' id='line_1_49' title="bbox 2247 2757 3412 2815; baseline 0.001 -4"><span class='ocrx_word' id='word_1_345' title='bbox 2247 2757 2311 2811; x_wconf 74' lang='lat' dir='ltr'>I2</span> <span class='ocrx_word' id='word_1_346' title='bbox 2637 2763 2698 2815; x_wconf 76' lang='grc'><strong>15</strong></span> <span class='ocrx_word' id='word_1_347' title='bbox 2983 2763 3018 2814; x_wconf 76' lang='lat'><strong>3</strong></span> <span class='ocrx_word' id='word_1_348' title='bbox 3377 2767 3412 2812; x_wconf 73' lang='lat' dir='ltr'><strong>ti</strong></span> 
     </span>
    </p>
   </div>
   <div class='ocr_carea' id='block_1_50' title="bbox 579 2825 1950 2885">
    <p class='ocr_par' dir='ltr' id='par_1_50' title="bbox 579 2825 1950 2882">
     <span class='ocr_line' id='line_1_50' title="bbox 579 2825 1950 2882; baseline -0.003 -1"><span class='ocrx_word' id='word_1_349' title='bbox 579 2829 646 2882; x_wconf 72' lang='grc'><strong>12</strong></span> <span class='ocrx_word' id='word_1_350' title='bbox 793 2825 916 2880; x_wconf 75' lang='grc' dir='ltr'><strong>ΧΧί</strong></span> <span class='ocrx_word' id='word_1_351' title='bbox 1181 2827 1240 2877; x_wconf 91' lang='grc'><strong>11</strong></span> <span class='ocrx_word' id='word_1_352' title='bbox 1500 2826 1566 2877; x_wconf 79' lang='grc'><strong>14</strong></span> <span class='ocrx_word' id='word_1_353' title='bbox 1890 2827 1950 2878; x_wconf 81' lang='lat' dir='ltr'><strong>It)</strong></span> 
     </span>
    </p>
   </div>
   <div class='ocr_carea' id='block_1_51' title="bbox 2055 2825 3409 2885">
    <p class='ocr_par' dir='ltr' id='par_1_51' title="bbox 2245 2828 3409 2885">
     <span class='ocr_line' id='line_1_51' title="bbox 2245 2828 3409 2885; baseline 0.004 -5"><span class='ocrx_word' id='word_1_354' title='bbox 2245 2829 2266 2880; x_wconf 92' lang='lat' dir='ltr'><strong>I</strong></span> <span class='ocrx_word' id='word_1_355' title='bbox 2279 2828 2312 2880; x_wconf 72' lang='grc' dir='ltr'><strong>ὅ</strong></span> <span class='ocrx_word' id='word_1_356' title='bbox 2728 2880 2730 2883; x_wconf 77' lang='grc'>,</span> <span class='ocrx_word' id='word_1_357' title='bbox 2987 2836 3021 2884; x_wconf 69' lang='grc'><strong>4</strong></span> <span class='ocrx_word' id='word_1_358' title='bbox 3379 2836 3409 2885; x_wconf 87' lang='lat' dir='ltr'><strong>&#39;l</strong></span> 
     </span>
    </p>
   </div>
   <div class='ocr_carea' id='block_1_52' title="bbox 578 2895 3402 2956">
    <p class='ocr_par' dir='ltr' id='par_1_52' title="bbox 578 2895 3402 2956">
     <span class='ocr_line' id='line_1_52' title="bbox 578 2895 3402 2956; baseline 0.002 -5"><span class='ocrx_word' id='word_1_359' title='bbox 578 2897 638 2951; x_wconf 91' lang='lat' dir='ltr'><strong>II</strong></span> <span class='ocrx_word' id='word_1_360' title='bbox 796 2895 938 2950; x_wconf 71' lang='lat' dir='ltr'>XXII</span> <span class='ocrx_word' id='word_1_361' title='bbox 1179 2895 1247 2948; x_wconf 72' lang='grc'><strong>12</strong></span> <span class='ocrx_word' id='word_1_362' title='bbox 1500 2895 1567 2948; x_wconf 72' lang='lat' dir='ltr'>I3</span> <span class='ocrx_word' id='word_1_363' title='bbox 1889 2895 1948 2949; x_wconf 90' lang='lat' dir='ltr'><strong>II</strong></span> <span class='ocrx_word' id='word_1_364' title='bbox 2247 2897 2311 2952; x_wconf 68' lang='lat' dir='ltr'>I4</span> <span class='ocrx_word' id='word_1_365' title='bbox 2987 2903 3018 2955; x_wconf 75' lang='grc'>5</span> <span class='ocrx_word' id='word_1_366' title='bbox 3381 2905 3402 2956; x_wconf 90' lang='grc'><strong>1</strong></span> 
     </span>
    </p>
   </div>
   <div class='ocr_carea' id='block_1_53' title="bbox 611 2965 1950 3026">
    <p class='ocr_par' dir='ltr' id='par_1_53' title="bbox 611 2965 1950 3022">
     <span class='ocr_line' id='line_1_53' title="bbox 611 2965 1950 3022; baseline -0.002 0"><span class='ocrx_word' id='word_1_367' title='bbox 611 2970 645 3022; x_wconf 87' lang='grc'>0</span> <span class='ocrx_word' id='word_1_368' title='bbox 793 2965 960 3021; x_wconf 81' lang='lat' dir='ltr'>XXIII</span> <span class='ocrx_word' id='word_1_369' title='bbox 1183 2967 1250 3020; x_wconf 78' lang='grc'><strong>15</strong></span> <span class='ocrx_word' id='word_1_370' title='bbox 1894 2967 1950 3020; x_wconf 67' lang='grc' dir='ltr'><strong>1Ξ</strong></span> 
     </span>
    </p>
   </div>
   <div class='ocr_carea' id='block_1_54' title="bbox 2055 2965 3020 3026">
    <p class='ocr_par' dir='ltr' id='par_1_54' title="bbox 2246 2971 3020 3026">
     <span class='ocr_line' id='line_1_54' title="bbox 2246 2971 3020 3026; baseline 0.006 -5"><span class='ocrx_word' id='word_1_371' title='bbox 2246 2971 2314 3022; x_wconf 83' lang='grc'><strong>15</strong></span> <span class='ocrx_word' id='word_1_372' title='bbox 2987 2974 3020 3026; x_wconf 83' lang='grc' dir='ltr'><strong>ϐ</strong></span> 
     </span>
    </p>
   </div>
   <div class='ocr_carea' id='block_1_55' title="bbox 613 3035 3019 3095">
    <p class='ocr_par' dir='ltr' id='par_1_55' title="bbox 613 3035 3019 3095">
     <span class='ocr_line' id='line_1_55' title="bbox 613 3035 3019 3095; baseline 0.001 -3"><span class='ocrx_word' id='word_1_373' title='bbox 613 3041 646 3092; x_wconf 83' lang='grc'>9</span> <span class='ocrx_word' id='word_1_374' title='bbox 795 3035 965 3091; x_wconf 70' lang='lat' dir='ltr'><strong>XXIV</strong></span> <span class='ocrx_word' id='word_1_375' title='bbox 1182 3038 1249 3090; x_wconf 64' lang='lat' dir='ltr'><strong>II</strong></span> <span class='ocrx_word' id='word_1_376' title='bbox 1897 3038 1962 3090; x_wconf 82' lang='lat' dir='ltr'>I5</span> <span class='ocrx_word' id='word_1_377' title='bbox 2249 3039 2316 3094; x_wconf 83' lang='lat' dir='ltr'>I6</span> <span class='ocrx_word' id='word_1_378' title='bbox 2989 3045 3019 3095; x_wconf 75' lang='grc' dir='ltr'><em>Ἰ</em></span> 
     </span>
    </p>
   </div>
   <div class='ocr_carea' id='block_1_56' title="bbox 614 3107 1950 3166">
    <p class='ocr_par' dir='ltr' id='par_1_56' title="bbox 614 3107 1950 3163">
     <span class='ocr_line' id='line_1_56' title="bbox 614 3107 1950 3163; baseline -0.004 0"><span class='ocrx_word' id='word_1_379' title='bbox 614 3110 647 3163; x_wconf 90' lang='grc'>8</span> <span class='ocrx_word' id='word_1_380' title='bbox 795 3107 937 3161; x_wconf 77' lang='lat' dir='ltr'><strong>XXV</strong></span> <span class='ocrx_word' id='word_1_381' title='bbox 1183 3107 1250 3162; x_wconf 86' lang='lat' dir='ltr'>I5</span> <span class='ocrx_word' id='word_1_382' title='bbox 1889 3107 1950 3159; x_wconf 75' lang='lat' dir='ltr'>I4</span> 
     </span>
    </p>
   </div>
   <div class='ocr_carea' id='block_1_57' title="bbox 2055 3107 3008 3166">
    <p class='ocr_par' dir='ltr' id='par_1_57' title="bbox 2985 3115 3008 3166">
     <span class='ocr_line' id='line_1_57' title="bbox 2985 3115 3008 3166; baseline 0 0"><span class='ocrx_word' id='word_1_383' title='bbox 2985 3115 3008 3166; x_wconf 90' lang='lat' dir='ltr'><strong>I</strong></span> 
     </span>
    </p>
   </div>
   <div class='ocr_carea' id='block_1_58' title="bbox 617 3176 1958 3231">
    <p class='ocr_par' dir='ltr' id='par_1_58' title="bbox 617 3176 1958 3231">
     <span class='ocr_line' id='line_1_58' title="bbox 617 3176 1958 3231; baseline -0.001 0"><span class='ocrx_word' id='word_1_384' title='bbox 617 3181 645 3231; x_wconf 86' lang='lat'><strong>7</strong></span> <span class='ocrx_word' id='word_1_385' title='bbox 791 3176 960 3231; x_wconf 76' lang='lat' dir='ltr'><strong>XXVI</strong></span> <span class='ocrx_word' id='word_1_386' title='bbox 1891 3177 1958 3229; x_wconf 79' lang='lat' dir='ltr'>I5</span> 
     </span>
    </p>
   </div>
   <div class='ocr_carea' id='block_1_59' title="bbox 378 3330 3646 3410">
    <p class='ocr_par' dir='ltr' id='par_1_59' title="bbox 378 3330 3646 3410">
     <span class='ocr_line' id='line_1_59' title="bbox 378 3330 3646 3410; baseline 0.002 -20"><span class='ocrx_word' id='word_1_387' title='bbox 378 3336 558 3391; x_wconf 75' lang='lat' dir='ltr'><strong>llabes</strong></span> <span class='ocrx_word' id='word_1_388' title='bbox 591 3336 644 3388; x_wconf 92' lang='lat' dir='ltr'><strong>in</strong></span> <span class='ocrx_word' id='word_1_389' title='bbox 679 3335 781 3388; x_wconf 86' lang='lat' dir='ltr'><strong>hac</strong></span> <span class='ocrx_word' id='word_1_390' title='bbox 814 3333 1000 3389; x_wconf 89' lang='lat' dir='ltr'><strong>tabula</strong></span> <span class='ocrx_word' id='word_1_391' title='bbox 1049 3333 1305 3388; x_wconf 90' lang='lat' dir='ltr'><strong>Iunarum</strong></span> <span class='ocrx_word' id='word_1_392' title='bbox 1353 3347 1418 3386; x_wconf 87' lang='lat' dir='ltr'><strong>ac</strong></span> <span class='ocrx_word' id='word_1_393' title='bbox 1464 3330 1727 3386; x_wconf 82' lang='lat' dir='ltr'><strong>feriarum</strong></span> <span class='ocrx_word' id='word_1_394' title='bbox 1772 3333 2026 3402; x_wconf 87' lang='lat' dir='ltr'><strong>dispo-C</strong></span> <span class='ocrx_word' id='word_1_395' title='bbox 2063 3350 2160 3389; x_wconf 82' lang='lat' dir='ltr'><strong>xu.</strong></span> <span class='ocrx_word' id='word_1_396' title='bbox 2221 3336 2528 3391; x_wconf 75' lang='lat' dir='ltr'><strong>Celebravit</strong></span> <span class='ocrx_word' id='word_1_397' title='bbox 2584 3353 2748 3408; x_wconf 90' lang='lat' dir='ltr'><strong>porro</strong></span> <span class='ocrx_word' id='word_1_398' title='bbox 2817 3337 3068 3394; x_wconf 79' lang='lat' dir='ltr'><strong>Christus</strong></span> <span class='ocrx_word' id='word_1_399' title='bbox 3125 3340 3366 3410; x_wconf 82' lang='lat' dir='ltr'><strong>typicum</strong></span> <span class='ocrx_word' id='word_1_400' title='bbox 3431 3337 3646 3395; x_wconf 65' lang='lat' dir='ltr'><strong>Pascit</strong></span> 
     </span>
    </p>
   </div>
   <div class='ocr_carea' id='block_1_60' title="bbox 369 3421 1954 3496">
    <p class='ocr_par' dir='ltr' id='par_1_60' title="bbox 369 3421 1954 3496">
     <span class='ocr_line' id='line_1_60' title="bbox 369 3421 1954 3496; baseline -0.002 -15"><span class='ocrx_word' id='word_1_401' title='bbox 369 3430 567 3492; x_wconf 76' lang='lat' dir='ltr'><strong>situm;</strong></span> <span class='ocrx_word' id='word_1_402' title='bbox 600 3425 911 3496; x_wconf 88' lang='lat' dir='ltr'><strong>cujusmodi</strong></span> <span class='ocrx_word' id='word_1_403' title='bbox 949 3439 1095 3480; x_wconf 90' lang='lat' dir='ltr'><strong>anno</strong></span> <span class='ocrx_word' id='word_1_404' title='bbox 1125 3425 1218 3479; x_wconf 91' lang='lat' dir='ltr'><strong>illo</strong></span> <span class='ocrx_word' id='word_1_405' title='bbox 1253 3421 1472 3478; x_wconf 76' lang='lat' dir='ltr'><strong>Iuliano</strong></span> <span class='ocrx_word' id='word_1_406' title='bbox 1515 3422 1582 3476; x_wconf 83' lang='lat'><strong>76</strong></span> <span class='ocrx_word' id='word_1_407' title='bbox 1621 3432 1730 3477; x_wconf 88' lang='lat' dir='ltr'><strong>tam</strong></span> <span class='ocrx_word' id='word_1_408' title='bbox 1766 3438 1954 3478; x_wconf 82' lang='lat' dir='ltr'><strong>revera</strong></span> 
     </span>
    </p>
   </div>
   <div class='ocr_carea' id='block_1_61' title="bbox 368 3513 1956 3586">
    <p class='ocr_par' dir='ltr' id='par_1_61' title="bbox 368 3513 1956 3586">
     <span class='ocr_line' id='line_1_61' title="bbox 368 3513 1956 3586; baseline -0.001 -16"><span class='ocrx_word' id='word_1_409' title='bbox 368 3517 490 3582; x_wconf 76' lang='lat' dir='ltr'><strong>fuit,</strong></span> <span class='ocrx_word' id='word_1_410' title='bbox 522 3533 686 3586; x_wconf 87' lang='lat' dir='ltr'><strong>quam</strong></span> <span class='ocrx_word' id='word_1_411' title='bbox 717 3527 772 3571; x_wconf 88' lang='lat' dir='ltr'><strong>et</strong></span> <span class='ocrx_word' id='word_1_412' title='bbox 802 3531 869 3571; x_wconf 79' lang='lat' dir='ltr'><strong>ex</strong></span> <span class='ocrx_word' id='word_1_413' title='bbox 904 3513 1109 3570; x_wconf 64' lang='lat' dir='ltr'><strong>Nicaaui</strong></span> <span class='ocrx_word' id='word_1_414' title='bbox 1140 3514 1360 3571; x_wconf 90' lang='lat' dir='ltr'><strong>concilii</strong></span> <span class='ocrx_word' id='word_1_415' title='bbox 1399 3515 1653 3569; x_wconf 81' lang='lat' dir='ltr'><strong>instituto</strong></span> <span class='ocrx_word' id='word_1_416' title='bbox 1693 3526 1749 3569; x_wconf 90' lang='lat' dir='ltr'><strong>et</strong></span> <span class='ocrx_word' id='word_1_417' title='bbox 1782 3532 1848 3569; x_wconf 75' lang='lat' dir='ltr'><strong>ex</strong></span> <span class='ocrx_word' id='word_1_418' title='bbox 1876 3516 1956 3569; x_wconf 86' lang='lat' dir='ltr'><strong>vi-</strong></span> 
     </span>
    </p>
   </div>
   <div class='ocr_carea' id='block_1_62' title="bbox 367 3608 1954 3682">
    <p class='ocr_par' dir='ltr' id='par_1_62' title="bbox 367 3608 1954 3682">
     <span class='ocr_line' id='line_1_62' title="bbox 367 3608 1954 3682; baseline -0.001 -17"><span class='ocrx_word' id='word_1_419' title='bbox 367 3612 510 3666; x_wconf 86' lang='lat' dir='ltr'><strong>tioso</strong></span> <span class='ocrx_word' id='word_1_420' title='bbox 537 3609 851 3665; x_wconf 77' lang='lat' dir='ltr'><strong>Iudaeorum</strong></span> <span class='ocrx_word' id='word_1_421' title='bbox 899 3610 1072 3682; x_wconf 85' lang='lat' dir='ltr'><strong>cyclo,</strong></span> <span class='ocrx_word' id='word_1_422' title='bbox 1125 3619 1179 3665; x_wconf 90' lang='lat' dir='ltr'><strong>et</strong></span> <span class='ocrx_word' id='word_1_423' title='bbox 1229 3622 1505 3678; x_wconf 73' lang='lat' dir='ltr'><strong>posuemo</strong></span> <span class='ocrx_word' id='word_1_424' title='bbox 1549 3624 1613 3662; x_wconf 83' lang='lat' dir='ltr'><strong>ex</strong></span> <span class='ocrx_word' id='word_1_425' title='bbox 1665 3608 1954 3680; x_wconf 86' lang='lat' dir='ltr'><strong>Epiphanii</strong></span> 
     </span>
    </p>
   </div>
   <div class='ocr_carea' id='block_1_63' title="bbox 369 3701 920 3769">
    <p class='ocr_par' dir='ltr' id='par_1_63' title="bbox 369 3701 920 3769">
     <span class='ocr_line' id='line_1_63' title="bbox 369 3701 920 3769; baseline -0.005 -14"><span class='ocrx_word' id='word_1_426' title='bbox 369 3716 531 3755; x_wconf 88' lang='lat' dir='ltr'><strong>sensu</strong></span> <span class='ocrx_word' id='word_1_427' title='bbox 565 3716 686 3754; x_wconf 89' lang='lat' dir='ltr'><strong>esse</strong></span> <span class='ocrx_word' id='word_1_428' title='bbox 727 3701 920 3769; x_wconf 91' lang='lat' dir='ltr'><strong>potuit.</strong></span> 
     </span>
    </p>
   </div>
   <div class='ocr_carea' id='block_1_64' title="bbox 370 3810 1952 3882">
    <p class='ocr_par' dir='ltr' id='par_1_64' title="bbox 370 3810 1952 3882">
     <span class='ocr_line' id='line_1_64' title="bbox 370 3810 1952 3882; baseline -0.003 -15"><span class='ocrx_word' id='word_1_429' title='bbox 370 3813 656 3882; x_wconf 77' lang='lat' dir='ltr'><strong>Colligitur</strong></span> <span class='ocrx_word' id='word_1_430' title='bbox 711 3830 737 3866; x_wconf 88' lang='lat' dir='ltr'><strong>e</strong></span> <span class='ocrx_word' id='word_1_431' title='bbox 799 3812 1156 3881; x_wconf 76' lang='lat' dir='ltr'><strong>superioribus</strong></span> <span class='ocrx_word' id='word_1_432' title='bbox 1210 3810 1495 3881; x_wconf 84' lang='lat' dir='ltr'><strong>Epiphanii</strong></span> <span class='ocrx_word' id='word_1_433' title='bbox 1542 3810 1605 3864; x_wconf 86' lang='lat' dir='ltr'><strong>de</strong></span> <span class='ocrx_word' id='word_1_434' title='bbox 1655 3825 1772 3863; x_wconf 81' lang='lat' dir='ltr'><strong>vero</strong></span> <span class='ocrx_word' id='word_1_435' title='bbox 1815 3827 1952 3863; x_wconf 79' lang='grc' dir='ltr'>ιιηιιο</span> 
     </span>
    </p>
   </div>
   <div class='ocr_carea' id='block_1_65' title="bbox 755 3883 1560 3936">
    <p class='ocr_par' dir='ltr' id='par_1_65' title="bbox 755 3883 1560 3936">
     <span class='ocr_line' id='line_1_65' title="bbox 755 3883 1560 3936; baseline 0.002 -2"><span class='ocrx_word' id='word_1_436' title='bbox 755 3883 1031 3936; x_wconf 77' lang='lat' dir='ltr'><strong>Passionis</strong></span> <span class='ocrx_word' id='word_1_437' title='bbox 1065 3899 1127 3935; x_wconf 85' lang='lat' dir='ltr'><strong>ac</strong></span> <span class='ocrx_word' id='word_1_438' title='bbox 1163 3883 1248 3935; x_wconf 85' lang='lat' dir='ltr'><strong>die</strong></span> <span class='ocrx_word' id='word_1_439' title='bbox 1282 3883 1560 3936; x_wconf 75' lang='lat' dir='ltr'><strong>sententia.</strong></span> 
     </span>
    </p>
   </div>
   <div class='ocr_carea' id='block_1_66' title="bbox 446 3972 1952 4046">
    <p class='ocr_par' dir='ltr' id='par_1_66' title="bbox 446 3972 1952 4046">
     <span class='ocr_line' id='line_1_66' title="bbox 446 3972 1952 4046; baseline -0.003 -16"><span class='ocrx_word' id='word_1_440' title='bbox 446 3976 704 4046; x_wconf 82' lang='lat' dir='ltr'><strong>Superest</strong></span> <span class='ocrx_word' id='word_1_441' title='bbox 743 3983 801 4028; x_wconf 92' lang='lat' dir='ltr'><strong>ut</strong></span> <span class='ocrx_word' id='word_1_442' title='bbox 844 3975 911 4028; x_wconf 92' lang='lat' dir='ltr'><strong>ad</strong></span> <span class='ocrx_word' id='word_1_443' title='bbox 945 3989 1070 4029; x_wconf 91' lang='lat' dir='ltr'><strong>eum</strong></span> <span class='ocrx_word' id='word_1_444' title='bbox 1109 3988 1267 4029; x_wconf 90' lang='lat' dir='ltr'><strong>usum</strong></span> <span class='ocrx_word' id='word_1_445' title='bbox 1298 3972 1594 4042; x_wconf 79' lang='lat' dir='ltr'><strong>ﬁnemque,</strong></span> <span class='ocrx_word' id='word_1_446' title='bbox 1625 3974 1784 4042; x_wconf 86' lang='lat' dir='ltr'><strong>cujus</strong></span> <span class='ocrx_word' id='word_1_447' title='bbox 1825 3987 1952 4041; x_wconf 81' lang='lat' dir='ltr'><strong>gra-</strong></span> 
     </span>
    </p>
   </div>
   <div class='ocr_carea' id='block_1_67' title="bbox 371 4067 1951 4138">
    <p class='ocr_par' dir='ltr' id='par_1_67' title="bbox 371 4067 1951 4138">
     <span class='ocr_line' id='line_1_67' title="bbox 371 4067 1951 4138; baseline 0 -15"><span class='ocrx_word' id='word_1_448' title='bbox 371 4069 444 4124; x_wconf 87' lang='lat' dir='ltr'><strong>tia</strong></span> <span class='ocrx_word' id='word_1_449' title='bbox 500 4068 775 4138; x_wconf 84' lang='lat' dir='ltr'><strong>disputata</strong></span> <span class='ocrx_word' id='word_1_450' title='bbox 827 4075 973 4131; x_wconf 89' lang='lat' dir='ltr'><strong>sunt,</strong></span> <span class='ocrx_word' id='word_1_451' title='bbox 1029 4067 1312 4136; x_wconf 87' lang='lat' dir='ltr'><strong>superiora</strong></span> <span class='ocrx_word' id='word_1_452' title='bbox 1360 4067 1548 4120; x_wconf 88' lang='lat' dir='ltr'><strong>omnia</strong></span> <span class='ocrx_word' id='word_1_453' title='bbox 1603 4076 1951 4123; x_wconf 87' lang='lat' dir='ltr'><strong>revocentur.</strong></span> 
     </span>
    </p>
   </div>
   <div class='ocr_carea' id='block_1_68' title="bbox 369 4156 1951 4229">
    <p class='ocr_par' dir='ltr' id='par_1_68' title="bbox 369 4156 1951 4229">
     <span class='ocr_line' id='line_1_68' title="bbox 369 4156 1951 4229; baseline -0.003 -13"><span class='ocrx_word' id='word_1_454' title='bbox 369 4163 467 4216; x_wconf 84' lang='lat' dir='ltr'><strong>Est</strong></span> <span class='ocrx_word' id='word_1_455' title='bbox 496 4170 678 4216; x_wconf 88' lang='lat' dir='ltr'><strong>autem</strong></span> <span class='ocrx_word' id='word_1_456' title='bbox 714 4161 759 4214; x_wconf 88' lang='lat' dir='ltr'><strong>is</strong></span> <span class='ocrx_word' id='word_1_457' title='bbox 799 4159 1171 4229; x_wconf 86' lang='lat' dir='ltr'><strong>potissimum,</strong></span> <span class='ocrx_word' id='word_1_458' title='bbox 1226 4167 1287 4212; x_wconf 92' lang='lat' dir='ltr'><strong>ut</strong></span> <span class='ocrx_word' id='word_1_459' title='bbox 1321 4173 1510 4214; x_wconf 88' lang='lat' dir='ltr'><strong>verum</strong></span> <span class='ocrx_word' id='word_1_460' title='bbox 1545 4173 1613 4213; x_wconf 81' lang='lat' dir='ltr'><strong>ex</strong></span> <span class='ocrx_word' id='word_1_461' title='bbox 1664 4156 1951 4228; x_wconf 88' lang='lat' dir='ltr'><strong>Epiphanii</strong></span> 
     </span>
    </p>
   </div>
   <div class='ocr_carea' id='block_1_69' title="bbox 369 4249 1949 4320">
    <p class='ocr_par' dir='ltr' id='par_1_69' title="bbox 369 4249 1949 4320">
     <span class='ocr_line' id='line_1_69' title="bbox 369 4249 1949 4320; baseline -0.002 -13"><span class='ocrx_word' id='word_1_462' title='bbox 369 4253 694 4308; x_wconf 87' lang='lat' dir='ltr'><strong>auctoritate</strong></span> <span class='ocrx_word' id='word_1_463' title='bbox 740 4250 1021 4307; x_wconf 82' lang='lat' dir='ltr'><strong>Passionis</strong></span> <span class='ocrx_word' id='word_1_464' title='bbox 1069 4260 1284 4320; x_wconf 84' lang='lat' dir='ltr'><strong>tempus</strong></span> <span class='ocrx_word' id='word_1_465' title='bbox 1319 4249 1614 4319; x_wconf 87' lang='lat' dir='ltr'><strong>aliquando</strong></span> <span class='ocrx_word' id='word_1_466' title='bbox 1655 4260 1949 4305; x_wconf 86' lang='lat' dir='ltr'><strong>statuatur.</strong></span> 
     </span>
    </p>
   </div>
   <div class='ocr_carea' id='block_1_70' title="bbox 372 4341 1954 4416">
    <p class='ocr_par' dir='ltr' id='par_1_70' title="bbox 372 4341 1954 4416">
     <span class='ocr_line' id='line_1_70' title="bbox 372 4341 1954 4416; baseline -0.004 -14"><span class='ocrx_word' id='word_1_467' title='bbox 372 4348 430 4402; x_wconf 87' lang='lat' dir='ltr'><strong>Si</strong></span> <span class='ocrx_word' id='word_1_468' title='bbox 480 4348 604 4416; x_wconf 86' lang='lat' dir='ltr'><strong>quis</strong></span> <span class='ocrx_word' id='word_1_469' title='bbox 651 4345 817 4415; x_wconf 74' lang='lat' dir='ltr'><strong>igitur</strong></span> <span class='ocrx_word' id='word_1_470' title='bbox 862 4343 1202 4399; x_wconf 74' lang='lat' dir='ltr'><strong>aberrantem</strong></span> <span class='ocrx_word' id='word_1_471' title='bbox 1248 4341 1583 4396; x_wconf 85' lang='lat' dir='ltr'><strong>sanctissimi</strong></span> <span class='ocrx_word' id='word_1_472' title='bbox 1630 4341 1809 4397; x_wconf 85' lang='lat' dir='ltr'><strong>Patris</strong></span> <span class='ocrx_word' id='word_1_473' title='bbox 1835 4343 1954 4411; x_wconf 89' lang='lat' dir='ltr'><strong>opi-</strong></span> 
     </span>
    </p>
   </div>
   <div class='ocr_carea' id='block_1_71' title="bbox 369 4433 1955 4496">
    <p class='ocr_par' dir='ltr' id='par_1_71' title="bbox 369 4433 1955 4496">
     <span class='ocr_line' id='line_1_71' title="bbox 369 4433 1955 4496; baseline -0.003 -4"><span class='ocrx_word' id='word_1_474' title='bbox 369 4439 590 4493; x_wconf 83' lang='lat' dir='ltr'><strong>nionem</strong></span> <span class='ocrx_word' id='word_1_475' title='bbox 620 4438 673 4490; x_wconf 90' lang='lat' dir='ltr'><strong>iu</strong></span> <span class='ocrx_word' id='word_1_476' title='bbox 706 4437 848 4489; x_wconf 87' lang='lat' dir='ltr'><strong>viam</strong></span> <span class='ocrx_word' id='word_1_477' title='bbox 883 4433 1145 4490; x_wconf 88' lang='lat' dir='ltr'><strong>reducere</strong></span> <span class='ocrx_word' id='word_1_478' title='bbox 1173 4433 1322 4496; x_wconf 90' lang='lat' dir='ltr'><strong>velit,</strong></span> <span class='ocrx_word' id='word_1_479' title='bbox 1370 4442 1424 4487; x_wconf 90' lang='lat' dir='ltr'><strong>et</strong></span> <span class='ocrx_word' id='word_1_480' title='bbox 1460 4435 1546 4488; x_wconf 86' lang='lat' dir='ltr'><strong>his</strong></span> <span class='ocrx_word' id='word_1_481' title='bbox 1577 4433 1816 4488; x_wconf 86' lang='lat' dir='ltr'><strong>tenebris</strong></span> <span class='ocrx_word' id='word_1_482' title='bbox 1855 4433 1955 4487; x_wconf 87' lang='lat' dir='ltr'><strong>oh-</strong></span> 
     </span>
    </p>
   </div>
   <div class='ocr_carea' id='block_1_72' title="bbox 370 4524 1954 4595">
    <p class='ocr_par' dir='ltr' id='par_1_72' title="bbox 370 4524 1954 4595">
     <span class='ocr_line' id='line_1_72' title="bbox 370 4524 1954 4595; baseline -0.003 -12"><span class='ocrx_word' id='word_1_483' title='bbox 370 4530 591 4583; x_wconf 85' lang='lat' dir='ltr'><strong>ductam</strong></span> <span class='ocrx_word' id='word_1_484' title='bbox 636 4528 917 4581; x_wconf 77' lang='lat' dir='ltr'><strong>veritatem</strong></span> <span class='ocrx_word' id='word_1_485' title='bbox 959 4527 1010 4579; x_wconf 92' lang='lat' dir='ltr'><strong>in</strong></span> <span class='ocrx_word' id='word_1_486' title='bbox 1040 4526 1216 4580; x_wconf 91' lang='lat' dir='ltr'><strong>lucem</strong></span> <span class='ocrx_word' id='word_1_487' title='bbox 1251 4526 1559 4588; x_wconf 81' lang='lat' dir='ltr'><strong>extrahere,</strong></span> <span class='ocrx_word' id='word_1_488' title='bbox 1592 4524 1696 4580; x_wconf 91' lang='lat' dir='ltr'><strong>hoc</strong></span> <span class='ocrx_word' id='word_1_489' title='bbox 1733 4541 1763 4579; x_wconf 92' lang='lat' dir='ltr'><strong>e</strong></span> <span class='ocrx_word' id='word_1_490' title='bbox 1793 4540 1954 4595; x_wconf 85' lang='lat' dir='ltr'><strong>supe-</strong></span> 
     </span>
    </p>
   </div>
   <div class='ocr_carea' id='block_1_73' title="bbox 369 4615 1953 4688">
    <p class='ocr_par' dir='ltr' id='par_1_73' title="bbox 369 4615 1953 4688">
     <span class='ocr_line' id='line_1_73' title="bbox 369 4615 1953 4688; baseline -0.004 -12"><span class='ocrx_word' id='word_1_491' title='bbox 369 4623 512 4676; x_wconf 85' lang='lat' dir='ltr'><strong>riore</strong></span> <span class='ocrx_word' id='word_1_492' title='bbox 551 4629 738 4674; x_wconf 86' lang='lat' dir='ltr'><strong>nostra</strong></span> <span class='ocrx_word' id='word_1_493' title='bbox 769 4621 835 4673; x_wconf 84' lang='lat' dir='ltr'><strong>de</strong></span> <span class='ocrx_word' id='word_1_494' title='bbox 866 4617 1092 4671; x_wconf 84' lang='lat' dir='ltr'><strong>Judaico</strong></span> <span class='ocrx_word' id='word_1_495' title='bbox 1117 4617 1270 4688; x_wconf 85' lang='lat' dir='ltr'><strong>cyelo</strong></span> <span class='ocrx_word' id='word_1_496' title='bbox 1296 4616 1680 4670; x_wconf 86' lang='lat' dir='ltr'><strong>dissertatione</strong></span> <span class='ocrx_word' id='word_1_497' title='bbox 1719 4615 1792 4669; x_wconf 90' lang='lat' dir='ltr'><strong>ita</strong></span> <span class='ocrx_word' id='word_1_498' title='bbox 1821 4631 1953 4670; x_wconf 88' lang='lat' dir='ltr'><strong>con-</strong></span> 
     </span>
    </p>
   </div>
   <div class='ocr_carea' id='block_1_74' title="bbox 2059 3427 3643 3499">
    <p class='ocr_par' dir='ltr' id='par_1_74' title="bbox 2059 3427 3643 3499">
     <span class='ocr_line' id='line_1_74' title="bbox 2059 3427 3643 3499; baseline 0.004 -19"><span class='ocrx_word' id='word_1_499' title='bbox 2059 3427 2235 3484; x_wconf 85' lang='lat' dir='ltr'><strong>Martii</strong></span> <span class='ocrx_word' id='word_1_500' title='bbox 2271 3447 2381 3484; x_wconf 81' lang='lat' dir='ltr'><strong>xxu</strong></span> <span class='ocrx_word' id='word_1_501' title='bbox 2413 3432 2476 3483; x_wconf 89' lang='lat' dir='ltr'><strong>ad</strong></span> <span class='ocrx_word' id='word_1_502' title='bbox 2512 3446 2816 3499; x_wconf 77' lang='lat' dir='ltr'><strong>vesperam,</strong></span> <span class='ocrx_word' id='word_1_503' title='bbox 2866 3439 3099 3485; x_wconf 75' lang='lat' dir='ltr'><strong>exeunte</strong></span> <span class='ocrx_word' id='word_1_504' title='bbox 3145 3447 3236 3484; x_wconf 64' lang='grc' dir='ltr'>χιιι</span> <span class='ocrx_word' id='word_1_505' title='bbox 3286 3429 3540 3497; x_wconf 71' lang='lat' dir='ltr'><strong>Iudaica,</strong></span> <span class='ocrx_word' id='word_1_506' title='bbox 3587 3445 3643 3487; x_wconf 83' lang='lat' dir='ltr'><strong>et</strong></span> 
     </span>
    </p>
   </div>
   <div class='ocr_carea' id='block_1_75' title="bbox 2057 3518 3643 3595">
    <p class='ocr_par' dir='ltr' id='par_1_75' title="bbox 2057 3518 3643 3595">
     <span class='ocr_line' id='line_1_75' title="bbox 2057 3518 3643 3595; baseline 0.003 -21"><span class='ocrx_word' id='word_1_507' title='bbox 2057 3519 2278 3576; x_wconf 89' lang='lat' dir='ltr'><strong>ineunte</strong></span> <span class='ocrx_word' id='word_1_508' title='bbox 2308 3538 2396 3587; x_wconf 84' lang='lat' dir='ltr'><strong>xv,</strong></span> <span class='ocrx_word' id='word_1_509' title='bbox 2448 3523 2505 3574; x_wconf 86' lang='grc' dir='ltr'><strong>ὲν</strong></span> <span class='ocrx_word' id='word_1_510' title='bbox 2620 3522 2725 3575; x_wconf 76' lang='grc' dir='ltr'><strong>ἔδει</strong></span> <span class='ocrx_word' id='word_1_511' title='bbox 2757 3522 2927 3576; x_wconf 83' lang='grc' dir='ltr'><strong>Θύειν.</strong></span> <span class='ocrx_word' id='word_1_512' title='bbox 3003 3522 3285 3586; x_wconf 66' lang='lat' dir='ltr'><strong>Pharisaei,</strong></span> <span class='ocrx_word' id='word_1_513' title='bbox 3337 3540 3643 3594; x_wconf 81' lang='lat' dir='ltr'><strong>eorumque</strong></span> 
     </span>
    </p>
   </div>
   <div class='ocr_carea' id='block_1_76' title="bbox 2057 3611 3642 3685">
    <p class='ocr_par' dir='ltr' id='par_1_76' title="bbox 2057 3611 3642 3685">
     <span class='ocr_line' id='line_1_76' title="bbox 2057 3611 3642 3685; baseline 0.001 -19"><span class='ocrx_word' id='word_1_514' title='bbox 2057 3619 2353 3668; x_wconf 87' lang='lat' dir='ltr'><strong>sectatores</strong></span> <span class='ocrx_word' id='word_1_515' title='bbox 2383 3611 2590 3668; x_wconf 85' lang='lat' dir='ltr'><strong>Pascha</strong></span> <span class='ocrx_word' id='word_1_516' title='bbox 2623 3626 2945 3685; x_wconf 83' lang='lat' dir='ltr'><strong>peregerunt</strong></span> <span class='ocrx_word' id='word_1_517' title='bbox 2990 3614 3165 3669; x_wconf 80' lang='lat' dir='ltr'><strong>Martii</strong></span> <span class='ocrx_word' id='word_1_518' title='bbox 3202 3629 3339 3670; x_wconf 76' lang='lat' dir='ltr'><strong>xxiii</strong></span> <span class='ocrx_word' id='word_1_519' title='bbox 3365 3657 3379 3681; x_wconf 92' lang='lat'><strong>,</strong></span> <span class='ocrx_word' id='word_1_520' title='bbox 3411 3617 3536 3670; x_wconf 87' lang='lat' dir='ltr'><strong>luna</strong></span> <span class='ocrx_word' id='word_1_521' title='bbox 3573 3632 3642 3670; x_wconf 80' lang='lat' dir='ltr'><strong>xv</strong></span> 
     </span>
    </p>
   </div>
   <div class='ocr_carea' id='block_1_77' title="bbox 2054 3703 3642 3774">
    <p class='ocr_par' dir='ltr' id='par_1_77' title="bbox 2054 3703 3642 3774">
     <span class='ocr_line' id='line_1_77' title="bbox 2054 3703 3642 3774; baseline 0.001 -18"><span class='ocrx_word' id='word_1_522' title='bbox 2054 3713 2308 3768; x_wconf 80' lang='lat' dir='ltr'><strong>exeunte,</strong></span> <span class='ocrx_word' id='word_1_523' title='bbox 2359 3703 2580 3758; x_wconf 88' lang='lat' dir='ltr'><strong>ineunte</strong></span> <span class='ocrx_word' id='word_1_524' title='bbox 2611 3721 2720 3758; x_wconf 80' lang='lat' dir='ltr'><strong>xvi.</strong></span> <span class='ocrx_word' id='word_1_525' title='bbox 2783 3703 2899 3759; x_wconf 82' lang='lat' dir='ltr'><strong>Non</strong></span> <span class='ocrx_word' id='word_1_526' title='bbox 2947 3706 3092 3760; x_wconf 86' lang='lat' dir='ltr'><strong>aliud</strong></span> <span class='ocrx_word' id='word_1_527' title='bbox 3158 3705 3471 3774; x_wconf 88' lang='lat' dir='ltr'><strong>scripturus</strong></span> <span class='ocrx_word' id='word_1_528' title='bbox 3521 3715 3642 3759; x_wconf 86' lang='lat' dir='ltr'><strong>erat</strong></span> 
     </span>
    </p>
   </div>
   <div class='ocr_carea' id='block_1_78' title="bbox 2056 3793 3626 3870">
    <p class='ocr_par' dir='ltr' id='par_1_78' title="bbox 2056 3793 3626 3870">
     <span class='ocr_line' id='line_1_78' title="bbox 2056 3793 3626 3870; baseline 0.003 -23"><span class='ocrx_word' id='word_1_529' title='bbox 2056 3793 2414 3865; x_wconf 85' lang='lat' dir='ltr'><strong>Epiphanius,</strong></span> <span class='ocrx_word' id='word_1_530' title='bbox 2447 3797 2492 3850; x_wconf 89' lang='lat' dir='ltr'><strong>si</strong></span> <span class='ocrx_word' id='word_1_531' title='bbox 2541 3807 2634 3850; x_wconf 91' lang='lat' dir='ltr'><strong>aut</strong></span> <span class='ocrx_word' id='word_1_532' title='bbox 2675 3799 2985 3867; x_wconf 63' lang='lat' dir='ltr'><strong>aequinoctii</strong></span> <span class='ocrx_word' id='word_1_533' title='bbox 3019 3799 3328 3870; x_wconf 78' lang='grc' dir='ltr'><strong>προήγησιν</strong></span> <span class='ocrx_word' id='word_1_534' title='bbox 3364 3801 3626 3867; x_wconf 76' lang='lat' dir='ltr'><strong>agnovis~</strong></span> 
     </span>
    </p>
   </div>
   <div class='ocr_carea' id='block_1_79' title="bbox 2056 3887 3642 3962">
    <p class='ocr_par' dir='ltr' id='par_1_79' title="bbox 2056 3887 3642 3962">
     <span class='ocr_line' id='line_1_79' title="bbox 2056 3887 3642 3962; baseline -0.002 -19"><span class='ocrx_word' id='word_1_535' title='bbox 2056 3896 2158 3952; x_wconf 89' lang='lat' dir='ltr'><strong>set,</strong></span> <span class='ocrx_word' id='word_1_536' title='bbox 2191 3895 2283 3941; x_wconf 92' lang='lat' dir='ltr'><strong>aut</strong></span> <span class='ocrx_word' id='word_1_537' title='bbox 2309 3887 2376 3942; x_wconf 91' lang='lat' dir='ltr'><strong>de</strong></span> <span class='ocrx_word' id='word_1_538' title='bbox 2407 3888 2571 3943; x_wconf 88' lang='lat' dir='ltr'><strong>solari</strong></span> <span class='ocrx_word' id='word_1_539' title='bbox 2611 3891 2781 3962; x_wconf 80' lang='lat' dir='ltr'><strong>cyclo,</strong></span> <span class='ocrx_word' id='word_1_540' title='bbox 2824 3906 2887 3944; x_wconf 89' lang='lat' dir='ltr'><strong>ac</strong></span> <span class='ocrx_word' id='word_1_541' title='bbox 2923 3890 3072 3944; x_wconf 84' lang='lat' dir='ltr'><strong>I&#39;eriis</strong></span> <span class='ocrx_word' id='word_1_542' title='bbox 3100 3893 3186 3944; x_wconf 91' lang='lat' dir='ltr'><strong>vel</strong></span> <span class='ocrx_word' id='word_1_543' title='bbox 3221 3891 3499 3944; x_wconf 83' lang='lat' dir='ltr'><strong>tantillum</strong></span> <span class='ocrx_word' id='word_1_544' title='bbox 3547 3907 3642 3944; x_wconf 65' lang='lat' dir='ltr'><strong>cz;—</strong></span> 
     </span>
    </p>
   </div>
   <div class='ocr_carea' id='block_1_80' title="bbox 2057 3977 3638 4052">
    <p class='ocr_par' dir='ltr' id='par_1_80' title="bbox 2057 3977 3638 4052">
     <span class='ocr_line' id='line_1_80' title="bbox 2057 3977 3638 4052; baseline 0.001 -20"><span class='ocrx_word' id='word_1_545' title='bbox 2057 3979 2302 4050; x_wconf 77' lang='lat' dir='ltr'><strong>gitasset.</strong></span> <span class='ocrx_word' id='word_1_546' title='bbox 2353 3977 2459 4034; x_wconf 90' lang='lat' dir='ltr'><strong>Sed</strong></span> <span class='ocrx_word' id='word_1_547' title='bbox 2516 3980 2605 4036; x_wconf 90' lang='lat' dir='ltr'><strong>ille</strong></span> <span class='ocrx_word' id='word_1_548' title='bbox 2658 3981 3059 4052; x_wconf 87' lang='lat' dir='ltr'><strong>qualiscunque</strong></span> <span class='ocrx_word' id='word_1_549' title='bbox 3092 3983 3308 4036; x_wconf 87' lang='lat' dir='ltr'><strong>tandem</strong></span> <span class='ocrx_word' id='word_1_550' title='bbox 3341 3991 3426 4037; x_wconf 90' lang='lat' dir='ltr'><strong>est</strong></span> <span class='ocrx_word' id='word_1_551' title='bbox 3459 3996 3638 4044; x_wconf 77' lang='lat' dir='ltr'><strong>errar,</strong></span> 
     </span>
    </p>
   </div>
   <div class='ocr_carea' id='block_1_81' title="bbox 2055 4070 3636 4144">
    <p class='ocr_par' dir='ltr' id='par_1_81' title="bbox 2055 4070 3636 4144">
     <span class='ocr_line' id='line_1_81' title="bbox 2055 4070 3636 4144; baseline 0.003 -22"><span class='ocrx_word' id='word_1_552' title='bbox 2055 4070 2316 4136; x_wconf 69' lang='lat' dir='ltr'><strong>praeclaro</strong></span> <span class='ocrx_word' id='word_1_553' title='bbox 2353 4087 2417 4126; x_wconf 90' lang='lat' dir='ltr'><strong>ac</strong></span> <span class='ocrx_word' id='word_1_554' title='bbox 2476 4073 2740 4144; x_wconf 71' lang='lat' dir='ltr'><strong>singulari</strong></span> <span class='ocrx_word' id='word_1_555' title='bbox 2786 4074 2906 4143; x_wconf 85' lang='lat' dir='ltr'><strong>ejus</strong></span> <span class='ocrx_word' id='word_1_556' title='bbox 2949 4075 3210 4129; x_wconf 70' lang='lat' dir='ltr'><strong>doctrina:</strong></span> <span class='ocrx_word' id='word_1_557' title='bbox 3258 4075 3440 4130; x_wconf 83' lang='lat' dir='ltr'><strong>fructu</strong></span> <span class='ocrx_word' id='word_1_558' title='bbox 3485 4092 3636 4130; x_wconf 87' lang='lat' dir='ltr'><strong>com-</strong></span> 
     </span>
    </p>
   </div>
   <div class='ocr_carea' id='block_1_82' title="bbox 2054 4161 3634 4232">
    <p class='ocr_par' dir='ltr' id='par_1_82' title="bbox 2054 4161 3634 4232">
     <span class='ocr_line' id='line_1_82' title="bbox 2054 4161 3634 4232; baseline 0.001 -19"><span class='ocrx_word' id='word_1_559' title='bbox 2054 4170 2338 4231; x_wconf 86' lang='lat' dir='ltr'><strong>pensatur,</strong></span> <span class='ocrx_word' id='word_1_560' title='bbox 2395 4177 2502 4231; x_wconf 85' lang='lat' dir='ltr'><strong>qua</strong></span> <span class='ocrx_word' id='word_1_561' title='bbox 2567 4179 2666 4217; x_wconf 86' lang='lat' dir='ltr'><strong>nos</strong></span> <span class='ocrx_word' id='word_1_562' title='bbox 2709 4164 2838 4217; x_wconf 90' lang='lat' dir='ltr'><strong>anni</strong></span> <span class='ocrx_word' id='word_1_563' title='bbox 2884 4161 3104 4218; x_wconf 60' lang='lat' dir='ltr'><strong>&quot;Judaici</strong></span> <span class='ocrx_word' id='word_1_564' title='bbox 3164 4163 3634 4232; x_wconf 79' lang='lat' dir='ltr'><strong>perturbationem</strong></span> 
     </span>
    </p>
   </div>
   <div class='ocr_carea' id='block_1_83' title="bbox 2055 4251 3634 4321">
    <p class='ocr_par' dir='ltr' id='par_1_83' title="bbox 2055 4251 3634 4321">
     <span class='ocr_line' id='line_1_83' title="bbox 2055 4251 3634 4321; baseline 0.001 -16"><span class='ocrx_word' id='word_1_565' title='bbox 2055 4267 2200 4306; x_wconf 91' lang='lat' dir='ltr'><strong>unus</strong></span> <span class='ocrx_word' id='word_1_566' title='bbox 2228 4251 2430 4307; x_wconf 89' lang='lat' dir='ltr'><strong>docuit.</strong></span> <span class='ocrx_word' id='word_1_567' title='bbox 2468 4251 2586 4318; x_wconf 89' lang='lat' dir='ltr'><strong>Qua</strong></span> <span class='ocrx_word' id='word_1_568' title='bbox 2620 4268 2679 4307; x_wconf 88' lang='lat' dir='ltr'><strong>re</strong></span> <span class='ocrx_word' id='word_1_569' title='bbox 2715 4253 2878 4321; x_wconf 79' lang='lat' dir='ltr'><strong>longe</strong></span> <span class='ocrx_word' id='word_1_570' title='bbox 2909 4253 3208 4308; x_wconf 69' lang='lat' dir='ltr'><strong>intervallo</strong></span> <span class='ocrx_word' id='word_1_571' title='bbox 3231 4253 3634 4313; x_wconf 84' lang='lat' dir='ltr'><strong>animadversa.</strong></span> 
     </span>
    </p>
   </div>
   <div class='ocr_carea' id='block_1_84' title="bbox 2055 4341 3634 4408">
    <p class='ocr_par' dir='ltr' id='par_1_84' title="bbox 2055 4341 3634 4408">
     <span class='ocr_line' id='line_1_84' title="bbox 2055 4341 3634 4408; baseline -0.002 -11"><span class='ocrx_word' id='word_1_572' title='bbox 2055 4342 2289 4397; x_wconf 89' lang='lat' dir='ltr'><strong>summis</strong></span> <span class='ocrx_word' id='word_1_573' title='bbox 2316 4341 2602 4408; x_wconf 89' lang='lat' dir='ltr'><strong>molestiis,</strong></span> <span class='ocrx_word' id='word_1_574' title='bbox 2649 4351 2704 4396; x_wconf 91' lang='lat' dir='ltr'><strong>et</strong></span> <span class='ocrx_word' id='word_1_575' title='bbox 2744 4341 3211 4398; x_wconf 79' lang='lat' dir='ltr'><strong>inextricabilibus</strong></span> <span class='ocrx_word' id='word_1_576' title='bbox 3261 4341 3634 4396; x_wconf 75' lang='lat' dir='ltr'><strong>diﬂicultatum</strong></span> 
     </span>
    </p>
   </div>
   <div class='ocr_carea' id='block_1_85' title="bbox 2055 4433 3639 4504">
    <p class='ocr_par' dir='ltr' id='par_1_85' title="bbox 2055 4433 3639 4504">
     <span class='ocr_line' id='line_1_85' title="bbox 2055 4433 3639 4504; baseline 0 -16"><span class='ocrx_word' id='word_1_577' title='bbox 2055 4433 2267 4502; x_wconf 88' lang='lat' dir='ltr'><strong>laqueis</strong></span> <span class='ocrx_word' id='word_1_578' title='bbox 2307 4433 2548 4503; x_wconf 75' lang='lat' dir='ltr'><strong>expediti</strong></span> <span class='ocrx_word' id='word_1_579' title='bbox 2592 4443 2992 4504; x_wconf 85' lang='lat' dir='ltr'><strong>sumus,atque</strong></span> <span class='ocrx_word' id='word_1_580' title='bbox 3044 4435 3151 4489; x_wconf 90' lang='lat' dir='ltr'><strong>hoc</strong></span> <span class='ocrx_word' id='word_1_581' title='bbox 3179 4434 3400 4489; x_wconf 85' lang='lat' dir='ltr'><strong>demum</strong></span> <span class='ocrx_word' id='word_1_582' title='bbox 3445 4434 3639 4490; x_wconf 88' lang='lat' dir='ltr'><strong>didici-</strong></span> 
     </span>
    </p>
   </div>
   <div class='ocr_carea' id='block_1_86' title="bbox 2054 4521 3638 4593">
    <p class='ocr_par' dir='ltr' id='par_1_86' title="bbox 2054 4521 3638 4593">
     <span class='ocr_line' id='line_1_86' title="bbox 2054 4521 3638 4593; baseline 0.001 -16"><span class='ocrx_word' id='word_1_583' title='bbox 2054 4537 2451 4578; x_wconf 85' lang='lat' dir='ltr'><strong>mus:-verum</strong></span> <span class='ocrx_word' id='word_1_584' title='bbox 2480 4521 2780 4578; x_wconf 70' lang='lat' dir='ltr'><strong>Dominicze</strong></span> <span class='ocrx_word' id='word_1_585' title='bbox 2809 4523 3082 4593; x_wconf 89' lang='lat' dir='ltr'><strong>passionis</strong></span> <span class='ocrx_word' id='word_1_586' title='bbox 3128 4538 3331 4576; x_wconf 87' lang='lat' dir='ltr'><strong>annum</strong></span> <span class='ocrx_word' id='word_1_587' title='bbox 3375 4524 3638 4578; x_wconf 80' lang='lat' dir='ltr'><strong>hactenus</strong></span> 
     </span>
    </p>
   </div>
   <div class='ocr_carea' id='block_1_87' title="bbox 2056 4615 3636 4684">
    <p class='ocr_par' dir='ltr' id='par_1_87' title="bbox 2056 4615 3636 4684">
     <span class='ocr_line' id='line_1_87' title="bbox 2056 4615 3636 4684; baseline 0 -15"><span class='ocrx_word' id='word_1_588' title='bbox 2056 4615 2259 4670; x_wconf 82' lang='lat' dir='ltr'><strong>frustra</strong></span> <span class='ocrx_word' id='word_1_589' title='bbox 2299 4630 2393 4684; x_wconf 90' lang='lat' dir='ltr'><strong>per</strong></span> <span class='ocrx_word' id='word_1_590' title='bbox 2421 4615 2818 4670; x_wconf 82' lang='lat' dir='ltr'><strong>astronomicos</strong></span> <span class='ocrx_word' id='word_1_591' title='bbox 2850 4617 3072 4679; x_wconf 89' lang='lat' dir='ltr'><strong>abacos,</strong></span> <span class='ocrx_word' id='word_1_592' title='bbox 3117 4623 3172 4670; x_wconf 85' lang='lat' dir='ltr'><strong>et</strong></span> <span class='ocrx_word' id='word_1_593' title='bbox 3199 4616 3456 4671; x_wconf 59' lang='lat' dir='ltr'><strong>caelestes</strong></span> <span class='ocrx_word' id='word_1_594' title='bbox 3494 4615 3636 4670; x_wconf 87' lang='lat' dir='ltr'><strong>side-</strong></span> 
     </span>
    </p>
   </div>
   <div class='ocr_carea' id='block_1_88' title="bbox 369 4697 3638 4783">
    <p class='ocr_par' dir='ltr' id='par_1_88' title="bbox 369 4697 3638 4783">
     <span class='ocr_line' id='line_1_88' title="bbox 369 4697 3638 4783; baseline -0.002 -14"><span class='ocrx_word' id='word_1_595' title='bbox 369 4721 654 4783; x_wconf 83' lang='lat' dir='ltr'><strong>sequetur.</strong></span> <span class='ocrx_word' id='word_1_596' title='bbox 685 4709 956 4776; x_wconf 84' lang='lat' dir='ltr'><strong>Quoniam</strong></span> <span class='ocrx_word' id='word_1_597' title='bbox 989 4707 1130 4776; x_wconf 86' lang='lat' dir='ltr'><strong>apud</strong></span> <span class='ocrx_word' id='word_1_598' title='bbox 1154 4716 1362 4762; x_wconf 89' lang='lat' dir='ltr'><strong>veteres</strong></span> <span class='ocrx_word' id='word_1_599' title='bbox 1394 4705 1613 4762; x_wconf 79' lang='lat' dir='ltr'><strong>Judzeos</strong></span> <span class='ocrx_word' id='word_1_600' title='bbox 1652 4722 1742 4761; x_wconf 80' lang='lat' dir='ltr'><strong>xw</strong></span> <span class='ocrx_word' id='word_1_601' title='bbox 1782 4705 1950 4762; x_wconf 86' lang='lat' dir='ltr'><strong>Nisan</strong></span> <span class='ocrx_word' id='word_1_602' title='bbox 1985 4697 2031 4752; x_wconf 79' lang='grc' dir='ltr'><strong>Ι)</strong></span> <span class='ocrx_word' id='word_1_603' title='bbox 2061 4722 2183 4761; x_wconf 86' lang='lat' dir='ltr'><strong>rum</strong></span> <span class='ocrx_word' id='word_1_604' title='bbox 2214 4717 2397 4761; x_wconf 87' lang='lat' dir='ltr'><strong>motus</strong></span> <span class='ocrx_word' id='word_1_605' title='bbox 2425 4705 2736 4776; x_wconf 70' lang='lat' dir='ltr'><strong>indagatum</strong></span> <span class='ocrx_word' id='word_1_606' title='bbox 2785 4707 2954 4762; x_wconf 78' lang='lat' dir='ltr'><strong>fuisse</strong></span> <span class='ocrx_word' id='word_1_607' title='bbox 2985 4725 3000 4761; x_wconf 93' lang='lat'><strong>:</strong></span> <span class='ocrx_word' id='word_1_608' title='bbox 3051 4707 3197 4777; x_wconf 91' lang='lat' dir='ltr'><strong>quod</strong></span> <span class='ocrx_word' id='word_1_609' title='bbox 3245 4716 3358 4760; x_wconf 88' lang='lat' dir='ltr'><strong>tum</strong></span> <span class='ocrx_word' id='word_1_610' title='bbox 3400 4707 3638 4776; x_wconf 77' lang='lat' dir='ltr'><strong>denique</strong></span> 
     </span>
    </p>
   </div>
   <div class='ocr_carea' id='block_1_89' title="bbox 369 4795 1951 4873">
    <p class='ocr_par' dir='ltr' id='par_1_89' title="bbox 369 4795 1951 4873">
     <span class='ocr_line' id='line_1_89' title="bbox 369 4795 1951 4873; baseline -0.003 -16"><span class='ocrx_word' id='word_1_611' title='bbox 369 4803 425 4857; x_wconf 87' lang='lat' dir='ltr'><strong>in</strong></span> <span class='ocrx_word' id='word_1_612' title='bbox 467 4801 848 4873; x_wconf 67' lang='lat' dir='ltr'><strong>aequinoctium</strong></span> <span class='ocrx_word' id='word_1_613' title='bbox 885 4798 1146 4860; x_wconf 85' lang='lat' dir='ltr'><strong>cadebat,</strong></span> <span class='ocrx_word' id='word_1_614' title='bbox 1176 4796 1322 4866; x_wconf 91' lang='lat' dir='ltr'><strong>quod</strong></span> <span class='ocrx_word' id='word_1_615' title='bbox 1366 4795 1572 4851; x_wconf 87' lang='lat' dir='ltr'><strong>Christi</strong></span> <span class='ocrx_word' id='word_1_616' title='bbox 1612 4797 1812 4852; x_wconf 64' lang='lat' dir='ltr'><strong>saeculo</strong></span> <span class='ocrx_word' id='word_1_617' title='bbox 1843 4813 1951 4852; x_wconf 78' lang='lat' dir='ltr'><strong>xxv</strong></span> 
     </span>
    </p>
   </div>
   <div class='ocr_carea' id='block_1_90' title="bbox 368 4889 1952 4961">
    <p class='ocr_par' dir='ltr' id='par_1_90' title="bbox 368 4889 1952 4961">
     <span class='ocr_line' id='line_1_90' title="bbox 368 4889 1952 4961; baseline -0.004 -11"><span class='ocrx_word' id='word_1_618' title='bbox 368 4895 546 4950; x_wconf 78' lang='lat' dir='ltr'><strong>Martii</strong></span> <span class='ocrx_word' id='word_1_619' title='bbox 583 4891 875 4956; x_wconf 78' lang='grc' dir='ltr'><strong>πολιτικῶς</strong></span> <span class='ocrx_word' id='word_1_620' title='bbox 925 4890 1244 4961; x_wconf 80' lang='lat' dir='ltr'><strong>quadrabat,</strong></span> <span class='ocrx_word' id='word_1_621' title='bbox 1282 4889 1468 4943; x_wconf 90' lang='lat' dir='ltr'><strong>citima</strong></span> <span class='ocrx_word' id='word_1_622' title='bbox 1524 4890 1806 4944; x_wconf 89' lang='lat' dir='ltr'><strong>neomenia</strong></span> <span class='ocrx_word' id='word_1_623' title='bbox 1859 4889 1952 4944; x_wconf 79' lang='lat' dir='ltr'><strong>Ni-</strong></span> 
     </span>
    </p>
   </div>
   <div class='ocr_carea' id='block_1_91' title="bbox 370 4980 1950 5053">
    <p class='ocr_par' dir='ltr' id='par_1_91' title="bbox 370 4980 1950 5053">
     <span class='ocr_line' id='line_1_91' title="bbox 370 4980 1950 5053; baseline -0.004 -10"><span class='ocrx_word' id='word_1_624' title='bbox 370 5003 468 5043; x_wconf 85' lang='lat' dir='ltr'><strong>san</strong></span> <span class='ocrx_word' id='word_1_625' title='bbox 497 4985 750 5042; x_wconf 92' lang='lat' dir='ltr'><strong>convenit</strong></span> <span class='ocrx_word' id='word_1_626' title='bbox 791 4983 966 5039; x_wconf 84' lang='lat' dir='ltr'><strong>Martii</strong></span> <span class='ocrx_word' id='word_1_627' title='bbox 998 4997 1110 5049; x_wconf 80' lang='lat' dir='ltr'><strong>xu;</strong></span> <span class='ocrx_word' id='word_1_628' title='bbox 1137 4997 1300 5053; x_wconf 89' lang='lat' dir='ltr'><strong>quem</strong></span> <span class='ocrx_word' id='word_1_629' title='bbox 1332 4980 1385 5034; x_wconf 88' lang='lat' dir='ltr'><strong>in</strong></span> <span class='ocrx_word' id='word_1_630' title='bbox 1419 4980 1560 5037; x_wconf 90' lang='lat' dir='ltr'><strong>diem</strong></span> <span class='ocrx_word' id='word_1_631' title='bbox 1593 4983 1697 5036; x_wconf 91' lang='lat' dir='ltr'><strong>sub</strong></span> <span class='ocrx_word' id='word_1_632' title='bbox 1734 4981 1950 5037; x_wconf 89' lang='lat' dir='ltr'><strong>initium</strong></span> 
     </span>
    </p>
   </div>
   <div class='ocr_carea' id='block_1_92' title="bbox 373 5073 1953 5151">
    <p class='ocr_par' dir='ltr' id='par_1_92' title="bbox 373 5073 1953 5151">
     <span class='ocr_line' id='line_1_92' title="bbox 373 5073 1953 5151; baseline -0.003 -16"><span class='ocrx_word' id='word_1_633' title='bbox 373 5075 1169 5151; x_wconf 79' lang='lat' dir='ltr'><strong>ogdoeeontatessaraeteridos</strong></span> <span class='ocrx_word' id='word_1_634' title='bbox 1210 5075 1462 5130; x_wconf 88' lang='lat' dir='ltr'><strong>incurrit.</strong></span> <span class='ocrx_word' id='word_1_635' title='bbox 1495 5073 1696 5130; x_wconf 80' lang='lat' dir='ltr'><strong>Verum</strong></span> <span class='ocrx_word' id='word_1_636' title='bbox 1746 5076 1815 5130; x_wconf 91' lang='lat' dir='ltr'><strong>ob</strong></span> <span class='ocrx_word' id='word_1_637' title='bbox 1858 5090 1953 5147; x_wconf 81' lang='lat' dir='ltr'><strong>cy-</strong></span> 
     </span>
    </p>
   </div>
   <div class='ocr_carea' id='block_1_93' title="bbox 371 5165 1954 5242">
    <p class='ocr_par' dir='ltr' id='par_1_93' title="bbox 371 5165 1954 5242">
     <span class='ocr_line' id='line_1_93' title="bbox 371 5165 1954 5242; baseline -0.003 -14"><span class='ocrx_word' id='word_1_638' title='bbox 371 5174 440 5229; x_wconf 88' lang='lat' dir='ltr'><strong>cli</strong></span> <span class='ocrx_word' id='word_1_639' title='bbox 469 5173 791 5242; x_wconf 87' lang='lat' dir='ltr'><strong>pravitatem</strong></span> <span class='ocrx_word' id='word_1_640' title='bbox 823 5168 1109 5224; x_wconf 88' lang='lat' dir='ltr'><strong>neomenia</strong></span> <span class='ocrx_word' id='word_1_641' title='bbox 1143 5167 1348 5223; x_wconf 88' lang='lat' dir='ltr'><strong>sensim</strong></span> <span class='ocrx_word' id='word_1_642' title='bbox 1379 5168 1444 5223; x_wconf 88' lang='lat' dir='ltr'><strong>ad</strong></span> <span class='ocrx_word' id='word_1_643' title='bbox 1472 5183 1526 5222; x_wconf 79' lang='lat' dir='ltr'><strong>ix</strong></span> <span class='ocrx_word' id='word_1_644' title='bbox 1557 5165 1734 5222; x_wconf 85' lang='lat' dir='ltr'><strong>Martii</strong></span> <span class='ocrx_word' id='word_1_645' title='bbox 1763 5184 1954 5238; x_wconf 87' lang='lat' dir='ltr'><strong>perve-</strong></span> 
     </span>
    </p>
   </div>
   <div class='ocr_carea' id='block_1_94' title="bbox 371 5258 1951 5333">
    <p class='ocr_par' dir='ltr' id='par_1_94' title="bbox 371 5258 1951 5333">
     <span class='ocr_line' id='line_1_94' title="bbox 371 5258 1951 5333; baseline -0.004 -13"><span class='ocrx_word' id='word_1_646' title='bbox 371 5266 488 5333; x_wconf 85' lang='lat' dir='ltr'><strong>nit;</strong></span> <span class='ocrx_word' id='word_1_647' title='bbox 540 5263 750 5327; x_wconf 82' lang='lat' dir='ltr'><strong>decima</strong></span> <span class='ocrx_word' id='word_1_648' title='bbox 798 5272 994 5332; x_wconf 88' lang='lat' dir='ltr'><strong>quarta</strong></span> <span class='ocrx_word' id='word_1_649' title='bbox 1028 5275 1156 5316; x_wconf 88' lang='lat' dir='ltr'><strong>vero</strong></span> <span class='ocrx_word' id='word_1_650' title='bbox 1197 5261 1324 5316; x_wconf 81' lang='lat' dir='ltr'><strong>luna</strong></span> <span class='ocrx_word' id='word_1_651' title='bbox 1376 5259 1444 5314; x_wconf 87' lang='lat' dir='ltr'><strong>ad</strong></span> <span class='ocrx_word' id='word_1_652' title='bbox 1477 5258 1656 5313; x_wconf 87' lang='lat' dir='ltr'><strong>Martii</strong></span> <span class='ocrx_word' id='word_1_653' title='bbox 1701 5275 1812 5313; x_wconf 84' lang='lat' dir='ltr'><strong>xxu</strong></span> <span class='ocrx_word' id='word_1_654' title='bbox 1848 5277 1860 5312; x_wconf 94' lang='lat'>:</span> <span class='ocrx_word' id='word_1_655' title='bbox 1898 5258 1951 5314; x_wconf 83' lang='lat' dir='ltr'><strong>id</strong></span> 
     </span>
    </p>
   </div>
   <div class='ocr_carea' id='block_1_95' title="bbox 373 5350 1950 5428">
    <p class='ocr_par' dir='ltr' id='par_1_95' title="bbox 373 5350 1950 5428">
     <span class='ocr_line' id='line_1_95' title="bbox 373 5350 1950 5428; baseline -0.004 -18"><span class='ocrx_word' id='word_1_656' title='bbox 373 5356 520 5428; x_wconf 90' lang='lat' dir='ltr'><strong>quod</strong></span> <span class='ocrx_word' id='word_1_657' title='bbox 544 5371 689 5412; x_wconf 82' lang='lat' dir='ltr'><strong>attno</strong></span> <span class='ocrx_word' id='word_1_658' title='bbox 718 5356 854 5426; x_wconf 86' lang='lat' dir='ltr'><strong>cycli</strong></span> <span class='ocrx_word' id='word_1_659' title='bbox 886 5369 1072 5411; x_wconf 79' lang='lat' dir='ltr'><strong>Lxxxu</strong></span> <span class='ocrx_word' id='word_1_660' title='bbox 1102 5351 1398 5422; x_wconf 78' lang='lat' dir='ltr'><strong>contigisse</strong></span> <span class='ocrx_word' id='word_1_661' title='bbox 1422 5350 1747 5406; x_wconf 84' lang='lat' dir='ltr'><strong>Laterculus</strong></span> <span class='ocrx_word' id='word_1_662' title='bbox 1771 5351 1950 5406; x_wconf 88' lang='lat' dir='ltr'><strong>docet.</strong></span> 
     </span>
    </p>
   </div>
   <div class='ocr_carea' id='block_1_96' title="bbox 374 5441 1951 5514">
    <p class='ocr_par' dir='ltr' id='par_1_96' title="bbox 374 5441 1951 5514">
     <span class='ocr_line' id='line_1_96' title="bbox 374 5441 1951 5514; baseline -0.004 -10"><span class='ocrx_word' id='word_1_663' title='bbox 374 5450 506 5504; x_wconf 79' lang='lat' dir='ltr'><strong>Erat</strong></span> <span class='ocrx_word' id='word_1_664' title='bbox 547 5459 730 5505; x_wconf 89' lang='lat' dir='ltr'><strong>autem</strong></span> <span class='ocrx_word' id='word_1_665' title='bbox 778 5449 824 5503; x_wconf 90' lang='lat' dir='ltr'><strong>is</strong></span> <span class='ocrx_word' id='word_1_666' title='bbox 854 5461 1034 5503; x_wconf 88' lang='lat' dir='ltr'><strong>annus</strong></span> <span class='ocrx_word' id='word_1_667' title='bbox 1091 5459 1158 5500; x_wconf 80' lang='lat' dir='ltr'><strong>ex</strong></span> <span class='ocrx_word' id='word_1_668' title='bbox 1211 5443 1499 5514; x_wconf 87' lang='lat' dir='ltr'><strong>hypothesi</strong></span> <span class='ocrx_word' id='word_1_669' title='bbox 1554 5441 1801 5498; x_wconf 83' lang='lat' dir='ltr'><strong>Julianus</strong></span> <span class='ocrx_word' id='word_1_670' title='bbox 1847 5442 1951 5508; x_wconf 80' lang='lat'><strong>76&#39;,</strong></span> 
     </span>
    </p>
   </div>
   <div class='ocr_carea' id='block_1_97' title="bbox 374 5534 1957 5610">
    <p class='ocr_par' dir='ltr' id='par_1_97' title="bbox 374 5534 1957 5610">
     <span class='ocr_line' id='line_1_97' title="bbox 374 5534 1957 5610; baseline -0.004 -15"><span class='ocrx_word' id='word_1_671' title='bbox 374 5541 630 5610; x_wconf 76' lang='lat' dir='ltr'><strong>idemque</strong></span> <span class='ocrx_word' id='word_1_672' title='bbox 675 5539 954 5596; x_wconf 79' lang='lat' dir='ltr'><strong>Passionis</strong></span> <span class='ocrx_word' id='word_1_673' title='bbox 1001 5553 1202 5593; x_wconf 88' lang='lat' dir='ltr'><strong>annus.</strong></span> <span class='ocrx_word' id='word_1_674' title='bbox 1262 5535 1531 5602; x_wconf 86' lang='lat' dir='ltr'><strong>Quocirca</strong></span> <span class='ocrx_word' id='word_1_675' title='bbox 1591 5549 1788 5604; x_wconf 89' lang='lat' dir='ltr'><strong>passus</strong></span> <span class='ocrx_word' id='word_1_676' title='bbox 1851 5534 1957 5588; x_wconf 88' lang='lat' dir='ltr'><strong>erit</strong></span> 
     </span>
    </p>
   </div>
   <div class='ocr_carea' id='block_1_98' title="bbox 374 5622 1949 5692">
    <p class='ocr_par' dir='ltr' id='par_1_98' title="bbox 374 5622 1949 5692">
     <span class='ocr_line' id='line_1_98' title="bbox 374 5622 1949 5692; baseline -0.003 -11"><span class='ocrx_word' id='word_1_677' title='bbox 374 5631 626 5685; x_wconf 75' lang='lat' dir='ltr'><strong>Christus</strong></span> <span class='ocrx_word' id='word_1_678' title='bbox 659 5630 835 5684; x_wconf 84' lang='lat' dir='ltr'><strong>Martii</strong></span> <span class='ocrx_word' id='word_1_679' title='bbox 880 5644 1014 5683; x_wconf 67' lang='grc' dir='ltr'>χχιιι</span> <span class='ocrx_word' id='word_1_680' title='bbox 1044 5669 1057 5692; x_wconf 88' lang='grc'><em>,</em></span> <span class='ocrx_word' id='word_1_681' title='bbox 1109 5626 1244 5682; x_wconf 82' lang='lat' dir='ltr'><strong>feria</strong></span> <span class='ocrx_word' id='word_1_682' title='bbox 1289 5625 1538 5692; x_wconf 71' lang='lat' dir='ltr'><strong>vr,luna</strong></span> <span class='ocrx_word' id='word_1_683' title='bbox 1587 5622 1814 5679; x_wconf 85' lang='lat' dir='ltr'><strong>Judaica</strong></span> <span class='ocrx_word' id='word_1_684' title='bbox 1861 5639 1949 5690; x_wconf 81' lang='lat' dir='ltr'><strong>xv,</strong></span> 
     </span>
    </p>
   </div>
   <div class='ocr_carea' id='block_1_99' title="bbox 373 5715 1958 5792">
    <p class='ocr_par' dir='ltr' id='par_1_99' title="bbox 373 5715 1958 5792">
     <span class='ocr_line' id='line_1_99' title="bbox 373 5715 1958 5792; baseline -0.004 -14"><span class='ocrx_word' id='word_1_685' title='bbox 373 5722 592 5778; x_wconf 62' lang='lat' dir='ltr'><strong>Nicena</strong></span> <span class='ocrx_word' id='word_1_686' title='bbox 623 5737 720 5776; x_wconf 86' lang='lat' dir='ltr'><strong>xm</strong></span> <span class='ocrx_word' id='word_1_687' title='bbox 742 5760 757 5786; x_wconf 93' lang='lat'><strong>,</strong></span> <span class='ocrx_word' id='word_1_688' title='bbox 791 5735 913 5792; x_wconf 73' lang='lat' dir='ltr'><strong>qua:</strong></span> <span class='ocrx_word' id='word_1_689' title='bbox 954 5720 1143 5775; x_wconf 87' lang='lat' dir='ltr'><strong>eadem</strong></span> <span class='ocrx_word' id='word_1_690' title='bbox 1175 5716 1376 5785; x_wconf 88' lang='lat' dir='ltr'><strong>media,</strong></span> <span class='ocrx_word' id='word_1_691' title='bbox 1407 5731 1506 5773; x_wconf 82' lang='lat' dir='ltr'><strong>seu</strong></span> <span class='ocrx_word' id='word_1_692' title='bbox 1550 5715 1792 5773; x_wconf 60' lang='lat' dir='ltr'><strong>calcatis</strong></span> <span class='ocrx_word' id='word_1_693' title='bbox 1836 5722 1958 5772; x_wconf 83' lang='lat' dir='ltr'><strong>erat</strong></span> 
     </span>
    </p>
   </div>
   <div class='ocr_carea' id='block_1_100' title="bbox 2058 4797 3633 4862">
    <p class='ocr_par' dir='ltr' id='par_1_100' title="bbox 2058 4797 3633 4862">
     <span class='ocr_line' id='line_1_100' title="bbox 2058 4797 3633 4862; baseline 0 -10"><span class='ocrx_word' id='word_1_694' title='bbox 2058 4814 2248 4852; x_wconf 85' lang='lat' dir='ltr'><strong>verum</strong></span> <span class='ocrx_word' id='word_1_695' title='bbox 2291 4797 2453 4862; x_wconf 83' lang='lat' dir='ltr'><strong>foret,</strong></span> <span class='ocrx_word' id='word_1_696' title='bbox 2483 4799 2526 4852; x_wconf 91' lang='lat' dir='ltr'><strong>si</strong></span> <span class='ocrx_word' id='word_1_697' title='bbox 2559 4797 2728 4853; x_wconf 74' lang='lat' dir='ltr'><strong>Judaei</strong></span> <span class='ocrx_word' id='word_1_698' title='bbox 2785 4799 2994 4853; x_wconf 89' lang='lat' dir='ltr'><strong>lunaris</strong></span> <span class='ocrx_word' id='word_1_699' title='bbox 3039 4807 3095 4853; x_wconf 89' lang='lat' dir='ltr'><strong>et</strong></span> <span class='ocrx_word' id='word_1_700' title='bbox 3129 4798 3323 4854; x_wconf 89' lang='lat' dir='ltr'><strong>solaris</strong></span> <span class='ocrx_word' id='word_1_701' title='bbox 3370 4801 3502 4852; x_wconf 88' lang='lat' dir='ltr'><strong>anni</strong></span> <span class='ocrx_word' id='word_1_702' title='bbox 3552 4815 3633 4852; x_wconf 81' lang='lat' dir='ltr'><strong>ra-</strong></span> 
     </span>
    </p>
   </div>
   <div class='ocr_carea' id='block_1_101' title="bbox 2060 4888 3634 4945">
    <p class='ocr_par' dir='ltr' id='par_1_101' title="bbox 2060 4888 3634 4945">
     <span class='ocr_line' id='line_1_101' title="bbox 2060 4888 3634 4945; baseline 0.001 -1"><span class='ocrx_word' id='word_1_703' title='bbox 2060 4899 2172 4945; x_wconf 89' lang='lat' dir='ltr'><strong>tam</strong></span> <span class='ocrx_word' id='word_1_704' title='bbox 2216 4905 2281 4944; x_wconf 84' lang='lat' dir='ltr'><strong>ac</strong></span> <span class='ocrx_word' id='word_1_705' title='bbox 2327 4898 2664 4944; x_wconf 90' lang='lat' dir='ltr'><strong>constantem</strong></span> <span class='ocrx_word' id='word_1_706' title='bbox 2697 4892 2962 4945; x_wconf 89' lang='lat' dir='ltr'><strong>rationem</strong></span> <span class='ocrx_word' id='word_1_707' title='bbox 3003 4891 3320 4945; x_wconf 88' lang='lat' dir='ltr'><strong>tenuissent.</strong></span> <span class='ocrx_word' id='word_1_708' title='bbox 3362 4888 3467 4944; x_wconf 85' lang='lat' dir='ltr'><strong>Sed</strong></span> <span class='ocrx_word' id='word_1_709' title='bbox 3511 4908 3634 4945; x_wconf 90' lang='lat' dir='ltr'><strong>cum</strong></span> 
     </span>
    </p>
   </div>
   <div class='ocr_carea' id='block_1_102' title="bbox 2059 4981 3634 5053">
    <p class='ocr_par' dir='ltr' id='par_1_102' title="bbox 2059 4981 3634 5053">
     <span class='ocr_line' id='line_1_102' title="bbox 2059 4981 3634 5053; baseline 0 -16"><span class='ocrx_word' id='word_1_710' title='bbox 2059 4983 2128 5037; x_wconf 86' lang='lat' dir='ltr'><strong>ab</strong></span> <span class='ocrx_word' id='word_1_711' title='bbox 2155 4998 2218 5038; x_wconf 89' lang='lat' dir='ltr'><strong>ea</strong></span> <span class='ocrx_word' id='word_1_712' title='bbox 2247 4983 2508 5053; x_wconf 88' lang='lat' dir='ltr'><strong>majorem</strong></span> <span class='ocrx_word' id='word_1_713' title='bbox 2544 4985 2599 5038; x_wconf 91' lang='lat' dir='ltr'><strong>in</strong></span> <span class='ocrx_word' id='word_1_714' title='bbox 2620 4983 2839 5038; x_wconf 90' lang='lat' dir='ltr'><strong>modum</strong></span> <span class='ocrx_word' id='word_1_715' title='bbox 2867 4981 3205 5047; x_wconf 83' lang='lat' dir='ltr'><strong>deﬂexeriut,</strong></span> <span class='ocrx_word' id='word_1_716' title='bbox 3237 4995 3295 5037; x_wconf 88' lang='lat' dir='ltr'><strong>ut</strong></span> <span class='ocrx_word' id='word_1_717' title='bbox 3321 4985 3484 5053; x_wconf 84' lang='lat' dir='ltr'><strong>paulo</strong></span> <span class='ocrx_word' id='word_1_718' title='bbox 3517 4995 3634 5052; x_wconf 66' lang='lat' dir='ltr'><strong>p05!</strong></span> 
     </span>
    </p>
   </div>
   <div class='ocr_carea' id='block_1_103' title="bbox 2060 5074 3630 5144">
    <p class='ocr_par' dir='ltr' id='par_1_103' title="bbox 2060 5074 3630 5144">
     <span class='ocr_line' id='line_1_103' title="bbox 2060 5074 3630 5144; baseline 0 -16"><span class='ocrx_word' id='word_1_719' title='bbox 2060 5074 2284 5144; x_wconf 89' lang='lat' dir='ltr'><strong>copiose</strong></span> <span class='ocrx_word' id='word_1_720' title='bbox 2317 5074 2706 5141; x_wconf 87' lang='lat' dir='ltr'><strong>declarabitur,</strong></span> <span class='ocrx_word' id='word_1_721' title='bbox 2759 5075 2888 5141; x_wconf 89' lang='lat' dir='ltr'><strong>alia,</strong></span> <span class='ocrx_word' id='word_1_722' title='bbox 2937 5074 2984 5130; x_wconf 92' lang='lat' dir='ltr'><strong>si</strong></span> <span class='ocrx_word' id='word_1_723' title='bbox 3034 5075 3298 5144; x_wconf 87' lang='lat' dir='ltr'><strong>sapimus,</strong></span> <span class='ocrx_word' id='word_1_724' title='bbox 3331 5075 3630 5131; x_wconf 66' lang='lat' dir='ltr'><strong>insistendi</strong></span> 
     </span>
    </p>
   </div>
   <div class='ocr_carea' id='block_1_104' title="bbox 2057 5165 3628 5236">
    <p class='ocr_par' dir='ltr' id='par_1_104' title="bbox 2057 5165 3628 5236">
     <span class='ocr_line' id='line_1_104' title="bbox 2057 5165 3628 5236; baseline 0 -17"><span class='ocrx_word' id='word_1_725' title='bbox 2057 5165 2146 5220; x_wconf 79' lang='lat' dir='ltr'><strong>via</strong></span> <span class='ocrx_word' id='word_1_726' title='bbox 2171 5173 2273 5231; x_wconf 90' lang='lat' dir='ltr'><strong>est,</strong></span> <span class='ocrx_word' id='word_1_727' title='bbox 2307 5173 2370 5219; x_wconf 88' lang='lat' dir='ltr'><strong>ut</strong></span> <span class='ocrx_word' id='word_1_728' title='bbox 2416 5165 2742 5221; x_wconf 85' lang='lat' dir='ltr'><strong>auctoritate</strong></span> <span class='ocrx_word' id='word_1_729' title='bbox 2775 5168 2946 5236; x_wconf 81' lang='lat' dir='ltr'><strong>magis</strong></span> <span class='ocrx_word' id='word_1_730' title='bbox 2997 5165 3326 5235; x_wconf 81' lang='lat' dir='ltr'><strong>scriptorum</strong></span> <span class='ocrx_word' id='word_1_731' title='bbox 3367 5174 3628 5230; x_wconf 80' lang='lat' dir='ltr'><strong>veterum,</strong></span> 
     </span>
    </p>
   </div>
   <div class='ocr_carea' id='block_1_105' title="bbox 2057 5258 3628 5328">
    <p class='ocr_par' dir='ltr' id='par_1_105' title="bbox 2057 5258 3628 5328">
     <span class='ocr_line' id='line_1_105' title="bbox 2057 5258 3628 5328; baseline -0.001 -14"><span class='ocrx_word' id='word_1_732' title='bbox 2057 5274 2122 5314; x_wconf 89' lang='lat' dir='ltr'><strong>ac</strong></span> <span class='ocrx_word' id='word_1_733' title='bbox 2169 5273 2464 5324; x_wconf 87' lang='lat' dir='ltr'><strong>consensu,</strong></span> <span class='ocrx_word' id='word_1_734' title='bbox 2510 5272 2678 5328; x_wconf 89' lang='lat' dir='ltr'><strong>quam</strong></span> <span class='ocrx_word' id='word_1_735' title='bbox 2731 5266 2988 5314; x_wconf 88' lang='lat' dir='ltr'><strong>accurata</strong></span> <span class='ocrx_word' id='word_1_736' title='bbox 3046 5258 3351 5314; x_wconf 67' lang='lat' dir='ltr'><strong>caelestium</strong></span> <span class='ocrx_word' id='word_1_737' title='bbox 3388 5268 3628 5313; x_wconf 86' lang='lat' dir='ltr'><strong>motuum</strong></span> 
     </span>
    </p>
   </div>
   <div class='ocr_carea' id='block_1_106' title="bbox 2056 5350 2709 5419">
    <p class='ocr_par' dir='ltr' id='par_1_106' title="bbox 2056 5350 2709 5419">
     <span class='ocr_line' id='line_1_106' title="bbox 2056 5350 2709 5419; baseline 0.003 -15"><span class='ocrx_word' id='word_1_738' title='bbox 2056 5350 2419 5419; x_wconf 85' lang='lat' dir='ltr'><strong>descriptione</strong></span> <span class='ocrx_word' id='word_1_739' title='bbox 2449 5350 2709 5406; x_wconf 87' lang='lat' dir='ltr'><strong>nitamur.</strong></span> 
     </span>
    </p>
   </div>
   <div class='ocr_carea' id='block_1_107' title="bbox 2126 5440 3630 5512">
    <p class='ocr_par' dir='ltr' id='par_1_107' title="bbox 2126 5440 3630 5512">
     <span class='ocr_line' id='line_1_107' title="bbox 2126 5440 3630 5512; baseline 0.001 -18"><span class='ocrx_word' id='word_1_740' title='bbox 2126 5441 2196 5495; x_wconf 86' lang='lat' dir='ltr'><strong>At</strong></span> <span class='ocrx_word' id='word_1_741' title='bbox 2227 5457 2352 5498; x_wconf 86' lang='lat' dir='ltr'><strong>vero</strong></span> <span class='ocrx_word' id='word_1_742' title='bbox 2387 5440 2487 5496; x_wconf 81' lang='lat' dir='ltr'><strong>fuit</strong></span> <span class='ocrx_word' id='word_1_743' title='bbox 2522 5442 2615 5496; x_wconf 90' lang='lat' dir='ltr'><strong>illa</strong></span> <span class='ocrx_word' id='word_1_744' title='bbox 2646 5442 2884 5498; x_wconf 81' lang='lat' dir='ltr'><strong>maxime</strong></span> <span class='ocrx_word' id='word_1_745' title='bbox 2921 5442 3231 5498; x_wconf 83' lang='lat' dir='ltr'><strong>communis</strong></span> <span class='ocrx_word' id='word_1_746' title='bbox 3260 5441 3630 5512; x_wconf 82' lang='lat' dir='ltr'><strong>antiquiorum</strong></span> 
     </span>
    </p>
   </div>
   <div class='ocr_carea' id='block_1_108' title="bbox 2051 5531 3629 5604">
    <p class='ocr_par' dir='ltr' id='par_1_108' title="bbox 2051 5531 3629 5604">
     <span class='ocr_line' id='line_1_108' title="bbox 2051 5531 3629 5604; baseline -0.001 -15"><span class='ocrx_word' id='word_1_747' title='bbox 2051 5535 2280 5604; x_wconf 89' lang='lat' dir='ltr'><strong>opinio:</strong></span> <span class='ocrx_word' id='word_1_748' title='bbox 2331 5531 2614 5590; x_wconf 86' lang='lat' dir='ltr'><strong>Christum</strong></span> <span class='ocrx_word' id='word_1_749' title='bbox 2650 5533 2855 5591; x_wconf 87' lang='lat' dir='ltr'><strong>Tiberii</strong></span> <span class='ocrx_word' id='word_1_750' title='bbox 2892 5551 3037 5590; x_wconf 89' lang='lat' dir='ltr'><strong>anno</strong></span> <span class='ocrx_word' id='word_1_751' title='bbox 3079 5551 3209 5591; x_wconf 81' lang='lat' dir='ltr'><strong>xvut</strong></span> <span class='ocrx_word' id='word_1_752' title='bbox 3235 5579 3250 5601; x_wconf 90' lang='lat'><strong>,</strong></span> <span class='ocrx_word' id='word_1_753' title='bbox 3297 5533 3518 5590; x_wconf 83' lang='lat' dir='ltr'><strong>Juliano</strong></span> <span class='ocrx_word' id='word_1_754' title='bbox 3567 5533 3629 5588; x_wconf 79' lang='lat'><strong>78</strong></span> 
     </span>
    </p>
   </div>
   <div class='ocr_carea' id='block_1_109' title="bbox 2050 5621 3627 5698">
    <p class='ocr_par' dir='ltr' id='par_1_109' title="bbox 2050 5621 3627 5698">
     <span class='ocr_line' id='line_1_109' title="bbox 2050 5621 3627 5698; baseline 0.001 -20"><span class='ocrx_word' id='word_1_755' title='bbox 2050 5639 2274 5696; x_wconf 89' lang='lat' dir='ltr'><strong>passum</strong></span> <span class='ocrx_word' id='word_1_756' title='bbox 2303 5639 2461 5692; x_wconf 89' lang='lat' dir='ltr'><strong>esse;</strong></span> <span class='ocrx_word' id='word_1_757' title='bbox 2491 5625 2636 5695; x_wconf 90' lang='lat' dir='ltr'><strong>quod</strong></span> <span class='ocrx_word' id='word_1_758' title='bbox 2685 5621 3022 5698; x_wconf 71' lang='lat' dir='ltr'><strong>Epiphanius</strong></span> <span class='ocrx_word' id='word_1_759' title='bbox 3052 5627 3334 5697; x_wconf 71' lang='lat' dir='ltr'><strong>amplexus</strong></span> <span class='ocrx_word' id='word_1_760' title='bbox 3365 5636 3469 5689; x_wconf 79' lang='lat' dir='ltr'><strong>est,</strong></span> <span class='ocrx_word' id='word_1_761' title='bbox 3512 5641 3627 5682; x_wconf 84' lang='lat' dir='ltr'><strong>cum</strong></span> 
     </span>
    </p>
   </div>
   <div class='ocr_carea' id='block_1_110' title="bbox 2050 5714 3629 5790">
    <p class='ocr_par' dir='ltr' id='par_1_110' title="bbox 2050 5714 3629 5790">
     <span class='ocr_line' id='line_1_110' title="bbox 2050 5714 3629 5790; baseline 0.001 -20"><span class='ocrx_word' id='word_1_762' title='bbox 2050 5729 2255 5772; x_wconf 79' lang='lat' dir='ltr'><strong>annum</strong></span> <span class='ocrx_word' id='word_1_763' title='bbox 2286 5714 2439 5771; x_wconf 89' lang='lat' dir='ltr'><strong>illum</strong></span> <span class='ocrx_word' id='word_1_764' title='bbox 2471 5716 2796 5790; x_wconf 76' lang='lat' dir='ltr'><strong>designavit,</strong></span> <span class='ocrx_word' id='word_1_765' title='bbox 2847 5734 2956 5790; x_wconf 89' lang='lat' dir='ltr'><strong>quo</strong></span> <span class='ocrx_word' id='word_1_766' title='bbox 2989 5717 3246 5776; x_wconf 85' lang='lat' dir='ltr'><strong>Tiberius</strong></span> <span class='ocrx_word' id='word_1_767' title='bbox 3279 5735 3352 5785; x_wconf 74' lang='lat' dir='ltr'><strong>vn,</strong></span> <span class='ocrx_word' id='word_1_768' title='bbox 3396 5727 3451 5774; x_wconf 87' lang='lat' dir='ltr'><strong>et</strong></span> <span class='ocrx_word' id='word_1_769' title='bbox 3480 5718 3629 5790; x_wconf 58' lang='lat' dir='ltr'><strong>Scia-4</strong></span> 
     </span>
    </p>
   </div>
  </div>
