3832 6220
429 376 535 433 9'19.

1537 367 1888 429 APPENDIX
1927 363 2559 426 DISSERTATIONUM.

433 507 505 546 no
543 491 841 556 contigisse
866 489 1102 552 dixerat,
1138 503 1248 542 non
1293 487 1470 544 eidem
1510 500 1656 541 anno
1691 483 2012 539 Passionem
2041 487 2089 542 Δ
2118 500 2264 538 anno
2297 484 2388 538 illo
2420 484 2489 536 54
2528 484 2679 553 cyclo
2734 484 2876 538 lunae
2921 498 3038 548 xvi,
3075 481 3207 538 Solis
3250 497 3317 535 xv
3349 479 3701 534 nev-iluniu

430 580 714 635 tribuere?
744 579 1111 645 Quamobrem
1137 594 1204 633 ne
1253 577 1390 632 tanti
1438 575 1700 645 stuporis,
1742 581 1906 640 atque
1931 572 2016 625 in-

431 673 632 736 scitiae,
678 671 792 724 i-mo
839 669 1312 740 praevaricationis
1359 665 1673 737 gravissimi
1704 665 1783 718 illi
1822 662 2016 716 Patres

428 770 756 832 arguantur,
804 777 870 816 eo
914 762 1132 816 domum
1200 758 1516 816 necessario
1570 756 1907 822 redigimur,
1955 761 2017 806 ut

428 852 747 922 Phlegonti‘s
799 855 1173 908 testimonium
1207 851 1340 906 illud
1391 851 1587 904 vitiose
1636 849 1706 902 ab
1750 845 2013 910 librariis,

431 957 527 1002 aut-
571 946 906 1017 ﬂieronymo
939 947 1062 1016 ipso
1115 946 1366 1000 dicamus
1401 944 1455 997 in
1487 940 1778 996 Chronicis
1795 951 2018 1006 expres-

430 1055 584 1096 sunt.
606 1038 751 1092 Sane
783 1053 837 1090 In
883 1035 1074 1091 Graeco
1122 1036 1344 1090 Eusebii
1389 1033 1670 1096 Chronico,
1717 1045 1842 1098 pag.
1890 1025 2013 1089 “8‘.

430 1131 510 1183 ita
559 1129 821 1198 scriptum
892 1139 1028 1182 est:
1095 1125 1185 1195 Τῷ
1235 1126 1291 1178 δὲ
1349 1124 1459 1177 ἔτει
1514 1123 1615 1193 τῆς
1665 1120 1749 1190 οβ’·
1819 1117 2015 1186 Ὀλυμο

432 1221 646 1283 audcior
674 1229 732 1273 ut
762 1227 1021 1288 appareat
1047 1217 1302 1271 extritam
1335 1215 1506 1270 fuisse
1558 1210 1893 1267 uumeralem
1918 1223 2018 1262 no-

434 1323 568 1377 tam,
617 1327 715 1380 pro
763 1325 872 1379 qua
920 1317 1250 1378 anagnostes
1319 1305 1645 1375 Hieronymi-
1709 1299 1774 1367 δ’,
1830 1301 1883 1353 id
1925 1309 2018 1366 est

428 1412 688 1470 quartum
745 1415 953 1455 annum
1004 1398 1215 1469 legerit,
1260 1413 1385 1452 cum
1424 1404 1568 1451 esset
1601 1390 1916 1461 coniunctio
1934 1390 2012 1442 δέ.

429 1495 499 1546 At
527 1490 786 1560 Keplerus
804 1492 858 1544 in
876 1488 1086 1558 Eclogis
1109 1486 1458 1557 Phlegontem
1491 1483 1801 1552 suspicatur
1823 1480 1890 1534 de
1909 1479 2016 1532 alia

432 1582 568 1642 solis
598 1581 787 1652 eelipsi
817 1580 1082 1644 locutum,
1129 1593 1252 1648 quae
1283 1592 1429 1631 anno
1469 1575 1646 1646 primo
1685 1568 2016 1642 olymp.202

352 1701 381 1744 ι
432 1675 684 1744 contigit,
733 1671 871 1728 Nov.
928 1686 1079 1736 xxiv,
1128 1685 1277 1725 anno
1321 1667 1542 1722 J—uliano
1574 1667 1662 1732 74,
1704 1678 1934 1736 quaeque
1958 1662 2014 1716 in

431 1766 586 1830 Asia,
612 1765 698 1820 vel
733 1765 892 1836 Syria
929 1764 1115 1820 totalis
1144 1763 1268 1828 fuit,
1297 1763 1432 1817 hora
1461 1775 1589 1826 una,
1618 1770 1781 1828 atque
1840 1757 2014 1812 altera

2119 595 2308 633 verum
2345 581 2536 633 incidit
2571 580 2626 632 in
2650 578 2828 632 Martii
2859 595 2935 643 tx,
2970 578 3124 634 horis
3155 593 3183 627 v
3205 592 3328 631 cum
3357 577 3566 631 triente
3595 573 3705 630 fere

2118 686 2147 723 a
2185 670 2360 722 media
2415 679 2593 733 nocte,
2645 678 2772 724 octo
2808 671 3030 724 circiter
3078 669 3227 724 horis
3283 676 3408 737 post
3456 665 3702 720 mediam

2114 759 2580 826 conjunctionem,
2615 774 2738 828 qua:
2762 739 2944 813 veram
2972 757 3282 821 antecessit,
3304 758 3358 810 in
3390 752 3708 808 meridiano

2115 845 2634 918 Hierosolymitauo.
2670 847 2855 917 Quare
2905 847 3102 902 falsum
3155 856 3238 901 est
3277 846 3435 901 tertio
3474 844 3707 897 demum

2113 941 2223 1004 die,
2246 943 2350 996 hoc
2369 951 2452 996 est
2480 957 2555 996 xu
2583 941 2785 1006 Martii,
2814 941 3158 996 neomeniam
3186 955 3303 994 esse
3325 939 3601 992 deﬁxam.

2183 1033 2304 1086 Col.
2331 1031 2434 1086 955
2468 1033 2528 1086 C.
2555 1033 2782 1102 Πάσχει
2804 1032 2954 1086 δὲέν
2969 1031 3041 1100 τῇ
3057 1031 3168 1100 πρὸ
3180 1029 3530 1097 δεκατριῶν.
3552 1025 3709 1081 Nulla

2119 1121 2337 1192 Sibylla:
2360 1121 2509 1188 folia,
2539 1140 2712 1192 neque
2743 1122 3003 1194 Sphingis
3043 1122 3323 1190 {enigmata
3347 1135 3479 1174 cum
3505 1134 3710 1172 eorum

2117 1231 2242 1284 qua:
2261 1225 2564 1284 sequuntur
2589 1215 2923 1269 obscuritate
2939 1213 3173 1268 conferri
3190 1223 3414 1283 possunt
3433 1231 3450 1265 :
3493 1225 3630 1280 qua
3645 1225 3713 1265 ne

2116 1305 2205 1359 ille
2242 1305 2460 1379 quidem
2509 1306 2919 1360 eruditissimus
2948 1305 3362 1358 mathematicus
3399 1315 3712 1358 assecutus

2115 1406 2224 1461 est,
2251 1398 2342 1467 qui
2370 1399 2513 1451 hunc
2535 1398 2746 1468 cyclum
2776 1397 3132 1451 solertissime
3153 1396 3469 1451 declaravit.
3499 1397 3566 1450 In
3611 1395 3716 1464 pri-

2115 1486 2221 1541 mis
2244 1487 2387 1541 enim
2413 1485 2630 1542 Judzeos
2657 1487 2733 1540 ait
2763 1486 3083 1557 ὑπερὸἀσει,
3109 1486 3210 1541 hoc
3224 1497 3304 1540 est
3333 1486 3714 1540 translatione

2116 1576 2328 1632 Pascha
2347 1578 2722 1645 submovisse;
2749 1577 3027 1632 Christum
3056 1592 3185 1631 vero
3213 1593 3430 1647 passum
3451 1576 3599 1630 luna
3622 1590 3713 1628 xiv

2117 1668 2407 1737 νυκτερινῇ
2427 1667 2587 1737 μέσῃ.
2607 1667 2818 1736 Optime
2836 1665 3292 1736 Kepleruslunam
3310 1663 3713 1720 hicNicamam

2117 1758 2388 1827 intelligit.
2436 1756 2639 1813 Passus
2679 1765 2760 1812 est
2805 1768 3016 1822 autem,
3051 1766 3109 1811 ut
3135 1759 3302 1812 credit
3327 1757 3712 1828 Epiphanius,

433 1865 560 1912 ante
588 1830 888 1910 meridiem.
916 1853 1070 1921 Quod
1093 1869 1218 1909 eum
1263 1852 1577 1916 Africa-nus,
1603 1859 1658 1904 et
1682 1849 1772 1902 alii
1801 1848 1865 1900 ad
1891 1862 2012 1900 eam
2042 1830 2087 1885 Β
2121 1865 2221 1904 xm
2253 1849 2372 1904 Kal.
2404 1851 2558 1920 Apr.,
2589 1851 2641 1905 id
2668 1859 2752 1905 est
2783 1849 2959 1904 Martii
2984 1867 3074 1904 xx.
3107 1850 3267 1920 Atqui
3298 1851 3429 1904 luna
3463 1860 3594 1904 tum
3621 1848 3714 1902 Pii-

433 1947 798 2018 olympiadem
821 1987 835 2010 ,
871 1961 982 2016 qua
1033 1961 1226 2015 passus
1275 1953 1361 1999 est
1397 1941 1684 2005 Dominus,
1720 1940 2013 1995 convenire

432 2049 736 2101 cernerent,
765 2039 909 2094 idem
940 2038 1074 2092 illud
1103 2035 1406 2106 deliquium
1439 2034 1571 2090 solis
1607 2047 1729 2088 esse
1755 2031 1856 2086 sibi
1892 2045 2014 2100 per-

433 2139 754 2196 waserunt,
783 2130 950 2200 quod,
982 2127 1204 2183 Christo
1231 2127 1496 2198 patiente,
1542 2134 1736 2194 praeter
1756 2131 2011 2175 naturam

431 2230 710 2280 evenerat.
737 2221 1028 2276 Postremo
1061 2235 1188 2275 cum
1217 2218 1477 2275 obductio
1503 2217 1593 2270 illa
1616 2216 1756 2270 lucis
1787 2224 2013 2268 natura-

432 2313 502 2370 lis
531 2329 639 2369 non
681 2312 870 2378 fuerit,
896 2326 1074 2381 neque
1098 2325 1166 2365 ex
1203 2307 1606 2364 mathematicis
1629 2306 1828 2360 tabulis
1857 2306 2013 2358 iuda-

433 2405 548 2474 gari
574 2403 831 2474 potuerit,
866 2417 972 2456 non
1005 2399 1224 2456 aliunde
1253 2399 1515 2470 Phlegon,
1549 2398 1595 2453 si
1627 2397 1746 2466 ejus
1774 2396 2010 2448 mentio-

431 2513 556 2556 nem
591 2497 791 2568 attigit,
825 2512 992 2566 quam
1045 2512 1110 2550 ex
1151 2496 1382 2550 aliorum
1425 2494 1808 2550 testilicatione
1861 2490 2007 2544 illam

429 2589 701 2657 comperit
726 2606 747 2641 :-
776 2587 831 2643 in
862 2603 972 2656 quo
1005 2585 1163 2641 facile
1189 2586 1346 2641 locus
1381 2584 1555 2639 errori
1591 2582 1715 2647 fuit,
1761 2591 1817 2636 ut
1875 2583 2011 2636 alter

431 2695 532 2751 pro
566 2681 738 2735 altero
791 2695 972 2734 annus
1023 2679 1092 2733 ab
1141 2695 1208 2733 eo
1259 2677 1713 2734 substitueretur.
1749 2675 1908 2729 Aliud
1941 2690 2010 2728 ex

429 2770 674 2842 Dionysii
709 2771 1047 2841 Areopagita:
1082 2769 1311 2826 historia
1333 2769 1474 2825 solet
1506 2768 1693 2838 objici.
1731 2767 1829 2820 llic
1862 2766 2006 2820 enim

430 2862 589 2930 epist.
635 2877 712 2916 vit
762 2862 831 2916 ad
867 2859 1225 2932 Polycarpum
1261 2877 1543 2930 exponens
1573 2876 1694 2930 quae
1733 2860 1852 2928 ipso
1881 2858 2012 2912 Pas-

431 2953 607 3009 sionis
637 2961 884 3024 tempore
915 2969 1040 3008 cum
1071 2953 1447 3022 Apollophane
1480 2951 1746 3021 Heliopoli
1776 2951 2006 3012 viderat.

430 3044 789 3112 plenilunium
818 3054 948 3100 tunc
993 3044 1164 3099 fuisse
1204 3045 1496 3114 signiﬁcat.
1538 3042 1673 3096 Nam
1716 3051 1836 3112 post
1875 3041 2009 3096 ecli-

428 3136 577 3206 psin,
610 3136 705 3190 καὶ
735 3136 834 3206 τὴν
861 3135 1280 3207 ὲπιπρόσθησιν,
1309 3137 1389 3198 εἰς
1417 3135 1476 3188 τὸ
1507 3135 1602 3188 τοῦ
1636 3134 1787 3206 ἡλίου
1816 3134 2008 3204 διάμε-

427 3246 557 3301 τρον
579 3227 1037 3298 ἀντικαταστῆναι
1072 3227 1258 3281 lunam
1294 3227 1514 3290 asserit,
1549 3227 1650 3280 hoc
1677 3238 1760 3280 est
1784 3227 1843 3282 in.
1878 3239 2005 3279 eum

429 3319 553 3375 (teli
610 3319 793 3374 locum
845 3318 1181 3385 pervenisse,
1212 3319 1306 3387 qui
1342 3333 1372 3372 e
1411 3317 1676 3371 diametro
1725 3316 1892 3371 solem
1922 3332 2011 3370 re-

427 3411 683 3480 spiceret.
707 3409 810 3466 Sed
841 3426 904 3466 ex
948 3410 1053 3464 illis
1092 3409 1336 3480 Dionysii
1364 3409 1542 3463 verbis
1564 3408 1698 3461 nihil
1732 3408 1798 3462 de
1836 3407 2011 3477 pleni-

427 3501 580 3555 hunc
628 3501 934 3572 colligitur;
987 3510 1046 3556 ut
1103 3501 1249 3556 enim
1317 3500 1503 3554 lunam
1551 3509 1682 3553 tunc
1729 3499 2010 3577 ἀμφίκυρο

423 3606 518 3644 ⁴εον
550 3591 718 3652 {tuisse
754 3594 967 3659 demus,
991 3609 1115 3647 cum
1147 3611 1214 3647 ea
1249 3599 1373 3663 post
1397 3590 1795 3660 ἐπιπρόσθησιν
1830 3590 2010 3660 pristi-

427 3696 559 3734 num
592 3681 659 3737 ad
687 3680 865 3734 locum
916 3683 1314 3752 regrederetur,
1346 3695 1442 3753 per
1469 3695 1588 3733 eam
1621 3680 1744 3735 coeli
1770 3680 2006 3750 plagam,

428 3787 552 3841 quae
585 3771 686 3826 soli
719 3788 784 3826 ex
804 3772 1033 3826 adverso
1067 3783 1186 3827 erat
1214 3771 1496 3842 opposita;
1520 3771 1805 3826 transiisse
1828 3771 2006 3824 solum

427 3865 654 3928 dicitur,
695 3879 801 3918 non
833 3869 885 3918 in
923 3879 987 3919 ea
1014 3865 1351 3920 constitisse.
1376 3863 1508 3920 Plus
1537 3863 1682 3919 cuitu
1721 3861 2008 3917 dimidiato

430 3958 564 4014 orbe
607 3959 896 4029 percurrit.
942 3957 1211 4023 Quocirca
1243 3958 1379 4011 nihil
1411 3959 1657 4027 estquod
1694 3955 2005 4028 Epi‘plianii,

426 4050 671 4119 adeoque
712 4051 991 4105 communi
1042 4050 1394 4119 antiquorum
1442 4048 1664 4104 Patrum
1721 4060 2007 4106 sententia:

423 4142 494 4198 de
525 4157 655 4197 vero
706 4141 988 4198 Passionis
1022 4157 1168 4197 anno
1201 4145 1478 4214 negotium
1526 4143 1786 4198 facessat.
1849 4142 2004 4198 Nunc

424 4235 666 4294 auctoris
718 4235 882 4290 verba
936 4235 1253 4310 singillatim
1287 4237 1697 4306 expendemus;
1740 4238 1784 4290 si
1827 4237 2002 4305 prius,

423 4328 570 4397 quod
623 4329 1016 4401 propemodum
1042 4329 1340 4393 exciderat,
1397 4327 1613 4384 Onufrii
1650 4347 1718 4384 ex
1765 4330 2004 4386 Gauricu

424 4419 755 4479 sententiam,
815 4421 882 4475 de
933 4420 1140 4476 Christi
1193 4419 1460 4476 Passione
1516 4422 1850 4478 refellamus.
1903 4422 2004 4479 Hic

2117 1957 2288 2006 creua,
2330 1943 2521 1998 eodem
2550 1941 2856 2013 Epiphanio
2885 1952 3131 2004 auctore.
3170 1942 3271 1998 fuit
3305 1960 3428 2010 xm,
3469 1944 3592 1998 sub
3625 1960 3715 1996 ve-

2115 2049 2333 2104 speram
2374 2045 2555 2089 autem
2588 2037 2751 2104 tmpit
2783 2050 2896 2099 xiv,
2932 2050 3056 2089 cum
3096 2034 3149 2089 iu
3180 2035 3331 2105 cyclo
3355 2034 3608 2089 Judaica
3635 2035 3716 2086 vi-

2113 2129 2256 2184 tioso
2282 2138 2429 2183 esset
2465 2145 2555 2194 xv,
2591 2139 2851 2198 sequente
2881 2145 2995 2186 xvt.
3025 2128 3128 2184 Sed
3151 2129 3272 2182 καθ’
3299 2127 3624 2197 ὑπέρϐασιν
3651 2127 3717 2180 ab

2116 2217 2312 2272 iisdem
2357 2233 2442 2270 xiv
2485 2215 2628 2270 facta
2669 2225 2770 2280 est,
2806 2232 2929 2271 cum
2961 2218 3016 2269 in
3049 2232 3169 2270 eam
3201 2215 3413 2271 Pascha
3445 2217 3716 2285 traiecis-

2115 2317 2256 2365 sent.
2287 2308 2490 2364 Verum
2533 2310 2599 2364 de
2643 2311 2744 2364 hac
2789 2310 3091 2379 posteriore
3119 2309 3289 2378 accipi
3323 2324 3433 2363 non
3467 2318 3673 2377 potest
3703 2327 3716 2360 ς

2114 2403 2242 2471 quia
2273 2403 2592 2473 νυκτερινήν
2615 2402 2764 2457 illam
2798 2410 2970 2456 vocat.
2990 2400 3194 2456 Iudaeis
3217 2416 3346 2455 vero
3373 2410 3506 2469 post
3543 2401 3717 2470 μετὰ·

2115 2495 2271 2547 ϐασιν
2295 2511 2382 2548 xiv
2407 2494 2568 2549 desiit
2591 2495 2643 2549 in
2670 2512 2767 2549 xv:
2789 2497 3016 2566 ideoque
3049 2495 3150 2549 fuit
3173 2497 3404 2566 ἡμερινή
3436 2512 3541 2548 xv.
3570 2494 3718 2548 Fieri

2113 2594 2315 2657 potest,
2347 2594 2405 2638 ut
2426 2587 2861 2641 emendationem
2887 2588 2976 2641 hic
3007 2589 3159 2642 locus
3188 2589 3385 2656 potius,
3410 2603 3601 2655 quam
3629 2589 3720 2640 in-

2113 2676 2556 2744 terpretatiouem
2586 2678 2861 2745 requirat:
2890 2678 3282 2747 legendumque
3301 2679 3406 2741 sit;
3436 2694 3719 2746 29:52::-

2111 2765 2311 2836 δεκάτη
2336 2767 2568 2839 ἡμερινὴ
2602 2769 2762 2839 μέση·
2808 2769 2909 2824 hoc
2929 2779 3013 2824 est
3042 2773 3164 2822 luna
3192 2785 3306 2829 χιιι,
3331 2785 3455 2838 qua:
3482 2771 3565 2821 ab
3591 2781 3719 2822 ort

2113 2860 2246 2913 solis
2278 2860 2485 2930 incipit,
2523 2861 2758 2926 labente,
2794 2862 2904 2915 ituo
2938 2861 3247 2932 μεσαξοὺσῃ
3278 2862 3381 2915 sub
3408 2861 3718 2914 meridiem

2111 2952 2363 3007 videlicet
2413 2952 2541 3017 diei,
2590 2968 2700 3022 quo
2742 2953 2974 3007 civiliter
3027 2969 3123 3007 χιιι
3168 2953 3291 3006 luna
3340 2962 3717 3006 numeratur.

2111 3042 2266 3110 Quod
2304 3044 2409 3098 nisi
2434 3044 2507 3098 ita
2533 3053 2637 3109 est,
2671 3044 2804 3098 nihil
2845 3045 3086 3099 occurrit
3123 3045 3319 3112 aptius,
3348 3057 3528 3112 quam
3561 3044 3718 3113 quod

2117 3133 2346 3203 Keplero
2386 3135 2610 3207 placuit,
2653 3135 2919 3189 decimam
2966 3146 3210 3204 quartam
3251 3133 3572 3197 Nieeenam,
3623 3149 3717 3187 vo-

2116 3225 2231 3280 cari
2272 3241 2406 3292 xm;
2447 3226 2590 3296 quod
2635 3227 2686 3280 in
2738 3243 2856 3281 eam
2893 3237 3106 3280 noctem
3138 3227 3367 3288 desinat,
3399 3244 3428 3277 ει
3461 3242 3590 3295 qua
3625 3242 3717 3278 xiv

2114 3315 2328 3368 initium
2362 3318 2605 3386 accepit:
2639 3317 3097 3385 quemadmodum
3121 3317 3238 3370 dies
3267 3317 3620 3385 Azymorum
3646 3316 3717 3368 al-

2112 3408 2460 3477 evangelistis
2494 3407 2793 3463 Paraseeve
2836 3411 2950 3477 ipsa
2985 3407 3289 3474 Paschatis,
3329 3407 3445 3461 sive
3483 3408 3714 3461 decima

2112 3507 2306 3568 quarta
2348 3499 2554 3554 mensis
2590 3500 2895 3571 appellatur
2921 3500 3063 3553 κατὰ
3094 3498 3380 3570 πρόληψιν.
3433 3497 3556 3552 Sed
3591 3507 3712 3550 tum

2115 3590 2256 3662 μέση
2291 3606 2417 3656 vox,
2449 3591 2495 3646 si
2523 3591 2804 3646 meridiem
2831 3591 3120 3662 signiﬁcet,
3151 3606 3339 3660 parum
3363 3599 3494 3656 apte
3515 3591 3713 3644 τοδε·

2110 3683 2270 3738 rebit.
2304 3681 2420 3736 Non
2453 3683 2597 3737 enim
2631 3692 2717 3738 est
2753 3681 3039 3754 νυκτερινὴ
3082 3681 3245 3752 μέση,
3293 3696 3416 3750 quas
3467 3681 3712 3735 nonnisi

2110 3783 2236 3846 post
2263 3790 2544 3844 vesperam
2573 3775 2758 3845 erepit.
2807 3775 2913 3829 Sed
2955 3789 3134 3844 neque
3165 3773 3373 3828 medios
3407 3773 3476 3826 ad
3513 3783 3712 3827 motus

2110 3870 2510 3925 astronomicos
2554 3884 2674 3923 mea
2724 3870 2992 3924 sententia
3041 3867 3282 3937 respexit
3324 3865 3710 3936 Epiphanius.

2111 3961 2476 4028 Quamobrem
2501 3962 2561 4015 τὸ
2593 3963 2731 4034 μέση
2757 3962 2946 4017 abesse
2974 3977 3069 4032 per
3092 3977 3178 4016 me
3203 3959 3421 4030 quidem
3450 3969 3672 4028 potest.

2181 4053 2318 4108 ibid.
2348 4055 2694 4122 Προέλαϐον
2724 4054 2854 4124 γὰρ,
2892 4055 2990 4108 καὶ
3010 4054 3257 4124 ἔφαγον.
3278 4053 3375 4108 llic
3402 4055 3497 4107 ille
3522 4055 3708 4109 nodus

2107 4157 2190 4204 est
2208 4146 2601 4218 propemodum
2618 4146 3029 4208 inextricabilis,
3045 4161 3206 4214 quem
3226 4145 3598 4222 acutissimus
3617 4147 3708 4200 ille

2107 4241 2529 4296 mathematicus
2573 4255 2682 4294 non
2715 4238 2986 4294 dissolvit.
3029 4235 3120 4292 Sic
3164 4237 3309 4292 enim
3357 4238 3708 4307 interpreta-

2107 4341 2195 4387 tur
2229 4353 2242 4388 :
2274 4334 2527 4389 Christus
2562 4349 2686 4388 cum
2721 4331 2924 4388 Judaeis
2950 4330 3282 4402 quibusdam
3312 4327 3535 4384 Pascha
3567 4331 3708 4385 obiit

2108 4424 2235 4478 luna
2271 4423 2497 4479 Judaica
2532 4425 2728 4478 vitiosa
2770 4441 2859 4478 xtv
2895 4433 3146 4487 exeunte,
3182 4421 3408 4479 Nicena
3439 4437 3548 4486 xit,
3595 4423 3706 4477 hoc

421 4510 567 4564 enim
607 4526 732 4570 cum
767 4527 912 4567 anno
940 4529 1062 4568 tera:
1089 4511 1442 4589 Dionysiana:
1473 4515 1542 4568 54
1567 4514 1714 4568 illam
1739 4517 2004 4571 acci.dis:e
2032 4532 2081 4589 ι)
2115 4524 2200 4569 est
2224 4530 2312 4568 xtv
2345 4513 2466 4569 Kal.
2508 4516 2662 4584 Apr.,
2696 4515 2866 4584 pridie
2909 4516 3028 4584 ejus
3070 4515 3176 4569 diei
3212 4530 3323 4584 quo
3349 4530 3559 4584 passus
3591 4525 3703 4570 est.

421 4602 727 4666 conﬁrmet,
757 4603 937 4658 Martii
967 4621 1116 4670 xxvr,
1141 4607 1270 4660 luna
1300 4623 1456 4674 xvut,
1491 4624 1613 4677 quae
1648 4611 2004 4665 antecedente

423 4693 790 4762 vesperajam
839 4695 1094 4758 inchoata
1131 4697 1330 4764 fuerat,
1371 4699 1590 4754 Judzeos
1628 4703 1825 4756 asserit
1867 4719 2000 4757 neo-

419 4784 658 4842 meniam
690 4801 849 4840 nona
882 4787 1031 4843 coitu
1060 4787 1434 4855 luminarium,
1475 4792 1567 4847 sed
1603 4809 1633 4846 a
1668 4795 2000 4850 corniculata

417 4875 594 4947 eﬁigie
623 4878 884 4948 cozpisse,
929 4881 1034 4935 hoc
1056 4889 1145 4938 est.
1163 4881 1322 4935 tertio
1355 4881 1442 4937 die
1468 4893 1588 4952 post
1620 4885 1960 4940 novilunium
1983 4905 1996 4916 ο

415 4967 572 5040 quod
600 4985 654 5022 ix
685 4971 773 5024 die
805 4968 984 5025 Martii
1017 4972 1169 5030 circa
1195 4973 1328 5029 solis
1354 4989 1611 5031 occasum
1643 4980 1999 5037 commissum

415 5070 520 5116 est.
579 5061 733 5116 Unde
787 5063 966 5124 civilis
1018 5079 1209 5119 eorum
1259 5069 1544 5124 neomenia
1594 5069 1703 5130 ἀπὸ
1755 5072 1852 5142 τῆς
1892 5074 2000 5141 φά-

418 5167 558 5215 σεως
591 5151 714 5208 iniit
747 5151 930 5212 Martii
958 5169 1056 5209 xtt.
1091 5156 1258 5226 Igitur
1297 5157 1507 5214 decima
1548 5161 1738 5230 quinta
1770 5163 2000 5221 incurrit

416 5243 473 5297 in
499 5258 633 5299 xxvi,
650 5243 848 5298 Martii.
876 5243 1001 5300 llaec
1033 5245 1318 5304 Onufrius.
1355 5248 1488 5318 Quae
1514 5267 1640 5307 cum
1669 5269 1735 5308 ex
1769 5253 1996 5314 Judaica

414 5331 671 5387 doctrina
689 5333 942 5390 hausisse
981 5350 1040 5390 se
1067 5336 1408 5406 proﬁteatur,
1441 5341 1677 5396 multum
1706 5352 1890 5398 tamen
1926 5345 1996 5400 ab

415 5439 479 5478 ea
501 5423 834 5494 discrepant.
858 5425 1045 5498 Neque
1077 5430 1224 5484 enim
1265 5435 1554 5489 neomenia
1590 5450 1716 5490 cum
1747 5436 1856 5489 ἀπὸ
1892 5437 1993 5510 τῆς

413 5515 630 5584 φάσεως
663 5519 1104 5601 constitueretur,
1127 5525 1311 5583 triduo.
1331 5525 1400 5581 ab
1419 5542 1548 5587 vero
1579 5529 1725 5584 coitu
1751 5546 1991 5601 unquam

413 5605 609 5671 abfuit,
643 5609 737 5663 sed
783 5599 892 5666 uno
915 5612 982 5668 ad
1037 5629 1306 5672 summam
1343 5620 1431 5675 die
1459 5629 1582 5689 post
1635 5621 1785 5682 illum
1815 5599 1993 5683 civilis

413 5699 700 5760 neomenia
726 5699 1035 5759 denuntiari
1085 5708 1314 5772 solebat.
1346 5720 1405 5766 ut
1454 5727 1520 5767 ex
1552 5712 1618 5766 R.
1657 5712 1806 5769 Mose
1857 5733 1991 5771 con-

414 5798 544 5850 stat.
578 5789 652 5847 De
672 5807 783 5861 quo
818 5792 935 5849 vide
969 5794 1220 5854 Glossam
1251 5817 1371 5872 cap.
1414 5805 1439 5857 1
1495 5804 1789 5860 Kiddusc/t.
1826 5810 1988 5879 Atqui

2106 4607 2282 4660 Biduo
2334 4607 2502 4675 igitur
2534 4607 2810 4662 Niezeuam
2852 4609 3037 4662 lunam
3089 4608 3430 4677 anticipaiit.
3479 4606 3703 4662 Idcirco

2107 4700 2429 4772 προέλαϐον,
2464 4703 2638 4770 inquit
2665 4702 3021 4772 Epiphanius,
3053 4703 3146 4755 καὶ
3169 4702 3372 4770 ἔφαγον
3405 4701 3465 4754 τὺ
3495 4702 3701 4771 Πάσχα

2103 4793 2271 4848 biduo
2300 4801 2424 4846 ante
2451 4794 2751 4862 legitimum
2779 4805 3013 4861 tempus,
3045 4793 3191 4862 quod
3210 4802 3328 4846 erat
3351 4807 3440 4844 xiv
3467 4789 3698 4846 Nic-aena

2105 4885 2304 4940 cadens
2335 4885 2386 4938 in
2418 4900 2494 4938 xu
2529 4883 2643 4938 Kal.
2669 4883 2838 4949 Quasi
2861 4886 2973 4938 haec
2996 4885 3182 4948 verba,
3207 4883 3534 4955 προέλαὸον,
3564 4895 3695 4946 etc...

2103 4990 2211 5029 non
2263 4975 2330 5030 de
2367 4973 2570 5029 Iudaeis
2613 4975 2868 5029 erunibus
2913 4969 3230 5044 accipienda
3277 4973 3421 5037 sint,
3472 4975 3578 5028 sed
3631 4978 3697 5029 de

2101 5067 2324 5125 Christo,
2346 5078 2401 5122 et
2428 5068 2711 5138 apostolis,
2745 5083 2810 5122 ac
2841 5068 2887 5121 si
2934 5067 3028 5136 qui
3057 5077 3186 5122 sunt
3217 5066 3334 5132 alii,
3374 5065 3469 5135 qui
3513 5067 3695 5135 majo-

2102 5173 2221 5215 rum
2258 5160 2397 5213 ritus
2424 5159 2856 5216 observaverint.
2890 5155 3026 5211 Nam
3057 5156 3203 5226 quod
3235 5157 3304 5211 ad
3347 5153 3578 5210 Iudaeos
3610 5173 3693 5209 re-

2099 5249 2282 5320 liquos
2309 5251 2527 5318 attinet,
2551 5249 2764 5310 Pascha
2794 5265 2952 5304 suum
2984 5250 3037 5302 in
3069 5257 3344 5318 posterum
3373 5247 3546 5310 diem,
3587 5247 3690 5300 hoc

2097 5353 2180 5399 est
2204 5359 2301 5400 xm
2329 5343 2599 5414 Kal.,quo
2639 5359 2836 5422 passus
2865 5352 2950 5399 est
2977 5341 3256 5404 Christus,
3286 5342 3407 5394 καθ’
3437 5341 3686 5412 ὑπέρδα-

2099 5455 2183 5490 σιν
2225 5439 2581 5507 traiecerunt.
2631 5439 2784 5494 Unde
2817 5453 2925 5498 non
2955 5439 3143 5503 biduo,
3195 5447 3254 5491 ut
3294 5436 3408 5501 alii,
3441 5436 3538 5490 sed
3575 5451 3682 5487 uno

2098 5541 2311 5586 tantum
2340 5532 2428 5602 die
2456 5530 2734 5586 Nicaeuam
2781 5548 2870 5586 xtv
2913 5531 3368 5600 anticipaverunt,
3410 5529 3544 5598 quia
3582 5524 3679 5580 Ju-

2095 5622 2252 5680 daica
2284 5622 2479 5676 vitiosa
2524 5639 2612 5687 xv,
2661 5621 2879 5702 Nieama
2929 5635 3028 5673 xm
3078 5619 3448 5673 celebrarunt.
3498 5615 3679 5681 Quare

2095 5715 2316 5786 scripsit
2363 5713 2725 5785 Epiphanius,
2787 5711 3247 5783 ὑπερϐεϐηκότων
3304 5711 3486 5765 αὐτῶν
3550 5711 3675 5778 μίαν

2094 5807 2329 5878 ἡμέραν·
2362 5807 2508 5878 quod
2538 5815 2592 5865 et
2632 5807 2832 5877 reperit
2865 5823 3015 5864 nunt.
3048 5806 3137 5862 27.
3185 5807 3380 5863 Verum
3417 5806 3565 5878 quod
3593 5820 3678 5861 se-
