3832 6220
119 360 234 420 981

1061 370 1149 426 DE
1188 373 1386 430 AN-l‘iO'
1415 375 1502 432 ET
1544 377 1655 432 DIE
1715 378 2066 437 DOMINICIE
2107 379 2484 438 PASSIONIS.

3307 381 3413 438 932

121 481 358 549 quitur,
391 479 526 537 feria
559 485 718 540 tertia
751 483 960 544 Pascha
986 494 1309 562 comedisse,
1338 499 1481 568 quod
1514 499 1650 556 feria
1681 519 1714 557 v
1743 511 1790 568 Α
1817 503 1925 559 hoc
1957 513 2142 560 tamen
2175 504 2489 576 signiﬁcare
2540 502 2773 568 videtur,
2821 496 3039 557 Iudaeos
3093 502 3406 564 nonnullus,

121 569 340 626 fa‘ctum
368 577 628 643 oportuit,
662 577 715 632 in
749 594 912 649 quam
948 599 1036 637 xtv
1069 586 1197 640 luna
1239 587 1505 659 (Iudaica,
1547 602 1601 648 et
1640 595 1720 649 vi-

121 663 299 733 tiosa)
328 678 679 730 convenerat,
717 687 911 740 parum
949 676 1049 731 sibi
1085 689 1340 736 constare
1377 695 1561 739 censet
1590 684 1719 755 Epi-

120 755 437 824 phanium;
473 761 565 829 qui
601 761 821 832 quidem
854 765 987 821 feria
1019 770 1172 824 tertia
1205 771 1482 828 Christum
1509 775 1716 833 Pascha

121 847 411 916 peregisse
435 851 580 914 velit,
605 868 728 906 cum
753 855 881 909 luna
905 856 957 908 in
983 873 1071 911 xw
1093 863 1426 927 prazstiterit.
1457 863 1551 920 Est
1569 868 1714 921 enim

120 945 325 990 contra
357 935 636 1010 Evangelii
669 942 852 1008 ﬁdem,
900 944 1178 1003 Christum
1219 949 1356 1006 feria
1402 969 1463 1008 ιιι
1507 953 1716 1012 Pascha

120 1027 459 1085 celebrasse.
508 1031 798 1104 Propterea
844 1038 917 1094 ita
959 1041 1351 1112 corrigendum
1384 1047 1665 1103 existimat
1699 1067 1712 1103 :

121 1117 410 1175 Christum
444 1123 493 1178 id
526 1126 699 1194 egisse
725 1127 856 1184 feria
883 1147 934 1198 v,
969 1134 1112 1202 quod
1142 1138 1443 1204 oportuerit
1480 1155 1574 1196 vn.
1602 1141 1716 1210 Ego

119 1226 267 1266 vero
299 1230 422 1270 cum
466 1219 708 1273 nondum
749 1223 1059 1292 suspicarer
1095 1224 1457 1296 Epiphanium
1490 1233 1597 1288 alio
1631 1235 1716 1290 die

119 1299 413 1358 Christum
445 1307 602 1372 velle,
635 1326 798 1380 quam
834 1313 968 1368 feria
1002 1330 1036 1369 v
1063 1313 1274 1372 Pascha
1296 1335 1458 1374 suum
1486 1322 1711 1390 obiisse,

123 1395 254 1451 hazc
290 1413 410 1466 quae
435 1399 502 1454 de
532 1415 616 1467 ιιι,
649 1418 700 1457 ιν
736 1406 1057 1476 caeterisque
1096 1407 1250 1466 feriis
1286 1411 1479 1480 injicit,
1513 1415 1712 1470 simili-

123 1488 342 1544 tudinis
369 1505 533 1546 causa
563 1505 819 1562 usurpata
850 1497 1212 1556 credideram.
1256 1501 1391 1558 Nam
1424 1507 1552 1576 quia
1582 1509 1709 1566 luna

121 1577 356 1637 Judaica
391 1599 498 1649 xiv,
532 1583 748 1641 Nicazna
779 1603 908 1642 vero
936 1607 1012 1643 xu
1053 1593 1440 1662 celebraverat,
1492 1608 1549 1653 ut
1590 1615 1709 1654 eam

121 1671 271 1741 cycli
317 1675 634 1742 pravitatem
668 1663 841 1733 oculis
868 1681 1183 1749 subjicerct,
1225 1684 1371 1741 hunc
1401 1688 1452 1740 in
1489 1691 1708 1747 modum

121 1763 414 1820 declarare
453 1767 729 1824 voluisse:
757 1771 977 1838 perinde
1014 1773 1156 1829 istud
1198 1791 1338 1842 esse,
1377 1793 1440 1834 ac
1467 1780 1512 1834 si
1541 1780 1711 1852 ﬁnga—

123 1869 261 1910 mus
296 1854 584 1912 Iudaicum
621 1861 832 1931 cyclum
865 1864 976 1917 Vttii
1013 1866 1145 1919 nihil
1179 1868 1457 1934 habuisse,
1496 1887 1714 1927 rerera-
1749 1867 1789 1920 Β
1820 1854 1922 1931 hoc
1971 1876 2135 1933 modo
2183 1878 2566 1932 constituenda

122 1960 241 2014 que
266 1946 447 2001 lunam
476 1965 568 2003 xlv
606 1949 880 2007 Nicaenam
911 1954 964 2007 in
996 1954 1174 2012 Martii
1212 1974 1303 2012 xix
1340 1961 1620 2028 incidisse,
1649 1980 1712 2019 ac

122 2045 249 2090 tum
281 2039 576 2108 cogitemus
606 2041 900 2098 Christum.
918 2045 1084 2101 biduo
1111 2046 1260 2104 illam
1285 2060 1713 2110 antevertentem

123 2141 221 2180 xvr
249 2125 372 2182 Kal.
403 2129 518 2184 sive
533 2129 712 2185 Martii
744 2149 855 2188 xvu
889 2133 1092 2191 Pascha
1115 2138 1438 2205 comedisse,
1467 2141 1600 2196 feria
1626 2159 1710 2209 ιιι,

121 2217 282 2286 quod
313 2217 444 2274 feria
473 2237 522 2284 v,
561 2221 666 2276 hoc
694 2232 777 2276 est
803 2223 982 2278 Martii
1015 2242 1126 2289 xix,
1159 2227 1271 2281 ﬁeri
1302 2227 1710 2286 decebatham

120 2322 265 2376 ergo
293 2308 483 2364 vitiose
507 2310 694 2379 cyclus
719 2312 807 2366 ille
837 2310 1099 2368 Iudaicus
1131 2315 1497 2372 decimonono
1533 2317 1712 2374 Martii

121 2395 317 2451 lunam
359 2414 447 2453 xtv
480 2401 730 2456 exhibuit
760 2421 774 2457 :
803 2412 1022 2474 tamque
1049 2406 1331 2463 abnormis
1361 2424 1390 2462 a
1421 2425 1548 2465 vero
1572 2411 1714 2466 lunae

121 2489 422 2544 ratiocinio
463 2491 566 2546 fuit
608 2494 698 2550 illa
729 2511 758 2548 ν
791 2494 928 2552 feria
973 2495 1149 2551 Martii
1196 2515 1307 2564 xtx,
1358 2516 1522 2570 quam
1555 2505 1711 2558 tertia

118 2597 255 2637 cum
287 2584 476 2652 quinta
499 2594 848 2656 comparata;
883 2588 929 2642 si
962 2587 1075 2642 haac
1102 2589 1215 2658 ipsa
1248 2590 1465 2646 Nicaena
1498 2593 1708 2650 fuisset.

120 2674 377 2744 Denique
416 2683 528 2731 tota
571 2678 686 2734 ιιωο
727 2679 1014 2749 Epiphanii
1050 2681 1350 2750 disputatio
1390 2684 1709 2758 ὑποθετική,

118 2775 177 2820 et
205 2765 372 2834 λόγου
405 2768 564 2839 χάριν
603 2780 882 2840 assumpta
930 2772 1062 2827 mihi
1101 2773 1405 2829 videbatur.
1441 2774 1583 2832 Sane
1615 2794 1713 2833 ne-

122 2859 243 2925 gari
278 2873 387 2910 non
422 2866 620 2926 potest,
656 2875 823 2928 quam
872 2861 918 2914 si
949 2859 1085 2916 furia
1130 2879 1161 2915 v
1202 2864 1508 2920 celebrasse
1553 2867 1712 2922 Chri-

124 2958 275 3000 Stum
310 2946 730 3016 existimaverit,
765 2951 1120 3022 probabiliter
1152 2953 1259 3008 ista
1283 2954 1554 3010 dicantur.

201 3058 404 3116 Verum
449 3062 579 3117 dum
622 3064 738 3119 hate
781 3066 1044 3121 attentius
1083 3077 1422 3137 perscrutor,
1469 3071 1711 3142 comperi

126 3153 291 3206 aliam
317 3154 651 3210 sanetissimi
684 3156 862 3214 Patris
884 3159 1195 3229 opinionem
1223 3159 1413 3228 fuisse,
1445 3166 1498 3218 et
1516 3163 1705 3218 falsam

127 3245 274 3297 illam
312 3245 554 3314 quidem,
599 3249 693 3302 sed
725 3249 794 3303 ab
823 3266 891 3305 eo
921 3261 1103 3306 tamen
1148 3253 1441 3323 aliquoties
1471 3255 1711 3311 inculca-

127 3343 236 3388 tam
263 3351 278 3388 :
320 3336 579 3390 nimirum
612 3337 831 3395 Iudaeos
864 3341 1154 3414 plerosque
1187 3360 1312 3399 cum
1348 3345 1569 3402 Christo
1603 3346 1708 3401 Pa-

127 3428 262 3480 scha
288 3442 452 3481 suum
481 3429 687 3485 obiisse
718 3446 824 3485 non
858 3431 994 3487 feria
1024 3450 1076 3498 v,
1107 3435 1219 3489 sive
1245 3435 1416 3503 pridie
1436 3438 1555 3506 ejus
1579 3438 1707 3506 diei,

124 3533 235 3585 quo
269 3533 469 3588 passus
492 3529 596 3586 est,
638 3521 735 3577 sed
773 3521 908 3576 feria
939 3524 1118 3578 tertia.
1148 3523 1303 3590 Quod
1331 3525 1508 3594 ipsum
1532 3528 1710 3582 diser-

127 3609 359 3663 tissimis
382 3610 563 3665 verbis
593 3613 754 3666 docet
783 3613 836 3666 in
863 3613 1012 3669 calce
1045 3613 1272 3668 Panarii
1306 3615 1491 3686 hujus,
1519 3617 1571 3671 in
1605 3617 1677 3672 Ex
1696 3647 1712 3658 -

129 3702 403 3771 positione
454 3703 600 3769 ﬁdei,
628 3720 780 3761 num.
825 3706 915 3771 22,
966 3708 1058 3762 ubi
1097 3709 1164 3764 de
1211 3707 1464 3764 Ecclesia
1514 3711 1710 3767 ritibus

130 3809 294 3861 agens
318 3794 568 3848 meminit
591 3797 730 3850 inter
753 3805 949 3852 caetera
977 3799 1172 3870 jejunii
1197 3810 1427 3870 quartae,
1458 3816 1521 3857 ac
1545 3813 1711 3859 sexta:

130 3885 298 3950 ferite,
339 3887 497 3956 cujus
542 3888 774 3943 instituti
820 3905 1045 3946 causam
1092 3895 1312 3963 aperit:
1381 3895 1712 3968 Ἐπειδήπερ

130 3977 520 4048 ἐπιφωσκούσῃ
567 3979 782 4051 τετράδι
825 3975 1133 4056 συνελήφθη
1179 3986 1208 4037 ὁ
1253 3985 1476 4056 Κύριος,
1508 3986 1603 4039 καὶ
1633 3987 1712 4058 τῷ

133 4067 498 4140 προσαϐϐἀτῳ
553 4069 897 4143 ἐσταυρώθη.
953 4074 1218 4138 Quoniam
1268 4078 1476 4131 ineunte
1516 4087 1712 4148 quarta

131 4160 266 4230 [cria
299 4163 702 4230 comprehensus
752 4176 829 4219 est
880 4167 1156 4232 Dominus,
1192 4182 1240 4224 et
1281 4172 1416 4238 feria
1465 4187 1496 4226 v
1539 4173 1710 4226 cruci-

132 4253 292 4316 ﬁxus.
332 4253 452 4320 Quo
484 4257 661 4324 posito
699 4273 1040 4328 consequens
1078 4269 1180 4324 est,
1215 4263 1493 4318 Christum
1524 4279 1586 4318 ea
1614 4280 1712 4319 no-

134 4355 236 4411 cte,
267 4363 391 4417 qua:
419 4346 608 4404 feriam
649 4366 706 4403 ιιι
740 4352 1006 4421 sequitur,
1040 4364 1091 4407 et
1122 4351 1347 4409 Judaice
1374 4354 1522 4411 feria:
1545 4372 1593 4410 tv
1619 4356 1712 4410 tri-

135 4439 338 4506 buitur,
377 4454 594 4510 captum
629 4457 770 4508 esse,
805 4459 927 4498 cum
971 4445 1132 4513 paulo
1174 4457 1297 4501 ante
1327 4446 1536 4502 Pascha
1573 4449 1713 4503 cele-

1822 595 2075 652 videlicet
2105 598 2434 660 Pharisaeos.
2495 611 2558 652 ac
2606 593 2848 662 Scribas,
2882 610 3228 650 communem
3264 595 3410 650 hunc

1821 702 2064 743 errorem
2113 691 2406 745 emendare
2450 686 2974 759 cupientesd’ascha
3020 701 3182 742 suum
3232 688 3286 742 in
3338 703 3406 740 xx

1822 779 1999 834 Martii
2032 782 2175 835 diem
2206 781 2508 845 distulisse,
2555 794 2664 850 quo
2716 794 2913 850 passus
2966 788 3050 834 est
3104 778 3402 834 Christus:

1821 886 1933 942 quo
1966 873 2227 927 nimirum
2261 871 2596 944 propiusad
2634 869 3020 942 aequinoctium
3061 871 3401 936 accederent,

1817 966 1906 1019 vel
1935 966 2098 1021 etiam
2129 967 2350 1022 cceleste
2379 965 2762 1036 plenilunium.
2798 962 2932 1018 Nam
2966 963 3069 1018 hoc
3099 963 3262 1017 verba
3286 963 3402 1033 ipsa

1819 1057 1984 1111 tacite
2027 1057 2410 1115 demonstrant
2440 1079 2452 1112 :
2488 1058 2596 1112 Kal.
2643 1057 2903 1128 ἰσημερίαι
2936 1055 3040 1126 πρὸ
3067 1055 3258 1110 ἕνδεκα
3288 1058 3407 1112 Κα-

1817 1147 2022 1203 λανδῶν
2071 1149 2414 1221 Ἀπριλλίων,
2461 1150 2527 1203 δι’
2568 1148 2637 1219 ἦν
2691 1145 3054 1218 πλανηθέντες
3099 1147 3404 1218 ὑπέρϐατον

1821 1239 1950 1308 μίαν
1984 1239 2196 1310 ἡμέραν
2239 1241 2524 1313 ἐποίησαν.
2571 1239 2714 1308 Ergo
2745 1237 2832 1290 διὰ
2873 1237 2972 1309 τὴν
3013 1239 3319 1310 ἰσημερίαν,
3350 1248 3404 1320 et

1816 1327 2051 1383 fortasse
2085 1339 2302 1400 propter
2327 1331 2511 1386 lunam
2537 1329 2730 1392 etiam,
2761 1343 2828 1384 ne
2851 1336 3135 1397 tantopere
3160 1329 3227 1382 ab
3252 1339 3405 1383 utro-

1815 1436 1921 1490 que
1955 1423 2288 1488 recederent,
2317 1422 2460 1477 diem
2489 1421 2860 1489 .diﬁ‘uderaut.
2892 1420 3109 1475 Poterat
3140 1422 3283 1474 enim
3321 1422 3403 1476 vel

1815 1512 1933 1582 ipse
1982 1513 2179 1568 sideris
2235 1523 2488 1583 aspectus
2536 1512 2658 1567 vitii
2708 1513 2832 1568 illos
2880 1513 3204 1577 admonere;
3255 1512 3402 1582 quod

1815 1604 2006 1659 saltem
2045 1605 2402 1660 minuendum
2434 1621 2554 1661 esse
2586 1607 2970 1660 decreverunt.

1885 1695 2022 1751 Cum
2069 1699 2184 1752 haec
2219 1697 2557 1767 Epiphanius
2605 1695 2892 1751 manifeste
2937 1697 3158 1759 sentiat,
3206 1703 3398 1749 caetera

1815 1802 1937 1856 qua“:
1976 1789 2044 1843 ab
2088 1803 2153 1844 eo
2193 1789 2449 1843 dicuntur
2494 1788 2682 1843 eodem
2732 1787 3013 1856 dirigenda
3057 1798 3205 1850 sunt,
3237 1798 3400 1854 atque

2610 1895 2623 1929 :
2678 1876 2930 1932 Christus
2981 1877 3149 1945 legale
3189 1875 3398 1931 Pascha

1818 1970 2105 2025 celebravit
2139 1984 2264 2024 cum
2289 1970 2572 2039 plerisque
2598 1967 2802 2024 Judaeis
2832 1985 2921 2022 xvi
2960 1967 3078 2020 Kal.
3108 1968 3397 2036 Apr.,feria

1820 2078 1903 2123 ιιι,
1934 2061 2062 2116 luna
2097 2060 2326 2116 Judaica
2366 2061 2560 2116 vitiosa
2603 2076 2708 2127 χιι,
2732 2077 2855 2116 cum
2899 2058 3032 2116 feria
3068 2076 3098 2110 v
3134 2059 3260 2113 luna
3307 2075 3396 2112 xiv

1817 2153 2010 2208 vitiosa
2048 2152 2234 2223 perﬁci
2267 2153 2536 2207 debuerit.
2569 2152 2742 2206 Biduo
2790 2153 2956 2224 igitur
2990 2152 3297 2206 antevertit.
3328 2154 3396 2205 At

1815 2241 2106 2306 Pharisazi,
2134 2241 2420 2312 Iuda-ique
2448 2243 2538 2296 alii
2573 2243 2700 2296 luna
2738 2242 2962 2296 Judaica
2992 2257 3058 2294 xv
3093 2240 3269 2296 Martii
3303 2257 3393 2302 xx,

1815 2349 1926 2404 quo
1965 2335 2052 2388 die
2096 2349 2289 2404 passus
2326 2345 2411 2388 est
2455 2334 2726 2397 Christus,
2771 2332 2890 2386 καθ’
2945 2332 3246 2402 ὑπέρϐασιν
3290 2332 3396 2386 diei

1817 2430 1980 2480 unius
2012 2443 2040 2480 a
2069 2427 2196 2481 luna
2229 2441 2315 2479 xw
2350 2427 2414 2480 ad
2446 2443 2534 2480 xv.
2575 2425 2652 2479 Ex
2687 2426 2754 2480 iis
2785 2424 2952 2478 falsos
2972 2437 3067 2480 eos
3101 2438 3220 2478 esse
3262 2439 3394 2478 con-

1816 2527 1949 2582 stat,
1999 2518 2091 2587 qui
2135 2516 2444 2587 Epiphanio
2492 2517 2805 2573 Graecorum
2851 2517 3175 2571 sententiam
3225 2517 3396 2570 ascri-

1819 2609 1986 2673 bunt;
2027 2608 2173 2677 quod
2213 2608 2466 2663 Christus
2509 2606 2716 2662 Pascha
2766 2609 2890 2661 luna
2941 2621 3039 2661 χιιι
3083 2606 3394 2669 celebrarit,

1815 2711 1942 2756 ante
1968 2699 2206 2766 Iudaeos,
2247 2701 2341 2770 qui
2376 2700 2427 2754 id
2452 2698 2712 2770 postridie
2738 2700 3062 2770 percgerint.
3097 2696 3214 2753 Non
3247 2700 3391 2752 enim

1816 2805 1911 2845 xm
1936 2791 2091 2854 luna,
2122 2790 2215 2844 sed
2243 2806 2318 2844 xu
2348 2789 2629 2844 Christum
2665 2789 2716 2844 id
2746 2792 2922 2858 egisse
2959 2794 3168 2852 censet,
3195 2797 3391 2858 quate-

1817 2899 1920 2938 nus
1949 2882 2081 2938 feria
2111 2897 2173 2936 ιιι
2207 2881 2504 2951 contigisse
2529 2889 2701 2950 putat.
2738 2879 2892 2946 Quod
2923 2879 2969 2934 si
2998 2895 3064 2933 cx
3090 2879 3390 2943 communi,

1814 2973 2230 3043 certissimaque
2261 2973 2529 3028 sententia
2556 2971 2688 3028 feria
2720 2988 2752 3025 v
2784 2972 3092 3027 celebrasse
3111 2971 3392 3026 Christum

1814 3064 2114 3117 arbitratus
2151 3072 2317 3127 esset,
2357 3077 2465 3117 non
2513 3062 2617 3116 alia
2663 3061 2814 3126 luna,
2859 3077 3022 3131 quam
3053 3075 3176 3131 qua:
3211 3074 3280 3115 ex
3309 3060 3393 3114 vi-

1814 3155 1956 3210 tioso
1996 3153 2147 3224 cyclo
2191 3170 2282 3207 xw
2334 3151 2493 3217 foret,
2535 3152 2738 3207 factum
2793 3159 3079 3206 assereret.
3128 3149 3283 3206 Unde
3322 3165 3390 3204 ex

1813 3243 2147 3313 castigatiori
2171 3242 2457 3314 Epiphanii
2478 3242 2690 3313 judicio
2712 3241 3078 3296 deﬁniendum
3102 3249 3204 3302 est,
3231 3239 3390 3294 Chri-

1814 3347 1954 3390 stum
1990 3335 2121 3390 feria
2155 3352 2206 3400 v,
2241 3337 2367 3390 luna
2402 3352 2490 3390 xiv
2518 3349 2643 3390 cum
2670 3333 2948 3388 nonnullis
2971 3330 3198 3395 Judaeis,
3231 3341 3392 3386 caete-

1811 3444 1904 3484 ros
1944 3445 2069 3485 vero
2102 3446 2224 3484 cum
2253 3428 2564 3491 Pharisaeis,
2591 3426 2722 3481 feria
2743 3443 2792 3480 vt
2831 3424 3038 3480 Pascha
3063 3425 3387 3481 comedisse.

1811 3521 1929 3587 Quae
1970 3537 2037 3576 ex
2087 3520 2376 3591 Epiphanii
2417 3519 2676 3590 opinione
2717 3521 2825 3573 duo
2867 3519 3218 3588 colliguntur,
3269 3533 3390 3586 quae

1812 3626 1936 3666 cum
1965 3611 2031 3666 de
2066 3609 2346 3665 Passionis
2385 3623 2528 3664 anno
2569 3607 2850 3678 quteritur,
2894 3606 3160 3662 acerrime
3203 3605 3391 3676 dispu-

1812 3701 1913 3755 tari
1957 3699 2132 3755 solent
2168 3717 2181 3753 :
2216 3699 2449 3754 alterum
2494 3697 2809 3753 Iudaeorum
2845 3697 3122 3769 principes
3155 3711 3262 3750 non
3297 3711 3394 3750 eo-

1811 3793 1932 3847 dem
1961 3807 2086 3846 cum
2113 3790 2333 3846 Christo
2354 3791 2441 3846 die
2463 3790 2700 3860 legitimo
2718 3789 2840 3859 agni
2861 3790 3021 3858 epulo
3043 3787 3388 3858 perfunctos;

1813 3884 2044 3938 alterum
2073 3898 2197 3938 cum
2231 3882 2350 3937 sine
2389 3879 2814 3936 commutatione
2857 3879 3039 3947 aliqua
3082 3888 3389 3948 temporum

1814 3990 1876 4030 ac
1918 3973 2178 4028 festorum
2224 3973 2274 4026 id
2325 3971 2574 4027 accidere
2617 3985 2726 4024 non
2770 3970 3028 4040 potuerit,
3075 3970 3409 4024 translatio!

1813 4081 1933 4120 nem
1984 4065 2219 4132 aliquatn
2265 4063 2371 4118 illis
2404 4062 2738 4132 temporibus
2778 4061 3074 4116 exstitisse.
3101 4059 3287 4128 Quare,
3320 4059 3390 4113 ad

1815 4157 1956 4209 hanc
1975 4153 2264 4224 Epiphanii
2293 4153 2716 4222 disputationem
2750 4153 3129 4207 illustrandam
3163 4153 3388 4206 totidem

1815 4245 1920 4299 illa:
1947 4243 2280 4314 qumstioncs
2304 4242 2492 4312 paucis
2515 4241 2620 4297 hoc
2659 4241 2779 4296 loco
2807 4241 3170 4312 disceptandae
3201 4250 3350 4297 sunt.

1820 4356 2008 4411 Utrum
2033 4354 2208 4410 Judrci
2231 4355 2580 4409 translatione
2613 4354 2867 4423 festorum
2885 4355 3020 4408 olim
3055 4357 3136 4409 usi
3165 4356 3386 4426 fuerint.

1884 4445 1941 4499 In
1969 4446 2256 4500 recentiori
2279 4443 2591 4500 Judatorum
2624 4453 2883 4513 computo
2923 4446 3300 4515 scrupulosus,
3333 4456 3390 4500 et

137 4533 367 4589 brasset.
403 4534 664 4590 Audierat
693 4536 896 4606 itaque,
928 4546 982 4591 et
1018 4554 1048 4592 a
1086 4540 1386 4607 majoribus
1427 4552 1706 4610 acceperat
1743 4557 1784 4612 ι)
1816 4538 2013 4592 anxius
2046 4537 2270 4606 quidam
2312 4546 2394 4590 est
2434 4536 2645 4591 dierum
2683 4535 2926 4590 delectus
2956 4537 3023 4590 ad
3070 4537 3388 4595 neomenias

136 4622 493 4694 Epiphanius,
546 4626 684 4682 duas
730 4627 850 4682 illas
902 4627 1068 4684 ferias
1107 4629 1402 4686 Dominicaa
1453 4631 1707 4688 Passioni

138 4721 437 4774 recolendae
459 4723 792 4790 praestitutas
815 4720 1006 4786 fuisse,
1030 4738 1091 4777 ac
1108 4723 1318 4792 jejunio
1339 4735 1707 4790 consecratas.

139 4809 268 4864 Cum
313 4798 495 4866 autem
545 4822 695 4868 certo
721 4823 1024 4878 constaret,
1073 4815 1207 4870 feria
1241 4833 1292 4870 vt
1327 4818 1379 4870 in
1410 4833 1571 4873 cruce
1599 4819 1712 4874 suf-

143 4901 301 4956 ﬁxum
334 4918 475 4970 esse,
501 4905 648 4959 nulla
682 4906 955 4975 passionis
983 4907 1103 4976 ejus
1128 4918 1331 4963 restare
1363 4909 1476 4964 visa
1500 4919 1584 4965 est
1607 4912 1712 4966 alia

142 5004 279 5059 pars,
312 5008 478 5062 quam
515 4995 956 5064 comprehensio,
985 5005 1039 5051 ct
1073 4997 1331 5066 alligatio.
1371 4997 1602 5054 Proinde
1633 4999 1713 5055 fe-

142 5080 216 5134 ria
247 5097 297 5135 tv
337 5091 624 5152 appetente
658 5094 873 5154 captun
918 5095 1083 5155 atque
1113 5085 1352 5140 vinctum
1383 5102 1503 5142 esse
1536 5087 1715 5142 Domi-

146 5185 268 5224 num
298 5172 549 5226 credidit.
583 5171 771 5243 Neque
813 5188 943 5230 vero
981 5175 1089 5230 alio
1123 5183 1385 5246 tempore,
1411 5192 1574 5245 quam
1603 5194 1713 5247 quo

145 5258 307 5316 Judaei
333 5263 600 5334 plerique,
629 5265 905 5321 celebrare
937 5267 1125 5322 voluit.
1156 5267 1322 5338 Igitur
1350 5269 1514 5323 etiam
1537 5268 1714 5326 Judaei

149 5349 272 5408 feria
322 5355 481 5410 tertia
539 5366 887 5428 peregerunt.
944 5357 1172 5424 Vitiose,
1203 5360 1330 5429 quis
1361 5361 1555 5432 negat?
1611 5361 1716 5419 Sed

147 5441 282 5510 quod
314 5443 551 5498 maxima
582 5459 709 5513 pars
733 5461 800 5501 eo
836 5446 926 5502 die
949 5446 1157 5504 Pascha
1189 5449 1516 5516 comederet,
1548 5451 1715 5506 biduo

149 5544 262 5584 cum
296 5531 401 5588 illis
439 5535 778 5605 anticipavit.
813 5536 943 5592 Erat
965 5541 1112 5592 enim
1163 5539 1292 5595 feria
1326 5557 1352 5590 ν
1398 5540 1576 5596 Martii
1624 5560 1714 5598 xtx

150 5621 543 5690 celebrandum,
572 5641 700 5682 cum
730 5628 787 5682 in
817 5628 962 5684 hunc
990 5630 1131 5684 diem
1160 5646 1248 5684 xtv
1275 5629 1499 5687 Iudaica
1524 5633 1715 5688 vitiosa

152 5726 505 5773 concurreret.
531 5718 644 5775 Cur
672 5732 852 5776 autem
885 5721 1020 5778 adeo
1059 5737 1398 5794 praepmpere
1424 5724 1598 5782 Judaei
1626 5729 1714 5782 isti

154 5799 350 5864 Pascha
401 5811 768 5882 comederent,
821 5829 1045 5872 causam
1099 5815 1277 5873 attulit
1334 5817 1559 5873 nullam.
1609 5816 1714 5874 Sed

1816 4627 2077 4698 ﬁgendas.
2114 4625 2189 4681 De
2216 4641 2322 4696 quo
2348 4626 2518 4681 multa
2547 4627 2602 4680 in
2629 4625 3008 4686 Thalmudicis
3045 4636 3388 4682 commenta-

1810 4720 1929 4779 riis,
1964 4716 2219 4771 Tractatu
2253 4719 2314 4770 de
2343 4719 2470 4771 anni
2505 4720 2697 4787 capite,
2727 4727 2782 4775 et
2811 4719 2865 4772 in
2890 4727 3036 4773 ιοωο
3082 4720 3258 4788 primo
3289 4719 3391 4775 Jad

1813 4810 1878 4864 Β.
1906 4807 2074 4870 Mose,
2109 4807 2286 4863 'l‘ract.
2317 4806 2591 4863 Kiddusch
2621 4807 2946 4863 hahhodesch
2968 4823 2987 4862 :
3020 4825 3228 4865 necnon
3259 4812 3390 4866 etin

1815 4907 1962 4960 D9327
1991 4910 2130 4965 ’ΤιΞῖ
2165 4898 2229 4952 Β.
2258 4898 2498 4962 lsacbar,
2533 4901 2636 4954 ben
2678 4898 3010 4963 Mordechai,
3052 4902 3286 4970 aliisque
3326 4901 3392 4954 li-

1813 4995 1930 5050 bris
1957 5010 1970 5047 :
2008 4995 2061 5046 in
2093 4994 2296 5063 quibus
2327 4995 2552 5046 inﬁnita:
2585 4993 2804 5062 regulae,
2835 5007 2898 5046 ac
2931 4992 3214 5048 cautiones
3248 5007 3400 5062 prm-

1815 5088 2028 5157 scriptae
2055 5094 2199 5140 sunt.
2237 5083 2478 5139 Duorum
2511 5099 2636 5137 vero
2689 5083 2980 5147 mensium,
3011 5081 3154 5138 Tisri
3191 5097 3256 5138 ac
3289 5080 3390 5137 Ni-

1815 5195 1934 5246 san,
1969 5178 2024 5232 in
2043 5178 2232 5247 primis
2274 5175 2572 5230 neomenia:
2604 5175 2672 5229 ab
2702 5173 2808 5230 illis
2838 5173 3221 5240 observantur,
3248 5188 3388 5244 qua-

1814 5286 1937 5326 rum
1965 5269 2467 5325 transferendarum
2488 5281 2654 5322 causa
2677 5266 2874 5336 duplex
2897 5265 3096 5321 ibidem
3119 5266 3384 5323 affertur:

1815 5363 2103 5425 naturalis,
2141 5371 2234 5416 aut
2262 5359 2452 5416 civilis.
2487 5357 2700 5412 Etenim
2735 5372 2862 5412 eum
2883 5372 3056 5427 supra
3086 5357 3252 5426 ferias
3287 5373 3387 5414 exe-

1817 5463 2098 5512 currentes
2129 5453 2376 5506 minutiae
2420 5450 2488 5506 ad
2523 5451 2690 5505 horas
2736 5450 2804 5504 t8
2835 5451 3178 5520 perveniunt,
3219 5462 3273 5507 et
3299 5453 3387 5508 lu-

1817 5546 1966 5600 naris
1995 5543 2274 5614 ψηφισμός
2321 5542 2601 5596 meridiem
2638 5539 2746 5595 diei
2793 5540 3132 5610 insequentis
3173 5544 3391 5615 attingit

1821 5640 1965 5709 (nam
2013 5635 2186 5690 Judaei
2219 5634 2364 5688 diem
2414 5634 2481 5687 ab
2518 5633 2676 5687 initio
2724 5632 2900 5688 noctis
2943 5636 3319 5706 auspicantur,
3356 5651 3388 5691 ι

1818 5743 1927 5798 quo
1961 5726 2026 5782 18
2062 5727 2207 5782 horae
2243 5732 2568 5794 computata
2597 5722 2703 5782 diei
2741 5725 2916 5781 civilis
2957 5727 3234 5796 sequentis
3267 5741 3386 5781 me-

1821 5820 2013 5879 ridiem
2045 5817 2466 5889 assequuntur);
2494 5806 2605 5872 tum
2633 5815 2688 5875 in
2728 5818 2955 5875 alteram
2986 5816 3176 5874 feriam
3212 5825 3380 5883 natu:
