3832 6220
493 317 602 376 987

1589 318 1934 380 APPENDIX
1971 319 2602 382 DISSERTATIONUM.

3659 331 3733 388 Si,

495 427 710 498 derent,
744 429 799 486 in
840 433 980 488 alios
1021 432 1140 488 dies
1185 433 1464 490 incidisse.
1505 433 1686 506 Quare
1722 452 1846 491 cum
1893 445 2070 492 totum
2103 441 2152 499 Α
2179 439 2431 496 ctoritate
2457 441 2728 507 nituntur,
2763 440 3022 505 Matthxi,
3049 441 3213 498 Marci
3268 458 3334 498 ac
3377 442 3560 498 Luca.
3601 445 3722 511 Quo-

498 520 606 578 hoc
631 523 914 593 negotium
965 538 1252 594 perperam
1277 541 1307 579 a
1339 526 1718 583 stolidissimis
1747 529 2083 599 magistrati-

496 614 621 679 bus,
648 623 702 670 et
729 623 919 669 contra
940 616 1211 685 majorum
1239 616 1377 670 ritus
1402 617 1903 685 administraretur,
1931 634 2084 690 gras-

497 716 656 760 sante
688 708 1098 776 superstitione,
1134 709 1683 780 corruptissimisque
1720 712 2078 781 temporibus,

495 797 792 851 verisimile
827 807 912 852 est
951 798 1167 868 aliquos
1210 808 1475 868 repertos,
1515 803 1608 872 qui
1648 803 1789 858 hanc
1828 819 2085 859 czeremo-

497 889 752 951 uiarum,
799 891 1118 960 rituumqne
1157 893 1660 960 perturbationem,
1705 907 1977 964 quatenus
2023 899 2077 953 in

497 976 633 1047 ipsis
673 987 823 1041 erat,
871 980 1164 1035 emendare
1213 981 1519 1049 studerent,
1565 995 1619 1038 et
1659 1001 1781 1054 qua:
1825 987 2078 1055 privatim

497 1069 651 1122 obire
682 1078 935 1136 poterant
969 1086 1125 1124 sacra
1173 1071 1434 1141 legitimis
1484 1076 1822 1144 temporibus
1857 1078 2081 1146 perfice-

494 1168 634 1214 rent.
669 1159 991 1228 Cujusmodi
1034 1163 1311 1230 paschalis
1353 1167 1476 1234 agni
1527 1182 1683 1222 caena
1719 1167 1820 1224 fuit
1865 1187 2077 1238 :quam

495 1265 640 1304 anno
666 1268 780 1305 suae
811 1252 1089 1308 Passionis
1121 1255 1372 1311 Christus
1413 1272 1539 1311 cum
1593 1260 1878 1328 apOstolis,
1912 1274 2078 1332 atque

493 1342 618 1396 aliis
644 1345 808 1397 etiam
847 1344 1080 1399 fortasse
1101 1345 1300 1401 Judzeis
1329 1349 1526 1418 pridie,
1545 1366 1708 1420 quam
1733 1354 2079 1423 caateriprre-

496 1438 718 1498 postere
766 1432 818 1484 id
868 1431 1132 1499 facerent,
1175 1451 1440 1506 usurpare
1494 1440 1706 1493 maluit.
1745 1440 1932 1511 Neque
1975 1445 2078 1499 hoc

494 1519 682 1583 unius,
723 1521 1019 1577 alteriusve
1063 1525 1168 1578 diei
1204 1526 1500 1580 discrimen
1550 1529 1925 1586 admirabilius
1955 1549 2076 1588 esse

493 1607 676 1673 debet,
712 1626 878 1679 quam
906 1613 1051 1680 quod
1077 1612 1408 1670 Christianis
1443 1616 1576 1685 ipsis
1612 1633 1720 1670 non
1759 1621 1922 1674 modo
1950 1632 2077 1677 ante

491 1694 731 1754 Victoris
773 1715 926 1770 papa:
960 1701 1263 1769 decretum,
1305 1715 1400 1759 aut
1428 1705 1707 1763 Nicaznum
1742 1711 2070 1775 concilium;

2190 547 2311 584 rum
2359 531 2570 600 primus
2621 549 2740 603 cap.
2799 549 2946 598 xxvr,
2979 535 3012 588 5
3048 553 3060 589 :
3112 535 3189 605 Τῇ
3230 531 3293 587 δὲ
3328 534 3549 607 πρώτῃ.
3575 537 3731 606 inquit,

2188 621 2297 674 τῶν
2337 621 2587 693 Ἀζύμων
2623 623 2926 694 προσῆλθον
2954 625 3000 676 ol
3022 623 3282 694 μαθηταί,
3316 624 3511 677 Prima
3539 625 3616 679 die
3638 645 3736 697 αις.

2188 730 2392 766 morum
2423 726 2750 768 accesserunt
2775 715 3064 784 discipuli;
3094 715 3312 770 Marcus
3347 733 3485 771 vero
3515 734 3624 784 cap.
3654 737 3735 781 nr,

2139 856 2146 860 _
2191 804 2257 856 1'2
2279 824 2290 858 :
2313 805 2422 857 Καὶ
2445 808 2508 876 τῇ
2535 802 2723 876 πρώτῃ
2745 805 2927 876 ἡμέρᾳ
2955 805 3062 858 τῶν
3100 805 3378 877 Ἀζύμων,
3403 807 3494 858 ὅτε
3517 808 3574 859 τὸ
3589 809 3739 877 Πάσχα

2189 892 2365 955 ἔθυον,
2402 892 2588 946 Prima
2613 894 2698 947 die
2731 910 3075 962 azymorum,
3109 896 3321 963 quando
3354 895 3570 948 Pascha
3605 905 3738 951 saui-

2186 985 2454 1052 firabant;
2479 985 2711 1054 denique
2729 983 2907 1038 Lucas
2935 1001 3054 1054 cap.
3087 1001 3177 1050 xx,
3207 986 3240 1036 7
3266 1003 3280 1039 :
3311 982 3491 1037 ⁷11).οε
3520 985 3572 1038 δὲ
3594 988 3739 1056 istis:

2184 1075 2293 1127 τῶν
2330 1075 2598 1146 Ἀζύμων,
2629 1079 2687 1128 ἐν
2778 1077 2885 1130 ἔδει
2913 1076 3133 1130 (δύεσθαι
3166 1077 3226 1129 τὸ
3258 1078 3480 1147 Πάσχα,
3505 1076 3737 1134 Venitdia

2184 1183 2515 1236 azymorum,
2545 1169 2601 1220 in
2629 1184 2733 1238 qua
2770 1170 3042 1237 oportebat
3086 1169 3373 1221 immolare
3403 1167 3627 1223 Pascha.
3654 1169 3737 1224 ila-

2184 1257 2380 1312 uifeste
2420 1260 2650 1328 primam
2688 1259 3017 1330 Azymorum
3044 1260 3339 1328 appellant,
3375 1275 3505 1329 qua:
3536 1276 3565 1312 a
3590 1278 3737 1329 vespe-

2183 1365 2242 1402 ra
2265 1349 2464 1403 ferizev
2490 1350 2672 1419 erepit,
2704 1365 2810 1420 qua
2845 1351 2933 1405 die
2961 1349 3170 1406 Pascha
3215 1352 3284 1406 de
3319 1367 3483 1405 more
3533 1353 3598 1404 ab
3639 1367 3738 1422 apo-

2183 1441 2340 1494 stolis
2389 1450 2791 1509 pracparatum,
2845 1453 2895 1497 et
2948 1441 3334 1511 patrifamilias
3391 1443 3736 1498 denuntiatur:

2182 1533 2416 1586 videtur.

2252 1622 2356 1675 Alii
2383 1638 2530 1685 vero,
2557 1623 2649 1692 qui
2675 1639 2798 1678 cum
2832 1624 3162 1694 Epiphanio,
3199 1626 3539 1692 exterisque
3564 1630 3736 1696 gravis

2183 1713 2334 1768 simis
2385 1715 2744 1783 scriptoribus
2800 1725 2999 1784 negant
3032 1717 3222 1770 eodem
3265 1718 3354 1771 die
3394 1715 3607 1771 Pascha
3627 1727 3738 1773 cele-

491 1803 681 1844 verum
723 1791 888 1846 etiam
923 1794 1135 1863 aliquot
1176 1805 1361 1864 postea
1410 1800 1628 1856 saeculis
1673 1804 1889 1869 accidit,
1923 1813 1981 1859 ut
2015 1806 2069 1859 in
2103 1799 2144 1853 Β
2173 1805 2412 1870 hratum,
2459 1805 2688 1861 Joannis
2750 1808 3125 1861 testimonium
3185 1807 3526 1877 proferunt;
3576 1813 3657 1879 qui
3699 1813 3736 1864 id

493 1881 914 1952 religiosissima
953 1883 1240 1940 Paschalis
1271 1889 1582 1946 celebritate
1611 1909 1721 1947 uno
1753 1896 2073 1967 plerumque

493 1987 704 2037 mense,
739 1988 1133 2045 nonnunquam
1165 1978 1358 2034 diebus
1388 1996 1484 2043 vn,
1524 1998 1553 2036 a
1606 1997 1662 2038 se
1694 1984 1922 2040 invicem
1963 1988 2071 2042 dif-

491 2061 719 2118 ferrent.
757 2063 831 2119 De
863 2081 973 2135 quo
1006 2069 1268 2123 nonnulla
1305 2072 1370 2124 ad
1407 2069 1694 2140 Nicephori
1730 2074 2069 2134 Breviarium

493 2155 550 2209 in
573 2156 896 2229 Προθεωρίᾳ
921 2160 1051 2214 olim
1081 2161 1482 2220 adnotavimus.
1513 2165 1614 2220 Ubi
1643 2185 1750 2224 non
1782 2171 1955 2225 solum
1988 2173 2070 2226 in-

490 2255 572 2300 ter
607 2249 912 2316 haereticos,
945 2251 1058 2305 sive
1085 2251 1612 2318 Quartadecimanos
1652 2269 1705 2314 et
1739 2262 2066 2331 catholicos,

489 2337 585 2392 sed
611 2339 752 2392 inter
781 2341 1120 2397 orthodoxos
1149 2343 1298 2412 ipsos
1327 2342 1588 2416 flagrasse
1611 2349 1925 2408 istiusmodi
1957 2354 2071 2411 dis»

489 2427 630 2482 sidia
664 2430 890 2499 planum
926 2430 1181 2489 fecimus.

492 2540 682 2598 Utrum
715 2543 960 2600 Christus
989 2548 1169 2602 eodem
1193 2565 1296 2671 ἱμὶο
1325 2547 1509 2673 Jutda’i
1530 2555 1706 2608 ueteri
1734 2555 1819 2610 die
1854 2555 2068 2612 Pascha

1135 2634 1190 2671 ce
1214 2636 1240 2671 e
1278 2637 1386 2673 rari
1415 2657 1434 2673 .

1135 2634 1434 2676 σοιευνανιι.

556 2703 840 2760 Celebrem
867 2722 962 2775 per
995 2724 1116 2764 sese
1153 2712 1515 2779 quaestionem
1557 2715 1911 2786 insigniorem
1946 2720 2067 2774 red-

487 2794 622 2850 didit
657 2796 974 2854 Graecorum
1008 2799 1440 2874 Latinorumque
1479 2810 1850 2864 controversia
1894 2829 1906 2865 :
1943 2827 2066 2867 nam

486 2887 586 2952 illi,
623 2898 680 2942 ut
711 2904 825 2944 suae
858 2891 926 2944 de
960 2890 1290 2948 fermentata
1317 2911 1458 2965 pane
1503 2901 1790 2954 sententiae
1824 2903 2065 2970 patroci-

487 2988 708 3042 nentur,
734 2981 1013 3036 Christum
1048 2982 1341 3039 Dominum
1371 3002 1479 3042 non
1520 2989 1653 3044 luna
1687 3008 1798 3055 xlv,
1830 2995 1922 3048 sed
1943 3012 2064 3063 xttt,

485 3069 696 3126 Pascha
723 3074 902 3143 egisse
934 3077 1379 3144 pertinacissime
1407 3081 1732 3148 defendunt,
1761 3102 1885 3140 cum
1921 3104 2064 3142 non-

483 3162 613 3215 dum
652 3161 824 3218 Judaei
877 3169 1086 3238 azymis
1135 3181 1442 3226 uterentur.
1489 3174 1692 3229 Contra
1743 3177 1946 3247 Latini,
1995 3196 2064 3236 ue

485 3251 591 3306 hoc
621 3252 725 3308 sibi
768 3260 836 3310 de
867 3256 1085 3312 Domini
1117 3264 1366 3330 exemplo
1399 3267 1715 3332 praesidium
1748 3274 2063 3341 extorqueri

401 3362 406 3367 τ
485 3341 751 3407 sinerent,
798 3356 1070 3415 negarunt
1113 3349 1242 3414 alio,
1293 3367 1458 3420 quam
1494 3370 1603 3424 quo
1646 3355 1816 3412 Judaei
1857 3364 2061 3428 caeteri,

481 3433 589 3498 die,
625 3434 925 3504 legitimum
954 3453 1154 3508 agnum
1187 3445 1512 3510 comedisse,
1551 3449 1654 3503 hoc
1697 3461 1783 3505 est
1814 3467 1903 3506 xrv
1935 3455 2062 3510 luna

483 3524 588 3579 sub
621 3540 922 3594 veSperam.
946 3528 1074 3592 ,Sed
1102 3532 1204 3587 ista
1233 3533 1496 3591 Graecula:
1527 3537 1678 3596 faecis
1704 3544 1910 3611 opinio,
1935 3562 2066 3615 qua-

483 3625 643 3672 tenus
668 3617 950 3675 Christum
989 3623 1108 3677 sine
1140 3627 1350 3696 azymis
1376 3629 1684 3688 celebrasse
1728 3633 1939 3690 Pascha
1963 3638 2062 3692 do-

482 3715 588 3770 cet,
615 3709 846 3779 inscitiaa
870 3720 924 3766 et
943 3714 1302 3771 absurditatis
1322 3717 1485 3773 habet
1509 3722 1826 3790 plurimum.
1848 3726 2061 3783 Etenim

482 3818 817 3874 quocunque
866 3808 1082 3886 tandem
1129 3811 1218 3866 die
1276 3811 1486 3869 Pascha
1541 3801 1793 3875 Christus
1839 3822 2057 3889 obierit,

483 3907 609 3948 cum
645 3909 749 3948 una
782 3906 836 3950 et
860 3881 1189 3968 Azymorum
1215 3901 1538 3959 solemnitas
1559 3906 1848 3963 delibanda
1873 3881 2056 3974 fuerit,

481 3999 592 4038 non
642 3986 820 4054 magis
869 3987 988 4041 sine
1033 3992 1241 4060 azymis
1287 3996 1484 4062 potuit,
1526 4013 1686 4066 quam
1737 4002 1856 4055 sine
1895 4017 2057 4072 agno,

479 4075 714 4131 solemni
762 4078 893 4134 huic
936 4077 1185 4150 religioni
1259 4084 1599 4142 satisfacere.
1653 4089 1887 4148 Proinde
1949 4110 2059 4148 non

481 4161 806 4220 fermentata
845 4181 980 4223 usus
1013 4179 1119 4233 est,
1153 4186 1222 4225 ne
1269 4173 1465 4242 legem,
1511 4178 1670 4246 cujus
1700 4190 1896 4235 auctor
1920 4193 2058 4251 erat,

477 4253 818 4327 infringeret.
855 4256 963 4313 Sed
1009 4275 1188 4329 neque
1227 4277 1413 4318 verum
1459 4278 1564 4332 est,
1597 4271 1742 4338 quod
1774 4271 1968 4338 Οτι-διώ,
2007 4285 2061 4330 et

477 4344 618 4400 inter
640 4357 868 4405 caeteros
910 4347 1216 4417 'Cedrenus,
1258 4369 1322 4410 ac
1369 4355 1710 4428 Nicephorus
1755 4363 2055 4432 affirmant,

2092 3130 2138 3192 C

2174 1906 2378 1966 aperte,
2412 1913 2475 1951 ac
2506 1898 2639 1952 citra
2679 1898 2938 1968 ambages
2981 1899 3254 1968 signifieat
3289 1914 3304 1950 :
3353 1899 3598 1968 primum
3641 1917 3734 1969 cap.

2173 1988 2333 2052 xm,l
2364 2005 2377 2041 :
2408 1987 2522 2057 Πρὸ
2559 1988 2657 2058 τῆς
2678 1987 2872 2057 ἑορτῆς
2895 1987 2987 2040 τοῦ
3013 1987 3226 2058 Πάςχα,
3257 1990 3459 2044 scribit
3492 1990 3733 2044 Christum

2135 2053 2150 2067 κ
2171 2080 2429 2147 paschale
2463 2053 2570 2134 suo
2605 2053 2920 2138 defunctum
2952 2120 2966 2143 ,
3016 2080 3068 2135 id
3112 2091 3197 2134 est
3230 2083 3372 2135 Ante
3424 2081 3617 2150 festum
3652 2083 3736 2134 Pc-

2171 2171 2326 2224 sclta'.
2361 2170 2494 2225 Item
2526 2186 2646 2240 cap.
2683 2187 2844 2237 xvm,
2874 2171 2965 2236 28,
2993 2171 3213 2227 Judazos
3243 2174 3320 2227 ait
3380 2173 3512 2242 ipso
3550 2175 3633 2228 die
3661 2191 3736 2244 pa-

2170 2277 2420 2316 rasceves
2450 2262 2652 2330 ingredi
2675 2261 2906 2315 noluisse
2927 2263 3267 2331 praetorium,
3315 2279 3384 2315 ne
3428 2264 3736 2315 contamina-

2180 2359 2384 2414 rentur,
2417 2351 2508 2404 θεά
2527 2358 2583 2402 ιιι
2606 2351 2930 2404 comederent
2965 2352 3194 2407 Pascha.
3232 2353 3313 2406 Ad
3337 2352 3466 2407 haec
3493 2365 3611 2421 cap.
3647 2368 3736 2417 xix,

2171 2444 2256 2499 με
2292 2444 2422 2498 Erat
2442 2453 2617 2498 autem
2637 2460 2919 2513 parasceve
2952 2442 3192 2506 Pascitur,
3222 2445 3354 2497 hora
3403 2447 3567 2515 quasi
3597 2459 3736 2498 sexta.

2167 2535 2375 2590 Caetera
2425 2536 2513 2590 vel
2569 2535 2904 2600 testimonia,
2956 2535 3042 2590 vel
3090 2546 3430 2605 argumenta
3485 2546 3733 2606 praetereo.

2171 2632 2312 2685 Sunt
2340 2631 2484 2686 enim
2513 2630 2616 2685 ista
2659 2632 2958 2701 praecipua.

2236 2721 2358 2776 Jam
2395 2723 2447 2776 in
2486 2731 2637 2778 tanto
2699 2723 3019 2792 opinionum
3061 2725 3572 2795 auctoritatumque
3624 2739 3731 2779 coa-

2168 2814 2336 2876 f'lictu,
2355 2815 2408 2867 in
2433 2828 2498 2868 eo
2523 2813 2868 2883 potissimum
2889 2815 3345 2884 acquiescendum
3369 2817 3588 2886 judico,
3612 2823 3731 2887 quod

2169 2905 2236 2958 iis
2279 2903 2612 2959 testimoniis
2657 2904 2995 2973 approbatur
3023 2945 3036 2969 ,
3091 2920 3213 2975 qua:
3241 2906 3298 2959 in
3329 2906 3571 2961 alteram
3618 2906 3731 2960 trahi

2169 2994 2822 3064 sententiamnequeant,
2870 3011 2995 3050 eum
3056 3005 3272 3063 czetera,
3324 3013 3456 3066 qua:
3485 2999 3729 3052 contraria

2169 3086 2439 3151 videntur,
2479 3085 2758 3140 conciliari
2791 3087 3163 3156 explicarique
3223 3089 3468 3157 possint.
3515 3089 3583 3142 At
3611 3090 3732 3158 ejus-

2173 3178 2317 3233 modi
2351 3187 2432 3232 est
2462 3178 2728 3247 posterior
2761 3178 2873 3244 illa,
2928 3194 3093 3247 quam
3145 3178 3496 3249 Epiphanius
3543 3192 3731 3234 secutus

2167 3277 2268 3333 est,
2295 3270 2560 3324 sententia
2588 3287 2601 3323 :
2633 3270 2854 3325 cuinon
2887 3270 3072 3339 pauci.
3128 3271 3405 3340 iidemque
3436 3272 3730 3326 auctoritate

2166 3369 2218 3415 et
2245 3362 2549 3415 eruditione
2591 3362 2863 3432 principes
2892 3362 3173 3434 su‘firagati
3207 3373 3373 3418 sunt:
3415 3365 3725 3433 maximeque

2167 3451 2368 3506 Paulus
2396 3451 2721 3522 Burgensis;
2758 3451 2962 3508 Paulus
3006 3453 3591 3526 Ferosemproniensis
3638 3457 3726 3526 epi-

2167 3559 2399 3611 scopus;
2429 3542 2669 3599 Joannes
2691 3544 2947 3610 Lucidus,
2972 3545 3261 3611 Onufrius,
3285 3545 3606 3614 Jansenius,
3625 3548 3723 3602 Slat-

2166 3636 2401 3689 douatus
2437 3643 2639 3700 noster,
2690 3643 2744 3689 et
2771 3635 2885 3690 alii.
2921 3634 3245 3706 Quanquam
3285 3650 3338 3693 et
3367 3639 3435 3705 ii,
3467 3650 3525 3693 et
3563 3655 3721 3693 omnes

2165 3726 2297 3790 fere,
2325 3727 2418 3795 qui
2466 3727 2729 3781 hactenus
2775 3726 2914 3781 hanc
2959 3727 3274 3797 Opinionem
3308 3732 3554 3800 amplexi
3599 3743 3718 3793 sunt,

2164 3818 2230 3872 ad
2260 3819 2531 3888 vulgatam
2566 3818 2714 3872 illam
2741 3817 3003 3874 festorum
3039 3823 3484 3890 translationem,
3509 3836 3561 3880 et
3588 3824 3720 3878 feria-

2165 3923 2286 3960 rum
2317 3908 2583 3961 delectum
2607 3906 2899 3976 confugere
2920 3910 3118 3978 solent,
3161 3913 3601 3983 existimantque
3631 3915 3718 3982 pri-

2164 4015 2314 4052 mum
2346 4014 2664 4069 azymorum
2694 4000 2837 4055 diem
2887 4018 3168 4072 nunquam
3204 4019 3233 4058 a
3264 4004 3476 4061 Judaeis
3529 4006 3649 4060 feria
3677 4019 3715 4055 ιι

2163 4088 2515 4144 celebratum.
2547 4088 2749 4146 Verum
2780 4091 3023 4146 nondum
3069 4093 3216 4147 istud
3251 4093 3464 4148 Christi
3499 4103 3710 4163 tempore

2162 4181 2516 4236 constitutum
2549 4182 2738 4251 fuisse,
2763 4185 2960 4240 docent
2991 4185 3213 4255 ipsimet
3242 4183 3485 4239 Hebrmi.
3516 4186 3592 4238 Ac
3611 4199 3713 4252 pro.

2163 4273 2304 4328 fecto
2334 4275 2380 4330 si
2414 4275 2853 4344 rejiciendarum,
2886 4278 3447 4347 aseiscendarumque
3484 4277 3710 4333 feriarum

2161 4365 2432 4420 ordinaria
2465 4353 2654 4423 fuisset
2681 4369 2771 4422 illa
2801 4369 2963 4436 ratio,
2999 4378 3163 4440 atque
3193 4369 3261 4423 ab
3296 4371 3569 4425 universis
3591 4385 3713 4422 rere-

477 4435 756 4494 Christttm
784 4441 872 4496 die
891 4445 1095 4499 mensis
1118 4463 1238 4516 xm,
1266 4464 1372 4503 non
1411 4466 1502 4504 xrv
1524 4453 1831 4521 paschalem
1856 4457 2060 4514 obiisse
2091 4461 2132 4514 D
2163 4467 2274 4528 pta,
2301 4475 2478 4529 neque
2499 4459 2754 4516 Christus
2781 4461 3064 4527 Dominus,
3090 4480 3194 4518 nec
3211 4465 3300 4518 ulli
3324 4463 3706 4519 omninoJudai

478 4543 740 4586 canam:
790 4549 967 4604 neque
1007 4538 1060 4591 id
1110 4538 1449 4610 Epiphanius
1513 4545 1712 4612 sentit;
1769 4555 1829 4601 ut
1870 4553 2053 4621 magni

477 4620 699 4688 quidam
731 4625 832 4677 viri
869 4628 1241 4684 crediderunt.
1269 4631 1385 4687 lmo
1429 4650 1556 4689 vero
1590 4638 1751 4691 etiam
1792 4649 1920 4695 ante
1953 4620 2051 4696 xm

477 4713 664 4768 lunam
697 4716 876 4786 egisse
916 4717 1126 4774 Pascha
1164 4727 1376 4789 statuit,
1416 4727 1519 4782 hoc
1555 4739 1642 4784 est
1681 4743 1912 4788 exeunte
1952 4733 2052 4790 Ju-

476 4805 632 4861 daica
663 4807 792 4862 luna
829 4825 930 4873 xu,
971 4810 1188 4868 Niczena
1218 4830 1350 4870 vero
1385 4833 1461 4883 xl,
1496 4830 1555 4874 ut
1593 4837 1695 4876 suo
1725 4823 1844 4879 loco
1873 4826 2054 4882 decla-

475 4904 655 4952 ratum
685 4906 787 4954 est.
826 4898 930 4956 Sed
969 4903 1277 4960 obscuritas
1323 4909 1426 4963 loci
1468 4909 1618 4978 facit,
1661 4924 1719 4968 ut
1750 4916 1816 4968 iis
1857 4933 2051 4974 conce-

472 4988 648 5043 denda
691 4991 846 5045 venia
891 4994 985 5060 sit,
1046 4996 1141 5064 qui
1191 4996 1331 5053 falso
1381 5000 1671 5072 Epiphanii
1724 5011 2046 5064 sententiam

472 5080 812 5151 interpretati
836 5095 984 5142 sunt.
1021 5087 1224 5146 Verum
1258 5095 1460 5149 omissa
1497 5095 1870 5155 Graeculorum
1912 5119 2048 5158 con--

470 5173 760 5239 trorersia,
795 5191 918 5244 qua;
949 5177 1282 5238 difficultatis
1332 5184 1495 5240 habet
1542 5188 1699 5256 nihil,
1746 5191 1800 5244 in
1837 5193 2046 5264 reliqua

467 5263 617 5316 omni
669 5267 973 5334 quaestione
1030 5276 1314 5330 tractanda
1365 5292 1432 5335 eo
1489 5279 1768 5339 breviores
1816 5286 2043 5355 erimus,

467 5355 610 5420 quod
641 5358 884 5446 plerique
912 5363 1028 5418 suis
1058 5364 1206 5420 illam
1240 5368 1463 5438 scriptis
1498 5373 1785 5443 diligenter
1811 5379 2048 5446 explica-

468 5453 613 5497 runt.
650 5445 1018 5512 Quamobrem
1051 5456 1338 5527 utriusque
1379 5460 1553 5528 partis
1583 5464 1824 5522 rationes
1853 5445 2043 5537 paucis

467 5532 799 5592 astimandae
819 5550 969 5596 sunt.

538 5623 640 5688 Qui
671 5628 856 5684 eadem
886 5632 994 5698 die,
1025 5653 1132 5706 qua
1176 5639 1354 5697 Judaei
1394 5647 1598 5708 caeteri,
1633 5647 1838 5705 Pascha
1895 5655 2040 5710 cele-

470 5717 655 5771 brasse
687 5718 970 5777 Christum
990 5727 1211 5797 volunt,
1243 5737 1696 5802 evangelistaruin
1737 5746 1896 5814 trium
1937 5763 2036 5801 au—

2163 4551 2505 4616 ueomenias,
2565 4551 2840 4623 festosque
2882 4555 3000 4610 dies
3058 4556 3256 4619 aliter,
3291 4572 3458 4626 quam
3489 4573 3551 4611 ex
3601 4557 3706 4625 legis

2163 4643 2320 4697 istius
2353 4643 2667 4712 praescripto
2709 4646 3095 4700 celebrassent.
3126 4646 3244 4700 Non
3281 4649 3427 4701 enim
3477 4662 3702 4717 praeceps.

2161 4750 2261 4788 nee
2284 4735 2511 4802 abrupta
2547 4735 2648 4789 fuit
2673 4737 2930 4791 feriarum
2961 4739 3051 4792 illa
3076 4740 3325 4801 mutatio,
3354 4741 3451 4793 sed
3475 4741 3581 4808 jam
3611 4751 3703 4790 tum

2160 4824 2213 4878 in
2249 4825 2369 4894 ipso
2399 4826 2526 4878 anni
2575 4825 2749 4894 capite
2775 4827 3047 4895 provideri
3117 4843 3181 4880 ac
3210 4828 3482 4897 designari
3505 4840 3703 4881 consuc-

2159 4925 2326 4970 verat.
2353 4915 2506 4970 Velut
2536 4932 2679 4971 anno
2709 4918 2981 4986 passionis
3004 4916 3207 4973 factum
3238 4933 3359 4973 esse
3381 4933 3449 4972 ex
3476 4917 3702 4987 opinione

2162 5006 2424 5078 Scaligeri
2455 5025 2618 5079 supra
2645 5009 2886 5065 diximus
2925 5026 2940 5063 :
2988 5009 3041 5064 in
3067 5026 3177 5080 quo
3213 5025 3338 5066 cum
3363 5008 3504 5065 Tisri
3537 5025 3565 5062 a
3589 5008 3698 5062 feria

2158 5116 2208 5154 tv
2236 5101 2289 5154 in
2319 5117 2350 5155 v
2386 5103 2718 5166 transiisset,
2753 5116 3095 5172 consequens
3123 5101 3247 5167 fuit,
3275 5112 3402 5156 utet
3425 5101 3585 5156 Nisan
3611 5117 3636 5153 a
3657 5115 3696 5152 ιί

2139 5193 2585 5252 -sttbmoveretur
2631 5195 2685 5248 in
2716 5208 2809 5248 νιι.
2842 5192 2958 5248 Hoc
2983 5194 3144 5264 igitur
3177 5194 3224 5249 si
3251 5195 3468 5266 vulgare
3503 5211 3564 5249 ae
3597 5208 3695 5263 per-

2154 5293 2379 5353 petuum
2411 5296 2580 5350 esset,
2607 5300 2768 5340 nemo
2791 5300 2822 5340 a
2849 5287 3130 5341 communi
3155 5289 3543 5342 consuetudine
3573 5301 3692 5340 rece-

2153 5378 2324 5433 deret.
2358 5376 2628 5445 Quocirca
2656 5380 3144 5434 extraordinariam
3179 5382 3490 5450 quamdam,
3520 5389 3571 5435 et
3601 5381 3690 5433 sin-

2154 5469 2398 5539 gularem
2435 5471 2899 5539 perturbationem
2944 5472 3222 5526 exstitisse
3274 5472 3559 5528 verisimile
3607 5481 3684 5531 est,

2169 5578 2274 5633 tua:
2307 5578 2372 5618 eo
2420 5563 2684 5618 duntaxat
2730 5579 2918 5618 mense
2968 5565 3280 5634 contigerit,
3331 5581 3438 5635 quo
3467 5565 3686 5619 Chrisws

2153 5673 2349 5726 passus
2374 5665 2458 5710 est
2489 5675 2503 5712 :
2531 5655 2667 5711 adeo
2697 5668 2754 5710 ut
2795 5672 2900 5712 non
2933 5658 3049 5726 ipse
3078 5659 3256 5713 solum
3287 5674 3411 5712 cum
3442 5657 3680 5725 awstolis.

2151 5750 2241 5804 sed
2271 5759 2319 5804 et
2349 5749 2438 5803 alii
2459 5748 2679 5817 diverso
2709 5766 2736 5802 a
2768 5750 2976 5804 (.‘tPiCl'iS
3002 5751 3087 5806 die
3115 5752 3460 5808 celebrarint.
3493 5748 3612 5803 Nam
3641 5756 3682 5798 ct
