3874 6398
173 401 320 462 989
1175 410 1262 466 or:
1302 405 1490 467 ANNO
1531 405 1620 466 ET
1661 412 1772 468 ma
1813 386 2166 470 ῘίΟΜῙΝΙΟΑΞ
2212 413 2586 471 PASSIONIS.
3399 415 3506 475 990

177 525 362 584 illud
397 528 699 600 Epiphanii
729 533 891 586 verba
925 531 1040 602 ipsa
1072 534 1373 600 declarant,
1411 550 1535 588 cum
1573 535 1817 605 θόρυϐον,
1854 543 1896 597 Α
1923 535 2272 606 evangelistis
2324 545 2516 591 contra
2573 534 2714 587 hanc
2763 530 3074 601 opinionem
3129 530 3502 599 adducuntur,

178 630 264 671 ac
301 617 731 675 dissensionem
789 621 846 674 in
900 621 1150 678 obeunda
1208 623 1523 678 celebritate
1563 623 1820 680 incidisse
1929 626 2079 680 nullo
2109 627 2326 694 negotio
2359 625 2746 680 conciliantur.
2778 620 3017 675 Primam
3050 621 3194 676 enim
3229 623 3302 677 illi
3355 622 3501 679 diem

177 704 338 777 sign
350 710 569 765 iﬁcaut.

1926 717 2256 788 Azymornm
2295 724 2494 770 vocant
2533 730 2652 770 eam
2686 712 2912 777 scilicet,
2941 713 3098 782 cujus
3134 713 3188 767 in
3216 729 3502 781 vesperam

271 797 461 856 Hunc
500 803 555 856 in
605 802 828 858 modum
875 803 1146 873 explicata
1188 821 1217 860 a
1249 807 1410 864 nobis
1473 825 1539 865 ac
1596 809 1815 865 defensa
1924 800 2475 862 Paschae.celebritas
2501 847 2514 871 ,
2546 816 2600 859 et
2630 804 2962 876 Azymorum
2991 799 3204 857 initium
3251 805 3502 860 incurro-

179 893 546 947 communis
578 893 669 947 illa
712 895 980 949 sententia
1016 897 1186 951 multo
1223 914 1386 968 quam
1418 899 1584 954 altera
1620 902 1818 970 proba-
1923 907 2025 961 ret,
2056 899 2244 964 utique
2274 914 2341 952 ex
2369 898 2504 966 lege,
2545 895 2924 962 majorumque
2962 893 3316 962 praescripto:
3351 895 3496 962 quod

179 980 392 1037 biliur
443 984 586 1039 mihi
618 985 854 1052 videtur,
883 1001 1009 1040 cum
1057 996 1165 1041 tam
1197 989 1400 1044 diserta
1450 1005 1822 1060 expressaque
1922 991 2362 1044 animadvertetis
2407 986 2582 1040 Lucas
2623 984 2920 1054 prudenter
2967 981 3192 1051 adjecit,
3224 976 3343 1056 ὲνῇ
3389 981 3499 1035 ἔδει

177 1070 457 1131 Joannis
505 1077 818 1132 testimonia
856 1078 1001 1141 sint,
1054 1079 1200 1133 nulla
1250 1094 1309 1134 ut
1342 1082 1614 1135 cavillatio
1643 1083 1815 1150 possit
1921 1081 2165 1144 θύεσθαι,
2197 1081 2354 1150 quasi
2393 1079 2614 1133 Scribas
2647 1093 2712 1158 ac
2750 1076 3056 1130 Pharisaeos
3089 1076 3307 1144 oblique
3347 1085 3499 1130 nota.

177 1162 471 1220 eludere.
502 1164 659 1232 Quud
705 1168 848 1220 enim
879 1168 1019 1222 diem
1048 1168 1241 1238 festum
1297 1167 1516 1226 Pascha:
1545 1187 1642 1239 pro
1668 1171 1811 1226 civili
1920 1180 2022 1238 ret,
2059 1172 2152 1241 qui
2185 1174 2240 1224 ὲν
2344 1171 2446 1224 οὐκ
2465 1169 2572 1222 ἔδει
2599 1168 3061 1223 sacriﬁcaverant.
3085 1165 3318 1235 Adjuvat
3340 1181 3494 1221 com~

179 1253 340 1324 ipso
374 1256 507 1322 die,
543 1271 607 1310 ac
638 1257 732 1310 τοῦ
767 1257 1113 1328 νυχθημέρου
1155 1259 1443 1328 posteriori
1485 1267 1638 1328 parte
1666 1259 1809 1314 sumi
1919 1276 2141 1316 munem
2177 1261 2319 1314 hanc
2369 1259 2876 1329 interpretationem
2928 1257 3246 1326 conjectura
3281 1256 3370 1309 illa
3402 1271 3494 1312 ut.-

178 1345 449 1412 quidam
486 1347 824 1411 existimant,
859 1364 1034 1418 qutea
1066 1351 1312 1418 sequenti
1343 1358 1466 1404 ortu
1505 1349 1636 1403 solis
1673 1349 1810 1403 inci-
1916 1361 2052 1414 stra,
2110 1367 2277 1421 quam
2342 1359 2500 1404 antea
2559 1349 2986 1418 proposuimus:
3037 1347 3305 1415 ejusmodi
3365 1354 3494 1400 tunu

179 1448 370 1505 pes-et
400 1457 416 1492 :
453 1437 505 1491 id
537 1439 628 1492 alii
654 1439 849 1493 merito
879 1440 1188 1509 repudiarit.
1236 1438 1426 1508 Neque
1470 1441 1617 1494 enim
1648 1455 1806 1494 com-
1917 1442 2084 1497 fuisse
2115 1442 2484 1496 celebritatem
2521 1439 2834 1502 Paschatis,
2877 1447 2936 1493 ut
2990 1453 3115 1492 cum
3165 1446 3492 1506 praepostere

181 1530 418 1584 modus
454 1529 542 1584 hic
595 1545 792 1585 sensus
830 1531 1088 1585 videtur:
1117 1531 1254 1585 Ante
1297 1531 1490 1600 festum
1525 1530 1806 1584 Paschatis
1913 1545 1978 1584 ac
2011 1531 2324 1599 perturbate
2367 1545 2396 1583 a
2431 1529 2666 1583 concilio
2698 1527 3080 1582 denuntiatum
3109 1535 3275 1589 esset,
3327 1531 3493 1595 atqut‘

180 1618 469 1674 Christus
500 1620 714 1674 Pascha
744 1622 1026 1675 celebravit
1051 1639 1069 1676 :
1101 1624 1242 1692 quod
1267 1637 1333 1678 ex
1354 1624 1456 1678 ista
1492 1624 1803 1692 responsio-
1911 1621 2074 1676 etiam
2107 1621 2182 1674 illi
2213 1619 2451 1675 fortasse
2470 1620 2832 1689 praestitutam
2867 1618 3236 1680 neomeniam,
3261 1617 3484 1672 Pascha-

182 1726 274 1765 ne
313 1711 592 1782 sequitur.
638 1711 858 1766 Falsum
900 1724 955 1768 et
980 1713 1113 1768 illud
1144 1726 1249 1780 est,
1283 1714 1430 1783 quod
1463 1715 1531 1768 de
1563 1715 1803 1768 secundo
1911 1710 2089 1780 tisque
2123 1711 2266 1764 diem
2305 1709 2697 1773 retexuissent,
2733 1708 2978 1777 plerique
3011 1722 3134 1761 cum
3181 1705 3404 1761 Christo
3433 1715 3490 1760 et

182 1800 452 1860 Joannis
485 1805 802 1859 testimonio
832 1805 1034 1860 dicitur
1065 1824 1079 1860 :
1111 1805 1442 1860 Manducare
1474 1805 1704 1873 Pascha,
1735 1807 1801 1860 de
1909 1799 2172 1868 apOStolis
2214 1800 2355 1853 diem
2389 1799 2541 1852 illum
2563 1797 2964 1853 observandum
3014 1797 3347 1865 putaverint,
3375 1809 3487 1866 quo

184 1911 550 1966 quocunque
591 1895 937 1950 victimarum
971 1901 1228 1966 usurpari
1279 1913 1476 1969 genere
1500 1940 1514 1964 ,
1554 1913 1673 1968 quae
1707 1913 1801 1968 per
1831 1898 1873 1950 Β
1903 1893 2075 1961 prius,
2107 1899 2163 1944 et
2184 1890 2403 1959 quidem
2431 1889 2673 1959 legitimo
2704 1899 2948 1956 tempore
2981 1886 3158 1940 fuerat
3192 1887 3481 1952 indictum,

186 1996 477 2056 septenos
504 1986 621 2042 dies
646 1986 1019 2042 immolantur.
1061 1987 1220 2053 Quod
1257 2003 1323 2042 ex
1357 1987 1650 2043 Denteron.
1684 2005 1796 2054 xvr,
1903 1999 2082 2054 neque
2134 1999 2329 2037 vanam
2385 1982 2531 2036 illam
2597 1981 2984 2050 magistrorum
3036 1979 3482 2033 retractationem

185 2075 259 2141 3,
297 2087 356 2132 et
393 2077 436 2129 ll
469 2075 732 2148 Paralip.,
778 2093 898 2148 cap.
947 2093 1053 2131 xxx
1141 2093 1206 2132 ac
1266 2079 1799 2148 xxxv,comprobare
1901 2077 2234 2132 curaverint.
2277 2074 2355 2128 Ex
2399 2089 2509 2144 quo
2542 2073 2744 2126 factum
2781 2072 2850 2126 sit
2880 2113 2894 2137 ,
2930 2079 2989 2124 ut
3023 2070 3260 2141 apostoli
3294 2077 3483 2140 parata

187 2168 434 2222 nititur.
454 2165 647 2223 Nullus
674 2176 758 2223 est
778 2168 922 2222 enim
944 2167 1241 2237 Seripturaa
1263 2169 1436 2233 locus,
1454 2169 1542 2222 ubi
1566 2167 1802 2222 Pascha—
1906 2168 2048 2237 apud
2078 2167 2230 2220 illum
2257 2167 2529 2234 hospitem
2561 2161 2746 2217 omnia
2783 2161 3109 2231 repererint.

187 2259 300 2324 tis,
330 2260 453 2314 sive
503 2258 678 2315 Phase
725 2258 988 2314 vocabulo
1042 2259 1362 2314 holocausta
1413 2275 1477 2314 ac
1529 2258 1778 2314 sacriﬁci:

1967 2258 2084 2312 Col.
2104 2257 2209 2311 935
2228 2256 2290 2310 D.
2314 2253 2801 2324 Συλλαμϐάνεται
2816 2251 2884 2306 δὲ
2908 2251 2980 2321 τῇ
3005 2252 3192 2320 τρίτῃ.
3215 2250 3335 2306 1am
3358 2251 3478 2308 hac

187 2360 410 2406 cmtera
473 2351 882 2421 signiﬁcentur,
938 2359 997 2405 ut
1029 2351 1101 2404 sit
1161 2350 1300 2405 idem
1343 2351 1671 2415 sacriﬁcare,
1715 2351 1798 2404 vel
1898 2347 2080 2402 facilia
2131 2356 2278 2408 sunt,
2340 2345 2612 2399 intellecta
2641 2343 2806 2397 semel
2841 2341 3142 2412 jEpiphanii
3187 2343 3475 2396 sententia.

189 2443 552 2499 manducare
585 2441 782 2508 Phase,
820 2443 967 2513 quod
1027 2459 1122 2498 eas
1152 2442 1438 2496 immolare
1476 2457 1540 2496 ac
1569 2441 1798 2495 mandu-
1898 2439 2219 2508 Quanquam
2246 2437 2593 2491 librariorum
2617 2435 2775 2504 culpa
2796 2435 3043 2503 quaedam
3069 2447 3196 2488 sunt
3216 2443 3477 2501 concepta

190 2551 334 2591 care
366 2537 644 2603 victimas,
670 2551 792 2605 quae
819 2551 915 2605 per
941 2545 1200 2605 septenos
1231 2549 1550 2606 azymorum
1580 2533 1696 2588 dies
1738 2533 1793 2586 in

190 2629 416 2698 templo
448 2627 848 2682 mactabantur.
897 2626 976 2681 Ac
1026 2625 1433 2680 Deuteronomii
1466 2625 1683 2695 quidem
1713 2624 1794 2679 lo-

193 2733 305 2772 cus
332 2717 411 2770 ita
436 2716 826 2785 concipiendus
866 2726 950 2771 est
980 2733 992 2768 :
1035 2714 1447 2786 Immolabisque
1480 2715 1654 2768 Phase
1681 2715 1793 2768 Do-

191 2810 351 2862 mino
404 2808 513 2862 Deo
547 2819 672 2863 tuo:
706 2824 845 2872 oves,
897 2817 945 2861 et
993 2809 1162 2862 boves.
1191 2807 1357 2871 LXX,
1381 2807 1484 2860 Καὶ
1521 2806 1705 2869 θύσεις
1724 2807 1790 2858 τὸ

194 2900 405 2971 Πάσχα
425 2901 616 2972 Κυρίῳ
645 2899 726 2970 τῷ
756 2899 874 2970 Θεῷ
903 2917 1016 2964 σου,
1046 2899 1287 2970 πρόὸατα
1318 2899 1410 2951 καὶ
1441 2897 1585 2968 βόας.
1629 2897 1792 2954 Jubet

150 3017 156 3022 ι’
195 2993 475 3046 nimirum
507 3003 698 3060 prazter
728 2990 940 3046 Pascha
974 2994 1137 3047 etiam
1172 2992 1310 3045 alias
1337 2991 1608 3045 immolari
1631 2992 1788 3046 victi-

199 3100 326 3138 mas
357 3102 372 3150 ;
400 3100 508 3138 non
534 3095 714 3138 autem
738 3099 831 3139 cas
862 3084 1113 3138 victimas
1143 3083 1378 3154 appellat
1418 3082 1611 3136 Phase.
1667 3081 1786 3137 Jam

195 3176 364 3241 illud,
395 3177 539 3244 quod
571 3175 612 3228 ll
646 3174 850 3242 Paral.,
871 3191 919 3230 c.
969 3175 1410 3245 xxx\',scriptutn
1469 3174 1740 3229 aﬁirmant
1770 3192 1784 3241 ;

1897 2546 2213 2601 perperam;
2241 2545 2362 2598 qua:
2382 2527 2781 2596 Diagrammate
2796 2525 3112 2594 corrigenda
3131 2533 3278 2578 sunt.
3302 2522 3477 2580 Crete-

1896 2638 2018 2676 rum
2043 2621 2313 2692 ήμερινήν
2365 2633 2484 2672 eam
2531 2619 2716 2671 lunam
2748 2623 2928 2681 vocat,
2982 2632 3104 2684 qua:
3141 2616 3372 2670 civiliter
3402 2621 3473 2676 ab

1897 2721 2017 2767 ortu
2046 2712 2178 2766 solis
2210 2709 2276 2764 ad
2320 2723 2574 2764 occasum
2616 2706 2961 2776 perducitur;
2994 2707 3313 2776 νυκτερινήν
3342 2719 3473 2760 vero

1902 2817 2024 2872 quae
2072 2809 2285 2855 noctem
2323 2805 2569 2863 occupat.
2603 2794 2722 2862 Qua
2752 2811 2819 2850 ex
2863 2793 3246 2849 observatione
3277 2807 3472 2848 corru-

1893 2902 1996 2962 pta:
2025 2890 2272 2946 lectionis
2305 2890 2496 2942 vitium
2538 2900 2635 2957 per
2663 2900 2783 2940 sese
2822 2878 3088 2954 proditur.
3143 2882 3336 2939 Scribo
3366 2884 3470 2955 igi-

1892 2994 1982 3038 tur
2005 3025 2018 3048 ,
2057 2991 2282 3036 auctore
2322 2977 2592 3048 Keplero:
2645 2977 2879 3047 Πέμπτη
2926 2976 3343 3048 τρισκαιδεκάτῃ
3372 2994 3469 3031 νυ-

1891 3073 2135 3145 κτερινὴ,
2159 3070 2396 3142 ἡμερινὴ
2421 3069 2478 3123 δὲ
2522 3068 2822 3137 δωδεκάτη.
2853 3066 3009 3133 Quod
3053 3067 3242 3135 utique
3278 3081 3469 3122 neces-

1889 3167 2094 3219 sarium
2125 3175 2230 3225 est,
2261 3163 2306 3218 si
2341 3162 2538 3232 τετράς
2589 3160 2773 3224 fuerit,
2807 3157 3084 3229 δωδεκάτη
3140 3160 3463 3229 νυκτερινὴ,

196 3234 445 3335 quodin-1
473 3267 656 3320 diebus
687 3234 938 3336 agebatur
963 3234 1156 3328 Phase,
1192 3274 1239 3318 et
1263 3234 1778 3319 ιῖοιηείιειθαιιινΡΙιαἐ

1889 3272 2012 3310 nam
2047 3256 2129 3309 lite
2157 3255 2259 3308 sibi
2304 3254 2534 3307 invicem
2582 3250 2902 3314 succedunt,
2953 3259 3150 3317 atquae
3177 3251 3464 3322 νυκτερινὴ

196 3353 276 3421 δέ,
301 3359 450 3413 unde
481 3358 790 3426 acceperint
827 3357 1034 3411 nescio.
1069 3355 1347 3425 Nusquam
1378 3357 1524 3410 enim
1572 3358 1622 3411 id
1654 3358 1786 3426 legi-

195 3461 312 3504 tur.
349 3447 492 3515 Quin
529 3449 712 3518 potius
737 3447 950 3502 Pascha
981 3448 1193 3502 caeteris
1231 3447 1299 3500 ab
1341 3446 1628 3502 sacriﬁciis
1671 3463 1786 3501 ma-

195 3542 404 3596 nifeste
437 3541 800 3607 discernitur,
844 3556 964 3610 cap.
996 3555 1129 3604 xxx,
1157 3553 1300 3592 com.
1336 3538 1419 3604 15,
1452 3547 1505 3594 et
1536 3554 1584 3594 c.
1618 3555 1782 3608 xxxv,

195 3648 346 3690 com.
388 3634 455 3687 16
475 3642 529 3687 et
563 3632 648 3687 17.

271 3727 560 3781 Postremo
607 3724 963 3780 Parascevem
1018 3723 1243 3779 Pascha:
1273 3723 1517 3780 inaudita
1549 3725 1781 3796 quadam

195 3819 462 3890 loquendi
503 3817 719 3872 ratione
769 3817 972 3890 dictam
1026 3817 1215 3872 volunt
1258 3817 1614 3874 Parascevem
1646 3817 1782 3873 Sali-

196 3913 336 3974 bati,
374 3926 498 3980 quae
526 3911 715 3963 eadem
739 3920 793 3963 et
813 3908 1040 3974 Pascha,
1075 3909 1192 3964 sive
1217 3910 1394 3979 prima
1423 3910 1540 3966 dies
1561 3926 1785 3981 azymo-

199 4021 323 4058 rum
354 4013 520 4058 esset.
544 4000 734 4071 Neque
755 4001 900 4054 enim
917 3999 1204 4056 Paschalis
1232 4002 1396 4054 ullam
1425 3999 1781 4057 Parascevem

195 4095 372 4151 fuisse
415 4105 667 4157 censent;
708 4094 966 4163 quoniam
1001 4092 1148 4145 nulla
1198 4091 1370 4161 pridie
1399 4091 1545 4147 illius
1566 4092 1672 4146 diei
1703 4093 1782 4146 ci-

193 4187 350 4244 baria
386 4185 740 4254 parabantur,
767 4199 893 4238 eum
925 4183 977 4236 id
1022 4183 1141 4252 ipso
1203 4182 1342 4237 festo
1368 4182 1556 4237 liceret
1599 4197 1776 4252 agere.

193 4274 404 4332 Verum
438 4275 562 4345 quis
591 4283 694 4340 est,
719 4273 813 4344 qui
844 4273 1184 4328 tolerabilem
1215 4274 1357 4328 hanc
1383 4273 1638 4344 loquendi
1674 4273 1782 4328 for-

194 4385 340 4424 mam
377 4376 530 4437 putet
583 4382 724 4434 esse,
760 4375 820 4420 ut
851 4365 1157 4422 Parasceve
1189 4363 1478 4421 Paschalis
1511 4367 1584 4422 sit
1614 4365 1779 4420 Para-

193 4477 356 4517 sCeve
392 4459 638 4522 Sabbati,
669 4458 723 4511 in
773 4473 938 4526 quam
969 4457 1221 4512 inciderit
1259 4457 1512 4513 Pascha?
1537 4456 1775 4514 Nimiutu

1888 3348 2074 3409 fuerit,
2110 3348 2202 3400 ﬁat
2239 3345 2490 3417 ἡμερινή.
2517 3341 2714 3396 Notum
2741 3341 2884 3396 enim
2919 3350 3004 3396 est
3048 3338 3268 3397 Iudaeos
3306 3357 3335 3395 a
3359 3353 3468 3397 τιο-

1888 3448 1971 3494 cte
2003 3439 2144 3493 diem
2166 3436 2457 3506 auspicari.
2479 3435 2714 3492 Deinde:
2753 3434 3141 3505 Προσάδὸατον
3167 3452 3467 3508 τεσσαρεσ-

1889 3529 2187 3598 καιδεκάτη
2209 3527 2496 3598 νυκτερινὴ
2536 3526 2644 3598 πρὸ
2671 3526 2968 3596 δεκατριῶν
2996 3525 3135 3580 Καλ.
3186 3525 3325 3582 Nam
3371 3541 3466 3582 su-

1885 3623 2067 3692 perior
2112 3621 2228 3688 dies
2273 3619 2382 3690 πρὸ
2427 3619 2841 3688 δεκατεσσάρων
2891 3618 3007 3688 jam
3066 3617 3275 3672 habuit.
3327 3617 3463 3675 Item

1884 3713 2158 3767 Σάὃὸατον
2186 3710 2644 3780 πεντεκαιδεκάτη
2662 3710 2972 3780 νυκτερινὴ.
2991 3706 3132 3764 Nam
3150 3709 3218 3764 de
3244 3707 3464 3766 Nicana

1884 3806 2011 3859 luna
2039 3803 2295 3874 loquitur,
2320 3817 2428 3856 non
2463 3801 2530 3856 de
2551 3799 2798 3856 Iudaica.
2835 3798 2969 3866 Quae
3000 3801 3184 3856 omnia
3205 3815 3272 3856 ex
3306 3814 3462 3873 supe-

1883 3897 2015 3954 riori
2043 3896 2307 3952 laterculo
2337 3893 2629 3966 repetenda
2664 3901 2814 3949 sunt.

1952 4009 2089 4065 ibid.
2103 4007 2566 4079 ’Emgpa'ia'xovaa
2580 4009 2866 4078 Κυριακή.
2884 4009 2989 4076 Qui
3004 4009 3149 4064 hunc
3169 4008 3460 4080 Epiphanii

1881 4103 2062 4158 locum
2095 4102 2387 4171 percurrit,
2418 4102 2704 4172 diligenter
2732 4101 2785 4157 id
2808 4101 3239 4156 animadvertere
3267 4101 3458 4170 debet;

1881 4191 2024 4260 quod
2052 4189 2323 4260 superiori
2357 4187 2744 4244 dissertatione
2793 4189 3017 4259 copiose
3047 4188 3305 4244 traditum
3334 4199 3455 4257 est;

1881 4281 2019 4338 falsa
2047 4283 2159 4336 haec
2185 4296 2327 4344 esse,
2353 4296 2475 4351 qua:
2505 4280 2573 4335 de
2599 4281 2729 4334 luna
2777 4281 3035 4336 dicuntur
3081 4281 3288 4345 omnia,
3313 4289 3367 4334 et
3391 4296 3456 4335 ex

1879 4372 2168 4443 Epiphanii
2199 4371 2627 4427 hallucinatione
2644 4369 2884 4441 profecta
2910 4389 2925 4438 ;
2951 4371 3044 4441 qui
3064 4372 3456 4441 aequinoctium

1883 4481 1914 4518 a
1943 4480 2045 4517 xxv
2103 4462 2283 4518 Martii
2315 4463 2380 4517 ad
2412 4478 2526 4517 xxu
2555 4478 2570 4526 ;
2598 4461 2958 4532 plenilunium
2987 4477 3117 4517 vero
3165 4462 3234 4517 ab
3263 4464 3453 4518 eadem

193 4554 297 4608 hoc
327 4550 626 4605 absurdum
661 4557 762 4604 est.
791 4547 896 4604 Sed
929 4559 983 4604 et
1013 4549 1142 4604 illud
1180 4550 1558 4615 falsissimum,
1586 4551 1776 4620 prima:
1805 4568 1851 4623 ι)
1881 4571 1985 4610 xw
2012 4555 2099 4609 die
2121 4570 2186 4610 ex
2217 4553 2434 4608 Nica-na
2476 4551 2733 4617 formula,
2769 4553 2850 4608 vel
2877 4554 3059 4624 potius
3086 4569 3118 4608 a
3155 4569 3281 4610 xxvr
3330 4569 3456 4625 per-

191 4643 299 4699 diei
331 4643 689 4713 Azymorum‘,
724 4650 1158 4709 carterorumque
1200 4641 1467 4696 festorum
1515 4640 1775 4697 Parasce—

192 4750 312 4789 Ven]
347 4732 554 4787 nullam
581 4731 772 4795 fuisse,
807 4731 952 4800 quod
975 4748 1041 4786 ex
1067 4730 1419 4788 Hebraeorum
1461 4734 1680 4804 scriptis
1705 4735 1774 4790 ab

192 4828 316 4885 aliis
350 4825 647 4880 refutatum
679 4833 782 4888 est,
816 4832 874 4877 ut
904 4827 956 4878 in
980 4839 1046 4879 eo
1071 4826 1396 4880 commorari
1421 4827 1556 4881 nihil
1581 4829 1653 4882 sit
1679 4843 1773 4882 ue-

191 4934 370 4976 oesse.
405 4915 504 4970 Est
527 4913 659 4970 illud
691 4914 911 4984 quidem
940 4924 1083 4968 recte
1116 4915 1168 4968 in
1202 4914 1495 4970 Annalibus
1521 4918 1774 4973 observa-

192 5025 331 5076 tum,
365 5009 515 5064 nulla
537 5007 836 5062 Parasceve
862 5006 930 5060 ad
961 5007 1114 5063 cibos
1141 5009 1193 5061 ir.
1218 5008 1412 5063 festum
1435 5011 1576 5064 diem
1608 5027 1773 5082 appa-

190 5104 394 5161 randos
421 5117 562 5172 opus
594 5101 784 5166 fuisse,
818 5099 965 5170 quod
990 5100 1044 5154 in
1075 5100 1207 5156 solis
1251 5099 1504 5157 Sabbatis
1534 5118 1770 5174 coquere

190 5196 346 5252 cibos
401 5193 750 5248 interdictum
791 5199 960 5256 esset,
992 5191 1180 5248 liceret
1210 5191 1264 5246 in
1298 5192 1508 5248 caeteris
1528 5235 1543 5260 ,
1573 5193 1630 5247 in
1658 5209 1768 5264 quo

190 5287 485 5356 plerosque
510 5285 659 5338 viros
709 5283 952 5339 eruditos
988 5283 1350 5339 hallucinatos
1395 5300 1519 5340 esse
1552 5287 1770 5341 monui-

191 5393 335 5432 mus.
365 5375 470 5430 Sed
498 5386 696 5446 praater
735 5375 940 5431 cibaria
971 5385 1185 5433 constat
1218 5376 1323 5430 alia
1354 5377 1600 5446 quaedam
1630 5393 1769 5448 prae-

191 5467 369 5539 parari
421 5467 771 5537 oportuisse,
824 5484 947 5539 quae
979 5477 1074 5523 aut
1120 5469 1325 5538 absque
1375 5470 1558 5524 servili
1603 5484 1768 5541 Opere

191 5558 438 5630 praestari
470 5573 577 5612 non
605 5567 849 5627 possent,
871 5569 963 5612 aut
993 5557 1060 5612 ad
1098 5560 1271 5628 ipsius
1311 5560 1432 5616 festi
1481 5563 1767 5619 celebrita-

190 5663 296 5708 tem
329 5650 620 5703 ineundam
663 5652 929 5705 anteverti
969 5651 1246 5706 deberent.
1310 5654 1579 5720 Quocirca
1628 5655 1764 5711 nihil

188 5751 294 5805 est,
331 5742 479 5812 quod
505 5742 768 5799 adversus
798 5751 907 5798 tam
940 5743 1242 5800 evidentem
1279 5745 1505 5804 Joannis
1531 5751 1764 5806 auctori-

115 5877 129 5906 λ
190 5844 348 5897 tatem
392 5835 564 5909 possit
615 5836 809 5908 excipi.
852 5836 921 5899 At
979 5854 1106 5896 vero
1153 5856 1273 5910 qua:
1301 5859 1366 5900 ex
1411 5845 1529 5901 aliis
1582 5845 1759 5902 tribus

1877 4648 2003 4702 inde
2032 4649 2098 4702 ad
2125 4662 2237 4701 xxii
2268 4646 2624 4702 transtulerit.
2661 4645 2782 4713 Quo
2804 4647 3004 4717 posito,
3036 4648 3313 4719 cyclorum
3335 4663 3453 4704 om-

1876 4741 2027 4794 nium
2057 4755 2121 4794 ac
2149 4737 2409 4794 feriarum
2436 4737 2702 4793 rationem
2740 4739 3064 4808 permiscuit
3095 4755 3108 4790 :
3152 4755 3276 4809 quae
3314 4756 3454 4811 quo—

1873 4847 1998 4887 nam
2039 4841 2200 4902 pacto
2231 4830 2432 4901 corrigi
2458 4840 2711 4898 possent,
2747 4841 2800 4885 et
2849 4831 2902 4886 in
2952 4831 3096 4886 viam
3151 4832 3220 4886 ab
3266 4847 3454 4887 errore

1873 4924 2088 4989 deduci,
2113 4938 2280 4993 supra
2313 4923 2734 4978 declaravimus.
2769 4922 2939 4993 Igitur
2986 4939 3052 4978 ex
3084 4933 3164 4979 tot
3199 4939 3451 4980 errorum

1872 5016 2207 5086 argumentis
2233 5023 2358 5068 nata
2394 5025 2480 5069 est
2503 5015 2699 5069 vitiosa
2744 5013 2837 5068 illa
2888 5013 3024 5068 feria
3062 5028 3206 5068 anno
3231 5013 3451 5068 Juliano

1874 5107 1962 5173 76,
1997 5107 2100 5160 hoc
2122 5115 2202 5159 est
2230 5101 2511 5159 Dominica
2544 5103 2722 5158 Martii
2747 5119 2886 5167 xxu,
2912 5119 3036 5159 cum
3069 5119 3258 5157 revera
3304 5113 3450 5159 esset

1870 5198 2006 5253 feria
2042 5213 2094 5252 v.
2122 5195 2543 5266 Ἐπιφώσκουσα
2569 5211 2699 5264 ergo
2745 5195 3000 5266 Κυριακή
3045 5195 3228 5249 lunam
3258 5195 3448 5250 habuit

1873 5306 1936 5344 xv
1984 5287 2262 5343 diurnam.
2317 5285 2418 5342 llic
2472 5285 2859 5355 ὲπιφώσκουσα
2919 5285 3135 5356 proprie
3185 5286 3440 5340 sumitur.

1871 5380 2080 5452 Quippe
2115 5396 2228 5435 χχιι
2255 5380 2343 5435 die
2360 5380 2426 5433 ab
2446 5392 2569 5433 ortu
2592 5379 2727 5434 solis
2755 5378 2922 5448 coepit
2948 5395 3017 5434 xv
3046 5378 3276 5433 diurna:
3302 5377 3446 5434 unde

1871 5476 2102 5546 ἡμερινή
2154 5489 2249 5544 pro
2306 5473 2593 5543 νυκτερινὴ
2649 5472 3054 5527 substituimus.
3105 5469 3362 5540 Alioquin
3407 5471 3442 5542 ή

1868 5565 2122 5637 Κυριακὴ
2151 5581 2216 5619 xv
2241 5565 2524 5637 νυκτερινὴ
2559 5563 2664 5619 dici
2689 5573 2886 5634 potest,
2912 5565 2958 5620 si
2989 5563 3107 5634 ejus
3126 5562 3340 5618 initium
3373 5563 3445 5619 ab

1868 5656 2220 5712 antecedente
2274 5668 2433 5712 nocte
2480 5663 2782 5727 reputatur.
2845 5653 3030 5725 Neque
3080 5668 3184 5709 vox
3227 5652 3437 5724 ὲπιφώο

1869 5764 2076 5802 σκουσα
2109 5747 2404 5818 quidquam
2442 5747 2664 5814 obstat;
2701 5763 2824 5819 qua:
2863 5761 3102 5817 persaepe
3143 5745 3211 5801 de
3253 5747 3438 5802 illuce-

1867 5851 2050 5901 scente
2086 5842 2193 5907 die,
2226 5859 2614 5913 nonnunquam
2653 5851 2706 5899 et
2730 5843 2796 5898 de
2837 5841 2944 5901 dici
2980 5838 3210 5898 iudaice
3237 5839 3434 5909 princi-
