3874 6372
447 377 550 444 991.

1550 374 1776 431 APPEN
1790 373 1902 432 DlX
1939 373 2000 429 DI
2013 373 2451 431 SSERTATIUN
2461 373 2579 430 UM.

3638 375 3730 430 992

450 495 560 568 pio,
591 494 704 548 sive
729 501 890 550 nocte
916 492 1268 549 antecedente
1292 493 1721 564 soletusurpari.
1745 491 1863 548 Non
1884 491 2030 562 quod
2061 499 2104 558 Α
2135 489 2490 546 Alexandrini
2551 488 2848 560 scriptores
2889 505 2968 544 xu
3006 487 3151 552 Kal.,
3180 489 3279 545 hoc
3311 498 3407 544 est
3437 503 3532 541 ιιι
3568 485 3733 547 Martii

450 583 540 637 lux
566 581 745 652 aliqua
792 582 908 638 sive
959 582 1124 649 lunae,
1156 583 1269 638 sive
1317 583 1596 638 stellarum
1629 583 1818 638 saltem
1845 583 2032 638 oriens

452 683 724 744 utcunque
778 675 923 730 diem
973 674 1309 745 auspicetur,
1371 676 1514 745 quod
1571 675 1928 730 Casaubonus
1979 676 2034 734 in

452 762 687 820 Exercit.
731 765 817 830 16,
851 782 1004 821 num.
1039 768 1320 838 15,verum
1349 769 1644 832 existimat,
1681 777 1735 821 ut
1769 783 1894 822 cum
1925 767 2036 822 Lu-

453 873 548 913 cas
581 858 657 912 ait
689 873 811 928 cap.
860 875 1018 921 xxut,
1054 860 1124 913 54
1155 877 1167 910 :
1235 861 1348 914 Καὶ
1386 861 1662 914 Σάϐϐατον
1721 861 2034 928 ὲπέφωσκε,

455 950 536 1006 sic
558 949 933 1020 accipiendum
961 952 1052 1014 sit,
1084 962 1144 1005 ut
1196 953 1238 1005 si
1288 952 1534 1013 dixisset,
1556 953 1665 1005 Kal.
1715 953 2038 1022 ἐπέφωσκεν

454 1042 492 1112 ὴ
523 1042 776 1114 σελήνηὴ
807 1043 1016 1111 ἄγουσα
1047 1043 1107 1096 τὸ
1135 1044 1436 1106 Σάϐϐατον.
1471 1042 1595 1097 Haec
1631 1044 1777 1099 enim
1819 1055 2041 1100 senten-

456 1133 532 1187 tia
557 1133 897 1188 subabsurda
919 1142 974 1188 et
993 1149 1394 1203 supervacanea
1421 1135 1659 1189 videtur.
1682 1136 1882 1190 Verum
1914 1137 2044 1191 sim-

457 1223 692 1294 pliciter,
723 1237 777 1280 et
813 1225 966 1279 nullo
999 1225 1108 1280 alio
1138 1225 1798 1296 subauditoﬁmcptbaxsw
1831 1237 1916 1282 cst
1948 1245 2046 1296 ap-

459 1325 654 1384 petere,
678 1314 763 1368 vel
784 1316 940 1380 inire,
965 1316 1268 1370 adventare.
1299 1314 1412 1370 Hoc
1445 1327 1625 1372 autem
1649 1333 1714 1372 ex
1749 1333 1816 1372 eo
1852 1327 2042 1374 natum

462 1409 722 1475 arbitror,
743 1409 888 1477 quod
921 1424 1044 1463 cum
1078 1409 1276 1478 prima,
1311 1424 1376 1464 ac
1409 1418 1618 1464 natura:
1656 1411 1896 1466 maxime
1912 1426 2046 1466 cou-

464 1509 724 1555 aentane'a
745 1500 849 1553 diei
892 1500 1180 1569 appellatio
1203 1500 1380 1555 lucem
1401 1501 1690 1571 signiﬁcet,
1721 1510 2046 1571 tempusque

464 1593 534 1645 ab
560 1599 686 1644 ortu
721 1592 854 1646 solis
883 1591 950 1645 ad
973 1606 1232 1647 occasum
1256 1609 1270 1657 ;
1304 1591 1564 1662 pleraque
1583 1601 1769 1660 postea
1794 1591 2046 1646 nationes

464 1683 636 1738 variis
678 1693 983 1753 temporum
1014 1684 1184 1740 initiis
1217 1685 1536 1739 constitutis
1569 1685 1713 1739 diem
1769 1684 2048 1740 nihilomi-

466 1792 571 1833 nus
586 1777 945 1846 appellarunt,
969 1777 1204 1846 spatium
1232 1777 1363 1832 illud
1394 1778 1675 1846 temporis,
1705 1777 1849 1846 quod
1887 1777 1955 1831 ab
1981 1793 2048 1832 eo

2135 583 2522 652 aequinoctium
2551 580 2823 646 ﬁxerunt,
2860 590 2921 634 ut
2946 581 3090 634 inter
3125 581 3260 636 alios
3286 580 3592 634 Protei-ius
3616 581 3733 631 Ale-

2138 674 2438 730 xandrinus
2504 672 2642 741 apud
2697 672 2896 727 Bedam
2931 673 3027 726 lib.
3089 672 3167 725 De
3210 673 3484 741 a'qut'noc.
3523 673 3733 732 remoti.

2138 767 2232 836 qui
2285 775 2369 820 est
2403 775 2551 819 tomo
2586 763 2672 818 Ill.
2720 763 2790 827 Is,
2817 765 3066 834 inquam,
3099 779 3205 818 xxv
3239 763 3626 825 Pbamenotb,
3651 765 3735 830 qui

2138 867 2222 912 est
2254 873 2329 911 xu
2363 855 2485 924 Kal.
2522 856 2678 933 Apr.,
2715 855 3106 925 :equinoctium
3169 854 3512 914 collocavit.
3551 853 3739 908 Leonis

2139 966 2292 1021 papa:
2335 949 2694 1019 temporibus.
2729 947 2916 1017 Itaque
2951 947 3282 1017 μνημονικόν
3308 956 3404 1000 cst
3438 945 3740 1016 ἁμάρτημα

2142 1041 2502 1096 eruditissimi
2539 1039 2925 1109 chleri,dum
2959 1039 3012 1091 in
3032 1038 3417 1109 Eclogis,pag.
3453 1038 3583 1095 £93.
3614 1036 3736 1091 Pro-

2144 1135 2340 1189 terium
2366 1136 2443 1188 ait
2465 1135 2612 1189 circa
2645 1135 2864 1192 initium
2905 1133 3232 1188 Diocletiani
3257 1132 3670 1202 aequinoctium
3693 1150 3738 1186 xi

2146 1226 2263 1280 Kal.
2295 1227 2596 1288 deﬁniissr;
2621 1227 2715 1281 sed
2741 1226 2996 1288 Anatolio
3029 1226 3081 1280 id
3115 1226 3400 1287 cenvenit,
3433 1223 3602 1288 cujus
3630 1224 3745 1276 illu-

2146 1328 2257 1372 ειη)
2320 1317 2680 1388 fragmentum
2728 1316 2994 1374 describit
3025 1314 3296 1371 Eusebius
3327 1316 3436 1370 lib.
3495 1330 3599 1379 vn,
3630 1331 3740 1381 cap.

2146 1408 2312 1477 26,0:
2339 1409 2585 1474 ejusdem
2606 1407 2966 1464 Paschalibus
2987 1408 3312 1471 cauonibus,
3340 1405 3508 1476 quod
3538 1416 3592 1465 et
3613 1404 3741 1458 Beda

2147 1509 2542 1556 commemorat
2592 1500 2684 1553 lib.
2739 1499 2818 1553 De
2855 1501 3215 1570 wquinoctio:
3265 1499 3362 1553 ubi
3395 1507 3458 1551 et
3514 1498 3741 1552 Anatolii

2149 1593 2313 1647 verba
2369 1607 2434 1646 ex
2510 1591 2966 1661 depravatissima
3045 1590 3226 1645 Ruﬁni
3286 1590 3742 1658 interpretatione

2147 1699 2431 1754 perperam
2456 1696 2675 1750 accepta
2711 1685 2946 1738 alienam
2975 1683 3030 1738 in
3057 1682 3386 1737 sententiam
3431 1681 3736 1749 detorquid.

2151 1773 2332 1840 Quare
2376 1789 2500 1827 cum
2555 1791 2618 1828 ex
2653 1791 2718 1828 e0
2751 1773 2986 1828 Anatolii
3036 1774 3294 1833 decreto,
3348 1780 3630 1840 tanquam
3681 1788 3740 1823 cx

467 1879 691 1940 puncto,
718 1870 862 1938 quod
893 1871 997 1924 sibi
1025 1879 1352 1931 statuerant,
1381 1870 1446 1923 ad
1485 1869 1626 1923 idem
1663 1883 1923 1939 punctum
1959 1886 2048 1926 re-
2082 1858 2122 1913 Β
2155 1871 2304 1923 fonte
2328 1868 2613 1938 Epiplianii
2637 1868 2883 1921 doctrina
2911 1865 3249 1936 proﬂuxerit,
3275 1864 3447 1934 nobis
3476 1865 3742 1932 integrum

469 1958 724 2013 volvitur.
755 1958 935 2024 Quare
963 1970 1022 2014 ut
1054 1961 1106 2015 in
1138 1962 1400 2029 primaria
1433 1961 1544 2022 illa,
1586 1978 1652 2016 ac
1681 1964 1915 2016 naturali
1941 1963 2048 2017 diei

471 2052 694 2106 noﬁoue
726 2052 1060 2119 ἐπιφώσκειν
1087 2055 1302 2120 proptie
1331 2052 1448 2105 dies
1483 2052 1684 2105 dicitur
1710 2093 1724 2117 ,
1755 2053 1900 2121 quod
1929 2052 2052 2118 ejus

471 2139 630 2195 initio
661 2140 738 2192 sol
773 2141 970 2200 oritur,
1022 2151 1082 2192 ut
1113 2149 1167 2193 et
1201 2139 1406 2211 ἡμέρα,
1453 2140 1560 2192 ἀπὸ
1615 2141 1713 2210 τῆς
1770 2141 1932 2210 ἠοῦς,
1975 2142 2050 2196 ita

470 2230 753 2292 translatis
797 2231 864 2284 ad
903 2232 1143 2299 reliquas
1179 2231 1385 2285 formas
1421 2232 1528 2284 diei
1567 2231 2050 2301 appellationibus,

473 2321 616 2376 idem
638 2323 741 2376 hoc
773 2330 1098 2391 usurpatutu
1129 2322 1268 2376 initii
1298 2323 1622 2378 vocabulum
1653 2331 1738 2378 est
1772 2341 1784 2376 :
1813 2323 1916 2378 etsi
1949 2322 2052 2376 mi-

472 2430 580 2471 nus
608 2430 775 2483 quam
809 2413 920 2467 illic
953 2414 1189 2483 proiirie.
1230 2411 1357 2468 Sive
1393 2413 1558 2482 igitur
1585 2432 1616 2467 a
1652 2413 1829 2468 media
1866 2424 2051 2479 noete,

475 2510 593 2567 sive
625 2523 655 2561 a
695 2498 946 2573 meridie,
981 2511 1096 2562 sive
1128 2509 1196 2562 ab
1227 2508 1382 2562 initio
1407 2508 1606 2576 noctis,
1640 2507 1744 2560 diei
1780 2516 2056 2574 repetatur

475 2598 782 2664 exordium,
813 2598 1150 2668 ὲπιφώσκειν
1177 2598 1378 2668 ubique
1405 2600 1542 2661 dies,
1568 2597 1673 2651 hoc
1701 2609 1784 2651 est
1810 2596 2057 2650 inchoari

475 2698 532 2744 et
554 2689 693 2743 inire
715 2690 1037 2759 simpliciter
1066 2677 1301 2764 dicetur.
1335 2687 1811 2754 Quemadmodum
1850 2703 2057 2756 νουμη-

476 2782 598 2845 νίας
630 2796 731 2834 \ox
781 2799 904 2836 cum
943 2791 1256 2836 nascentem
1289 2774 1472 2834 lunam
1509 2779 1726 2848 proprie
1766 2779 2054 2848 signiﬁcet,

477 2875 546 2927 ad
573 2874 756 2928 omnia
811 2877 1084 2932 mensium
1119 2873 1296 2934 initia,
1321 2873 1490 2927 etiam
1529 2872 1756 2925 minime
1783 2870 2058 2925 lunarium

480 2963 828 3027 transfertur.
859 2978 986 3034 puta
1017 2965 1434 3019 tricenariorum
1492 2973 1547 3018 et
1577 2961 2054 3033 lEgyptiacorum.

482 3053 636 3111 Unde
661 3057 764 3110 alia
798 3067 879 3110 est
905 3057 1172 3126 νουμηνία
1211 3055 1351 3109 κατὰ
1384 3056 1649 3126 σελήνην,
1689 3058 1794 3110 alia
1819 3056 1880 3110 οὐ
1916 3054 2060 3108 κατὰ

483 3147 731 3218 σελήνην.
765 3146 878 3201 Hoc
906 3163 1006 3216 ego
1038 3164 1201 3202 sensu
1226 3147 1304 3217 τῷ
1328 3147 1664 3217 ὲπιφώσκειν
1698 3149 2059 3219 evangelistas

483 3241 805 3310 simpliciter
823 3256 953 3293 usus
973 3240 1230 3303 arbitror,
1259 3248 1319 3290 ut
1339 3256 1466 3293 cum
1496 3237 1684 3292 Matth.
1707 3254 1828 3307 cap.
1865 3254 2059 3303 xxvrtt,

486 3331 538 3393 1,
566 3333 638 3384 ita
671 3332 910 3399 ioquitur
945 3349 957 3383 :
1011 3329 1137 3399 Ὀψὲ
1163 3332 1218 3381 δὲ
1247 3330 1356 3382 τῶν
1404 3330 1720 3406 Σαϐϐᾁτων,
1766 3332 1831 3400 τῇ
1857 3332 2068 3398 ἐπιφω-

488 3425 785 3498 ποόσῃείς
805 3425 932 3496 μίαν
945 3425 1052 3478 τῶν
1077 3425 1390 3480 Σαϐὁὰτων.
1410 3425 1512 3480 Ubi
1545 3425 1690 3488 nulla
1712 3433 2068 3495 argumentm

499 3517 650 3570 tion'e
673 3531 812 3585 opus
836 3526 918 3570 est
944 3516 1236 3571 utveldies
1266 3517 1379 3584 ipsa
1411 3530 1438 3567 a
1471 3526 1630 3584 nocte
1659 3514 1925 3583 incipiens
1951 3523 2070 3586 tum

487 3609 729 3668 detnum,
762 3623 884 3662 cum
922 3609 1004 3662 sol
1040 3605 1583 3675 υι·ἰιυι’,ὲπιφώσκειν
1607 3607 1862 3672 dicatur;
1897 3607 1981 3660 vel
2010 3614 2070 3662 ut

488 3701 615 3755 luna
645 3712 740 3755 aut
773 3701 951 3756 sidera
973 3700 1391 3755 subaudiantur.
1424 3697 1560 3752 Nam
1592 3699 1681 3753 hic
1711 3713 1834 3752 meo
1860 3698 2068 3768 judicio

490 3809 690 3849 sensus
745 3802 866 3848 est:
925 3791 1190 3846 confectis
1228 3791 1504 3854 Sabbatis,
1556 3791 1670 3844 sive
1727 3791 2075 3866 hebdomada

492 3892 738 3952 peracta,
771 3883 859 3936 die
887 3882 1156 3949 sequenti,
1181 3896 1302 3950 qua:
1332 3881 1503 3935 inibat
1539 3896 1661 3934 cum
1695 3879 1827 3935 feria
1859 3882 2068 3950 prima;

493 3975 638 4045 quod
669 3971 909 4043 apertius
934 3971 1092 4027 Lucae
1119 3988 1240 4040 cap.
1267 3988 1424 4036 χχιιι,
1461 3971 1547 4036 54,
1579 3972 1922 4034 declaratur:
1960 3972 2072 4025 Kal.

499 4067 684 4138 ἡμέρα
706 4063 774 4136 ἦν
803 4064 1148 4137 παρασκευὴ.
1182 4065 1275 4117 κκιὶ
1309 4064 1584 4118 Σάϐϐατόν
1606 4064 1916 4133 ἐπέφωσκε.
1968 4062 2073 4119 Ubi

495 4160 720 4214 verbum
777 4158 1066 4226 ὲπέφωσκε
1127 4157 1330 4212 nullam
1368 4157 1545 4213 lucem
1607 4158 1915 4227 signiﬁcat,
1977 4158 2074 4213 sed

494 4250 734 4306 initium.
766 4251 835 4304 At
864 4251 1002 4319 apud
1034 4248 1399 4319 Epiphaniam
1449 4251 1504 4304 in
1545 4247 1884 4319 Expositione
1907 4249 2071 4319 fidei,

494 4341 756 4406 num.22,
783 4342 924 4396 circa
951 4341 1282 4413 gallicinium
1309 4343 1410 4412 τῆς
1427 4344 1712 4413 Κυριακῆς
1733 4342 2076 4411 ὲπιφωσκούε

428 4431 436 4437 ’
497 4451 598 4505 an;
635 4435 770 4490 solvi
822 4435 1077 4504 paschale
1114 4433 1382 4503 jejunium
1418 4435 1639 4501 dicitur,
1683 4438 1788 4488 hoc
1835 4445 1920 4489 est
1953 4442 2077 4504 post

496 4528 731 4582 mediam
766 4536 1000 4592 noctem,
1038 4543 1069 4582 a
1107 4543 1214 4596 qua
1248 4527 1392 4582 diem
1429 4527 1726 4583 Christiani
1789 4528 2066 4584 inchoant.
2101 4539 2149 4596 ι)

496 4617 627 4674 Item
660 4620 822 4688 paulo
848 4629 970 4688 post
1010 4621 1200 4676 scribit
1227 4621 1524 4676 nonnullos
1574 4621 1911 4678 hebdomada
1944 4639 2073 4678 sau-

497 4719 584 4766 cta
617 4711 838 4780 vigilare
891 4711 991 4780 τὴν
1051 4710 1190 4779 μετὰ
1237 4711 1335 4782 τὴν
1365 4714 1624 4784 πέμπτην
1655 4714 2073 4783 ὲπιφὼσκουσαν

497 4801 580 4862 εις
605 4801 666 4852 τὸ
689 4798 1085 4869 προσάϐϐατον.
1121 4797 1224 4854 Ubi
1253 4800 1586 4869 ὲπιφώσκειν
1616 4803 1831 4859 videtur
1855 4807 2076 4875 proprie

499 4893 822 4962 sumpsisse,
855 4892 1008 4962 quasi
1038 4906 1144 4946 nox
1177 4893 1438 4962 postridie
1469 4893 1733 4963 lucescat,
1771 4897 1876 4952 hoc
1907 4909 1991 4954 est
2021 4901 2076 4955 in

498 4982 675 5036 lucem
715 4982 950 5038 desinat.
983 4979 1208 5040 Noctem
1241 4982 1388 5039 enim
1444 4984 1716 5058 intelligit,
1748 5002 1870 5058 quae
1907 4987 2078 5046 Para-

497 5087 708 5131 scevem
739 5074 1010 5142 praecedit.

566 5165 689 5222 Col.
710 5166 814 5221 934
833 5166 1019 5222 Ι).Καὶ
1047 5168 1138 5222 ὅτι
1173 5167 1512 5235 ἀνάστασις
1543 5168 1642 5224 καὶ
1667 5171 1962 5240 ἱσημερία.
1995 5170 2075 5226 En

496 5257 703 5316 erroris
739 5267 1143 5329 argumentum.
1188 5259 1467 5317 Christum
1500 5264 1667 5324 enim.
1710 5278 1870 5333 quem
1909 5264 2080 5333 :equi-

499 5351 684 5406 noctio
701 5352 818 5420 ipso
833 5353 1200 5410 resurrexisse
1215 5353 1499 5419 didicerat,
1525 5355 1626 5412 hoc
1646 5367 1731 5413 est
1752 5373 1856 5412 xxv
1876 5357 2077 5425 Martii,

498 5459 566 5499 eo
586 5444 672 5500 die
693 5447 1064 5502 resurrexisse
1090 5447 1338 5515 credidit,
1355 5466 1466 5520 quo
1483 5449 1801 5505 Diocletiani
1831 5459 2077 5521 tempore

500 5538 888 5605 aequinoctium
946 5539 1169 5607 incidit;
1224 5555 1350 5596 nam
1380 5557 1444 5597 ex
1475 5543 1744 5606 Anatolio,
1779 5551 1840 5597 ut
1863 5544 2077 5611 opinor,

502 5643 558 5688 et
591 5631 972 5690 Alexandrinis
1021 5636 1298 5691 veteribus
1340 5637 1725 5708 aequinoctium
1753 5636 1931 5691 Martii
1969 5652 2078 5692 χχιι

508 5725 717 5792 statuit,
745 5741 869 5780 cum
893 5725 1172 5783 Nicmnum
1221 5731 1429 5800 aliquot
1450 5731 1607 5786 annis
1633 5740 1819 5800 postea
1850 5733 1901 5784 in
1931 5730 2079 5786 vice—

505 5811 704 5872 Simum
753 5817 989 5886 primum
1043 5820 1304 5875 intulerit.
1367 5819 1516 5877 Unde
1565 5823 1656 5892 qui
1689 5832 2078 5879 successerunt

2151 1971 2260 2010 non
2293 1967 2397 2019 cst,
2434 1966 2543 2009 tam
2571 1955 2840 2010 illustrem
2872 1955 3302 2022 disputationem
3336 1954 3581 2007 silentio
3619 1969 3746 2022 prae-

2153 2057 2288 2102 term
2301 2047 2478 2102 ittere.

2421 2201 2664 2256 Anatolii
2699 2202 2923 2273 insignis
2949 2201 3098 2255 locus
3132 2203 3483 2272 expenditur.

2231 2334 2382 2391 Vixit
2408 2334 2700 2391 Anatolius
2739 2335 3066 2391 Diocletiani
3111 2334 3226 2390 fere
3251 2346 3533 2405 tempore.
3563 2350 3745 2404 genere

2157 2428 2582 2489 Alexandrinus,
2610 2427 2705 2497 qui
2733 2443 2857 2481 cum
2885 2428 2950 2480 ad
2978 2427 3248 2498 synodum
3281 2427 3605 2481 Antiochiae
3629 2443 3746 2480 con-

2159 2529 2240 2574 tra
2269 2520 2499 2573 Paulum
2551 2516 2975 2572 Samosatenum
3025 2520 3288 2585 habitam,
3326 2518 3608 2574 Laodicea
3655 2519 3741 2570 iter

2161 2613 2423 2676 haberet,
2459 2612 2742 2681 cpiscopus
2794 2626 2822 2665 a
2863 2611 3189 2668 Laodicenis
3237 2613 3452 2667 electus
3493 2620 3597 2666 est.
3633 2609 3743 2662 Flo-

2161 2704 2272 2759 ruit
2327 2703 2494 2772 igitur
2547 2704 2650 2758 sub
2688 2704 2972 2758 Aureliani
3005 2720 3069 2760 ac
3117 2704 3446 2760 Diocletiani
3483 2713 3736 2771 tempora.

2162 2794 2245 2848 vir
2274 2794 2328 2849 in
2373 2794 2567 2864 primis
2613 2795 2905 2861 eruditus,
2963 2806 3018 2850 et
3073 2795 3486 2850 mathematicis
3547 2793 3740 2846 artibus

2164 2887 2437 2941 excultus.

2237 2979 2341 3046 Qui
2367 2981 2511 3034 inter
2538 2988 2749 3034 extera
2777 2993 3016 3034 canones
3050 2977 3348 3034 Paschales
3373 2975 3652 3039 condidit;
3681 2990 3736 3027 ex

2167 3074 2365 3142 quibus
2392 3074 2506 3127 haec
2528 3072 2797 3127 Eusebius
2847 3072 3108 3140 exeripsit
3141 3091 3152 3126 :
3193 3073 3347 3141 Ἔχει
3369 3071 3561 3125 τοίνυν
3591 3071 3646 3122 ἐν
3673 3066 3736 3135 τῷ

2088 3199 2133 3267 c
2169 3165 2370 3237 πρώτῳ
2399 3164 2508 3218 ἔτει
2533 3163 2631 3234 τὴν
2662 3164 2962 3234 νουμηνίαν
2995 3163 3089 3216 τοῦ
3136 3162 3354 3234 πρώτου
3393 3165 3570 3234 μηνός
3589 3179 3602 3193 ο
3631 3162 3736 3228 ἣτις

2171 3258 2388 3326 ἁπάσης
2429 3255 2578 3308 ἐστὶν
2615 3256 2714 3325 τῆς
2751 3255 3388 3326 ἐννεακαιδεκαετηρὶδος
3413 3295 3429 3318 ,
3482 3255 3585 3323 τῆς
3631 3252 3735 3306 κατ’

2169 3348 2497 3417 Αἰγυπτίους
2553 3347 2651 3418 μὲν
2693 3346 2955 3418 Φαμενὼθ
3009 3348 3142 3418 ἕκτῃ
3215 3350 3312 3400 καὶ
3361 3348 3566 3412 εἰκὲδι,
3611 3345 3731 3399 κατὰ

2169 3441 2226 3495 δὲ
2274 3441 2399 3504 τοὺς
2457 3439 2786 3493 Μακεδόνων
2850 3439 3024 3509 μῆνας
3083 3439 3322 3509 Δύστρου
3374 3439 3609 3508 δευτέρα
3655 3435 3731 3487 καὶ

2170 3533 2380 3595 εἰκάδι,
2433 3531 2508 3596 ὡς
2569 3531 2616 3584 δ’
2669 3532 2735 3585 ἂν
2782 3531 2986 3584 εἴποιεν
3046 3531 3339 3601 Ῥωμαῖοι,
3394 3533 3506 3602 πρὸ
3562 3532 3729 3582 ἕνδεκα

2171 3623 2463 3678 Καλανδῶν
2510 3622 2852 3691 Ἀπριλλίων.
2903 3621 3234 3693 Εὑρίσκεται
3265 3622 3321 3675 δὲ
3350 3625 3377 3676 ό
3407 3625 3564 3692 ἣλιος
3597 3624 3647 3671 ἐν
3675 3622 3726 3686 τῇ

2176 3714 2506 3788 προκειμένῃ
2532 3713 2791 3782 Φαμενὼθ
2831 3713 2965 3786 ἕκτῃ
3003 3713 3097 3766 καὶ
3126 3714 3324 3776 εἰκάδι,
3352 3715 3414 3766 οὐ
3448 3715 3604 3784 μόνον
3629 3714 3728 3762 ἑπι-

2172 3809 2275 3870 6ὰς
2313 3805 2406 3858 τοῦ
2451 3805 2668 3876 πρώτου
2718 3805 3027 3875 τμήματος,
3062 3804 3176 3858 ἀλλ’
3219 3806 3319 3876 ἤδη
3354 3808 3452 3858 καὶ
3487 3805 3727 3873 τετάρτην

2172 3899 2388 3971 ἡμέραν
2421 3900 2478 3951 ἐν
2514 3897 2660 3968 αὐτῷ
2683 3897 3161 3969 διαπορευόμενος.
3195 3898 3366 3950 Τοῦτο
3394 3899 3453 3950 δὲ
3477 3899 3536 3950 τὺ
3559 3896 3724 3966 τμῆμα

2174 3992 2392 4062 πρῶτον
2415 3989 2908 4061 δωδεκατημόριον,
2937 3991 3029 4042 καὶ
3068 3990 3406 4060 ἰσημερινὸν,
3445 3992 3539 4044 καὶ
3568 3986 3725 4058 μηνῶν

2175 4082 2369 4154 ᾁρχὴν,
2406 4082 2500 4135 καὶ
2529 4081 2769 4152 κεφαλὴν
2798 4081 2891 4141 τοῦ
2922 4082 3143 4145 κύκλου,
3185 4081 3279 4134 καὶ
3307 4082 3505 4151 ἄφεσιν
3528 4080 3614 4134 τοῦ
3635 4080 3722 4130 τῶν

2175 4174 2465 4246 πλανητῶν
2487 4174 2688 4246 δρόμου
2733 4173 2918 4227 καλεῖν
2942 4172 3166 4227 εἰώθασι
3183 4189 3199 4202 ·
3233 4174 3293 4226 τὸ
3321 4174 3376 4226 δὲ
3537 4171 3721 4231 τούτου,

2180 4266 2368 4337 μηνῶν
2411 4267 2658 4336 ἔσχατον,
2693 4266 2788 4319 καὶ
2821 4266 3020 4337 τμῆμα
3059 4265 3382 4329 δωδέκατον,
3431 4267 3528 4320 καὶ
3567 4262 3716 4316 τέλεος

2176 4360 2324 4410 ταῖον
2357 4357 2826 4430 δωδεκατημόριον
2844 4398 2858 4421 ,
2889 4357 2983 4411 καὶ
3017 4356 3169 4420 τέλος
3195 4359 3295 4428 τῆς
3324 4356 3432 4409 τῶν
3469 4350 3721 4423 πλανητῶν

2178 4448 2411 4502 ὲπιόδου.
2450 4449 2538 4501 Διὸ
2570 4451 2664 4502 καὶ
2704 4451 2828 4512 τοὺς
2859 4452 2916 4502 ἐν
2947 4448 3092 4519 αὐτῴ
3120 4447 3437 4518 τιθεμένους
3475 4448 3562 4499 τὸν
3594 4441 3717 4512 πρῶ-

2176 4555 2267 4591 τον
2301 4541 2465 4610 μῆνα,
2512 4541 2606 4592 καὶ
2639 4541 2738 4609 τὴν
2785 4539 3378 4611 τεσσαρεσκαιδεκάτην
3419 4536 3513 4590 τοῦ
3559 4535 3720 4598 Πάσχα

2176 4633 2295 4683 κατ’
2327 4629 2494 4702 αὐτὴν
2520 4625 2898 4701 λαμϐάνοντας
2939 4631 2999 4682 οὺ
3044 4631 3277 4702 μικρῶς,
3316 4629 3427 4698 οὐδ’
3459 4627 3534 4691 ὡς
3564 4625 3720 4691 ἔτυχεν

2178 4723 2511 4794 ἁμαρτάνειν
2539 4723 2744 4793 φαμέν.
2774 4721 2899 4776 Ilaec
2925 4736 3024 4776 nos
3057 4721 3245 4775 Latine
3273 4721 3342 4774 ita
3374 4718 3714 4774 reddidimus:

2181 4814 2351 4868 Habet
2379 4829 2534 4870 porro
2564 4814 2621 4867 in
2650 4830 2786 4867 anno
2813 4815 2983 4882 primo
3007 4813 3195 4866 mensis
3211 4813 3368 4880 primi
3389 4808 3716 4865 neomeniam;

2178 4922 2293 4976 quae
2316 4907 2473 4978 totius
2509 4902 3030 4961 enneadecaeteridos
3061 4902 3270 4955 initium
3293 4911 3366 4954 est
3385 4941 3398 4964 ,
3429 4897 3714 4952 Phamenotli

2178 4999 2463 5052 secundum
2529 4995 2811 5068 zEgyptios
2880 5009 3044 5056 xxvr,
3105 4990 3391 5046 secundum
3434 4990 3713 5044 Macedones

2185 5087 2363 5157 Dystri
2416 5103 2547 5151 nu,
2575 5097 2632 5139 ut
2667 5095 2842 5139 autem
2869 5083 3105 5138 Romano
3124 5099 3261 5135 more
3288 5081 3498 5150 loquar,
3532 5096 3578 5134 ιι
3605 5075 3705 5130 Kal.

2179 5179 2309 5248 Apr.
2343 5179 2459 5244 Quo
2483 5179 2689 5248 quidem
2719 5177 2804 5229 die
2824 5191 2952 5234 xxvn
2986 5174 3332 5236 Phamenoth,
3355 5173 3436 5226 sol
3457 5188 3558 5224 non
3590 5166 3712 5220 modo

2180 5272 2406 5340 primum
2430 5270 2668 5340 signiferi
2706 5276 3026 5339 segmentum
3047 5267 3306 5335 ingressus
3344 5263 3617 5330 reperitur,
3641 5251 3708 5308 ml

2180 5364 2337 5417 etiam
2375 5371 2622 5432 quartum
2648 5359 2765 5428 jam
2795 5361 2849 5412 in
2881 5359 2976 5412 illo
3021 5359 3160 5410 diem
3203 5355 3542 5425 percurrisse.
3582 5355 3710 5418 Atqu

2181 5455 2275 5507 hoc
2324 5454 2554 5522 primum
2605 5458 2926 5520 segmentum
2983 5446 3462 5511 dodecatemorion,
3501 5457 3548 5499 et
3590 5437 3707 5508 tequ

2185 5545 2426 5609 noctiale,
2460 5554 2507 5598 et
2535 5543 2788 5596 mensium
2829 5538 3198 5608 primordium,
3236 5553 3298 5590 ac
3335 5538 3466 5606 rycli
3497 5536 3706 5604 caput.“

2185 5636 2440 5707 quosdam
2475 5633 2613 5687 velut
2659 5633 2992 5702 planetarum
3025 5631 3278 5682 circuitus
3311 5644 3543 5681 carceres
3573 5617 3706 5688 appel-

2185 5730 2295 5782 lare
2329 5727 2518 5780 solent.
2571 5722 2921 5790 Quamobrem
2956 5722 3046 5791 qui
3073 5722 3130 5775 in
3164 5737 3224 5775 eo
3263 5721 3493 5789 primum
3532 5724 3706 5771 mensem

2189 5820 2538 5884 constituunt,
2580 5827 2627 5871 et
2679 5817 2732 5870 in
2771 5832 2829 5870 eo
2873 5815 3137 5869 decimam
3176 5821 3424 5867 auartam
3457 5813 3703 5866 naitham!
