  <div class='ocr_page' id='page_1' title='image "/cluster/home/n/w/nwhite01/storage/ocr_20150623/42/hvd.32044011752995/498.png"; bbox 0 0 3832 6220; ppageno 0'>
   <div class='ocr_carea' id='block_1_1' title="bbox 48 291 166 348">
    <p class='ocr_par' dir='ltr' id='par_1_1' title="bbox 48 291 166 348">
     <span class='ocr_line' id='line_1_1' title="bbox 48 291 166 348; baseline 0.017 -2"><span class='ocrx_word' id='word_1_1' title='bbox 48 291 166 348; x_wconf 76' lang='lat'><strong><em>993</em></strong></span> 
     </span>
    </p>
   </div>
   <div class='ocr_carea' id='block_1_2' title="bbox 994 294 2404 365">
    <p class='ocr_par' dir='ltr' id='par_1_2' title="bbox 994 294 2404 365">
     <span class='ocr_line' id='line_1_2' title="bbox 994 294 2404 365; baseline 0.011 -15"><span class='ocrx_word' id='word_1_2' title='bbox 994 297 1082 351; x_wconf 82' lang='lat' dir='ltr'><strong><em>DE</em></strong></span> <span class='ocrx_word' id='word_1_3' title='bbox 1120 294 1308 352; x_wconf 83' lang='lat' dir='ltr'><strong><em>ANNO</em></strong></span> <span class='ocrx_word' id='word_1_4' title='bbox 1349 297 1438 352; x_wconf 83' lang='lat' dir='ltr'><strong>ET</strong></span> <span class='ocrx_word' id='word_1_5' title='bbox 1477 297 1588 352; x_wconf 74' lang='lat' dir='ltr'><strong><em>DIE</em></strong></span> <span class='ocrx_word' id='word_1_6' title='bbox 1627 297 1981 359; x_wconf 70' lang='lat' dir='ltr'><strong><em>DOMlNlC/E</em></strong></span> <span class='ocrx_word' id='word_1_7' title='bbox 2017 305 2404 365; x_wconf 75' lang='lat' dir='ltr'><strong><em>PASSIONIS.</em></strong></span> 
     </span>
    </p>
   </div>
   <div class='ocr_carea' id='block_1_3' title="bbox 3231 311 3338 369">
    <p class='ocr_par' dir='ltr' id='par_1_3' title="bbox 3231 311 3338 369">
     <span class='ocr_line' id='line_1_3' title="bbox 3231 311 3338 369; baseline -0.037 1"><span class='ocrx_word' id='word_1_8' title='bbox 3231 311 3338 369; x_wconf 60' lang='lat'><strong><em>994</em></strong></span> 
     </span>
    </p>
   </div>
   <div class='ocr_carea' id='block_1_4' title="bbox 49 411 3335 496">
    <p class='ocr_par' dir='ltr' id='par_1_4' title="bbox 49 411 3335 496">
     <span class='ocr_line' id='line_1_4' title="bbox 49 411 3335 496; baseline 0.005 -34"><span class='ocrx_word' id='word_1_9' title='bbox 49 417 353 478; x_wconf 84' lang='lat' dir='ltr'><strong><em>usurpant,</em></strong></span> <span class='ocrx_word' id='word_1_10' title='bbox 397 427 480 464; x_wconf 85' lang='lat' dir='ltr'><strong><em>eos</em></strong></span> <span class='ocrx_word' id='word_1_11' title='bbox 517 426 620 464; x_wconf 84' lang='lat' dir='ltr'><strong><em>non</em></strong></span> <span class='ocrx_word' id='word_1_12' title='bbox 667 411 1002 466; x_wconf 75' lang='lat' dir='ltr'><strong><em>mediocriter</em></strong></span> <span class='ocrx_word' id='word_1_13' title='bbox 1044 414 1294 468; x_wconf 82' lang='lat' dir='ltr'><strong><em>aberrare</em></strong></span> <span class='ocrx_word' id='word_1_14' title='bbox 1341 415 1652 472; x_wconf 89' lang='lat' dir='ltr'><strong><em>statuimus.</em></strong></span> <span class='ocrx_word' id='word_1_15' title='bbox 1683 415 1731 474; x_wconf 86' lang='lat' dir='ltr'><strong><em>A</em></strong></span> <span class='ocrx_word' id='word_1_16' title='bbox 1758 421 1901 486; x_wconf 87' lang='lat' dir='ltr'><strong><em>poris</em></strong></span> <span class='ocrx_word' id='word_1_17' title='bbox 1928 431 2188 477; x_wconf 87' lang='lat' dir='ltr'><strong><em>momento</em></strong></span> <span class='ocrx_word' id='word_1_18' title='bbox 2220 423 2316 478; x_wconf 86' lang='lat' dir='ltr'><strong><em>illa</em></strong></span> <span class='ocrx_word' id='word_1_19' title='bbox 2352 433 2543 494; x_wconf 89' lang='lat' dir='ltr'><strong><em>quarta</em></strong></span> <span class='ocrx_word' id='word_1_20' title='bbox 2575 441 2701 494; x_wconf 83' lang='lat' dir='ltr'><strong><em>pars</em></strong></span> <span class='ocrx_word' id='word_1_21' title='bbox 2739 425 2864 488; x_wconf 86' lang='lat' dir='ltr'><strong><em>diei,</em></strong></span> <span class='ocrx_word' id='word_1_22' title='bbox 2902 441 3019 496; x_wconf 70' lang='lat' dir='ltr'><strong><em>qua:</em></strong></span> <span class='ocrx_word' id='word_1_23' title='bbox 3059 427 3335 479; x_wconf 78' lang='lat' dir='ltr'><strong><em>annuatim</em></strong></span> 
     </span>
    </p>
   </div>
   <div class='ocr_carea' id='block_1_5' title="bbox 47 501 1651 578">
    <p class='ocr_par' dir='ltr' id='par_1_5' title="bbox 47 501 1651 578">
     <span class='ocr_line' id='line_1_5' title="bbox 47 501 1651 578; baseline 0.003 -22"><span class='ocrx_word' id='word_1_24' title='bbox 47 501 202 558; x_wconf 68' lang='lat' dir='ltr'><strong><em>Cum</em></strong></span> <span class='ocrx_word' id='word_1_25' title='bbox 237 505 404 574; x_wconf 80' lang='lat' dir='ltr'><strong><em>igitur</em></strong></span> <span class='ocrx_word' id='word_1_26' title='bbox 431 505 820 574; x_wconf 64' lang='lat' dir='ltr'><strong><em>aequinoctium</em></strong></span> <span class='ocrx_word' id='word_1_27' title='bbox 865 503 1045 560; x_wconf 78' lang='lat' dir='ltr'><strong><em>Martii</em></strong></span> <span class='ocrx_word' id='word_1_28' title='bbox 1090 523 1204 561; x_wconf 70' lang='grc' dir='ltr'><strong>χχιι</strong></span> <span class='ocrx_word' id='word_1_29' title='bbox 1243 507 1477 574; x_wconf 83' lang='lat' dir='ltr'><strong><em>ﬁxisset,</em></strong></span> <span class='ocrx_word' id='word_1_30' title='bbox 1521 523 1651 578; x_wconf 89' lang='lat' dir='ltr'><strong><em>per-</em></strong></span> 
     </span>
    </p>
   </div>
   <div class='ocr_carea' id='block_1_6' title="bbox 47 596 1650 668">
    <p class='ocr_par' dir='ltr' id='par_1_6' title="bbox 47 596 1650 668">
     <span class='ocr_line' id='line_1_6' title="bbox 47 596 1650 668; baseline 0.005 -19"><span class='ocrx_word' id='word_1_31' title='bbox 47 596 271 650; x_wconf 80' lang='lat' dir='ltr'><strong><em>mirum</em></strong></span> <span class='ocrx_word' id='word_1_32' title='bbox 299 597 402 652; x_wconf 93' lang='lat' dir='ltr'><strong><em>hoc</em></strong></span> <span class='ocrx_word' id='word_1_33' title='bbox 437 598 712 668; x_wconf 76' lang='lat' dir='ltr'><strong><em>plerisque</em></strong></span> <span class='ocrx_word' id='word_1_34' title='bbox 745 599 924 654; x_wconf 86' lang='lat' dir='ltr'><strong><em>visum</em></strong></span> <span class='ocrx_word' id='word_1_35' title='bbox 954 608 1057 659; x_wconf 87' lang='lat' dir='ltr'><strong><em>est.</em></strong></span> <span class='ocrx_word' id='word_1_36' title='bbox 1099 599 1192 668; x_wconf 88' lang='lat' dir='ltr'><strong><em>qui</em></strong></span> <span class='ocrx_word' id='word_1_37' title='bbox 1229 609 1284 654; x_wconf 89' lang='lat' dir='ltr'><strong><em>et</em></strong></span> <span class='ocrx_word' id='word_1_38' title='bbox 1316 601 1650 657; x_wconf 78' lang='lat' dir='ltr'><strong><em>recentiores</em></strong></span> 
     </span>
    </p>
   </div>
   <div class='ocr_carea' id='block_1_7' title="bbox 49 689 1648 763">
    <p class='ocr_par' dir='ltr' id='par_1_7' title="bbox 49 689 1648 763">
     <span class='ocr_line' id='line_1_7' title="bbox 49 689 1648 763; baseline 0.004 -21"><span class='ocrx_word' id='word_1_39' title='bbox 49 689 471 745; x_wconf 78' lang='lat' dir='ltr'><strong><em>Alexandrinos</em></strong></span> <span class='ocrx_word' id='word_1_40' title='bbox 497 691 814 761; x_wconf 81' lang='lat' dir='ltr'><strong><em>scriptores,</em></strong></span> <span class='ocrx_word' id='word_1_41' title='bbox 847 701 922 754; x_wconf 83' lang='lat' dir='ltr'><strong><em>et,</em></strong></span> <span class='ocrx_word' id='word_1_42' title='bbox 963 692 1106 762; x_wconf 90' lang='lat' dir='ltr'><strong><em>quod</em></strong></span> <span class='ocrx_word' id='word_1_43' title='bbox 1153 703 1314 763; x_wconf 88' lang='lat' dir='ltr'><strong><em>caput</em></strong></span> <span class='ocrx_word' id='word_1_44' title='bbox 1339 703 1440 756; x_wconf 89' lang='lat' dir='ltr'><strong><em>est,</em></strong></span> <span class='ocrx_word' id='word_1_45' title='bbox 1469 691 1648 748; x_wconf 57' lang='lat' dir='ltr'><strong><em>Nicro-</em></strong></span> 
     </span>
    </p>
   </div>
   <div class='ocr_carea' id='block_1_8' title="bbox 49 783 1650 853">
    <p class='ocr_par' dir='ltr' id='par_1_8' title="bbox 49 783 1650 853">
     <span class='ocr_line' id='line_1_8' title="bbox 49 783 1650 853; baseline 0.002 -16"><span class='ocrx_word' id='word_1_46' title='bbox 49 797 188 837; x_wconf 86' lang='lat' dir='ltr'><strong><em>nam</em></strong></span> <span class='ocrx_word' id='word_1_47' title='bbox 231 783 504 852; x_wconf 86' lang='lat' dir='ltr'><strong><em>synodum</em></strong></span> <span class='ocrx_word' id='word_1_48' title='bbox 543 783 807 838; x_wconf 89' lang='lat' dir='ltr'><strong><em>vicesimo</em></strong></span> <span class='ocrx_word' id='word_1_49' title='bbox 853 785 1032 853; x_wconf 87' lang='lat' dir='ltr'><strong><em>primo</em></strong></span> <span class='ocrx_word' id='word_1_50' title='bbox 1075 783 1254 838; x_wconf 87' lang='lat' dir='ltr'><strong><em>Martii</em></strong></span> <span class='ocrx_word' id='word_1_51' title='bbox 1296 785 1650 841; x_wconf 82' lang='lat' dir='ltr'><strong><em>constituisse</em></strong></span> 
     </span>
    </p>
   </div>
   <div class='ocr_carea' id='block_1_9' title="bbox 49 873 1648 944">
    <p class='ocr_par' dir='ltr' id='par_1_9' title="bbox 49 873 1648 944">
     <span class='ocr_line' id='line_1_9' title="bbox 49 873 1648 944; baseline 0 -16"><span class='ocrx_word' id='word_1_52' title='bbox 49 875 452 930; x_wconf 84' lang='lat' dir='ltr'><strong><em>meminerant.</em></strong></span> <span class='ocrx_word' id='word_1_53' title='bbox 489 874 606 940; x_wconf 87' lang='lat' dir='ltr'><strong><em>Qua</em></strong></span> <span class='ocrx_word' id='word_1_54' title='bbox 630 875 697 928; x_wconf 90' lang='lat' dir='ltr'><strong><em>de</em></strong></span> <span class='ocrx_word' id='word_1_55' title='bbox 727 891 786 929; x_wconf 89' lang='lat' dir='ltr'><strong><em>re</em></strong></span> <span class='ocrx_word' id='word_1_56' title='bbox 828 873 972 928; x_wconf 79' lang='lat' dir='ltr'><strong><em>Beda</em></strong></span> <span class='ocrx_word' id='word_1_57' title='bbox 1001 874 1292 928; x_wconf 89' lang='lat' dir='ltr'><strong><em>consultus</em></strong></span> <span class='ocrx_word' id='word_1_58' title='bbox 1318 889 1648 944; x_wconf 82' lang='lat' dir='ltr'><strong><em>magnopere</em></strong></span> 
     </span>
    </p>
   </div>
   <div class='ocr_carea' id='block_1_10' title="bbox 49 965 1646 1038">
    <p class='ocr_par' dir='ltr' id='par_1_10' title="bbox 49 965 1646 1038">
     <span class='ocr_line' id='line_1_10' title="bbox 49 965 1646 1038; baseline 0 -18"><span class='ocrx_word' id='word_1_59' title='bbox 49 976 296 1031; x_wconf 67' lang='lat' dir='ltr'><strong><em>aestuat;</em></strong></span> <span class='ocrx_word' id='word_1_60' title='bbox 337 975 392 1021; x_wconf 91' lang='lat' dir='ltr'><strong><em>et</em></strong></span> <span class='ocrx_word' id='word_1_61' title='bbox 438 982 466 1020; x_wconf 89' lang='lat' dir='ltr'><strong><em>a</em></strong></span> <span class='ocrx_word' id='word_1_62' title='bbox 503 965 703 1020; x_wconf 80' lang='lat' dir='ltr'><strong><em>Ilulino</em></strong></span> <span class='ocrx_word' id='word_1_63' title='bbox 753 977 1042 1038; x_wconf 83' lang='lat' dir='ltr'><strong><em>corrupta,</em></strong></span> <span class='ocrx_word' id='word_1_64' title='bbox 1099 967 1177 1020; x_wconf 93' lang='lat' dir='ltr'><strong><em>uti</em></strong></span> <span class='ocrx_word' id='word_1_65' title='bbox 1222 965 1365 1034; x_wconf 86' lang='lat' dir='ltr'><strong><em>dixi,</em></strong></span> <span class='ocrx_word' id='word_1_66' title='bbox 1412 967 1646 1020; x_wconf 78' lang='lat' dir='ltr'><strong><em>Anatolii</em></strong></span> 
     </span>
    </p>
   </div>
   <div class='ocr_carea' id='block_1_11' title="bbox 49 1059 1643 1130">
    <p class='ocr_par' dir='ltr' id='par_1_11' title="bbox 49 1059 1643 1130">
     <span class='ocr_line' id='line_1_11' title="bbox 49 1059 1643 1130; baseline 0.003 -20"><span class='ocrx_word' id='word_1_67' title='bbox 49 1061 224 1113; x_wconf 83' lang='lat' dir='ltr'><strong><em>verba</em></strong></span> <span class='ocrx_word' id='word_1_68' title='bbox 255 1059 558 1130; x_wconf 82' lang='lat' dir='ltr'><strong><em>proferens,</em></strong></span> <span class='ocrx_word' id='word_1_69' title='bbox 601 1061 840 1114; x_wconf 89' lang='lat' dir='ltr'><strong><em>alienum</em></strong></span> <span class='ocrx_word' id='word_1_70' title='bbox 884 1060 950 1114; x_wconf 90' lang='lat' dir='ltr'><strong><em>iis</em></strong></span> <span class='ocrx_word' id='word_1_71' title='bbox 994 1075 1211 1114; x_wconf 85' lang='lat' dir='ltr'><strong><em>sensum</em></strong></span> <span class='ocrx_word' id='word_1_72' title='bbox 1249 1060 1643 1114; x_wconf 83' lang='lat' dir='ltr'><strong><em>accommodat.</em></strong></span> 
     </span>
    </p>
   </div>
   <div class='ocr_carea' id='block_1_12' title="bbox 51 1147 1646 1230">
    <p class='ocr_par' dir='ltr' id='par_1_12' title="bbox 51 1147 1646 1230">
     <span class='ocr_line' id='line_1_12' title="bbox 51 1147 1646 1230; baseline -0.002 -26"><span class='ocrx_word' id='word_1_73' title='bbox 51 1151 296 1204; x_wconf 75' lang='lat' dir='ltr'><strong><em>Rufinus</em></strong></span> <span class='ocrx_word' id='word_1_74' title='bbox 322 1150 466 1204; x_wconf 89' lang='lat' dir='ltr'><strong><em>enim</em></strong></span> <span class='ocrx_word' id='word_1_75' title='bbox 511 1150 586 1203; x_wconf 89' lang='lat' dir='ltr'><strong><em>ita</em></strong></span> <span class='ocrx_word' id='word_1_76' title='bbox 621 1150 804 1220; x_wconf 82' lang='lat' dir='ltr'><strong><em>priora</em></strong></span> <span class='ocrx_word' id='word_1_77' title='bbox 841 1149 1086 1230; x_wconf 59' lang='lat' dir='ltr'><strong><em>reddidit</em></strong></span> <span class='ocrx_word' id='word_1_78' title='bbox 1115 1169 1127 1204; x_wconf 89' lang='lat'><strong>:</strong></span> <span class='ocrx_word' id='word_1_79' title='bbox 1165 1147 1261 1201; x_wconf 80' lang='lat' dir='ltr'><strong><em>Est</em></strong></span> <span class='ocrx_word' id='word_1_80' title='bbox 1289 1166 1410 1218; x_wconf 84' lang='lat' dir='ltr'><strong><em>ergo</em></strong></span> <span class='ocrx_word' id='word_1_81' title='bbox 1445 1149 1499 1202; x_wconf 91' lang='lat' dir='ltr'><strong><em>in</em></strong></span> <span class='ocrx_word' id='word_1_82' title='bbox 1533 1149 1646 1218; x_wconf 85' lang='lat' dir='ltr'><strong><em>pri-</em></strong></span> 
     </span>
    </p>
   </div>
   <div class='ocr_carea' id='block_1_13' title="bbox 51 1240 1644 1311">
    <p class='ocr_par' dir='ltr' id='par_1_13' title="bbox 51 1240 1644 1311">
     <span class='ocr_line' id='line_1_13' title="bbox 51 1240 1644 1311; baseline -0.002 -16"><span class='ocrx_word' id='word_1_83' title='bbox 51 1259 138 1295; x_wconf 86' lang='lat' dir='ltr'><strong><em>mo</em></strong></span> <span class='ocrx_word' id='word_1_84' title='bbox 179 1259 326 1296; x_wconf 86' lang='lat' dir='ltr'><strong><em>anno</em></strong></span> <span class='ocrx_word' id='word_1_85' title='bbox 355 1243 568 1295; x_wconf 86' lang='lat' dir='ltr'><strong><em>initium</em></strong></span> <span class='ocrx_word' id='word_1_86' title='bbox 599 1243 758 1310; x_wconf 82' lang='lat' dir='ltr'><strong><em>primi</em></strong></span> <span class='ocrx_word' id='word_1_87' title='bbox 799 1242 1010 1306; x_wconf 78' lang='lat' dir='ltr'><strong><em>mensis,</em></strong></span> <span class='ocrx_word' id='word_1_88' title='bbox 1043 1241 1255 1311; x_wconf 82' lang='lat' dir='ltr'><strong><em>quando</em></strong></span> <span class='ocrx_word' id='word_1_89' title='bbox 1287 1252 1362 1294; x_wconf 89' lang='lat' dir='ltr'><strong><em>est</em></strong></span> <span class='ocrx_word' id='word_1_90' title='bbox 1392 1240 1565 1294; x_wconf 89' lang='lat' dir='ltr'><strong><em>decem</em></strong></span> <span class='ocrx_word' id='word_1_91' title='bbox 1596 1249 1644 1292; x_wconf 88' lang='lat' dir='ltr'><strong><em>et</em></strong></span> 
     </span>
    </p>
   </div>
   <div class='ocr_carea' id='block_1_14' title="bbox 51 1331 1645 1416">
    <p class='ocr_par' dir='ltr' id='par_1_14' title="bbox 51 1331 1645 1416">
     <span class='ocr_line' id='line_1_14' title="bbox 51 1331 1645 1416; baseline -0.001 -30"><span class='ocrx_word' id='word_1_92' title='bbox 51 1351 242 1388; x_wconf 72' lang='lat' dir='ltr'><strong><em>norem</em></strong></span> <span class='ocrx_word' id='word_1_93' title='bbox 277 1351 535 1388; x_wconf 90' lang='lat' dir='ltr'><strong><em>annorum</em></strong></span> <span class='ocrx_word' id='word_1_94' title='bbox 561 1335 792 1399; x_wconf 88' lang='lat' dir='ltr'><strong><em>initium,</em></strong></span> <span class='ocrx_word' id='word_1_95' title='bbox 814 1333 1100 1388; x_wconf 83' lang='lat' dir='ltr'><strong><em>secundum</em></strong></span> <span class='ocrx_word' id='word_1_96' title='bbox 1129 1331 1200 1386; x_wconf 60' lang='lat' dir='ltr'><em>1E</em></span> <span class='ocrx_word' id='word_1_97' title='bbox 1207 1335 1414 1416; x_wconf 74' lang='lat' dir='ltr'><strong><em>gyptios</em></strong></span> <span class='ocrx_word' id='word_1_98' title='bbox 1437 1331 1645 1404; x_wconf 81' lang='lat' dir='ltr'><strong><em>quidem</em></strong></span> 
     </span>
    </p>
   </div>
   <div class='ocr_carea' id='block_1_15' title="bbox 51 1421 1640 1493">
    <p class='ocr_par' dir='ltr' id='par_1_15' title="bbox 51 1421 1640 1493">
     <span class='ocr_line' id='line_1_15' title="bbox 51 1421 1640 1493; baseline -0.004 -11"><span class='ocrx_word' id='word_1_99' title='bbox 51 1427 396 1482; x_wconf 81' lang='lat' dir='ltr'><strong><em>Phamenoth</em></strong></span> <span class='ocrx_word' id='word_1_100' title='bbox 429 1441 596 1493; x_wconf 76' lang='lat' dir='ltr'><strong><em>xxvi;</em></strong></span> <span class='ocrx_word' id='word_1_101' title='bbox 634 1427 920 1480; x_wconf 85' lang='lat' dir='ltr'><strong><em>secundum</em></strong></span> <span class='ocrx_word' id='word_1_102' title='bbox 953 1425 1214 1478; x_wconf 80' lang='lat' dir='ltr'><strong><em>Romanos</em></strong></span> <span class='ocrx_word' id='word_1_103' title='bbox 1245 1441 1362 1478; x_wconf 78' lang='lat' dir='ltr'><strong><em>vero</em></strong></span> <span class='ocrx_word' id='word_1_104' title='bbox 1403 1439 1456 1477; x_wconf 76' lang='lat' dir='ltr'><strong><em>XI</em></strong></span> <span class='ocrx_word' id='word_1_105' title='bbox 1511 1421 1640 1476; x_wconf 81' lang='lat' dir='ltr'><strong><em>Kal.</em></strong></span> 
     </span>
    </p>
   </div>
   <div class='ocr_carea' id='block_1_16' title="bbox 53 1517 1646 1590">
    <p class='ocr_par' dir='ltr' id='par_1_16' title="bbox 53 1517 1646 1590">
     <span class='ocr_line' id='line_1_16' title="bbox 53 1517 1646 1590; baseline -0.003 -16"><span class='ocrx_word' id='word_1_106' title='bbox 53 1527 191 1590; x_wconf 74' lang='lat' dir='ltr'><strong><em>Apr.</em></strong></span> <span class='ocrx_word' id='word_1_107' title='bbox 237 1521 302 1574; x_wconf 84' lang='lat' dir='ltr'><strong><em>In</em></strong></span> <span class='ocrx_word' id='word_1_108' title='bbox 323 1538 428 1590; x_wconf 85' lang='lat' dir='ltr'><strong><em>qua</em></strong></span> <span class='ocrx_word' id='word_1_109' title='bbox 455 1521 538 1573; x_wconf 83' lang='lat' dir='ltr'><strong><em>die</em></strong></span> <span class='ocrx_word' id='word_1_110' title='bbox 569 1519 833 1573; x_wconf 81' lang='lat' dir='ltr'><strong><em>invenitur</em></strong></span> <span class='ocrx_word' id='word_1_111' title='bbox 857 1517 936 1572; x_wconf 87' lang='lat' dir='ltr'><strong><em>sol</em></strong></span> <span class='ocrx_word' id='word_1_112' title='bbox 958 1533 1060 1571; x_wconf 85' lang='lat' dir='ltr'><strong><em>non</em></strong></span> <span class='ocrx_word' id='word_1_113' title='bbox 1089 1517 1255 1570; x_wconf 90' lang='lat' dir='ltr'><strong><em>solum</em></strong></span> <span class='ocrx_word' id='word_1_114' title='bbox 1283 1517 1646 1570; x_wconf 69' lang='lat' dir='ltr'><strong><em>conscendisse</em></strong></span> 
     </span>
    </p>
   </div>
   <div class='ocr_carea' id='block_1_17' title="bbox 53 1615 1642 1692">
    <p class='ocr_par' dir='ltr' id='par_1_17' title="bbox 53 1615 1642 1692">
     <span class='ocr_line' id='line_1_17' title="bbox 53 1615 1642 1692; baseline -0.006 -17"><span class='ocrx_word' id='word_1_115' title='bbox 53 1623 290 1692; x_wconf 82' lang='lat' dir='ltr'><strong><em>primaut</em></strong></span> <span class='ocrx_word' id='word_1_116' title='bbox 328 1627 552 1688; x_wconf 82' lang='lat' dir='ltr'><strong><em>portent,</em></strong></span> <span class='ocrx_word' id='word_1_117' title='bbox 589 1631 764 1672; x_wconf 84' lang='lat' dir='ltr'><strong><em>verum</em></strong></span> <span class='ocrx_word' id='word_1_118' title='bbox 795 1617 956 1670; x_wconf 84' lang='lat' dir='ltr'><strong><em>etiam</em></strong></span> <span class='ocrx_word' id='word_1_119' title='bbox 977 1624 1221 1685; x_wconf 84' lang='lat' dir='ltr'><strong><em>quartam</em></strong></span> <span class='ocrx_word' id='word_1_120' title='bbox 1241 1615 1360 1684; x_wconf 87' lang='lat' dir='ltr'><strong><em>jam</em></strong></span> <span class='ocrx_word' id='word_1_121' title='bbox 1383 1615 1437 1666; x_wconf 90' lang='lat' dir='ltr'><strong><em>in</em></strong></span> <span class='ocrx_word' id='word_1_122' title='bbox 1459 1615 1642 1668; x_wconf 79' lang='lat' dir='ltr'><strong><em>eadem</em></strong></span> 
     </span>
    </p>
   </div>
   <div class='ocr_carea' id='block_1_18' title="bbox 53 1705 1640 1776">
    <p class='ocr_par' dir='ltr' id='par_1_18' title="bbox 53 1705 1640 1776">
     <span class='ocr_line' id='line_1_18' title="bbox 53 1705 1640 1776; baseline -0.003 -12"><span class='ocrx_word' id='word_1_123' title='bbox 53 1713 135 1766; x_wconf 86' lang='lat' dir='ltr'><strong><em>die</em></strong></span> <span class='ocrx_word' id='word_1_124' title='bbox 161 1712 384 1774; x_wconf 82' lang='lat' dir='ltr'><strong><em>habere,</em></strong></span> <span class='ocrx_word' id='word_1_125' title='bbox 419 1711 472 1762; x_wconf 89' lang='lat' dir='ltr'><strong><em>id</em></strong></span> <span class='ocrx_word' id='word_1_126' title='bbox 499 1717 574 1762; x_wconf 86' lang='lat' dir='ltr'><strong><em>est</em></strong></span> <span class='ocrx_word' id='word_1_127' title='bbox 605 1709 660 1762; x_wconf 90' lang='lat' dir='ltr'><strong><em>in</em></strong></span> <span class='ocrx_word' id='word_1_128' title='bbox 693 1707 868 1776; x_wconf 85' lang='lat' dir='ltr'><strong><em>prima</em></strong></span> <span class='ocrx_word' id='word_1_129' title='bbox 894 1721 957 1760; x_wconf 77' lang='lat' dir='ltr'><strong><em>ex</em></strong></span> <span class='ocrx_word' id='word_1_130' title='bbox 988 1721 1064 1760; x_wconf 75' lang='lat' dir='ltr'><strong><em>xu</em></strong></span> <span class='ocrx_word' id='word_1_131' title='bbox 1095 1707 1356 1776; x_wconf 83' lang='lat' dir='ltr'><strong><em>partibus,</em></strong></span> <span class='ocrx_word' id='word_1_132' title='bbox 1386 1715 1488 1758; x_wconf 76' lang='lat' dir='ltr'><strong><em>etc.</em></strong></span> <span class='ocrx_word' id='word_1_133' title='bbox 1512 1705 1640 1770; x_wconf 75' lang='lat' dir='ltr'><strong><em>Quae</em></strong></span> 
     </span>
    </p>
   </div>
   <div class='ocr_carea' id='block_1_19' title="bbox 55 1779 1716 1871">
    <p class='ocr_par' dir='ltr' id='par_1_19' title="bbox 55 1779 1716 1871">
     <span class='ocr_line' id='line_1_19' title="bbox 55 1779 1716 1871; baseline -0.004 -15"><span class='ocrx_word' id='word_1_134' title='bbox 55 1804 198 1858; x_wconf 86' lang='lat' dir='ltr'><strong><em>Beda</em></strong></span> <span class='ocrx_word' id='word_1_135' title='bbox 225 1803 310 1857; x_wconf 85' lang='lat' dir='ltr'><strong><em>sic</em></strong></span> <span class='ocrx_word' id='word_1_136' title='bbox 347 1802 548 1871; x_wconf 88' lang='lat' dir='ltr'><strong><em>accipit</em></strong></span> <span class='ocrx_word' id='word_1_137' title='bbox 586 1798 1026 1870; x_wconf 65' lang='lat' dir='ltr'><strong><em>:Aiquiuoctium</em></strong></span> <span class='ocrx_word' id='word_1_138' title='bbox 1042 1803 1111 1856; x_wconf 90' lang='lat' dir='ltr'><strong><em>ob</em></strong></span> <span class='ocrx_word' id='word_1_139' title='bbox 1137 1798 1434 1852; x_wconf 81' lang='lat' dir='ltr'><strong><em>bissextum</em></strong></span> <span class='ocrx_word' id='word_1_140' title='bbox 1471 1799 1640 1851; x_wconf 64' lang='lat' dir='ltr'><strong><em>inti-i—</em></strong></span> <span class='ocrx_word' id='word_1_141' title='bbox 1676 1779 1716 1832; x_wconf 77' lang='grc' dir='ltr'><strong>Β</strong></span> 
     </span>
    </p>
   </div>
   <div class='ocr_carea' id='block_1_20' title="bbox 53 1887 1639 1956">
    <p class='ocr_par' dir='ltr' id='par_1_20' title="bbox 53 1887 1639 1956">
     <span class='ocr_line' id='line_1_20' title="bbox 53 1887 1639 1956; baseline -0.004 -7"><span class='ocrx_word' id='word_1_142' title='bbox 53 1896 184 1949; x_wconf 87' lang='lat' dir='ltr'><strong><em>dum</em></strong></span> <span class='ocrx_word' id='word_1_143' title='bbox 221 1895 280 1948; x_wconf 88' lang='lat' dir='ltr'><strong><em>in</em></strong></span> <span class='ocrx_word' id='word_1_144' title='bbox 313 1909 388 1948; x_wconf 65' lang='grc' dir='ltr'><strong>,ιιι</strong></span> <span class='ocrx_word' id='word_1_145' title='bbox 425 1891 849 1956; x_wconf 80' lang='lat' dir='ltr'><strong><em>Kal.,interdum</em></strong></span> <span class='ocrx_word' id='word_1_146' title='bbox 873 1891 927 1944; x_wconf 90' lang='lat' dir='ltr'><strong><em>in</em></strong></span> <span class='ocrx_word' id='word_1_147' title='bbox 969 1905 1022 1944; x_wconf 79' lang='grc' dir='ltr'><strong><em>ιιι</em></strong></span> <span class='ocrx_word' id='word_1_148' title='bbox 1049 1889 1310 1944; x_wconf 80' lang='lat' dir='ltr'><strong><em>incurrit.</em></strong></span> <span class='ocrx_word' id='word_1_149' title='bbox 1343 1887 1480 1943; x_wconf 84' lang='lat' dir='ltr'><strong><em>Nam</em></strong></span> <span class='ocrx_word' id='word_1_150' title='bbox 1517 1905 1639 1942; x_wconf 85' lang='lat' dir='ltr'><strong><em>eum</em></strong></span> 
     </span>
    </p>
   </div>
   <div class='ocr_carea' id='block_1_21' title="bbox 53 1979 1639 2052">
    <p class='ocr_par' dir='ltr' id='par_1_21' title="bbox 53 1979 1639 2052">
     <span class='ocr_line' id='line_1_21' title="bbox 53 1979 1639 2052; baseline -0.004 -12"><span class='ocrx_word' id='word_1_151' title='bbox 53 1985 314 2040; x_wconf 74' lang='lat' dir='ltr'><strong><em>Julianus</em></strong></span> <span class='ocrx_word' id='word_1_152' title='bbox 348 1999 528 2038; x_wconf 89' lang='lat' dir='ltr'><strong><em>annus</em></strong></span> <span class='ocrx_word' id='word_1_153' title='bbox 562 1981 944 2052; x_wconf 64' lang='lat' dir='ltr'><strong><em>Egyptiacum</em></strong></span> <span class='ocrx_word' id='word_1_154' title='bbox 981 1989 1036 2034; x_wconf 87' lang='lat' dir='ltr'><strong><em>et</em></strong></span> <span class='ocrx_word' id='word_1_155' title='bbox 1077 1980 1378 2049; x_wconf 86' lang='lat' dir='ltr'><strong><em>simplicem</em></strong></span> <span class='ocrx_word' id='word_1_156' title='bbox 1413 1979 1562 2034; x_wconf 86' lang='lat' dir='ltr'><strong><em>horis</em></strong></span> <span class='ocrx_word' id='word_1_157' title='bbox 1590 1995 1639 2033; x_wconf 87' lang='lat' dir='ltr'><strong><em>vt</em></strong></span> 
     </span>
    </p>
   </div>
   <div class='ocr_carea' id='block_1_22' title="bbox 55 2071 1639 2146">
    <p class='ocr_par' dir='ltr' id='par_1_22' title="bbox 55 2071 1639 2146">
     <span class='ocr_line' id='line_1_22' title="bbox 55 2071 1639 2146; baseline -0.006 -15"><span class='ocrx_word' id='word_1_158' title='bbox 55 2085 306 2146; x_wconf 81' lang='lat' dir='ltr'><strong><em>superet,</em></strong></span> <span class='ocrx_word' id='word_1_159' title='bbox 351 2074 664 2144; x_wconf 62' lang='lat' dir='ltr'><strong><em>aequinoctii</em></strong></span> <span class='ocrx_word' id='word_1_160' title='bbox 700 2071 1086 2143; x_wconf 83' lang='grc' dir='ltr'>μετὲμπτωσις</span> <span class='ocrx_word' id='word_1_161' title='bbox 1123 2072 1180 2123; x_wconf 83' lang='lat' dir='ltr'><strong><em>lit</em></strong></span> <span class='ocrx_word' id='word_1_162' title='bbox 1214 2071 1266 2123; x_wconf 92' lang='lat' dir='ltr'><strong><em>in</em></strong></span> <span class='ocrx_word' id='word_1_163' title='bbox 1304 2085 1448 2123; x_wconf 84' lang='lat' dir='ltr'><strong><em>anno</em></strong></span> <span class='ocrx_word' id='word_1_164' title='bbox 1487 2085 1639 2123; x_wconf 87' lang='lat' dir='ltr'><strong><em>com-</em></strong></span> 
     </span>
    </p>
   </div>
   <div class='ocr_carea' id='block_1_23' title="bbox 57 2160 1640 2234">
    <p class='ocr_par' dir='ltr' id='par_1_23' title="bbox 57 2160 1640 2234">
     <span class='ocr_line' id='line_1_23' title="bbox 57 2160 1640 2234; baseline -0.006 -12"><span class='ocrx_word' id='word_1_165' title='bbox 57 2168 234 2224; x_wconf 87' lang='lat' dir='ltr'><strong><em>muni.</em></strong></span> <span class='ocrx_word' id='word_1_166' title='bbox 289 2167 472 2234; x_wconf 86' lang='lat' dir='ltr'><strong><em>Quare</em></strong></span> <span class='ocrx_word' id='word_1_167' title='bbox 526 2165 600 2220; x_wconf 86' lang='lat' dir='ltr'><strong><em>sit</em></strong></span> <span class='ocrx_word' id='word_1_168' title='bbox 633 2163 1022 2234; x_wconf 67' lang='lat' dir='ltr'><strong><em>aaquinoctium</em></strong></span> <span class='ocrx_word' id='word_1_169' title='bbox 1077 2176 1224 2216; x_wconf 90' lang='lat' dir='ltr'><strong><em>anno</em></strong></span> <span class='ocrx_word' id='word_1_170' title='bbox 1254 2160 1370 2230; x_wconf 88' lang='lat' dir='ltr'><strong><em>ipso</em></strong></span> <span class='ocrx_word' id='word_1_171' title='bbox 1431 2160 1640 2216; x_wconf 78' lang='lat' dir='ltr'><strong><em>bissex—</em></strong></span> 
     </span>
    </p>
   </div>
   <div class='ocr_carea' id='block_1_24' title="bbox 57 2254 1639 2326">
    <p class='ocr_par' dir='ltr' id='par_1_24' title="bbox 57 2254 1639 2326">
     <span class='ocr_line' id='line_1_24' title="bbox 57 2254 1639 2326; baseline -0.005 -11"><span class='ocrx_word' id='word_1_172' title='bbox 57 2263 134 2316; x_wconf 88' lang='lat' dir='ltr'><strong><em>tili</em></strong></span> <span class='ocrx_word' id='word_1_173' title='bbox 165 2275 266 2314; x_wconf 72' lang='lat' dir='ltr'><strong><em>ut</em></strong></span> <span class='ocrx_word' id='word_1_174' title='bbox 307 2259 510 2322; x_wconf 78' lang='lat' dir='ltr'><strong><em>Martii,</em></strong></span> <span class='ocrx_word' id='word_1_175' title='bbox 550 2272 716 2312; x_wconf 88' lang='lat' dir='ltr'><strong><em>mane</em></strong></span> <span class='ocrx_word' id='word_1_176' title='bbox 767 2271 914 2310; x_wconf 90' lang='lat' dir='ltr'><strong><em>anno</em></strong></span> <span class='ocrx_word' id='word_1_177' title='bbox 949 2255 1122 2326; x_wconf 88' lang='lat' dir='ltr'><strong><em>primo</em></strong></span> <span class='ocrx_word' id='word_1_178' title='bbox 1161 2263 1287 2324; x_wconf 89' lang='lat' dir='ltr'><strong><em>post</em></strong></span> <span class='ocrx_word' id='word_1_179' title='bbox 1337 2254 1639 2309; x_wconf 80' lang='lat' dir='ltr'><strong><em>bissextum</em></strong></span> 
     </span>
    </p>
   </div>
   <div class='ocr_carea' id='block_1_25' title="bbox 57 2347 1641 2419">
    <p class='ocr_par' dir='ltr' id='par_1_25' title="bbox 57 2347 1641 2419">
     <span class='ocr_line' id='line_1_25' title="bbox 57 2347 1641 2419; baseline -0.004 -11"><span class='ocrx_word' id='word_1_180' title='bbox 57 2353 266 2408; x_wconf 73' lang='lat' dir='ltr'><strong><em>incidet</em></strong></span> <span class='ocrx_word' id='word_1_181' title='bbox 293 2353 348 2408; x_wconf 89' lang='lat' dir='ltr'><strong><em>in</em></strong></span> <span class='ocrx_word' id='word_1_182' title='bbox 381 2351 662 2408; x_wconf 88' lang='lat' dir='ltr'><strong><em>meridiem</em></strong></span> <span class='ocrx_word' id='word_1_183' title='bbox 703 2369 716 2406; x_wconf 92' lang='lat'>:</span> <span class='ocrx_word' id='word_1_184' title='bbox 755 2364 901 2404; x_wconf 90' lang='lat' dir='ltr'><strong><em>anno</em></strong></span> <span class='ocrx_word' id='word_1_185' title='bbox 929 2365 963 2403; x_wconf 88' lang='grc' dir='ltr'><strong>ιι</strong></span> <span class='ocrx_word' id='word_1_186' title='bbox 993 2359 1116 2419; x_wconf 86' lang='lat' dir='ltr'><strong><em>post</em></strong></span> <span class='ocrx_word' id='word_1_187' title='bbox 1136 2347 1435 2403; x_wconf 80' lang='lat' dir='ltr'><strong><em>bissextum</em></strong></span> <span class='ocrx_word' id='word_1_188' title='bbox 1461 2347 1516 2401; x_wconf 90' lang='lat' dir='ltr'><strong><em>in</em></strong></span> <span class='ocrx_word' id='word_1_189' title='bbox 1545 2361 1641 2402; x_wconf 91' lang='lat' dir='ltr'><strong><em>oc-</em></strong></span> 
     </span>
    </p>
   </div>
   <div class='ocr_carea' id='block_1_26' title="bbox 55 2441 1636 2510">
    <p class='ocr_par' dir='ltr' id='par_1_26' title="bbox 55 2441 1636 2510">
     <span class='ocr_line' id='line_1_26' title="bbox 55 2441 1636 2510; baseline -0.004 -9"><span class='ocrx_word' id='word_1_190' title='bbox 55 2463 246 2502; x_wconf 85' lang='lat' dir='ltr'><strong><em>casum</em></strong></span> <span class='ocrx_word' id='word_1_191' title='bbox 306 2445 414 2502; x_wconf 85' lang='lat' dir='ltr'><strong><em>diei</em></strong></span> <span class='ocrx_word' id='word_1_192' title='bbox 468 2459 601 2510; x_wconf 66' lang='lat' dir='ltr'><strong><em>ut,</em></strong></span> <span class='ocrx_word' id='word_1_193' title='bbox 665 2458 811 2498; x_wconf 88' lang='lat' dir='ltr'><strong><em>anno</em></strong></span> <span class='ocrx_word' id='word_1_194' title='bbox 864 2459 923 2496; x_wconf 91' lang='grc' dir='ltr'><strong><em>ιιι</em></strong></span> <span class='ocrx_word' id='word_1_195' title='bbox 976 2443 1030 2496; x_wconf 92' lang='lat' dir='ltr'><strong><em>in</em></strong></span> <span class='ocrx_word' id='word_1_196' title='bbox 1099 2441 1336 2496; x_wconf 83' lang='lat' dir='ltr'><strong><em>mediam</em></strong></span> <span class='ocrx_word' id='word_1_197' title='bbox 1389 2449 1636 2504; x_wconf 88' lang='lat' dir='ltr'><strong><em>noctem;</em></strong></span> 
     </span>
    </p>
   </div>
   <div class='ocr_carea' id='block_1_27' title="bbox 57 2532 1642 2608">
    <p class='ocr_par' dir='ltr' id='par_1_27' title="bbox 57 2532 1642 2608">
     <span class='ocr_line' id='line_1_27' title="bbox 57 2532 1642 2608; baseline -0.005 -14"><span class='ocrx_word' id='word_1_198' title='bbox 57 2554 204 2594; x_wconf 88' lang='lat' dir='ltr'><strong><em>anno</em></strong></span> <span class='ocrx_word' id='word_1_199' title='bbox 241 2554 295 2592; x_wconf 85' lang='lat' dir='ltr'><strong><em>tv</em></strong></span> <span class='ocrx_word' id='word_1_200' title='bbox 329 2553 426 2608; x_wconf 90' lang='lat' dir='ltr'><strong><em>per</em></strong></span> <span class='ocrx_word' id='word_1_201' title='bbox 453 2537 925 2592; x_wconf 86' lang='lat' dir='ltr'><strong><em>intercalationem</em></strong></span> <span class='ocrx_word' id='word_1_202' title='bbox 961 2549 992 2588; x_wconf 87' lang='lat' dir='ltr'><strong><em>a</em></strong></span> <span class='ocrx_word' id='word_1_203' title='bbox 1023 2549 1136 2587; x_wconf 67' lang='lat' dir='ltr'><strong><em>tum</em></strong></span> <span class='ocrx_word' id='word_1_204' title='bbox 1169 2533 1366 2586; x_wconf 79' lang='lat' dir='ltr'><strong><em>iterum</em></strong></span> <span class='ocrx_word' id='word_1_205' title='bbox 1396 2532 1450 2586; x_wconf 89' lang='lat' dir='ltr'><strong><em>in</em></strong></span> <span class='ocrx_word' id='word_1_206' title='bbox 1479 2547 1568 2586; x_wconf 72' lang='lat' dir='ltr'><strong><em>XXI</em></strong></span> <span class='ocrx_word' id='word_1_207' title='bbox 1589 2539 1642 2586; x_wconf 89' lang='lat' dir='ltr'><strong><em>et</em></strong></span> 
     </span>
    </p>
   </div>
   <div class='ocr_carea' id='block_1_28' title="bbox 57 2625 1640 2698">
    <p class='ocr_par' dir='ltr' id='par_1_28' title="bbox 57 2625 1640 2698">
     <span class='ocr_line' id='line_1_28' title="bbox 57 2625 1640 2698; baseline -0.003 -15"><span class='ocrx_word' id='word_1_208' title='bbox 57 2631 396 2684; x_wconf 79' lang='lat' dir='ltr'><strong><em>matutinum</em></strong></span> <span class='ocrx_word' id='word_1_209' title='bbox 431 2637 646 2698; x_wconf 87' lang='lat' dir='ltr'><strong><em>tempus</em></strong></span> <span class='ocrx_word' id='word_1_210' title='bbox 680 2627 916 2682; x_wconf 85' lang='lat' dir='ltr'><strong><em>recedet.</em></strong></span> <span class='ocrx_word' id='word_1_211' title='bbox 957 2626 1094 2680; x_wconf 89' lang='lat' dir='ltr'><strong><em>Cum</em></strong></span> <span class='ocrx_word' id='word_1_212' title='bbox 1134 2625 1300 2695; x_wconf 84' lang='lat' dir='ltr'><strong><em>igitur</em></strong></span> <span class='ocrx_word' id='word_1_213' title='bbox 1341 2625 1396 2677; x_wconf 92' lang='lat' dir='ltr'><strong><em>in</em></strong></span> <span class='ocrx_word' id='word_1_214' title='bbox 1448 2639 1640 2693; x_wconf 85' lang='lat' dir='ltr'><strong><em>vespe-</em></strong></span> 
     </span>
    </p>
   </div>
   <div class='ocr_carea' id='block_1_29' title="bbox 59 2714 1642 2784">
    <p class='ocr_par' dir='ltr' id='par_1_29' title="bbox 59 2714 1642 2784">
     <span class='ocr_line' id='line_1_29' title="bbox 59 2714 1642 2784; baseline -0.006 -7"><span class='ocrx_word' id='word_1_215' title='bbox 59 2738 196 2784; x_wconf 83' lang='lat' dir='ltr'><strong><em>ram,</em></strong></span> <span class='ocrx_word' id='word_1_216' title='bbox 239 2721 330 2776; x_wconf 93' lang='lat' dir='ltr'><strong><em>vel</em></strong></span> <span class='ocrx_word' id='word_1_217' title='bbox 370 2720 605 2775; x_wconf 89' lang='lat' dir='ltr'><strong><em>mediam</em></strong></span> <span class='ocrx_word' id='word_1_218' title='bbox 651 2727 868 2774; x_wconf 89' lang='lat' dir='ltr'><strong><em>noctem</em></strong></span> <span class='ocrx_word' id='word_1_219' title='bbox 911 2717 1124 2783; x_wconf 85' lang='lat' dir='ltr'><strong><em>incidit,</em></strong></span> <span class='ocrx_word' id='word_1_220' title='bbox 1171 2715 1238 2769; x_wconf 88' lang='lat' dir='ltr'><strong><em>ad</em></strong></span> <span class='ocrx_word' id='word_1_221' title='bbox 1272 2731 1323 2769; x_wconf 77' lang='lat' dir='ltr'><strong><em>xl</em></strong></span> <span class='ocrx_word' id='word_1_222' title='bbox 1369 2714 1489 2769; x_wconf 85' lang='lat' dir='ltr'><strong><em>Kal.</em></strong></span> <span class='ocrx_word' id='word_1_223' title='bbox 1519 2730 1642 2784; x_wconf 84' lang='lat' dir='ltr'><strong><em>per-</em></strong></span> 
     </span>
    </p>
   </div>
   <div class='ocr_carea' id='block_1_30' title="bbox 62 2807 1639 2880">
    <p class='ocr_par' dir='ltr' id='par_1_30' title="bbox 62 2807 1639 2880">
     <span class='ocr_line' id='line_1_30' title="bbox 62 2807 1639 2880; baseline -0.004 -16"><span class='ocrx_word' id='word_1_224' title='bbox 62 2813 222 2876; x_wconf 84' lang='lat' dir='ltr'><strong><em>tinet;</em></strong></span> <span class='ocrx_word' id='word_1_225' title='bbox 247 2827 316 2865; x_wconf 89' lang='lat' dir='ltr'><strong><em>eo</em></strong></span> <span class='ocrx_word' id='word_1_226' title='bbox 334 2811 480 2880; x_wconf 86' lang='lat' dir='ltr'><strong><em>quod</em></strong></span> <span class='ocrx_word' id='word_1_227' title='bbox 510 2825 618 2864; x_wconf 69' lang='lat' dir='ltr'><strong><em>nox</em></strong></span> <span class='ocrx_word' id='word_1_228' title='bbox 643 2809 762 2880; x_wconf 87' lang='lat' dir='ltr'><strong><em>ipsa</em></strong></span> <span class='ocrx_word' id='word_1_229' title='bbox 787 2807 1230 2864; x_wconf 87' lang='lat' dir='ltr'><strong><em>Christianorum</em></strong></span> <span class='ocrx_word' id='word_1_230' title='bbox 1257 2807 1365 2858; x_wconf 90' lang='lat' dir='ltr'><strong><em>ritu</em></strong></span> <span class='ocrx_word' id='word_1_231' title='bbox 1391 2807 1639 2874; x_wconf 85' lang='lat' dir='ltr'><strong><em>sequenti</em></strong></span> 
     </span>
    </p>
   </div>
   <div class='ocr_carea' id='block_1_31' title="bbox 61 2897 1641 2958">
    <p class='ocr_par' dir='ltr' id='par_1_31' title="bbox 61 2897 1641 2958">
     <span class='ocr_line' id='line_1_31' title="bbox 61 2897 1641 2958; baseline -0.004 -2"><span class='ocrx_word' id='word_1_232' title='bbox 61 2903 208 2958; x_wconf 69' lang='lat' dir='ltr'><strong><em>ierim</em></strong></span> <span class='ocrx_word' id='word_1_233' title='bbox 247 2903 528 2958; x_wconf 85' lang='lat' dir='ltr'><strong><em>tribuitur.</em></strong></span> <span class='ocrx_word' id='word_1_234' title='bbox 569 2902 702 2955; x_wconf 82' lang='lat' dir='ltr'><strong><em>Cum</em></strong></span> <span class='ocrx_word' id='word_1_235' title='bbox 744 2911 924 2955; x_wconf 91' lang='lat' dir='ltr'><strong><em>autem</em></strong></span> <span class='ocrx_word' id='word_1_236' title='bbox 973 2899 1038 2952; x_wconf 81' lang='lat' dir='ltr'><strong><em>ad</em></strong></span> <span class='ocrx_word' id='word_1_237' title='bbox 1091 2898 1368 2952; x_wconf 81' lang='lat' dir='ltr'><strong><em>meridiem</em></strong></span> <span class='ocrx_word' id='word_1_238' title='bbox 1403 2897 1486 2951; x_wconf 86' lang='lat' dir='ltr'><strong><em>vel</em></strong></span> <span class='ocrx_word' id='word_1_239' title='bbox 1525 2913 1641 2951; x_wconf 90' lang='lat' dir='ltr'><strong><em>ma-</em></strong></span> 
     </span>
    </p>
   </div>
   <div class='ocr_carea' id='block_1_32' title="bbox 62 2989 1636 3065">
    <p class='ocr_par' dir='ltr' id='par_1_32' title="bbox 62 2989 1636 3065">
     <span class='ocr_line' id='line_1_32' title="bbox 62 2989 1636 3065; baseline -0.004 -16"><span class='ocrx_word' id='word_1_240' title='bbox 62 2996 298 3050; x_wconf 88' lang='lat' dir='ltr'><strong><em>tutinum</em></strong></span> <span class='ocrx_word' id='word_1_241' title='bbox 335 3004 552 3065; x_wconf 87' lang='lat' dir='ltr'><strong><em>tempus</em></strong></span> <span class='ocrx_word' id='word_1_242' title='bbox 588 2993 854 3064; x_wconf 79' lang='lat' dir='ltr'><strong><em>pervertit,</em></strong></span> <span class='ocrx_word' id='word_1_243' title='bbox 881 2991 1060 3046; x_wconf 83' lang='lat' dir='ltr'><strong><em>Martii</em></strong></span> <span class='ocrx_word' id='word_1_244' title='bbox 1097 3007 1207 3056; x_wconf 64' lang='grc' dir='ltr'><strong>ιιι,</strong></span> <span class='ocrx_word' id='word_1_245' title='bbox 1236 2990 1350 3045; x_wconf 85' lang='lat' dir='ltr'><strong><em>sive</em></strong></span> <span class='ocrx_word' id='word_1_246' title='bbox 1377 3005 1454 3043; x_wconf 79' lang='lat' dir='ltr'><strong><em>xtl</em></strong></span> <span class='ocrx_word' id='word_1_247' title='bbox 1511 2989 1636 3044; x_wconf 82' lang='lat' dir='ltr'><strong><em>Kal.</em></strong></span> 
     </span>
    </p>
   </div>
   <div class='ocr_carea' id='block_1_33' title="bbox 61 3082 1639 3157">
    <p class='ocr_par' dir='ltr' id='par_1_33' title="bbox 61 3082 1639 3157">
     <span class='ocr_line' id='line_1_33' title="bbox 61 3082 1639 3157; baseline -0.001 -19"><span class='ocrx_word' id='word_1_248' title='bbox 61 3091 184 3157; x_wconf 82' lang='lat' dir='ltr'><strong><em>Apr.</em></strong></span> <span class='ocrx_word' id='word_1_249' title='bbox 232 3097 544 3153; x_wconf 75' lang='lat' dir='ltr'><strong><em>arrogatur.</em></strong></span> <span class='ocrx_word' id='word_1_250' title='bbox 601 3085 770 3150; x_wconf 87' lang='lat' dir='ltr'><strong><em>Unde,</em></strong></span> <span class='ocrx_word' id='word_1_251' title='bbox 817 3084 1016 3154; x_wconf 81' lang='lat' dir='ltr'><strong><em>inquit,</em></strong></span> <span class='ocrx_word' id='word_1_252' title='bbox 1074 3083 1308 3138; x_wconf 83' lang='lat' dir='ltr'><strong><em>consulte</em></strong></span> <span class='ocrx_word' id='word_1_253' title='bbox 1359 3082 1639 3138; x_wconf 79' lang='lat' dir='ltr'><strong><em>Anatolius</em></strong></span> 
     </span>
    </p>
   </div>
   <div class='ocr_carea' id='block_1_34' title="bbox 61 3175 1643 3245">
    <p class='ocr_par' dir='ltr' id='par_1_34' title="bbox 61 3175 1643 3245">
     <span class='ocr_line' id='line_1_34' title="bbox 61 3175 1643 3245; baseline -0.003 -13"><span class='ocrx_word' id='word_1_254' title='bbox 61 3195 162 3232; x_wconf 88' lang='lat' dir='ltr'><strong><em>non</em></strong></span> <span class='ocrx_word' id='word_1_255' title='bbox 185 3187 328 3233; x_wconf 79' lang='lat' dir='ltr'><strong><em>uetat</em></strong></span> <span class='ocrx_word' id='word_1_256' title='bbox 355 3179 408 3232; x_wconf 90' lang='lat' dir='ltr'><strong><em>in</em></strong></span> <span class='ocrx_word' id='word_1_257' title='bbox 445 3194 520 3240; x_wconf 77' lang='lat' dir='ltr'><strong><em>XI,</em></strong></span> <span class='ocrx_word' id='word_1_258' title='bbox 553 3181 645 3230; x_wconf 83' lang='lat' dir='ltr'><strong><em>sed</em></strong></span> <span class='ocrx_word' id='word_1_259' title='bbox 672 3187 792 3230; x_wconf 86' lang='lat' dir='ltr'><strong><em>ante</em></strong></span> <span class='ocrx_word' id='word_1_260' title='bbox 825 3193 878 3230; x_wconf 72' lang='grc' dir='ltr'><strong>ιιι</strong></span> <span class='ocrx_word' id='word_1_261' title='bbox 909 3175 1038 3229; x_wconf 88' lang='lat' dir='ltr'><strong><em>Kal.</em></strong></span> <span class='ocrx_word' id='word_1_262' title='bbox 1101 3177 1228 3245; x_wconf 78' lang='lat' dir='ltr'><strong><em>Apr.</em></strong></span> <span class='ocrx_word' id='word_1_263' title='bbox 1265 3175 1474 3228; x_wconf 85' lang='lat' dir='ltr'><strong><em>Pascha</em></strong></span> <span class='ocrx_word' id='word_1_264' title='bbox 1519 3175 1643 3228; x_wconf 85' lang='lat' dir='ltr'><strong><em>cele-</em></strong></span> 
     </span>
    </p>
   </div>
   <div class='ocr_carea' id='block_1_35' title="bbox 62 3269 1640 3339">
    <p class='ocr_par' dir='ltr' id='par_1_35' title="bbox 62 3269 1640 3339">
     <span class='ocr_line' id='line_1_35' title="bbox 62 3269 1640 3339; baseline -0.001 -18"><span class='ocrx_word' id='word_1_265' title='bbox 62 3271 220 3324; x_wconf 83' lang='lat' dir='ltr'><strong><em>brari.</em></strong></span> <span class='ocrx_word' id='word_1_266' title='bbox 255 3269 380 3322; x_wconf 74' lang='lat' dir='ltr'><strong><em>Non</em></strong></span> <span class='ocrx_word' id='word_1_267' title='bbox 407 3271 546 3322; x_wconf 86' lang='lat' dir='ltr'><strong><em>enim</em></strong></span> <span class='ocrx_word' id='word_1_268' title='bbox 573 3272 742 3331; x_wconf 78' lang='lat' dir='ltr'><strong><em>prima</em></strong></span> <span class='ocrx_word' id='word_1_269' title='bbox 787 3270 926 3323; x_wconf 83' lang='lat' dir='ltr'><strong><em>sedis</em></strong></span> <span class='ocrx_word' id='word_1_270' title='bbox 965 3269 1350 3339; x_wconf 79' lang='lat' dir='ltr'><strong><em>wquinoctialis</em></strong></span> <span class='ocrx_word' id='word_1_271' title='bbox 1384 3277 1640 3335; x_wconf 88' lang='lat' dir='ltr'><strong><em>tempora,</em></strong></span> 
     </span>
    </p>
   </div>
   <div class='ocr_carea' id='block_1_36' title="bbox 63 3357 1642 3429">
    <p class='ocr_par' dir='ltr' id='par_1_36' title="bbox 63 3357 1642 3429">
     <span class='ocr_line' id='line_1_36' title="bbox 63 3357 1642 3429; baseline 0.001 -18"><span class='ocrx_word' id='word_1_272' title='bbox 63 3361 146 3411; x_wconf 79' lang='lat' dir='ltr'><strong><em>sed</em></strong></span> <span class='ocrx_word' id='word_1_273' title='bbox 177 3359 374 3412; x_wconf 82' lang='lat' dir='ltr'><strong><em>ultima</em></strong></span> <span class='ocrx_word' id='word_1_274' title='bbox 411 3361 638 3429; x_wconf 74' lang='lat' dir='ltr'><strong><em>signavit</em></strong></span> <span class='ocrx_word' id='word_1_275' title='bbox 682 3376 698 3412; x_wconf 90' lang='lat'><strong><em>:</em></strong></span> <span class='ocrx_word' id='word_1_276' title='bbox 743 3361 840 3412; x_wconf 88' lang='lat' dir='ltr'><strong><em>hoc</em></strong></span> <span class='ocrx_word' id='word_1_277' title='bbox 887 3371 962 3412; x_wconf 89' lang='lat' dir='ltr'><strong><em>est</em></strong></span> <span class='ocrx_word' id='word_1_278' title='bbox 1003 3377 1086 3424; x_wconf 88' lang='lat' dir='ltr'><strong><em>ea,</em></strong></span> <span class='ocrx_word' id='word_1_279' title='bbox 1133 3376 1166 3411; x_wconf 90' lang='lat' dir='ltr'><strong><em>a</em></strong></span> <span class='ocrx_word' id='word_1_280' title='bbox 1204 3359 1390 3428; x_wconf 82' lang='lat' dir='ltr'><strong><em>quibus</em></strong></span> <span class='ocrx_word' id='word_1_281' title='bbox 1422 3357 1642 3412; x_wconf 72' lang='lat' dir='ltr'><strong><em>Pascha!</em></strong></span> 
     </span>
    </p>
   </div>
   <div class='ocr_carea' id='block_1_37' title="bbox 61 3450 1638 3518">
    <p class='ocr_par' dir='ltr' id='par_1_37' title="bbox 61 3450 1638 3518">
     <span class='ocr_line' id='line_1_37' title="bbox 61 3450 1638 3518; baseline 0.001 -18"><span class='ocrx_word' id='word_1_282' title='bbox 61 3451 462 3504; x_wconf 76' lang='lat' dir='ltr'><strong><em>celebrationem</em></strong></span> <span class='ocrx_word' id='word_1_283' title='bbox 501 3451 727 3517; x_wconf 72' lang='lat' dir='ltr'><strong><em>incipere</em></strong></span> <span class='ocrx_word' id='word_1_284' title='bbox 765 3466 914 3518; x_wconf 84' lang='lat' dir='ltr'><strong><em>posse</em></strong></span> <span class='ocrx_word' id='word_1_285' title='bbox 963 3459 1199 3504; x_wconf 75' lang='lat' dir='ltr'><strong><em>noverat.</em></strong></span> <span class='ocrx_word' id='word_1_286' title='bbox 1246 3450 1378 3504; x_wconf 90' lang='lat' dir='ltr'><strong><em>Cum</em></strong></span> <span class='ocrx_word' id='word_1_287' title='bbox 1422 3451 1560 3502; x_wconf 86' lang='lat' dir='ltr'><strong><em>enim</em></strong></span> <span class='ocrx_word' id='word_1_288' title='bbox 1601 3464 1638 3502; x_wconf 89' lang='grc' dir='ltr'><strong><em>ιι</em></strong></span> 
     </span>
    </p>
   </div>
   <div class='ocr_carea' id='block_1_38' title="bbox 63 3541 1642 3610">
    <p class='ocr_par' dir='ltr' id='par_1_38' title="bbox 63 3541 1642 3610">
     <span class='ocr_line' id='line_1_38' title="bbox 63 3541 1642 3610; baseline -0.001 -16"><span class='ocrx_word' id='word_1_289' title='bbox 63 3543 136 3596; x_wconf 78' lang='lat' dir='ltr'><strong><em>rel</em></strong></span> <span class='ocrx_word' id='word_1_290' title='bbox 155 3557 210 3595; x_wconf 85' lang='grc' dir='ltr'><strong><em>ιιι</em></strong></span> <span class='ocrx_word' id='word_1_291' title='bbox 239 3559 382 3594; x_wconf 86' lang='lat' dir='ltr'><strong><em>anno</em></strong></span> <span class='ocrx_word' id='word_1_292' title='bbox 404 3553 518 3610; x_wconf 77' lang='lat' dir='ltr'><strong><em>post</em></strong></span> <span class='ocrx_word' id='word_1_293' title='bbox 549 3542 836 3596; x_wconf 66' lang='lat' dir='ltr'><strong><em>bissextum</em></strong></span> <span class='ocrx_word' id='word_1_294' title='bbox 869 3541 1092 3596; x_wconf 75' lang='lat' dir='ltr'><strong><em>Pascha:</em></strong></span> <span class='ocrx_word' id='word_1_295' title='bbox 1114 3541 1224 3594; x_wconf 86' lang='lat' dir='ltr'><strong><em>dies</em></strong></span> <span class='ocrx_word' id='word_1_296' title='bbox 1261 3541 1562 3594; x_wconf 85' lang='lat' dir='ltr'><strong><em>Dominicns</em></strong></span> <span class='ocrx_word' id='word_1_297' title='bbox 1587 3542 1642 3594; x_wconf 90' lang='lat' dir='ltr'><strong><em>in</em></strong></span> 
     </span>
    </p>
   </div>
   <div class='ocr_carea' id='block_1_39' title="bbox 66 3633 1642 3706">
    <p class='ocr_par' dir='ltr' id='par_1_39' title="bbox 66 3633 1642 3706">
     <span class='ocr_line' id='line_1_39' title="bbox 66 3633 1642 3706; baseline -0.001 -18"><span class='ocrx_word' id='word_1_298' title='bbox 66 3652 112 3688; x_wconf 77' lang='grc' dir='ltr'><strong><em>ιι</em></strong></span> <span class='ocrx_word' id='word_1_299' title='bbox 145 3633 276 3688; x_wconf 79' lang='lat' dir='ltr'><strong><em>Kal.</em></strong></span> <span class='ocrx_word' id='word_1_300' title='bbox 313 3636 442 3704; x_wconf 74' lang='lat' dir='ltr'><strong><em>Apr.</em></strong></span> <span class='ocrx_word' id='word_1_301' title='bbox 479 3637 791 3700; x_wconf 85' lang='lat' dir='ltr'><strong><em>occurrerit,</em></strong></span> <span class='ocrx_word' id='word_1_302' title='bbox 824 3645 1030 3690; x_wconf 86' lang='lat' dir='ltr'><strong><em>constat</em></strong></span> <span class='ocrx_word' id='word_1_303' title='bbox 1057 3636 1328 3700; x_wconf 84' lang='lat' dir='ltr'><strong><em>nimirum,</em></strong></span> <span class='ocrx_word' id='word_1_304' title='bbox 1353 3635 1490 3706; x_wconf 87' lang='lat' dir='ltr'><strong><em>quod</em></strong></span> <span class='ocrx_word' id='word_1_305' title='bbox 1523 3651 1642 3687; x_wconf 86' lang='lat' dir='ltr'><strong><em>cum</em></strong></span> 
     </span>
    </p>
   </div>
   <div class='ocr_carea' id='block_1_40' title="bbox 65 3727 1642 3794">
    <p class='ocr_par' dir='ltr' id='par_1_40' title="bbox 65 3727 1642 3794">
     <span class='ocr_line' id='line_1_40' title="bbox 65 3727 1642 3794; baseline 0 -14"><span class='ocrx_word' id='word_1_306' title='bbox 65 3729 378 3792; x_wconf 72' lang='lat' dir='ltr'><strong><em>tequinoctio</em></strong></span> <span class='ocrx_word' id='word_1_307' title='bbox 401 3727 624 3782; x_wconf 74' lang='lat' dir='ltr'><strong><em>Pascha:</em></strong></span> <span class='ocrx_word' id='word_1_308' title='bbox 645 3731 754 3783; x_wconf 82' lang='lat' dir='ltr'><strong><em>dies</em></strong></span> <span class='ocrx_word' id='word_1_309' title='bbox 781 3729 1062 3782; x_wconf 75' lang='lat' dir='ltr'><strong><em>inchoatur</em></strong></span> <span class='ocrx_word' id='word_1_310' title='bbox 1085 3743 1101 3780; x_wconf 89' lang='lat'><em>:</em></span> <span class='ocrx_word' id='word_1_311' title='bbox 1133 3728 1285 3794; x_wconf 87' lang='lat' dir='ltr'><strong><em>cujus</em></strong></span> <span class='ocrx_word' id='word_1_312' title='bbox 1316 3727 1642 3780; x_wconf 72' lang='lat' dir='ltr'><strong><em>olerentonia:</em></strong></span> 
     </span>
    </p>
   </div>
   <div class='ocr_carea' id='block_1_41' title="bbox 65 3820 1638 3892">
    <p class='ocr_par' dir='ltr' id='par_1_41' title="bbox 65 3820 1638 3892">
     <span class='ocr_line' id='line_1_41' title="bbox 65 3820 1638 3892; baseline -0.001 -18"><span class='ocrx_word' id='word_1_313' title='bbox 65 3833 233 3892; x_wconf 78' lang='lat' dir='ltr'><strong><em>partes</em></strong></span> <span class='ocrx_word' id='word_1_314' title='bbox 269 3823 605 3875; x_wconf 80' lang='lat' dir='ltr'><strong><em>celebrantur</em></strong></span> <span class='ocrx_word' id='word_1_315' title='bbox 627 3823 798 3892; x_wconf 86' lang='lat' dir='ltr'><strong><em>prima</em></strong></span> <span class='ocrx_word' id='word_1_316' title='bbox 815 3833 993 3888; x_wconf 86' lang='lat' dir='ltr'><strong><em>nocte;</em></strong></span> <span class='ocrx_word' id='word_1_317' title='bbox 1019 3838 1136 3874; x_wconf 89' lang='lat' dir='ltr'><strong><em>cum</em></strong></span> <span class='ocrx_word' id='word_1_318' title='bbox 1151 3821 1332 3874; x_wconf 88' lang='lat' dir='ltr'><strong><em>eadem</em></strong></span> <span class='ocrx_word' id='word_1_319' title='bbox 1355 3820 1638 3882; x_wconf 86' lang='lat' dir='ltr'><strong><em>mediante,</em></strong></span> 
     </span>
    </p>
   </div>
   <div class='ocr_carea' id='block_1_42' title="bbox 67 3909 1641 3983">
    <p class='ocr_par' dir='ltr' id='par_1_42' title="bbox 67 3909 1641 3983">
     <span class='ocr_line' id='line_1_42' title="bbox 67 3909 1641 3983; baseline -0.002 -15"><span class='ocrx_word' id='word_1_320' title='bbox 67 3917 138 3968; x_wconf 69' lang='lat' dir='ltr'><strong><em>uel</em></strong></span> <span class='ocrx_word' id='word_1_321' title='bbox 165 3914 445 3967; x_wconf 85' lang='lat' dir='ltr'><strong><em>inchoante</em></strong></span> <span class='ocrx_word' id='word_1_322' title='bbox 467 3914 775 3982; x_wconf 76' lang='lat' dir='ltr'><strong><em>perﬁciatur</em></strong></span> <span class='ocrx_word' id='word_1_323' title='bbox 803 3913 1196 3983; x_wconf 77' lang='lat' dir='ltr'><strong><em>azquinoctium.</em></strong></span> <span class='ocrx_word' id='word_1_324' title='bbox 1237 3909 1368 3965; x_wconf 85' lang='lat' dir='ltr'><strong><em>Tum</em></strong></span> <span class='ocrx_word' id='word_1_325' title='bbox 1397 3928 1514 3965; x_wconf 79' lang='lat' dir='ltr'><strong><em>vero</em></strong></span> <span class='ocrx_word' id='word_1_326' title='bbox 1543 3913 1641 3965; x_wconf 88' lang='lat' dir='ltr'><strong><em>rite</em></strong></span> 
     </span>
    </p>
   </div>
   <div class='ocr_carea' id='block_1_43' title="bbox 69 4003 1640 4078">
    <p class='ocr_par' dir='ltr' id='par_1_43' title="bbox 69 4003 1640 4078">
     <span class='ocr_line' id='line_1_43' title="bbox 69 4003 1640 4078; baseline -0.003 -16"><span class='ocrx_word' id='word_1_327' title='bbox 69 4005 270 4062; x_wconf 79' lang='lat' dir='ltr'><strong><em>Pascha</em></strong></span> <span class='ocrx_word' id='word_1_328' title='bbox 299 4005 604 4078; x_wconf 80' lang='lat' dir='ltr'><strong><em>peragitur;</em></strong></span> <span class='ocrx_word' id='word_1_329' title='bbox 659 4009 783 4075; x_wconf 84' lang='lat' dir='ltr'><strong><em>quia</em></strong></span> <span class='ocrx_word' id='word_1_330' title='bbox 817 4004 1238 4069; x_wconf 82' lang='lat' dir='ltr'><strong><em>resurrectionis,</em></strong></span> <span class='ocrx_word' id='word_1_331' title='bbox 1263 4019 1378 4073; x_wconf 82' lang='lat' dir='ltr'><strong><em>qua:</em></strong></span> <span class='ocrx_word' id='word_1_332' title='bbox 1403 4003 1640 4057; x_wconf 84' lang='lat' dir='ltr'><strong><em>diluculo</em></strong></span> 
     </span>
    </p>
   </div>
   <div class='ocr_carea' id='block_1_44' title="bbox 69 4098 1641 4168">
    <p class='ocr_par' dir='ltr' id='par_1_44' title="bbox 69 4098 1641 4168">
     <span class='ocr_line' id='line_1_44' title="bbox 69 4098 1641 4168; baseline -0.003 -13"><span class='ocrx_word' id='word_1_333' title='bbox 69 4102 206 4168; x_wconf 71' lang='lat' dir='ltr'><strong><em>facta</em></strong></span> <span class='ocrx_word' id='word_1_334' title='bbox 231 4113 334 4164; x_wconf 85' lang='lat' dir='ltr'><strong><em>est,</em></strong></span> <span class='ocrx_word' id='word_1_335' title='bbox 363 4101 633 4168; x_wconf 77' lang='lat' dir='ltr'><strong><em>prrecipua</em></strong></span> <span class='ocrx_word' id='word_1_336' title='bbox 675 4115 798 4167; x_wconf 85' lang='lat' dir='ltr'><strong><em>pars</em></strong></span> <span class='ocrx_word' id='word_1_337' title='bbox 835 4107 950 4166; x_wconf 85' lang='lat' dir='ltr'><strong><em>post</em></strong></span> <span class='ocrx_word' id='word_1_338' title='bbox 993 4098 1366 4166; x_wconf 79' lang='lat' dir='ltr'><strong><em>a&#39;quinoctium</em></strong></span> <span class='ocrx_word' id='word_1_339' title='bbox 1409 4098 1641 4150; x_wconf 85' lang='lat' dir='ltr'><strong><em>celebra-</em></strong></span> 
     </span>
    </p>
   </div>
   <div class='ocr_carea' id='block_1_45' title="bbox 69 4189 1636 4260">
    <p class='ocr_par' dir='ltr' id='par_1_45' title="bbox 69 4189 1636 4260">
     <span class='ocr_line' id='line_1_45' title="bbox 69 4189 1636 4260; baseline -0.001 -16"><span class='ocrx_word' id='word_1_340' title='bbox 69 4201 166 4245; x_wconf 85' lang='lat' dir='ltr'><strong><em>tur.</em></strong></span> <span class='ocrx_word' id='word_1_341' title='bbox 195 4193 324 4248; x_wconf 69' lang='lat' dir='ltr'><strong><em>llaec</em></strong></span> <span class='ocrx_word' id='word_1_342' title='bbox 367 4193 477 4246; x_wconf 79' lang='lat' dir='ltr'><strong><em>fere</em></strong></span> <span class='ocrx_word' id='word_1_343' title='bbox 510 4191 650 4245; x_wconf 82' lang='lat' dir='ltr'><strong><em>Beda</em></strong></span> <span class='ocrx_word' id='word_1_344' title='bbox 675 4192 770 4244; x_wconf 86' lang='lat' dir='ltr'><strong><em>lib.</em></strong></span> <span class='ocrx_word' id='word_1_345' title='bbox 807 4190 878 4242; x_wconf 90' lang='lat' dir='ltr'><strong><em>De</em></strong></span> <span class='ocrx_word' id='word_1_346' title='bbox 918 4191 1112 4260; x_wconf 60' lang='lat' dir='ltr'><strong><em>usquin.</em></strong></span> <span class='ocrx_word' id='word_1_347' title='bbox 1148 4189 1250 4255; x_wconf 86' lang='lat' dir='ltr'><strong><em>Qui</em></strong></span> <span class='ocrx_word' id='word_1_348' title='bbox 1285 4189 1365 4244; x_wconf 84' lang='lat' dir='ltr'><strong><em>sic</em></strong></span> <span class='ocrx_word' id='word_1_349' title='bbox 1397 4189 1636 4242; x_wconf 86' lang='lat' dir='ltr'><strong><em>Anatolii</em></strong></span> 
     </span>
    </p>
   </div>
   <div class='ocr_carea' id='block_1_46' title="bbox 69 4283 1638 4353">
    <p class='ocr_par' dir='ltr' id='par_1_46' title="bbox 69 4283 1638 4353">
     <span class='ocr_line' id='line_1_46' title="bbox 69 4283 1638 4353; baseline -0.001 -15"><span class='ocrx_word' id='word_1_350' title='bbox 69 4287 222 4340; x_wconf 83' lang='lat' dir='ltr'><strong><em>verba</em></strong></span> <span class='ocrx_word' id='word_1_351' title='bbox 249 4286 494 4340; x_wconf 76' lang='lat' dir='ltr'><strong><em>declarat</em></strong></span> <span class='ocrx_word' id='word_1_352' title='bbox 527 4303 538 4339; x_wconf 94' lang='lat'>:</span> <span class='ocrx_word' id='word_1_353' title='bbox 573 4284 709 4338; x_wconf 81' lang='lat' dir='ltr'><strong><em>Cum</em></strong></span> <span class='ocrx_word' id='word_1_354' title='bbox 743 4285 854 4338; x_wconf 91' lang='lat' dir='ltr'><strong><em>duo</em></strong></span> <span class='ocrx_word' id='word_1_355' title='bbox 876 4283 986 4340; x_wconf 87' lang='lat' dir='ltr'><strong><em>sint</em></strong></span> <span class='ocrx_word' id='word_1_356' title='bbox 1015 4284 1346 4353; x_wconf 66' lang='lat' dir='ltr'><strong><em>aequinoctio</em></strong></span> <span class='ocrx_word' id='word_1_357' title='bbox 1387 4284 1638 4338; x_wconf 88' lang='lat' dir='ltr'><strong><em>attributi</em></strong></span> 
     </span>
    </p>
   </div>
   <div class='ocr_carea' id='block_1_47' title="bbox 69 4376 1640 4447">
    <p class='ocr_par' dir='ltr' id='par_1_47' title="bbox 69 4376 1640 4447">
     <span class='ocr_line' id='line_1_47' title="bbox 69 4376 1640 4447; baseline -0.002 -13"><span class='ocrx_word' id='word_1_358' title='bbox 69 4381 198 4446; x_wconf 79' lang='lat' dir='ltr'><strong><em>dies,</em></strong></span> <span class='ocrx_word' id='word_1_359' title='bbox 229 4380 549 4434; x_wconf 79' lang='lat' dir='ltr'><strong><em>Anatolium</em></strong></span> <span class='ocrx_word' id='word_1_360' title='bbox 589 4379 654 4432; x_wconf 91' lang='lat' dir='ltr'><strong><em>de</em></strong></span> <span class='ocrx_word' id='word_1_361' title='bbox 681 4377 987 4447; x_wconf 88' lang='lat' dir='ltr'><strong><em>posteriore</em></strong></span> <span class='ocrx_word' id='word_1_362' title='bbox 1017 4377 1198 4447; x_wconf 88' lang='lat' dir='ltr'><strong><em>loqui:</em></strong></span> <span class='ocrx_word' id='word_1_363' title='bbox 1251 4377 1306 4431; x_wconf 88' lang='lat' dir='ltr'><strong><em>in</em></strong></span> <span class='ocrx_word' id='word_1_364' title='bbox 1347 4391 1458 4446; x_wconf 91' lang='lat' dir='ltr'><strong><em>quo</em></strong></span> <span class='ocrx_word' id='word_1_365' title='bbox 1493 4376 1640 4432; x_wconf 87' lang='lat' dir='ltr'><strong><em>scili-</em></strong></span> 
     </span>
    </p>
   </div>
   <div class='ocr_carea' id='block_1_48' title="bbox 1759 514 3340 585">
    <p class='ocr_par' dir='ltr' id='par_1_48' title="bbox 1759 514 3340 585">
     <span class='ocr_line' id='line_1_48' title="bbox 1759 514 3340 585; baseline 0.006 -23"><span class='ocrx_word' id='word_1_366' title='bbox 1759 527 2055 566; x_wconf 85' lang='lat' dir='ltr'><strong><em>accrescere</em></strong></span> <span class='ocrx_word' id='word_1_367' title='bbox 2095 514 2252 578; x_wconf 88' lang='lat' dir='ltr'><strong><em>solet,</em></strong></span> <span class='ocrx_word' id='word_1_368' title='bbox 2308 517 2594 570; x_wconf 89' lang='lat' dir='ltr'><strong><em>secundum</em></strong></span> <span class='ocrx_word' id='word_1_369' title='bbox 2657 529 2902 569; x_wconf 81' lang='lat' dir='ltr'><strong><em>naturam</em></strong></span> <span class='ocrx_word' id='word_1_370' title='bbox 2948 517 3180 585; x_wconf 80' lang='lat' dir='ltr'><strong><em>perfecta</em></strong></span> <span class='ocrx_word' id='word_1_371' title='bbox 3226 535 3340 572; x_wconf 81' lang='lat' dir='ltr'><strong><em>esse</em></strong></span> 
     </span>
    </p>
   </div>
   <div class='ocr_carea' id='block_1_49' title="bbox 1759 601 3334 681">
    <p class='ocr_par' dir='ltr' id='par_1_49' title="bbox 1759 601 3334 681">
     <span class='ocr_line' id='line_1_49' title="bbox 1759 601 3334 681; baseline 0.007 -26"><span class='ocrx_word' id='word_1_372' title='bbox 1759 601 2110 674; x_wconf 82' lang='lat' dir='ltr'><strong><em>dignoscitur.</em></strong></span> <span class='ocrx_word' id='word_1_373' title='bbox 2169 605 2350 673; x_wconf 84' lang='lat' dir='ltr'><strong><em>Quare</em></strong></span> <span class='ocrx_word' id='word_1_374' title='bbox 2393 607 2477 662; x_wconf 93' lang='lat' dir='ltr'><strong><em>sol</em></strong></span> <span class='ocrx_word' id='word_1_375' title='bbox 2519 611 2647 662; x_wconf 68' lang='lat' dir='ltr'><strong><em>&quot;cum</em></strong></span> <span class='ocrx_word' id='word_1_376' title='bbox 2690 609 3081 678; x_wconf 64' lang='lat' dir='ltr'><strong><em>aequinoctium</em></strong></span> <span class='ocrx_word' id='word_1_377' title='bbox 3131 612 3334 681; x_wconf 73' lang='lat' dir='ltr'><strong><em>attigit,</em></strong></span> 
     </span>
    </p>
   </div>
   <div class='ocr_carea' id='block_1_50' title="bbox 1752 693 3336 768">
    <p class='ocr_par' dir='ltr' id='par_1_50' title="bbox 1752 693 3336 768">
     <span class='ocr_line' id='line_1_50' title="bbox 1752 693 3336 768; baseline 0.006 -20"><span class='ocrx_word' id='word_1_378' title='bbox 1752 695 1866 764; x_wconf 85' lang='lat' dir='ltr'><strong><em>jam</em></strong></span> <span class='ocrx_word' id='word_1_379' title='bbox 1915 693 2020 750; x_wconf 89' lang='lat' dir='ltr'><strong><em>dici</em></strong></span> <span class='ocrx_word' id='word_1_380' title='bbox 2077 699 2436 768; x_wconf 87' lang='lat' dir='ltr'><strong><em>quadrantem</em></strong></span> <span class='ocrx_word' id='word_1_381' title='bbox 2497 699 2748 754; x_wconf 72' lang='lat' dir='ltr'><strong><em>absolvit“.</em></strong></span> <span class='ocrx_word' id='word_1_382' title='bbox 2796 701 2962 766; x_wconf 81' lang='lat' dir='ltr'><strong><em>Quasi</em></strong></span> <span class='ocrx_word' id='word_1_383' title='bbox 3010 701 3154 756; x_wconf 79' lang='lat' dir='ltr'><strong><em>dicat</em></strong></span> <span class='ocrx_word' id='word_1_384' title='bbox 3203 702 3336 757; x_wconf 86' lang='lat' dir='ltr'><strong><em>:Ab</em></strong></span> 
     </span>
    </p>
   </div>
   <div class='ocr_carea' id='block_1_51' title="bbox 1756 786 3338 856">
    <p class='ocr_par' dir='ltr' id='par_1_51' title="bbox 1756 786 3338 856">
     <span class='ocr_line' id='line_1_51' title="bbox 1756 786 3338 856; baseline 0.009 -16"><span class='ocrx_word' id='word_1_385' title='bbox 1756 786 2082 854; x_wconf 62' lang='lat' dir='ltr'><strong><em>aequinoctio</em></strong></span> <span class='ocrx_word' id='word_1_386' title='bbox 2118 805 2228 842; x_wconf 93' lang='lat' dir='ltr'><strong><em>uno</em></strong></span> <span class='ocrx_word' id='word_1_387' title='bbox 2255 805 2427 846; x_wconf 85' lang='lat' dir='ltr'><strong><em>verno</em></strong></span> <span class='ocrx_word' id='word_1_388' title='bbox 2457 791 2522 846; x_wconf 88' lang='lat' dir='ltr'><strong><em>ad</em></strong></span> <span class='ocrx_word' id='word_1_389' title='bbox 2558 793 2814 856; x_wconf 85' lang='lat' dir='ltr'><strong><em>alterum,</em></strong></span> <span class='ocrx_word' id='word_1_390' title='bbox 2844 794 2961 848; x_wconf 86' lang='lat' dir='ltr'><strong><em>dies</em></strong></span> <span class='ocrx_word' id='word_1_391' title='bbox 2990 795 3338 854; x_wconf 83' lang='lat' dir='ltr'><strong><em>intercedunt</em></strong></span> 
     </span>
    </p>
   </div>
   <div class='ocr_carea' id='block_1_52' title="bbox 1755 877 3336 958">
    <p class='ocr_par' dir='ltr' id='par_1_52' title="bbox 1755 877 3336 958">
     <span class='ocr_line' id='line_1_52' title="bbox 1755 877 3336 958; baseline 0.008 -27"><span class='ocrx_word' id='word_1_392' title='bbox 1755 877 1912 931; x_wconf 79' lang='lat' dir='ltr'><strong><em>Solidi</em></strong></span> <span class='ocrx_word' id='word_1_393' title='bbox 1946 892 2170 946; x_wconf 78' lang='lat' dir='ltr'><strong><em>cccuv,</em></strong></span> <span class='ocrx_word' id='word_1_394' title='bbox 2217 888 2272 935; x_wconf 90' lang='lat' dir='ltr'><strong><em>et</em></strong></span> <span class='ocrx_word' id='word_1_395' title='bbox 2305 881 2456 938; x_wconf 71' lang='lat' dir='ltr'><strong><em>horse</em></strong></span> <span class='ocrx_word' id='word_1_396' title='bbox 2499 899 2572 938; x_wconf 78' lang='lat' dir='ltr'><strong><em>vr.</em></strong></span> <span class='ocrx_word' id='word_1_397' title='bbox 2623 883 2827 940; x_wconf 87' lang='lat' dir='ltr'><strong><em>Verum</em></strong></span> <span class='ocrx_word' id='word_1_398' title='bbox 2869 895 2928 940; x_wconf 92' lang='lat' dir='ltr'><strong><em>ut</em></strong></span> <span class='ocrx_word' id='word_1_399' title='bbox 2973 897 3234 958; x_wconf 89' lang='lat' dir='ltr'><strong><em>quantum</em></strong></span> <span class='ocrx_word' id='word_1_400' title='bbox 3265 889 3336 944; x_wconf 86' lang='lat' dir='ltr'><strong><em>ab</em></strong></span> 
     </span>
    </p>
   </div>
   <div class='ocr_carea' id='block_1_53' title="bbox 1754 965 3336 1047">
    <p class='ocr_par' dir='ltr' id='par_1_53' title="bbox 1754 965 3336 1047">
     <span class='ocr_line' id='line_1_53' title="bbox 1754 965 3336 1047; baseline 0.008 -29"><span class='ocrx_word' id='word_1_401' title='bbox 1754 965 1991 1022; x_wconf 89' lang='lat' dir='ltr'><strong><em>Anatolii</em></strong></span> <span class='ocrx_word' id='word_1_402' title='bbox 2038 985 2200 1024; x_wconf 89' lang='lat' dir='ltr'><strong><em>sensu</em></strong></span> <span class='ocrx_word' id='word_1_403' title='bbox 2258 970 2546 1036; x_wconf 88' lang='lat' dir='ltr'><strong><em>deerrarit,</em></strong></span> <span class='ocrx_word' id='word_1_404' title='bbox 2601 975 2894 1044; x_wconf 72' lang='lat' dir='ltr'><strong><em>intelligas,</em></strong></span> <span class='ocrx_word' id='word_1_405' title='bbox 2942 975 3178 1047; x_wconf 77' lang='lat' dir='ltr'><strong><em>insignis</em></strong></span> <span class='ocrx_word' id='word_1_406' title='bbox 3219 977 3336 1047; x_wconf 88' lang='lat' dir='ltr'><strong><em>pri-</em></strong></span> 
     </span>
    </p>
   </div>
   <div class='ocr_carea' id='block_1_54' title="bbox 1755 1059 3038 1136">
    <p class='ocr_par' dir='ltr' id='par_1_54' title="bbox 1755 1059 3038 1136">
     <span class='ocr_line' id='line_1_54' title="bbox 1755 1059 3038 1136; baseline 0.008 -24"><span class='ocrx_word' id='word_1_407' title='bbox 1755 1073 1906 1113; x_wconf 91' lang='lat' dir='ltr'><strong><em>mum</em></strong></span> <span class='ocrx_word' id='word_1_408' title='bbox 1941 1059 2033 1114; x_wconf 86' lang='lat' dir='ltr'><strong><em>ille</em></strong></span> <span class='ocrx_word' id='word_1_409' title='bbox 2065 1059 2228 1136; x_wconf 25' lang='lat' dir='ltr'><strong><em>locus.</em></strong></span> <span class='ocrx_word' id='word_1_410' title='bbox 2257 1079 2288 1117; x_wconf 90' lang='lat' dir='ltr'><strong><em>a</em></strong></span> <span class='ocrx_word' id='word_1_411' title='bbox 2323 1065 2483 1119; x_wconf 88' lang='lat' dir='ltr'><strong><em>nobis</em></strong></span> <span class='ocrx_word' id='word_1_412' title='bbox 2521 1066 2903 1136; x_wconf 86' lang='lat' dir='ltr'><strong><em>explanandus</em></strong></span> <span class='ocrx_word' id='word_1_413' title='bbox 2937 1075 3038 1122; x_wconf 87' lang='lat' dir='ltr'><strong><em>est.</em></strong></span> 
     </span>
    </p>
   </div>
   <div class='ocr_carea' id='block_1_55' title="bbox 1823 1149 3332 1228">
    <p class='ocr_par' dir='ltr' id='par_1_55' title="bbox 1823 1149 3332 1228">
     <span class='ocr_line' id='line_1_55' title="bbox 1823 1149 3332 1228; baseline 0.008 -26"><span class='ocrx_word' id='word_1_414' title='bbox 1823 1149 2021 1205; x_wconf 88' lang='lat' dir='ltr'><strong><em>Censet</em></strong></span> <span class='ocrx_word' id='word_1_415' title='bbox 2073 1152 2237 1222; x_wconf 76' lang='lat' dir='ltr'><strong><em>igitur</em></strong></span> <span class='ocrx_word' id='word_1_416' title='bbox 2283 1153 2576 1210; x_wconf 81' lang='lat' dir='ltr'><strong><em>Anatolius</em></strong></span> <span class='ocrx_word' id='word_1_417' title='bbox 2627 1173 2870 1212; x_wconf 88' lang='lat' dir='ltr'><strong><em>mensem</em></strong></span> <span class='ocrx_word' id='word_1_418' title='bbox 2929 1159 3165 1228; x_wconf 88' lang='lat' dir='ltr'><strong><em>primum</em></strong></span> <span class='ocrx_word' id='word_1_419' title='bbox 3199 1160 3332 1214; x_wconf 89' lang='lat' dir='ltr'><strong><em>anni</em></strong></span> 
     </span>
    </p>
   </div>
   <div class='ocr_carea' id='block_1_56' title="bbox 1753 1243 3334 1320">
    <p class='ocr_par' dir='ltr' id='par_1_56' title="bbox 1753 1243 3334 1320">
     <span class='ocr_line' id='line_1_56' title="bbox 1753 1243 3334 1320; baseline 0.008 -28"><span class='ocrx_word' id='word_1_420' title='bbox 1753 1243 1914 1310; x_wconf 89' lang='lat' dir='ltr'><strong><em>primi</em></strong></span> <span class='ocrx_word' id='word_1_421' title='bbox 1955 1245 2118 1300; x_wconf 91' lang='lat' dir='ltr'><strong><em>totius</em></strong></span> <span class='ocrx_word' id='word_1_422' title='bbox 2160 1247 2296 1316; x_wconf 79' lang='lat' dir='ltr'><strong><em>cycli</em></strong></span> <span class='ocrx_word' id='word_1_423' title='bbox 2331 1249 2848 1305; x_wconf 83' lang='lat' dir='ltr'><strong><em>decemnovennalis</em></strong></span> <span class='ocrx_word' id='word_1_424' title='bbox 2893 1251 3192 1320; x_wconf 74' lang='grc' dir='ltr'>νουμηνίαν</span> <span class='ocrx_word' id='word_1_425' title='bbox 3231 1252 3334 1305; x_wconf 85' lang='lat' dir='ltr'><strong><em>ha-</em></strong></span> 
     </span>
    </p>
   </div>
   <div class='ocr_carea' id='block_1_57' title="bbox 1752 1330 3332 1405">
    <p class='ocr_par' dir='ltr' id='par_1_57' title="bbox 1752 1330 3332 1405">
     <span class='ocr_line' id='line_1_57' title="bbox 1752 1330 3332 1405; baseline 0.008 -21"><span class='ocrx_word' id='word_1_426' title='bbox 1752 1330 1880 1385; x_wconf 84' lang='lat' dir='ltr'><strong><em>bere</em></strong></span> <span class='ocrx_word' id='word_1_427' title='bbox 1920 1332 1971 1386; x_wconf 86' lang='lat' dir='ltr'><strong><em>in</em></strong></span> <span class='ocrx_word' id='word_1_428' title='bbox 2021 1350 2146 1388; x_wconf 75' lang='lat' dir='ltr'><strong><em>xxvr</em></strong></span> <span class='ocrx_word' id='word_1_429' title='bbox 2197 1334 2562 1402; x_wconf 84' lang='lat' dir='ltr'><strong><em>Phamenoth,</em></strong></span> <span class='ocrx_word' id='word_1_430' title='bbox 2616 1339 2730 1394; x_wconf 83' lang='lat' dir='ltr'><strong><em>sive</em></strong></span> <span class='ocrx_word' id='word_1_431' title='bbox 2777 1339 2956 1394; x_wconf 87' lang='lat' dir='ltr'><strong><em>Martii</em></strong></span> <span class='ocrx_word' id='word_1_432' title='bbox 2991 1357 3126 1405; x_wconf 64' lang='grc' dir='ltr'><strong>χχιι,</strong></span> <span class='ocrx_word' id='word_1_433' title='bbox 3163 1341 3243 1396; x_wconf 85' lang='lat' dir='ltr'><strong><em>vel</em></strong></span> <span class='ocrx_word' id='word_1_434' title='bbox 3277 1357 3332 1396; x_wconf 75' lang='lat' dir='ltr'><strong>xx</strong></span> 
     </span>
    </p>
   </div>
   <div class='ocr_carea' id='block_1_58' title="bbox 1751 1419 3332 1502">
    <p class='ocr_par' dir='ltr' id='par_1_58' title="bbox 1751 1419 3332 1502">
     <span class='ocr_line' id='line_1_58' title="bbox 1751 1419 3332 1502; baseline 0.008 -28"><span class='ocrx_word' id='word_1_435' title='bbox 1751 1419 1871 1476; x_wconf 83' lang='lat' dir='ltr'><strong><em>Kal.</em></strong></span> <span class='ocrx_word' id='word_1_436' title='bbox 1911 1424 2066 1493; x_wconf 85' lang='lat' dir='ltr'><strong><em>Apr.,</em></strong></span> <span class='ocrx_word' id='word_1_437' title='bbox 2109 1442 2218 1496; x_wconf 88' lang='lat' dir='ltr'><strong><em>qua</em></strong></span> <span class='ocrx_word' id='word_1_438' title='bbox 2253 1427 2338 1482; x_wconf 89' lang='lat' dir='ltr'><strong><em>die</em></strong></span> <span class='ocrx_word' id='word_1_439' title='bbox 2368 1429 2449 1482; x_wconf 90' lang='lat' dir='ltr'><strong><em>sol</em></strong></span> <span class='ocrx_word' id='word_1_440' title='bbox 2485 1431 2720 1500; x_wconf 87' lang='lat' dir='ltr'><strong><em>primum</em></strong></span> <span class='ocrx_word' id='word_1_441' title='bbox 2749 1431 2956 1486; x_wconf 79' lang='lat' dir='ltr'><strong><em>zodiaci</em></strong></span> <span class='ocrx_word' id='word_1_442' title='bbox 2995 1444 3332 1502; x_wconf 76' lang='lat' dir='ltr'><strong><em>segmentum</em></strong></span> 
     </span>
    </p>
   </div>
   <div class='ocr_carea' id='block_1_59' title="bbox 1751 1516 3330 1592">
    <p class='ocr_par' dir='ltr' id='par_1_59' title="bbox 1751 1516 3330 1592">
     <span class='ocr_line' id='line_1_59' title="bbox 1751 1516 3330 1592; baseline 0.005 -26"><span class='ocrx_word' id='word_1_443' title='bbox 1751 1516 2037 1582; x_wconf 80' lang='lat' dir='ltr'><strong><em>percurrit.</em></strong></span> <span class='ocrx_word' id='word_1_444' title='bbox 2067 1516 2224 1582; x_wconf 84' lang='lat' dir='ltr'><strong><em>Quod</em></strong></span> <span class='ocrx_word' id='word_1_445' title='bbox 2272 1530 2644 1588; x_wconf 80' lang='lat' dir='ltr'><strong><em>segmentum,</em></strong></span> <span class='ocrx_word' id='word_1_446' title='bbox 2666 1521 2904 1590; x_wconf 84' lang='lat' dir='ltr'><strong><em>primum</em></strong></span> <span class='ocrx_word' id='word_1_447' title='bbox 2947 1521 3330 1592; x_wconf 77' lang='grc' dir='ltr'><strong><em>δωδεκατημό-</em></strong></span> 
     </span>
    </p>
   </div>
   <div class='ocr_carea' id='block_1_60' title="bbox 1754 1608 3332 1682">
    <p class='ocr_par' dir='ltr' id='par_1_60' title="bbox 1754 1608 3332 1682">
     <span class='ocr_line' id='line_1_60' title="bbox 1754 1608 3332 1682; baseline 0.008 -27"><span class='ocrx_word' id='word_1_448' title='bbox 1754 1621 1886 1674; x_wconf 82' lang='grc' dir='ltr'>ριον,</span> <span class='ocrx_word' id='word_1_449' title='bbox 1929 1617 1984 1662; x_wconf 89' lang='lat' dir='ltr'><strong><em>et</em></strong></span> <span class='ocrx_word' id='word_1_450' title='bbox 2035 1608 2377 1681; x_wconf 71' lang='grc' dir='ltr'>ἰσημερινόν,</span> <span class='ocrx_word' id='word_1_451' title='bbox 2425 1621 2480 1666; x_wconf 91' lang='lat' dir='ltr'><strong><em>et</em></strong></span> <span class='ocrx_word' id='word_1_452' title='bbox 2517 1612 2844 1682; x_wconf 87' lang='lat' dir='ltr'><strong><em>principium</em></strong></span> <span class='ocrx_word' id='word_1_453' title='bbox 2884 1615 3191 1680; x_wconf 73' lang='lat' dir='ltr'><strong><em>Iliensium,</em></strong></span> <span class='ocrx_word' id='word_1_454' title='bbox 3237 1615 3332 1668; x_wconf 86' lang='lat' dir='ltr'><strong><em>ad-</em></strong></span> 
     </span>
    </p>
   </div>
   <div class='ocr_carea' id='block_1_61' title="bbox 1748 1701 3330 1773">
    <p class='ocr_par' dir='ltr' id='par_1_61' title="bbox 1748 1701 3330 1773">
     <span class='ocr_line' id='line_1_61' title="bbox 1748 1701 3330 1773; baseline 0.006 -25"><span class='ocrx_word' id='word_1_455' title='bbox 1748 1712 1923 1768; x_wconf 84' lang='lat' dir='ltr'><strong><em>eoque</em></strong></span> <span class='ocrx_word' id='word_1_456' title='bbox 1974 1701 2110 1770; x_wconf 84' lang='lat' dir='ltr'><strong><em>cycli</em></strong></span> <span class='ocrx_word' id='word_1_457' title='bbox 2167 1703 2339 1756; x_wconf 88' lang='lat' dir='ltr'><strong><em>totius</em></strong></span> <span class='ocrx_word' id='word_1_458' title='bbox 2403 1704 2674 1773; x_wconf 88' lang='lat' dir='ltr'><strong><em>appellat,</em></strong></span> <span class='ocrx_word' id='word_1_459' title='bbox 2723 1715 2774 1759; x_wconf 90' lang='lat' dir='ltr'><strong><em>et</em></strong></span> <span class='ocrx_word' id='word_1_460' title='bbox 2823 1705 3016 1773; x_wconf 68' lang='grc' dir='ltr'>ἄφεσιν</span> <span class='ocrx_word' id='word_1_461' title='bbox 3073 1705 3167 1758; x_wconf 79' lang='grc' dir='ltr'>τοῦ</span> <span class='ocrx_word' id='word_1_462' title='bbox 3221 1705 3330 1758; x_wconf 82' lang='grc' dir='ltr'>τῶν</span> 
     </span>
    </p>
   </div>
   <div class='ocr_carea' id='block_1_62' title="bbox 1749 1789 3332 1865">
    <p class='ocr_par' dir='ltr' id='par_1_62' title="bbox 1749 1789 3332 1865">
     <span class='ocr_line' id='line_1_62' title="bbox 1749 1789 3332 1865; baseline 0.007 -25"><span class='ocrx_word' id='word_1_463' title='bbox 1749 1789 2037 1858; x_wconf 82' lang='grc' dir='ltr'>πλανητῶν</span> <span class='ocrx_word' id='word_1_464' title='bbox 2066 1791 2302 1864; x_wconf 79' lang='grc' dir='ltr'><strong><em>δρόμου,</em></strong></span> <span class='ocrx_word' id='word_1_465' title='bbox 2339 1795 2444 1850; x_wconf 89' lang='lat' dir='ltr'><strong><em>hoc</em></strong></span> <span class='ocrx_word' id='word_1_466' title='bbox 2474 1803 2580 1858; x_wconf 88' lang='lat' dir='ltr'><strong><em>est,</em></strong></span> <span class='ocrx_word' id='word_1_467' title='bbox 2611 1797 2758 1850; x_wconf 82' lang='lat' dir='ltr'><strong><em>velut</em></strong></span> <span class='ocrx_word' id='word_1_468' title='bbox 2801 1811 3050 1852; x_wconf 84' lang='lat' dir='ltr'><strong><em>carceres</em></strong></span> <span class='ocrx_word' id='word_1_469' title='bbox 3093 1813 3157 1851; x_wconf 77' lang='lat' dir='ltr'><strong><em>cx</em></strong></span> <span class='ocrx_word' id='word_1_470' title='bbox 3211 1798 3332 1865; x_wconf 89' lang='lat' dir='ltr'><strong><em>qui-</em></strong></span> 
     </span>
    </p>
   </div>
   <div class='ocr_carea' id='block_1_63' title="bbox 1749 1879 3328 1944">
    <p class='ocr_par' dir='ltr' id='par_1_63' title="bbox 1749 1879 3328 1944">
     <span class='ocr_line' id='line_1_63' title="bbox 1749 1879 3328 1944; baseline 0.005 -10"><span class='ocrx_word' id='word_1_471' title='bbox 1749 1879 1854 1934; x_wconf 92' lang='lat' dir='ltr'><strong><em>bus</em></strong></span> <span class='ocrx_word' id='word_1_472' title='bbox 1895 1883 2242 1940; x_wconf 89' lang='lat' dir='ltr'><strong><em>emittuntur.</em></strong></span> <span class='ocrx_word' id='word_1_473' title='bbox 2287 1881 2426 1940; x_wconf 87' lang='lat' dir='ltr'><strong><em>Nam</em></strong></span> <span class='ocrx_word' id='word_1_474' title='bbox 2486 1887 2872 1942; x_wconf 86' lang='lat' dir='ltr'><strong><em>absolutionem</em></strong></span> <span class='ocrx_word' id='word_1_475' title='bbox 2937 1889 3169 1944; x_wconf 78' lang='lat' dir='ltr'><strong><em>Ruﬁnus</em></strong></span> <span class='ocrx_word' id='word_1_476' title='bbox 3219 1903 3328 1942; x_wconf 88' lang='lat' dir='ltr'><strong><em>non</em></strong></span> 
     </span>
    </p>
   </div>
   <div class='ocr_carea' id='block_1_64' title="bbox 1748 1976 3326 2044">
    <p class='ocr_par' dir='ltr' id='par_1_64' title="bbox 1748 1976 3326 2044">
     <span class='ocr_line' id='line_1_64' title="bbox 1748 1976 3326 2044; baseline 0.004 -18"><span class='ocrx_word' id='word_1_477' title='bbox 1748 1983 1894 2029; x_wconf 88' lang='lat' dir='ltr'><strong><em>recte</em></strong></span> <span class='ocrx_word' id='word_1_478' title='bbox 1924 1976 2312 2044; x_wconf 77' lang='lat' dir='ltr'><strong><em>interpretatus</em></strong></span> <span class='ocrx_word' id='word_1_479' title='bbox 2341 1989 2450 2042; x_wconf 90' lang='lat' dir='ltr'><strong><em>est,</em></strong></span> <span class='ocrx_word' id='word_1_480' title='bbox 2485 1980 2592 2033; x_wconf 88' lang='lat' dir='ltr'><strong><em>nisi</em></strong></span> <span class='ocrx_word' id='word_1_481' title='bbox 2627 1979 2834 2034; x_wconf 89' lang='lat' dir='ltr'><strong><em>absolvi</em></strong></span> <span class='ocrx_word' id='word_1_482' title='bbox 2857 1979 3042 2036; x_wconf 87' lang='lat' dir='ltr'><strong><em>stellas</em></strong></span> <span class='ocrx_word' id='word_1_483' title='bbox 3067 1980 3140 2035; x_wconf 90' lang='lat' dir='ltr'><strong><em>sit</em></strong></span> <span class='ocrx_word' id='word_1_484' title='bbox 3163 1980 3326 2040; x_wconf 83' lang='lat' dir='ltr'><strong><em>idem,</em></strong></span> 
     </span>
    </p>
   </div>
   <div class='ocr_carea' id='block_1_65' title="bbox 1748 2067 3326 2142">
    <p class='ocr_par' dir='ltr' id='par_1_65' title="bbox 1748 2067 3326 2142">
     <span class='ocr_line' id='line_1_65' title="bbox 1748 2067 3326 2142; baseline 0.003 -20"><span class='ocrx_word' id='word_1_485' title='bbox 1748 2067 1892 2137; x_wconf 88' lang='lat' dir='ltr'><strong><em>quod</em></strong></span> <span class='ocrx_word' id='word_1_486' title='bbox 1915 2069 2109 2121; x_wconf 87' lang='lat' dir='ltr'><strong><em>emitti.</em></strong></span> <span class='ocrx_word' id='word_1_487' title='bbox 2137 2069 2463 2140; x_wconf 88' lang='lat' dir='ltr'><strong><em>Quanquam</em></strong></span> <span class='ocrx_word' id='word_1_488' title='bbox 2511 2071 2718 2140; x_wconf 88' lang='lat' dir='ltr'><strong><em>epocha</em></strong></span> <span class='ocrx_word' id='word_1_489' title='bbox 2762 2071 2873 2135; x_wconf 86' lang='lat' dir='ltr'><strong><em>illa,</em></strong></span> <span class='ocrx_word' id='word_1_490' title='bbox 2912 2073 3026 2125; x_wconf 88' lang='lat' dir='ltr'><strong><em>sive</em></strong></span> <span class='ocrx_word' id='word_1_491' title='bbox 3065 2083 3326 2142; x_wconf 86' lang='lat' dir='ltr'><strong><em>punctum</em></strong></span> 
     </span>
    </p>
   </div>
   <div class='ocr_carea' id='block_1_66' title="bbox 1749 2161 3331 2232">
    <p class='ocr_par' dir='ltr' id='par_1_66' title="bbox 1749 2161 3331 2232">
     <span class='ocr_line' id='line_1_66' title="bbox 1749 2161 3331 2232; baseline 0.001 -16"><span class='ocrx_word' id='word_1_492' title='bbox 1749 2161 2316 2231; x_wconf 57' lang='lat' dir='ltr'><strong><em>aequinoctialeddem</em></strong></span> <span class='ocrx_word' id='word_1_493' title='bbox 2349 2165 2630 2232; x_wconf 84' lang='lat' dir='ltr'><strong><em>sequentis</em></strong></span> <span class='ocrx_word' id='word_1_494' title='bbox 2660 2179 2858 2220; x_wconf 90' lang='lat' dir='ltr'><strong><em>cursus</em></strong></span> <span class='ocrx_word' id='word_1_495' title='bbox 2888 2165 3102 2218; x_wconf 89' lang='lat' dir='ltr'><strong><em>initium</em></strong></span> <span class='ocrx_word' id='word_1_496' title='bbox 3135 2173 3238 2226; x_wconf 87' lang='lat' dir='ltr'><strong><em>est,</em></strong></span> <span class='ocrx_word' id='word_1_497' title='bbox 3275 2173 3331 2218; x_wconf 85' lang='lat' dir='ltr'><strong><em>et</em></strong></span> 
     </span>
    </p>
   </div>
   <div class='ocr_carea' id='block_1_67' title="bbox 1748 2253 3330 2310">
    <p class='ocr_par' dir='ltr' id='par_1_67' title="bbox 1748 2253 3330 2310">
     <span class='ocr_line' id='line_1_67' title="bbox 1748 2253 3330 2310; baseline 0.001 -2"><span class='ocrx_word' id='word_1_498' title='bbox 1748 2253 2122 2308; x_wconf 87' lang='lat' dir='ltr'><strong><em>antecedentis</em></strong></span> <span class='ocrx_word' id='word_1_499' title='bbox 2153 2254 2422 2308; x_wconf 88' lang='lat' dir='ltr'><strong><em>terminus</em></strong></span> <span class='ocrx_word' id='word_1_500' title='bbox 2453 2271 2468 2308; x_wconf 93' lang='lat'><strong>:</strong></span> <span class='ocrx_word' id='word_1_501' title='bbox 2505 2257 2652 2309; x_wconf 82' lang='lat' dir='ltr'><strong><em>unde</em></strong></span> <span class='ocrx_word' id='word_1_502' title='bbox 2685 2255 3040 2309; x_wconf 80' lang='lat' dir='ltr'><strong><em>vehementer</em></strong></span> <span class='ocrx_word' id='word_1_503' title='bbox 3069 2271 3168 2310; x_wconf 91' lang='lat' dir='ltr'><strong><em>eos</em></strong></span> <span class='ocrx_word' id='word_1_504' title='bbox 3212 2256 3330 2310; x_wconf 70' lang='lat' dir='ltr'><strong><em>hal-</em></strong></span> 
     </span>
    </p>
   </div>
   <div class='ocr_carea' id='block_1_68' title="bbox 1749 2345 3331 2418">
    <p class='ocr_par' dir='ltr' id='par_1_68' title="bbox 1749 2345 3331 2418">
     <span class='ocr_line' id='line_1_68' title="bbox 1749 2345 3331 2418; baseline 0 -16"><span class='ocrx_word' id='word_1_505' title='bbox 1749 2347 1980 2402; x_wconf 88' lang='lat' dir='ltr'><strong><em>lucinari</em></strong></span> <span class='ocrx_word' id='word_1_506' title='bbox 2039 2345 2238 2412; x_wconf 89' lang='lat' dir='ltr'><strong><em>docet,</em></strong></span> <span class='ocrx_word' id='word_1_507' title='bbox 2305 2347 2398 2416; x_wconf 91' lang='lat' dir='ltr'><strong><em>qui</em></strong></span> <span class='ocrx_word' id='word_1_508' title='bbox 2481 2347 2535 2400; x_wconf 92' lang='lat' dir='ltr'><strong><em>in</em></strong></span> <span class='ocrx_word' id='word_1_509' title='bbox 2605 2349 2882 2402; x_wconf 84' lang='lat' dir='ltr'><strong><em>anteriore</em></strong></span> <span class='ocrx_word' id='word_1_510' title='bbox 2943 2357 3331 2418; x_wconf 86' lang='lat' dir='ltr'><strong><em>postremoque</em></strong></span> 
     </span>
    </p>
   </div>
   <div class='ocr_carea' id='block_1_69' title="bbox 1749 2439 3326 2510">
    <p class='ocr_par' dir='ltr' id='par_1_69' title="bbox 1749 2439 3326 2510">
     <span class='ocr_line' id='line_1_69' title="bbox 1749 2439 3326 2510; baseline 0 -16"><span class='ocrx_word' id='word_1_511' title='bbox 1749 2447 2028 2508; x_wconf 83' lang='lat' dir='ltr'><strong><em>segmento</em></strong></span> <span class='ocrx_word' id='word_1_512' title='bbox 2093 2453 2334 2492; x_wconf 87' lang='lat' dir='ltr'><strong><em>mensem</em></strong></span> <span class='ocrx_word' id='word_1_513' title='bbox 2407 2439 2684 2508; x_wconf 77' lang='lat' dir='ltr'><strong><em>primum,</em></strong></span> <span class='ocrx_word' id='word_1_514' title='bbox 2744 2447 2798 2494; x_wconf 90' lang='lat' dir='ltr'><strong><em>et</em></strong></span> <span class='ocrx_word' id='word_1_515' title='bbox 2865 2455 2954 2493; x_wconf 82' lang='lat' dir='ltr'><strong><em>xw</em></strong></span> <span class='ocrx_word' id='word_1_516' title='bbox 3017 2440 3326 2510; x_wconf 85' lang='lat' dir='ltr'><strong><em>paschalem</em></strong></span> 
     </span>
    </p>
   </div>
   <div class='ocr_carea' id='block_1_70' title="bbox 1747 2527 3330 2588">
    <p class='ocr_par' dir='ltr' id='par_1_70' title="bbox 1747 2527 3330 2588">
     <span class='ocr_line' id='line_1_70' title="bbox 1747 2527 3330 2588; baseline 0.001 -4"><span class='ocrx_word' id='word_1_517' title='bbox 1747 2529 2110 2584; x_wconf 89' lang='lat' dir='ltr'><strong><em>constituunt.</em></strong></span> <span class='ocrx_word' id='word_1_518' title='bbox 2153 2527 2340 2585; x_wconf 68' lang='lat' dir='ltr'><strong><em>Grieca</em></strong></span> <span class='ocrx_word' id='word_1_519' title='bbox 2380 2530 2526 2584; x_wconf 89' lang='lat' dir='ltr'><strong><em>enim</em></strong></span> <span class='ocrx_word' id='word_1_520' title='bbox 2558 2533 2626 2584; x_wconf 86' lang='lat' dir='ltr'><strong><em>ad</em></strong></span> <span class='ocrx_word' id='word_1_521' title='bbox 2657 2531 2805 2584; x_wconf 85' lang='lat' dir='ltr'><strong><em>hunc</em></strong></span> <span class='ocrx_word' id='word_1_522' title='bbox 2845 2545 3068 2586; x_wconf 83' lang='lat' dir='ltr'><strong><em>sensum</em></strong></span> <span class='ocrx_word' id='word_1_523' title='bbox 3105 2546 3294 2588; x_wconf 84' lang='lat' dir='ltr'><strong><em>accom</em></strong></span> <span class='ocrx_word' id='word_1_524' title='bbox 3317 2563 3330 2574; x_wconf 90' lang='lat'><strong>-</strong></span> 
     </span>
    </p>
   </div>
   <div class='ocr_carea' id='block_1_71' title="bbox 1749 2622 3330 2692">
    <p class='ocr_par' dir='ltr' id='par_1_71' title="bbox 1749 2622 3330 2692">
     <span class='ocr_line' id='line_1_71' title="bbox 1749 2622 3330 2692; baseline 0.001 -16"><span class='ocrx_word' id='word_1_525' title='bbox 1749 2622 2020 2677; x_wconf 87' lang='lat' dir='ltr'><strong><em>modanda</em></strong></span> <span class='ocrx_word' id='word_1_526' title='bbox 2069 2637 2190 2677; x_wconf 84' lang='lat' dir='ltr'><strong><em>esse</em></strong></span> <span class='ocrx_word' id='word_1_527' title='bbox 2233 2622 2408 2678; x_wconf 90' lang='lat' dir='ltr'><strong><em>series</em></strong></span> <span class='ocrx_word' id='word_1_528' title='bbox 2461 2623 2602 2692; x_wconf 90' lang='lat' dir='ltr'><strong><em>ipsa-</em></strong></span> <span class='ocrx_word' id='word_1_529' title='bbox 2629 2623 2898 2678; x_wconf 81' lang='lat' dir='ltr'><strong><em>orationis</em></strong></span> <span class='ocrx_word' id='word_1_530' title='bbox 2952 2623 3200 2678; x_wconf 90' lang='lat' dir='ltr'><strong><em>indicat:</em></strong></span> <span class='ocrx_word' id='word_1_531' title='bbox 3239 2626 3330 2678; x_wconf 80' lang='grc' dir='ltr'><strong><em>Διό</em></strong></span> 
     </span>
    </p>
   </div>
   <div class='ocr_carea' id='block_1_72' title="bbox 1748 2714 3332 2788">
    <p class='ocr_par' dir='ltr' id='par_1_72' title="bbox 1748 2714 3332 2788">
     <span class='ocr_line' id='line_1_72' title="bbox 1748 2714 3332 2788; baseline 0 -18"><span class='ocrx_word' id='word_1_532' title='bbox 1748 2716 1843 2770; x_wconf 85' lang='grc' dir='ltr'><strong><em>καὶ</em></strong></span> <span class='ocrx_word' id='word_1_533' title='bbox 1867 2716 1993 2779; x_wconf 78' lang='grc' dir='ltr'>τοὺς</span> <span class='ocrx_word' id='word_1_534' title='bbox 2017 2716 2076 2768; x_wconf 81' lang='grc' dir='ltr'>ὲν</span> <span class='ocrx_word' id='word_1_535' title='bbox 2099 2714 2250 2788; x_wconf 73' lang='grc' dir='ltr'>αὐτῷ</span> <span class='ocrx_word' id='word_1_536' title='bbox 2271 2715 2591 2787; x_wconf 74' lang='grc' dir='ltr'><strong><em>τιθεμένους</em></strong></span> <span class='ocrx_word' id='word_1_537' title='bbox 2623 2717 2714 2770; x_wconf 78' lang='grc' dir='ltr'>τὸν</span> <span class='ocrx_word' id='word_1_538' title='bbox 2747 2716 2962 2786; x_wconf 81' lang='grc' dir='ltr'>πρῶτον</span> <span class='ocrx_word' id='word_1_539' title='bbox 2999 2719 3164 2788; x_wconf 81' lang='grc' dir='ltr'>μῆνα.</span> <span class='ocrx_word' id='word_1_540' title='bbox 3194 2717 3332 2771; x_wconf 79' lang='lat' dir='ltr'><strong><em>Pro-</em></strong></span> 
     </span>
    </p>
   </div>
   <div class='ocr_carea' id='block_1_73' title="bbox 1749 2806 3330 2881">
    <p class='ocr_par' dir='ltr' id='par_1_73' title="bbox 1749 2806 3330 2881">
     <span class='ocr_line' id='line_1_73' title="bbox 1749 2806 3330 2881; baseline 0 -19"><span class='ocrx_word' id='word_1_541' title='bbox 1749 2822 1946 2862; x_wconf 84' lang='lat' dir='ltr'><strong><em>nomcn</em></strong></span> <span class='ocrx_word' id='word_1_542' title='bbox 1977 2806 2128 2877; x_wconf 79' lang='grc' dir='ltr'><strong><em>αὺτῷ</em></strong></span> <span class='ocrx_word' id='word_1_543' title='bbox 2153 2809 2220 2862; x_wconf 84' lang='lat' dir='ltr'><strong><em>ad</em></strong></span> <span class='ocrx_word' id='word_1_544' title='bbox 2243 2807 2552 2862; x_wconf 85' lang='grc' dir='ltr'>τελευταῖον</span> <span class='ocrx_word' id='word_1_545' title='bbox 2577 2808 3072 2881; x_wconf 77' lang='grc' dir='ltr'><strong><em>δωδεκατημόριον,</em></strong></span> <span class='ocrx_word' id='word_1_546' title='bbox 3099 2819 3152 2862; x_wconf 89' lang='lat' dir='ltr'><strong><em>ct</em></strong></span> <span class='ocrx_word' id='word_1_547' title='bbox 3176 2810 3330 2872; x_wconf 76' lang='grc' dir='ltr'>τέλος</span> 
     </span>
    </p>
   </div>
   <div class='ocr_carea' id='block_1_74' title="bbox 1747 2899 3329 2971">
    <p class='ocr_par' dir='ltr' id='par_1_74' title="bbox 1747 2899 3329 2971">
     <span class='ocr_line' id='line_1_74' title="bbox 1747 2899 3329 2971; baseline 0 -17"><span class='ocrx_word' id='word_1_548' title='bbox 1747 2901 1846 2971; x_wconf 86' lang='grc' dir='ltr'><strong><em>τῆς</em></strong></span> <span class='ocrx_word' id='word_1_549' title='bbox 1896 2899 2004 2953; x_wconf 78' lang='grc' dir='ltr'><strong><em>τῶν</em></strong></span> <span class='ocrx_word' id='word_1_550' title='bbox 2065 2899 2350 2971; x_wconf 80' lang='grc' dir='ltr'><strong><em>πλανητῶν</em></strong></span> <span class='ocrx_word' id='word_1_551' title='bbox 2407 2901 2656 2971; x_wconf 78' lang='grc' dir='ltr'><strong><em>περιόδου</em></strong></span> <span class='ocrx_word' id='word_1_552' title='bbox 2711 2902 2964 2970; x_wconf 80' lang='lat' dir='ltr'><strong><em>pertinet.</em></strong></span> <span class='ocrx_word' id='word_1_553' title='bbox 3017 2899 3127 2956; x_wconf 83' lang='lat' dir='ltr'><strong><em>Nec</em></strong></span> <span class='ocrx_word' id='word_1_554' title='bbox 3185 2913 3329 2956; x_wconf 87' lang='lat' dir='ltr'><strong><em>recte</em></strong></span> 
     </span>
    </p>
   </div>
   <div class='ocr_carea' id='block_1_75' title="bbox 1749 2989 3392 3063">
    <p class='ocr_par' dir='ltr' id='par_1_75' title="bbox 1749 2989 3392 3063">
     <span class='ocr_line' id='line_1_75' title="bbox 1749 2989 3392 3063; baseline 0.001 -18"><span class='ocrx_word' id='word_1_555' title='bbox 1749 2991 1970 3061; x_wconf 89' lang='lat' dir='ltr'><strong><em>quidam</em></strong></span> <span class='ocrx_word' id='word_1_556' title='bbox 2017 2991 2313 3046; x_wconf 88' lang='lat' dir='ltr'><strong><em>emendant</em></strong></span> <span class='ocrx_word' id='word_1_557' title='bbox 2366 2989 2472 3063; x_wconf 79' lang='grc' dir='ltr'><strong><em>πρὸ</em></strong></span> <span class='ocrx_word' id='word_1_558' title='bbox 2520 2989 2710 3044; x_wconf 73' lang='grc' dir='ltr'>αὑτοῦ.</span> <span class='ocrx_word' id='word_1_559' title='bbox 2765 2990 2901 3045; x_wconf 88' lang='lat' dir='ltr'><strong><em>Nam</em></strong></span> <span class='ocrx_word' id='word_1_560' title='bbox 2945 2991 3014 3046; x_wconf 90' lang='lat' dir='ltr'><strong><em>de</em></strong></span> <span class='ocrx_word' id='word_1_561' title='bbox 3050 3001 3328 3060; x_wconf 86' lang='lat' dir='ltr'><strong><em>postremo</em></strong></span> <span class='ocrx_word' id='word_1_562' title='bbox 3389 3007 3392 3012; x_wconf 87' lang='lat'>&#39;</span> 
     </span>
    </p>
   </div>
   <div class='ocr_carea' id='block_1_76' title="bbox 1752 3083 3328 3156">
    <p class='ocr_par' dir='ltr' id='par_1_76' title="bbox 1752 3083 3328 3156">
     <span class='ocr_line' id='line_1_76' title="bbox 1752 3083 3328 3156; baseline 0 -18"><span class='ocrx_word' id='word_1_563' title='bbox 1752 3093 2031 3155; x_wconf 85' lang='lat' dir='ltr'><strong><em>segmento</em></strong></span> <span class='ocrx_word' id='word_1_564' title='bbox 2062 3084 2326 3154; x_wconf 85' lang='lat' dir='ltr'><strong><em>loquitur.</em></strong></span> <span class='ocrx_word' id='word_1_565' title='bbox 2365 3083 2551 3154; x_wconf 83' lang='lat' dir='ltr'><strong><em>Pergit</em></strong></span> <span class='ocrx_word' id='word_1_566' title='bbox 2585 3084 2781 3139; x_wconf 82' lang='lat' dir='ltr'><strong><em>deinde</em></strong></span> <span class='ocrx_word' id='word_1_567' title='bbox 2815 3099 2829 3137; x_wconf 89' lang='lat'><strong>:</strong></span> <span class='ocrx_word' id='word_1_568' title='bbox 2867 3085 2978 3138; x_wconf 76' lang='grc' dir='ltr'><strong><em>Καὶ</em></strong></span> <span class='ocrx_word' id='word_1_569' title='bbox 3007 3085 3105 3156; x_wconf 86' lang='grc' dir='ltr'>τὴν</span> <span class='ocrx_word' id='word_1_570' title='bbox 3139 3085 3194 3138; x_wconf 86' lang='grc' dir='ltr'><strong><em>ιδ’</em></strong></span> <span class='ocrx_word' id='word_1_571' title='bbox 3233 3085 3328 3138; x_wconf 74' lang='grc' dir='ltr'><strong><em>τοῦ</em></strong></span> 
     </span>
    </p>
   </div>
   <div class='ocr_carea' id='block_1_77' title="bbox 1745 3177 3328 3248">
    <p class='ocr_par' dir='ltr' id='par_1_77' title="bbox 1745 3177 3328 3248">
     <span class='ocr_line' id='line_1_77' title="bbox 1745 3177 3328 3248; baseline 0 -18"><span class='ocrx_word' id='word_1_572' title='bbox 1745 3178 1938 3248; x_wconf 81' lang='grc' dir='ltr'>Πάσχα</span> <span class='ocrx_word' id='word_1_573' title='bbox 1977 3178 2096 3232; x_wconf 85' lang='grc' dir='ltr'>κατ’</span> <span class='ocrx_word' id='word_1_574' title='bbox 2127 3177 2300 3246; x_wconf 68' lang='grc' dir='ltr'>αὐτὴν</span> <span class='ocrx_word' id='word_1_575' title='bbox 2341 3177 2723 3248; x_wconf 68' lang='grc' dir='ltr'>λαμϐάνοντας</span> <span class='ocrx_word' id='word_1_576' title='bbox 2751 3178 2812 3229; x_wconf 87' lang='grc' dir='ltr'>οὑ</span> <span class='ocrx_word' id='word_1_577' title='bbox 2847 3177 3082 3248; x_wconf 82' lang='grc' dir='ltr'>μικρῶς,</span> <span class='ocrx_word' id='word_1_578' title='bbox 3112 3177 3220 3231; x_wconf 81' lang='grc' dir='ltr'><strong><em>οὐδ’</em></strong></span> <span class='ocrx_word' id='word_1_579' title='bbox 3253 3177 3328 3240; x_wconf 81' lang='grc' dir='ltr'><strong><em>ὡς</em></strong></span> 
     </span>
    </p>
   </div>
   <div class='ocr_carea' id='block_1_78' title="bbox 1744 3269 3326 3340">
    <p class='ocr_par' dir='ltr' id='par_1_78' title="bbox 1744 3269 3326 3340">
     <span class='ocr_line' id='line_1_78' title="bbox 1744 3269 3326 3340; baseline 0 -18"><span class='ocrx_word' id='word_1_580' title='bbox 1744 3269 1934 3339; x_wconf 74' lang='grc' dir='ltr'>ἔτυχεν</span> <span class='ocrx_word' id='word_1_581' title='bbox 1983 3270 2322 3340; x_wconf 77' lang='grc' dir='ltr'>ἁμαρτάνειν</span> <span class='ocrx_word' id='word_1_582' title='bbox 2371 3269 2574 3339; x_wconf 75' lang='grc' dir='ltr'>φαμέν.</span> <span class='ocrx_word' id='word_1_583' title='bbox 2633 3269 2738 3322; x_wconf 81' lang='lat' dir='ltr'><strong><em>Pro</em></strong></span> <span class='ocrx_word' id='word_1_584' title='bbox 2792 3269 2916 3323; x_wconf 77' lang='grc' dir='ltr'><strong><em>κατ’</em></strong></span> <span class='ocrx_word' id='word_1_585' title='bbox 2974 3270 3147 3339; x_wconf 81' lang='grc' dir='ltr'>αὑτήν</span> <span class='ocrx_word' id='word_1_586' title='bbox 3203 3286 3326 3324; x_wconf 86' lang='lat' dir='ltr'><strong><em>om—</em></strong></span> 
     </span>
    </p>
   </div>
   <div class='ocr_carea' id='block_1_79' title="bbox 1745 3358 3328 3430">
    <p class='ocr_par' dir='ltr' id='par_1_79' title="bbox 1745 3358 3328 3430">
     <span class='ocr_line' id='line_1_79' title="bbox 1745 3358 3328 3430; baseline 0.003 -17"><span class='ocrx_word' id='word_1_587' title='bbox 1745 3361 1876 3414; x_wconf 87' lang='lat' dir='ltr'><strong><em>nino</em></strong></span> <span class='ocrx_word' id='word_1_588' title='bbox 1925 3359 2044 3412; x_wconf 83' lang='grc' dir='ltr'><strong><em>κατ’</em></strong></span> <span class='ocrx_word' id='word_1_589' title='bbox 2097 3359 2232 3412; x_wconf 83' lang='grc' dir='ltr'>αὑτό</span> <span class='ocrx_word' id='word_1_590' title='bbox 2294 3359 2584 3430; x_wconf 75' lang='lat' dir='ltr'><strong><em>legendum</em></strong></span> <span class='ocrx_word' id='word_1_591' title='bbox 2640 3359 2868 3414; x_wconf 75' lang='lat' dir='ltr'><strong><em>allirtno.</em></strong></span> <span class='ocrx_word' id='word_1_592' title='bbox 2897 3358 3045 3414; x_wconf 87' lang='lat' dir='ltr'><strong><em>Nihil</em></strong></span> <span class='ocrx_word' id='word_1_593' title='bbox 3070 3361 3214 3415; x_wconf 88' lang='lat' dir='ltr'><strong><em>enim</em></strong></span> <span class='ocrx_word' id='word_1_594' title='bbox 3246 3371 3328 3417; x_wconf 85' lang='lat' dir='ltr'><strong><em>est</em></strong></span> 
     </span>
    </p>
   </div>
   <div class='ocr_carea' id='block_1_80' title="bbox 1743 3451 3330 3522">
    <p class='ocr_par' dir='ltr' id='par_1_80' title="bbox 1743 3451 3330 3522">
     <span class='ocr_line' id='line_1_80' title="bbox 1743 3451 3330 3522; baseline 0.001 -16"><span class='ocrx_word' id='word_1_595' title='bbox 1743 3469 1854 3522; x_wconf 89' lang='lat' dir='ltr'><strong><em>quo</em></strong></span> <span class='ocrx_word' id='word_1_596' title='bbox 1931 3451 2222 3508; x_wconf 86' lang='lat' dir='ltr'><strong><em>commode</em></strong></span> <span class='ocrx_word' id='word_1_597' title='bbox 2297 3467 2600 3522; x_wconf 85' lang='lat' dir='ltr'><strong><em>pronomen</em></strong></span> <span class='ocrx_word' id='word_1_598' title='bbox 2675 3453 2808 3506; x_wconf 90' lang='lat' dir='ltr'><strong><em>illud</em></strong></span> <span class='ocrx_word' id='word_1_599' title='bbox 2897 3452 3186 3508; x_wconf 78' lang='lat' dir='ltr'><strong><em>referatur.</em></strong></span> <span class='ocrx_word' id='word_1_600' title='bbox 3256 3455 3330 3508; x_wconf 89' lang='lat' dir='ltr'><strong><em>At</em></strong></span> 
     </span>
    </p>
   </div>
   <div class='ocr_carea' id='block_1_81' title="bbox 1743 3541 3328 3615">
    <p class='ocr_par' dir='ltr' id='par_1_81' title="bbox 1743 3541 3328 3615">
     <span class='ocr_line' id='line_1_81' title="bbox 1743 3541 3328 3615; baseline 0 -17"><span class='ocrx_word' id='word_1_601' title='bbox 1743 3545 1992 3615; x_wconf 78' lang='lat' dir='ltr'><strong><em>proxime</em></strong></span> <span class='ocrx_word' id='word_1_602' title='bbox 2035 3544 2270 3604; x_wconf 80' lang='lat' dir='ltr'><strong><em>dixerat,</em></strong></span> <span class='ocrx_word' id='word_1_603' title='bbox 2324 3543 2449 3606; x_wconf 79' lang='grc' dir='ltr'>τοὺς</span> <span class='ocrx_word' id='word_1_604' title='bbox 2489 3545 2547 3596; x_wconf 82' lang='grc' dir='ltr'>ἐν</span> <span class='ocrx_word' id='word_1_605' title='bbox 2599 3541 2746 3614; x_wconf 70' lang='grc' dir='ltr'>αὐτῷ</span> <span class='ocrx_word' id='word_1_606' title='bbox 2787 3543 3127 3613; x_wconf 81' lang='grc' dir='ltr'>τιθεμένους,</span> <span class='ocrx_word' id='word_1_607' title='bbox 3173 3545 3328 3598; x_wconf 85' lang='lat' dir='ltr'><strong><em>vide-</em></strong></span> 
     </span>
    </p>
   </div>
   <div class='ocr_carea' id='block_1_82' title="bbox 1743 3635 3328 3708">
    <p class='ocr_par' dir='ltr' id='par_1_82' title="bbox 1743 3635 3328 3708">
     <span class='ocr_line' id='line_1_82' title="bbox 1743 3635 3328 3708; baseline -0.001 -16"><span class='ocrx_word' id='word_1_608' title='bbox 1743 3638 1868 3692; x_wconf 90' lang='lat' dir='ltr'><strong><em>licet</em></strong></span> <span class='ocrx_word' id='word_1_609' title='bbox 1897 3635 2187 3706; x_wconf 81' lang='grc' dir='ltr'>τελευταίῳ</span> <span class='ocrx_word' id='word_1_610' title='bbox 2223 3637 2494 3708; x_wconf 83' lang='grc' dir='ltr'>τμήματι.</span> <span class='ocrx_word' id='word_1_611' title='bbox 2535 3635 2690 3700; x_wconf 89' lang='lat' dir='ltr'><strong><em>Quod</em></strong></span> <span class='ocrx_word' id='word_1_612' title='bbox 2743 3636 2790 3690; x_wconf 91' lang='lat' dir='ltr'><strong><em>si</em></strong></span> <span class='ocrx_word' id='word_1_613' title='bbox 2838 3637 2962 3706; x_wconf 91' lang='lat' dir='ltr'><strong><em>quis</em></strong></span> <span class='ocrx_word' id='word_1_614' title='bbox 2999 3637 3066 3689; x_wconf 83' lang='lat' dir='ltr'><strong><em>ad</em></strong></span> <span class='ocrx_word' id='word_1_615' title='bbox 3101 3652 3164 3690; x_wconf 87' lang='lat' dir='ltr'><strong><em>ea</em></strong></span> <span class='ocrx_word' id='word_1_616' title='bbox 3205 3652 3328 3705; x_wconf 77' lang='lat' dir='ltr'><strong><em>qua:</em></strong></span> 
     </span>
    </p>
   </div>
   <div class='ocr_carea' id='block_1_83' title="bbox 1743 3728 3330 3802">
    <p class='ocr_par' dir='ltr' id='par_1_83' title="bbox 1743 3728 3330 3802">
     <span class='ocr_line' id='line_1_83' title="bbox 1743 3728 3330 3802; baseline -0.001 -18"><span class='ocrx_word' id='word_1_617' title='bbox 1743 3731 2036 3784; x_wconf 83' lang='lat' dir='ltr'><strong><em>remotiora</em></strong></span> <span class='ocrx_word' id='word_1_618' title='bbox 2075 3739 2226 3796; x_wconf 89' lang='lat' dir='ltr'><strong><em>sunt,</em></strong></span> <span class='ocrx_word' id='word_1_619' title='bbox 2259 3739 2388 3799; x_wconf 88' lang='lat' dir='ltr'><strong><em>puta</em></strong></span> <span class='ocrx_word' id='word_1_620' title='bbox 2426 3728 2611 3800; x_wconf 83' lang='grc' dir='ltr'>μηνῶν</span> <span class='ocrx_word' id='word_1_621' title='bbox 2643 3729 2838 3802; x_wconf 78' lang='grc' dir='ltr'><strong><em>ἀρχὴν,</em></strong></span> <span class='ocrx_word' id='word_1_622' title='bbox 2873 3738 2928 3783; x_wconf 87' lang='lat' dir='ltr'><strong><em>et</em></strong></span> <span class='ocrx_word' id='word_1_623' title='bbox 2965 3729 3230 3800; x_wconf 81' lang='grc' dir='ltr'><strong><em>κεφαλήν,</em></strong></span> <span class='ocrx_word' id='word_1_624' title='bbox 3275 3739 3330 3782; x_wconf 89' lang='lat' dir='ltr'><strong><em>et</em></strong></span> 
     </span>
    </p>
   </div>
   <div class='ocr_carea' id='block_1_84' title="bbox 1743 3821 3324 3892">
    <p class='ocr_par' dir='ltr' id='par_1_84' title="bbox 1743 3821 3324 3892">
     <span class='ocr_line' id='line_1_84' title="bbox 1743 3821 3324 3892; baseline -0.001 -15"><span class='ocrx_word' id='word_1_625' title='bbox 1743 3823 1937 3892; x_wconf 71' lang='grc' dir='ltr'>ἄφεσιν</span> <span class='ocrx_word' id='word_1_626' title='bbox 1993 3823 2264 3892; x_wconf 86' lang='lat' dir='ltr'><strong><em>pertinere</em></strong></span> <span class='ocrx_word' id='word_1_627' title='bbox 2313 3822 2656 3886; x_wconf 86' lang='lat' dir='ltr'><strong><em>contendat;</em></strong></span> <span class='ocrx_word' id='word_1_628' title='bbox 2711 3824 3054 3876; x_wconf 86' lang='lat' dir='ltr'><strong><em>contrarium</em></strong></span> <span class='ocrx_word' id='word_1_629' title='bbox 3104 3821 3324 3892; x_wconf 83' lang='lat' dir='ltr'><strong><em>quidem</em></strong></span> 
     </span>
    </p>
   </div>
   <div class='ocr_carea' id='block_1_85' title="bbox 1743 3913 3328 3987">
    <p class='ocr_par' dir='ltr' id='par_1_85' title="bbox 1743 3913 3328 3987">
     <span class='ocr_line' id='line_1_85' title="bbox 1743 3913 3328 3987; baseline -0.001 -17"><span class='ocrx_word' id='word_1_630' title='bbox 1743 3917 1884 3987; x_wconf 84' lang='lat' dir='ltr'><strong><em>ejus,</em></strong></span> <span class='ocrx_word' id='word_1_631' title='bbox 1931 3915 2076 3985; x_wconf 91' lang='lat' dir='ltr'><strong><em>quod</em></strong></span> <span class='ocrx_word' id='word_1_632' title='bbox 2129 3929 2460 3984; x_wconf 83' lang='lat' dir='ltr'><strong><em>pugnamus,</em></strong></span> <span class='ocrx_word' id='word_1_633' title='bbox 2513 3913 2773 3984; x_wconf 88' lang='lat' dir='ltr'><strong><em>quodque</em></strong></span> <span class='ocrx_word' id='word_1_634' title='bbox 2830 3915 3146 3969; x_wconf 81' lang='lat' dir='ltr'><strong><em>Anatolium</em></strong></span> <span class='ocrx_word' id='word_1_635' title='bbox 3201 3930 3328 3968; x_wconf 75' lang='lat' dir='ltr'><strong><em>sen-</em></strong></span> 
     </span>
    </p>
   </div>
   <div class='ocr_carea' id='block_1_86' title="bbox 1743 4003 3324 4074">
    <p class='ocr_par' dir='ltr' id='par_1_86' title="bbox 1743 4003 3324 4074">
     <span class='ocr_line' id='line_1_86' title="bbox 1743 4003 3324 4074; baseline -0.002 -12"><span class='ocrx_word' id='word_1_636' title='bbox 1743 4008 1884 4063; x_wconf 89' lang='lat' dir='ltr'><strong><em>sisse</em></strong></span> <span class='ocrx_word' id='word_1_637' title='bbox 1921 4007 2200 4072; x_wconf 89' lang='lat' dir='ltr'><strong><em>volumus,</em></strong></span> <span class='ocrx_word' id='word_1_638' title='bbox 2229 4021 2294 4060; x_wconf 81' lang='lat' dir='ltr'><strong><em>ex</em></strong></span> <span class='ocrx_word' id='word_1_639' title='bbox 2335 4021 2400 4060; x_wconf 89' lang='lat' dir='ltr'><strong><em>ea</em></strong></span> <span class='ocrx_word' id='word_1_640' title='bbox 2427 4005 2682 4061; x_wconf 88' lang='lat' dir='ltr'><strong><em>oratione</em></strong></span> <span class='ocrx_word' id='word_1_641' title='bbox 2726 4018 3008 4074; x_wconf 86' lang='lat' dir='ltr'><strong><em>sequetur.</em></strong></span> <span class='ocrx_word' id='word_1_642' title='bbox 3055 4003 3324 4059; x_wconf 85' lang='lat' dir='ltr'><strong><em>Nimirum</em></strong></span> 
     </span>
    </p>
   </div>
   <div class='ocr_carea' id='block_1_87' title="bbox 1743 4097 3329 4168">
    <p class='ocr_par' dir='ltr' id='par_1_87' title="bbox 1743 4097 3329 4168">
     <span class='ocr_line' id='line_1_87' title="bbox 1743 4097 3329 4168; baseline -0.001 -16"><span class='ocrx_word' id='word_1_643' title='bbox 1743 4116 1852 4153; x_wconf 89' lang='lat' dir='ltr'><strong><em>non</em></strong></span> <span class='ocrx_word' id='word_1_644' title='bbox 1904 4100 2066 4152; x_wconf 83' lang='lat' dir='ltr'><strong><em>licere</em></strong></span> <span class='ocrx_word' id='word_1_645' title='bbox 2131 4114 2221 4152; x_wconf 78' lang='lat' dir='ltr'><strong><em>xw</em></strong></span> <span class='ocrx_word' id='word_1_646' title='bbox 2291 4097 2606 4168; x_wconf 82' lang='lat' dir='ltr'><strong><em>paschalem</em></strong></span> <span class='ocrx_word' id='word_1_647' title='bbox 2665 4097 2846 4166; x_wconf 90' lang='lat' dir='ltr'><strong><em>primo</em></strong></span> <span class='ocrx_word' id='word_1_648' title='bbox 2901 4097 2994 4152; x_wconf 91' lang='lat' dir='ltr'><strong><em>illo</em></strong></span> <span class='ocrx_word' id='word_1_649' title='bbox 3038 4097 3160 4162; x_wconf 88' lang='lat' dir='ltr'><strong><em>die,</em></strong></span> <span class='ocrx_word' id='word_1_650' title='bbox 3217 4112 3329 4166; x_wconf 91' lang='lat' dir='ltr'><strong><em>quo</em></strong></span> 
     </span>
    </p>
   </div>
   <div class='ocr_carea' id='block_1_88' title="bbox 1743 4188 3328 4260">
    <p class='ocr_par' dir='ltr' id='par_1_88' title="bbox 1743 4188 3328 4260">
     <span class='ocr_line' id='line_1_88' title="bbox 1743 4188 3328 4260; baseline 0 -16"><span class='ocrx_word' id='word_1_651' title='bbox 1743 4189 2126 4260; x_wconf 65' lang='lat' dir='ltr'><strong><em>aequinoctium</em></strong></span> <span class='ocrx_word' id='word_1_652' title='bbox 2156 4189 2470 4252; x_wconf 74' lang='lat' dir='ltr'><strong><em>coniicitur,</em></strong></span> <span class='ocrx_word' id='word_1_653' title='bbox 2523 4188 2616 4242; x_wconf 90' lang='lat' dir='ltr'><strong><em>sed</em></strong></span> <span class='ocrx_word' id='word_1_654' title='bbox 2671 4188 2726 4244; x_wconf 88' lang='lat' dir='ltr'><strong><em>in</em></strong></span> <span class='ocrx_word' id='word_1_655' title='bbox 2767 4189 3038 4258; x_wconf 88' lang='lat' dir='ltr'><strong><em>superiori</em></strong></span> <span class='ocrx_word' id='word_1_656' title='bbox 3071 4198 3328 4244; x_wconf 84' lang='lat' dir='ltr'><strong><em>tmemate</em></strong></span> 
     </span>
    </p>
   </div>
   <div class='ocr_carea' id='block_1_89' title="bbox 1743 4277 3324 4351">
    <p class='ocr_par' dir='ltr' id='par_1_89' title="bbox 1743 4277 3324 4351">
     <span class='ocr_line' id='line_1_89' title="bbox 1743 4277 3324 4351; baseline 0.001 -17"><span class='ocrx_word' id='word_1_657' title='bbox 1743 4281 2008 4351; x_wconf 75' lang='lat' dir='ltr'><strong><em>deligere;</em></strong></span> <span class='ocrx_word' id='word_1_658' title='bbox 2061 4279 2292 4348; x_wconf 86' lang='lat' dir='ltr'><strong><em>ideoque</em></strong></span> <span class='ocrx_word' id='word_1_659' title='bbox 2332 4277 2542 4333; x_wconf 85' lang='lat' dir='ltr'><strong><em>Pascha</em></strong></span> <span class='ocrx_word' id='word_1_660' title='bbox 2577 4295 2692 4332; x_wconf 69' lang='grc' dir='ltr'><strong>χχιι</strong></span> <span class='ocrx_word' id='word_1_661' title='bbox 2728 4279 2815 4333; x_wconf 89' lang='lat' dir='ltr'><strong><em>die</em></strong></span> <span class='ocrx_word' id='word_1_662' title='bbox 2843 4279 3106 4334; x_wconf 87' lang='lat' dir='ltr'><strong><em>celebrari</em></strong></span> <span class='ocrx_word' id='word_1_663' title='bbox 3139 4295 3324 4350; x_wconf 86' lang='lat' dir='ltr'><strong><em>posse.</em></strong></span> 
     </span>
    </p>
   </div>
   <div class='ocr_carea' id='block_1_90' title="bbox 1747 4367 3324 4442">
    <p class='ocr_par' dir='ltr' id='par_1_90' title="bbox 1747 4367 3324 4442">
     <span class='ocr_line' id='line_1_90' title="bbox 1747 4367 3324 4442; baseline 0.001 -16"><span class='ocrx_word' id='word_1_664' title='bbox 1747 4370 1804 4426; x_wconf 89' lang='lat' dir='ltr'><strong><em>Si</em></strong></span> <span class='ocrx_word' id='word_1_665' title='bbox 1821 4371 1970 4426; x_wconf 88' lang='lat' dir='ltr'><strong><em>enim</em></strong></span> <span class='ocrx_word' id='word_1_666' title='bbox 1995 4367 2150 4425; x_wconf 83' lang='lat' dir='ltr'><strong><em>nefas</em></strong></span> <span class='ocrx_word' id='word_1_667' title='bbox 2172 4378 2256 4424; x_wconf 89' lang='lat' dir='ltr'><strong><em>est</em></strong></span> <span class='ocrx_word' id='word_1_668' title='bbox 2284 4368 2407 4422; x_wconf 82' lang='grc' dir='ltr'>κατ’</span> <span class='ocrx_word' id='word_1_669' title='bbox 2435 4369 2608 4442; x_wconf 74' lang='grc' dir='ltr'>αὐτὴν</span> <span class='ocrx_word' id='word_1_670' title='bbox 2629 4369 2728 4441; x_wconf 82' lang='grc' dir='ltr'>τὴν</span> <span class='ocrx_word' id='word_1_671' title='bbox 2754 4369 2968 4442; x_wconf 74' lang='grc' dir='ltr'>ἡμέραν</span> <span class='ocrx_word' id='word_1_672' title='bbox 2987 4372 3324 4441; x_wconf 78' lang='lat' dir='ltr'><strong><em>tequinoetii,</em></strong></span> 
     </span>
    </p>
   </div>
   <div class='ocr_carea' id='block_1_91' title="bbox 71 4461 3328 4541">
    <p class='ocr_par' dir='ltr' id='par_1_91' title="bbox 71 4461 3328 4541">
     <span class='ocr_line' id='line_1_91' title="bbox 71 4461 3328 4541; baseline -0.003 -13"><span class='ocrx_word' id='word_1_673' title='bbox 71 4485 150 4528; x_wconf 86' lang='lat' dir='ltr'><strong><em>cet</em></strong></span> <span class='ocrx_word' id='word_1_674' title='bbox 173 4483 334 4528; x_wconf 90' lang='lat' dir='ltr'><strong><em>nocte</em></strong></span> <span class='ocrx_word' id='word_1_675' title='bbox 364 4473 478 4536; x_wconf 88' lang='lat' dir='ltr'><strong><em>illa,</em></strong></span> <span class='ocrx_word' id='word_1_676' title='bbox 503 4486 626 4541; x_wconf 72' lang='lat' dir='ltr'><strong><em>quae</em></strong></span> <span class='ocrx_word' id='word_1_677' title='bbox 652 4487 742 4524; x_wconf 71' lang='lat' dir='ltr'><strong><em>xx:</em></strong></span> <span class='ocrx_word' id='word_1_678' title='bbox 767 4469 945 4524; x_wconf 82' lang='lat' dir='ltr'><strong><em>Martii</em></strong></span> <span class='ocrx_word' id='word_1_679' title='bbox 977 4469 1121 4524; x_wconf 87' lang='lat' dir='ltr'><strong><em>diem</em></strong></span> <span class='ocrx_word' id='word_1_680' title='bbox 1161 4467 1433 4538; x_wconf 88' lang='lat' dir='ltr'><strong><em>sequitur,</em></strong></span> <span class='ocrx_word' id='word_1_681' title='bbox 1469 4467 1640 4537; x_wconf 64' lang='lat' dir='ltr'><strong><em>atqui-</em></strong></span> <span class='ocrx_word' id='word_1_682' title='bbox 1669 4475 1714 4531; x_wconf 84' lang='lat' dir='ltr'><strong>D</strong></span> <span class='ocrx_word' id='word_1_683' title='bbox 1743 4479 1834 4518; x_wconf 72' lang='lat' dir='ltr'><strong><em>xxv</em></strong></span> <span class='ocrx_word' id='word_1_684' title='bbox 1874 4461 2182 4532; x_wconf 87' lang='lat' dir='ltr'><strong><em>paschalem</em></strong></span> <span class='ocrx_word' id='word_1_685' title='bbox 2231 4477 2464 4531; x_wconf 88' lang='lat' dir='ltr'><strong><em>ponere,</em></strong></span> <span class='ocrx_word' id='word_1_686' title='bbox 2515 4461 2639 4516; x_wconf 88' lang='lat' dir='ltr'><strong><em>licet</em></strong></span> <span class='ocrx_word' id='word_1_687' title='bbox 2699 4461 2866 4530; x_wconf 82' lang='lat' dir='ltr'><strong><em>igitur</em></strong></span> <span class='ocrx_word' id='word_1_688' title='bbox 2911 4463 3159 4530; x_wconf 77' lang='lat' dir='ltr'><strong><em>proximo</em></strong></span> <span class='ocrx_word' id='word_1_689' title='bbox 3198 4472 3328 4518; x_wconf 82' lang='lat' dir='ltr'><strong><em>ante</em></strong></span> 
     </span>
    </p>
   </div>
   <div class='ocr_carea' id='block_1_92' title="bbox 71 4553 1640 4632">
    <p class='ocr_par' dir='ltr' id='par_1_92' title="bbox 71 4553 1640 4632">
     <span class='ocr_line' id='line_1_92' title="bbox 71 4553 1640 4632; baseline -0.005 -14"><span class='ocrx_word' id='word_1_690' title='bbox 71 4566 304 4620; x_wconf 87' lang='lat' dir='ltr'><strong><em>noctium</em></strong></span> <span class='ocrx_word' id='word_1_691' title='bbox 340 4553 625 4632; x_wconf 58' lang='lat' dir='ltr'><strong><em>contingit:</em></strong></span> <span class='ocrx_word' id='word_1_692' title='bbox 661 4559 774 4615; x_wconf 85' lang='lat' dir='ltr'><strong><em>lmo</em></strong></span> <span class='ocrx_word' id='word_1_693' title='bbox 819 4574 948 4614; x_wconf 85' lang='lat' dir='ltr'><strong><em>vero</em></strong></span> <span class='ocrx_word' id='word_1_694' title='bbox 979 4559 1048 4614; x_wconf 90' lang='lat' dir='ltr'><strong><em>de</em></strong></span> <span class='ocrx_word' id='word_1_695' title='bbox 1079 4558 1386 4629; x_wconf 83' lang='lat' dir='ltr'><strong><em>vespertino</em></strong></span> <span class='ocrx_word' id='word_1_696' title='bbox 1419 4557 1640 4627; x_wconf 89' lang='lat' dir='ltr'><strong><em>potissi-</em></strong></span> 
     </span>
    </p>
   </div>
   <div class='ocr_carea' id='block_1_93' title="bbox 73 4647 1643 4724">
    <p class='ocr_par' dir='ltr' id='par_1_93' title="bbox 73 4647 1643 4724">
     <span class='ocr_line' id='line_1_93' title="bbox 73 4647 1643 4724; baseline -0.004 -17"><span class='ocrx_word' id='word_1_697' title='bbox 73 4671 214 4708; x_wconf 88' lang='lat' dir='ltr'><strong><em>mum</em></strong></span> <span class='ocrx_word' id='word_1_698' title='bbox 247 4654 584 4724; x_wconf 72' lang='lat' dir='ltr'><strong><em>reqttinoctio</em></strong></span> <span class='ocrx_word' id='word_1_699' title='bbox 623 4651 910 4720; x_wconf 86' lang='lat' dir='ltr'><strong><em>intelligit;</em></strong></span> <span class='ocrx_word' id='word_1_700' title='bbox 953 4649 1100 4720; x_wconf 89' lang='lat' dir='ltr'><strong><em>quod</em></strong></span> <span class='ocrx_word' id='word_1_701' title='bbox 1154 4647 1444 4704; x_wconf 80' lang='lat' dir='ltr'><strong><em>Anatolius</em></strong></span> <span class='ocrx_word' id='word_1_702' title='bbox 1497 4648 1643 4704; x_wconf 84' lang='lat' dir='ltr'><strong><em>dicat</em></strong></span> 
     </span>
    </p>
   </div>
   <div class='ocr_carea' id='block_1_94' title="bbox 73 4741 1642 4814">
    <p class='ocr_par' dir='ltr' id='par_1_94' title="bbox 73 4741 1642 4814">
     <span class='ocr_line' id='line_1_94' title="bbox 73 4741 1642 4814; baseline -0.004 -14"><span class='ocrx_word' id='word_1_703' title='bbox 73 4747 450 4800; x_wconf 81' lang='lat' dir='ltr'><strong><em>celebrandum</em></strong></span> <span class='ocrx_word' id='word_1_704' title='bbox 485 4745 694 4800; x_wconf 79' lang='lat' dir='ltr'><strong><em>Pascha</em></strong></span> <span class='ocrx_word' id='word_1_705' title='bbox 717 4785 734 4809; x_wconf 93' lang='lat'><strong><em>,</em></strong></span> <span class='ocrx_word' id='word_1_706' title='bbox 774 4741 996 4814; x_wconf 87' lang='lat' dir='ltr'><strong><em>quando</em></strong></span> <span class='ocrx_word' id='word_1_707' title='bbox 1027 4741 1156 4796; x_wconf 88' lang='lat' dir='ltr'><strong><em>luna</em></strong></span> <span class='ocrx_word' id='word_1_708' title='bbox 1191 4741 1294 4795; x_wconf 85' lang='lat' dir='ltr'><strong><em>soli</em></strong></span> <span class='ocrx_word' id='word_1_709' title='bbox 1335 4741 1585 4810; x_wconf 86' lang='lat' dir='ltr'><strong><em>opposita</em></strong></span> <span class='ocrx_word' id='word_1_710' title='bbox 1612 4755 1642 4794; x_wconf 90' lang='lat' dir='ltr'><strong><em>e</em></strong></span> 
     </span>
    </p>
   </div>
   <div class='ocr_carea' id='block_1_95' title="bbox 75 4827 1640 4909">
    <p class='ocr_par' dir='ltr' id='par_1_95' title="bbox 75 4827 1640 4909">
     <span class='ocr_line' id='line_1_95' title="bbox 75 4827 1640 4909; baseline -0.006 -19"><span class='ocrx_word' id='word_1_711' title='bbox 75 4841 284 4909; x_wconf 67' lang='lat' dir='ltr'><strong><em>legione</em></strong></span> <span class='ocrx_word' id='word_1_712' title='bbox 313 4837 762 4908; x_wconf 83' lang='lat' dir='ltr'><strong><em>deprehenditur,</em></strong></span> <span class='ocrx_word' id='word_1_713' title='bbox 817 4835 896 4889; x_wconf 88' lang='lat' dir='ltr'><strong><em>sic</em></strong></span> <span class='ocrx_word' id='word_1_714' title='bbox 943 4842 1004 4888; x_wconf 92' lang='lat' dir='ltr'><strong><em>ut</em></strong></span> <span class='ocrx_word' id='word_1_715' title='bbox 1044 4833 1281 4888; x_wconf 88' lang='lat' dir='ltr'><strong><em>vernalis</em></strong></span> <span class='ocrx_word' id='word_1_716' title='bbox 1327 4827 1640 4900; x_wconf 66' lang='lat' dir='ltr'><strong><em>aequinoctii</em></strong></span> 
     </span>
    </p>
   </div>
   <div class='ocr_carea' id='block_1_96' title="bbox 75 4919 1638 4997">
    <p class='ocr_par' dir='ltr' id='par_1_96' title="bbox 75 4919 1638 4997">
     <span class='ocr_line' id='line_1_96' title="bbox 75 4919 1638 4997; baseline -0.005 -16"><span class='ocrx_word' id='word_1_717' title='bbox 75 4937 274 4997; x_wconf 85' lang='lat' dir='ltr'><strong><em>partem</em></strong></span> <span class='ocrx_word' id='word_1_718' title='bbox 311 4927 396 4980; x_wconf 87' lang='lat' dir='ltr'><strong><em>sol</em></strong></span> <span class='ocrx_word' id='word_1_719' title='bbox 439 4927 716 4992; x_wconf 89' lang='lat' dir='ltr'><strong><em>obtineat;</em></strong></span> <span class='ocrx_word' id='word_1_720' title='bbox 759 4925 890 4979; x_wconf 89' lang='lat' dir='ltr'><strong><em>luna</em></strong></span> <span class='ocrx_word' id='word_1_721' title='bbox 921 4939 1052 4978; x_wconf 89' lang='lat' dir='ltr'><strong><em>vero</em></strong></span> <span class='ocrx_word' id='word_1_722' title='bbox 1089 4922 1422 4978; x_wconf 84' lang='lat' dir='ltr'><strong><em>autumnalis</em></strong></span> <span class='ocrx_word' id='word_1_723' title='bbox 1453 4941 1464 4976; x_wconf 93' lang='lat'><strong>:</strong></span> <span class='ocrx_word' id='word_1_724' title='bbox 1496 4919 1638 4986; x_wconf 86' lang='lat' dir='ltr'><strong><em>Quid</em></strong></span> 
     </span>
    </p>
   </div>
   <div class='ocr_carea' id='block_1_97' title="bbox 74 5015 1644 5090">
    <p class='ocr_par' dir='ltr' id='par_1_97' title="bbox 74 5015 1644 5090">
     <span class='ocr_line' id='line_1_97' title="bbox 74 5015 1644 5090; baseline -0.003 -17"><span class='ocrx_word' id='word_1_725' title='bbox 74 5033 208 5090; x_wconf 80' lang='lat' dir='ltr'><strong><em>ergo,</em></strong></span> <span class='ocrx_word' id='word_1_726' title='bbox 237 5019 437 5089; x_wconf 87' lang='lat' dir='ltr'><strong><em>inquit,</em></strong></span> <span class='ocrx_word' id='word_1_727' title='bbox 476 5017 800 5080; x_wconf 84' lang='lat' dir='ltr'><strong><em>mirandum,</em></strong></span> <span class='ocrx_word' id='word_1_728' title='bbox 848 5019 892 5072; x_wconf 88' lang='lat' dir='ltr'><strong><em>si</em></strong></span> <span class='ocrx_word' id='word_1_729' title='bbox 935 5017 990 5070; x_wconf 88' lang='lat' dir='ltr'><strong><em>in</em></strong></span> <span class='ocrx_word' id='word_1_730' title='bbox 1019 5033 1076 5070; x_wconf 72' lang='grc' dir='ltr'><strong>χι</strong></span> <span class='ocrx_word' id='word_1_731' title='bbox 1125 5015 1246 5070; x_wconf 82' lang='lat' dir='ltr'><strong><em>Kal.</em></strong></span> <span class='ocrx_word' id='word_1_732' title='bbox 1285 5015 1480 5086; x_wconf 78' lang='lat' dir='ltr'><strong><em>teqnin.</em></strong></span> <span class='ocrx_word' id='word_1_733' title='bbox 1523 5015 1644 5084; x_wconf 79' lang='lat' dir='ltr'><strong><em>ﬁeri</em></strong></span> 
     </span>
    </p>
   </div>
   <div class='ocr_carea' id='block_1_98' title="bbox 77 5106 1644 5180">
    <p class='ocr_par' dir='ltr' id='par_1_98' title="bbox 77 5106 1644 5180">
     <span class='ocr_line' id='line_1_98' title="bbox 77 5106 1644 5180; baseline -0.003 -18"><span class='ocrx_word' id='word_1_734' title='bbox 77 5111 226 5174; x_wconf 77' lang='lat' dir='ltr'><strong><em>dicat,</em></strong></span> <span class='ocrx_word' id='word_1_735' title='bbox 261 5127 383 5163; x_wconf 84' lang='lat' dir='ltr'><strong><em>cum</em></strong></span> <span class='ocrx_word' id='word_1_736' title='bbox 429 5109 490 5162; x_wconf 88' lang='lat' dir='ltr'><strong><em>de</em></strong></span> <span class='ocrx_word' id='word_1_737' title='bbox 544 5109 642 5162; x_wconf 85' lang='lat' dir='ltr'><strong><em>illa</em></strong></span> <span class='ocrx_word' id='word_1_738' title='bbox 685 5109 826 5180; x_wconf 78' lang='lat' dir='ltr'><strong><em>(equi</em></strong></span> <span class='ocrx_word' id='word_1_739' title='bbox 861 5125 914 5162; x_wconf 86' lang='lat' dir='ltr'><strong><em>se</em></strong></span> <span class='ocrx_word' id='word_1_740' title='bbox 962 5109 1094 5162; x_wconf 86' lang='lat' dir='ltr'><strong><em>hora</em></strong></span> <span class='ocrx_word' id='word_1_741' title='bbox 1134 5106 1388 5168; x_wconf 82' lang='lat' dir='ltr'><strong><em>declaret,</em></strong></span> <span class='ocrx_word' id='word_1_742' title='bbox 1430 5107 1644 5176; x_wconf 87' lang='lat' dir='ltr'><strong><em>quando</em></strong></span> 
     </span>
    </p>
   </div>
   <div class='ocr_carea' id='block_1_99' title="bbox 79 5199 1640 5270">
    <p class='ocr_par' dir='ltr' id='par_1_99' title="bbox 79 5199 1640 5270">
     <span class='ocr_line' id='line_1_99' title="bbox 79 5199 1640 5270; baseline -0.003 -17"><span class='ocrx_word' id='word_1_743' title='bbox 79 5202 336 5255; x_wconf 81' lang='lat' dir='ltr'><strong><em>occidente</em></strong></span> <span class='ocrx_word' id='word_1_744' title='bbox 383 5201 452 5252; x_wconf 84' lang='lat' dir='ltr'><strong><em>ad</em></strong></span> <span class='ocrx_word' id='word_1_745' title='bbox 493 5217 760 5270; x_wconf 78' lang='lat' dir='ltr'><strong><em>uesperam</em></strong></span> <span class='ocrx_word' id='word_1_746' title='bbox 796 5200 902 5253; x_wconf 89' lang='lat' dir='ltr'><strong><em>sole</em></strong></span> <span class='ocrx_word' id='word_1_747' title='bbox 943 5199 1070 5253; x_wconf 89' lang='lat' dir='ltr'><strong><em>luna</em></strong></span> <span class='ocrx_word' id='word_1_748' title='bbox 1107 5217 1134 5252; x_wconf 86' lang='lat' dir='ltr'><strong><em>e</em></strong></span> <span class='ocrx_word' id='word_1_749' title='bbox 1171 5200 1440 5252; x_wconf 87' lang='lat' dir='ltr'><strong><em>contrario</em></strong></span> <span class='ocrx_word' id='word_1_750' title='bbox 1486 5214 1640 5252; x_wconf 85' lang='lat' dir='ltr'><strong><em>suum</em></strong></span> 
     </span>
    </p>
   </div>
   <div class='ocr_carea' id='block_1_100' title="bbox 81 5289 1644 5361">
    <p class='ocr_par' dir='ltr' id='par_1_100' title="bbox 81 5289 1644 5361">
     <span class='ocr_line' id='line_1_100' title="bbox 81 5289 1644 5361; baseline 0 -17"><span class='ocrx_word' id='word_1_751' title='bbox 81 5295 268 5346; x_wconf 76' lang='lat' dir='ltr'><strong><em>attollit</em></strong></span> <span class='ocrx_word' id='word_1_752' title='bbox 291 5291 786 5361; x_wconf 74' lang='lat' dir='ltr'><strong><em>exortum?Pergit</em></strong></span> <span class='ocrx_word' id='word_1_753' title='bbox 819 5291 1038 5352; x_wconf 88' lang='lat' dir='ltr'><strong><em>deinde,</em></strong></span> <span class='ocrx_word' id='word_1_754' title='bbox 1077 5299 1131 5344; x_wconf 87' lang='lat' dir='ltr'><strong><em>et</em></strong></span> <span class='ocrx_word' id='word_1_755' title='bbox 1167 5291 1311 5361; x_wconf 90' lang='lat' dir='ltr'><strong><em>quod</em></strong></span> <span class='ocrx_word' id='word_1_756' title='bbox 1355 5289 1644 5344; x_wconf 84' lang='lat' dir='ltr'><strong><em>Anatolius</em></strong></span> 
     </span>
    </p>
   </div>
   <div class='ocr_carea' id='block_1_101' title="bbox 83 5383 1644 5454">
    <p class='ocr_par' dir='ltr' id='par_1_101' title="bbox 83 5383 1644 5454">
     <span class='ocr_line' id='line_1_101' title="bbox 83 5383 1644 5454; baseline 0 -20"><span class='ocrx_word' id='word_1_757' title='bbox 83 5385 372 5454; x_wconf 63' lang='lat' dir='ltr'><strong><em>scripserat</em></strong></span> <span class='ocrx_word' id='word_1_758' title='bbox 409 5403 422 5437; x_wconf 89' lang='lat'><strong>:</strong></span> <span class='ocrx_word' id='word_1_759' title='bbox 455 5385 512 5438; x_wconf 90' lang='lat' dir='ltr'><strong><em>in</em></strong></span> <span class='ocrx_word' id='word_1_760' title='bbox 538 5401 592 5437; x_wconf 78' lang='grc' dir='ltr'><strong>χι</strong></span> <span class='ocrx_word' id='word_1_761' title='bbox 627 5383 754 5438; x_wconf 78' lang='lat' dir='ltr'><strong><em>Kal.</em></strong></span> <span class='ocrx_word' id='word_1_762' title='bbox 787 5385 918 5452; x_wconf 79' lang='lat' dir='ltr'><strong><em>Apr.</em></strong></span> <span class='ocrx_word' id='word_1_763' title='bbox 955 5383 1118 5438; x_wconf 83' lang='lat' dir='ltr'><strong><em>solem</em></strong></span> <span class='ocrx_word' id='word_1_764' title='bbox 1150 5399 1250 5436; x_wconf 90' lang='lat' dir='ltr'><strong><em>non</em></strong></span> <span class='ocrx_word' id='word_1_765' title='bbox 1295 5393 1502 5436; x_wconf 86' lang='lat' dir='ltr'><strong><em>tantum</em></strong></span> <span class='ocrx_word' id='word_1_766' title='bbox 1535 5383 1644 5451; x_wconf 73' lang='lat' dir='ltr'><strong><em>pri~</em></strong></span> 
     </span>
    </p>
   </div>
   <div class='ocr_carea' id='block_1_102' title="bbox 81 5473 1644 5545">
    <p class='ocr_par' dir='ltr' id='par_1_102' title="bbox 81 5473 1644 5545">
     <span class='ocr_line' id='line_1_102' title="bbox 81 5473 1644 5545; baseline 0.001 -20"><span class='ocrx_word' id='word_1_767' title='bbox 81 5489 212 5527; x_wconf 73' lang='lat' dir='ltr'><strong><em>niam</em></strong></span> <span class='ocrx_word' id='word_1_768' title='bbox 251 5485 454 5544; x_wconf 85' lang='lat' dir='ltr'><strong><em>partem</em></strong></span> <span class='ocrx_word' id='word_1_769' title='bbox 493 5475 586 5527; x_wconf 77' lang='grc' dir='ltr'>τοῦ</span> <span class='ocrx_word' id='word_1_770' title='bbox 621 5473 1096 5545; x_wconf 77' lang='grc' dir='ltr'>δωδεκατημορίου</span> <span class='ocrx_word' id='word_1_771' title='bbox 1139 5475 1522 5536; x_wconf 83' lang='lat' dir='ltr'><strong><em>conscendisse,</em></strong></span> <span class='ocrx_word' id='word_1_772' title='bbox 1557 5489 1644 5526; x_wconf 82' lang='lat' dir='ltr'><strong><em>ve-</em></strong></span> 
     </span>
    </p>
   </div>
   <div class='ocr_carea' id='block_1_103' title="bbox 81 5563 1646 5634">
    <p class='ocr_par' dir='ltr' id='par_1_103' title="bbox 81 5563 1646 5634">
     <span class='ocr_line' id='line_1_103' title="bbox 81 5563 1646 5634; baseline 0.004 -20"><span class='ocrx_word' id='word_1_773' title='bbox 81 5578 188 5615; x_wconf 79' lang='lat' dir='ltr'><strong><em>rum</em></strong></span> <span class='ocrx_word' id='word_1_774' title='bbox 229 5565 388 5618; x_wconf 87' lang='lat' dir='ltr'><strong><em>etiam</em></strong></span> <span class='ocrx_word' id='word_1_775' title='bbox 422 5571 674 5634; x_wconf 88' lang='lat' dir='ltr'><strong><em>quartam</em></strong></span> <span class='ocrx_word' id='word_1_776' title='bbox 712 5563 834 5632; x_wconf 86' lang='lat' dir='ltr'><strong><em>jam</em></strong></span> <span class='ocrx_word' id='word_1_777' title='bbox 871 5566 924 5616; x_wconf 91' lang='lat' dir='ltr'><strong><em>in</em></strong></span> <span class='ocrx_word' id='word_1_778' title='bbox 967 5563 1157 5616; x_wconf 75' lang='lat' dir='ltr'><strong><em>eodem</em></strong></span> <span class='ocrx_word' id='word_1_779' title='bbox 1183 5565 1267 5616; x_wconf 86' lang='lat' dir='ltr'><strong><em>die</em></strong></span> <span class='ocrx_word' id='word_1_780' title='bbox 1306 5566 1526 5626; x_wconf 86' lang='lat' dir='ltr'><strong><em>habere;</em></strong></span> <span class='ocrx_word' id='word_1_781' title='bbox 1565 5566 1646 5620; x_wconf 85' lang='lat' dir='ltr'><strong><em>sic</em></strong></span> 
     </span>
    </p>
   </div>
   <div class='ocr_carea' id='block_1_104' title="bbox 81 5653 1645 5725">
    <p class='ocr_par' dir='ltr' id='par_1_104' title="bbox 81 5653 1645 5725">
     <span class='ocr_line' id='line_1_104' title="bbox 81 5653 1645 5725; baseline 0.003 -19"><span class='ocrx_word' id='word_1_782' title='bbox 81 5656 321 5722; x_wconf 73' lang='lat' dir='ltr'><strong><em>exponit:</em></strong></span> <span class='ocrx_word' id='word_1_783' title='bbox 353 5653 495 5720; x_wconf 83' lang='lat' dir='ltr'><strong><em>Quia</em></strong></span> <span class='ocrx_word' id='word_1_784' title='bbox 513 5655 718 5724; x_wconf 76' lang='lat' dir='ltr'><strong><em>quoties</em></strong></span> <span class='ocrx_word' id='word_1_785' title='bbox 751 5654 1121 5722; x_wconf 62' lang='lat' dir='ltr'><strong><em>(equinoctiale</em></strong></span> <span class='ocrx_word' id='word_1_786' title='bbox 1154 5665 1354 5724; x_wconf 84' lang='lat' dir='ltr'><strong><em>tempus</em></strong></span> <span class='ocrx_word' id='word_1_787' title='bbox 1375 5655 1536 5725; x_wconf 71' lang='lat' dir='ltr'><strong><em>juxta</em></strong></span> <span class='ocrx_word' id='word_1_788' title='bbox 1561 5673 1645 5710; x_wconf 86' lang='lat' dir='ltr'><strong><em>ra-</em></strong></span> 
     </span>
    </p>
   </div>
   <div class='ocr_carea' id='block_1_105' title="bbox 84 5739 1644 5820">
    <p class='ocr_par' dir='ltr' id='par_1_105' title="bbox 84 5739 1644 5820">
     <span class='ocr_line' id='line_1_105' title="bbox 84 5739 1644 5820; baseline 0.006 -26"><span class='ocrx_word' id='word_1_789' title='bbox 84 5745 262 5801; x_wconf 74' lang='lat' dir='ltr'><strong><em>tionem</em></strong></span> <span class='ocrx_word' id='word_1_790' title='bbox 288 5747 572 5818; x_wconf 66' lang='lat' dir='ltr'><strong><em>prefatam</em></strong></span> <span class='ocrx_word' id='word_1_791' title='bbox 593 5747 646 5800; x_wconf 88' lang='lat' dir='ltr'><strong><em>in</em></strong></span> <span class='ocrx_word' id='word_1_792' title='bbox 661 5761 716 5800; x_wconf 72' lang='grc' dir='ltr'><strong>ιι</strong></span> <span class='ocrx_word' id='word_1_793' title='bbox 745 5745 872 5800; x_wconf 82' lang='lat' dir='ltr'><strong><em>Kal.</em></strong></span> <span class='ocrx_word' id='word_1_794' title='bbox 903 5745 1112 5814; x_wconf 85' lang='lat' dir='ltr'><strong><em>incidit,</em></strong></span> <span class='ocrx_word' id='word_1_795' title='bbox 1139 5739 1286 5802; x_wconf 87' lang='lat' dir='ltr'><strong><em>toties</em></strong></span> <span class='ocrx_word' id='word_1_796' title='bbox 1312 5750 1364 5802; x_wconf 90' lang='lat' dir='ltr'><strong><em>in</em></strong></span> <span class='ocrx_word' id='word_1_797' title='bbox 1383 5749 1496 5820; x_wconf 82' lang='lat' dir='ltr'><strong><em>ipso</em></strong></span> <span class='ocrx_word' id='word_1_798' title='bbox 1521 5759 1644 5804; x_wconf 83' lang='lat' dir='ltr'><strong><em>tem-</em></strong></span> 
     </span>
    </p>
   </div>
   <div class='ocr_carea' id='block_1_106' title="bbox 1746 4552 3325 4620">
    <p class='ocr_par' dir='ltr' id='par_1_106' title="bbox 1746 4552 3325 4620">
     <span class='ocr_line' id='line_1_106' title="bbox 1746 4552 3325 4620; baseline -0.001 -10"><span class='ocrx_word' id='word_1_799' title='bbox 1746 4555 1897 4610; x_wconf 81' lang='lat' dir='ltr'><strong><em>illam</em></strong></span> <span class='ocrx_word' id='word_1_800' title='bbox 1943 4555 2050 4620; x_wconf 90' lang='lat' dir='ltr'><strong><em>die,</em></strong></span> <span class='ocrx_word' id='word_1_801' title='bbox 2089 4562 2148 4608; x_wconf 89' lang='lat' dir='ltr'><strong><em>ut</em></strong></span> <span class='ocrx_word' id='word_1_802' title='bbox 2193 4554 2444 4610; x_wconf 85' lang='lat' dir='ltr'><strong><em>cititnum</em></strong></span> <span class='ocrx_word' id='word_1_803' title='bbox 2486 4552 2701 4608; x_wconf 85' lang='lat' dir='ltr'><strong><em>Pascha</em></strong></span> <span class='ocrx_word' id='word_1_804' title='bbox 2743 4569 2856 4608; x_wconf 75' lang='grc' dir='ltr'><strong>ιιιιιι</strong></span> <span class='ocrx_word' id='word_1_805' title='bbox 2891 4553 3070 4608; x_wconf 86' lang='lat' dir='ltr'><strong><em>Martii</em></strong></span> <span class='ocrx_word' id='word_1_806' title='bbox 3119 4557 3325 4609; x_wconf 86' lang='lat' dir='ltr'><strong><em>consti-</em></strong></span> 
     </span>
    </p>
   </div>
   <div class='ocr_carea' id='block_1_107' title="bbox 1747 4645 3326 4718">
    <p class='ocr_par' dir='ltr' id='par_1_107' title="bbox 1747 4645 3326 4718">
     <span class='ocr_line' id='line_1_107' title="bbox 1747 4645 3326 4718; baseline -0.001 -15"><span class='ocrx_word' id='word_1_807' title='bbox 1747 4658 1952 4716; x_wconf 86' lang='lat' dir='ltr'><strong><em>tuatur,</em></strong></span> <span class='ocrx_word' id='word_1_808' title='bbox 2003 4647 2150 4718; x_wconf 90' lang='lat' dir='ltr'><strong><em>quod</em></strong></span> <span class='ocrx_word' id='word_1_809' title='bbox 2204 4655 2260 4702; x_wconf 87' lang='lat' dir='ltr'><strong><em>et</em></strong></span> <span class='ocrx_word' id='word_1_810' title='bbox 2305 4662 2496 4701; x_wconf 87' lang='lat' dir='ltr'><strong><em>verum</em></strong></span> <span class='ocrx_word' id='word_1_811' title='bbox 2544 4655 2630 4702; x_wconf 90' lang='lat' dir='ltr'><strong><em>est</em></strong></span> <span class='ocrx_word' id='word_1_812' title='bbox 2683 4655 2807 4717; x_wconf 90' lang='lat' dir='ltr'><strong><em>post</em></strong></span> <span class='ocrx_word' id='word_1_813' title='bbox 2857 4645 3062 4701; x_wconf 67' lang='lat' dir='ltr'><strong><em>Nicmni</em></strong></span> <span class='ocrx_word' id='word_1_814' title='bbox 3107 4647 3326 4703; x_wconf 83' lang='lat' dir='ltr'><strong><em>concilii</em></strong></span> 
     </span>
    </p>
   </div>
   <div class='ocr_carea' id='block_1_108' title="bbox 1748 4739 3322 4810">
    <p class='ocr_par' dir='ltr' id='par_1_108' title="bbox 1748 4739 3322 4810">
     <span class='ocr_line' id='line_1_108' title="bbox 1748 4739 3322 4810; baseline 0.001 -17"><span class='ocrx_word' id='word_1_815' title='bbox 1748 4749 1992 4810; x_wconf 83' lang='lat' dir='ltr'><strong><em>tempora</em></strong></span> <span class='ocrx_word' id='word_1_816' title='bbox 2013 4739 2220 4795; x_wconf 89' lang='lat' dir='ltr'><strong><em>licitum</em></strong></span> <span class='ocrx_word' id='word_1_817' title='bbox 2245 4755 2386 4796; x_wconf 88' lang='lat' dir='ltr'><strong><em>esse.</em></strong></span> <span class='ocrx_word' id='word_1_818' title='bbox 2430 4739 2630 4795; x_wconf 77' lang='lat' dir='ltr'><strong><em>Verum</em></strong></span> <span class='ocrx_word' id='word_1_819' title='bbox 2655 4740 2760 4796; x_wconf 92' lang='lat' dir='ltr'><strong><em>hoc</em></strong></span> <span class='ocrx_word' id='word_1_820' title='bbox 2785 4740 3100 4796; x_wconf 89' lang='lat' dir='ltr'><strong><em>Anatolium</em></strong></span> <span class='ocrx_word' id='word_1_821' title='bbox 3127 4741 3322 4796; x_wconf 80' lang='lat' dir='ltr'><strong><em>existi-</em></strong></span> 
     </span>
    </p>
   </div>
   <div class='ocr_carea' id='block_1_109' title="bbox 1746 4832 3326 4903">
    <p class='ocr_par' dir='ltr' id='par_1_109' title="bbox 1746 4832 3326 4903">
     <span class='ocr_line' id='line_1_109' title="bbox 1746 4832 3326 4903; baseline 0.003 -19"><span class='ocrx_word' id='word_1_822' title='bbox 1746 4845 1946 4893; x_wconf 85' lang='lat' dir='ltr'><strong><em>masse,</em></strong></span> <span class='ocrx_word' id='word_1_823' title='bbox 1971 4839 2066 4886; x_wconf 87' lang='lat' dir='ltr'><strong><em>aut</em></strong></span> <span class='ocrx_word' id='word_1_824' title='bbox 2088 4833 2152 4886; x_wconf 89' lang='lat' dir='ltr'><strong><em>ad</em></strong></span> <span class='ocrx_word' id='word_1_825' title='bbox 2171 4847 2290 4886; x_wconf 90' lang='lat' dir='ltr'><strong><em>eam</em></strong></span> <span class='ocrx_word' id='word_1_826' title='bbox 2312 4840 2546 4888; x_wconf 84' lang='lat' dir='ltr'><strong><em>mentem</em></strong></span> <span class='ocrx_word' id='word_1_827' title='bbox 2575 4832 2718 4888; x_wconf 91' lang='lat' dir='ltr'><strong><em>illius</em></strong></span> <span class='ocrx_word' id='word_1_828' title='bbox 2741 4832 2930 4888; x_wconf 80' lang='lat' dir='ltr'><strong><em>referri</em></strong></span> <span class='ocrx_word' id='word_1_829' title='bbox 2954 4835 3114 4886; x_wconf 83' lang='lat' dir='ltr'><strong><em>verba</em></strong></span> <span class='ocrx_word' id='word_1_830' title='bbox 3139 4849 3326 4903; x_wconf 83' lang='lat' dir='ltr'><strong><em>posse,</em></strong></span> 
     </span>
    </p>
   </div>
   <div class='ocr_carea' id='block_1_110' title="bbox 1747 4921 3324 4994">
    <p class='ocr_par' dir='ltr' id='par_1_110' title="bbox 1747 4921 3324 4994">
     <span class='ocr_line' id='line_1_110' title="bbox 1747 4921 3324 4994; baseline 0.004 -20"><span class='ocrx_word' id='word_1_831' title='bbox 1747 4921 1800 4976; x_wconf 91' lang='lat' dir='ltr'><strong><em>id</em></strong></span> <span class='ocrx_word' id='word_1_832' title='bbox 1830 4937 1960 4976; x_wconf 87' lang='lat' dir='ltr'><strong><em>vero</em></strong></span> <span class='ocrx_word' id='word_1_833' title='bbox 1997 4931 2311 4977; x_wconf 86' lang='lat' dir='ltr'><strong><em>constanter</em></strong></span> <span class='ocrx_word' id='word_1_834' title='bbox 2340 4939 2496 4994; x_wconf 81' lang='lat' dir='ltr'><strong><em>nego.</em></strong></span> <span class='ocrx_word' id='word_1_835' title='bbox 2531 4921 2588 4976; x_wconf 90' lang='lat' dir='ltr'><strong><em>ln</em></strong></span> <span class='ocrx_word' id='word_1_836' title='bbox 2623 4923 2816 4992; x_wconf 89' lang='lat' dir='ltr'><strong><em>primis</em></strong></span> <span class='ocrx_word' id='word_1_837' title='bbox 2845 4925 2992 4977; x_wconf 88' lang='lat' dir='ltr'><strong><em>enim</em></strong></span> <span class='ocrx_word' id='word_1_838' title='bbox 3023 4925 3324 4980; x_wconf 87' lang='lat' dir='ltr'><strong><em>absurdum</em></strong></span> 
     </span>
    </p>
   </div>
   <div class='ocr_carea' id='block_1_111' title="bbox 1746 5015 3326 5086">
    <p class='ocr_par' dir='ltr' id='par_1_111' title="bbox 1746 5015 3326 5086">
     <span class='ocr_line' id='line_1_111' title="bbox 1746 5015 3326 5086; baseline 0 -16"><span class='ocrx_word' id='word_1_839' title='bbox 1746 5023 1850 5080; x_wconf 84' lang='lat' dir='ltr'><strong><em>est,</em></strong></span> <span class='ocrx_word' id='word_1_840' title='bbox 1905 5030 2206 5084; x_wconf 89' lang='lat' dir='ltr'><strong><em>pronomen</em></strong></span> <span class='ocrx_word' id='word_1_841' title='bbox 2263 5015 2434 5085; x_wconf 78' lang='grc' dir='ltr'>αὑτήν</span> <span class='ocrx_word' id='word_1_842' title='bbox 2487 5030 2611 5068; x_wconf 82' lang='lat' dir='ltr'><strong><em>eum</em></strong></span> <span class='ocrx_word' id='word_1_843' title='bbox 2664 5015 2732 5070; x_wconf 88' lang='lat' dir='ltr'><strong><em>iis</em></strong></span> <span class='ocrx_word' id='word_1_844' title='bbox 2785 5015 3148 5086; x_wconf 78' lang='lat' dir='ltr'><strong><em>conjungere,</em></strong></span> <span class='ocrx_word' id='word_1_845' title='bbox 3203 5031 3326 5086; x_wconf 74' lang='lat' dir='ltr'><strong><em>qua:</em></strong></span> 
     </span>
    </p>
   </div>
   <div class='ocr_carea' id='block_1_112' title="bbox 1751 5106 3326 5176">
    <p class='ocr_par' dir='ltr' id='par_1_112' title="bbox 1751 5106 3326 5176">
     <span class='ocr_line' id='line_1_112' title="bbox 1751 5106 3326 5176; baseline -0.001 -14"><span class='ocrx_word' id='word_1_846' title='bbox 1751 5115 1902 5162; x_wconf 90' lang='lat' dir='ltr'><strong><em>tanto</em></strong></span> <span class='ocrx_word' id='word_1_847' title='bbox 1933 5116 2060 5162; x_wconf 88' lang='lat' dir='ltr'><strong><em>ante</em></strong></span> <span class='ocrx_word' id='word_1_848' title='bbox 2089 5109 2356 5162; x_wconf 67' lang='lat' dir='ltr'><strong><em>orationis</em></strong></span> <span class='ocrx_word' id='word_1_849' title='bbox 2391 5107 2674 5161; x_wconf 88' lang='lat' dir='ltr'><strong><em>intervallo</em></strong></span> <span class='ocrx_word' id='word_1_850' title='bbox 2719 5107 2894 5176; x_wconf 88' lang='lat' dir='ltr'><strong><em>posita</em></strong></span> <span class='ocrx_word' id='word_1_851' title='bbox 2937 5115 3083 5162; x_wconf 89' lang='lat' dir='ltr'><strong><em>sunt.</em></strong></span> <span class='ocrx_word' id='word_1_852' title='bbox 3119 5106 3326 5161; x_wconf 81' lang='lat' dir='ltr'><strong><em>Deinde</em></strong></span> 
     </span>
    </p>
   </div>
   <div class='ocr_carea' id='block_1_113' title="bbox 1748 5198 3326 5270">
    <p class='ocr_par' dir='ltr' id='par_1_113' title="bbox 1748 5198 3326 5270">
     <span class='ocr_line' id='line_1_113' title="bbox 1748 5198 3326 5270; baseline -0.002 -15"><span class='ocrx_word' id='word_1_853' title='bbox 1748 5199 1945 5255; x_wconf 81' lang='lat' dir='ltr'><strong><em>refellit</em></strong></span> <span class='ocrx_word' id='word_1_854' title='bbox 1989 5213 2082 5254; x_wconf 89' lang='lat' dir='ltr'><strong><em>eos</em></strong></span> <span class='ocrx_word' id='word_1_855' title='bbox 2125 5198 2431 5264; x_wconf 86' lang='lat' dir='ltr'><strong><em>Anatolius,</em></strong></span> <span class='ocrx_word' id='word_1_856' title='bbox 2481 5199 2574 5270; x_wconf 91' lang='lat' dir='ltr'><strong><em>qui</em></strong></span> <span class='ocrx_word' id='word_1_857' title='bbox 2614 5207 2739 5254; x_wconf 87' lang='lat' dir='ltr'><strong><em>ante</em></strong></span> <span class='ocrx_word' id='word_1_858' title='bbox 2781 5199 3016 5268; x_wconf 89' lang='lat' dir='ltr'><strong><em>primum</em></strong></span> <span class='ocrx_word' id='word_1_859' title='bbox 3071 5213 3326 5268; x_wconf 77' lang='lat' dir='ltr'><strong><em>segmen-</em></strong></span> 
     </span>
    </p>
   </div>
   <div class='ocr_carea' id='block_1_114' title="bbox 1749 5292 3324 5362">
    <p class='ocr_par' dir='ltr' id='par_1_114' title="bbox 1749 5292 3324 5362">
     <span class='ocr_line' id='line_1_114' title="bbox 1749 5292 3324 5362; baseline -0.001 -16"><span class='ocrx_word' id='word_1_860' title='bbox 1749 5300 1886 5358; x_wconf 86' lang='lat' dir='ltr'><strong><em>tum,</em></strong></span> <span class='ocrx_word' id='word_1_861' title='bbox 1917 5301 1971 5346; x_wconf 90' lang='lat' dir='ltr'><strong><em>et</em></strong></span> <span class='ocrx_word' id='word_1_862' title='bbox 1999 5293 2310 5362; x_wconf 67' lang='lat' dir='ltr'><strong><em>aequinoctii</em></strong></span> <span class='ocrx_word' id='word_1_863' title='bbox 2333 5293 2478 5346; x_wconf 88' lang='lat' dir='ltr'><strong><em>diem</em></strong></span> <span class='ocrx_word' id='word_1_864' title='bbox 2517 5292 2752 5362; x_wconf 90' lang='lat' dir='ltr'><strong><em>primum</em></strong></span> <span class='ocrx_word' id='word_1_865' title='bbox 2783 5306 3030 5346; x_wconf 76' lang='lat' dir='ltr'><strong><em>tuensem</em></strong></span> <span class='ocrx_word' id='word_1_866' title='bbox 3075 5293 3324 5346; x_wconf 77' lang='lat' dir='ltr'><strong><em>celebra-</em></strong></span> 
     </span>
    </p>
   </div>
   <div class='ocr_carea' id='block_1_115' title="bbox 1747 5381 3330 5452">
    <p class='ocr_par' dir='ltr' id='par_1_115' title="bbox 1747 5381 3330 5452">
     <span class='ocr_line' id='line_1_115' title="bbox 1747 5381 3330 5452; baseline -0.002 -14"><span class='ocrx_word' id='word_1_867' title='bbox 1747 5381 1915 5449; x_wconf 88' lang='lat' dir='ltr'><strong><em>bant;</em></strong></span> <span class='ocrx_word' id='word_1_868' title='bbox 1943 5383 2086 5452; x_wconf 89' lang='lat' dir='ltr'><strong><em>quod</em></strong></span> <span class='ocrx_word' id='word_1_869' title='bbox 2129 5399 2238 5436; x_wconf 89' lang='lat' dir='ltr'><strong><em>non</em></strong></span> <span class='ocrx_word' id='word_1_870' title='bbox 2277 5383 2604 5446; x_wconf 78' lang='lat' dir='ltr'><strong><em>lacerent,si</em></strong></span> <span class='ocrx_word' id='word_1_871' title='bbox 2649 5397 2740 5436; x_wconf 76' lang='lat' dir='ltr'><strong><em>xtv</em></strong></span> <span class='ocrx_word' id='word_1_872' title='bbox 2781 5381 3090 5452; x_wconf 82' lang='lat' dir='ltr'><strong><em>pasehalcm</em></strong></span> <span class='ocrx_word' id='word_1_873' title='bbox 3121 5381 3174 5434; x_wconf 90' lang='lat' dir='ltr'><strong><em>in</em></strong></span> <span class='ocrx_word' id='word_1_874' title='bbox 3207 5381 3330 5450; x_wconf 85' lang='lat' dir='ltr'><strong><em>ipso</em></strong></span> 
     </span>
    </p>
   </div>
   <div class='ocr_carea' id='block_1_116' title="bbox 1747 5471 3325 5542">
    <p class='ocr_par' dir='ltr' id='par_1_116' title="bbox 1747 5471 3325 5542">
     <span class='ocr_line' id='line_1_116' title="bbox 1747 5471 3325 5542; baseline -0.002 -15"><span class='ocrx_word' id='word_1_875' title='bbox 1747 5471 2114 5542; x_wconf 63' lang='lat' dir='ltr'><strong><em>aequinoctiali</em></strong></span> <span class='ocrx_word' id='word_1_876' title='bbox 2133 5472 2220 5526; x_wconf 87' lang='lat' dir='ltr'><strong><em>die</em></strong></span> <span class='ocrx_word' id='word_1_877' title='bbox 2253 5472 2580 5527; x_wconf 89' lang='lat' dir='ltr'><strong><em>collocarent</em></strong></span> <span class='ocrx_word' id='word_1_878' title='bbox 2611 5491 2624 5526; x_wconf 91' lang='lat'><strong>:</strong></span> <span class='ocrx_word' id='word_1_879' title='bbox 2661 5472 2768 5526; x_wconf 85' lang='lat' dir='ltr'><strong><em>hoc</em></strong></span> <span class='ocrx_word' id='word_1_880' title='bbox 2795 5472 2938 5526; x_wconf 89' lang='lat' dir='ltr'><strong><em>enim</em></strong></span> <span class='ocrx_word' id='word_1_881' title='bbox 2971 5471 3130 5542; x_wconf 90' lang='lat' dir='ltr'><strong><em>primi</em></strong></span> <span class='ocrx_word' id='word_1_882' title='bbox 3167 5486 3325 5525; x_wconf 87' lang='lat' dir='ltr'><strong><em>men-</em></strong></span> 
     </span>
    </p>
   </div>
   <div class='ocr_carea' id='block_1_117' title="bbox 1747 5560 3332 5634">
    <p class='ocr_par' dir='ltr' id='par_1_117' title="bbox 1747 5560 3332 5634">
     <span class='ocr_line' id='line_1_117' title="bbox 1747 5560 3332 5634; baseline -0.002 -15"><span class='ocrx_word' id='word_1_883' title='bbox 1747 5563 1824 5620; x_wconf 88' lang='lat' dir='ltr'><strong><em>sis</em></strong></span> <span class='ocrx_word' id='word_1_884' title='bbox 1854 5565 2070 5618; x_wconf 87' lang='lat' dir='ltr'><strong><em>initium</em></strong></span> <span class='ocrx_word' id='word_1_885' title='bbox 2103 5573 2206 5620; x_wconf 88' lang='lat' dir='ltr'><strong><em>est.</em></strong></span> <span class='ocrx_word' id='word_1_886' title='bbox 2239 5563 2320 5620; x_wconf 85' lang='lat' dir='ltr'><strong><em>Ad</em></strong></span> <span class='ocrx_word' id='word_1_887' title='bbox 2358 5565 2473 5619; x_wconf 67' lang='lat' dir='ltr'><strong><em>haec</em></strong></span> <span class='ocrx_word' id='word_1_888' title='bbox 2515 5580 2638 5634; x_wconf 73' lang='lat' dir='ltr'><strong><em>quae</em></strong></span> <span class='ocrx_word' id='word_1_889' title='bbox 2667 5579 2734 5618; x_wconf 81' lang='lat' dir='ltr'><strong><em>cx</em></strong></span> <span class='ocrx_word' id='word_1_890' title='bbox 2767 5562 3083 5618; x_wconf 62' lang='lat' dir='ltr'><strong><em>Judarorum</em></strong></span> <span class='ocrx_word' id='word_1_891' title='bbox 3111 5560 3332 5632; x_wconf 78' lang='lat' dir='ltr'><strong><em>placitis</em></strong></span> 
     </span>
    </p>
   </div>
   <div class='ocr_carea' id='block_1_118' title="bbox 1747 5653 3326 5734">
    <p class='ocr_par' dir='ltr' id='par_1_118' title="bbox 1747 5653 3326 5734">
     <span class='ocr_line' id='line_1_118' title="bbox 1747 5653 3326 5734; baseline -0.004 -20"><span class='ocrx_word' id='word_1_892' title='bbox 1747 5658 1816 5714; x_wconf 84' lang='lat' dir='ltr'><strong><em>ad</em></strong></span> <span class='ocrx_word' id='word_1_893' title='bbox 1841 5673 1994 5734; x_wconf 88' lang='lat' dir='ltr'><strong><em>suam</em></strong></span> <span class='ocrx_word' id='word_1_894' title='bbox 2029 5657 2176 5712; x_wconf 83' lang='lat' dir='ltr'><strong><em>illam</em></strong></span> <span class='ocrx_word' id='word_1_895' title='bbox 2211 5657 2551 5727; x_wconf 87' lang='lat' dir='ltr'><strong><em>probandum</em></strong></span> <span class='ocrx_word' id='word_1_896' title='bbox 2599 5658 2926 5714; x_wconf 85' lang='lat' dir='ltr'><strong><em>sententiam</em></strong></span> <span class='ocrx_word' id='word_1_897' title='bbox 2973 5653 3150 5719; x_wconf 61' lang='grc' dir='ltr'><strong><em>δῦθι-ι,</em></strong></span> <span class='ocrx_word' id='word_1_898' title='bbox 3199 5654 3326 5709; x_wconf 91' lang='lat' dir='ltr'><strong><em>nul-</em></strong></span> 
     </span>
    </p>
   </div>
   <div class='ocr_carea' id='block_1_119' title="bbox 1749 5746 3328 5821">
    <p class='ocr_par' dir='ltr' id='par_1_119' title="bbox 1749 5746 3328 5821">
     <span class='ocr_line' id='line_1_119' title="bbox 1749 5746 3328 5821; baseline -0.004 -15"><span class='ocrx_word' id='word_1_899' title='bbox 1749 5750 1863 5806; x_wconf 87' lang='lat' dir='ltr'><strong><em>lum</em></strong></span> <span class='ocrx_word' id='word_1_900' title='bbox 1905 5747 2188 5807; x_wconf 84' lang='lat' dir='ltr'><strong><em>dubitandi</em></strong></span> <span class='ocrx_word' id='word_1_901' title='bbox 2221 5748 2402 5806; x_wconf 87' lang='lat' dir='ltr'><strong><em>locum</em></strong></span> <span class='ocrx_word' id='word_1_902' title='bbox 2451 5750 2788 5821; x_wconf 85' lang='lat' dir='ltr'><strong><em>relinquunt.</em></strong></span> <span class='ocrx_word' id='word_1_903' title='bbox 2823 5747 3153 5806; x_wconf 84' lang='lat' dir='ltr'><strong><em>Statuebant</em></strong></span> <span class='ocrx_word' id='word_1_904' title='bbox 3181 5746 3328 5801; x_wconf 81' lang='lat' dir='ltr'><strong><em>enim</em></strong></span> 
     </span>
    </p>
   </div>
  </div>
