3832 6220
557 245 665 304 995

1639 247 1987 304 APPENDIX
2029 246 2670 305 DlSSERTATlONUM.

3652 263 3716 318 916

555 363 799 422 seniores
839 362 946 428 illi,
1002 371 1125 432 post
1171 364 1525 419 commissum
1575 365 1992 434 :equiuoctium,
2056 362 2125 417 ad
2155 367 2199 425 Α
2228 365 2370 418 Beda
2410 365 2595 420 minus
2638 364 3134 431 animadvertisset,
3172 365 3307 421 falso
3342 365 3554 422 credidit
3580 369 3719 428 Anato-

554 468 860 524 vesperam,
909 468 1018 522 quo
1054 463 1295 523 tempore
1321 455 1447 509 luna
1479 457 1532 509 in
1585 456 1755 509 altero
1796 455 2124 523 :equinoctio

553 561 585 601 e
624 545 846 614 regione
905 546 1075 600 solem
1128 545 1386 614 respicit,
1457 546 1554 616 τὴν
1599 545 1708 598 τῶν
1758 544 2126 615 διαϐατηρίων

554 635 769 706 ἑορτήν,
803 635 907 688 hoc
941 643 1024 688 est
1055 633 1262 688 Pascha
1295 632 1706 704 Judaicurmagi
1755 633 1969 687 debere.
2017 631 2128 686 Hoc

554 732 735 775 autem
797 736 890 775 xw
949 721 1074 774 luna
1139 721 1205 773 ad
1267 736 1548 790 vesperam
1632 721 1960 774 celebratum
2020 729 2124 774 est.

559 813 698 883 Ergo
738 828 829 867 xw
872 813 925 866 in
962 813 1138 882 ipsum
1167 799 1548 882 :eqttinoctium
1583 813 1776 866 cadere
1809 813 1987 874 debet,
2019 827 2127 866 non

558 903 862 974 praecedere
913 922 926 958 :
976 905 1101 972 q'uia
1159 904 1298 974 μετὰ
1335 904 1434 975 τὴν
1488 886 1798 974 ἱσημέρίαν,
1835 913 1896 957 ιιι
1930 904 2129 972 saepius

509 998 537 1062 ‘g’
558 993 773 1062 repetit,
803 991 1026 1046 Judaice
1055 992 1264 1046 Pascha
1292 994 1657 1062 peragendum
1681 1001 1784 1047 est.

559 1039 773 1062 --,.-..-,
806 1039 1024 1046 ηπ---
1055 1039 1074 1044 -
1098 1039 1264 1046 -ηη
1293 1039 1657 1062 τν--ο---ν--.-.
1685 1039 1784 1047 ν---

421 1074 438 1088 “
521 1039 537 1156 i
623 1085 759 1138 Cum
780 1082 1010 1152 igiturid
1024 1084 1168 1152 quod
1186 1085 1399 1137 dixerat
1418 1099 1482 1137 ex
1502 1082 1819 1138 Judaeorum
1843 1084 2128 1139 doctorum

527 1163 825 1229 sententia
871 1174 1173 1244 profectum
1210 1184 1460 1240 asserat;
1493 1173 1668 1229 Judaei
1705 1189 1870 1243 porro
1910 1190 2003 1228 xtv
2034 1189 2132 1228 ne-

556 1274 682 1334 gent
723 1275 848 1318 ante
887 1267 1277 1333 aequinoctium
1326 1266 1491 1319 indici
1542 1281 1705 1334 posse
1739 1264 2128 1319 :manil‘estum

553 1365 655 1421 est,
705 1356 1017 1410 Anatolium
1071 1357 1214 1410 nolle
1263 1371 1355 1409 xw
1403 1366 1532 1409 ante
1582 1356 1758 1424 ipsum
1815 1355 2130 1424 aequinoctii

554 1446 697 1500 diem
732 1458 991 1501 statuere.
1036 1446 1350 1501 Praesertim
1398 1462 1522 1500 cum
1568 1445 1884 1500 Christiana
1932 1461 2023 1500 xw
2065 1461 2131 1500 cx

552 1537 918 1591 vetustissima
957 1537 1250 1590 traditione
1279 1539 1333 1589 in
1375 1535 1767 1604 :cquinoctium
1794 1535 1993 1603 ipsum,
2021 1549 2131 1588 non

567 1638 694 1682 ante
734 1628 883 1683 hunc
922 1629 1063 1682 diem
1101 1629 1344 1682 incidere
1386 1628 1597 1681 debeat.
1638 1626 1905 1691 Quocirca
1936 1625 2129 1680 vitiosa

2228 455 2358 508 lium
2388 470 2507 508 eam
2534 457 2695 524 primi
2753 457 2958 510 mensis
2991 458 3331 510 neomeniam
3357 458 3718 520 constituisse.in

2228 559 2392 613 quam
2419 544 2663 596 citimum
2708 543 2915 598 Pascha
2960 546 3299 599 conveniret.
3340 544 3472 598 Nam
3510 548 3589 615 qui
3618 563 3722 617 negat

2228 650 2318 687 xiv
2353 635 2661 702 paschalem
2696 644 2822 688 ante
2848 636 3064 689 initium
3104 636 3266 705 primi
3301 637 3499 691 mensis
3530 639 3722 704 incidere.

2228 724 2392 793 idque
2433 726 2610 794 ipsum
2671 727 2878 780 mensis
2917 727 3133 781 initium
3173 742 3230 782 χι
3273 726 3394 782 Kal.
3436 729 3570 798 ﬁgit,
3605 737 3723 785 ani-

2233 813 2372 870 i‘este
2395 816 2647 884 prohibet
2681 817 2799 885 ipso
2827 818 3032 871 mensis
3073 818 3230 871 initio
3258 817 3467 873 Pascha
3495 821 3724 888 celebrari;

2230 907 2375 974 quod
2419 907 2464 960 si
2508 907 2618 972 iiat,
2655 909 2768 976 jam
2824 925 2915 962 xw
2967 917 3121 962 extra
3168 910 3370 978 prioris
3421 912 3601 967 mensis
3636 915 3724 968 lines

2201 1004 2204 1006 ‘
2231 996 2417 1066 egredi
2449 1006 2504 1050 et
2533 997 2585 1049 iu
2619 997 2869 1050 ultimum
2903 997 3053 1062 rejici
3090 1013 3312 1053 necesse
3337 999 3428 1056 sit.

2302 1085 2438 1140 Nam
2491 1088 2634 1155 quod
2684 1089 3014 1157 mquiuoctio
3061 1090 3286 1142 biduum
3334 1089 3493 1143 tribui
3545 1105 3726 1159 oportere

2231 1187 2438 1242 narrat,
2489 1193 2662 1247 eoque
2707 1180 2802 1248 qui
2848 1182 3118 1248 posterior
3153 1189 3239 1235 est
3288 1180 3599 1236 die‘Pasclta
3633 1186 3727 1237 cele-

2233 1269 2400 1334 brari,
2424 1271 2492 1325 de
2533 1286 2643 1340 quo
2678 1280 2732 1326 et
2777 1271 3090 1326 Anatolium
3133 1272 3486 1342 loquiputat,
3519 1289 3669 1327 verum
3696 1280 3727 1329 id

2233 1362 2452 1431 quidem
2475 1371 2560 1416 est
2586 1363 2973 1432 aequinoctium
2995 1362 3379 1434 μετεμπτώσει
3403 1363 3455 1416 in
3487 1375 3728 1434 sequentem

2233 1453 2376 1507 diem
2406 1468 2698 1508 excurrere
2726 1469 2741 1507 :
2775 1454 2868 1509 sed
2905 1470 2970 1508 ex
3000 1455 3266 1509 ambobus
3293 1455 3508 1523 politice
3537 1456 3593 1507 ad
3614 1459 3729 1525 aqui-

2234 1544 2403 1597 noctii
2436 1544 2655 1609 sedem,
2687 1544 2928 1613 annique
2974 1544 3255 1599 cardinem
3306 1545 3400 1598 ille
3442 1544 3674 1614 deligitur,
3696 1549 3727 1598 in

2234 1648 2344 1702 quo
2395 1637 2689 1704 praecipue,
2721 1645 2774 1689 et
2805 1635 3045 1689 maxima
3093 1635 3360 1704 temporis
3393 1644 3538 1704 parte
3574 1639 3727 1690 retineri

553 1727 638 1773 est
673 1719 889 1788 vulgata
923 1719 1012 1772 illa
1047 1719 1208 1773 lectio
1247 1719 1366 1771 κατ’
1405 1718 1594 1786 αὐτήν,
1630 1725 1684 1770 et
1724 1717 1844 1768 κατ’
1877 1716 2009 1768 αὑτό
2043 1731 2120 1770 νεα

2231 1725 2473 1800 creditur
2507 1744 2521 1779 :
2558 1741 2665 1780 non
2698 1728 2743 1780 is
2791 1727 2844 1780 in
2875 1742 3036 1796 quem
3068 1727 3337 1795 evagandi
3377 1726 3580 1781 licentia
3608 1730 3732 1792 paula.

557 1811 926 1866 scribendum.
970 1809 1126 1864 Hunc
1160 1809 1401 1862 Anatolii
1440 1807 1622 1862 locum
1671 1807 2007 1862 novissimus
2038 1807 2123 1860 in—

558 1914 766 1972 terpres
802 1904 948 1972 (nam
985 1902 1052 1956 de
1105 1901 1305 1955 Ruﬁno
1335 1901 1685 1969 postmodum
1730 1900 1978 1968 agemus)
2010 1913 2126 1952 tna-

556 2010 790 2066 gtwpere
828 1994 1163 2063 depravavit.
1207 1990 1300 2046 Sic
1347 1994 1492 2045 enim
1552 1992 1744 2044 vertit:
1790 1990 2126 2058 Quapropter

459 2071 484 2140 ξ.
548 2087 640 2150 qui
667 2085 984 2155 principium
1011 2084 1170 2152 primi
1203 2084 1395 2137 mensis
1425 2084 1481 2135 in
1510 2081 1603 2135 illo
1634 2098 1759 2136 xxvr
1785 2083 1868 2134 die
1895 2082 2123 2135 Phame-

550 2179 674 2229 noth
714 2193 823 2230 esse
870 2184 1081 2246 putant,
1136 2176 1203 2227 ad
1239 2190 1327 2243 xw
1369 2175 1506 2227 diem
1556 2176 1796 2242 proxime
1836 2174 2124 2227 secundum

551 2268 726 2332 illum,
775 2268 966 2335 festum
1003 2265 1287 2319 Paschalis
1333 2266 1703 2318 celebrandum
1741 2275 2006 2330 statuunt,
2037 2281 2124 2320 eos

553 2361 875 2412 vehementer
915 2373 1095 2412 errare
1137 2358 1384 2411 dicimus.
1419 2355 1637 2410 Putavit
1683 2355 1829 2426 αὐτῷ
1875 2357 1941 2409 ad
1995 2371 2125 2410 χχιιι

553 2452 694 2505 diem
723 2452 1012 2520 pertinere,
1035 2465 1157 2503 cum
1181 2449 1248 2502 de
1276 2456 1551 2516 postremo
1571 2447 1816 2516 signiferi
1841 2457 2124 2518 segmento

554 2544 626 2598 sit
647 2542 1046 2610 accipiendum.
1068 2541 1432 2606 Quamobrem
1459 2556 1525 2594 ex
1548 2541 1837 2608 disputatis
1861 2541 2124 2594 hactenus

551 2646 795 2706 apparet,
841 2636 1076 2704 primum
1121 2641 1362 2688 mensem
1394 2632 1711 2702 TrOpicutn,
1748 2635 1862 2687 sive
1899 2633 2122 2704 Κριῶνα

552 2728 642 2782 hic
669 2728 738 2780 ab
777 2726 1034 2778 Anatolio
1072 2725 1319 2795 intelligi.
1359 2723 1545 2794 Neque
1579 2725 1725 2778 enim
1760 2725 1970 2778 lunaris
2003 2739 2125 2779 esse

482 2883 491 2892 υ
551 2829 749 2890 potest,
787 2834 910 2872 cum
945 2819 998 2871 in
1038 2817 1410 2871 Alexandrino
1441 2817 1592 2890 cyclo
1641 2814 1926 2869 neomenia
1964 2813 2125 2883 primi

549 2912 757 2966 mensis
797 2909 948 2981 cyclo
981 2910 1158 2978 primo
1193 2918 1266 2963 sit
1298 2907 1478 2961 Martii
1512 2923 1650 2961 χχιιι
1673 2925 1690 2959 νε
1729 2921 1853 2960 ιιιιιιι
1894 2906 2126 2959 Alexan-

549 3004 694 3058 dritti
725 3004 861 3074 cycli
888 3016 1065 3056 annus
1096 3001 1308 3070 primus
1337 3000 1648 3069 paschalem
1682 2997 2027 3051 neomeniam
2057 2997 2124 3050 ab

2228 1817 2324 1869 tim
2361 1817 2688 1883 effunditur;
2725 1833 2824 1872 nec
2867 1818 2920 1870 in
2954 1833 3020 1872 eo
3067 1827 3243 1871 tamen
3293 1817 3500 1871 diutius
3529 1821 3728 1876 euasisti,

2227 1924 2416 1963 verum
2470 1908 2887 1963 intercalatione
2914 1909 3148 1962 subinde
3180 1908 3328 1963 velut
3369 1909 3589 1978 quodam
3626 1909 3730 1960 {ri-na

2227 2007 2514 2053 revocatur
2556 2016 2570 2052 :
2624 1998 2933 2067 cujusmodi
2983 2012 3050 2051 ex
3097 1999 3335 2050 Anatolii
3390 1999 3621 2066 opinione
3655 2015 3728 2050 uit

2227 2091 2406 2145 Martii
2435 2091 2712 2146 exstitisse
2755 2089 2899 2144 Beda
2935 2099 3141 2143 narrat.
3166 2085 3326 2155 Quod
3355 2104 3513 2143 secus
3531 2105 3583 2144 se
3602 2090 3728 2142 Italia.

2227 2183 2441 2252 Alioqui
2489 2183 2534 2236 si
2584 2183 2905 2252 plerumque
2957 2183 3010 2235 in
3061 2198 3154 2236 χχι
3193 2181 3374 2234 Martii
3419 2182 3727 2250 aequinoctium

2226 2277 2623 2341 contineretur,
2658 2290 2726 2330 ac
2763 2275 2982 2328 nonnisi
3029 2273 3301 2349 secundo,
3349 2275 3432 2327 vel
3475 2275 3614 2327 tertio
3651 2287 3731 2342 post

2227 2369 2523 2422 bissextum
2542 2381 2684 2420 anno
2710 2367 2777 2420 ad
2796 2382 2907 2420 χχιι
2934 2367 3214 2420 accederet
3237 2383 3252 2419 :
3282 2366 3397 2419 imo
3422 2381 3542 2419 vero
3561 2382 3618 2420 ne
3635 2377 3731 2419 utro-

2225 2475 2332 2530 que
2361 2460 2454 2513 illo
2485 2475 2629 2513 anno
2655 2459 2876 2527 quidem
2903 2459 3082 2513 civilis
3109 2457 3214 2511 diei
3249 2469 3432 2512 metas
3465 2458 3728 2525 attingeret:

2227 2553 2330 2605 hoc
2360 2559 2442 2604 est
2465 2566 2571 2604 non
2605 2551 2744 2604 ultra
2779 2551 3009 2604 mediam
3041 2559 3254 2603 noctem
3289 2565 3341 2603 a.
3367 2550 3423 2603 d.
3449 2565 3498 2602 xi
3522 2547 3621 2601 Kal.
3641 2549 3729 2616 Apr.

2227 2658 2503 2711 nunquam
2539 2643 2826 2696 Anatolius
2843 2656 2956 2695 χχιι
2982 2641 3167 2710 potius
3221 2655 3386 2709 quam
3416 2654 3505 2692 xxt
3532 2640 3638 2690 anni
3656 2654 3731 2690 car-

2225 2735 2428 2797 dinem,
2461 2749 2524 2788 ac
2554 2734 2864 2803 paschalem
2896 2733 3188 2786 terminum
3212 2731 3557 2801 assignasset.
3584 2727 3728 2794 Quent-

2225 2825 2517 2879 admodum
2587 2825 2690 2878 hoc
2739 2833 2989 2893 tempore
3037 2832 3159 2892 post
3192 2822 3573 2892 Gregorianam
3597 2834 3730 2872 recen-

2226 2919 2460 2982 sionem,
2504 2917 2634 2971 licet
2675 2916 3061 2986 aequinoctium
3112 2914 3252 2967 κατὰ
3304 2913 3657 2984 μετέμπτωςιν
3696 2910 3728 2962 in

2227 3007 2479 3077 aequabili
2515 3023 2657 3061 anno
2698 3008 2763 3058 ad
2799 3007 3030 3059 mediam
3089 3004 3201 3059 fere
3243 3014 3481 3067 noctem,
3516 3019 3620 3071 qua
3650 3017 3726 3054 nit

552 3099 654 3152 hnc
679 3097 765 3150 die
793 3095 1001 3163 ίιιοὶνίι,
1033 3092 1353 3149 Ῐλθῑίηοτιηη
1384 3107 1512 3145 vero
1538 3099 1662 3165 i’“St
1693 3089 2122 3143 Αιθκθηάνίυυηι
2150 3067 2192 3124 C
2227 3067 2535 3162 antecedit,
2584 3097 2894 3168 perveniat;
2934 3096 3288 3150 nihilominus
3331 3098 3389 3149 in
3429 3067 3726 3148 xxttdeﬁrum

553 3195 824 3257 receptum
854 3189 1060 3259 primus
1088 3182 1557 3255 cyclusiniitApr.
1582 3197 1654 3245 tv,
1679 3182 1773 3250 qui
1792 3191 1876 3234 est
1897 3181 2124 3233 Alexan-

548 3280 742 3334 drinus
784 3278 972 3348 cyclus
1005 3276 1249 3340 ultimus,
1285 3283 1343 3328 ut
1385 3273 1536 3338 alibi,
1579 3272 1689 3327 Deo
1724 3273 1905 3334 dante,
1946 3271 2122 3325 fusius

548 3370 882 3424 docebimus.
912 3369 1046 3422 Cum
1083 3367 1251 3436 igitur
1288 3366 1577 3420 neomenia
1607 3364 1769 3434 primi
1807 3364 2014 3417 mensis
2042 3363 2123 3415 lu-

548 3463 698 3515 naris
739 3475 801 3514 ca
844 3460 947 3525 sit,
990 3474 1111 3528 quae
1150 3467 1272 3528 post
1314 3456 1706 3525 aequinoctium
1746 3455 1993 3524 proxime
2035 3469 2121 3506 se-

548 3554 755 3624 quitur,
795 3559 1020 3621 apparet
1054 3565 1154 3605 cur
1188 3548 1568 3612 Alexandrini,
1605 3555 1659 3600 et
1691 3562 1786 3600 eos
1823 3545 1992 3600 secuti
2024 3543 2122 3597 Ni-

549 3647 685 3701 caaui
719 3644 905 3697 Patres
945 3643 1157 3716 cyclum
1187 3657 1200 3694 ι
1229 3641 1409 3694 Martii
1447 3655 1582 3692 χχιιι
1615 3639 1905 3693 statuerint
1934 3656 1946 3690 :
1975 3637 2119 3706 quod

549 3739 800 3794 videlicet
850 3738 1124 3800 Anatolii.
1174 3746 1610 3805 caeterorumque
1657 3734 1931 3803 paschalis
1979 3734 2116 3804 cycli

547 3831 888 3886 conditarum
920 3829 1000 3882 vel
1028 3839 1293 3898 tempore,
1322 3828 1405 3880 vel
1440 3826 1660 3880 decreto
1689 3826 2006 3895 aequinoctii
2042 3840 2123 3879 se-

546 3922 641 3978 des
671 3931 817 3976 esset
854 3920 1030 3975 Martii
1079 3935 1218 3976 xxit.
1257 3918 1411 3974 Unde
1461 3919 1590 3973 licet
1625 3918 2012 3988 teqttiuoctium
2063 3916 2117 3970 iu

545 4029 642 4068 χχι
668 4023 850 4083 postea
880 4011 1176 4074 transierit,
1201 4027 1300 4065 nec
1321 4011 1504 4065 citima
1529 4011 1817 4065 neomenia
1842 4026 1952 4064 χχιι
1976 4008 2120 4063 Mar-

546 4105 606 4160 tii
645 4105 958 4174 contigerit,
1015 4104 1372 4158 nihilominus
1402 4103 1614 4173 cyclum
1666 4103 1900 4172 primum
1952 4101 2118 4156 veteri

543 4197 775 4253 statione
803 4211 910 4250 non
935 4196 1302 4250 dimoveruut.
1331 4195 1514 4261 Quare
1546 4195 1836 4250 neomenia
1855 4193 2114 4260 Krionos,

541 4292 657 4346 sive
710 4289 916 4344 mensis
968 4288 1132 4358 primi
1184 4287 1385 4342 solaris
1437 4294 1524 4340 est
1577 4287 1800 4340 citimus
1851 4285 2118 4339 terminus

542 4382 839 4452 paschalis,
881 4381 996 4436 sive
1028 4397 1138 4444 xtv,
1175 4396 1296 4450 qum
1333 4395 1400 4433 ex
1429 4378 1665 4432 Anatolii
1700 4378 1837 4433 scito
1862 4377 2118 4431 convenit

543 4474 695 4545 cyclo
743 4488 824 4526 v:
881 4487 1005 4525 nam
1050 4472 1235 4542 cyclus
1283 4470 1816 4532 decemnoveuualis,
1864 4469 1978 4522 sive
2023 4483 2119 4536 pa-

543 4564 766 4628 schalis,
818 4571 1043 4617 auctore
1087 4563 1252 4625 Beda,
1294 4564 1362 4616 ad
1409 4562 1691 4624 terminos,
1718 4561 1833 4615 sive
1874 4559 2116 4614 decimas

542 4665 769 4726 quartas
813 4657 1036 4710 lunares
1081 4655 1488 4726 investigandas
1544 4653 1991 4708 accommodatus
2033 4658 2118 4706 est

543 4748 618 4801 uti
645 4747 830 4818 cyclus
859 4746 1071 4799 lunaris
1103 4745 1167 4798 ad
1197 4747 1500 4800 novilunia.
1529 4745 1760 4814 Ideoque
1789 4744 1984 4798 merito
2007 4742 2117 4812 pri-

541 4854 666 4895 mus
694 4839 968 4908 paSchalis
1007 4839 1210 4892 mensis
1257 4853 1285 4892 a
1331 4839 1504 4910 prima
1545 4852 1634 4889 xw
1673 4836 1871 4904 coepit,
1909 4835 2008 4888 hoc
2033 4841 2117 4887 est

540 4933 610 4987 ab
653 4931 965 5000 aequinoctii
1010 4930 1098 4984 die
1116 4930 1302 5006 ;_quod
1344 4929 1632 4983 Anatolius
1679 4927 1730 4980 in
1781 4925 1959 4979 Martii
1999 4939 2113 4978 xxtt

541 5022 922 5077 constituerat.
954 5017 1192 5090 Indeque
1233 5028 1452 5074 constat
1489 5034 1600 5072 non
1646 5019 1699 5071 in
1731 5017 1985 5071 omnibus
2019 5031 2116 5087 pa-

539 5111 742 5166 schalis
783 5111 990 5166 mensis
1025 5110 1222 5164 diebus
1253 5109 1460 5166 Pascha
1490 5109 1754 5164 celebrari
1792 5123 1990 5177 posse;
2019 5108 2112 5164 sed

537 5205 882 5260 neomeniam
913 5203 1033 5270 ejus
1076 5205 1277 5273 excipi,
1311 5220 1431 5272 qua:
1457 5211 1560 5266 est,
1597 5202 1678 5255 uti
1720 5201 1856 5262 dixi,
1887 5216 1977 5253 xiv
2023 5215 2114 5270 cy-

536 5295 604 5350 cli
637 5311 686 5350 v.
711 5293 868 5361 Quod
901 5295 1077 5364 ipsum
1107 5303 1160 5348 et
1184 5295 1471 5349 Anatolius
1509 5295 1733 5352 indicat,
1759 5307 1882 5346 cum
1909 5306 2004 5345 eos
2032 5306 2111 5344 re-

535 5386 843 5457 prehendit,
868 5386 962 5455 qui
991 5386 1047 5440 in
1070 5387 1338 5456 superiori
1359 5395 1662 5456 segmento,
1684 5384 1830 5454 quod
1856 5384 2108 5436 ultimum

535 5485 643 5540 est,
673 5477 908 5545 primum
960 5494 1229 5542 mensem,
1270 5488 1324 5534 et
1376 5495 1464 5533 xtv
1520 5477 1765 5532 lunarem
1817 5478 2107 5531 collocant.

535 5565 891 5637 Consequens
923 5570 1068 5624 enim
1099 5579 1179 5624 est
1212 5571 1454 5625 decimas
1481 5579 1708 5639 quartas
1741 5569 1962 5623 lunares
1992 5583 2110 5622 om-

538 5673 636 5717 nes
658 5659 796 5715 intra
820 5663 980 5730 primi
1010 5665 1216 5719 mensis
1239 5664 1500 5734 epocham
1524 5662 1785 5716 coerceri.
1807 5661 1960 5727 Quod
1983 5677 2107 5718 cum

2145 4414 2193 4472 D

2225 3199 2342 3255 est;
2371 3190 2514 3259 quod
2551 3205 2674 3242 eum
2716 3188 2862 3243 diem
2901 3196 3015 3241 toto
3057 3186 3167 3240 fere
3189 3185 3413 3239 Juliano
3439 3185 3728 3255 quadriennio

2224 3281 2512 3348 percurrit.
2558 3277 2671 3333 Non
2711 3289 2807 3334 est
2833 3279 2998 3346 igitur
3034 3278 3396 3331 dubitandum
3423 3316 3438 3336 .
3478 3275 3595 3345 quin
3628 3276 3729 3326 Atta-

2225 3372 2392 3425 tolius
2433 3388 2485 3424 xt
2528 3371 2648 3424 Kal.
2685 3371 2818 3440 Apr.
2843 3370 3228 3440 aequinoctium
3261 3369 3428 3423 civile
3452 3365 3724 3422 statueritad

2223 3477 2348 3516 eum
2381 3464 2627 3525 modum,
2686 3477 2796 3531 quo
2839 3471 2964 3532 post
2994 3448 3273 3514 Nicaeuum
3312 3460 3590 3514 concilium
3615 3459 3655 3510 in
3677 3472 3724 3508 xu

2226 3554 2454 3610 Kalend.
2505 3555 2830 3608 translatum
2868 3563 2952 3608 est
2996 3573 3009 3606 :
3053 3554 3187 3608 adeo
3218 3562 3277 3606 ut
3317 3553 3460 3606 nulla
3509 3567 3588 3605 χιι
3621 3552 3724 3612 iniu,

2223 3663 2345 3716 qua:
2383 3656 2506 3700 ante
2547 3663 2598 3699 χι
2636 3645 2756 3700 Kal.
2798 3647 3088 3708 accideret,
3139 3645 3421 3714 paschalis
3481 3644 3721 3696 haberetur.

2223 3741 2279 3794 id
2312 3740 2456 3794 enim
2485 3739 2722 3792 Anatolii
2755 3739 2920 3793 verba
2945 3738 3305 3792 disertissime
3345 3748 3610 3792 testantur.

2294 3830 2437 3885 Sane
2475 3831 2520 3885 si
2554 3831 2787 3884 mediam
2817 3830 2946 3883 anni
2987 3829 3183 3899 tropici
3216 3829 3449 3883 formam
3487 3828 3721 3897 sequimur.

2221 3924 2530 3994 cujusmodi
2569 3934 2650 3978 est
2709 3923 3071 3993 Alphonsina,
3111 3938 3232 3991 qua:
3268 3922 3480 3977 cmteris
3507 3919 3725 3987 anteponi-

2223 4023 2331 4076 tur,
2373 4013 2610 4065 Anatolii
2655 4023 2895 4081 tempore
2928 4011 3318 4082 aequinoctium
3365 4011 3626 4078 utriusque
3651 4007 3721 4057 diei

2221 4114 2426 4175 partem
2460 4119 2524 4157 ex
2561 4119 2718 4172 (equo
2753 4104 2858 4157 sibi
2900 4104 3230 4158 vindicabat.
3265 4102 3417 4156 Vixit
3441 4106 3570 4156 enim
3595 4101 3720 4155 medio

2221 4193 2335 4249 fere
2389 4194 2546 4246 tertio
2602 4201 2724 4262 post
2775 4202 2953 4246 ortum
3004 4192 3207 4246 Christi
3258 4194 3479 4248 sa'culo.
3537 4191 3720 4257 Cumque

2221 4300 2365 4338 anno
2406 4283 2609 4338 Christi
2649 4281 2756 4336 200
2795 4283 3184 4353 atquinoctium
3227 4299 3452 4338 vernum
3501 4280 3719 4350 contigerit

2222 4374 2394 4428 Martii
2419 4389 2531 4438 χχι,
2563 4375 2712 4428 horis
2734 4373 2998 4440 7,!6',15"
3018 4384 3138 4443 post
3166 4375 3467 4438 meridiem,
3487 4388 3610 4426 anno
3630 4386 3719 4424 vero

2221 4466 2325 4520 500
2356 4464 2532 4519 Martii
2567 4481 2656 4529 xx,
2699 4464 2851 4519 horis
2891 4467 2978 4528 l3,
3009 4465 3219 4530 22255"
3250 4485 3264 4520 :
3301 4467 3350 4521 si
3385 4479 3635 4521 excessum
3659 4464 3720 4517 Al-

2219 4557 2551 4626 phonsinum
2592 4572 2659 4611 ex
2698 4572 2863 4631 teque
2897 4557 3177 4626 partiaris,
3220 4558 3463 4613 invenies
3490 4573 3518 4611 a
3552 4555 3718 4610 meridie

2219 4648 2389 4702 ferme
2435 4664 2526 4701 xxi
2573 4647 2750 4701 Martii
2788 4648 2855 4701 ad
2905 4648 3188 4702 meridiem
3240 4664 3354 4702 xxii
3400 4646 3716 4718 aequinoctium

2219 4742 2360 4794 ultro
2399 4740 2642 4809 citroque
2676 4755 3031 4795 commeasse.
3064 4739 3169 4795 Sed
3210 4741 3491 4795 Anatolius
3532 4740 3715 4809 aequino-

2217 4834 2382 4887 ctium
2423 4832 2576 4895 illud,
2618 4833 2760 4900 qttod
2801 4847 2831 4885 a
2871 4833 3178 4899 majoribus
3229 4841 3525 4902 acceperat,
3561 4832 3604 4883 in
3639 4841 3714 4881 uti

2217 4925 2458 4986 retinuit,
2493 4939 2616 4978 cum
2649 4923 2972 4978 Ptolemaeus
3014 4933 3127 4977 tuto
3166 4933 3291 4977 ante
3326 4925 3516 4978 sacqu
3544 4933 3712 4974 vernum

2215 5015 2605 5083 aequinoctium
2654 5030 2766 5068 xxii
2818 5012 2996 5068 Martii
3043 5015 3098 5068 in
3148 5014 3377 5069 meridie
3418 5015 3712 5068 observassrt.

2215 5121 2358 5159 anno
2406 5104 2610 5160 Christi
2639 5106 2762 5172 140,
2806 5106 3114 5163 bissextili,
3157 5117 3212 5161 ut
3249 5106 3352 5161 hac
3387 5107 3576 5159 ratione
3614 5104 3712 5154 inter

2213 5200 2492 5253 meridiem
2524 5213 2635 5252 χχιι
2686 5209 2740 5252 et
2766 5213 2904 5251 χχιιι
2936 5198 3376 5267 progrederetur.
3404 5198 3543 5262 Quod
3569 5195 3604 5246 si
3630 5191 3712 5244 Pto-

2214 5289 2430 5342 lemaici
2484 5296 2539 5342 et
2568 5287 2896 5357 llipparchci
2927 5289 3056 5341 anni
3089 5287 3345 5354 formam,
3381 5304 3496 5358 qua
3529 5284 3615 5339 300
3641 5298 3709 5335 an-

2213 5379 2300 5433 nis
2337 5380 2480 5433 diem
2526 5395 2695 5432 nnmn
2737 5379 2979 5448 perimit,
3015 5378 3303 5432 Anatolius
3353 5379 3606 5448 amplexus
3639 5371 3705 5428 sit;

2211 5489 2334 5528 curn
2368 5472 2674 5543 προήγησις
2706 5472 2830 5540 plus
2857 5471 3038 5524 minus
3067 5485 3334 5524 annorum
3375 5477 3570 5524 centum
3593 5465 3705 5516 horas

2212 5580 2309 5618 χιιι
2364 5565 2621 5635 postulet,
2678 5563 2926 5617 invenies
2968 5562 3201 5615 Anatolii
3243 5577 3356 5615 :evo
3389 5556 3701 5630 aequinoctium

2213 5661 2264 5713 in
2307 5673 2452 5713 anno
2471 5657 2738 5712 bissextili
2767 5657 3063 5728 contigisse
3091 5665 3216 5711 octo
3247 5655 3456 5710 circiter
3479 5649 3702 5704 horismc
