3874 6330
95 295 210 350 99ἳ

1084 293 1172 350 DE
1211 295 1398 351 ANNO
1434 295 1522 352 ET
1563 293 1676 349 DIE
1717 293 2069 353 DOMINICE
2107 299 2480 356 PASSIONIS.

3291 303 3396 362 998

97 415 400 470 meridiem
429 415 536 470 diei
563 431 701 482 xm,
731 413 1070 486 proindeque
1103 416 1408 473 bellissime
1443 419 1596 474 hunc
1625 417 1708 487 ip-
1739 417 1784 473 A
1813 416 2004 472 Latina
2045 419 2231 476 Ruﬁni
2281 423 2532 478 versione
2587 421 2852 478 celebrari
2883 431 3085 494 potest.
3117 423 3394 495 Scriptum

97 524 224 562 sum
251 508 407 562 dicat
443 509 660 562 civilem
677 508 1010 577 :rquinoctio
1037 510 1435 577 praestitutum.
1464 509 1706 564 Tametsi

101 599 220 652 ﬁeri
255 609 468 668 potest,
507 607 565 652 ut
596 600 861 669 tropicam
895 598 1043 652 illam
1075 599 1463 671 προέμπτωσιν
1491 602 1706 671 penitus

98 689 576 753 dissimulaverit,
616 700 673 742 ttt
711 697 834 758 post
858 685 1138 742 Nicaennm
1174 691 1468 746 concilium
1499 691 1710 760 aliquot

101 782 330 836 sarculis
383 783 694 854 ignoratam
733 795 860 834 esse
906 788 1159 842 constat:
1196 789 1250 835 et
1301 782 1369 836 ab
1413 782 1530 850 ipso
1568 782 1706 838 Beda

103 874 394 944 praecipue
423 891 436 928 :
472 874 566 944 qui
589 882 882 942 propterea
917 873 1105 928 mul:is
1135 873 1314 928 modis
1339 874 1708 930 ltallucinatus

101 976 208 1027 est,
243 979 382 1016 nam
425 978 491 1018 ex
533 963 724 1017 eadem
764 962 1054 1034 hypnthesi
1099 962 1258 1018 Beda:
1297 966 1498 1018 saeculo
1536 965 1703 1035 aequi-

105 1057 359 1110 noctium
405 1054 623 1126 longius
655 1070 684 1108 a
711 1070 822 1108 xxtt
857 1064 1178 1120 recesserat,
1222 1063 1276 1108 et
1308 1056 1374 1110 ad
1413 1071 1548 1109 xvtn
1587 1071 1708 1125 per-

101 1151 362 1198 venerat.
393 1143 458 1196 Et
487 1153 668 1197 tamen
701 1144 766 1197 ad
826 1143 1234 1214 horologiorum
1263 1159 1711 1214 gnomonumque

104 1235 270 1289 ﬁdem
305 1243 604 1304 provocat;
641 1243 700 1288 ut
739 1233 1132 1304 aequinoctium
1159 1233 1396 1290 Nicaenis
1428 1235 1561 1306 ipsis
1586 1251 1711 1291 car-

104 1327 338 1382 dinibus
379 1327 654 1386 ascribat...

115 1440 362 1512 Insignis
409 1459 592 1512 error,
655 1442 761 1495 into
804 1441 1016 1495 ltrct'esis
1055 1439 1331 1495 Scotorum
1381 1442 1609 1496 maxime
1647 1457 1711 1496 ea:

183 1511 338 1582 falsa
391 1511 574 1581 Ruﬁni
639 1513 1068 1581 interpretatione
1115 1523 1240 1566 nata
1295 1512 1622 1576 declaratur,
1659 1521 1710 1566 et

181 1583 478 1636 Anatolius
510 1601 542 1636 ιι
576 1583 843 1636 calumnia
869 1583 1144 1635 liberatur.

185 1697 399 1754 Verum
419 1711 478 1754 ut
500 1708 606 1754 tam
633 1697 885 1754 absurdae
911 1695 1378 1768 interpretationis
1399 1696 1714 1766 errorisque

1809 516 1894 562 est
1919 509 2062 562 enim
2080 551 2096 575 ,
2161 509 2408 563 aberrare
2425 509 2757 564 vehementer
2785 528 2891 577 eos,
2915 514 3004 582 qui
3028 523 3147 567 ante
3173 515 3270 568 hoc
3291 515 3398 570 ini-

1811 599 1940 652 tium
1990 601 2151 667 primi
2197 603 2388 654 mensis
2445 599 2653 654 Pascha
2711 601 2998 656 celebrant.
3044 602 3226 669 Quare
3273 607 3392 677 ipso

1810 689 2016 742 mensis
2051 689 2207 742 initio
2238 689 2397 756 licet;
2440 690 2544 744 hoc
2577 701 2759 744 autem
2799 699 2884 745 est
2919 707 3010 745 xw
3043 692 3170 746 luna
3203 709 3272 748 ex
3300 709 3395 750 su-

1809 779 2012 849 periori
2063 779 2400 844 deﬁnitione,
2461 797 2624 850 quam
2673 778 2951 835 Nicmnum
2985 784 3300 849 concilium,
3341 795 3397 840 et

1810 871 2074 926 catholica
2113 873 2295 928 omnis
2327 872 2570 928 Ecclesia
2611 873 2809 928 scivit:
2843 873 2980 928 tanti
3013 874 3272 929 nimirum
3307 887 3395 932 est

1811 975 1934 1014 cum
1978 961 2188 1016 caneris
2223 962 2276 1015 in
2311 962 2470 1016 rebus
2503 973 2558 1017 et
2597 962 2810 1028 ciliciis,
2862 973 2978 1018 tum
3011 964 3064 1017 in
3103 965 3394 1034 scriptori-

1810 1051 1916 1106 bus
1954 1052 2377 1122 interpretandis
2412 1062 2670 1123 praestare
2710 1054 2910 1119 tidem;
2953 1053 3101 1124 quod
3138 1071 3283 1125 sirpe
3311 1056 3398 1110 itt-

1813 1151 2024 1212 terpres
2060 1145 2162 1199 iste
2196 1145 2455 1214 neglexit.
2487 1144 2728 1200 Proinde
2763 1145 2846 1199 vel
2875 1161 2940 1200 eo
2969 1145 3190 1200 nomine
3214 1147 3393 1216 pessi-

1812 1248 1900 1287 me
1954 1234 2022 1288 de
2078 1235 2355 1300 Anatolio,
2404 1235 2580 1305 deque
2618 1235 2891 1290 catholico
2929 1237 3204 1306 dogmate,
3233 1245 3398 1308 atque

1813 1325 1962 1378 omni
1992 1327 2310 1395 posteritate
2335 1327 2569 1393 meruit;
2609 1327 2736 1381 dum
2765 1328 3175 1382 sanctissimum
3205 1330 3394 1383 erudi-

1812 1415 2199 1488 tissimumque
2221 1418 2435 1473 Patrem
2459 1419 2842 1474 absurdissimi
2869 1421 3137 1475 fautorem
3167 1421 3397 1490 dogma-

1813 1505 1906 1573 tis,
1957 1516 2122 1579 atqtte
2178 1509 2452 1565 lnereseos
2481 1519 2760 1565 auctorem
2801 1512 3102 1565 constituit.
3132 1511 3287 1578 Quod
3327 1525 3398 1567 no

1815 1596 1938 1666 quis
1973 1613 2004 1652 a
2037 1613 2125 1652 me
2159 1597 2482 1654 iracundius
2509 1615 2671 1669 quam
2703 1601 2885 1654 verius
2925 1599 3181 1656 aﬂirmari
3217 1609 3392 1671 putet,

1817 1690 2068 1744 consulat
2110 1706 2232 1762 qua:
2273 1692 2337 1746 de
2384 1689 2674 1746 Scotorum
2733 1700 2787 1746 et
2831 1693 3395 1765 τεσσαρεσδεκατιτῶν

107 1791 327 1846 fontem
385 1793 734 1860 aperiamus,
781 1790 923 1846 scito
965 1805 1070 1844 non
1115 1797 1222 1842 tam
1262 1803 1382 1842 eam
1419 1785 1576 1843 Bedae
1615 1761 1714 1842 lio-
1744 1761 1788 1816 Β
1817 1761 2266 1838 altercationibus
2320 1799 2350 1838 a
2397 1783 2540 1838 Beda
2581 1785 2636 1837 in
2677 1784 2878 1838 Eccles.
2915 1761 3040 1839 hist.
3077 1797 3392 1842 narrantur.

109 1885 284 1940 minis
315 1882 705 1944 eruditissimi,
736 1889 789 1935 et
821 1881 873 1934 in
917 1869 983 1933 eo
1025 1893 1224 1949 genere
1273 1879 1713 1936 exercitatissimi

110 1979 342 2048 culpam
377 1991 521 2038 e55e,
550 1975 642 2044 qni
666 1972 902 2027 Anatolii
929 1971 1116 2026 Graeca
1145 1985 1254 2024 non
1283 1971 1516 2035 viderat,
1543 1987 1708 2041 quam

111 2069 306 2122 Rufini
363 2067 664 2136 scriptoris,
753 2073 812 2118 ttt
864 2078 1056 2117 omnes
1106 2071 1330 2125 norunt,
1361 2062 1711 2132 ineptissimi,

109 2163 209 2232 qui
257 2163 312 2214 in
360 2159 674 2212 mutilandis
703 2155 1176 2226 depravandisque
1205 2163 1452 2209 veterum
1493 2154 1714 2224 scriptis

111 2255 306 2323 potius
341 2267 506 2322 quam
567 2247 990 2318 interpretandis
1025 2247 1226 2318 stylum
1251 2261 1410 2300 suum
1447 2247 1711 2300 exercuit.

115 2346 218 2399 llic
245 2346 396 2398 enim
424 2359 488 2397 ex
525 2339 765 2395 Anatolii
799 2337 984 2394 verbis
1021 2339 1285 2392 nonnulla
1317 2338 1559 2403 sustulit,
1593 2353 1716 2407 qua:

115 2449 234 2492 tam
265 2434 429 2489 Beda:
463 2449 626 2504 quam
659 2433 784 2486 aliis
815 2429 1144 2500 quibusdam
1176 2429 1479 2498 turpissimi
1512 2428 1715 2482 erroris

112 2529 474 2584 occasionem
503 2525 790 2579 dederunt.
824 2523 960 2577 Cum
994 2519 1442 2575 enintAnatolius
1474 2519 1716 2588 scripse-

117 2625 188 2677 rit
221 2643 234 2676 :
265 2621 363 2674 Διδ
401 2619 494 2673 καὶ
533 2619 660 2680 τοὺς
704 2618 762 2670 ἐν
800 2614 948 2686 αὐτῷ
995 2613 1311 2682 τιθεμένους
1363 2611 1455 2664 τὸν
1502 2610 1716 2680 πρῶτον

117 2718 294 2787 μῆνα,
335 2715 430 2766 καὶ
461 2712 558 2782 τὴν
597 2707 1199 2787 τεσσαρεσκαιδξκάτην
1240 2703 1334 2757 τοῦ
1370 2703 1562 2773 Πάσχα
1596 2702 1714 2755 κατ’

115 2806 294 2876 αὑτὴν
321 2802 702 2872 λαμϐάνοντας
731 2801 790 2853 οὐ
829 2783 1061 2870 μικρῶξ,
1090 2796 1197 2848 οὐδ’
1220 2795 1294 2858 ὼς
1317 2793 1505 2863 ἔτυχεν
1538 2793 1717 2862 ἁμαρ-

115 2899 306 2951 τάνειν
335 2893 535 2966 φαμέν.
567 2891 678 2947 Hoc
707 2902 788 2948 est
817 2911 828 2945 :
857 2891 988 2945 Cant
1016 2899 1313 2959 postremus
1343 2886 1561 2946 mensis,
1588 2883 1718 2938 ulti-

121 3006 376 3058 mumque
411 2987 618 3040 zodiaci
673 2995 993 3055 segmentum
1045 2983 1284 3051 proxime
1332 2982 1528 3050 τμῆμα.
1575 2977 1717 3030 istud

1819 1873 1896 1927 Ex
1927 1873 2125 1942 quibus
2169 1873 2452 1946 intelliget,
2485 1876 2579 1945 qui
2607 1876 2734 1932 huic
2779 1877 2949 1932 errori
2987 1879 3395 1948 patrocinaren-

1818 1963 1926 2028 tur,
1979 1963 2142 2019 unius
2189 1965 2535 2035 potissimum
2594 1967 2920 2021 auctoritate
2953 1966 3120 2022 fretos
3159 1967 3396 2024 Anatolii

1817 2051 2130 2110 Christiano
2162 2054 2399 2124 dogmati
2431 2055 2718 2110 restitisse.
2745 2054 2918 2122 Quam
2951 2057 3170 2127 quidem
3202 2071 3396 2114 aucto-

1819 2145 2035 2199 ritatem
2061 2161 2167 2199 non
2195 2161 2262 2200 ex
2295 2147 2431 2216 ipsis
2458 2148 2699 2201 Anatolii
2731 2148 2993 2214 fontibus,
3029 2149 3122 2204 sed
3147 2167 3214 2204 ex
3242 2151 3395 2206 lacu-

1817 2235 1904 2290 nis
1939 2234 2242 2290 Ruliniana:
2299 2237 2763 2306 interpretationis
2797 2239 3112 2296 hauserant.

1890 2319 2192 2374 Luculenta
2217 2335 2351 2372 sane
2373 2319 2440 2374 de
2463 2318 2729 2375 Pascbate
2754 2321 3124 2376 controversia
3152 2319 3242 2372 illa
3273 2316 3398 2382 fuit,

1816 2429 1979 2485 quam
2038 2413 2244 2482 ingenti
2281 2413 2594 2467 animorum
2635 2414 2990 2468 contentione
3024 2413 3186 2466 totits
3216 2411 3396 2478 agita-

1817 2513 1925 2557 tam
1959 2502 2136 2558 fuisse
2162 2504 2302 2572 apud
2339 2505 2540 2574 Anglos
2578 2519 2643 2559 ac
2677 2503 2871 2558 Scotos
2899 2515 3088 2558 auctor
3115 2511 3198 2556 est
3235 2499 3398 2554 Beda.

1815 2596 1920 2651 Sed
1955 2597 2008 2650 in
2037 2595 2346 2666 primislib.
2384 2609 2466 2660 ttt,
2502 2611 2622 2664 cap.
2657 2594 2728 2650 25
2757 2595 3101 2650 nobilissima
3154 2593 3396 2648 Wilfridi

1817 2686 2120 2756 presbyteri
2169 2686 2446 2748 catholici,
2481 2697 2534 2740 et
2573 2687 2824 2741 Colmani
2859 2689 3100 2756 episc0pi
3133 2687 3282 2741 Scoti
3305 2702 3397 2742 co-

1817 2793 1934 2831 ram
1971 2791 2096 2846 rege
2129 2777 2310 2830 habita
2343 2778 2566 2832 collatio
2615 2777 2967 2834 describitur.
3015 2778 3073 2832 ltt
3120 2795 3224 2849 qua
3272 2795 3396 2834 cum

1820 2871 1924 2925 hoc
1958 2871 2135 2925 Scotis
2171 2869 2457 2925 Wilfridus
2496 2871 2777 2941 objiceret,
2819 2872 2964 2940 quod
3009 2880 3198 2926 contra
3225 2870 3398 2926 Nicat-
3441 2913 3460 2930 _.

1821 2977 1950 3014 num
1982 2976 2268 3024 canonem,
2299 2969 2354 3014 et
2390 2959 2649 3015 Romana:
2681 2961 2937 3018 Ecclesiae
2977 2963 3252 3017 decretum
3292 2961 3398 3020 Pa-

123 3053 452 3150 ξςημέρινὸν
491 3053 790 3137 antecedat,
823 3074 1142 3128 vehementer
1171 3069 1489 3122 hatlucinari
1515 3082 1718 3121 necesse
1743 3100 1790 3160 C
1823 3054 1954 3160 5.0113
1994 3068 2025 3106 ³
2059 3053 2188 3106 luna
2224 3068 2315 3156 xlv
2362 3053 2534 3160 illi,“
2571 3053 2912 3160 celebrare!“
2993 3055 3291 3114 Colmanus
3323 3055 3398 3114 ita

119 3185 200 3227 est
234 3189 348 3236 eos,
377 3172 468 3240 qui
493 3169 722 3237 primum
753 3183 998 3230 mensem,
1031 3173 1080 3217 et
1111 3179 1199 3216 xw
1235 3161 1513 3216 Paschalis
1547 3161 1600 3212 in
1625 3157 1714 3210 illa
1745 3139 1790 3160 u

120 3267 311 3333 utique
343 3273 606 3332 postremo
647 3267 910 3328 segmento
954 3255 1239 3310 collocant.
1289 3251 1424 3306 Nam
1467 3265 1566 3321 pro
1597 3251 1714 3302 κατ’

119 3360 328 3428 αὐτὴν,
365 3357 486 3408 κατ’
509 3354 642 3408 αὑτό
682 3351 968 3422 legendum
1010 3363 1153 3410 esse,
1187 3361 1366 3409 nemo,
1407 3353 1466 3398 ut
1502 3343 1714 3413 opinor,

121 3449 412 3516 negaverit
443 3461 606 3500 :cum
643 3446 776 3508 haec,
822 3444 1070 3512 inquam,
1119 3440 1285 3510 hujus
1314 3437 1418 3491 loci
1451 3437 1716 3490 sententia

123 3543 222 3602 sit,
255 3539 490 3592 Rttlinus
545 3537 619 3590 ita
653 3535 816 3590 vertit
845 3553 858 3588 :
896 3533 962 3586 Et
985 3533 1102 3586 ideo
1135 3547 1236 3584 non
1271 3546 1456 3598 parum
1490 3528 1716 3581 dicimus

123 3633 437 3700 cli-linquere
463 3647 573 3693 eos,
599 3629 688 3698 qni
711 3637 832 3681 ante
861 3627 1078 3680 initium
1103 3625 1198 3678 hoc
1221 3624 1337 3676 novi
1359 3621 1486 3675 anni
1509 3619 1719 3673 Pascha

121 3735 322 3796 putant
358 3740 470 3777 esse
519 3721 913 3775 celebrandum.
961 3716 1063 3772 Ubi
1109 3717 1222 3771 haec
1269 3714 1432 3768 verba
1484 3712 1576 3765 καὶ
1619 3709 1718 3780 τὴν

123 3832 460 3888 τεσςαρεσκ.
491 3813 584 3867 τοῦ
621 3813 834 3882 Πάσχα,
873 3827 938 3865 ac
973 3826 1062 3864 xtv
1087 3807 1361 3878 paschalis
1388 3803 1718 3872 mentionem

125 3923 353 3963 omnem
405 3892 842 3975 ﬂagitiosissimo
897 3899 1142 3954 sustulit.
1213 3896 1381 3966 Atqui
1434 3892 1719 3962 expunctis

121 3997 330 4069 paucis
375 3995 486 4049 illis
519 3992 752 4054 vocalis,
802 3990 934 4044 falsa
983 3999 1034 4043 et
1061 3986 1301 4042 absurda
1336 3985 1624 4048 sententia,
1659 3997 1722 4037 ac

129 4107 240 4145 non
265 4089 428 4143 modo
450 4085 690 4140 Anatolii
725 4083 966 4148 decreto,
995 4083 1088 4136 sed
1116 4089 1168 4134 et
1191 4077 1463 4132 catholico
1481 4074 1720 4144 dogmati

127 4182 417 4238 contraria
444 4179 694 4248 sequitur
729 4195 741 4231 :
777 4175 1033 4229 nimirum
1057 4169 1350 4226 Paschalin
1378 4167 1524 4222 civili
1555 4165 1724 4234 tequi-

131 4274 308 4330 noctii
356 4273 468 4333 die,
521 4280 687 4340 atque
721 4268 773 4322 in
809 4268 926 4338 ipso
959 4266 1192 4320 tertnino
1235 4261 1498 4318 celebrari
1540 4273 1716 4330 posse.

131 4369 274 4433 Ouid
318 4375 404 4420 est
437 4365 562 4418 luna
599 4378 687 4416 ειν
719 4359 1029 4432 paschalis?
1062 4355 1136 4410 Ea
1159 4355 1440 4418 nimirum,
1481 4367 1601 4422 qua:
1633 4357 1726 4403 aut

1825 3146 2043 3199 demum
2077 3146 2317 3200 occurrit
2349 3165 2362 3200 :
2401 3139 2655 3216 Nunquid
2681 3146 2958 3204 Anatolius
2985 3147 3064 3200 vir
3088 3157 3324 3212 sanctus,
3348 3156 3398 3206 et

1826 3239 1879 3290 in
1913 3238 2141 3306 pra-fata
2179 3239 2404 3292 historia
2467 3237 2830 3292 ecclesiastica
2879 3238 3105 3292 multum
3149 3237 3398 3292 laudatus

1825 3329 1926 3401 legi
1954 3329 2032 3383 vel
2073 3327 2358 3398 Evangelia
2394 3329 2666 3381 contraria
2693 3329 2891 3397 sapuit,
2921 3329 3010 3400 qui
3065 3345 3098 3380 a
3129 3344 3215 3382 xw
3245 3342 3400 3396 usque

1826 3423 1892 3475 ad
1929 3437 1998 3476 xx
2047 3418 2256 3474 Pascha
2297 3419 2666 3474 celebrandum
2709 3421 2963 3487 scripsit?
3003 3417 3106 3472 Sed
3149 3429 3203 3472 et
3247 3427 3399 3476 antea

1827 3530 1945 3583 cap.
1976 3516 2008 3567 5
2034 3513 2276 3581 ejusdem
2308 3512 2431 3566 libri
2465 3513 2532 3566 (le
2566 3511 2784 3564 Aiduno
2807 3513 3064 3579 episcopo
3095 3510 3164 3564 ab
3195 3509 3399 3564 Oswal-

1826 3606 1896 3660 do
1933 3621 2056 3675 rege
2087 3607 2139 3658 in
2171 3605 2418 3672 Angliam
2453 3620 2482 3657 e
2512 3603 2693 3658 Seotia
2734 3603 2997 3658 arcessito
3028 3603 3294 3666 scribens,
3330 3601 3402 3660 ait

1827 3695 1978 3749 illum
2021 3695 2224 3748 l’ascha
2262 3711 2403 3747 more
2431 3709 2542 3748 suae
2575 3695 2744 3766 gentis
2776 3709 2808 3747 a
2835 3709 2923 3746 xtv
2956 3694 3082 3756 luna
3113 3693 3180 3746 ad
3221 3708 3291 3748 xx
3322 3707 3403 3746 ce-

1828 3787 2076 3850 lebrasse,
2114 3789 2250 3857 quod
2282 3787 2418 3840 idem
2449 3784 2730 3840 Scotorum
2758 3803 2819 3839 ac
2855 3785 3128 3840 Pictorum
3157 3785 3300 3838 natio
3323 3783 3405 3853 [ao

1829 3887 1984 3942 ceret,
2010 3878 2322 3930 existimans
2346 3893 2400 3929 se
2423 3877 2474 3929 itt
2500 3878 2599 3930 hac
2625 3877 2956 3930 observantia
2980 3876 3150 3930 sancti
3170 3891 3230 3930 ac
3252 3875 3407 3929 tau/le

1827 3971 1974 4040 digni
2001 3969 2181 4024 Patris
2231 3967 2473 4022 Anatolii
2524 3968 2726 4037 scripta
2771 3979 3030 4026 secutum.
3071 3965 3252 4031 Vides,
3290 3969 3407 4035 opi-

1830 4077 1954 4124 nor,
1987 4060 2371 4115 schismaticos
2405 4059 2524 4113 illos
2553 4073 2747 4112 omnes
2790 4059 3125 4126 praecipuum
3167 4055 3408 4124 pervica-

1831 4154 1948 4217 cize,
2000 4151 2382 4220 opinionisque
2435 4165 2547 4204 suae
2585 4149 2896 4218 praesidium
2933 4149 2986 4200 itt
3023 4147 3256 4200 Anatolii
3305 4161 3408 4200 au-

1833 4247 2083 4300 ctoritate
2110 4243 2382 4312 posuisse,
2409 4257 2517 4295 non
2545 4241 2634 4294 illa
2660 4239 2903 4310 quidem,
2930 4249 2988 4294 ut
3013 4239 3149 4304 dixi,
3171 4253 3236 4292 ex
3263 4238 3408 4293 illius

1834 4337 2071 4406 scriptis,
2109 4351 2231 4406 qua:
2267 4349 2548 4404 nunquam
2586 4333 2854 4396 viderant,
2899 4333 2991 4386 sed
3030 4347 3096 4386 ex
3137 4329 3409 4385 Ecclesia-

135 4461 190 4514 in
217 4457 546 4528 atquinodii
571 4423 924 4523 diem-ipsum
953 4449 1172 4510 incidit,
1207 4443 1572 4532 autproxime
1603 4451 1718 4512 post

1833 4429 1978 4482 stica:
2013 4428 2272 4490 historice,
2293 4427 2396 4480 hoc
2425 4435 2509 4480 est
2541 4441 2569 4478 a
2598 4423 2794 4478 Ruﬁno
2837 4423 3196 4492 interpolata,
3222 4424 3326 4477 lide
3347 4437 3410 4477 ac

135 4553 340 4622 ipsum.
381 4547 542 4616 Quod
570 4547 714 4600 enim
751 4552 875 4615 post
902 4540 1316 4612 inquitmctium,
1353 4553 1458 4590 non
1511 4539 1562 4588 itt
1607 4535 1726 4602 ipso

134 4644 476 4716 aequinoctio
511 4639 878 4712 petagcndum
924 4649 1044 4690 esse
1088 4633 1297 4688 Pascha
1341 4639 1493 4701 putet
1520 4629 1727 4682 Anato-

136 4738 266 4800 lius,
326 4743 516 4804 apcrte
575 4733 760 4784 cedent
813 4729 864 4782 in
915 4728 1032 4780 loco
1079 4726 1385 4794 proﬁtetur,
1449 4737 1572 4776 cum
1625 4719 1728 4772 hoc

138 4830 344 4900 ipsum,
386 4823 533 4895 quod
574 4823 640 4876 de
675 4821 961 4875 Paschalis
993 4817 1376 4872 observatione
1404 4814 1722 4882 scripserat,

135 4921 358 4977 indutos
381 4927 535 4970 tanto
563 4925 688 4968 ante
720 4913 1106 4984 pronuntiasse
1133 4910 1284 4974 dicit,
1313 4907 1581 4968 videlicet,
1619 4903 1728 4956 δεῖν

137 5015 203 5068 τὰ
235 5010 585 5080 Διαὸατὴρια
605 5006 751 5059 θύειν
777 5006 972 5078 ἐπίσης
995 5003 1242 5062 ἅπαντας
1269 4999 1405 5071 μετὰ
1435 4994 1726 5067 ἰσημερίαν

139 5105 390 5178 ἐαρινὴν,
431 5099 724 5172 pec-sbrie;
765 5097 858 5151 τοῦ
898 5096 1116 5167 πρώτου
1166 5093 1354 5164 μηνός.
1409 5089 1574 5160 Igitur
1608 5094 1730 5156 post

143 5195 462 5270 ἰσημερίαν,
521 5207 629 5246 non
681 5189 734 5244 itt
780 5188 1042 5268 ἰσημερίᾳ
1083 5186 1290 5240 Pascha
1341 5190 1452 5236 tam
1503 5179 1728 5244 ludatis,

142 5307 312 5362 quam
347 5285 684 5344 Christianis
719 5282 979 5346 incurrit;
1015 5279 1158 5350 quod
1183 5287 1236 5331 et
1273 5274 1506 5330 subinde
1541 5287 1732 5328 rursus

141 5383 410 5444 inculcat,
437 5378 538 5449 τὴν
565 5375 661 5430 τοῦ
700 5374 894 5444 Πάσχα
925 5371 1016 5424 καὶ
1043 5369 1153 5423 τῶν
1169 5366 1419 5439 Ἀζύμων
1452 5365 1561 5418 δεῖν
1594 5363 1732 5416 πάν-

141 5493 252 5540 τως
289 5474 412 5546 μετ’
463 5468 754 5542 ἰσημερίαν
801 5464 1052 5534 ἄγεσθαι.
1094 5462 1256 5532 Atqui
1306 5460 1405 5532 τὴν
1442 5457 1732 5546 ἰσημερίᾳν

143 5545 436 5622 Anatolius
469 5558 804 5615 Pbamenotlt
833 5572 958 5611 xxvi
989 5555 1103 5608 sive
1128 5569 1182 5606 χι
1215 5551 1336 5605 Kal.
1365 5553 1495 5619 Apr.
1523 5545 1734 5604 consti—

144 5659 276 5718 tuit,
308 5652 622 5720 ibidemque
651 5647 812 5718 primi
851 5645 1061 5701 mensis
1095 5643 1404 5697 exordium.
1437 5639 1606 5711 Negat
1637 5637 1736 5708 igi-

144 5762 237 5805 tur
264 5747 362 5804 lllo
392 5745 514 5817 ipso
541 5743 628 5798 die
663 5741 876 5798 Pascha
915 5738 1020 5816 [ile
1068 5733 1353 5792 celebrari.
1399 5733 1466 5786 At
1501 5747 1631 5788 vero
1665 5746 1730 5786 ex

1834 4521 2148 4577 testimonio
2194 4520 2537 4590 deprompta.
2583 4515 2766 4571 Redeo
2819 4517 2884 4570 ad
2926 4515 3262 4578 Willridum,
3315 4513 3409 4582 qui

1779 4661 1782 4665 .
1827 4613 2142 4668 Anatolium
2183 4613 2256 4666 ita
2295 4622 2510 4682 purgat,
2563 4619 2624 4666 ut
2657 4611 2708 4665 in
2736 4605 2904 4666 causa
2945 4609 3125 4680 potius
3155 4608 3410 4678 prtevari-

1831 4708 1942 4763 cari
1995 4707 2264 4760 videatur.
2307 4705 2473 4760 Certe
2529 4705 2670 4759 hanc
2716 4703 2794 4758 illi
2846 4702 3156 4772 opinionem
3199 4699 3409 4763 tribuit,

1830 4815 1994 4871 quam
2030 4816 2095 4855 ne
2117 4800 2408 4858 somniavit
2435 4797 2656 4869 quidem
2681 4812 2958 4866 unquam;
2986 4796 3096 4849 imo
3118 4809 3270 4858 Vero,
3293 4807 3412 4862 qua:

1833 4895 2036 4964 ipsum,
2073 4893 2216 4964 quod
2261 4890 2408 4946 Scoti
2457 4889 2794 4960 pugnabant,
2832 4886 3184 4956 oppugnabat
3227 4891 3412 4935 autem

1832 4987 2144 5051 Wilft-idus,
2195 4983 2415 5047 elﬁciat,
2463 4981 2608 5051 quod
2657 4991 2744 5034 est
2796 4976 3039 5048 profecto
3089 4973 3410 5028 ridiculum.

1834 5079 2074 5144 Constat,
2129 5076 2327 5146 inquit,
2394 5071 2704 5128 Anatolium
2757 5071 2926 5124 virum
2989 5065 3410 5142 sanctissimast,

1833 5172 2220 5230 doctissimum,
2254 5185 2316 5222 ac
2347 5166 2506 5219 laude
2526 5181 2638 5219 esse
2669 5161 3060 5233 dignissimum,
3101 5167 3207 5213 etc.
3243 5156 3362 5209 Mox
3396 5174 3411 5211 :

1837 5265 1938 5320 Ille
1959 5266 2035 5318 sic
2061 5265 2115 5315 in
2143 5259 2361 5314 Pascha:
2393 5257 2729 5310 Dominicum
2755 5269 2842 5306 xw
2866 5251 3046 5304 lunam
3069 5249 3413 5319 computavit,

1835 5369 1891 5414 ut
1923 5359 2057 5412 hanc
2086 5355 2269 5410 eadem
2301 5353 2416 5422 ipsa
2445 5351 2529 5403 die
2562 5365 2702 5402 more
2734 5345 3107 5415 .rﬁ'gyptiorum
3140 5358 3205 5396 xv
3232 5341 3414 5394 lunam

1837 5452 1905 5506 ad
1936 5462 2200 5517 vesperam
2227 5461 2337 5499 esse
2364 5443 2638 5514 fateretur.
2676 5437 2764 5494 Sic
2792 5439 2934 5490 idem
2967 5452 3039 5491 xx
3067 5435 3206 5488 diem
3236 5431 3415 5487 Domi-

1839 5547 1954 5598 nico
2001 5541 2216 5595 Pascha:
2260 5536 2558 5599 annotavit,
2607 5543 2664 5588 ut
2713 5533 2868 5596 hanc,
2921 5527 3188 5584 declinata
3235 5525 3416 5579 eadem

1839 5637 1942 5700 die,
1981 5650 2089 5689 esse
2122 5649 2209 5685 XXI
2260 5627 2515 5683 crederet.
2561 5623 2726 5696 Cujus
2779 5622 3015 5694 regulam
3059 5617 3417 5674 distinction-'0

1842 5747 1930 5794 eos
1973 5730 2244 5800 ignorasse
2283 5721 2492 5795 probat,
2531 5719 2668 5791 quod
2697 5715 2977 5788 aliquaties
3015 5711 3222 5768 Pascha
3245 5707 3428 5792 mani-1
