3874 6322
513 323 616 384 999

1621 316 1968 376 APPENDIX
2010 311 2649 374 DlSSEltTATlONUM.

3636 323 3755 380 10W

514 441 790 508 festissima
821 450 943 495 ante
969 422 1343 511 plenilunium,
1383 436 1537 496 idest
1565 443 1619 495 in
1657 458 1756 495 xnt
1780 442 1906 494 (una
1941 437 2078 506 [αι-ξε
2112 440 2154 496 Δ
2188 435 2440 492 Ecclesia:
2481 440 2750 495 terminus
2795 456 3039 510 unquam
3105 442 3380 511 paschalis
3437 441 3622 506 fuerit,
3672 461 3758 500 nec

516 535 600 586 tis.
636 530 778 602 Ergo
815 533 866 585 id
897 533 1183 587 Anatolius
1222 532 1424 597 sanxit,
1460 533 1590 587 luna
1625 549 1710 588 xw
1744 533 2006 601 ἡμερινῇ,
2032 538 2092 584 ιιι

516 625 752 692 loquitur
786 625 1142 694 Epiphanius,
1191 628 1480 696 νυκτερινῇ
1529 625 1586 677 δὲ
1629 623 2094 694 πεντεκαιδεκάτῃ

517 715 726 769 Pascha
757 716 857 769 rite
893 715 1100 785 perlici,
1139 715 1286 784 quod
1328 730 1541 770 merum
1577 723 1665 769 est
1714 715 2006 768 Scotorum
2042 721 2097 766 et

517 807 1136 872 Quartadecimanorum
1161 807 1379 876 dogma,
1422 807 1641 868 borum,
1678 806 1926 875 inquam,
1957 804 2099 857 dun-

530 896 701 952 taxat,
727 889 817 958 qui
842 892 941 943 etsi
971 890 1311 964 Dominicum
1354 891 1496 945 diem
1544 892 1844 946 celebritati
1877 890 2115 960 praelini-

535 989 675 1047 renl,
725 997 833 1034 non
876 983 1200 1037 dubitabant
1233 992 1438 1047 tamen,
1483 985 1696 1052 quoties
1739 984 2021 1038 Dominica
2057 982 2113 1036 in

532 1087 622 1126 xlv
678 1073 957 1135 incideret,
1007 1090 1073 1127 eo
1116 1074 1205 1128 die
1270 1073 1469 1128 festum
1521 1075 1776 1130 incidl-rc.
1809 1071 1926 1127 Non
1960 1071 2113 1126 aliud

533 1161 771 1217 sensisse
803 1164 883 1217 vel
910 1162 1124 1228 Scotos,
1155 1164 1236 1218 vel
1268 1173 1496 1218 caeteros
1519 1165 1760 1230 ejusdem
1796 1161 2023 1217 haeresis
2047 1176 2113 1217 ac

530 1254 786 1310 factionis
825 1255 1099 1320 homines,
1123 1257 1337 1311 'notius
1371 1263 1475 1320 est,
1512 1271 1677 1324 quam
1708 1265 1764 1310 ut
1793 1272 1880 1310 res
1905 1255 2111 1324 proba-

531 1348 676 1401 tione
695 1355 868 1415 egeat.
890 1348 1047 1402 Certe
1070 1346 1263 1403 Scotos
1289 1349 1436 1418 ipsos
1464 1364 1491 1402 a
1517 1366 1606 1402 xw
1637 1350 1765 1402 luna
1791 1349 1854 1401 ad
1879 1365 1946 1401 sx
1976 1346 2111 1402 Pas-

521 1441 630 1494 ‘cha
658 1440 964 1495 celebrasse
989 1439 1132 1494 Beda
1161 1441 1402 1509 scripsit,
1439 1457 1562 1496 cum
1595 1441 1847 1496 catholici
1883 1457 1911 1494 a
1942 1456 2008 1494 xv
2039 1438 2109 1494 ad

529 1544 617 1583 χιι
645 1529 695 1582 id
719 1529 949 1597 egerint,
978 1537 1037 1583 ut
1061 1531 1224 1584 unius
1247 1531 1353 1585 diei
1383 1531 1675 1586 discrimen
1711 1530 1891 1585 fuerit.
1923 1529 1988 1584 Ut
2010 1529 2112 1598 igi-

526 1630 616 1674 tur
643 1621 928 1675 catholicis
957 1637 1025 1675 xv
1049 1623 1322 1691 paschalis
1348 1639 1412 1679 ea
1450 1635 1554 1689 est,
1591 1639 1712 1693 quae
1763 1625 1818 1678 in
1843 1639 1930 1677 xvi
1963 1622 2111 1677 desi-

526 1713 624 1776 nit,
649 1721 840 1782 estque
867 1716 1334 1788 πεντεκαιδεκάτη
1364 1717 1620 1790 ἠμερινή,
1649 1717 1721 1772 ita
1750 1715 2111 1786 τεσσαρεσδε-

527 1803 772 1868 κατίταις
793 1820 884 1858 xw
903 1807 1125 1876 perinde
1143 1809 1400 1880 ἠμερινὴ,
1429 1809 1728 1882 νυκτερινὴ
1751 1823 1878 1864 vero
1895 1825 1962 1864 xv
1988 1821 2110 1863 esse

528 1895 730 1952 debuit.

601 1990 735 2043 Nam
768 1993 811 2045 si
856 2005 953 2044 xm
1009 1991 1244 2060 ὴμερινῇ
1285 1987 1494 2043 Pascha
1542 1998 1960 2054 anteverterent,
2003 2004 2110 2044 non

533 2097 643 2136 uno
677 2081 785 2145 die,
821 2082 916 2136 sed
957 2081 1124 2135 biduo
1159 2096 1189 2134 a
1237 2080 1524 2134 catholicis
1569 2081 1871 2134 dill‘errent.
1911 2079 2110 2134 Verum

530 2193 593 2230 ex
634 2177 700 2231 iis
729 2191 851 2246 qua:
889 2177 1073 2230 statim
1125 2174 1268 2228 idem
1319 2171 1610 2228 Wilfridns
1651 2174 1860 2242 objicit,
1915 2173 2113 2242 conjici

533 2276 731 2336 potest,
763 2265 894 2334 quid
925 2275 1020 2318 aut
1065 2264 1180 2333 ipse
1209 2263 1467 2325 senserit,
1503 2271 1597 2316 aut
1635 2263 1875 2317 sensisse
1903 2263 2114 2317 Anato-

533 2362 666 2414 lium
697 2360 1000 2422 existimet,
1041 2374 1166 2414 cum
1219 2358 1297 2411 ait
1328 2356 1522 2412 Scotos
1556 2358 1873 2427 plerumque
1910 2357 2114 2412 Pascha

536 2454 665 2506 luna
727 2467 822 2508 xm
858 2461 984 2504 ante
1030 2449 1392 2520 plenilunium
1445 2449 1768 2504 celebrasse.
1806 2448 1930 2502 Fuit
1968 2450 2114 2502 enim

539 2547 652 2600 haec
685 2542 992 2612 Theophili,
1049 2540 1238 2611 Cyrilli
1293 2556 1357 2595 ac
1405 2539 1561 2594 Beda:
1607 2541 1775 2610 ipsius
1809 2539 1944 2592 adeo
1993 2556 2117 2594 sen-

539 2637 702 2692 tentia
733 2652 746 2688 :
776 2637 958 2689 lunam
1007 2648 1200 2687 novam
1257 2631 1461 2686 nullam
1505 2632 1632 2696 dici,
1686 2647 1800 2701 qua:
1846 2638 1946 2683 non
1997 2641 2118 2684 ante

535 2743 781 2781 occasum
815 2726 942 2780 solis
969 2725 1290 2779 accendatur
1319 2740 1337 2777 :
1369 2723 1506 2778 adeo
1539 2733 1596 2777 ut
1634 2723 1677 2776 si
1708 2734 1828 2790 post
1861 2736 2117 2776 occasum

535 2824 802 2873 duntaxat
834 2819 963 2873 solis
991 2832 1222 2870 accensa
1253 2817 1344 2881 sit,
1380 2815 1483 2870 hoc
1526 2822 1611 2868 est
1644 2829 1767 2867 cum
1815 2813 1930 2867 sole
1986 2828 2120 2867 con-

536 2910 742 2981 juncta,
776 2909 993 2963 tametsi
1017 2907 1087 2962 23
1113 2908 1264 2961 horis
1288 2916 1474 2977 postea
1505 2905 1726 2968 luxerit,
1753 2905 1922 2969 illam,
1951 2920 2117 2974 quam

539 3005 820 3058 occidente
847 3001 962 3056 sole
992 3001 1203 3063 habuit,
1245 2999 1662 3069 appellationem
1688 3001 1940 3069 retineat.
1977 2996 2045 3052 Ut
2071 2999 2118 3053 si

542 3093 779 3150 Sabbato
829 3102 948 3162 post
983 3108 1241 3148 occasum
1302 3091 1438 3145 solis
1499 3065 1961 3158 Cunjunctiodiat,
2006 3105 2114 3144 non

540 3194 801 3256 sequente
834 3183 1250 3245 Dominica,scd
1276 3181 1407 3235 feria
1440 3197 1477 3234 ιι
1509 3181 1791 3234 neomenia
1832 3181 2116 3235 statuenda

541 3279 610 3334 sit
645 3298 657 3332 :
689 3277 832 3347 quod
879 3277 971 3330 lib.
1008 3277 1081 3328 De
1115 3287 1336 3344 temper.
1364 3283 1464 3326 rat.
1504 3289 1622 3343 cap.
1659 3273 1750 3338 4|,
1784 3289 1810 3326 a
1844 3273 1984 3327 Beda
2011 3285 2120 3328 tra-

541 3370 712 3424 ditum
749 3376 833 3423 est
864 3384 927 3422 ex
947 3367 1313 3422 recentiorum
1344 3365 1840 3419 Alexandrinorum
1885 3366 2119 3435 placitis.

544 3459 622 3514 Ex
658 3475 722 3514 eo
756 3474 914 3529 porro
967 3459 1108 3528 quod
1147 3459 1434 3512 neomcnia
1476 3473 1867 3526 nonnunquam
1913 3459 2121 3526 integto

541 3551 630 3604 die
679 3551 1057 3614 submovetur,
1133 3564 1357 3604 necesse
1409 3557 1493 3602 est
1533 3559 1761 3603 eaeteros
1810 3549 1952 3602 lunae
2005 3548 2121 3603 dies

543 3642 755 3697 tardius
817 3642 1154 3706 succedere;
1215 3651 1379 3711 atque
1443 3642 1516 3694 ita
1566 3645 1614 3695 si
1657 3642 1889 3710 exempli
1934 3655 2120 3706 causa,

545 3731 785 3786 Sabbato
845 3733 1028 3786 statim
1087 3740 1210 3800 post
1270 3732 1404 3786 solis
1463 3746 1720 3785 occasum
1765 3733 2119 3801 plenilunium

545 3823 900 3874 commissum
952 3822 1044 3886 sit,
1091 3821 1452 3890 appellabitur
1499 3822 1854 3875 nihilominus
1900 3832 2006 3875 tota
2035 3823 2144 3875 illa'

544 3911 661 3965 dies
703 3928 787 3965 xw
813 3913 962 3977 luna,
1023 3929 1128 3967 non
1185 3914 1579 3983 plenilunium:
1617 3916 1760 3969 unde
1789 3924 1841 3968 et
1884 3915 2124 3968 anterior

544 4003 661 4060 dies
703 4021 801 4058 xnt
867 4022 972 4059 non
1007 4022 1094 4059 xw
1121 4006 1548 4075 computabitur.
1595 4006 1720 4062 llaec
1770 4007 1902 4071 luit,
1941 4008 2018 4060 uti
2042 4005 2123 4060 di-

545 4104 693 4151 ctum
724 4105 831 4157 est.
865 4098 1357 4152 Alexandrinorum
1405 4101 1695 4161 sententia,
1725 4115 1889 4167 quam
1930 4107 1985 4153 et
2017 4096 2122 4152 lle-

546 4189 675 4243 brzei
727 4189 948 4257 quidam
992 4190 1223 4255 amplexi
1256 4200 1404 4244 sunt.
1437 4189 1572 4244 Nam
1605 4191 1656 4244 in
1702 4189 1897 4244 Glossa
1931 4205 2053 4259 cap.
2091 4189 2120 4240 7

549 4279 727 4334 Tract.
763 4277 1036 4333 thdusclt
1062 4281 1355 4334 lia/zodesc/z
1401 4281 1594 4337 tomol
1650 4281 2124 4338 .lad.Maimonidze

547 4371 710 4425 variae
742 4372 1024 4425 doctorum
1058 4377 1340 4428 sententia:
1390 4373 1457 4428 de
1483 4389 1545 4428 ea
1583 4389 1639 4428 re
1687 4389 2122 4428 commemoran-

2196 530 2249 581 in
2289 546 2400 583 χιιι
2429 531 2607 585 lunari
2632 532 2858 585 dilatum
2885 531 3092 588 Pascha
3120 552 3132 587 :
3162 550 3284 603 quae
3314 544 3396 588 est
3421 535 3758 590 ballucinatio

2199 621 2460 694 St'illlgel'i
2505 639 2534 677 a
2576 624 2766 678 Clatio
2797 635 3009 689 nostro,
3052 637 3107 680 et
3160 627 3456 681 novissime
3491 624 3761 681 aGuldino

2196 715 2441 783 ejusdem
2500 716 2781 771 societatis
2833 718 3169 772 validissime
3234 716 3491 771 refulata.
3557 718 3657 773 Sed
3702 719 3761 773 ad

2198 805 2435 872 priorem
2455 819 2675 860 sensum
2693 807 2782 861 illa
2795 803 3035 862 Willridi
3053 807 3351 877 disputatio
3372 809 3625 877 pertinet.
3642 808 3760 862 Nam

2199 894 2382 950 Scotis
2415 899 2729 966 exprobrat,
2763 899 2906 970 quod
2936 915 3060 954 cum
3104 900 3160 954 in
3185 915 3272 952 xiv
3295 897 3504 953 Pascha
3543 899 3761 954 celebra-

2202 995 2341 1049 rent,
2373 1004 2479 1042 non
2515 1004 2634 1043 eam
2663 1003 2843 1045 tamen
2880 1007 2972 1044 xw
3005 989 3276 1060 paschalis
3304 989 3574 1043 rationem
3616 991 3761 1043 habe-

2203 1088 2342 1142 rent,
2379 1096 2542 1149 quant
2567 1083 2854 1138 Anatolius
2891 1083 3315 1152 praescripserat.
3368 1080 3468 1136 llic
3500 1081 3643 1136 enim
3691 1097 3763 1134 ιιι

2204 1175 2349 1228 illam
2395 1175 2702 1242 paschalem
2758 1177 3026 1229 duntaxat
3057 1189 3178 1228 esse
3218 1173 3485 1237 voluerat,
3527 1189 3684 1242 quam
3712 1174 3765 1225 ad

2205 1281 2488 1336 \eSperam
2519 1265 2878 1336 plenilunium
2909 1269 3203 1336 exciperet,
3238 1264 3341 1320 hoc
3367 1274 3474 1326 est,
3499 1274 3626 1317 ante
3656 1264 3767 1318 solis

2206 1375 2494 1425 occasum;
2553 1357 2757 1427 alioqui
2806 1373 2902 1410 xm
2941 1373 3046 1411 non
3079 1373 3167 1411 xw
3211 1357 3508 1411 diceretur.
3545 1359 3612 1409 At
3638 1356 3768 1410 Secti

2209 1455 2358 1509 nullo
2416 1451 2728 1506 istiusmodi
2777 1450 3009 1515 delectu,
3039 1465 3130 1504 xlv
3173 1451 3317 1503 illam
3352 1451 3601 1519 paschali
3647 1450 3770 1503 cele-

2208 1542 2391 1598 britati
2424 1540 2842 1604 consecrabant,
2881 1554 3004 1608 quae
3047 1540 3100 1592 in
3136 1554 3262 1594 eum
3301 1539 3444 1592 diem
3506 1539 3768 1602 incideret,

2209 1645 2332 1704 post
2381 1633 2539 1703 cujus
2571 1642 2752 1686 ortum
2805 1632 3172 1701 subsequente
3194 1631 3463 1684 duntaxat
3493 1641 3649 1684 nocte
3675 1632 3770 1700 ple-

2211 1729 2482 1782 nilunium
2541 1726 3019 1790 committeretur;
3096 1732 3498 1794 proptereaque
3562 1740 3664 1777 non
3717 1740 3770 1774 xv

2139 1789 2180 1844 Β
2213 1820 2360 1885 luna,
2391 1819 2482 1872 sed
2530 1833 2621 1871 xw
2651 1825 2958 1880 vocaretur,
3011 1830 3076 1869 ea
3109 1829 3258 1878 vero,
3290 1830 3398 1884 qua
3431 1813 3641 1868 Pascha
3671 1830 3772 1881 per-

2213 1923 2396 1966 actum
2427 1910 2622 1973 fuerat,
2649 1925 2770 1962 xm.
2802 1907 2927 1961 Haec
2959 1916 3044 1961 est
3071 1907 3295 1960 omnino
3313 1905 3619 1960 diliicillimi
3647 1906 3771 1959 illius

2215 2001 2320 2056 loci
2355 2000 2661 2061 sententia;
2710 1997 3009 2051 secundum
3042 2011 3207 2066 quam
3258 1996 3554 2051 Anatolius
3588 2012 3775 2048 τεσσα-

2219 2089 2702 2166 ρεσκαιδεκατιτῶν
2761 2091 2936 2143 errori
2991 2090 3410 2159 patrocinatur;
3472 2089 3606 2143 dum
3661 2089 3770 2142 illud

2217 2186 2517 2241 statuitur:
2550 2183 2868 2237 Paschalem
2916 2197 2982 2235 ex
3039 2180 3156 2250 ejus
3187 2180 3443 2234 instituto
3501 2195 3593 2232 xw
3647 2180 3772 2231 illam

2216 2294 2358 2342 esse,
2395 2292 2517 2348 qua:
2574 2277 2628 2329 in
2674 2274 3035 2346 plenilunium
3088 2274 3308 2328 desinit.
3347 2273 3484 2339 Quae
3532 2289 3668 2327 nova
3706 2281 3775 2327 est

2220 2374 2450 2428 istorum
2485 2368 2862 2431 hallueiuatio,
2891 2377 2945 2422 et
2990 2367 3046 2420 in
3076 2353 3670 2435 Anatoliun'i-conjecta
3701 2380 3776 2417 ca-

2219 2464 2446 2518 lumnia.
2478 2462 2649 2531 (lujus
2702 2460 3049 2515 occasionem
3090 2458 3215 2512 inde
3247 2458 3491 2512 oblatam
3530 2458 3772 2527 suspicor,

2219 2558 2361 2627 quod
2410 2572 2534 2611 cum
2581 2570 2648 2607 ex
2703 2552 3018 2607 Iudaeorum
3072 2550 3352 2619 magistris
3378 2551 3489 2604 τῶν
3530 2549 3774 2618 Διαεατη-

2222 2650 2374 2721 ρίων,
2415 2649 2516 2701 hoe
2550 2654 2632 2700 est
2671 2644 2835 2713 typici
2891 2642 3173 2698 Paschalis
3228 2657 3496 2696 canonem
3542 2643 3686 2695 illum
3722 2643 3772 2694 al

2223 2739 2602 2796 illustrantlam
2651 2736 2949 2790 Christiani
2981 2733 3284 2788 doctrinam
3331 2732 3624 2788 Paschalis
3654 2744 3775 2785 attu-

2222 2836 2394 2899 lisset,
2446 2847 2556 2902 quo
2612 2830 2944 2900 praecipitur,
2985 2841 3044 2882 tlt
3105 2845 3195 2882 xw
3247 2829 3372 2881 luna
3409 2828 3476 2880 ad
3521 2843 3773 2896 vesperam

2221 2925 2429 2979 Pascha
2463 2923 2786 2985 celebretur,
2829 2921 2932 2973 sub
2956 2921 3134 2989 ipsum
3181 2919 3565 2988 oppositionis,
3594 2935 3654 2972 ac
3685 2920 3774 2988 ple-

2223 3016 2416 3070 nilunii
2461 3025 2701 3084 tempus,
2749 3014 2854 3066 hoc
2912 3012 2988 3065 illi
3059 3011 3125 3065 ad
3171 3011 3549 3065 Christianum
3596 3010 3775 3064 Pascha

2226 3107 2642 3170 transtulerunt,
2681 3105 2783 3159 rati
2833 3120 2899 3158 ex
2951 3103 3188 3156 Anatolii
3231 3102 3448 3156 decreto
3487 3118 3581 3155 xw
3602 3103 3682 3156 die
3704 3117 3774 3155 ce-

2224 3201 2425 3254 lebrari
2462 3215 2621 3268 posse
2660 3214 2673 3248 :
2711 3205 2766 3251 et
2809 3198 3029 3266 quidem
3076 3202 3362 3259 maturius,
3403 3214 3573 3264 quam
3601 3197 3774 3251 iudicis

2224 3293 2404 3355 liceat,
2435 3291 2579 3361 quod
2614 3299 2696 3344 cst
2731 3289 3058 3353 inauditum,
3097 3299 3152 3345 et
3175 3291 3429 3344 Anatolio
3457 3307 3679 3361 prorsus
3705 3291 3770 3342 in-

2223 3383 2470 3454 dignum.

2425 3518 2670 3588 Pergitur
2695 3519 2749 3571 in
2792 3517 3124 3587 explicandis
3157 3516 3394 3570 Anatolii
3417 3518 3608 3570 verbis.

2298 3653 2402 3709 Sed
2437 3652 2568 3706 illud
2603 3653 2657 3706 in
2687 3649 2926 3706 Anatolii
2959 3653 3079 3704 loco
3103 3650 3192 3704 illo
3223 3650 3494 3705 dilﬁcilius
3510 3661 3618 3712 est,
3651 3647 3767 3718 quod

2225 3745 2373 3799 addit
2404 3743 2490 3796 die
2535 3741 2709 3795 Martii
2750 3758 2819 3795 xx
2849 3741 3020 3795 solem
3059 3754 3167 3793 non
3208 3748 3416 3794 tantum
3458 3749 3768 3810 segmentum

2224 3837 2430 3890 zodiaci
2489 3836 2722 3904 prinnnn
2789 3834 3098 3904 ingressum
3149 3846 3305 3892 esse,
3380 3829 3502 3883 ἀλλ’
3559 3830 3653 3902 ἥδη
3697 3828 3768 3882 καὶ

2224 3928 2490 4000 τετάρτην
2521 3927 2734 3998 ἡμέραν
2775 3927 2831 3978 ἐν
2860 3922 3007 3994 αὐτῷ
3050 3921 3486 3994 διαπορεύεσθαι.
3521 3921 3765 3976 Rufinus:

2228 4021 2291 4074 In
2332 4038 2435 4091 qua
2474 4020 2557 4072 die
2593 4018 2673 4072 sol
2719 4019 3040 4071 inveniretur
3071 4033 3174 4069 non
3225 4017 3394 4069 solum
3434 4015 3768 4070 conscendisse

2223 4113 2449 4190 primum
2483 4121 2707 4180 partem,
2737 4123 2913 4162 verum
2943 4111 3106 4162 etiam
3135 4116 3375 4176 quartam
3395 4106 3512 4174 jam
3539 4107 3593 4159 in
3627 4122 3679 4158 eo
3702 4104 3768 4156 die

2225 4205 2415 4256 habere
2449 4220 2465 4256 :
2500 4203 2552 4256 id
2611 4211 2713 4266 est,
2751 4200 2803 4253 in
2840 4201 3014 4269 prima
3046 4214 3110 4252 ex
3138 4215 3213 4253 χιι
3248 4198 3514 4267 partibus.
3541 4197 3616 4252 Ita
3651 4196 3766 4266 apud

2226 4295 2423 4350 Bedam
2460 4293 2672 4362 legitur,
2710 4300 2770 4345 ut
2804 4300 2857 4345 et
2903 4291 2958 4344 in
2989 4289 3220 4360 vulgatis
3254 4288 3436 4343 Ruﬁni
3494 4291 3764 4344 codicibus.

2225 4386 2400 4443 Porro
2448 4386 2588 4440 Beda
2645 4400 2738 4454 per
2771 4394 3042 4454 quartam,
3071 4381 3201 4444 sive,
3260 4390 3320 4435 nt
3360 4381 3591 4436 subinde
3620 4393 3765 4439 vocat.

547 4474 669 4522 tur;
723 4465 983 4520 Eamdem
1036 4482 1063 4519 a
1102 4466 1244 4521 Beda
1310 4477 1732 4538 propugnatam,
1793 4477 1846 4522 ct
1881 4485 1910 4522 a
1950 4456 2117 4522 Foro—

2225 4495 2322 4550 per
2347 4475 2627 4548 quadram,
2656 4473 2935 4529 lulianum
2975 4472 3329 4540 quadrantem
3360 4472 3640 4542 intelligit;
3666 4483 3766 4522 iam

547 4573 750 4626 sempr.
793 4556 1079 4610 relutatam
1109 4557 1203 4611 lib.
1238 4574 1318 4619 nt,
1354 4568 1495 4628 part.
1525 4576 1586 4625 tt,
1620 4560 1867 4630 pluribus
1901 4559 2120 4625 astruit,

546 4650 886 4718 explicatque
937 4648 1129 4702 Petrus
1178 4649 1384 4706 Pilatus
1433 4649 1631 4720 Veron,
1694 4668 1816 4722 cap.
1881 4653 1914 4706 4
1962 4661 2014 4706 et
2057 4650 2125 4704 15

548 4742 684 4797 Con.
721 4742 891 4795 Pasch
921 4741 1184 4808 ;Ecclesia
1214 4759 1340 4797 vero
1375 4746 1646 4800 catholica
1682 4745 1905 4801 minime
1935 4746 2124 4815 sequi-

550 4845 658 4899 tur,
698 4850 818 4901 qum
848 4835 1120 4906 paschalis
1157 4835 1278 4889 festi
1308 4837 1593 4891 ratiocinia
1625 4839 1689 4891 ad
1713 4839 1925 4892 civilem
1965 4853 2122 4891 nsum

547 4938 602 4985 et
629 4928 952 4999 :eqnabilem
983 4929 1218 4998 eyelntn,
1251 4945 1360 4984 non
1415 4930 1482 4984 ad
1535 4931 1839 4985 mediorum
1875 4943 2124 4987 motuum

547 5019 957 5074 observationes
984 5018 1258 5088 astringit.
1307 5019 1575 5075 Cancrum
1627 5038 1693 5075 ex
1727 5023 1826 5076 hac
1855 5008 1970 5092 ipsa
2007 5024 2125 5092 opi-

547 5112 716 5166 nione
763 5111 1031 5180 sequitur,
1067 5110 1251 5166 lunam
1286 5128 1376 5166 xw
1423 5129 1818 5183 nonnunquam
1870 5117 1922 5168 in
1957 5119 2129 5186 pleni-

547 5203 756 5258 Iunium
791 5202 1056 5268 incidere;
1099 5204 1170 5256 ob
1205 5203 1368 5272 idque
1397 5204 1758 5274 plenilunium
1788 5208 1930 5276 apud
1959 5222 2126 5276 quos-

545 5295 671 5350 dam
714 5297 1008 5365 scriptores
1069 5296 1326 5364 appellari
1361 5311 1472 5351 xw.
1497 5295 1654 5362 Quod
1701 5310 1752 5352 et
1787 5310 2008 5369 propter
2039 5301 2124 5353 lu-

547 5403 734 5442 narem
771 5388 1076 5459 προήγησιν
1110 5397 1230 5455 post
1269 5384 1548 5441 Nicaenum
1583 5390 1875 5444 concilium
1903 5392 2124 5458 accidit,

545 5488 666 5547 post
701 5480 802 5532 tria
833 5480 1048 5534 circiter
1071 5480 1290 5536 szecula.
1322 5477 1461 5534 Tum
1487 5482 1633 5535 enim
1671 5483 1852 5538 aureis
1884 5486 2130 5542 numeris

547 5570 739 5624 iisdem
768 5571 962 5626 diebus
994 5573 1351 5637 haerentibus,
1394 5589 1482 5626 xw
1511 5571 1729 5628 Nicrena
1766 5575 2124 5644 plenilunium

545 5669 631 5714 est
683 5659 844 5725 facta,
899 5663 1060 5730 idque
1101 5663 1243 5716 κατὰ
1294 5663 1640 5734 συμϐεϐηκός
1693 5666 1763 5719 ob
1810 5668 2126 5738 ἀνωμαλίαν

547 5750 766 5815 sideris,
811 5768 933 5805 cum
963 5754 1166 5824 alioqui
1203 5769 1376 5824 neque
1396 5756 1752 5825 plenilunium
1782 5775 1847 5813 ex
1878 5762 2125 5820 instituto

2226 4584 2348 4625 cum
2418 4567 2501 4623 sol
2558 4567 2794 4635 pritnutn
2847 4564 3048 4618 Arietis
3090 4574 3426 4631 segmentum
3475 4563 3764 4631 ingreditur.

2223 4662 2334 4732 jam
2362 4661 2416 4713 in
2447 4673 2508 4713 ea
2537 4658 2622 4711 die
2651 4656 3013 4726 quadrantem
3041 4652 3296 4708 confecit.
3339 4652 3445 4708 Sed
3482 4655 3596 4708 haec
3629 4652 3765 4705 inter-

2227 4753 2455 4824 pretatio
2485 4751 2747 4820 jocularis
2786 4758 2890 4805 est.
2927 4746 3113 4818 Neque
3148 4747 3292 4802 enim
3323 4747 3512 4802 Graeco
3539 4747 3637 4816 ipsi
3661 4759 3764 4798 con-

2226 4847 2391 4900 venit.
2455 4844 2655 4898 Scribit
2711 4841 2999 4896 Anatolius
3027 4841 3292 4912 τετάρτην
3322 4840 3534 4910 ἡμέραν
3572 4843 3626 4893 ὲν
3648 4834 3764 4902 αὑτῷ

2226 4934 2679 5005 διαπορευόμενος
2715 4974 2728 4998 ,
2753 4933 2857 4986 hoc
2900 4941 2984 4986 est
3013 4941 3257 5000 quartam
3271 4931 3389 4998 jam
3419 4932 3586 4992 diem;
3609 4944 3763 4998 quem.

2225 5027 2519 5081 admodum
2550 5025 2692 5094 apud
2726 5022 2984 5076 ltullnum
3025 5021 3423 5075 restituendum
3470 5036 3590 5074 esse
3607 5033 3761 5073 emen-

2226 5119 2437 5172 datiora
2513 5115 2761 5185 quaedam
2832 5112 3165 5182 exemplaria
3235 5110 3582 5181 persuadent.
3650 5107 3760 5162 Tum

2228 5208 2361 5262 illud
2423 5208 2481 5258 ὲν
2513 5204 2681 5276 αὐτῷ,
2719 5204 2785 5258 ad
2827 5203 3075 5273 τμήματι
3110 5199 3366 5266 refertur,
3413 5217 3524 5256 non
3563 5201 3622 5255 ad
3652 5199 3761 5268 ἠμὲ-

2229 5319 2364 5373 ραν,
2420 5310 2477 5353 ιιι
2513 5298 2706 5351 Latine
2746 5294 3164 5364 concipiendum
3212 5294 3303 5359 sit,
3334 5306 3579 5363 quartum
3602 5293 3761 5362 jamitt

2225 5411 2289 5448 ea
2311 5393 2468 5446 diem.
2500 5388 2613 5444 Hoc
2646 5389 2814 5459 igitur
2841 5397 3026 5443 censet
3051 5386 3336 5440 Anatolius
3362 5403 3376 5438 :
3405 5385 3573 5440 solem
3600 5401 3644 5437 ιιι
3666 5379 3756 5434 lial.

2227 5487 2357 5555 Apr.
2397 5493 2653 5552 quartum
2678 5483 2791 5552 jatn
2827 5480 2883 5535 in
2939 5481 3118 5550 primo
3164 5479 3412 5548 τμήματι
3451 5478 3543 5531 τοῦ
3569 5475 3760 5530 δωὸεκι·

2225 5575 2489 5646 τημορίου
2529 5573 2672 5628 diem
2727 5587 2908 5642 agere.
2940 5569 3100 5637 Quod
3158 5569 3357 5624 mirum
3398 5569 3533 5624 mihi
3568 5565 3756 5620 videtur.

2228 5669 2361 5723 Nam
2396 5670 2497 5724 hac
2554 5668 2765 5722 ratione
2798 5667 2969 5721 solem
3016 5664 3352 5721 existimavit
3392 5663 3619 5734 primum
3652 5671 3755 5725 pun-

2229 5771 2375 5818 ctum
2416 5759 2615 5816 Arietis
2683 5758 2892 5829 ingredi
2947 5772 3036 5812 xw
3079 5757 3204 5811 Kal.
3257 5756 3416 5824 Apr.,
3455 5754 3555 5810 hoc
3587 5759 3660 5807 est
3691 5758 3754 5800 xu
