3832 6220
174 291 192 344 I
207 291 316 347 005

1097 291 1186 347 DE
1225 289 1412 346 ANNO
1451 287 1538 343 ET
1578 288 1689 344 DIE
1729 286 2086 345 DOMINICJE
2128 285 2505 344 PASSIONIS.

3295 285 3430 343 “106

165 417 328 456 suam
357 400 714 468 illustrarent,
740 420 862 476 quae
882 419 990 458 non
1024 403 1156 476 ipsae
1183 405 1326 460 inter
1346 402 1468 458 tidei
1493 402 1746 472 dogmata

1919 399 2039 458 Col.
2090 401 2194 456 954
2245 400 2517 465 1).ι’Ἡτις
2545 399 2821 470 ἐμπίπτει
2853 397 2950 454 διὰ
3009 395 3159 452 ἐτῶν
3232 396 3427 467 τριῶν.

166 504 484 547 censemur.
535 491 672 548 Tum
725 494 869 565 quod
905 493 1176 550 Eusebius
1221 494 1316 548 lib.
1379 511 1445 556 ν,
1497 509 1617 563 cap.
1678 491 1750 546 2?.

166 593 382 650 narrat,
416 601 511 654 per
561 585 702 640 idem
737 596 955 652 tempus
1007 600 1130 640 cum
1175 585 1301 639 alibi
1354 584 1584 654 passim,
1631 592 1748 638 tum

165 671 364 731 Roma:
393 695 420 730 a
447 674 664 733 Victore
698 679 765 733 de
796 677 985 732 eadem
1011 676 1310 747 quzestione
1339 676 1620 748 synodalia
1650 676 1748 731 de-

165 782 318 822 creta
356 770 499 825 edita
547 769 744 833 fuisse,
783 784 907 842 qua:
961 771 1016 824 in
1065 769 1310 824 eamdem
1360 773 1428 822 de
1479 767 1745 824 Paschate

166 860 504 917 celebrando
530 862 914 932 conspirarent
946 862 1298 922 sententiam,
1332 877 1442 914 non
1476 863 1556 915 sic
1590 860 1752 914 intel-

170 951 450 1021 Iigeudum
481 961 584 1016 est,
616 961 674 1006 ιιι
705 967 822 1022 qua:
851 951 902 1005 in
927 952 1078 1007 Actis
1110 950 1215 1005 illis
1243 948 1603 1019 allegarentur
1632 964 1752 1003 om-

168 1043 264 1095 nia
322 1058 351 1096 a
407 1043 660 1112 pontifice
710 1039 960 1095 Romano
997 1041 1225 1110 probata
1275 1039 1407 1102 sint,
1444 1045 1498 1091 et
1532 1052 1630 1107 pro
1660 1051 1752 1090 ca-

169 1133 394 1188 tholicis
422 1133 772 1205 dogmatibus
805 1144 1056 1203 recepta;
1089 1133 1181 1187 sed
1211 1147 1275 1186 ea
1308 1132 1594 1194 duntaxat,
1627 1144 1751 1198 qua:

170 1240 240 1279 ex
272 1225 425 1280 falsis
454 1227 562 1281 illis
589 1225 872 1296 principiis
903 1240 1183 1296 utcunque
1214 1222 1469 1288 deducta,
1504 1235 1632 1276 vera
1658 1236 1750 1276 so-

169 1319 394 1389 Iidaque
446 1331 659 1390 reperta
697 1329 846 1376 sunt.
893 1319 1214 1389 Cujusmodi
1272 1317 1585 1372 sanctiones
1646 1317 1751 1371 illae

169 1411 398 1466 fuerunt
433 1435 444 1467 :
483 1410 555 1466 Ut
585 1428 761 1482 neque
789 1414 842 1467 in
891 1428 982 1466 xw
1010 1413 1134 1466 luna
1181 1409 1390 1465 Pascha
1428 1409 1616 1472 tieret;
1651 1423 1751 1464 nec

168 1503 306 1563 alio,
339 1519 503 1573 quam
536 1502 826 1558 Dominico
859 1503 948 1558 die
995 1519 1008 1554 :
1053 1502 1198 1572 quod
1233 1511 1352 1556 erat
1383 1499 1746 1570 propositum.

170 1593 426 1666 Reliqua,
461 1610 584 1665 quae
610 1595 902 1650 incidentia
947 1593 1054 1648 dici
1101 1600 1352 1662 possunt,
1384 1605 1510 1646 cum
1549 1587 1747 1659 partim

167 1685 462 1754 perspicue
506 1685 666 1746 falsa.
700 1687 896 1756 partim
931 1684 1119 1746 dubia,
1149 1693 1204 1738 et
1244 1681 1632 1738 ecclesiasticis
1659 1695 1750 1734 ca-

1857 491 2118 564 Keplerus
2161 488 2303 567 ᾖτινι
2341 493 2490 563 legit.

1927 586 2044 641 Col.
2071 586 2176 641 935
2197 587 2261 639 A.
2291 585 2398 639 Kal
2415 585 2610 650 ἄλλοις
2627 585 2751 638 κατ’
2772 583 2907 650 ἔτος
2926 586 3227 653 τέσσαρας
3255 579 3428 651 ὥρας.

1855 662 2172 748 Cuiusmodi
2227 693 2303 733 χιι
2354 687 2568 733 constat
2596 676 2658 730 τὸ
2709 676 3067 748 νυχθήμερον.
3122 675 3256 730 Nam
3299 677 3432 728 hora

1857 769 1998 840 apud
2026 769 2384 840 Epiphanium
2419 771 2540 824 duae
2571 768 3126 837 suntatquinoctiales
3156 770 3320 821 horae.

1930 858 2064 914 Ibid.
2099 861 2191 926 Ὠς
2203 856 2355 914 εἶναι
2369 862 2456 927 εὶς
2470 857 2543 913 τὰ
2565 860 2698 928 τρία
2716 859 2846 927 ἐτη.
2879 856 3012 912 Vide
3037 873 3158 927 qua:
3179 855 3432 926 superius

1859 951 2257 1008 adnotavimus.

1929 1042 2063 1098 Ibid.
2085 1043 2180 1097 Διὸ
2199 1043 2335 1112 παρ’
2361 1042 2564 1108 αὐτοῖς
2590 1041 2767 1095 πέντε
2783 1040 2996 1110 μῆνες.
3017 1040 3301 1094 Causatira
3328 1040 3431 1094 ista

1859 1135 2126 1206 particula
2165 1152 2308 1206 aegre
2356 1151 2476 1190 cum
2525 1125 2904 1204 Superioribus
2959 1134 3212 1188 cohaeret.
3274 1131 3435 1188 Forte

1859 1227 2002 1282 idem
2035 1238 2120 1283 est
2141 1228 2286 1298 quod
2307 1227 2438 1281 διότι
2459 1227 2544 1280 vel
2565 1227 2669 1289 ὅτι,
2704 1241 2802 1281 nec
2821 1225 3088 1280 inferendi
3119 1227 3224 1280 vim
3251 1226 3430 1291 habet,

1858 1321 1951 1376 sed
1984 1336 2180 1376 novam
2229 1320 2554 1376 sententiam
2586 1320 2844 1385 inchoat,
2875 1334 2982 1389 qua
3031 1335 3122 1372 xlv
3164 1333 3430 1372 annorum

1857 1411 2042 1481 cyclus
2068 1412 2380 1482 exponitur.
2415 1410 2570 1477 Quod
2606 1411 2650 1466 si
2685 1411 2945 1465 illatiram
2977 1426 3098 1464 esse
3134 1411 3330 1473 mavis,
3365 1409 3432 1462 ad

1857 1503 2226 1558 antecedentia
2269 1503 2597 1574 pertinebit;
2643 1519 2766 1556 nam
2817 1503 2945 1573 quia
2995 1504 3201 1557 lunaris
3253 1518 3432 1556 annus

1856 1595 1973 1650 dies
2006 1596 2167 1650 habet
2200 1611 2407 1662 cccuv,
2436 1596 2494 1650 iit
2523 1603 2582 1650 ut
2611 1595 2772 1650 tertio
2801 1605 2854 1648 et
2881 1604 3034 1649 sexto
3057 1611 3203 1649 anno
3231 1594 3430 1664 singuli

1858 1704 2097 1751 menses,
2123 1699 2177 1752 et
2207 1689 2261 1744 in
2293 1699 2469 1743 totum
2504 1705 2594 1742 xlv
2627 1689 2809 1749 annis,
2840 1688 3080 1758 quinque
3109 1703 3324 1744 menses
3348 1703 3434 1741 ιιι-

171 1777 417 1832 Imnibus
479 1779 777 1832 contraria
810 1778 956 1840 sint,
1014 1777 1217 1831 nullius
1285 1773 1626 1830 auctoritatis
1683 1787 1751 1827 ne
1783 1768 1824 1827 Β
1855 1781 2208 1846 tercalentur,
2239 1781 2386 1850 quod
2423 1795 2476 1834 xl
2513 1779 2709 1834 diebus
2737 1779 2934 1834 solaris
2969 1793 3148 1834 annus
3180 1779 3428 1833 lunarem

166 1868 538 1924 Caesarienses
577 1870 794 1939 quidem
848 1867 950 1940 ipsi
1009 1867 1199 1923 Patres
1248 1882 1370 1922 esse
1421 1867 1746 1931 voluerunt;

172 1974 364 2028 neque
392 1957 575 2014 Victor
603 1976 838 2031 unquam
868 1958 1204 2030 approbavit.
1238 1956 1311 2012 De
1337 1972 1444 2028 qua
1475 1972 1532 2012 re
1563 1969 1746 2026 supra,

169 2068 302 2103 cum
337 2050 402 2106 de
437 2050 734 2106 Dominicze
788 2061 1032 2122 tempore
1075 2049 1355 2104 Passionis
1405 2056 1584 2103 actum
1640 2056 1745 2112 est,

167 2144 440 2200 adversus
472 2146 834 2214 quorumdam
871 2144 1306 2214 superstitiosam
1351 2143 1516 2197 nimis
1555 2141 1750 2196 credu-

169 2236 382 2291 litatem
433 2238 813 2293 disseruimus.
869 2235 1025 2292 Nunc
1064 2237 1232 2302 aliud,
1289 2236 1433 2306 quod
1489 2235 1750 2290 institutae

169 2332 566 2398 disputationis
603 2333 776 2402 magis
816 2332 1096 2402 proprium
1129 2339 1232 2390 est.
1279 2330 1329 2384 in
1378 2330 1570 2384 iisdem
1599 2329 1749 2384 Actis

169 2426 510 2480 notabimus.
569 2426 804 2480 Censent
852 2426 1000 2478 enim
1049 2424 1138 2477 illa
1195 2422 1587 2492 aequinoctium
1643 2438 1749 2476 xxv

169 2517 352 2572 Martii
403 2518 552 2583 Iieri,
607 2532 716 2588 quo
764 2517 879 2572 haec
933 2515 1426 2584 pronuntiabantur
1480 2524 1742 2585 tempore,

169 2610 284 2666 hoc
315 2621 398 2666 est
421 2626 567 2664 anno
595 2609 798 2665 Christi
826 2608 954 2663 298.
987 2606 1142 2673 Quod
1173 2621 1337 2675 quam
1395 2606 1534 2660 falso
1568 2605 1749 2658 credi-

172 2713 294 2757 tum
326 2703 418 2766 sit,
466 2702 547 2757 vel
590 2701 1002 2756 observationes
1036 2701 1166 2769 ipsae
1197 2698 1474 2754 Ptolemaei
1525 2713 1589 2752 ac
1625 2711 1742 2752 ma-

172 2796 485 2851 thematicae
521 2793 720 2850 tabula:
753 2795 1158 2855 demonstrant,
1193 2808 1258 2846 ex
1311 2791 1510 2861 quibus
1560 2803 1747 2842 notum

170 2897 282 2951 est,
314 2887 700 2958 aequinoctium
748 2897 876 2940 tunc
914 2886 965 2938 in
998 2899 1133 2947 χχιι,
1165 2885 1276 2939 imo
1314 2886 1478 2938 etiam
1525 2897 1616 2934 χχι
1668 2883 1750 2932 in-

171 2982 398 3038 cidisse.
434 2979 538 3035 Sed
575 2983 678 3035 boc
725 2995 834 3034 non
870 2994 1058 3048 urgeo.
1106 2976 1236 3032 Esto
1281 2992 1386 3030 xxv
1425 2973 1600 3028 Martii
1633 2972 1750 3026 dies

171 3073 514 3144 zequinoctii.
537 3070 655 3126 Jam
686 3072 810 3142 quis
839 3069 1296 3125 absurdissimum
1324 3081 1464 3131 esse,
1493 3072 1547 3120 et
1576 3065 1749 3120 eccle-

171 3165 420 3221 siasticae
444 3165 750 3233 disciplina:
790 3178 1095 3233 repugnare
1142 3176 1250 3216 non
1283 3160 1448 3220 videt,
1487 3157 1632 3227 quod
1677 3157 1749 3209 illi

173 3257 446 3320 sciscunt,
487 3253 697 3309 Pascha
739 3254 920 3306 triduo
958 3265 1084 3306 ante
1117 3247 1507 3320 aequinoctium
1541 3245 1754 3301 indici?

173 3347 352 3403 Vetus
382 3357 464 3402 est
487 3363 686 3410 canon,
728 3347 820 3418 qui
852 3347 992 3400 inter
1023 3343 1354 3415 apostolicos
1381 3338 1614 3394 refertur
1653 3357 1664 3391 :
1692 3337 1759 3390 Et

170 3456 262 3503 τις
295 3438 687 3511 πρεσϐύτερος,
720 3438 753 3510 ἢ
799 3437 1043 3500 διάκονος
1077 3435 1175 3506 τὴν
1217 3433 1375 3500 ἁγίαν
1419 3430 1511 3486 τοῦ
1563 3430 1754 3501 Πάσχα

170 3531 394 3600 ἡμέραν
421 3529 526 3601 πρὸ
561 3529 659 3599 τῆς
684 3529 928 3599 εἰαρινῆς
965 3525 1254 3597 ἰσημερίας
1291 3523 1429 3595 μετὰ
1485 3521 1754 3576 Ἰουδαίων

174 3622 500 3686 annalem,
554 3621 941 3693 καθαιρείσθω.
983 3622 1162 3686 Quare
1207 3616 1510 3687 deponendi
1564 3614 1754 3670 Patres

171 3729 372 3765 mnnes
405 3713 481 3766 illi
515 3711 755 3778 fuerunt,
793 3713 837 3766 si
885 3727 1008 3766 vere
1037 3710 1481 3782 pronuntiarunt,
1511 3705 1755 3776 aequino-

170 3808 347 3860 ctium
382 3806 435 3859 in
461 3821 566 3860 xxv
601 3804 778 3861 Martii
807 3806 944 3860 fieri.

246 3939 326 3993 Ac
358 3955 425 3994 ne
449 3939 582 3994 satis
632 3941 852 4010 quidem
887 3947 1140 3994 accurate
1183 3937 1315 3993 mihi
1348 3936 1621 4006 paschalis
1653 3944 1756 3990 ter-

173 4033 363 4087 minus
397 4049 492 4102 per
517 4033 649 4088 illud
685 4043 900 4102 tempus
928 4033 982 4086 in
1018 4047 1105 4086 xxi
1148 4030 1328 4084 Martii
1358 4031 1573 4099 positus
1603 4028 1752 4083 vide-

175 4135 290 4176 tur.
340 4122 550 4176 Etenim
604 4140 748 4176 anno
781 4124 980 4176 Christi
1027 4123 1132 4175 500
1173 4139 1236 4177 ex
1270 4120 1609 4190 Alphonsina
1640 4133 1754 4173 mc-

172 4215 348 4268 thodo
379 4216 766 4284 aequinoctium
799 4217 851 4268 in
882 4216 1058 4267 noctis
1092 4215 1304 4268 initium
1333 4212 1497 4276 cadit,
1533 4211 1636 4265 hoc
1669 4218 1753 4265 est

179 4308 371 4360 horam
401 4323 474 4361 vn
513 4323 541 4360 a
578 4308 802 4361 meridie
837 4307 1057 4369 xx:,-ita
1091 4319 1148 4360 ιιι
1191 4307 1449 4374 spatium,
1484 4320 1578 4373 per
1606 4304 1751 4373 quod

174 4409 517 4462 excurrerct,
569 4399 732 4454 fuerit
763 4417 874 4455 χχιι
923 4399 1098 4453 Martii
1139 4399 1274 4452 dies.
1313 4397 1534 4452 Rectius
1583 4395 1751 4466 igitur

175 4489 390 4544 Pascha
418 4492 662 4546 citimum
701 4493 753 4546 in
788 4509 922 4546 χχιιι
967 4491 1142 4545 Martii
1176 4491 1382 4544 haerere
1414 4490 1611 4561 potuit,
1653 4488 1745 4542 ubi

177 4593 234 4638 et
263 4584 550 4639 Anatolius
577 4585 780 4654 aliique
798 4585 1205 4639 constituerunt
1253 4605 1264 4638 :
1302 4597 1440 4652 quos
1471 4581 1752 4636 Niczenum

177 4676 475 4730 concilium
521 4685 707 4745 postea
755 4684 1036 4740 secutum,
1101 4674 1422 4742 usurpanda:
1469 4671 1753 4726 vetustatis

177 4770 354 4840 gratia
386 4785 495 4824 non
528 4770 747 4839 quidem
779 4770 1025 4824 citimum
1059 4765 1286 4832 Pascha,
1317 4765 1410 4820 sed
1432 4765 1559 4819 anni
1589 4763 1750 4833 primi

175 4863 278 4932 τῆς
312 4861 946 4933 ἐννεακαιδεκαετηρίδος
990 4861 1205 4914 initium
1238 4858 1429 4913 eodem
1465 4858 1520 4910 in
1550 4856 1643 4910 illo
1665 4855 1753 4910 die

178 4972 316 5010 xxm
348 4955 589 5024 reliquit.
614 4953 730 5007 Non
753 4954 891 5007 male
921 4953 1082 5023 igitur
1107 4953 1371 5006 hactenus
1403 4964 1624 5019 operam
1653 4963 1752 5017 po-

174 5050 416 5111 suimus,
445 5047 537 5116 qui
558 5057 611 5100 et
633 5045 1036 5099 nobilissimum
1069 5044 1307 5098 Anatolii
1358 5041 1750 5112 fragmentum,

177 5141 431 5209 idemque
475 5139 864 5208 perobscurum
890 5177 905 5197 ,
959 5137 1245 5206 diligenter
1277 5136 1663 5204 exposuimus,
1700 5142 1754 5188 et

174 5235 245 5286 ab
310 5232 532 5302 egregio
583 5229 1045 5300 sanctissimoque
1096 5229 1252 5284 Patre
1319 5238 1426 5282 tam
1481 5229 1748 5298 insignem

172 5323 510 5377 calumniam
580 5331 743 5392 atque
800 5323 1056 5393 injuriam
1115 5322 1443 5390 depulimus.
1507 5320 1626 5386 Qua
1683 5321 1736 5374 in

171 5414 482 5485 quaestione
535 5414 1017 5482 controversiaque
1067 5413 1421 5482 disceptanda
1472 5413 1750 5484 longiores

172 5520 280 5560 nos
314 5503 515 5570 fuisse,
541 5519 716 5575 neque
746 5520 844 5559 nos
878 5503 1048 5570 ipsos,
1079 5504 1170 5574 qui
1202 5505 1252 5557 id
1288 5504 1593 5558 necessario
1619 5502 1750 5556 feci-

173 5613 322 5661 mus,
359 5599 625 5667 paaztitere
657 5597 930 5660 convenit,
961 5612 1134 5667 neque
1166 5598 1375 5661 lectori,
1413 5597 1498 5651 cui
1526 5600 1750 5650 consul-

170 5704 290 5749 tum
311 5691 605 5757 voluimus,
638 5692 943 5762 displicere.

1854 1883 2089 1943 superet.
2122 1871 2410 1943 Utcunque
2433 1873 2524 1936 sit,
2551 1888 2639 1926 xlv
2669 1887 2938 1926 annorum
2959 1872 3170 1942 cyclum
3192 1871 3432 1926 indicare

1853 1967 2082 2028 videtur,
2111 1965 2162 2018 in
2192 1980 2303 2034 quo
2326 1963 2482 2034 quini
2513 1978 2730 2018 menses
2756 1964 3094 2018 inseruntur.
3121 1962 3223 2018 Sed
3248 1974 3430 2018 utrum

1854 2060 1907 2113 in
1941 2074 2040 2112 usu
2075 2058 2300 2128 politico
2329 2057 2654 2112 observatus
2691 2056 2780 2110 ille
2811 2057 2996 2127 cyclus
3023 2054 3207 2119 fuerit,
3241 2070 3308 2108 an
3333 2070 3429 2124 pe-

1853 2165 1951 2203 nes
2015 2147 2340 2219 Synedrium
2373 2156 2614 2203 retentus
2664 2157 2716 2202 et
2750 2147 2816 2202 ad
2851 2148 3162 2201 methodum
3207 2146 3430 2201 confor-

1853 2253 2067 2302 matus,
2101 2255 2224 2295 cum
2261 2240 2548 2309 plenorum
2585 2253 2957 2308 cavorutnque
3003 2239 3270 2293 mensium
3308 2255 3430 2308 pcr-

1853 2345 2017 2404 petua
2065 2332 2416 2388 successione
2460 2331 2768 2388 communis
2819 2347 2996 2386 annus
3053 2333 3426 2395 evolveretur,

1851 2436 2010 2480 antea
2044 2425 2435 2480 dubitavimus.

1922 2513 2056 2569 Ibid.
2073 2514 2177 2570 Διὰ
2190 2515 2256 2568 τὸ
2272 2513 2652 2584 ἀφαιρεῖσθαι
2666 2514 2785 2569 ἀπὸ
2801 2515 2907 2570 τοῦ
2924 2514 3199 2582 ἡλιακοῦ.
3214 2515 3326 2570 Cur
3341 2532 3430 2570 xlv

1852 2623 2122 2662 annorum
2163 2607 2296 2662 orbe
2348 2607 2644 2663 neomenia:
2696 2608 2968 2663 conclusae
3005 2609 3149 2672 sint,
3204 2624 3425 2663 causam

1852 2699 1953 2754 ista
1995 2700 2262 2766 reddunt;
2295 2700 2388 2756 sed
2433 2715 2534 2770 pro
2565 2700 2718 2756 varia
2755 2701 2890 2771 cycli
2937 2700 3298 2771 dispositione
3342 2703 3428 2756 di-

1851 2808 2010 2849 versa
2054 2793 2181 2864 tingi
2222 2802 2420 2864 potest.
2459 2793 2571 2850 Nos
2603 2794 2805 2864 duplici
2842 2795 3054 2850 ratione
3094 2795 3304 2866 cyclum
3335 2811 3432 2850 ex-

1852 2885 2042 2956 plicari
2073 2900 2234 2954 posse
2270 2886 2552 2942 diximus:
2584 2887 2757 2956 prima
2787 2897 2904 2953 est,
2942 2899 2999 2943 ut
3030 2889 3190 2943 annis
3223 2888 3429 2942 lunari-

1853 2977 1956 3031 bus
1985 2977 2208 3047 przecise
2239 2981 2464 3034 trecenti
2491 2987 2546 3034 et
2578 2979 2975 3049 quinquaginta
3009 2990 3248 3050 quatuor
3283 2981 3426 3045 dies,

1855 3069 2004 3123 horae
2033 3069 2156 3124 octo
2194 3070 2539 3137 tribuantur;
2575 3088 2664 3125 xlv
2696 3081 2876 3126 autem
2913 3074 3072 3129 annis
3105 3073 3222 3130 dies
3263 3074 3426 3141 5I08,

1857 3161 2006 3215 hora:
2031 3161 2085 3215 ι.
2118 3160 2231 3216 Hoc
2262 3165 2526 3232 temporis
2555 3163 2734 3232 spatio
2763 3165 2972 3234 cyclum
2998 3166 3426 3233 constituebant,

1857 3255 1910 3308 in
1950 3269 2058 3324 quo
2092 3256 2261 3311 solius
2286 3255 2494 3312 lunaris
2517 3257 3008 3322 ἀποκαταστάσεως
3033 3259 3297 3314 rationem
3332 3260 3430 3315 ha-

1856 3343 2074 3408 bebant,
2103 3360 2202 3400 nec
2232 3345 2380 3401 illius
2403 3345 2692 3401 ratiocinia
2721 3362 2846 3401 cum
2870 3346 2984 3400 sole
3013 3347 3424 3416 comparabant.

1855 3435 2036 3501 Quare
2070 3437 2136 3490 de
2164 3437 2356 3491 ultimo
2377 3477 2391 3501 ,
2417 3435 2524 3492 hoc
2557 3445 2644 3492 est
2673 3453 2763 3490 xiv
2793 3452 2937 3491 anno
2984 3437 3150 3492 solari
3175 3476 3190 3502 ,
3220 3446 3274 3492 et
3305 3439 3430 3509 qui-

1855 3528 1977 3581 dem
2017 3528 2260 3598 politico,
2294 3527 2388 3598 qui
2420 3537 2502 3583 est
2539 3543 2742 3582 cccuv
2775 3527 3009 3593 dierum,
3037 3529 3154 3584 dies
3187 3531 3430 3602 quinque

1855 3628 1908 3674 et
1941 3621 2130 3674 horam
2165 3635 2330 3674 unam
2359 3619 2723 3675 detrahebant
2751 3639 2765 3675 :
2796 3629 3083 3690 propterea
3109 3622 3253 3691 quod
3287 3623 3332 3677 si
3361 3639 3430 3678 ex

1856 3709 2016 3772 5104,
2059 3710 2092 3763 4
2121 3707 2369 3764 Julianos
2395 3710 2463 3763 13
2493 3711 2724 3775 eximas,
2766 3710 3012 3766 decimus
3054 3720 3284 3782 quartus
3314 3714 3430 3768 dies

1854 3798 2286 3863 liabebitcccu,
2316 3815 2423 3854 una
2457 3800 2594 3854 hora
2630 3801 2850 3867 minus;
2889 3817 3000 3871 quo
3031 3803 3317 3859 intervallo
3348 3806 3431 3859 Iu-

1856 3907 2018 3947 nares
2071 3892 2388 3948 neomenias
2446 3893 2659 3948 restitui
2725 3894 3018 3950 credebant
3077 3914 3092 3951 :
3145 3898 3239 3952 sed
3313 3899 3430 3954 haec

1854 3985 2114 4056 τεχνικῶς
2169 3986 2468 4052 duntaxat,
2513 4003 2620 4041 non
2666 3988 2893 4057 politico
2943 4006 3079 4054 usu;
3125 3993 3426 4046 secundum

1855 4095 2039 4146 quem,
2075 4080 2120 4133 si
2153 4080 2331 4133 minor
2365 4080 2453 4134 hic
2489 4081 2674 4151 cyclus
2708 4097 3005 4151 usurpatus
3052 4081 3235 4150 fuerit,
3282 4085 3431 4140 horae

1855 4171 1960 4224 illa:
1990 4187 2038 4223 tv
2073 4172 2398 4241 appendices
2437 4172 2489 4226 in
2519 4174 2679 4228 tinem
2711 4175 2847 4244 cycli
2877 4174 3088 4244 rejecta:
3131 4185 3280 4231 sunt.
3322 4176 3432 4233 Ita-

1855 4279 1960 4332 que
1988 4280 2111 4318 cum
2143 4272 2265 4333 post
2292 4265 2504 4335 cyclum
2537 4266 2785 4320 lunarem
2811 4283 2900 4320 χιν
2927 4283 3220 4334 annorum,
3245 4271 3312 4326 dc
3343 4288 3430 4328 so-

1853 4356 1923 4412 lis
1952 4358 2254 4414 rationibus
2286 4359 2531 4430 quinque
2562 4359 2680 4415 dies
2700 4403 2714 4425 ,
2747 4362 2896 4416 bone
2927 4373 3053 4417 octo
3093 4364 3313 4436 reliqum
3348 4370 3430 4423 ιο-

1781 4459 1830 4518 n
1859 4461 1999 4513 rent,
2029 4451 2272 4520 quinque
2301 4449 2419 4506 dies
2456 4452 2724 4506 duntaxat
2752 4467 3040 4522 superesse
3070 4456 3170 4510 sibi
3201 4473 3430 4526 persua-

1856 4550 2041 4598 serant
2089 4560 2100 4595 :
2155 4543 2357 4613 quibus
2409 4545 2735 4611 reservatis,
2792 4556 2917 4616 post
2958 4549 3138 4619 cyclos
3189 4553 3430 4608 minores

1856 4645 2070 4690 sextum
2119 4650 2361 4691 mensem
2417 4637 2655 4692 solidum
2709 4638 3127 4697 intercalabant.
3178 4642 3264 4702 .Ita
3315 4646 3430 4700 dies

1857 4727 2055 4782 fiebant
2087 4726 2290 4794 50679;
2335 4743 2568 4799 quorum
2599 4731 2910 4802 οἰκονομίαν
2943 4745 3102 4804 typus
3151 4735 3239 4790 ille
3271 4747 3429 4790 antea

1855 4819 2166 4888 propositus
2189 4821 2448 4873 Ostendit.

1928 4911 2109 4965 Altera
2145 4913 2283 4966 ratio
2311 4929 2322 4964 :
2352 4912 2396 4967 si
2423 4915 2665 4982 quinque
2699 4915 2816 4970 dies
2848 4917 3006 4970 solidi
3037 4934 3098 4970 ex
3129 4918 3275 4972 horis
3305 4929 3429 4973 octo

1857 5002 2075 5057 conflati
2106 5017 2198 5055 xw
2231 5003 2392 5057 annis
2431 5015 2777 5074 arrogentur.
2827 5006 2959 5072 Quae
2981 5010 3164 5062 omnia
3197 5011 3420 5080 diligen-

1858 5104 1938 5148 tcr
1968 5094 2136 5149 habes
2157 5095 2424 5164 explicata
2453 5097 2727 5166 superius,
2759 5099 2850 5152 ubi
2876 5110 2930 5154 et
2956 5116 3023 5154 ex
3056 5109 3286 5170 utraque
3317 5119 3426 5155 mc-

1858 5186 2023 5240 thodo
2062 5184 2350 5254 Epiphanii
2384 5187 2545 5240 verba
2571 5189 2932 5244 correximus.

1926 5278 2059 5334 Ibid.
2092 5277 2202 5333 Τοῦ
2229 5278 2636 5350 ότδοηκοστοῦ
2658 5281 2938 5349 τετάρτου
2964 5282 3161 5350 ἔτους.
3189 5283 3424 5339 Meusem

1856 5367 2007 5422 illum
2043 5367 2394 5420 embolimum
2423 5383 2572 5428 χχχι,
2593 5383 2717 5421 cum
2747 5368 2798 5420 in
2837 5370 2940 5423 fine
2969 5385 3168 5423 Lxxxtv
3197 5371 3323 5424 anni
3346 5372 3428 5423 in-

1855 5456 2105 5512 tercalari
2139 5457 2416 5520 debuerit,
2455 5457 2506 5510 in
2544 5459 2824 5527 sequentis
2867 5460 3004 5530 cycli
3036 5461 3272 5530 primum
3327 5479 3428 5514 an-

1856 5567 1985 5602 num
2027 5546 2261 5616 conjici,
2307 5549 2460 5602 docet
2504 5548 2864 5620 Epiphanius.
2902 5552 3064 5621 Atqui
3111 5565 3425 5608 testam-aea:-

1855 5641 2065 5695 decaet.
2115 5648 2426 5710 postremus
2479 5658 2655 5694 anuus
2700 5643 2922 5712 proprio
2962 5641 3074 5712 jam
3132 5643 3428 5697 embolimo

1857 5734 2115 5802 prmditus
2155 5743 2254 5788 est.
2292 5731 2410 5787 Duo
2465 5735 2624 5801 igitur
2652 5736 2976 5790 cmbolimaei
3025 5753 3142 5790 sese
3182 5736 3428 5802 proxime
