3874 6322
416 321 555 374 10οἹ

1518 313 1864 369 APPENDIX
1901 311 2542 370 DISSERTATIONUM.

3537 314 3685 373 I098

416 444 716 506 sequentur
770 450 784 486 :
836 433 979 503 quod
1029 433 1157 487 olim
1215 431 1417 487 factum
1462 446 1585 486 esse
1640 429 1988 485 Hebraeorum
2020 440 2065 496 Α
2097 430 2507 500 interpretanda
2543 430 2760 484 videtur
2792 448 2805 484 :
2838 430 3026 485 ἕνεκεν
3054 433 3267 497 τούτου,
3293 434 3401 490 hoc
3438 446 3523 490 est
3549 452 3687 490 cum

416 531 668 583 doctores
709 536 981 582 asserunt.
1015 525 1131 578 Imo
1164 540 1294 579 vero
1320 540 1537 578 menses
1578 524 1678 585 ipsi
1708 524 1987 577 embolimi

416 618 527 673 duo
571 618 733 672 simul
778 617 1236 680 inculcabuntur;
1283 624 1549 685 eruntque
1591 616 1693 668 tria
1741 614 1987 669 Adarim.

419 706 524 762 Sed
570 707 762 762 tertius
805 708 931 761 anni
980 723 1152 761 LXXX\
1190 706 1408 759 initium
1451 705 1586 770 erit;
1629 720 1697 759 ne
1744 705 1789 759 si
1822 703 1990 759 Nisan

416 815 516 868 pro
554 800 700 854 Adar
742 800 1130 860 substituatnr,
1176 799 1383 867 epocha
1420 796 1608 851 relicta
1633 840 1646 861 ,
1703 797 1992 850 neonnenia

417 896 472 949 in
509 893 782 949 anteriora
828 893 1009 948 laxius
1057 902 1335 961 evagetur.
1380 892 1455 945 De
1499 891 1715 946 duohus
1765 891 1993 945 emboli-

416 988 572 1043 maais
622 986 869 1056 proxime
920 986 1385 1055 consequentibus
1445 985 1646 1040 fatetur
1694 983 1992 1054 Keplerus;

414 1080 730 1149 posterius,
783 1079 851 1132 de
909 1078 1089 1133 tribus
1150 1078 1372 1133 Adarim
1421 1056 1828 1147 objici'potest.
1888 1076 1994 1131 Sed

415 1180 713 1236 utrumque
769 1184 835 1224 ex
897 1167 1184 1222 Laterculo
1228 1178 1283 1223 et
1326 1168 1593 1237 superiori
1632 1167 1998 1238 disputatione

416 1263 865 1316 commodissime
915 1261 1267 1327 dissolvitur;
1320 1277 1445 1316 nam
1512 1261 1657 1316 aliud
1705 1275 1787 1316 cst
1830 1271 2000 1315 tessa-

418 1352 882 1405 resdecaeteridas
918 1353 1147 1405 seorsim
1185 1367 1246 1404 ac
1280 1360 1561 1413 separatas
1591 1351 1814 1415 intueri,
1846 1348 2000 1404 aliud

419 1443 474 1497 in
503 1442 709 1507 maiore
746 1443 895 1512 cyclo
928 1454 1082 1511 aptas
1109 1443 1336 1497 invicem
1386 1454 1439 1496 et
1468 1454 1769 1497 consertas.
1806 1441 1983 1496 Mino-

422 1548 511 1588 res
541 1533 677 1603 cycli
718 1534 914 1602 singuli
957 1550 1050 1602 per
1088 1549 1207 1588 sese
1248 1550 1280 1586 v
1309 1549 1521 1588 menses
1561 1533 1885 1588 embolimos
1933 1534 1987 1587 in

422 1642 506 1690 ιιι,
544 1641 620 1689 vr,
661 1641 778 1688 vm,
813 1641 887 1691 χι,
922 1641 1033 1689 xiv,
1065 1626 1225 1679 annis
1249 1625 1563 1695 postulant;
1606 1625 1697 1679 sed
1741 1625 1794 1678 in
1831 1624 2006 1678 conti-

422 1734 529 1772 nua
571 1717 711 1772 serie
750 1725 803 1769 ct
852 1715 904 1769 in
940 1715 1146 1786 majore
1175 1716 1325 1786 cyclo
1361 1732 1467 1771 non
1508 1731 1724 1785 semper
1771 1731 1860 1770 xlv
1893 1731 2007 1770 em-

421 1810 710 1863 bolimaeus
747 1815 830 1863 est
877 1825 889 1860 :

424 1909 733 1971 postremus
756 1914 885 1953 vero
926 1899 1100 1953 ultimi
1143 1898 1276 1969 cycli
1314 1913 1512 1961 annus,
1541 1897 1635 1967 qui
1678 1906 1761 1952 est
1785 1911 2001 1963 Lxxxtv,

424 1993 571 2045 Adar
601 1990 819 2060 quidem
850 1989 1078 2043 alterum
1120 1988 1222 2043 sibi
1255 1988 1489 2041 vindicat
1516 2005 1531 2054 ;
1558 2002 1625 2042 co
1669 1987 1815 2056 quod
1854 2002 2006 2041 men-

425 2085 504 2137 sis
527 2083 573 2137 ei
612 2097 741 2136 xxxt
775 2095 841 2135 ex
873 2082 1077 2149 epactis
1108 2080 1385 2151 cyclorum
1413 2079 1713 2144 accrescit;
1746 2078 2003 2149 proinde-

425 2191 532 2244 que
563 2189 614 2228 vt
658 2173 1029 2229 embolimaaos
1077 2172 1277 2225 habere
1314 2170 1501 2235 debet,
1554 2178 1615 2223 ut
1658 2184 1783 2224 cum
1837 2167 2005 2222 sola-ri

428 2281 573 2319 anno
619 2275 896 2334 utcunque
927 2264 1135 2318 lunaris
1187 2263 1526 2331 adaequetur.
1559 2259 1762 2315 Verum
1814 2271 2006 2314 auctor

427 2372 511 2411 est
541 2355 883 2426 Epiphanius
915 2357 966 2409 in
999 2371 1175 2409 Lxxxv
1206 2370 1411 2409 annum
1436 2369 1678 2408 mensem
1705 2352 1857 2406 illum
1884 2363 2007 2405 esse

429 2450 657 2503 dilatum
682 2467 695 2513 ;
724 2448 819 2518 qui
850 2464 973 2502 cum
1004 2462 1191 2501 revera
1231 2447 1304 2501 sit
1335 2446 1504 2508 Adar,
1528 2444 1696 2500 Nisan
1725 2459 1754 2499 a
1779 2442 2004 2508 Ju‘dteis,

430 2552 491 2595 ut
525 2540 753 2609 opinor,
798 2548 880 2593 est
922 2538 1120 2593 factus.
1167 2537 1294 2591 Inde
1340 2539 1584 2601 accedit,
1636 2545 1695 2590 ut
1740 2537 2005 2606 epocham

439 2633 569 2687 anni
599 2633 682 2687 sui
706 2631 1111 2693 anteverterim,
1144 2643 1197 2684 et
1221 2630 1273 2683 in
1298 2629 1488 2684 eodem
1518 2644 1661 2683 anno
1686 2630 1770 2684 bis
1799 2627 2007 2684 Pascha

434 2725 845 2781 celebraverint.
871 2721 1026 2789 Quod
1054 2722 1326 2777 uberrime
1353 2731 1510 2775 antea
1532 2720 1866 2777 declaratum
1890 2730 1994 2775 est.

501 2816 617 2871 Col.
646 2816 749 2871 9'56
772 2817 836 2869 A.
875 2815 1105 2880 Οἵτινες
1142 2813 1399 2883 ὤφειλον
1417 2810 1589 2867 εἶναι.
1631 2813 1883 2867 alendum
1921 2812 2007 2866 hic

432 2920 629 2964 esseet
666 2911 882 2979 quidem
925 2909 1121 2979 duplex
1165 2908 1448 2977 superiora
1494 2908 1626 2962 satis
1657 2907 1950 2961 ostendunt
1987 2923 2002 2959 :

436 3004 670 3071 primum
686 3005 975 3075 τριάκοντα
998 3003 1162 3075 μῆνες
1188 3003 1491 3074 legendum,
1512 3016 1617 3054 non
1633 2998 2006 3072 τριακονταεὶς

439 3098 575 3168 μήν·
605 3097 801 3152 deinde
831 3096 1024 3150 falsum
1055 3105 1139 3151 est
1180 3110 1340 3165 supra
1376 3111 1479 3148 xxx
1517 3109 1735 3148 menses
1765 3094 2005 3162 reliquos

432 3206 558 3245 esse
596 3191 712 3245 dies
751 3205 899 3254 xxtv,
931 3191 1094 3245 horas
1126 3203 1177 3242 vt
1214 3205 1228 3243 :
1259 3188 1463 3257 alioqui
1491 3202 1555 3241 ex
1585 3187 2005 3241 tessaradecaet.

436 3283 649 3336 Juliana
679 3282 888 3336 dierum
922 3281 1090 3345 5H3,
1120 3281 1211 3343 12,
1235 3280 1463 3349 relinqui
1482 3277 1858 3333 tantummodo
1894 3277 2011 3332 dies

435 3384 713 3445 oporteret
743 3385 1009 3444 quatuor,
1045 3376 1232 3430 horam
1262 3388 1424 3427 unam
1445 3413 1460 3437 ,
1500 3381 1753 3441 essetque
1788 3370 2001 3425 lunaris

436 3469 855 3523 tessaradecaet.
929 3467 1136 3522 dierum
1182 3466 1341 3529 5l09,
1372 3466 1458 3521 II.
1501 3462 1743 3537 Syzygim
1787 3460 2013 3531 singulae

437 3570 528 3635 2:),
578 3568 666 3633 I2,
708 3568 810 3632 49’,
840 3568 956 3635 55",
991 3559 1242 3638 %§.Aut
1290 3570 1333 3623 si
1365 3568 1431 3623 de
1460 3584 1551 3622 xlv
1581 3560 1809 3622 Iulianis
1852 3565 2011 3620 annis

439 3664 753 3717 eximantur
782 3664 929 3716 hora:
956 3663 1098 3724 duae,
1137 3671 1195 3715 ut
1223 3661 1329 3715 sint
1358 3662 1475 3716 dies
1502 3660 1665 3723 5115,
1698 3658 1787 3721 IO,
1837 3668 2013 3712 tcssa~

439 3759 734 3821 ratlecaet.,
768 3757 989 3811 lunares
1024 3756 1249 3824 singula:
1280 3756 1395 3809 dies
1441 3754 1718 3808 habebunt
1752 3750 1918 3814 5109,
1953 3751 2010 3815 9,

444 3860 677 3931 syzygisc
696 3860 788 3924 9.9,
822 3858 909 3920 12.
953 3858 1056 3924 48',
1095 3856 1190 3911 54"
1216 3847 1344 3927 31.73;.
1376 3855 1530 3923 Quod
1553 3870 1653 3926 ego
1682 3869 1869 3908 verum
1905 3868 2012 3907 non

444 3952 705 4004 arbitror.
740 3950 1108 4019 Corrigendus
1159 3948 1340 4015 itaque
1382 3944 1690 4015 Epiphanii,
1722 3954 1817 3997 aut
1848 3943 2014 3997 libra-

445 4043 510 4097 rii
538 4044 710 4113 ipsius
742 4059 918 4105 error,
949 4050 1003 4095 ct
1028 4040 1106 4093 vel
1133 4039 1302 4093 εἴκοσι
1332 4037 1474 4091 ὀκτὼ
1505 4037 1724 4109 ἡμέραι,
1754 4037 1837 4090 vel
1873 4036 2015 4088 εἴκο-

447 4157 498 4191 σι
528 4138 671 4191 ὀκτὼ
708 4136 800 4190 καὶ
833 4130 969 4207 ὧραι
1006 4136 1153 4206 τρεῖς
1187 4134 1291 4188 hoc
1320 4133 1440 4186 loco
1479 4130 1844 4187 scribendum.
1882 4126 2014 4182 Vide

444 4247 566 4299 quae
595 4240 749 4283 antea
782 4227 1041 4280 diximus.

504 4320 641 4373 Ibid.
662 4317 1191 4372 Β.Ἕνεκεντοίνυν
1206 4310 1561 4367 τούτου.Νοη
1578 4310 1705 4365 illud
1722 4310 2011 4381 signillcat,

444 4409 589 4478 quod
620 4410 916 4462 arbitratur
940 4405 1221 4476 Keplerus,
1246 4415 1297 4458 et
1317 4405 1456 4473 quod
1476 4404 1648 4474 prima
1679 4402 1856 4470 specie
1881 4401 2014 4455 velle

2089 523 2382 592 depravata
2439 523 2527 577 illa
2565 523 2826 577 methodo
2867 539 2930 578 ae
2974 526 3107 597 cycli
3154 526 3521 594 dispositione
3556 536 3686 583 utc-

2093 623 2304 677 rentur,
2335 616 2641 670 secundum
2683 629 2850 685 quam
2884 633 2973 671 xiv
3002 618 3131 671 luna
3173 618 3339 673 biduo
3369 619 3687 683 cmlestem.

2093 706 2199 761 hoc
2232 719 2315 762 cst
2350 707 2626 763 Niczenam
2663 711 3027 775 anteveniret,
3078 712 3457 766 animadversa
3519 712 3647 765 labe
3672 756 3689 779 ,

2092 795 2423 864 Pharisazos,
2457 798 2640 869 quoad
2673 799 3034 870 plenilunium
3077 802 3299 871 propius
3332 804 3690 865 accederent,

2094 888 2306 946 Pascha
2340 892 2393 945 in
2429 909 2497 946 xv
2530 893 2715 946 lunam
2742 894 3038 948 distulisse.
3075 893 3260 966 Itaque
3281 895 3583 966 dupliciter
3608 897 3686 951 vi-

2098 981 2238 1037 tiosa
2267 981 2550 1039 Paschalis
2579 984 2864 1039 celebritas
2890 985 2991 1040 fuit
3037 1004 3051 1041 :
3089 992 3324 1057 primum
3374 989 3521 1058 apud
3554 1004 3691 1051 eos.

2098 1074 2194 1144 qui
2238 1073 2373 1129 feria
2410 1091 2470 1129 ιιι
2518 1075 2647 1130 luna
2676 1093 2750 1132 xu
2796 1076 3013 1132 Iudaica
3056 1080 3260 1134 Pascha
3295 1080 3690 1143 comederunt,

2100 1167 2246 1237 quod
2277 1166 2412 1221 feria
2468 1184 2501 1221 v
2557 1167 2683 1224 luna
2712 1186 2803 1223 xrv
2841 1170 3147 1227 faciendum
3176 1182 3292 1226 erat
3334 1189 3349 1226 :
3386 1182 3504 1227 tum
3541 1177 3692 1243 apud

2100 1255 2431 1325 Pharisazos,
2496 1261 2590 1333 qui
2638 1262 2937 1334 ὑπερϐἀσει
2992 1275 3208 1334 recepta
3262 1281 3353 1318 xiv
3408 1266 3548 1336 cycli
3604 1266 3693 1320 sui

2101 1353 2471 1423 praztergressi
2500 1364 2647 1410 sunt.
2688 1356 2939 1411 Christus
2970 1372 3134 1426 porro
3182 1372 3305 1411 cum
3356 1358 3557 1427 majori
3593 1373 3696 1427 po—

2104 1443 2216 1513 puli
2253 1454 2406 1514 parte
2448 1444 2579 1500 feria
2631 1449 2792 1502 tertia
2822 1449 3135 1504 celebravit.
3180 1448 3258 1503 Ita
3288 1449 3513 1519 quidem
3561 1448 3695 1520 Epi-

2104 1538 2365 1607 phanius,
2400 1555 2502 1593 nec
2525 1540 2681 1594 aliter
2712 1542 3055 1608 interpretari
3082 1542 3224 1606 licet,
3258 1551 3354 1596 aut
3386 1542 3457 1595 ab
3500 1555 3696 1596 errore

2108 1626 2403 1681 vindicare.
2449 1627 2635 1700 Neque
2662 1630 2807 1684 enim
2844 1632 2977 1685 feria
3014 1633 3192 1697 tertia,
3224 1632 3329 1685 hoc
3356 1640 3440 1686 cst
3490 1644 3695 1701 quarto

2109 1727 2235 1772 ante
2256 1716 2575 1774 Passionem
2619 1721 2705 1775 die
2732 1721 2986 1775 Christus
3012 1719 3276 1776 Paschate
3307 1720 3536 1777 {tinctus
3567 1733 3691 1788 est;

942 1808 1083 1861 unde
1124 1821 1300 1875 neque
1341 1807 1480 1861 duos
1522 1807 1744 1861 Adartm
1795 1806 2000 1876 exigit;
2035 1791 2078 1850 Β
2109 1826 2285 1882 neque
2312 1813 2477 1867 biduo
2505 1815 2557 1867 in
2588 1814 2825 1870 vinculis
2866 1815 3121 1879 habitus,
3157 1816 3300 1886 quod
3334 1816 3543 1870 frustra
3571 1832 3694 1871 cre—
3752 1864 3755 1865 ν

2104 1905 2241 1960 didit
2295 1904 2636 1977 Epiphanius
2684 1926 2696 1961 :
2751 1924 2876 1962 nam
2922 1909 2987 1963 de
3037 1908 3395 1982 σταυρώσεως
3443 1920 3694 1980 tempore

2104 1997 2391 2052 nobiscum
2438 2000 2624 2053 sentit.
2668 1997 3056 2056 Emendandus
3100 2001 3264 2072 igitur
3309 2012 3395 2056 est
3441 2003 3513 2057 ad
3563 2019 3691 2058 eum

2104 2089 2327 2142 modum
2356 2105 2516 2158 quem
2553 2106 2717 2160 supra
2753 2092 3253 2147 demonstravimus
3292 2110 3417 2165 pag.
3452 2095 3574 2150 I72.

2175 2177 2313 2233 Ibid.
2337 2180 2445 2234 Kal
2462 2180 2587 2234 ἐκεῖ
2608 2182 2671 2236 τὸ
2699 2180 2935 2252 Πάσχα.
2968 2182 3108 2249 Quid
3142 2184 3226 2239 hic
3243 2184 3447 2237 audio?
3471 2186 3608 2247 ἐκεῖ,
3636 2183 3692 2238 id

2105 2282 2189 2325 est
2213 2271 2266 2324 in
2293 2271 2452 2326 liort‘o
2471 2272 2676 2328 Pascha
2697 2274 3088 2330 manducasse?
3104 2273 3324 2329 Minime
3350 2276 3401 2329 id
3429 2277 3690 2346 quidem;

2107 2367 2201 2421 sed
2235 2367 2320 2420 vel
2360 2367 2478 2419 ἐκεῖ
2517 2368 2582 2420 ad
2620 2368 2902 2435 superiora
2943 2368 3196 2435 pertinet,
3231 2368 3313 2419 vel
3365 2368 3693 2438 trajectione

2106 2467 2295 2527 peccat
2316 2458 2407 2513 hic
2436 2460 2607 2512 locus.
2632 2456 2786 2524 Quod
2811 2458 3030 2528 subjicit
3061 2477 3073 2501 τ
3105 2458 3202 2511 οὐκ
3226 2459 3400 2524 ἄλλως
3430 2462 3688 2529 ποιήσας,

2106 2551 2386 2606 Christum
2412 2560 2659 2619 excusat,
2686 2567 2783 2606 cur
2810 2568 2915 2609 non
2944 2552 3183 2623 legitimo
3207 2562 3452 2621 tempore
3478 2551 3689 2606 Pascha

2107 2643 2410 2714 peregerit;
2442 2643 2589 2713 quod
2634 2644 2698 2697 ad
2746 2643 3022 2712 publicum
3053 2652 3108 2698 et
3135 2659 3486 2698 communem
3526 2659 3690 2698 usum

2107 2732 2529 2788 accommodare
2553 2751 2609 2788 sc
2633 2734 2904 2787 maluerit.

2166 2825 2304 2881 Ibid.
2318 2824 2379 2878 D.
2391 2826 2585 2891 Εὐθὺς
2598 2824 3247 2893 πρῶτοςοὺαλεντῖνος.
3259 2824 3381 2879 Haec
3398 2841 3461 2879 ex
3482 2825 3692 2880 Ircneo

2107 2936 2367 2990 expressa
2403 2929 2529 2975 sunt
2564 2938 2576 2974 :
2616 2920 2709 2988 qui
2755 2920 2850 2973 lib.
2889 2934 2949 2981 ιι,
2989 2935 3107 2988 cap.
3154 2920 3244 2984 '58,
3273 2916 3692 2973 Yalentinianos

2109 3013 2330 3078 refutat,
2371 3012 2463 3081 qui
2504 3026 2608 3063 xxx
2663 3008 2905 3063 JEonum
2949 3010 3232 3080 collegium
3266 3011 3367 3063 hoc
3416 3024 3688 3063 annorum

2110 3103 2315 3158 Christi
2354 3117 2582 3156 numero
2614 3100 2912 3155 fulciebant
2945 3119 2958 3153 :
2991 3102 3190 3171 quippe
3224 3100 3508 3155 Christum
3537 3118 3690 3156 assc-

2117 3196 2306 3250 rebant
2352 3210 2498 3249 anno
2545 3194 2721 3248 aetatis
2770 3209 2877 3247 xxx
2927 3209 3144 3263 passum
3185 3209 3325 3260 esse,
3370 3210 3559 3250 mense
3588 3210 3687 3249 xu.

2113 3288 2315 3343 Contra
2344 3302 2483 3358 quos
2504 3303 2623 3356 cap.
2668 3286 2738 3340 ’59
2766 3287 3122 3349 demonstrat,
3151 3286 3369 3339 biennio
3401 3298 3455 3341 et
3482 3287 3691 3357 aliquot

2115 3381 2397 3435 mensibus
2416 3382 2760 3450 praedicasse.
2785 3376 3146 3448 Posteaquam
3174 3377 3337 3447 igitur
3370 3379 3439 3432 de
3460 3390 3691 3449 utroque

2117 3490 2282 3539 anno,
2318 3484 2425 3528 tam
2459 3490 2567 3543 quo
2586 3484 2749 3528 natus
2766 3489 2927 3543 quam
2954 3488 3064 3542 quo
3081 3489 3275 3542 passus
3302 3481 3381 3527 est
3404 3471 3687 3535 Dominus.

2117 3565 2522 3620 accuratissime
2538 3566 2954 3635 disputavimus,
2978 3562 3402 3619 consentaneum
3425 3576 3529 3628 est,
3554 3568 3689 3620 utde

2116 3659 2468 3723 Paschatum,
2517 3674 2637 3728 quae
2676 3667 2801 3727 post
2843 3658 3169 3726 baptismum
3219 3655 3475 3710 Christus
3520 3658 3685 3718 obiit,

2117 3768 2350 3809 numero
2430 3751 2799 3807 diilicillimam
2888 3751 3243 3821 quaestionem
3333 3749 3678 3818 explicemus.

2117 3845 2292 3914 Quam
2333 3862 2434 3901 nos
2463 3846 2608 3899 hunc
2630 3845 2806 3914 ipsum
2836 3844 2889 3897 in
2916 3844 3093 3897 locum
3127 3845 3320 3898 merito
3348 3842 3685 3903 distulimus.

2115 3937 2265 4011 quod
2316 3955 2441 3992 cum
2490 3937 2757 4006 superiori
2803 3938 2870 3991 de
2907 3934 3167 3990 Passione
3210 3934 3414 3990 Christi
3444 3935 3688 4004 disputa-

2115 4032 2267 4087 tione
2290 4046 2536 4086 connexa
2568 4041 2731 4100 atque
2756 4030 3027 4099 implicata
3056 4029 3348 4084 videretur.

2700 4165 3014 4233 baptismum
3086 4163 3351 4218 Prisc/tata
3446 4165 3687 4219 Christus

2798 4238 3001 4290 abierit.

2116 4168 2256 4233 Quot
2319 4165 2604 4221 secundum

2189 4392 2343 4447 Mitto
2373 4403 2579 4447 veteres
2607 4392 2753 4455 illos,
2787 4406 2891 4445 non
2922 4390 3204 4444 haereticos
3246 4389 3448 4453 solum,
3477 4399 3537 4443 ut
3580 4387 3685 4442 Va-

443 4500 679 4563 videtur,
722 4515 787 4554 ex
824 4497 983 4566 hujus
1021 4496 1152 4569 cycli
1202 4496 1463 4565 pravitate
1497 4492 1661 4547 biduo
1702 4490 2010 4545 Judaeornm
2045 4503 2090 4558 ι)
2119 4485 2468 4551 lentinianos,
2501 4485 2594 4539 sed
2629 4484 2792 4538 etiam
2839 4483 3049 4548 Patres,
3080 4482 3170 4551 qui
3203 4498 3347 4536 anno
3376 4483 3551 4537 .ctatis
3583 4499 3687 4537 xxx

444 4591 655 4645 Pascha
693 4590 989 4661 legitimum
1027 4599 1240 4659 tempus
1283 4586 1685 4640 antecessisse:
1730 4585 1886 4654 quasi
1924 4585 2009 4639 bi-

446 4683 540 4736 dui
568 4691 772 4734 tantum
821 4681 1123 4749 προήγησις
1157 4696 1184 4731 a
1214 4693 1340 4731 vera
1384 4692 1472 4729 xiv
1514 4677 1655 4730 facta
1690 4678 1787 4739 sit;
1826 4676 2017 4729 Phari-

448 4791 588 4829 sa'os
614 4790 740 4829 vero
778 4775 880 4828 dici
916 4774 1080 4827 unius
1114 4772 1412 4844 ὑπερϐάσει
1447 4772 1762 4830 constituta,
1791 4786 1898 4823 uno
1932 4771 2020 4825 die

448 4866 713 4919 duntaxat
765 4865 1133 4933 anticipasse;
1182 4878 1305 4917 cum
1350 4862 1513 4916 biduo
1565 4861 1737 4915 solido
1768 4859 2020 4914 Christus

448 4957 722 5011 Nirzeuam
768 4972 855 5009 xlv
897 4956 1274 5019 anteverterit;
1316 4969 1439 5008 nam
1492 4953 1678 5007 eodem
1724 4969 1888 5008 sensu
1918 4953 2022 5008 hoc

447 5055 567 5109 loco
601 5051 737 5106 dixit
770 5049 988 5105 Judmos
1040 5048 1328 5121 προλαϐεῖν
1370 5048 1583 5118 ἡμέρας
1609 5045 1719 5109 δύο,
1772 5062 1881 5115 quo
1921 5062 2019 5101 su-

447 5148 660 5219 periore
691 5162 940 5205 numero,
972 5142 1174 5213 ἔφαγον
1214 5141 1274 5194 τὸ
1315 5140 1505 5211 Πάσχα
1537 5140 1643 5213 πρὸ
1676 5141 1768 5194 δύο
1797 5140 2021 5213 ἡμερῶν

444 5239 539 5293 τιοῦ
588 5242 799 5306 φαγεῖν.
841 5238 911 5290 At
965 5236 1075 5289 illic
1115 5234 1262 5287 bidui
1312 5233 1628 5303 anticipatio
1676 5248 2019 5302 nequaquam

446 5334 511 5387 ad
564 5331 836 5385 Nicmnam
892 5346 1002 5389 xlv,
1065 5326 1157 5381 sed
1208 5327 1272 5379 ad
1314 5323 1596 5379 Iudaicam
1658 5325 2022 5395 vitiosamque

445 5436 815 5493 comparatur,
848 5440 968 5491 quae
996 5438 1117 5473 eum
1171 5420 1222 5472 in
1259 5418 1444 5471 feriant
1496 5434 1524 5471 v
1553 5417 1727 5471 Martii
1762 5434 1850 5471 xtx
1888 5419 2022 5473 inci-

446 5523 617 5579 deret,
645 5514 900 5567 Christus
929 5528 1050 5564 cum
1088 5509 1400 5563 Iudaeorum
1433 5509 1595 5578 vulgo
1616 5508 1747 5562 feria
1772 5524 1850 5571 ιιι,
1879 5506 2021 5561 Mar—

446 5607 505 5660 tii
545 5620 652 5657 xvtt
690 5602 908 5656 Pascha
956 5602 1267 5654 crlcln‘avit.
1314 5600 1495 5666 Quare
1543 5615 1719 5668 neque
1757 5600 1859 5654 hoc
1904 5601 2021 5653 loco

442 5699 538 5753 δύο
562 5696 777 5767 ἦμέρας
806 5693 1108 5764 προῧλαϐεν
1152 5692 1426 5746 Nicaenam
1475 5708 1587 5752 xiv,
1638 5691 1728 5743 sed
1764 5708 1827 5745 ex
1868 5693 2021 5762 cyclo

445 5787 726 5843 communi
755 5784 1058 5839 Iudaicam.
1102 5783 1393 5854 Propterea
1424 5785 1503 5838 sic
1548 5782 1835 5852 Epiphanii
1866 5798 2020 5839 mens

2120 4594 2342 4650 passum
2393 4576 2683 4630 Dominum
2731 4577 3005 4628 memoriae
3058 4573 3412 4644 prodiderunt
3443 4590 3457 4626 :
3488 4574 3688 4642 quique

2118 4685 2288 4725 unum
2339 4670 2387 4723 ei
2422 4669 2689 4722 duntaxat
2740 4665 3142 4736 praedicationis
3194 4680 3397 4717 annum
3446 4665 3687 4734 assigna-

2120 4771 2269 4823 runt,
2302 4772 2360 4815 ut
2399 4763 2537 4815 inter
2580 4762 2718 4816 alios
2764 4759 2971 4813 Tertul.
3006 4760 3099 4813 lib.
3134 4769 3274 4813 cont.
3298 4756 3430 4814 Jud.
3479 4773 3598 4828 cap.
3629 4758 3681 4813 8.

2120 4856 2249 4910 Item
2278 4855 2592 4911 Lactantius
2632 4856 2727 4909 lib.
2761 4871 2835 4921 tv,
2874 4870 2996 4923 cap.
3031 4854 3127 4920 10;
3159 4853 3325 4908 Clem.
3358 4854 3512 4908 Alex.
3545 4854 3637 4908 lib.
3669 4870 3683 4907 ι

2120 4960 2173 5005 ει
2204 4966 2252 5003 vt
2276 4946 2499 5014 Strom.;
2532 4948 2822 5003 Africanus
2840 4949 2981 5018 apud
3017 4947 3164 5002 Hier.
3194 4949 3248 5001 in
3282 4948 3419 5003 Dan.
3455 4965 3575 5019 cap.
3609 4965 3681 5005 Ix.

2193 5041 2314 5108 His,
2357 5042 2603 5110 inquam,
2639 5040 3045 5109 przetertnissis,
3092 5054 3325 5108 quorum
3356 5040 3539 5108 opinio
3572 5056 3684 5095 ma-

2122 5132 2318 5189 nifeste
2369 5150 2491 5188 cum
2526 5131 2754 5186 Joannis
2804 5147 2868 5185 ac
2902 5140 3220 5185 caeterorum
3270 5128 3563 5199 Evangelio
3593 5147 3684 5199 pu—

2122 5235 2271 5296 gnat,
2304 5234 2414 5279 tres
2461 5233 2590 5279 sunt
2636 5223 2920 5292 praecipuae
2963 5222 3031 5275 de
3082 5220 3409 5275 Paschatum
3464 5236 3685 5274 numero

2122 5320 2402 5376 sententiae
2435 5338 2447 5371 :
2498 5333 2622 5371 nam
2669 5318 2749 5371 vel
2779 5318 2904 5383 tria,
2936 5316 3019 5370 vel
3050 5324 3306 5385 quatuor,
3339 5318 3422 5368 vel
3452 5315 3685 5386 quinque

2123 5419 2468 5473 statuuntur;
2507 5424 2741 5477 quorum
2776 5418 3110 5477 postremum
3158 5406 3288 5460 illud
3322 5416 3425 5471 est,
3458 5406 3513 5459 in
3544 5422 3645 5475 quo
3668 5449 3680 5465 ,

2122 5502 2205 5556 vel
2230 5502 2335 5555 sub
2365 5500 2509 5570 quod
2540 5500 2791 5555 Christus
2826 5500 2878 5553 in
2926 5515 3089 5554 cruce
3135 5498 3359 5552 sullixus
3386 5508 3468 5552 est
3504 5517 3519 5567 ;
3549 5500 3676 5569 quod

2122 5596 2348 5666 proinde
2378 5593 2758 5666 σταυρώσιμον
2783 5595 3002 5649 dicitur.
3038 5594 3113 5647 Ex
3144 5594 3210 5648 iis
3242 5596 3476 5649 secunda
3506 5597 3680 5651 Inedia:

2122 5692 2440 5753 vetustatis,
2502 5690 2657 5744 tertia
2710 5687 2879 5741 infimi
2937 5687 3169 5743 szeculi:
3227 5689 3401 5757 prima
3446 5701 3677 5744 veterum

2125 5783 2516 5854 propemodum
2573 5784 2821 5839 omnium
2854 5793 2956 5839 est.
3010 5783 3076 5839 Ut
3123 5785 3281 5855 igitur
3325 5789 3480 5856 plura
3523 5788 3681 5843 tribus
