3832 6220
157 368 299 429 {009

1082 372 1167 425 DE
1205 370 1392 429 ANNO
1425 372 1512 428 ΕΤ
1554 372 1667 428 Dl‘E
1706 373 2056 433 DOMINICE
2092 378 2471 457 PQSSIONIS.

3269 383 3407 442 1010

154 493 426 549 Paschata
453 499 579 562 post
604 490 936 560 baptismum
976 492 1162 561 elapsa
1206 493 1519 556 credantur,
1554 494 1733 549 Evan-
1762 496 1809 555 Δ
1838 497 2162 565 prmdicarit.
2200 498 2275 553 Ex
2309 517 2419 569 quo
2462 498 2769 553 ratiocinati
2809 505 2937 553 sunt
2982 498 3211 553 alterum
3238 501 3287 555 ei
3321 516 3405 558 reo

152 588 419 655 geliorum
456 584 771 640 testimonio
823 594 998 640 ratum
1056 588 1173 642 fieri
1223 590 1457 655 videtur,
1511 590 1565 645 in
1613 591 1725 659 pri-

141 681 370 748 misque
410 676 659 743 Joannis,
718 680 812 749 qui
859 677 1171 736 distinctius
1212 695 1276 735 ea
1310 682 1519 736 caeteris
1552 683 1727 738 tribus

153 775 594 842 nominatimque
655 773 991 843 perscripsit.
1068 774 1223 843 Apud
1277 790 1439 844 quem
1490 776 1724 844 primum

150 863 368 918 Pascha
419 864 581 932 paulo
633 873 754 933 post
798 863 1125 931 baptismum
1178 873 1233 917 et
1284 866 1605 919 miraculum
1671 866 1725 919 in

150 960 300 1011 Caua
340 954 543 1010 factum
588 970 707 1024 cap.
742 972 801 1019 ιι,
847 971 986 1010 com.
1025 956 1089 1010 15
1138 968 1482 1021 recensetur;
1532 971 1728 1011 secun-

150 1052 284 1104 dum
319 1064 440 1119 cap.
495 1063 549 1114 ν,
598 1063 742 1102 com.
791 1048 844 1113 1,
880 1048 973 1102 ubi
1021 1047 1219 1103 festum
1257 1050 1401 1103 diem
1446 1064 1476 1103 a
1522 1047 1727 1104 Judaeis

149 1142 487 1195 celebratum
530 1139 605 1193 ait
639 1157 652 1192 :
687 1138 832 1209 quod
867 1139 935 1193 de
968 1139 1232 1194 Paschate
1258 1139 1493 1195 lrenaeus
1528 1140 1728 1207 accipit

151 1239 249 1291 lib.
287 1254 348 1296 ιι,
390 1250 512 1304 cap.
555 1234 658 1297 '59;
715 1231 933 1285 tertium
986 1240 1069 1285 est
1100 1247 1219 1301 cap.
1253 1247 1307 1295 v,
1344 1247 1487 1285 com.
1519 1231 1555 1284 4
1604 1241 1727 1301 post

149 1337 398 1381 saturata
426 1326 668 1395 quinque
702 1323 868 1377 millia
903 1322 1137 1392 panibus
1190 1322 1430 1392 quinque
1490 1339 1553 1378 ac
1582 1325 1724 1377 duo-

148 1424 258 1476 bus
284 1420 560 1491 piscibus;
590 1424 845 1485 quartum
869 1424 955 1469 est
984 1416 1137 1481 illud,
1169 1417 1223 1470 in
1265 1432 1374 1487 quo
1399 1431 1594 1486 passus
1619 1428 1721 1470 est.

147 1515 232 1569 Ad
268 1516 406 1567 hanc
432 1510 663 1567 Joannis
687 1509 996 1573 historiam,
1032 1517 1085 1563 et
1108 1510 1387 1563 intervalla
1422 1517 1723 1580 temporum

149 1606 489 1675 reliquorum
566 1602 939 1666 narrationes,
997 1616 1118 1670 qua:
1176 1600 1357 1656 minus
1408 1601 1722 1657 distinctam

151 1700 356 1753 habent
386 1696 808 1765 descriptionem
846 1704 1175 1764 temporum,
1206 1694 1353 1750 velut
1383 1694 1448 1749 ad
1479 1694 1722 1764 regulam

148 1789 575 1847 accommodare
608 1792 854 1842 nituntur
886 1802 1049 1843 :nam
1088 1791 1323 1867 primum
1367 1786 1585 1855 quidem
1617 1784 1721 1838 Pa-

150 1887 289 1941 scha
329 1884 506 1937 solum
559 1881 828 1936 Joannem
863 1861 1326 1934 commemorasse
1351 1886 1541 1948 putant
1578 1897 1591 1931 :
1639 1894 1729 1931 se-
1759 1861 1801 1916 Β

150 1978 395 2033 cundum
445 1976 589 2046 quod
632 1973 871 2029 Joannes
913 1974 1092 2028 adhuc
1146 1972 1450 2041 baptizasse
1507 1972 1725 2041 legitur,

149 2068 316 2125 Joan.
377 2082 461 2132 ιιι,
514 2066 835 2132 25.Quoin
865 2064 1077 2119 vincula
1130 2063 1378 2132 conjecto
1433 2063 1731 2133 praedicare

150 2160 409 2216 Christus
430 2157 614 2227 carpit,
646 2156 836 2211 Matth.
871 2172 943 2221 ιν,
981 2156 1036 2219 2,
1069 2164 1123 2210 et
1142 2155 1309 2209 Marc.
1346 2172 1384 2221 ι,
1414 2156 1479 2210 Η
1511 2174 1525 2210 :
1559 2170 1588 2209 a
1618 2171 1729 2225 quo

150 2264 400 2322 tempore
435 2262 548 2306 tres
580 2249 757 2304 caeteri
795 2264 883 2302 res
908 2264 936 2301 a
982 2248 1203 2303 Christo
1243 2255 1426 2316 gestas
1466 2246 1612 2300 velut
1658 2246 1728 2301 ab

150 2347 316 2401 lnitio
346 2346 641 2399 deducunt.
693 2342 951 2411 Sequitur
996 2356 1127 2410 ergo
1164 2339 1372 2395 Pascha
1402 2340 1723 2402 secundum,

147 2438 301 2509 quod
326 2454 448 2491 eum
479 2434 633 2491 Joan.
660 2451 711 2502 ν,
739 2445 851 2489 ιιιιιι
880 2434 1069 2489 Matth.
1097 2451 1195 2500 xu,
1216 2433 1381 2488 Marc.
1416 2449 1475 2497 ιι,
1511 2431 1642 2487 Luc.
1673 2448 1727 2487 vr

148 2533 316 2586 tacite
353 2530 708 2599 signiticatur,
750 2543 817 2581 eo
858 2528 1003 2595 quod
1047 2526 1287 2581 Sabbato
1342 2527 1726 2597 deuteroproto

146 2637 251 2692 per
280 2633 396 2677 sata
441 2620 709 2675 transisse
730 2620 993 2675 dicuntur
1031 2619 1283 2688 apostoli,
1319 2628 1374 2674 et
1403 2619 1583 2688 spicas
1613 2620 1726 2674 vel-

146 2716 353 2769 licasse
385 2731 399 2767 :
429 2712 577 2782 quod
624 2722 841 2780 tempus
890 2711 941 2765 in
994 2711 1143 2781 ipsas
1192 2711 1520 2783 Azyrnorum
1561 2708 1727 2766 ferias

147 2806 405 2862 incurrit.
460 2802 580 2859 Jam
632 2804 851 2858 tertium
912 2812 1107 2872 praeter
1150 2799 1415 2856 Joannem
1463 2816 1587 2872 cap.
1647 2816 1722 2863 vr,

142 2900 315 2954 etiam
345 2896 535 2952 Matth.
576 2911 686 2961 xlv,
729 2894 896 2949 Marc.
927 2912 1001 2959 vt,
1036 2894 1165 2950 Luc.
1200 2910 1275 2960 rx,
1324 2894 1724 2965 prodiderunt:

1836 591 2103 658 spondere
2129 594 2223 645 τὸν
2266 592 2700 663 ἀντιλεγόμενον.
2756 588 2831 645 Ita
2870 592 3015 646 enim
3069 591 3405 662 Epiphanius

1835 684 2135 749 praesertim
2169 701 2223 738 ιι.
2250 685 2341 740 25.
2372 686 2441 739 At
2470 685 2629 755 longe
2657 683 2995 739 tolerabilius
3022 700 3145 739 meo
3182 684 3401 755 quidem

1830 773 2043 852 judicio
2072 778 2245 832 Clem.
2294 778 2447 833 Alex.
2493 778 2729 847 aliique,
2779 777 2869 846 qui
2906 792 2970 831 ex
3006 778 3157 831 Isaia:
3202 780 3400 835 verbis.

1836 886 1901 928 ac
1935 870 2230 940 singularis
2265 870 2391 923 anni
2425 870 2699 923 mentione
2729 867 2931 922 Christi
2966 869 3400 937 praedicationem

1833 978 2018 1019 annuo
2048 961 2226 1031 spatio
2264 960 2609 1015 deﬁnierunt.
2656 959 2789 1013 Nam
2825 959 2927 1014 hoc
2975 968 3130 1027 pacto
3160 960 3403 1022 ἐνιαυτὸς

1831 1054 2019 1116 δεκτός
2044 1068 2151 1107 non
2184 1051 2496 1106 Judaeorum
2528 1051 2960 1123 comparatione,
2992 1052 3083 1104 sed
3118 1050 3403 1119 ipsittsmt-t

1833 1145 1925 1200 Dei
1980 1145 2296 1209 vocabitur;
2341 1160 2452 1214 quo
2500 1160 2660 1198 sensu
2720 1142 2846 1197 lsai.
2890 1126 3044 1201 n1.va
3087 1150 3212 1223 ΠΥἾ
3249 1150 3404 1202 πω

1832 1238 1988 1292 dixit.
2022 1236 2153 1303 Quae
2175 1246 2318 1290 recte
2357 1238 2411 1290 D.
2443 1234 2664 1291 Hieron.
2699 1236 2890 1299 vertit,
2929 1250 3125 1287 annum
3159 1246 3402 1301 accepta-

1832 1332 1987 1386 bilem
2011 1331 2254 1384 Domino.
2291 1329 2540 1398 Idemque
2573 1329 2625 1381 in
2656 1328 2868 1383 Comm.
2900 1344 3095 1380 annum
3114 1327 3406 1396 acceptabi-

1831 1425 1952 1487 lem,
1982 1434 2031 1477 et
2061 1422 2198 1476 diem
2230 1422 2612 1485 retributionis,
2645 1437 2795 1474 onme
2841 1419 3235 1489 prwdicatr’om’s
3266 1419 3400 1487 ejus,

1829 1530 1930 1583 quo
1960 1514 2012 1565 in
2046 1529 2203 1566 carne
2234 1522 2466 1565 versatus
2495 1522 2594 1574 est,
2626 1519 2824 1580 tempus
2848 1511 3157 1581 signilieare
3196 1510 3399 1564 docuit.

1832 1603 1952 1671 Quo
1970 1613 2024 1659 et
2052 1605 2333 1675 apostolus
2354 1603 2557 1659 Paulus
2586 1604 2849 1673 respexit,
2876 1619 3002 1659 eum
3031 1600 3073 1654 ll
3098 1603 3164 1657 ad
3192 1601 3319 1657 Cor.
3350 1619 3399 1655 vi

1832 1696 1966 1751 dixit
1997 1715 2009 1750 :
2042 1694 2175 1749 Ecce
2204 1712 2341 1748 nunc
2386 1706 2585 1763 tempus
2619 1694 2958 1763 acceptabile.
3003 1694 3127 1751 Haec
3174 1693 3398 1749 Hieron.

1832 1786 1987 1854 Quod
2014 1798 2065 1843 et
2096 1800 2219 1841 ante
2245 1790 2419 1856 ipsum
2455 1785 2591 1841 lren.
2625 1787 2718 1840 lib.
2747 1804 2805 1853 ιι,
2832 1802 2951 1857 cap.
2976 1787 3065 1853 38,
3097 1788 3353 1843 docuerat
3387 1805 3399 1840 :

1829 1897 2032 1936 annum
2072 1881 2347 1944 videlicet,
2391 1896 2553 1950 quem
2600 1881 2866 1950 propheta
2898 1890 3059 1936 vocat
3090 1882 3399 1951 acceptabi-

1830 1973 1958 2037 lem,
1991 1988 2153 2027 omne
2187 1974 2256 2026 ab
2287 1974 2521 2027 adventu
2552 1971 2758 2027 Christi
2809 1981 3023 2043 tempus
3049 1974 3114 2028 ad
3144 1988 3402 2028 consum-

1829 2063 2127 2117 mationem
2151 2078 2320 2131 usque
2336 2062 2667 2132 significare.
2704 2062 2814 2117 Nec
2838 2064 2981 2117 aliud
3008 2064 3179 2119 Isaias
3205 2064 3399 2119 voluit.

1830 2154 2009 2221 Quare
2048 2154 2194 2223 quod
2236 2169 2303 2209 ex
2352 2169 2421 2210 eo
2466 2153 2571 2209 PP.
2604 2155 2827 2225 quidam
2857 2166 3312 2226 argumentantur
3337 2159 3404 2211 de

1830 2260 1939 2300 uno
1980 2245 2067 2299 vel
2128 2243 2303 2298 altero
2336 2244 2743 2314 praedicationis
2772 2260 2937 2310 anno,
2969 2247 3114 2316 quod
3148 2262 3255 2301 non
3285 2249 3403 2301 sine

1829 2334 2000 2389 venite
2031 2334 2354 2403 praefatione
2378 2335 2592 2387 dictum
2636 2334 2729 2399 sit,
2758 2335 2829 2389 ab
2860 2334 3010 2388 Isaiae
3039 2347 3219 2389 mente
3245 2351 3401 2406 pror-

1832 2443 1929 2482 sus
1952 2428 2193 2481 alienum
2229 2426 2463 2480 videtur.
2496 2428 2576 2481 Ac
2608 2427 2849 2496 profecto
2893 2428 2939 2481 si
2990 2428 3097 2481 duo
3137 2428 3405 2505 duntaxat

1829 2528 1956 2572 ante
2002 2527 2335 2587 postremum
2388 2518 2542 2581 illud,
2571 2530 2627 2573 et
2673 2517 3077 2589 σταυρώσιμον,
3138 2519 3405 2575 Paschata

1830 2610 2151 2681 transegerit
2179 2610 2431 2664 Christus
2454 2648 2474 2675 ,
2500 2610 2616 2663 lleri
2662 2624 2773 2664 non
2818 2621 3029 2679 potest,
3071 2619 3129 2664 ut
3166 2613 3401 2680 priorem

1827 2717 2034 2757 annum
2099 2701 2219 2755 sine
2269 2700 2437 2756 ullius
2486 2698 2787 2757 offensione
2854 2717 2920 2756 ac
2975 2702 3405 2758 contradictione

1827 2800 2257 2870 consumpserit;
2287 2800 2487 2855 multas
2510 2801 2655 2855 enim
2680 2810 2735 2855 et
2786 2800 3014 2855 hostiles
3045 2801 3359 2856 vexationes
3386 2840 3399 2862 ,

1827 2891 2076 2955 insidias,
2117 2893 2478 2947 contumelias
2506 2893 2560 2947 in
2583 2908 2708 2948 eum
2735 2908 2939 2948 annum
2958 2894 3159 2964 conjici
3182 2910 3406 2949 necesse

143 2990 354 3060 quippe
410 2987 735 3044 miraculum
790 2985 923 3041 illud
978 2984 1463 3055 multiplicatorum
1524 3000 1724 3055 panum
1824 2991 1929 3043 est,
1957 2989 2017 3035 ut
2046 2991 2234 3052 postea
2269 2982 2660 3049 declarabitur,
2686 2999 2999 3054 quanquam
3025 2999 3094 3039 ne
3118 2987 3403 3040 commoda

143 3090 450 3149 exponunt,
485 3079 630 3148 quod
661 3077 902 3133 Joannes
929 3076 1032 3133 sub
1074 3077 1253 3147 ipsum
1298 3075 1509 3130 Pascha
1544 3076 1722 3130 conti-

1826 3072 2042 3140 quidetn
2077 3073 2145 3126 ab
2180 3072 2289 3127 illis
2330 3071 2663 3128 Paschatum
2706 3086 2771 3127 ac
2798 3080 3106 3141 temporum
3151 3072 3405 3127 instituta

145 3171 297 3241 gisse
327 3169 536 3226 scribit.
567 3168 724 3223 llunc
770 3169 823 3222 in
857 3168 1077 3223 modum
1105 3184 1232 3222 vere
1264 3168 1422 3239 vulgo
1454 3166 1723 3222 Paschata
1752 3200 1797 3257 ο
1827 3163 2161 3220 distributio.
2206 3163 2464 3220 lrenzeus.
2487 3165 2725 3234 primum
2757 3163 2960 3220 Pascha
3008 3165 3200 3220 statuit
3249 3164 3404 3230 illud,

144 3264 425 3333 digerunt,
487 3261 580 3330 qui
633 3258 949 3314 harmonias
1010 3259 1351 3329 evangelieas
1405 3269 1723 3323 contexunt,

146 3353 258 3408 nisi
318 3351 452 3422 quid
500 3352 661 3421 paulo
710 3352 780 3405 ab
829 3352 951 3406 aliis
1001 3352 1158 3405 aliter
1204 3350 1528 3419 explicatur,
1580 3350 1725 3419 quod

142 3444 528 3514 scrupulosius
552 3444 882 3513 perscrutari
914 3445 1148 3498 otiosum
1178 3444 1433 3497 arbitror.

216 3538 291 3591 At
318 3536 561 3606 Scaliger
602 3536 657 3590 in
706 3536 798 3590 lib.
836 3551 891 3590 vt
928 3534 1003 3589 De
1034 3537 1243 3589 emend.
1292 3535 1537 3604 quinque
1567 3549 1725 3603 repe-

144 3627 247 3682 riri
310 3626 579 3681 Paschata
633 3625 1008 3681 vehementius
1061 3636 1269 3696 pugnat
1311 3644 1324 3680 :
1360 3641 1481 3679 nam
1535 3637 1728 3694 praeter

144 3719 389 3789 primum
419 3716 578 3771 Joan.
611 3734 668 3782 ιι,
704 3720 934 3772 alterum
961 3714 1094 3773 illud
1122 3733 1244 3773 esse
1278 3718 1488 3784 statuit,
1520 3717 1586 3771 de
1615 3733 1724 3787 quo

143 3809 309 3868 Joan.
346 3828 398 3866 ν.
427 3810 526 3865 Cui
566 3812 786 3865 tertium
816 3810 1063 3881 adjungit
1089 3811 1240 3874 illud,
1273 3827 1302 3865 a
1334 3826 1445 3881 quo
1484 3826 1578 3880 per
1606 3820 1727 3865 sata

145 3907 255 3960 iter
283 3905 540 3960 habuisse
571 3904 821 3960 feruntur
852 3904 1116 3974 apostoli;
1163 3914 1419 3975 quartum
1450 3914 1534 3959 est
1564 3903 1723 3958 Joan.

144 4014 237 4064 vr;
269 3997 524 4068 quintum
553 3997 616 4051 τὸ
635 3996 1035 4069 σταυρώσιμον.
1072 3999 1341 4068 Additque
1386 3999 1723 4061 singulorum

144 4089 495 4144 characteres
542 4104 607 4143 ac
652 4088 1044 4144 delineationes
1103 4108 1115 4142 :
1160 4089 1320 4158 cujus
1340 4088 1726 4161 ἀκριϐολογίας

145 4184 447 4238 vanitatem
474 4184 693 4253 copiose
718 4194 844 4239 ante
871 4184 1273 4254 redarguimus.

223 4274 449 4331 Veteres
475 4285 682 4343 autem,
712 4276 788 4330 uti
820 4276 1025 4330 dictum
1059 4287 1163 4339 est,
1200 4276 1266 4331 ad
1308 4292 1475 4331 unum
1509 4292 1722 4336 omnes.

143 4367 258 4422 nisi
302 4366 398 4437 qui
445 4366 723 4422 tricesimo
756 4370 931 4423 aetatis
965 4384 1109 4423 anno
1143 4383 1362 4437 passum
1396 4378 1589 4439 putant
1618 4368 1725 4424 θος

144 4461 386 4523 minum,
420 4459 833 4514 tria-duntaxat
863 4459 1132 4515 Paschata
1160 4472 1449 4516 numerant
1486 4480 1499 4516 :
1530 4462 1587 4514 in
1610 4462 1725 4530 pri-

1834 3254 1993 3323 cujus
2028 3256 2277 3310 meminit
2313 3254 2472 3310 Joan.
2520 3272 2641 3326 cap.
2675 3274 2733 3317 ιι,
2774 3272 2919 3311 com.
2957 3258 3056 3322 15;
3103 3256 3403 3312 secundum

1834 3363 1962 3402 vero
1992 3363 2059 3401 ex
2094 3347 2252 3403 Joan.
2287 3364 2339 3411 ν,
2371 3364 2513 3403 com.
2559 3350 2609 3413 l,
2633 3350 2870 3412 deducit.
2906 3350 2997 3403 ubi
3028 3350 3169 3404 diem
3207 3349 3406 3403 festum

1831 3438 2143 3496 Judseorum
2179 3443 2426 3496 nominat
2478 3460 2491 3495 :
2526 3457 2762 3511 quocum
2802 3443 3030 3497 alterum
3094 3442 3290 3511 capitis
3329 3456 3405 3503 vr,

1832 3549 1978 3588 com.
2012 3534 2066 3597 4,
2095 3532 2408 3600 confundit;
2446 3544 2571 3588 ante
2618 3535 2765 3604 quod
2797 3534 3283 3603 multiplicatorum
3307 3548 3407 3605 pa-

1834 3642 1962 3680 num
1989 3625 2293 3695 prodigium
2318 3627 2514 3681 accidit
2538 3644 2551 3680 :
2581 3627 2666 3681 his
2689 3626 2902 3681 duobus
2926 3624 3220 3696 subjicitco
3241 3642 3407 3681 σταυ-

1838 3718 2095 3789 ρώσιμον.
2140 3718 2308 3773 Miror
2350 3720 2494 3774 hunc
2528 3720 2714 3774 lrenaai
2759 3720 2940 3775 locum
2978 3734 3087 3773 non
3132 3720 3264 3774 satis
3307 3734 3406 3774 ex-

1833 3810 2105 3879 pendisse,
2132 3812 2227 3880 qui
2252 3811 2551 3866 secundum
2580 3810 2788 3867 Pascha
2812 3828 2877 3866 ex
2906 3812 3054 3868 illius
3083 3813 3411 3867 auctoritate

1833 3903 2169 3957 constituunt
2199 3901 2342 3957 istud
2376 3904 2575 3973 ipsum,
2606 3905 2673 3959 de
2695 3920 2804 3974 quo
2826 3904 2987 3960 Joan.
3021 3921 3142 3974 cap.
3169 3923 3220 3969 ν,
3252 3906 3323 3962 ita
3351 3916 3409 3961 ut

1834 3996 2051 4049 tertium
2084 3998 2155 4051 sit
2178 3998 2335 4066 cujus
2364 3995 2524 4051 Joan.
2551 4013 2626 4062 vr,
2656 3999 2861 4052 mentio
2887 3999 2961 4053 lit.
2994 3998 3202 4053 Etenim
3229 4001 3274 4054 si
3300 4000 3429 4055 duo.

1834 4087 1950 4142 haec
1980 4086 2113 4142 festa
2148 4089 2402 4143 distincta
2442 4103 2568 4145 esse
2609 4088 2933 4144 credidisset
2964 4089 3201 4146 lrenaeus
3225 4131 3240 4153 ,
3282 4106 3408 4145 cum

1836 4182 2027 4249 triplex
2086 4182 2352 4236 duntaxat
2411 4180 2619 4237 Pascha
2672 4183 3050 4251 praedicationi
3104 4186 3406 4248 tribueret,

1834 4287 2111 4342 nunquam
2153 4273 2303 4341 prius
2339 4273 2470 4327 illud
2508 4273 2701 4328 festum
2747 4272 2906 4329 Joan.
2944 4292 2997 4338 v,
3049 4275 3257 4331 Pascha
3286 4290 3411 4331 esse

1835 4362 2083 4417 dixisset.
2119 4362 2223 4417 Sed
2269 4363 2474 4433 largius
2506 4373 2695 4432 peccat
2723 4362 3058 4434 Epiphanius
3079 4404 3095 4428 ,
3127 4368 3217 4437 qui
3254 4382 3403 4421 num.

1832 4454 1903 4508 25
1938 4455 2169 4522 primum
2220 4455 2424 4512 Pascha
2479 4456 2677 4512 festum
2719 4456 2851 4511 illud
2892 4456 3040 4523 facit,
3074 4459 3129 4513 in
3165 4473 3275 4529 quo
3311 4470 3408 4512 vo-

146 4548 260 4601 mis
296 4545 534 4602 lrenaeus
567 4551 688 4603 loco
731 4550 938 4616 citato;
998 4559 1110 4603 tmn
1142 4551 1471 4620 Apollinaris
1502 4550 1722 4606 Laodic.
1759 4564 1804 4619 ι)
1832 4546 2092 4602 eiferatus
2116 4556 2200 4602 est
2231 4548 2482 4604 Christus
2519 4566 2535 4605 :
2566 4548 2624 4603 Si
2656 4552 2771 4619 quis
2799 4552 2944 4617 sitit,
2982 4554 3149 4605 veniat
3191 4553 3259 4605 ad
3303 4569 3405 4615 me,

145 4637 295 4706 apud
321 4635 544 4692 Hieron.
571 4639 628 4692 in
653 4655 768 4708 cap.
805 4654 858 4693 rx
888 4639 1051 4704 Dom;
1100 4641 1363 4709 Origenes
1390 4642 1484 4696 lib.
1519 4658 1555 4696 ιι
1585 4651 1730 4695 cont.

146 4731 297 4792 εει..
326 4731 419 4785 ubi
448 4729 647 4786 Judam
674 4749 783 4786 non
816 4734 1048 4788 solidum
1082 4735 1377 4789 triennium
1403 4736 1582 4806 egisse
1604 4750 1729 4790 eum

145 4824 378 4877 Christo
430 4824 651 4888 scribit;
688 4823 955 4879 Eusebius
989 4824 1043 4878 in
1076 4824 1340 4880 Chronico
1365 4826 1478 4894 ubi,
1515 4836 1639 4896 post
1665 4844 1734 4883 xv

147 4915 471 4974 Tiberii.ac
522 4916 739 4971 Domini
790 4918 1119 4988 baptismum
1170 4918 1359 4990 τριετῆ
1390 4918 1581 4990 χρόνον
1632 4919 1733 4989 τῆς

143 5007 501 5072 διδασκαλίας
542 5008 882 5078 διαγενέσθαι
911 5026 975 5064 cx
1008 5009 1237 5065 Joannis
1275 5011 1568 5082 Evangelio
1601 5024 1734 5065 con-

148 5102 357 5154 Iirrnat.
388 5098 599 5167 Quibus
628 5102 835 5157 accedit
861 5102 1219 5173 Epiphanius.

230 5194 336 5249 Sed
382 5209 574 5249 eorum
622 5196 787 5265 aliqui
834 5195 973 5249 haud
1019 5196 1153 5251 satis
1199 5197 1353 5253 firma
1384 5196 1595 5249 ratione
1646 5195 1733 5248 in-

147 5285 305 5339 ducti
360 5284 635 5348 videntur,
692 5294 752 5340 ut
812 5287 1029 5341 biennio
1068 5286 1393 5355 praedicasse
1447 5286 1726 5340 Christum

145 5385 535 5431 asseverareut
559 5396 573 5429 :
603 5378 861 5432 nimirum
886 5379 1033 5446 quod
1063 5378 1207 5447 apud
1243 5378 1439 5431 Isaiam
1465 5392 1585 5447 cap.
1612 5391 1727 5442 ut,

146 5482 299 5523 com.
351 5468 407 5529 2,
466 5468 680 5539 legitur,
715 5469 805 5522 ubi
838 5468 1089 5524 Christus
1140 5470 1367 5523 missum
1419 5484 1537 5521 sea
1574 5467 1733 5521 Patre

146 5560 462 5630 pmiitctur,
517 5562 742 5614 καλέσαι
804 5562 1047 5615 ἐνιαυτὸν
1100 5562 1307 5632 Κυρίου
1355 5561 1576 5625 δεκτὸν,
1637 5561 1731 5613 καὶ

144 5650 372 5723 ἡμέραν
396 5652 823 5716 ἀνταποδόσεως,
854 5652 1115 5721 suspicati
1148 5663 1275 5707 sunt
1296 5652 1544 5705 ἐνιαυτόν
1576 5652 1726 5705 illum

145 5748 362 5810 δεκτόν,
437 5762 634 5799 annum
684 5746 1078 5812 acceptabilem,
1136 5762 1371 5815 priorem
1422 5766 1452 5801 e
1506 5747 1723 5801 duobus

146 5854 308 5906 esse;
361 5840 416 5895 in
474 5856 583 5906 quo
638 5841 1039 5898 contradicente
1094 5843 1309 5897 neruine
1374 5839 1724 5910 Evangelium

1831 4649 1880 4692 et
1914 4638 2081 4701 bibat,
2115 4638 2272 4694 Joan.
2315 4658 2409 4704 vn,
2454 4642 2563 4707 57;
2613 4643 2841 4697 alterum
2892 4658 3044 4704 vero.
3090 4644 3156 4699 de
3201 4659 3313 4713 quo
3351 4648 3432 4699 in.

1832 4732 2019 4787 eodem
2067 4747 2187 4803 cap.
2236 4733 2376 4787 dixit
2427 4751 2442 4786 :
2488 4733 2609 4787 Non
2664 4735 2887 4789 ascendo
2921 4736 2990 4789 ad
3028 4737 3167 4790 diem
3215 4738 3407 4806 festum

1832 4826 1995 4878 istum
2027 4840 2046 4878 :
2083 4825 2136 4878 in
2170 4840 2282 4895 quo
2312 4826 2476 4881 etiam
2508 4842 2632 4880 cum
2658 4826 2916 4883 Pharisaei
2946 4829 3408 4898 comprehendere

1834 4918 1985 4972 illum
2013 4928 2296 4987 cuperent,
2330 4929 2475 4974 metu
2508 4922 2739 4989 repressi
2771 4931 2919 4985 sunt,
2946 4937 3093 4975 cum.
3120 4922 3209 4975 44.
3240 4920 3406 4976 Multa

1833 5019 1961 5066 sunt
1997 5025 2027 5063 a
2064 5010 2427 5065 sanctissimis
2467 5010 2725 5065 Patrihus
2773 5026 3167 5081 nonnunquam
3215 5027 3407 5080 parum

1833 5114 1962 5153 vere
1998 5108 2312 5168 attenteque
2367 5101 2571 5170 scripta
2622 5119 2636 5154 :
2692 5115 2815 5169 qum
2872 5103 3090 5170 quidem
3147 5112 3405 5171 praestare

1833 5192 1989 5250 velle.
2024 5190 2262 5259 religiosi
2306 5189 2573 5253 fortasse.
2607 5194 2699 5246 sed
2735 5208 2925 5261 parum
2964 5194 3247 5263 prudentis
3285 5209 3406 5249 esse

1834 5283 2069 5336 arbitror
2103 5302 2115 5337 :
2144 5284 2522 5339 vehementius
2551 5294 2735 5339 autem
2771 5300 3065 5349 accusare,
3100 5300 3278 5355 neque
3320 5302 3409 5341 re-

1834 5375 2034 5445 ligiosi,
2065 5390 2243 5445 neque
2271 5376 2578 5443 prudentis.
2622 5375 2733 5432 Nos
2773 5392 2856 5440 ea,
2889 5393 2998 5448 qua
3031 5392 3129 5447 par
3153 5387 3256 5442 est,
3290 5393 3393 5432 mo

1832 5468 2112 5523 deratione
2144 5469 2195 5521 in
2225 5469 2539 5524 divinorum
2587 5471 2868 5525 hominum
2892 5513 2907 5538 ,
2943 5471 3038 5526 sed
3087 5472 3366 5525 hominum
3390 5512 3405 5534 ,

1831 5576 2047 5616 errores
2073 5576 2136 5616 ac
2160 5562 2341 5631 lapsus
2375 5577 2485 5616 non
2517 5570 2626 5617 tam
2660 5563 3017 5633 inquirimus,
3061 5578 3225 5634 quam
3254 5562 3408 5624 obla-

1834 5665 1920 5710 tos
1951 5655 2095 5710 ultro
2140 5671 2203 5711 ac
2257 5657 2338 5710 vel
2370 5656 2555 5713 invitis
2583 5668 2935 5712 occurrentes
2955 5700 2968 5725 ,
3004 5674 3071 5713 ne
3109 5658 3196 5714 cui
3227 5654 3404 5713 fraudi

1835 5748 1964 5812 sint,
1988 5749 2345 5818 patefacirnus
2372 5767 2385 5816 ;
2436 5751 2573 5802 tueri
2607 5761 2786 5805 autem
2816 5766 2879 5806 ac
2905 5750 3197 5807 defendere
3230 5749 3404 5805 nihilo

1835 5846 2005 5909 magis
2064 5856 2224 5912 quam
2274 5858 2461 5896 eorum
2500 5842 2625 5897 vitia
2652 5883 2667 5911 ,
2710 5856 2755 5895 ιιι
2782 5856 2903 5913 qpa:
2932 5842 3167 5909 fuerint,
3198 5840 3404 5895 imitati
