3832 6220
422 364 553 419 1011

1518 364 1860 421 APPENDIX
1902 363 2447 421 DlSSERTATlONU
2459 363 2522 419 Μ.

3546 360 3675 416 icti

418 479 701 536 debemus.
748 477 1028 548 Ejusmodi
1076 487 1206 535 sunt
1246 479 1298 533 in
1341 480 1444 534 hoc
1498 482 1763 549 scriptore
1807 488 1996 534 nostro
2024 489 2070 540 Α
2100 477 2373 533 levissima
2403 487 2531 533 sunt
2561 495 2575 543 ;
2610 492 2735 530 nam
2778 485 2833 529 ut
2864 476 3110 529 omittam
3147 475 3295 544 quod
3330 471 3677 528 Maldonatcs

419 572 654 625 fortasse
701 571 926 625 nimium
960 572 1150 627 multa.
1206 572 1311 627 Sed
1360 573 1502 626 inter
1541 588 1604 628 ea
1649 573 1781 626 nihil
1812 574 1993 627 minus

418 659 872 715 dissimulandum
897 670 998 726 est,
1025 677 1189 731 quam
1218 662 1307 716 illa
1340 660 1668 717 Paschatum
1696 661 1990 717 distinctio.

416 751 661 807 Primum
694 752 835 806 enim
872 753 981 809 duo
1014 755 1123 813 illa,
1157 770 1278 822 quae
1297 768 1419 823 cap.
1451 770 1524 807 vn
1552 769 1581 807 a
1616 753 1838 808 Christo
1866 768 1995 822 pro-

416 846 666 900 nuntiata
701 847 980 911 dicuntur,
1014 847 1082 901 ad
1113 847 1252 900 idem
1280 845 1476 900 festum
1512 846 1773 912 attinent;
1801 844 1994 898 deinde

416 954 526 993 non
557 938 689 993 illud
718 939 923 994 Pascha
956 939 1146 1003 fuis~e,
1177 940 1270 994 sed
1294 939 1642 1008 Scenopegiae
1665 938 1861 993 festum
1893 938 1993 991 do-

415 1042 521 1095 cet,
548 1048 693 1088 com.
736 1032 805 1096 2;
845 1032 1003 1086 tertio
1033 1042 1360 1101 praepostere
1384 1035 1497 1088 haec
1526 1031 1860 1102 Epiphanius
1898 1044 1993 1083 ac-

414 1125 559 1193 cepit
594 1144 606 1178 :
636 1139 757 1177 nam
786 1138 907 1193 qua:
936 1124 1112 1192 primo
1134 1125 1254 1180 loco
1281 1124 1426 1179 dicta
1450 1132 1738 1187 memorat,
1763 1129 1995 1177 exeunte

416 1214 578 1277 festo,
633 1230 755 1284 quae
786 1215 1089 1283 posteriora
1120 1216 1305 1285 ponit,
1348 1228 1474 1270 ante
1502 1215 1699 1270 festum
1732 1219 1993 1282 usurpata

419 1307 696 1377 leguntur.
732 1305 939 1361 Omitto
969 1317 1160 1363 ctetera
1191 1326 1204 1373 ;
1230 1324 1329 1363 nec
1358 1309 1502 1363 enim
1536 1308 1825 1362 falsitatem
1845 1305 1991 1360 illam

419 1400 732 1453 accuratius
756 1400 886 1453 libet
913 1401 1185 1469 persequi.

490 1491 759 1558 Quocirca
801 1493 959 1547 nobis
1016 1494 1120 1548 alia
1177 1494 1411 1548 duorum
1448 1492 1777 1547 Paschatutn
1832 1489 1985 1543 ordi-

420 1587 723 1640 nantlorum
755 1586 991 1640 ineunda
1014 1586 1157 1642 ratio
1179 1597 1281 1641 est.
1316 1584 1421 1642 Sed
1448 1588 1599 1656 prius
1628 1596 1792 1655 caput
1813 1586 1991 1653 ipsum

420 1679 738 1747 quaestionis
780 1680 1128 1743 intuendum,
1184 1680 1328 1734 unde
1359 1680 1538 1749 quarti
1580 1678 1861 1733 Paschalis
1900 1678 1994 1729 lir—

419 1781 756 1827 mamentum
790 1772 1008 1842 petitur.
1046 1769 1202 1835 Cum,
1236 1785 1294 1827 ut
1316 1781 1440 1826 ante
1472 1773 1731 1833 diximus,
1755 1770 1993 1824 Joannes

419 1865 663 1919 exactius
690 1865 898 1919 caeteris
934 1865 1108 1922 tribus
1128 1864 1397 1920 Paschata
1421 1864 1751 1924 distinxerit,
1773 1879 1839 1916 ex
1872 1862 1993 1931 ejus

420 1956 769 2027 p0tissimum
808 1957 1135 2012 auctoritate
1192 1956 1486 2027 digerenda
1536 1963 1664 2011 sunt
1724 1962 1990 2022 tempora.

420 2049 602 2117 Quare
632 2053 675 2105 si
707 2050 753 2105 is
780 2066 901 2119 cap.
934 2068 965 2104 v
997 2050 1117 2105 festi
1158 2050 1379 2104 nomine
1411 2048 1619 2103 Pascha
1649 2047 1993 2118 significarit,

419 2143 486 2199 de
522 2160 595 2208 tv,
640 2152 701 2197 ut
738 2143 1029 2197 minimum
1061 2141 1422 2198 Paschatibus
1452 2140 1697 2196 confecta
1736 2155 1822 2195 res
1848 2139 1993 2194 erit:

420 2236 690 2307 siquidem
728 2252 852 2291 cum
892 2220 1160 2291 Paschate
1199 2250 1321 2305 cap.
1351 2250 1428 2298 vr,
1481 2248 1622 2290 com.
1659 2234 1716 2299 5,
1771 2231 1997 2286 minime

332 2316 333 2319 η
422 2325 814 2384 confundatur.
859 2326 941 2381 Ad
994 2326 1110 2381 haec
1158 2324 1415 2395 quoniam
1469 2323 1776 2394 prodigium
1825 2320 1995 2385 illud,

423 2433 534 2488 quo
573 2417 816 2489 quinque
845 2417 1128 2472 hominum
1170 2416 1339 2471 millia
1392 2415 1627 2487 panibus
1679 2414 1922 2484 quinque
1945 2421 2000 2465 et

423 2511 638 2566 duobus
668 2511 912 2582 piscibus
938 2510 1226 2575 saturavit,
1266 2510 1407 2565 idem
1452 2509 1677 2563 omnino
1708 2516 1814 2574 est,
1851 2506 1996 2577 quod

422 2611 478 2657 et
514 2601 705 2657 Matth.
739 2616 858 2671 cap.
888 2617 1002 2667 xw,
1037 2610 1091 2655 et
1112 2599 1278 2655 Marc.
1313 2616 1387 2665 vt,
1425 2608 1480 2655 ct
1503 2599 1663 2655 Luca:
1697 2598 1998 2665 tx,descri-

424 2693 616 2758 bitur;
651 2706 875 2746 necesse
915 2701 1001 2748 est
1052 2689 1265 2746 Pascha
1303 2690 1459 2751 illud,
1501 2700 1624 2744 ante
1652 2688 1798 2760 quod
1827 2688 1998 2742 mira-

422 2784 630 2847 culum,
668 2781 881 2838 Joanne
933 2790 1107 2847 teste,
1163 2781 1433 2852 contigit,
1473 2781 1751 2836 diversum
1811 2778 1880 2834 ab
1933 2794 2000 2833 eo

423 2892 567 2940 esse,
596 2876 741 2947 quod
780 2875 942 2930 tacite
975 2890 1006 2928 a
1046 2875 1227 2929 tribus
1266 2874 1373 2929 illis
1423 2871 1775 2942 evangelistis
1814 2870 1999 2940 expri—

423 2970 630 3032 mitur,
660 2984 785 3024 cum
822 2968 1031 3024 scilicet
1098 2967 1350 3022 Christus
1384 2982 1481 3037 per
1514 2975 1631 3021 sata
1672 2979 1795 3019 cum
1833 2962 2001 3018 disci-

425 3064 570 3135 pulis
589 3063 887 3117 ambulavit
915 3079 928 3115 :
959 3060 1107 3132 quod
1156 3062 1345 3131 utique
1383 3069 1507 3131 post
1553 3058 1763 3114 Pascha
1799 3057 1999 3111 factum

2022 1828 2071 1887 Β

2097 572 2394 635 existimat,
2482 569 2833 640 proverbium
2889 566 3383 636 quoddam'inter
3463 562 3677 618 Judzes

2094 662 2366 732 ejusmodi
2403 672 2703 725 versatum,
2760 659 2941 713 adhuc
2981 673 3197 713 menses
3234 672 3287 709 tv
3321 658 3392 709 ad
3440 671 3676 709 messem

2096 762 2409 823 supersunt,
2444 768 2567 807 cum
2606 751 2905 820 nihilqnod
2942 758 3160 819 urgeret
3180 764 3328 813 esse,
3365 748 3681 818 signiﬁcare

2098 846 2331 900 vellent:
2374 860 2471 900 cur
2506 844 2665 898 fateri
2700 844 2979 912 cogimur,
3015 858 3181 895 unum
3231 842 3370 895 illud
3418 840 3625 893 festum
3653 854 3681 892 e

2098 940 2273 994 tribus
2294 938 2463 993 fuisse
2483 934 3015 1007 majoribus?Nonne
3033 948 3087 990 et
3103 935 3167 988 ad
3184 934 3451 989 Enczenia
3471 934 3683 987 venisse

2094 1029 2375 1086 Christum
2408 1039 2674 1084 testantur
2696 1027 3010 1098 Evangelia,
3041 1039 3094 1081 et
3116 1027 3362 1095 reliquos
3391 1026 3465 1079 ab
3494 1025 3679 1079 eodem

2096 1121 2400 1176 verisimile
2438 1129 2523 1176 est
2555 1120 2672 1173 dies
2709 1134 2831 1174 esse
2860 1120 3210 1173 celebratos?
3243 1117 3436 1184 Quare
3473 1118 3581 1171 nisi
3620 1117 3681 1171 ad

2095 1212 2451 1269 Pentecosten
2492 1228 2616 1267 cum
2656 1211 3085 1282 Chrysostomo,
3129 1212 3356 1282 Cyrillo,
3394 1222 3569 1280 atque
3620 1226 3683 1264 ex

2096 1304 2495 1358 recentioribus
2530 1300 2884 1365 Maldonato,
2931 1301 3162 1370 aliisque
3208 1304 3501 1371 pertinere
3557 1302 3682 1355 veho

2098 1411 2218 1449 mus
2246 1412 2261 1461 ;
2295 1406 2349 1448 at
2378 1394 2627 1456 Phurim,
2670 1394 2784 1448 sive
2816 1392 3057 1446 Sortium
3100 1391 3325 1455 festum,
3363 1393 3518 1462 quod
3542 1393 3684 1445 Adar

2102 1488 2169 1543 15
2203 1488 2539 1542 celebratum
2587 1495 2692 1549 est,
2735 1486 2871 1539 nihil
2917 1494 3060 1539 vetat
3112 1486 3368 1556 intelligi.
3443 1484 3525 1538 De
3580 1502 3686 1555 quo

2097 1585 2307 1639 erudite
2348 1583 2609 1654 Keplerus
2657 1584 2711 1636 in
2750 1582 2983 1650 Eclogis.
3031 1580 3148 1635 Jam
3195 1580 3511 1636 Sahhatum
3560 1584 3685 1637 illud

2094 1677 2517 1744 deuteroproton
2574 1684 2697 1744 post
2745 1676 2977 1744 primum
3037 1690 3068 1727 a
3127 1675 3411 1749 baptismo
3478 1674 3686 1729 Pascha

2098 1770 2355 1824 collocari
2406 1775 2601 1838 potest,
2634 1776 2767 1821 utet
2790 1764 3052 1833 Keplerus
3092 1766 3310 1833 ibidem,
3343 1777 3401 1821 et
3451 1781 3561 1821 nos
3592 1768 3685 1836 ipsi

2101 1861 2336 1917 subinde
2378 1858 2835 1915 monstrabimus.
2888 1855 3066 1911 Unum
3100 1869 3394 1927 superest,
3430 1860 3586 1929 quod
3625 1875 3687 1911 ex

2098 1953 2369 2009 Kcmnitio
2417 1951 2669 2021 proponit
2704 1950 3066 2020 dissolvitque
3103 1949 3374 2020 Keplerus
3433 1969 3447 2005 :
3488 1951 3685 2004 etenim

2097 2044 2350 2100 Christus
2426 2041 2867 2109 praedicationem
2940 2057 3169 2098 exorsus
3233 2053 3318 2099 est
3391 2055 3685 2114 postquam

2096 2136 2336 2190 Joannes
2370 2134 2423 2189 in
2466 2149 2742 2190 carcerem
2777 2142 2863 2189 est
2919 2134 3146 2198 missus,
3191 2133 3391 2189 Matth.
3438 2150 3496 2189 tv
3526 2174 3542 2198 ,
3583 2135 3683 2201 l2;

2099 2227 2265 2281 Marc.
2299 2243 2338 2287 ι,
2369 2227 2455 2280 M.
2492 2225 2788 2295 Conjectus
2818 2236 2999 2281 autem
3035 2236 3118 2282 est
3166 2227 3223 2281 in
3255 2226 3487 2281 vincula
3524 2226 3685 2282 Joan-

2101 2332 2198 2372 nes
2226 2330 2349 2387 pOSt
2388 2316 2598 2372 Pascha
2643 2318 2880 2386 primum
2910 2336 2923 2371 ε
2951 2333 3078 2371 nam
3109 2332 3175 2371 eo
3199 2317 3486 2372 celebrato
3523 2316 3684 2372 Joan-

2100 2425 2198 2464 nes
2214 2410 2490 2480 baptizare
2513 2411 2709 2481 pergit,
2743 2408 2904 2465 Joan.
2933 2426 3015 2477 Ill,
3047 2410 3140 2464 23.
3163 2410 3349 2477 Quare
3386 2411 3682 2466 Sabbatum

2101 2502 2260 2559 Lucae
2291 2503 2733 2573 deuteroproton,
2778 2513 2833 2557 et
2871 2503 2960 2556 ille
3021 2518 3115 2566 per
3166 2513 3384 2571 segetes
3440 2505 3687 2559 incessus

2102 2608 2208 2650 non
2247 2604 2423 2666 potest
2447 2597 2623 2667 primo
2657 2594 2907 2650 Paschati
2931 2595 3149 2664 subjici,
3179 2596 3308 2664 quia
3333 2596 3682 2665 jamdudum,

2104 2705 2229 2743 cum
2264 2686 2378 2743 hiec
2423 2699 2735 2759 agerentur,
2795 2689 3096 2759 praedicare
3126 2688 3386 2743 Christus
3422 2700 3683 2758 coeperat.

2104 2780 2181 2834 Ex
2223 2796 2332 2850 quo
2358 2782 2627 2850 sequitur,
2663 2797 2714 2835 tv
2737 2781 2930 2836 saltem
2963 2780 3087 2834 elici
3126 2778 3423 2844 Paschata,
3450 2782 3687 2851 utpaulo

2103 2882 2227 2928 ante
2260 2873 2679 2942 disputavimus.

2182 2964 2379 3020 Verum
2437 2982 2545 3019 non
2596 2974 2723 3019 ante
2757 2964 2989 3021 Joannis
3026 2982 3304 3023 carcerem
3350 2968 3686 3037 praedicandi

2106 3072 2307 3115 munus
2339 3060 2589 3128 attigisse
2616 3058 2921 3125 Christum,
2955 3076 3019 3115 ac
3050 3071 3202 3115 tanto
3249 3070 3505 3131 tempore
3551 3061 3686 3113 otio.

426 3166 530 3219 est,
568 3157 672 3212 hoc
726 3164 809 3211 est
855 3154 1094 3210 Sabbato
1132 3154 1535 3223 deuteroproto.
1585 3151 1754 3221 Igitur
1807 3151 1853 3205 si
1882 3150 2002 3204 .iter
2028 3175 2072 3235 α
2108 3165 2230 3205 sum
2269 3165 2332 3204 ac
2371 3150 2616 3204 desidem
2662 3148 2854 3214 fuisse,
2900 3152 3301 3219 perabsurdum
3354 3151 3596 3204 videtur.
3631 3151 3691 3202 Et

430 3249 565 3304 illud
604 3263 705 3318 per
759 3254 968 3316 segetes
1015 3253 1328 3315 susceptum
1383 3252 1507 3315 post
1542 3242 1689 3297 aliud
1750 3241 1998 3306 Pascha,

428 3353 592 3410 quam
627 3336 772 3408 quod
836 3353 867 3391 a
916 3336 1188 3405 baptismo
1219 3336 1533 3407 proximum
1586 3344 1709 3397 est.
1770 3332 2001 3398 incidit,

429 3428 818 3501 proculdubio
847 3429 1005 3500 plura
1063 3429 1238 3484 tribus
1300 3426 1569 3482 Pascbata
1624 3424 2003 3481 constituenda

431 3529 581 3576 sunt.
617 3520 716 3576 Sin
748 3522 1038 3577 conciliari
1080 3522 1181 3577 ista
1227 3528 1481 3590 possunt,
1513 3528 1572 3573 ut
1609 3534 1785 3589 neque
1833 3516 2006 3573 festus

434 3615 527 3669 ille
556 3613 882 3670 dieS'Joan.
911 3630 943 3668 v
998 3612 1206 3667 Pascha
1249 3613 1338 3675 sit,
1391 3620 1446 3665 et
1484 3609 1782 3664 Sabbatum
1823 3610 2008 3665 deute—

434 3715 718 3777 roproton,
743 3708 810 3762 de
832 3721 941 3777 quo
957 3704 1133 3762 Lucas
1161 3720 1283 3773 cap.
1312 3719 1387 3765 vt,
1408 3703 1591 3757 statim
1616 3710 1740 3771 post
1772 3702 2006 3771 primum

434 3798 643 3855 Pascha
675 3798 1023 3861 successerit,
1061 3796 1195 3851 nihil
1236 3796 1461 3849 omnino
1491 3796 1560 3849 de
1592 3810 1644 3848 tv
1678 3793 2008 3849 Pasehatum

436 3891 724 3947 intervallo
751 3890 947 3946 conﬁci
978 3898 1157 3960 potest
1181 3906 1197 3954 ;
1230 3904 1355 3942 nam
1383 3887 1528 3958 quod
1552 3887 1617 3942 ad
1641 3885 1838 3941 festum
1865 3886 2007 3940 diem

439 4000 472 4039 v
506 3981 668 4040 Joan.
709 3999 831 4054 cap.
883 3990 1111 4052 spectat,
1162 3980 1322 4035 multi
1361 3990 1414 4035 et
1464 3978 1773 4048 gravissimi
1823 3977 2012 4033 Patres

439 4086 643 4147 negant
673 4077 741 4131 de
808 4074 1075 4135 Paschate
1115 4075 1359 4129 locutum
1410 4071 1719 4138 Joannem;
1772 4072 1863 4126 sed
1922 4071 2014 4124 alii

435 4168 823 4233 Pentecosten,
884 4168 978 4223 alii
1013 4166 1157 4223 aliud
1212 4166 1411 4222 festum
1463 4165 1793 4236 intelligunt.
1858 4162 2016 4230 Quod

438 4268 622 4316 autem
654 4258 843 4314 [renati
893 4257 1270 4314 testimonium
1326 4256 1575 4321 aﬂ'ertur,
1610 4255 1721 4325 jam
1764 4270 1795 4309 a
1859 4255 2019 4310 nobis

440 4364 633 4409 contra
680 4353 826 4409 illius
856 4350 1237 4406 auctoritatem
1288 4350 1667 4420 przescriptum
1706 4358 1810 4414 est,
1868 4346 2021 4418 quod

446 4450 494 4504 is
530 4448 741 4503 nullum
770 4445 916 4500 aliud
945 4444 1155 4501 Pascha
1181 4444 1481 4500 secundum
1512 4441 1816 4513 agnoverit,
1851 4457 2014 4512 quam

2108 3244 2153 3298 si
2192 3256 2380 3296 verum
2427 3240 2587 3297 fateri
2622 3242 2898 3305 volumus,
2922 3239 3203 3295 Nicodemi
3244 3241 3335 3294 illa
3374 3256 3504 3294 cum
3538 3240 3689 3293 Chri-

2108 3340 2193 3385 sto
2232 3330 2569 3398 congressio,
2601 3328 2833 3399 ejusque
2863 3329 3029 3383 verba
3062 3328 3164 3384 ista
3195 3346 3209 3382 :
3249 3325 3467 3381 Scimus
3508 3329 3632 3397 quia
3659 3345 3690 3379 α

2108 3421 2217 3475 Deo
2246 3421 2453 3485 venisti,
2478 3420 2770 3488 Magister:
2808 3436 2956 3473 nemo
2987 3420 3123 3473 enim
3163 3428 3330 3487 potest
3391 3420 3509 3473 [nec
3545 3420 3691 3489 signa

2110 3514 2302 3584 facere,
2336 3529 2453 3583 quae
2483 3522 2539 3565 tu
2572 3513 2731 3579 facis,
2754 3513 2856 3565 nisi
2884 3512 3043 3580 fuerit
3075 3511 3212 3565 Deus
3237 3528 3361 3564 cum
3391 3528 3455 3565 eo
3494 3510 3687 3579 (Joal.

2114 3624 2197 3672 ιιι,
2233 3606 2345 3677 ‘2):
2387 3615 2498 3661 tum
2552 3622 2674 3675 quae
2715 3606 2983 3675 superiori
3023 3606 3201 3675 capite
3255 3614 3591 3667 narrantur,
3628 3604 3691 3658 de

2112 3701 2300 3755 multis
2367 3701 2421 3753 in
2487 3700 2665 3769 ipsum
2724 3698 3121 3763 credentibus;
3185 3698 3526 3767 praedicasse
3582 3698 3688 3767 jam

2113 3792 2414 3854 Christum,
2440 3800 2492 3844 et
2512 3792 2577 3844 ad
2601 3791 2859 3860 populum
2885 3788 3079 3845 fecisse
3100 3790 3266 3844 verba
3282 3791 3687 3845 demonstrant.

2114 3884 2265 3938 Adde
2315 3884 2399 3938 his
2429 3884 2610 3937 omnia
2637 3922 2652 3947 ,
2707 3898 2828 3952 qua:
2876 3891 3005 3936 ante
3060 3882 3305 3936 vinctum
3344 3879 3620 3936 Joannem
3662 3897 3689 3933 a

2114 3978 2331 4033 Christo
2370 3978 2513 4031 dicta
2547 3975 2797 4043 factaque
2822 3976 3004 4031 creteri
3041 3984 3151 4031 tres
3180 3977 3398 4046 aliquot
3428 3977 3691 4045 capitibus

2115 4068 2382 4138 complexi
2426 4076 2574 4122 sunt.
2615 4066 2759 4134 Quin
2801 4076 2856 4121 et
2891 4067 3083 4121 Petrus
3116 4068 3237 4122 Act.
3282 4084 3298 4122 ι
3336 4083 3369 4122 a
3420 4068 3691 4136 baptismo

2115 4160 2396 4215 Christum
2431 4158 2663 4226 cmpisse
2692 4167 2941 4212 testatur.
2974 4156 3116 4212 Idem
3141 4157 3347 4213 Euseb.
3372 4158 3472 4211 lib.
3508 4174 3547 4221 ι,
3577 4172 3688 4227 cap.

2118 4250 2206 4316 10,
2249 4251 2420 4305 ethoc
2447 4251 2564 4304 loco
2595 4249 2754 4303 docet
2778 4248 3398 4319 Epiphaniuerenaaus
3419 4250 3570 4303 enim
3592 4266 3690 4303 xxx

2118 4360 2261 4403 anno
2290 4343 2631 4413 baptizatum
2657 4352 2829 4410 putat,
2860 4353 2915 4396 et
2946 4350 3070 4410 post
3106 4342 3315 4412 aliquot
3350 4357 3693 4405 annos,cum

2120 4437 2230 4508 jam
2267 4436 2514 4491 idoneam
2546 4434 2613 4488 ad
2656 4433 2963 4487 docendum
3002 4442 3216 4487 mtatem
3251 4442 3404 4488 esset
3450 4436 3693 4503 adeptus,

439 4539 586 4609 quod
635 4554 685 4591 vt
753 4536 931 4606 capite
977 4540 1474 4594 commemoratur;
1533 4546 1768 4601 quocum
1816 4527 2014 4584 festum
2048 4533 2093 4591 ι)
2122 4531 2385 4583 triennem
2434 4524 2875 4596 praedicationem
2905 4523 3242 4591 inchoasse;
3274 4539 3402 4578 nam
3438 4526 3591 4595 quod
3634 4524 3694 4578 ad

440 4631 592 4684 illum
632 4629 774 4684 diem
826 4627 987 4685 Joan.
1026 4644 1059 4680 v
1103 4625 1431 4681 confuderit.
1466 4624 1646 4691 Quare
1681 4624 1783 4678 hoc
1835 4621 2013 4693 ipsum

440 4721 549 4777 illis
578 4720 815 4786 Pascha,
848 4720 993 4789 quod
1028 4717 1188 4774 Joan.
1213 4735 1242 4770 v
1267 4718 1480 4788 legitur,
1508 4716 1666 4772 facile
1686 4716 2014 4782 remiserim,

439 4814 570 4869 dum
615 4829 681 4868 ex
714 4810 901 4867 lrenzei
941 4810 1210 4867 sententia
1251 4824 1595 4879 nequaquam
1635 4823 1666 4862 a
1715 4808 2018 4877 posteriore

440 4907 800 4973 discernant,
867 4920 1047 4975 neque
1107 4903 1308 4974 plura,
1358 4916 1528 4972 quam
1586 4900 1697 4963 ille,
1747 4899 2024 4956 Paschata.

440 5001 663 5058 Christo
703 5000 966 5055 tribuant.
1001 5005 1073 5053 At
1098 4997 1245 5052 enim
1278 4996 1383 5052 tria
1415 5004 1625 5051 tantum
1660 5003 1815 5049 erant
1846 4994 2015 5060 festa,

441 5095 643 5163 quibus
677 5093 873 5148 sistere
907 5107 966 5147 se
1019 5087 1415 5161 Hierosolymis
1463 5089 1727 5157 Oportuit,
1787 5087 2015 5149 Pascha,

444 5185 761 5240 Pentecoste
783 5192 839 5238 et
867 5181 1221 5251 Scenopegia.
1249 5179 1387 5235 Cum
1444 5193 1574 5249 ergo
1610 5194 1777 5232 unum
1814 5193 1880 5232 ex
1913 5178 2020 5232 illis

439 5275 619 5328 tribus
655 5274 853 5328 festum
888 5272 1019 5327 illud
1042 5270 1329 5332 exstiterit,
1372 5268 1529 5338 cujus
1559 5284 1722 5323 causa
1763 5267 2016 5323 Christus

438 5365 691 5419 ascendit
714 5382 728 5431 ;
774 5378 949 5432 neque
970 5362 1272 5433 posteriora
1292 5362 1401 5415 duo
1426 5362 1603 5415 locum
1618 5360 1741 5414 istic
1764 5360 2018 5421 habeant,

442 5471 666 5510 necesse
705 5466 788 5509 est
819 5454 886 5509 de
918 5454 1117 5523 primo,
1152 5454 1257 5507 hoc
1286 5461 1370 5505 est
1406 5450 1705 5517 Paschate,
1752 5450 2018 5505 Joannem

444 5547 709 5601 locutum.
740 5545 895 5612 Quod
914 5546 1058 5600 enim
1093 5560 1267 5615 neque
1292 5544 1635 5607 Pentecoste,
1669 5560 1845 5613 neque
1889 5542 2022 5599 Sce-

446 5654 677 5707 nopcgta
730 5637 918 5702 fuerit,
966 5646 1291 5707 argumento
1350 5644 1469 5702 est,
1540 5635 1685 5704 quod
1754 5637 2022 5701 superiori

444 5730 625 5798 Capite
675 5730 931 5784 Christus
967 5730 1180 5782 dixerat
1212 5743 1357 5782 com.
1390 5728 1459 5783 55
1485 5767 1499 5791 ,
1537 5736 1773 5797 quatuor
1807 5726 2023 5783 menses

456 5823 524 5883 ad
556 5836 790 5878 messem
824 5820 1061 5889 reliquos
1117 5819 1305 5875 fuisse.
1362 5818 1431 5877 At
1480 5819 1595 5875 haec
1651 5834 1771 5876 meo
1817 5819 2023 5890 judicio

2120 4620 2391 4691 Epiphan.
2445 4619 2684 4679 attinet,
2736 4631 2901 4686 supra
2956 4632 3112 4670 num.
3148 4616 3221 4670 24
3260 4618 3538 4685 postridie
3585 4617 3694 4686 ejus

2118 4713 2249 4776 diei,
2284 4724 2395 4780 quo
2429 4709 2735 4778 baptizatus
2778 4716 2881 4771 est,
2929 4706 3373 4776 praedicationem
3435 4706 3589 4760 illam
3613 4720 3696 4759 oc~

2119 4804 2353 4875 coepisse
2396 4802 2567 4869 dicit,
2618 4816 2739 4871 quae
2777 4801 2843 4854 ad
2904 4799 3150 4853 ἐνιαυτὸν
3197 4798 3389 4853 δεκτόν
3446 4798 3692 4853 refertur.

2120 4897 2263 4965 Quid
2298 4896 2463 4967 igitur
2484 4893 2834 4965 evangelistis
2862 4891 2972 4947 illis
2995 4892 3283 4953 faciemus,
3317 4890 3413 4961 qui
3456 4890 3696 4959 conjecto

2120 4990 2339 5045 demum
2410 4990 2464 5043 in
2517 5002 2794 5043 carcerem
2850 4984 3065 5042 Joanne
3118 4985 3407 5039 Christum
3480 4992 3696 5038 narrant

2120 5082 2419 5153 prtedicare
2446 5081 2725 5152 coepisse?
2759 5078 2993 5150 Keplero
3034 5078 3212 5133 visum
3262 5086 3348 5131 est
3382 5076 3698 5145 trajectiune

2122 5173 2380 5229 versiculi
2424 5173 2590 5229 unius
2630 5172 2911 5241 negotium
2969 5186 3129 5240 posse
3178 5167 3398 5222 conﬁci.
3475 5166 3616 5220 Nam
3662 5166 3697 5217 si

2122 5266 2314 5321 Matth.
2344 5280 2421 5332 Iv,
2455 5280 2572 5318 ver.
2599 5264 2687 5318 l2:
2719 5263 2854 5321 Cum
2890 5276 3067 5319 autem
3100 5260 3339 5315 audisset
3378 5259 3547 5314 λειω
3575 5258 3697 5328 quod

2122 5357 2356 5412 Joannes
2388 5358 2618 5410 traditus
2657 5344 2823 5421 esset:
2861 5358 3073 5409 secessit
3111 5355 3164 5407 in
3195 5352 3483 5413 (intimam
3510 5367 3529 5404 :
3584 5353 3695 5406 item

2125 5447 2291 5503 Marc.
2331 5463 2369 5513 ι,
2418 5447 2465 5501 si
2515 5462 2727 5501 comma
2771 5445 2837 5501 14
2903 5445 3011 5500 alio
3053 5443 3319 5511 trajicias,
3374 5442 3695 5496 narrationis

2126 5542 2372 5596 ordinem
2416 5541 2698 5609 aptissime
2730 5547 3013 5594 contexes.
3050 5537 3181 5591 Mihi
3223 5552 3354 5591 vero
3384 5535 3505 5591 haec
3546 5534 3697 5587 unius

2128 5632 2381 5688 versiculi
2437 5632 2682 5699 trajectio
2739 5631 2975 5686 violenta
3046 5645 3179 5685 sane
3243 5630 3513 5683 videtur.
3578 5626 3697 5679 nihil

2128 5728 2271 5782 enim
2303 5727 2509 5782 clarius
2542 5740 2642 5791 est,
2690 5742 2856 5797 quam
2892 5741 3012 5795 qua:
3048 5724 3424 5792 subjtcmntur
3449 5736 3576 5775 eum
3600 5718 3696 5772 illis

2131 5821 2263 5888 ipsis
2319 5820 2604 5876 versiculis
2672 5834 2795 5881 esse
2843 5834 3104 5875 connexa.
3170 5816 3356 5871 Satius
3406 5824 3497 5871 est
3544 5811 3698 5884 igitur
