3874 6338
198 389 346 444 Nl?)

1135 393 1221 446 DE
1260 393 1470 452 ANNO
1494 395 1592 450 ΕΤ·
1621 395 1732 452 DIE
1771 397 2121 457 DOMINICZE
2157 402 2534 462 PASSIONIS.

3321 395 3456 452 l0”

199 504 504 564 commoda
535 506 723 576 aliqua
758 505 1209 576 interpretatione
1237 509 1338 565 loci
1370 512 1518 567 illius
1561 511 1788 567 diﬂicul—
1817 521 1861 577 Α
1894 517 1985 569 saei
2033 518 2087 571 in
2139 517 2436 575 Beelzebub
2474 521 2588 575 inec
2652 519 2803 572 illum
2840 516 3018 570 facere
3071 513 3453 567 criminantur.

198 596 300 651 l‘ati
345 595 657 653 consulere.
695 598 811 650 Hoc
841 612 969 651 vero
1017 595 1272 667 perfacile
1319 611 1425 655 est.
1457 600 1592 655 Nam
1644 602 1781 656 Mat-

201 689 383 741 thzeus
405 694 460 740 et
484 683 698 741 Marcus
720 701 1063 756 nequaquam
1085 689 1212 742 illud
1237 689 1454 756 docent,
1503 690 1782 746 Christum

202 787 339 832 tunc
373 777 577 843 solum,
621 793 744 832 cum
776 776 1016 834 Joannes
1048 780 1100 833 in
1148 780 1368 834 vincula
1421 781 1626 835 missus
1664 789 1780 848 est,

203 871 509 938 pnedicare
547 871 602 924 in
639 871 919 939 pepulum,
950 871 1053 926 hoc
1071 881 1154 928 est
1179 873 1392 942 publice
1419 873 1581 926 verba
1608 872 1784 926 facere

202 963 482 1032 cepisse:
531 962 674 1032 quod
729 977 796 1017 ex
852 963 961 1018 illis
1000 964 1135 1033 ipsis
1193 964 1544 1035 evangelistis
1584 963 1781 1018 falsum

203 1071 328 1112 esse
358 1065 717 1114 monstratur.
751 1057 855 1112 Sed
898 1058 986 1113 hic
1023 1074 1220 1116 sensus
1249 1069 1361 1114 est:
1393 1068 1515 1130 post
1560 1067 1781 1129 captum

204 1147 476 1203 Joannem
502 1163 701 1204 novum
733 1149 882 1204 velut
931 1149 1150 1204 initium
1183 1149 1513 1220 praedicandi
1547 1149 1742 1206 fecisse
1763 1193 1778 1218 ,

205 1258 271 1296 ac
298 1257 428 1296 cum
459 1242 774 1296 accuratius
809 1243 862 1294 in
917 1241 1050 1295 illud
1104 1241 1380 1311 negotium
1431 1243 1779 1307 incubuisse,

206 1343 321 1386 tum
362 1345 501 1390 vero
527 1330 812 1400 speciatim
844 1330 974 1384 illud
1015 1330 1322 1385 inculcasse
1354 1349 1366 1384 :
1409 1330 1781 1387 Paenitentiam

205 1423 390 1491 agite;
427 1423 810 1492 appropinquat
850 1424 986 1476 enim
1023 1441 1236 1495 regnum
1269 1423 1537 1478 caelorum.
1579 1427 1784 1496 Cujus-

207 1514 353 1567 modi
387 1513 822 1568 cohortatiouent
866 1518 945 1568 vel
992 1516 1231 1570 nondum
1258 1526 1436 1580 antea,
1481 1520 1560 1572 vel
1599 1519 1782 1576 minus

205 1607 405 1662 crebro
463 1620 531 1660 ac
587 1606 934 1663 vehementer
986 1617 1298 1678 usurparat,
1332 1610 1477 1680 quod
1523 1626 1643 1665 eam
1678 1611 1784 1667 sibi

204 1696 448 1768 Joannes
478 1697 833 1767 praedicanda:
881 1701 1214 1767 poenitentia:
1260 1702 1597 1770 provinciam
1635 1703 1784 1758 velut

206 1797 485 1864 propriam
533 1809 596 1848 ac
627 1794 953 1863 peculiarem
999 1796 1342 1864 sumpsisset.
1375 1795 1540 1861 Nihil,
1563 1798 1778 1866 opinor,

1889 605 2048 662 Venit
2083 619 2256 664 mater
2287 627 2409 666 cum
2444 610 2718 673 fratribus,
2762 607 2927 661 Marc.
2979 621 3062 668 ιιι,
3109 604 3208 670 51ς
3261 602 3453 658 Matth.

1887 711 1986 762 ιιι,
2023 698 2111 752 46.
2152 699 2289 754 Τιιιη
2350 700 2630 770 egrediens
2662 699 2823 753 domo
2884 695 2951 749 ad
3002 710 3150 748 mare
3189 693 3454 762 pervenit.

1892 786 1994 842 Ubi
2039 791 2348 859 parabolam
2392 791 2668 854 sementis,
2695 798 2747 843 et
2769 787 2872 842 alia
2903 785 3148 856 quadam
3181 784 3452 849 edisserit,

1890 882 2055 938 Marc.
2096 901 2168 948 tv,
2204 884 2396 939 Matth.
2440 900 2535 939 xm
2565 903 2578 938 :
2622 899 2684 938 ac
2721 881 2858 936 forte
2881 881 3043 934 etiam
3070 894 3190 948 qua:
3212 877 3342 933 Luc.
3377 893 3454 945 ιιι,

1887 976 1975 1042 55,
2026 977 2297 1047 leguntur.
2350 976 2567 1032 Interim
2590 974 2836 1030 nonnulli
2873 973 2941 1027 ad
2979 971 3256 1026 Christum
3299 983 3457 1024 acce-

1885 1070 2041 1129 dunt,
2078 1085 2144 1124 ac
2165 1070 2316 1140 sequi
2353 1085 2412 1125 se
2439 1069 2576 1123 velle
2596 1068 2938 1138 proﬁtentur,
2966 1063 3156 1118 Matth.
3198 1077 3318 1128 vui,
3366 1060 3455 1116 18.

1889 1159 2023 1216 Post
2058 1162 2110 1214 in
2141 1162 2306 1215 altum
2341 1169 2562 1215 evectus
2590 1159 2878 1229 procellam
2929 1157 3103 1219 sedat,
3162 1154 3328 1209 Marc.
3381 1169 3456 1210 tv.

1887 1251 2142 1321 Trajecto
2181 1252 2320 1306 freto
2361 1253 2414 1306 in
2449 1250 2850 1306 Gerasenorum
2892 1264 3024 1319 agro
3057 1245 3454 1308 daemoniacum

1885 1343 2099 1406 liberat,
2133 1341 2326 1398 Matth.
2361 1359 2480 1404 vm,
2534 1344 2702 1396 Marc.
2748 1357 2802 1397 v.
2869 1339 3103 1394 Rediens
3145 1337 3459 1415 archisyna-

1885 1435 2006 1505 gogi
2044 1433 2206 1488 ﬁliam
2244 1444 2417 1496 curat,
2469 1444 2583 1487 tum
2634 1433 2922 1500 sanguinis
2976 1429 3246 1500 profluvio
3304 1428 3456 1480 labo—

1886 1535 2119 1587 rantem,
2153 1525 2343 1580 Matth.
2373 1541 2448 1584 ιχ.
2481 1524 2646 1578 Mare.
2672 1541 2723 1587 ν,
2754 1523 3018 1576 Luc.vm.
3047 1519 3310 1590 Egressus
3333 1518 3456 1572 inde

1886 1619 1938 1672 in
1971 1617 2200 1688 patriam
2240 1617 2393 1680 abiit,
2434 1616 2595 1671 Marc.
2641 1632 2714 1677 vn,
2769 1613 2955 1668 Matth.
2992 1628 3106 1666 xm.
3167 1610 3456 1679 Apostolos
3500 1638 3506 1642 -

1887 1706 2047 1760 binos
2095 1720 2218 1759 cum
2255 1704 2589 1774 amplissima
2636 1713 2899 1774 potestate
2952 1702 3135 1765 mittit,
3173 1699 3338 1754 Marc.
3378 1716 3456 1762 vt,

1889 1797 2020 1852 Luc.
2070 1814 2144 1850 ix.
2200 1797 2419 1851 Interim
2475 1796 2716 1851 llerodes
2761 1811 2882 1850 cum
2934 1795 3100 1848 multa
3153 1794 3219 1847 de
3251 1791 3460 1846 Christi.

209 1889 312 1942 hac
374 1899 570 1945 nostra
625 1887 936 1956 conjectura
999 1887 1127 1956 tingi
1180 1889 1517 1958 probabilius
1580 1900 1777 1960 potest.
1813 1881 1854 1934 Β
1888 1891 2152 1961 prodigiis
2179 1891 2498 1960 accepisset,
2531 1888 2797 1944 Joannem
2838 1904 2868 1942 a
2907 1888 3133 1942 mortuis
3159 1887 3455 1940 excitatum

205 1977 363 2034 Nunc
393 1989 450 2032 ut
501 1977 788 2048 Epiphanii
822 1985 1174 2046 veterumque
1205 1977 1272 2033 de
1309 1980 1485 2034 tribus
1541 1977 1783 2036 Pascha-

206 2073 358 2127 tibus
391 2071 579 2139 epinio
619 2069 795 2140 magis
834 2069 1152 2134 illustretur,
1194 2071 1411 2125 brevem
1463 2071 1787 2141 evangelica:

206 2165 546 2221 narrationis
581 2163 776 2219 seriem
809 2165 875 2217 ad
909 2164 1124 2219 illorum
1158 2163 1440 2219 intervalla
1469 2162 1722 2234 dirigam.

205 2278 678 2350 Eeaugelistarum
710 2279 985 2350 narratio
1017 2279 1084 2330 ad
1151 2276 1437 2346 Epiphanii
1473 2279 1786 2331 sententiam

412 2351 476 2404 de
507 2349 674 2403 tribus
709 2348 1063 2403 Paschatibus
1101 2352 1550 2402 accommodatur.

279 2441 428 2498 Post.
450 2443 777 2512 baptismum
809 2453 863 2497 et
895 2460 961 2497 ιιι
994 2444 1204 2498 dierum
1225 2443 1494 2514 jejunium
1518 2457 1580 2497 ea
1611 2443 1788 2497 conti-

205 2544 426 2602 gerunt,
473 2549 594 2602 quae
623 2531 782 2588 Joan.
816 2551 832 2588 1
869 2533 1045 2603 capite
1074 2544 1368 2588 narrantur
1398 2533 1464 2588 de
1502 2533 1782 2603 apostolo-

203 2640 330 2678 rum
355 2625 661 2684 vocatione.
687 2624 816 2680 lude
844 2626 1046 2695 nuptiae
1072 2625 1125 2679 in
1153 2625 1300 2680 Cana
1327 2623 1559 2680 Galilaeae
1585 2623 1784 2679 Joann.

205 2733 246 2771 ιι
285 2733 464 2787 usque
493 2717 558 2770 ad
583 2732 796 2772 comma
864 2718 948 2782 l5,
976 2718 1194 2788 quando
1240 2717 1624 2787 Capharnaum
1658 2732 1782 2771 cum

207 2809 330 2864 suis
360 2807 647 2878 profectus
675 2818 776 2864 est.
816 2806 919 2864 Ubi
947 2825 1068 2863 cum
1095 2808 1286 2878 paucis
1315 2807 1508 2862 diebus
1540 2807 1787 2862 haesisset

204 2898 488 2962 Galilaeam
513 2899 667 2964 obiit,
711 2900 894 2969 ibique
927 2900 1236 2970 praedicavit
1273 2897 1623 2970 Evangelium
1647 2898 1782 2954 Luc.

207 3008 286 3053 tv,
313 3006 460 3047 com.
493 2990 579 3056 M,
611 2987 977 3044 Nazarethum
1035 2990 1208 3058 petiit,
1243 2989 1336 3044 ubi
1392 2988 1784 3059 propemodum

207 3099 238 3136 a
293 3082 507 3136 civibus
565 3083 781 3136 occisus
812 3090 913 3135 est.
973 3081 1100 3137 Post
1136 3082 1250 3137 haec
1294 3081 1570 3150 apostolos
1603 3081 1787 3135 denuo

1888 1992 2062 2054 putat,
2091 1991 2146 2037 et
2178 1983 2326 2036 illum
2363 1981 2545 2036 videre
2585 1981 2744 2049 gestit
2775 1999 2787 2034 :
2838 1989 2892 2033 at
2938 1979 2982 2032 is
3029 1992 3146 2032 sese
3180 1977 3452 2032 subducit.

1889 2077 2067 2142 Quare
2096 2075 2199 2130 sub
2228 2076 2344 2130 hac
2376 2083 2620 2144 tempora
2647 2071 2910 2128 Joannem
2959 2070 3299 2124 inter-feetum
3335 2083 3456 2124 esse

1887 2168 2144 2223 credibile
2169 2177 2273 2222 est.
2299 2166 2379 2220 Ad
2417 2164 2662 2220 eamdem
2685 2163 2882 2218 Christi
2928 2162 3108 2232 fugam
3148 2161 3324 2216 refero
3363 2176 3455 2216 ca-

1889 2272 1986 2331 put
2017 2276 2068 2314 tv
2101 2259 2347 2322 Joannis,
2375 2275 2499 2314 cum
2524 2258 2710 2312 relicta
2741 2256 2924 2310 Judzea
2957 2256 3008 2308 in
3039 2255 3315 2310 Galilaeam
3365 2270 3454 2310 se-

1888 2353 2089 2420 cessit;
2133 2368 2243 2420 qtto
2275 2351 2328 2405 in
2393 2352 2584 2404 itinere
2649 2365 2770 2403 cum
2830 2348 3168 2402 Samaritana
3233 2348 3458 2402 muliere

1890 2444 2195 2498 collocutus
2223 2450 2326 2496 est.
2389 2442 2567 2506 Quare
2618 2439 2798 2492 hiatus
2859 2438 3048 2506 ingens
3088 2445 3172 2491 est
3220 2438 3458 2491 historia:

1889 2537 2030 2590 inter
2060 2550 2178 2604 cap.
2220 2550 2278 2588 ιιι
2306 2543 2359 2587 et
2385 2548 2435 2586 tv
2461 2531 2643 2597 Joan.,
2675 2531 2818 2602 quod
2855 2531 3051 2598 prioris
3081 2531 3208 2583 anni
3249 2546 3335 2584 res
3368 2545 3460 2599 ge-

1889 2637 2003 2682 stas
2035 2625 2382 2696 evangelistae
2415 2623 2610 2692 reliqui
2644 2622 3058 2676 accuratissime
3087 2621 3457 2690 scripsissent.

1887 2717 2065 2788 Caput
2092 2733 2219 2773 vero
2257 2733 2308 2771 Vl
2340 2731 2463 2772 cum
2518 2730 2571 2768 tv
2630 2727 2938 2769 connexum
3003 2721 3126 2766 est:
3179 2727 3303 2767 nam
3337 2723 3460 2783 post

1889 2813 1979 2867 illa
2019 2810 2204 2865 omnia
2246 2809 2311 2864 ad
2344 2808 2542 2862 festum
2574 2805 2848 2876 quoddam
2890 2803 3144 2860 Christus
3192 2805 3456 2870 accessit.

1887 2905 2036 2974 quod
2105 2919 2135 2958 a
2184 2901 2446 2957 Paschate
2495 2900 2640 2956 baud
2695 2900 2854 2965 longe
2904 2898 3127 2953 aberat:
3198 2898 3458 2953 nimirum

1889 2996 2136 3060 Phurim,
2165 3004 2259 3050 aut
2287 2994 2435 3049 aliud
2478 2993 2790 3064 quodpiam.
2827 2991 3085 3063 Sequitur
3133 2993 3460 3047 miraculum

1889 3089 2115 3159 ingens,
2173 3104 2297 3144 cum
2339 3087 2580 3157 quinque
2642 3086 2809 3140 millia
2870 3085 3152 3139 hominum
3226 3084 3460 3154 panibus

205 3172 630 3236 vocavit,Marc.
669 3189 706 3240 1,
744 3174 830 3228 16.
864 3173 1170 3242 lterumque
1199 3187 1496 3228 conscensa
1535 3170 1658 3225 navi
1686 3170 1786 3224 Pe—
1814 3221 1856 3279 C
1890 3181 2138 3251 quinque
2175 3187 2229 3233 ει
2275 3177 2518 3248 piscibus
2558 3177 2770 3232 duobus
2818 3177 3104 3243 saturavit,—
3154 3172 3313 3230 Joan,
3369 3191 3458 3238 γι,

206 3276 359 3318 trum
395 3279 459 3318 ac
487 3273 716 3317 caeteros
747 3264 814 3317 ad
869 3278 987 3318 sese
1024 3262 1312 3333 pertraxit.
1366 3261 1502 3314 Tum
1541 3260 1786 3330 Caphar-

206 3377 378 3416 naum
415 3360 581 3422 venit,
613 3357 779 3414 Marc.
836 3377 872 3426 ι,
905 3360 994 3422 21,
1025 3358 1158 3415 Luc.
1201 3376 1274 3424 tv,
1303 3359 1390 3413 5|.
1430 3357 1528 3412 Ubi
1564 3358 1616 3413 in
1659 3375 1786 3432 syn-

204 3472 396 3528 agoga.
433 3457 828 3511 danitoniacum
873 3465 1030 3511 curat
1070 3473 1083 3510 :
1127 3455 1252 3510 inde
1280 3454 1423 3509 Petri
1456 3470 1694 3520 socrum,
1723 3472 1787 3511 ac

208 3551 515 3620 leprosum.
567 3547 826 3619 Sequitur
891 3548 1130 3603 Matthaai
1186 3548 1419 3612 vocatio,
1456 3547 1647 3602 Matth.
1709 3565 1784 3614 ιχ,

209 3641 381 3700 Marc.
417 3656 478 3703 ιι,
519 3640 646 3696 Luc.
679 3659 728 3696 v.
762 3641 876 3696 Sub
908 3642 1022 3697 haec
1055 3640 1370 3697 accedentes
1419 3640 1648 3696 Joannis
1698 3641 1783 3694 di-

212 3735 411 3806 scipuli
447 3749 572 3789 cum
607 3733 900 3790 Pharisaais
945 3735 1292 3804 expostulent
1334 3750 1456 3789 cum
1493 3750 1581 3799 eo,
1637 3736 1786 3804 quod

214 3829 390 3899 ipsius
430 3827 682 3896 discipuli
736 3827 957 3882 minime
1003 3829 1333 3897 jejunareut.
1375 3827 1499 3884 Inde
1550 3829 1787 3898 primum

211 3920 426 3976 Pascha
461 3927 585 3991 post
614 3920 942 3990 baptismum
971 3919 1128 3974 Joan.
1155 3936 1214 3975 ιι.
1251 3917 1482 3976 Necesse
1513 3929 1597 3975 est
1639 3923 1787 3975 enim

211 4014 407 4069 multis
466 4021 626 4066 antea
682 4013 958 4066 miraculis
1017 4012 1220 4075 editis,
1282 4028 1346 4066 ac
1405 4013 1792 4081 praedicatione

213 4112 394 4174 capta
428 4103 692 4159 claruisse
721 4101 1036 4166 Dominum,
1095 4113 1152 4157 ut
1179 4119 1244 4157 ex
1271 4103 1552 4158 Nicudemi
1585 4104 1792 4157 oratio-

214 4219 286 4260 ne
314 4204 611 4274 colligitur.
653 4202 760 4258 Per
789 4202 1006 4257 eosdem
1053 4202 1338 4257 Paschatis
1376 4203 1492 4256 dies
1539 4200 1792 4256 Christus

218 4298 591 4370 negotiatores
630 4313 660 4350 a
697 4296 898 4366 tetnplo
945 4297 1241 4351 submovit.
1285 4294 1480 4351 Postea
1526 4310 1656 4350 vero
1697 4310 1794 4364 per

217 4401 338 4446 sata
373 4391 592 4445 transiit
621 4389 812 4444 Matth.
850 4406 948 4453 xtt,
980 4390 1032 4453 1,
1061 4389 1226 4445 Marc.
1259 4405 1320 4454 tt,
1347 4390 1438 4456 $5,
1461 4388 1591 4444 Luc.
1625 4405 1699 4453 Vl,
1737 4389 1788 4442 1.

218 4483 540 4554 Sequuntur
597 4491 748 4552 gesta
801 4479 991 4536 Matth.
1061 4497 1138 4535 xu
1204 4482 1271 4536 ad
1329 4482 1406 4536 21-
1435 4497 1669 4537 comma.
1727 4481 1794 4536 Et

1893 3273 2083 3328 Matth.
2129 3287 2242 3339 xiv,
2265 3270 2431 3326 Marc.
2466 3285 2542 3336 νι,
2582 3268 2714 3324 Luc.
2763 3285 2814 3323 Ix
2848 3289 2860 3324 :
2895 3269 3114 3338 quando
3143 3268 3364 3330 veritus.
3395 3283 3465 3323 ne

1888 3385 1981 3424 rex
2024 3384 2053 3424 a
2088 3367 2244 3439 plebe
2273 3367 2446 3430 ﬁeret,
2481 3365 2708 3420 secessit
2737 3365 2791 3418 in
2851 3371 3109 3428 montem,
3139 3373 3192 3417 et
3228 3363 3354 3418 inde
3406 3363 3460 3417 in

1889 3462 2270 3530 Capharnautn
2303 3458 2626 3520 transmisit,
2658 3471 2768 3524 quo
2811 3455 2973 3509 etiam
3017 3464 3259 3523 tempore
3299 3468 3464 3522 super

1890 3565 2062 3621 aquas
2089 3549 2407 3604 ambulavit.
2444 3547 2558 3603 Sub
2599 3546 2738 3600 idem
2791 3555 3004 3614 tempus
3038 3546 3222 3600 habita
3264 3554 3348 3600 est
3395 3543 3464 3598 ad

1893 3647 2152 3718 populum
2194 3645 2278 3699 illa
2307 3643 2623 3713 disputatio,
2657 3655 2778 3710 quae
2807 3637 2962 3694 Joan.
3011 3654 3066 3693 v1
3116 3637 3459 3693 describitur.

1903 3741 2030 3796 Inde
2090 3741 2146 3794 in
2174 3748 2372 3793 terram
2405 3733 2738 3791 Gcnezareth
2781 3731 3075 3802 profectus.

1965 3831 2224 3901 Sequitur
2250 3830 2455 3885 Pascha
2487 3827 2784 3883 secundum
2813 3825 2970 3880 Joan.
2995 3841 3071 3890 vt,
3100 3824 3153 3878 4.
3191 3822 3327 3879 llinc
3373 3824 3464 3878 illa

1893 3939 2017 3980 cum
2045 3921 2333 3977 Pharisazis
2358 3918 2657 3981 altercatio,
2681 3916 2866 3970 Matth.
2903 3933 2996 3981 xv,
3023 3915 3188 3969 Marc.
3228 3930 3300 3968 Vl.
3336 3912 3468 3969 Post

1897 4019 1950 4072 in
1984 4016 2274 4088 Tyriorum
2312 4013 2774 4080 Sidoniorumque
2804 4011 2940 4064 lines
2995 4007 3270 4078 profectus
3319 4007 3464 4072 Cha;

1895 4117 2099 4156 nantem
2126 4101 2291 4154 tiliam
2320 4107 2498 4164 curat,
2536 4114 2634 4152 nec
2672 4113 2779 4151 non
2812 4107 2866 4151 et
2893 4097 3289 4150 daemoniacutn
3345 4112 3465 4148 mu-

1895 4199 2034 4254 tum,
2071 4206 2136 4244 ac
2169 4189 2393 4246 surdum
2435 4189 2502 4242 ad
2535 4203 2683 4242 mare
2713 4186 2963 4250 Galilaeaa,
2997 4185 3216 4255 quando
3274 4183 3467 4240 Pharia

1896 4283 1988 4337 επὶ
2017 4282 2411 4338 calumniantes
2445 4281 2500 4335 in
2527 4279 2824 4335 Beelzebub
2869 4279 2982 4333 fieri
3035 4279 3136 4333 ista
3183 4279 3460 4332 dixerunt.

1897 4374 2053 4441 Quod
2083 4373 2304 4444 quidem
2340 4373 2424 4427 bis
2461 4373 2686 4427 omnino
2711 4372 2974 4441 contigit:
3008 4371 3242 4440 primum
3275 4369 3462 4424 Matth.

1900 4486 1976 4532 ix,
2004 4467 2172 4522 Marc.
2202 4482 2281 4532 ιιι,
2323 4465 2519 4520 deinde
2552 4463 2741 4517 Matth.
2781 4479 2853 4516 xu
2893 4473 2946 4516 et
2995 4460 3160 4516 Marc.
3189 4477 3281 4527 vtt,
3330 4459 3462 4514 an.

214 4574 388 4629 Marc.
418 4587 476 4627 ιιι
537 4589 712 4643 usque
733 4573 800 4626 ad
832 4573 897 4628 l5
919 4572 1244 4637 com.,.Luc.
1275 4589 1324 4627 γι
1359 4575 1425 4627 ad
1465 4573 1525 4626 l9.
1554 4587 1786 4627 comma.
1824 4577 1866 4632 ι)
1899 4579 1974 4616 χι.
2015 4559 2420 4628 Subjicieudum
2453 4558 2536 4612 his
2563 4556 2818 4610 omnibus
2847 4565 2930 4610 est
2953 4554 3101 4608 aliud
3133 4553 3462 4624 prodigium.

215 4666 466 4737 Apostoli
488 4656 744 4736 deinceps
775 4667 1046 4738 eliguntur
1073 4667 1238 4721 Marc.
1271 4683 1332 4721 ιιι
1383 4684 1413 4721 a
1455 4683 1655 4722 comm.
1725 4668 1794 4722 l5

216 4761 284 4814 ad
325 4758 414 4824 19,
451 4757 583 4813 Luc.
648 4774 697 4812 vu
732 4774 761 4813 a
804 4759 870 4812 12
902 4759 970 4813 ad
1009 4759 1096 4824 l6,
1131 4758 1321 4814 Matth.
1359 4776 1388 4813 κ
1443 4769 1554 4814 toto
1597 4760 1790 4830 capite.

216 4845 414 4901 Postea
441 4844 638 4914 partim
670 4844 722 4898 in
760 4852 966 4906 monte.
1011 4844 1206 4914 partim
1248 4845 1301 4898 in
1342 4845 1462 4898 loco
1506 4845 1796 4915 campestri

217 4936 407 4991 varios
458 4949 740 4990 sermones
791 4935 1072 5001 instituit;
1113 4951 1252 5005 quos
1301 4951 1497 5006 magna
1531 4953 1595 4991 ex
1645 4949 1797 5006 parte

217 5029 508 5085 Mattheus
529 5029 848 5099 anticipavit
869 5044 990 5098 cap.
1019 5044 1092 5094 vt,
1122 5038 1176 5083 et
1197 5027 1328 5082 Luc.
1351 5045 1424 5082 vn.
1446 5028 1797 5084 Centurionis

217 5121 417 5178 deinde
451 5137 667 5177 servum
706 5123 944 5176 amorbo
975 5123 1168 5176 liberat
1202 5119 1335 5176 Luc.
1364 5138 1436 5176 vu
1468 5137 1500 5174 a
1530 5121 1554 5173 1
1594 5136 1792 5175 comm.

220 5216 290 5272 ad
348 5216 440 5280 10,
488 5213 676 5269 Matth.
721 5231 818 5268 vin
877 5230 907 5269 a
955 5216 988 5269 5
1037 5215 1105 5269 ad
1184 5216 1272 5269 10.
1334 5212 1472 5268 Tum
1515 5214 1686 5268 vidua:
1737 5214 1799 5267 ii-

223 5311 356 5365 lium
381 5309 448 5363 ad
479 5306 737 5378 oppidum
765 5305 942 5370 Naim,
995 5307 1126 5362 Luc.
1167 5323 1240 5362 vn
1300 5321 1329 5360 a
1368 5322 1568 5361 comm.
1625 5306 1692 5359 η
1729 5305 1797 5360 ad

224 5399 318 5458 18.
353 5397 500 5474 Inter
536 5399 650 5452 haec
683 5395 924 5453 Joannes
979 5399 1090 5468 jam
1150 5399 1202 5452 in
1257 5414 1531 5453 carcerem
1596 5398 1798 5452 missus

222 5492 528 5560 discipulos
556 5492 620 5542 ad
650 5488 924 5543 Christum
953 5491 1167 5556 allegat,
1231 5488 1365 5545 Luc.
1403 5505 1476 5543 vn
1518 5505 1548 5543 a
1597 5503 1795 5542 comm.

226 5584 297 5640 19
329 5585 398 5639 ad
435 5583 526 5647 55,
557 5581 746 5636 Matth.
784 5598 862 5636 ιιι.
897 5583 1156 5653 Sequitur
1201 5583 1518 5652 peccatricis
1553 5583 1800 5637 mulieris

223 5675 463 5731 oﬂicium
493 5673 714 5729 Christo
745 5673 1069 5743 praestitum,
1112 5673 1244 5728 Luc.
1299 5689 1395 5738 vu,
1463 5689 1665 5730 comm.
1710 5675 1798 5729 57.

226 5767 356 5823 lude
384 5767 609 5822 domum
641 5768 806 5831 venit,
843 5765 1010 5822 Marc.
1056 5782 1138 5828 ιιι,
1177 5764 1267 5818 20.
1312 5764 1646 5819 Daemonium
1678 5782 1800 5819 tnu-

225 5872 342 5921 tum
374 5860 542 5932 ejicit,
580 5860 712 5916 Luc.
753 5877 824 5928 χι,
859 5861 943 5929 lt,
975 5859 1163 5916 Matth.
1198 5875 1294 5925 xu,
1329 5858 1418 5913 ‘22.
1459 5857 1578 5914 ldeo
1615 5857 1801 5912 Phari-

1897 4670 2020 4710 cum
2051 4661 2286 4724 quatuor
2310 4651 2595 4705 hominum
2652 4649 2820 4703 tnillia
2867 4657 3071 4718 septem
3114 4647 3347 4716 panibus
3374 4661 3464 4702 sa-

1897 4747 2069 4812 tiavit,
2101 4744 2289 4800 Matth.
2330 4730 2419 4806 xv,
2447 4741 2614 4796 Marc.
2656 4757 2770 4795 vut.
2807 4740 3002 4794 lndein
3038 4751 3219 4809 partes
3251 4737 3469 4794 Dalma—

1898 4842 2070 4897 nutba
2093 4838 2482 4910 proficiscitur,
2508 4833 2674 4889 Marc.
2706 4850 2826 4900 vttt,
2847 4834 2937 4888 ubi
2961 4831 3216 4887 Pharisaei
3251 4833 3467 4902 signqu

1898 4944 2168 5007 quaerunt,
2195 4933 2383 4988 Matth.
2426 4947 2537 4996 xvt,
2575 4928 2707 4984 Luc.
2759 4944 2812 4982 χι
2853 4946 2865 4982 :
2905 4927 3051 4997 quod
3077 4935 3156 5006 [et
3211 4936 3336 4981 ante
3375 4940 3470 4994 pe-

1897 5032 2115 5093 tierant,
2178 5026 2366 5081 Matth.
2430 5040 2530 5078 xu.
2582 5023 2909 5077 lnvitatura
2954 5018 3251 5080 Pharisaao,
3314 5028 3368 5072 et
3415 5019 3468 5070 in

1902 5121 2151 5193 pluribus
2197 5117 2434 5181 disserit,
2473 5114 2605 5169 Luc.
2633 5130 2708 5177 χι,
2739 5111 2929 5167 Matth.
2964 5125 3121 5164 χχιιι.
3147 5109 3274 5163 Abit
3321 5115 3472 5162 trans

1901 5210 2309 5274 fretum,Marc.
2364 5224 2484 5272 vnt,
2527 5207 2615 5268 15.
2658 5204 2792 5259 Luc.
2843 5217 2943 5268 xu,
2996 5200 3183 5255 Matth.
3232 5216 3344 5253 xvn.
3396 5198 3472 5252 De

1902 5307 2143 5362 cavendo
2167 5303 2572 5358 Pharisaeorum
2609 5299 2880 5355 fermento
2908 5295 3184 5367 praecipit,
3218 5293 3470 5349 Bethsai-
3557 5345 3559 5347 ,

1902 5401 1986 5456 dae
2017 5413 2220 5454 caecum
2255 5403 2434 5458 curat,
2469 5394 2635 5449 Marc.
2666 5408 2784 5457 vm,
2806 5390 2898 5444 2‘2.
2951 5388 3144 5444 Petrus
3173 5387 3473 5443 confessio-

1905 5509 2024 5548 nem
2050 5492 2182 5555 edit,
2214 5489 2388 5543 Marc.
2422 5503 2519 5542 vut
2541 5528 2555 5552 ,
2589 5487 2681 5549 ‘27,
2713 5485 2904 5539 Matth.
2935 5499 3047 5548 xw,
3100 5479 3232 5535 Luc.
3271 5496 3345 5544 ιι,
3386 5480 3469 5535 18.

1904 5583 2032 5639 Post
2060 5584 2174 5637 dies
2232 5597 2326 5634 vm
2377 5578 2460 5632 vel
2507 5593 2559 5631 vt
2610 5577 3052 5646 transﬁguratur,
3086 5569 3276 5626 Matth.
3341 5585 3472 5633 xvn,

1903 5675 2070 5730 Marc.
2105 5691 2181 5737 tx,
2216 5673 2347 5728 Luc.
2382 5687 2455 5726 Ix.
2499 5669 2766 5726 Postridie
2805 5665 3105 5722 lunaticum
3137 5669 3312 5718 sanat.
3343 5658 3473 5714 Orta

1905 5767 2045 5820 inter
2078 5764 2353 5834 apostolos
2378 5763 2446 5817 de
2475 5761 2777 5830 principatu
2801 5751 3273 5818 contentio,Marc.
3293 5750 3476 5815 tx,5‘2.

1907 5855 2039 5912 Luc.
2079 5871 2150 5910 Ix.
2180 5855 2256 5910 Ad
2292 5853 2636 5925 Sccnopegiae
2671 5853 2868 5909 festum
2894 5867 2924 5908 e
2953 5850 3169 5906 Galilata
3203 5845 3477 5919 profectus
