3832 6220
191 349 328 406 1017

1105 352 1194 408 DE
1228 353 1708 412 POENITENTIE
1747 355 2028 413 VETERE
2069 355 2472 413 DISCIPLINA.

3304 327 3451 418 tore

189 469 332 538 Quid
371 480 544 523 autem
583 470 796 536 durius,
826 487 986 542 quam
1016 482 1073 526 ut
1105 475 1343 528 indicant
1385 477 1763 546 pauitantiam,
1794 489 1841 543 Α
1868 480 2104 535 nendum
2129 479 2546 548 {aciendamque
2589 476 2934 549 disciplinam
2965 480 3332 535 severioribus
3361 481 3447 536 in-

186 575 472 632 quamnon
495 561 756 626 relaxent,
778 579 898 616 cum
942 565 1122 634 utique
1163 567 1369 621 veniam
1408 569 1646 638 negando
1673 570 1762 623 in-

185 655 449 708 centivum
495 655 741 724 auferant
791 659 1150 726 poenitentiae?
1195 659 1365 714 Nemo
1412 662 1552 714 enim
1593 671 1760 728 potest

183 747 313 801 bene
339 764 491 818 agere
509 750 888 818 penitentiam,
919 751 1024 804 nisi
1044 753 1136 822 qui
1169 753 1452 820 speraverit
1479 751 1760 822 indulgen-

185 841 341 894 tiam.
392 839 519 896 Haec
564 841 910 898 Ambrosius.
940 841 1041 908 Qui
1077 844 1236 912 paulo
1274 853 1398 912 post
1429 841 1760 898 Novatiano-

183 945 310 986 rum
335 929 586 985 doctores
607 930 682 984 ait
733 932 912 984 omnia
945 939 1160 1000 peccata
1195 929 1494 985 Stoicorum
1532 932 1761 1002 quodam

183 1035 331 1075 more
366 1020 585 1089 paribus
627 1021 920 1075 testimasse
939 1024 1232 1084 mensuris,
1279 1023 1385 1077 hoc
1409 1032 1513 1090 est,
1567 1033 1626 1076 ut
1670 1038 1759 1077 se-

182 1113 372 1180 quenti
401 1113 581 1182 capite
609 1113 790 1175 docet,
817 1113 969 1168 nullo
1001 1114 1290 1168 criminum
1309 1115 1516 1168 delectu
1549 1113 1757 1180 habito,

179 1205 438 1258 omnibus
472 1221 538 1260 ex
567 1221 723 1276 aequo
750 1207 964 1260 veniam
995 1221 1221 1278 negasse
1250 1225 1264 1261 :
1313 1207 1495 1278 itaque
1523 1208 1760 1262 sensisse

179 1295 474 1352 Novatum.
503 1297 792 1369 Perperam
821 1298 988 1362 enim,
1021 1309 1082 1354 ut
1109 1300 1425 1354 monuimus
1443 1339 1459 1362 ,
1489 1298 1755 1354 Novatum

179 1403 282 1459 pro
307 1388 609 1446 Novatiano
635 1391 773 1446 solet
795 1407 1098 1462 usurpare:
1130 1407 1256 1448 cum
1290 1394 1393 1449 hoc
1417 1433 1432 1456 ,
1464 1395 1610 1465 quod
1642 1396 1759 1465 ipse

175 1492 390 1545 narrat,
428 1481 731 1538 Novatiano
757 1485 942 1554 potius
979 1495 1266 1556 congruat,
1297 1487 1389 1556 qui
1431 1485 1628 1542 Stoicae
1672 1503 1759 1543 se-

171 1579 282 1626 cta
335 1586 401 1627 ac
451 1571 807 1642 philosophiae
839 1588 961 1630 sese
1009 1575 1308 1630 dediderat.
1359 1576 1431 1632 At
1471 1574 1755 1633 Novatiaui
1807 1573 1814 1578 ’

174 1662 425 1735 magistri
458 1666 544 1719 sui
572 1666 830 1721 acerbum
858 1667 1025 1721 nimis
1057 1676 1452 1738 austerumque
1477 1669 1755 1724 decretum

171 1771 241 1810 ea
269 1757 639 1814 moderatione
668 1768 1060 1830 temperarunt,
1102 1773 1160 1817 ut
1182 1761 1527 1834 gravioribus
1555 1761 1754 1816 dunta-

172 1861 273 1904 xat
307 1849 628 1906 criminibus
649 1852 863 1906 veniam
890 1862 1172 1923 negarent,
1190 1831 1504 1909 levioribus
1546 1853 1754 1908 tribue-
1782 1831 1826 1887 Β

173 1951 321 1997 rent.
355 1942 448 1998 Sic
496 1943 639 1998 enim
691 1943 1013 2001 Ambrosius
1049 1959 1064 1998 :
1113 1943 1214 2000 Sed
1248 1946 1399 1999 aiunt
1428 1961 1482 1999 se
1526 1945 1753 2013 exceptis

171 2038 509 2110 gravioribus
562 2040 872 2094 criminibus
913 2042 1154 2095 relaxare
1198 2041 1404 2095 vertiam
1446 2039 1751 2094 levioribus.

175 2131 306 2186 Non
336 2131 432 2186 hoc
473 2133 684 2202 quidem
707 2143 896 2187 auctor
925 2135 1085 2188 vestri
1121 2134 1318 2187 erroris
1354 2131 1634 2194 Novatus;
1663 2132 1753 2201 qui

171 2225 374 2278 nemini
396 2225 759 2292 paenitentiam
788 2225 1023 2279 dandam
1052 2226 1278 2293 putarit,
1315 2241 1377 2278 ea
1401 2224 1600 2278 scilicet
1631 2239 1754 2276 con—

173 2318 517 2387 templatione
542 2358 556 2382 ,
608 2327 667 2372 ut
717 2318 854 2388 quod
893 2319 1002 2388 ipse
1044 2333 1149 2372 non
1181 2327 1351 2388 posset
1387 2317 1608 2380 solvere,
1648 2331 1753 2368 non

169 2411 405 2481 ligaret;
436 2426 498 2463 ne
535 2409 753 2480 ligando
804 2411 1006 2479 sperari
1037 2427 1071 2464 a
1102 2427 1157 2464 se
1195 2410 1390 2479 faceret
1414 2408 1749 2463 solutionem.

171 2502 245 2557 In
273 2519 332 2557 eo
359 2503 524 2573 igitur
550 2511 756 2572 patrem
773 2509 998 2556 oestrum
1019 2503 1232 2571 propria
1256 2503 1527 2557 damnatis
1551 2511 1756 2557 sentcn-

170 2598 276 2660 tia,
300 2597 391 2666 qui
437 2595 828 2650 distinctionem
871 2604 1209 2664 peccatorum
1256 2595 1456 2666 facitis,
1494 2611 1612 2665 qua:
1652 2594 1755 2648 sol-

167 2688 344 2743 venda
372 2705 404 2742 a
442 2689 586 2742 vobis
619 2704 730 2742 esse
764 2689 977 2758 putetis,
1023 2698 1071 2743 et
1097 2703 1214 2758 qua:
1245 2689 1358 2742 sine
1386 2689 1614 2742 remedio
1641 2703 1752 2743 esse

167 2779 529 2834 arbitremini.
553 2778 729 2848 Atque
753 2786 813 2832 ut
831 2777 1050 2848 prepius
1073 2779 1138 2832 ad
1152 2793 1216 2831 ea
1237 2777 1555 2846 diSputanda
1580 2776 1756 2831 venia-

167 2887 320 2936 mus,
349 2885 584 2940 quorum
624 2885 786 2924 causa
817 2869 1031 2940 longius
1053 2870 1104 2923 in
1139 2870 1240 2924 hac
1278 2867 1518 2922 Dlatriba
1559 2882 1754 2938 proce-

165 2964 303 3018 dere
324 2963 639 3027 statuimus,
669 2962 953 3018 sciendum
986 2971 1090 3026 est,
1120 2977 1227 3016 non
1260 2977 1358 3031 pro
1383 2976 1450 3016 eo
1493 2961 1638 3031 quod
1668 2961 1753 3014 la-

166 3071 304 3128 psos
357 3055 426 3111 ad
476 3055 919 3112 communionem
973 3063 1028 3110 et
1085 3054 1512 3110 ecclesiasticam
1567 3068 1750 3123 pacem

167 3149 539 3206 admittendos
560 3156 840 3221 negarent,
871 3146 1140 3203 Novatum
1169 3155 1224 3201 et
1249 3145 1611 3201 Novalianum
1643 3147 1754 3202 hae-
1779 3182 1826 3247 ο

165 3242 378 3296 reticos
438 3239 677 3305 habitos,
716 3248 880 3311 atque
909 3239 978 3294 ab
1007 3238 1251 3295 Ecclesia
1309 3239 1577 3294 catholica
1629 3254 1754 3308 pro-

167 3336 408 3404 scriptos
463 3333 676 3390 fuisse:
706 3335 799 3390 sed
841 3334 988 3403 quod
1047 3333 1252 3388 nullum
1288 3331 1354 3386 ad
1387 3347 1482 3387 eos
1511 3331 1754 3387 reconci-

163 3428 388 3483 liandos
411 3428 878 3497 condonaudaque
902 3425 1099 3481 delicta
1127 3424 1218 3495 jus
1242 3425 1298 3478 in
1335 3422 1578 3478 Ecclesia
1631 3438 1754 3479 esse

163 3521 464 3590 pertldiose
513 3533 578 3574 ac
633 3519 924 3575 crudeliter
987 3523 1380 3573 asseverarent.
1443 3513 1620 3582 Quod,
1670 3516 1756 3569 in-

167 3628 364 3683 quam,
399 3612 658 3679 claviunt,
692 3621 750 3668 ut
777 3621 996 3676 vocant,
1023 3619 1345 3681 potestatem
1383 3610 1640 3666 Ecclesi'e
1689 3625 1755 3667 ac

169 3705 554 3760 sacerdotibus
601 3705 981 3770 detraherent,
1035 3715 1092 3760 ut
1143 3705 1381 3775 reliquos
1429 3703 1749 3759 eorumtlem

166 3813 391 3854 errores
420 3799 688 3865 omittam,
723 3796 1008 3853 Novatiani
1041 3806 1300 3868 tanquam
1332 3798 1568 3852 haeretici
1597 3797 1752 3852 dam-

169 3888 296 3943 nati
347 3896 473 3943 sunt
499 3929 515 3954 ,
550 3887 755 3957 alioqui
785 3889 991 3957 lapsos,
1021 3886 1126 3941 hoc
1154 3897 1238 3941 est
1264 3887 1582 3943 idololatria:
1615 3905 1752 3944 con-

169 3979 398 4049 tagione
429 3978 686 4047 poliutos,
729 3979 784 4033 in
819 3987 1136 4048 perpetuum
1160 3979 1228 4034 ab
1255 3978 1495 4034 Ecclesra
1529 3979 1754 4034 submo-

168 4086 305 4128 vere
326 4072 563 4126 nondum
577 4086 678 4140 pro
694 4070 948 4125 haeretieo
977 4071 1197 4125 decreto
1225 4073 1502 4142 cognitum
1535 4071 1748 4127 fuerat:

168 4165 312 4236 quin
334 4165 494 4219 etiam
518 4163 714 4234 priscis
745 4163 852 4218 illis
879 4162 1121 4218 ﬂorentis
1142 4163 1391 4218 Ecclesiae
1414 4164 1750 4233 temporibus

169 4257 346 4313 certis
377 4265 720 4326 peccatorum
753 4255 1043 4325 generibus
1100 4257 1486 4311 communione
1525 4256 1752 4310 interdi-

170 4359 352 4415 ctum,
379 4357 433 4402 et
457 4348 673 4417 quidem
695 4358 953 4418 perpetuo
982 4346 1174 4410 fuisse,
1201 4348 1603 4417 quamplurima
1623 4363 1752 4405 con-

167 4440 304 4495 cilia
333 4455 396 4493 ac
428 4437 528 4493 SS.
577 4437 680 4492 PP.
724 4438 1032 4493 testimonia
1087 4438 1384 4493 declarant.
1431 4436 1586 4505 Quod
1620 4455 1746 4494 cum

1864 573 2074 627 tadum
2097 571 2306 644 legibus
2334 581 2388 625 et
2422 570 2684 626 institutis
2705 570 3013 626 astrictum.
3047 569 3316 638 Quocirca
3339 574 3446 629 sub

1862 663 2041 733 ipsum
2095 663 2419 718 Christianas
2485 661 2766 731 religionis
2820 664 3128 726 exordium,
3181 664 3446 735 ﬂagrante

1861 769 2114 825 peraeque
2143 755 2326 810 studio
2349 753 2588 822 pietatis.
2620 762 2675 808 et
2700 754 3062 823 improbitatis
3089 755 3236 819 odio.
3271 759 3445 814 multo

1859 855 1917 903 et
1942 848 2219 917 graviores
2255 845 2310 898 in
2345 844 2540 900 delicta
2595 861 2770 917 poenae
2803 853 2860 900 et
2905 845 3275 903 diuturniores
3309 863 3446 904 con-

1861 939 2064 994 stituta:
2082 946 2228 994 sunt.
2258 936 2390 1004 Quae
2433 953 2519 992 res
2539 952 2605 992 eo
2651 952 2820 1008 usque
2850 952 3196 1007 progressum
3225 940 3436 1006 habuit,

1859 1043 1922 1090 ut
1943 1035 2307 1090 atrocioribus
2333 1033 2658 1104 quibusdam
2697 1030 2994 1087 sceleribus
3039 1032 3198 1086 venia
3257 1031 3442 1087 indul-

1860 1126 2148 1196 gentiaque
2168 1125 2412 1180 funditus
2437 1125 2699 1193 denegata
2725 1122 2908 1184 fuerit,
2929 1139 3207 1192 nunquam
3232 1133 3292 1177 ut
3312 1139 3436 1178 cum

1860 1215 2102 1271 Ecclesia
2137 1215 2476 1270 reconciliari
2516 1222 2759 1284 possent.
2789 1212 3033 1278 Quod,ut
3057 1213 3126 1266 ab
3159 1213 3441 1269 hodiernis

1859 1309 2104 1364 moribus
2137 1317 2188 1363 et
2227 1307 2492 1363 institutis
2515 1306 2933 1371 abhorrens,ne
2966 1304 3090 1374 quis
3121 1304 3439 1360 incredibile

1858 1398 2088 1454 forsitan
2133 1399 2448 1462 arbitretur,
2501 1409 2777 1452 auctorem
2817 1395 2959 1449 dabo
3019 1393 3434 1457 Tertullianum.

1857 1491 1950 1562 qui
1984 1492 2037 1545 in
2075 1491 2214 1546 libro
2246 1489 2318 1544 De
2369 1489 2631 1560 pudicitia
2675 1487 2819 1542 clare
2854 1485 2906 1540 id
2949 1502 3014 1541 ac
3045 1486 3245 1541 diserte
3276 1494 3439 1542 testa-

1859 1593 1966 1638 tur.
2001 1583 2231 1652 Scripsit
2260 1591 2442 1636 autent
2471 1581 2619 1636 hunc
2649 1579 2845 1634 librum
2873 1593 2994 1634 cum
3021 1579 3134 1648 jam
3157 1595 3222 1633 ex
3249 1579 3442 1636 cathoo

1857 1675 1964 1730 lico
1987 1675 2224 1728 Montani
2247 1673 2426 1728 factus
2447 1680 2590 1727 esset
2606 1670 2836 1736 assecla,
2861 1671 3124 1724 adversus
3141 1668 3431 1740 Zephyrini

1858 1781 2009 1836 papa:
2037 1767 2339 1830 decretum,
2371 1779 2482 1833 quo
2522 1764 2568 1819 is
2600 1762 2876 1818 adulteros
2904 1770 3026 1832 post
3062 1762 3434 1830 paenitentiam

1854 1859 2217 1912 admittendos
2255 1857 2547 1911 edixerat:
2613 1855 2859 1924 Pontifex
2912 1855 3114 1908 scilicet
3164 1856 3432 1908 vinximus

1854 1945 2212 2018 (Tertulliani
2246 1947 2412 2001 verba
2443 1946 2608 2016 sunt)
2644 1945 2917 2014 episcopus
2955 1945 3320 2012 episcoporum
3352 1943 3438 1995 di-

1852 2042 1925 2094 cit
1953 2057 1970 2093 :
2001 2039 2108 2109 Ego
2131 2050 2175 2094 et
2208 2040 2442 2093 muecltite
2463 2048 2510 2092 et
2535 2038 2910 2106 fornicationis
2953 2036 3147 2089 delicta
3182 2035 3437 2102 perniten—

1855 2135 1931 2187 tia
1953 2134 2147 2204 functis
2193 2133 2424 2187 dimitto.
2456 2131 2611 2198 Quod
2648 2133 2847 2186 summi
2900 2128 3172 2199 poutilicis
3195 2128 3433 2182 edictum

1853 2225 2224 2281 Tertullianus
2247 2233 2586 2296 oppugttans,
2626 2240 2691 2280 ex
2717 2239 2784 2278 eo
2811 2223 3109 2292 redarguit,
3140 2221 3285 2292 quod
3309 2236 3432 2275 cum

1853 2321 1956 2375 tria
1973 2319 2415 2388 sintgravissima
2444 2318 2675 2383 scelera,
2700 2315 3031 2378 idololatria,
3077 2313 3432 2368 homicidium

1853 2420 1907 2465 et
1945 2411 2296 2474 adulterium,
2354 2408 2594 2464 exclusis
2643 2416 2696 2462 et
2737 2406 2791 2461 in
2845 2416 3167 2476 perpetuum
3220 2403 3436 2472 rejectis

1853 2503 2068 2559 duobus
2100 2502 2344 2573 reliquis,
2376 2503 2550 2557 solum
2587 2499 2836 2554 adulterii
2875 2500 3081 2552 crimen
3112 2497 3178 2551 ad
3216 2496 3433 2550 veniam

1853 2595 2143 2664 exceperit.
2175 2592 2316 2658 Quid
2341 2593 2479 2661 agis,
2513 2591 2710 2660 inquit,
2739 2589 3054 2642 mollissima
3075 2597 3123 2641 et
3155 2587 3433 2639 Immaniss

1853 2687 1992 2739 sima
2034 2685 2362 2754 disciplina?
2391 2688 2494 2738 Aut
2541 2681 2782 2735 omnibus
2809 2682 2884 2734 eis
2919 2683 3016 2733 hoc
3058 2695 3167 2732 esse
3197 2678 3431 2733 debebis:

1855 2777 2011 2831 Beati
2036 2777 2175 2830 enim
2205 2777 2417 2846 pacifici
2444 2793 2462 2829 :
2485 2783 2578 2828 aut
2602 2776 2646 2828 si
2675 2789 2777 2826 non
2807 2771 3069 2834 omnibus,
3090 2780 3273 2826 nostra
3299 2785 3433 2827 esse.

1856 2867 2208 2922 Idololatram
2237 2869 2448 2938 quidem
2493 2879 2542 2922 et
2588 2865 2910 2919 homicidam
2976 2865 3134 2918 semel
3173 2863 3432 2930 damnas,

1857 2959 2112 3013 moechum
2143 2976 2261 3013 vero
2295 2959 2360 3012 de
2388 2959 2558 3012 medio
2582 2957 2782 3025 excipis
2808 2997 2822 3020 ,
2861 2955 3181 3009 idololatria
3224 2971 3435 3008 succes-

1857 3067 2048 3116 sorem,
2075 3051 2345 3104 homicidii
2395 3060 2800 3110 antecessorem,
2833 3050 3104 3116 utriusque
3135 3046 3387 3116 collegam
3411 3047 3436 3098 .’

1858 3141 2107 3196 Personae
2153 3142 2442 3210 acceptatio
2493 3148 2604 3203 est,
2637 3138 3045 3194 miserabiliores
3097 3139 3433 3207 poenitentias

1858 3233 2137 3304 reliquisti.
2186 3232 2353 3287 Plane
2402 3234 2450 3286 si
2489 3233 2732 3286 ostendas
2773 3232 2838 3285 de
2886 3233 3074 3302 quibus
3121 3231 3434 3299 patrociniis

1855 3326 2234 3394 exemplorum,
2267 3334 2646 3395 praceptorum
2685 3324 2995 3387 caelestium,
3035 3323 3137 3377 soli
3179 3323 3434 3385 moechiar,

1854 3418 1985 3471 etin
2018 3433 2081 3471 ea
2114 3417 2459 3486 fornicationi
2503 3433 2704 3486 quoque
2733 3415 2961 3484 januam
2995 3415 3316 3484 poenitentia:
3352 3429 3434 3466 ea:-

1856 3509 2081 3578 pandas.
2117 3507 2241 3563 Haec
2277 3523 2396 3576 cap.
2425 3507 2478 3562 5.
2516 3507 2582 3561 At
2625 3516 2809 3577 postea
2837 3524 2886 3560 c.
2923 3505 2988 3560 9:
3035 3505 3172 3560 Hinc
3193 3516 3269 3560 est
3295 3505 3433 3576 quod

1854 3617 2021 3671 neque
2053 3599 2413 3665 idololatria,
2449 3616 2610 3670 neque
2659 3599 2902 3668 sanguini
2931 3612 3041 3665 pax
3079 3602 3144 3652 ab
3180 3597 3434 3652 Ecclesiis

1857 3693 2119 3747 redditur.

1925 3786 2058 3852 Quae
2088 3800 2401 3856 quanquam
2421 3782 2662 3838 Montani
2685 3782 2800 3852 jam
2826 3782 3068 3837 imbutus
3093 3796 3277 3836 errore
3297 3782 3434 3836 scri-

1854 3877 2044 3949 pserit,
2077 3892 2143 3930 ex
2178 3876 2294 3945 ipsa
2329 3885 2512 3929 tamen
2546 3873 2961 3944 argumentandi
2993 3875 3198 3926 ratione
3223 3873 3434 3941 colligi-

1855 3980 1963 4032 tur,
1987 3969 2152 4024 certis
2181 3967 2506 4023 criminibus
2559 3968 2710 4036 pacis
2745 3981 2808 4020 ac
2837 3966 3008 4020 venia:
3033 3981 3182 4038 spem
3215 3981 3312 4034 per
3337 3964 3428 4019 illa

1853 4068 2098 4128 tempora
2123 4059 2452 4113 subtractam
2490 4056 2680 4110 fuisse.
2719 4054 2788 4109 Ut
2817 4056 2959 4110 enim
2991 4070 3055 4109 ex
3085 4070 3150 4106 eo
3181 4053 3324 4123 quod
3374 4055 3425 4108 in

1853 4152 1994 4206 libro
2025 4150 2102 4205 De
2133 4148 2338 4219 jejunio
2367 4159 2550 4202 contra
2581 4147 2883 4216 Psyclticos,
2921 4146 3228 4202 Catholicos
3254 4159 3431 4214 reprc-

1857 4242 2064 4308 ltendit,
2099 4243 2243 4312 quod
2274 4242 2438 4296 unico
2461 4240 2900 4311 Quadragesimm
2937 4240 3148 4309 jejunio
3187 4239 3421 4294 contenti

1854 4349 2048 4392 caetera
2078 4349 2109 4389 a
2143 4333 2486 4388 Montanistis
2518 4335 2732 4387 iuventa
2778 4333 3161 4402 repudiarent,
3195 4332 3428 4401 quadra-

1855 4427 2124 4498 gesimalis
2141 4425 2334 4496 jejunii
2362 4434 2605 4480 vetustas
2628 4424 2735 4480 hoc
2767 4425 2881 4493 ipso
2929 4421 3250 4479 Tertulliani
3275 4423 3428 4477 testi-

169 4530 244 4585 ad
292 4530 577 4600 antiquam
625 4528 878 4585 Ecclesiae
923 4529 1264 4600 disciplinam
1310 4531 1749 4600 cognoscendam
1785 4537 1831 4596 ι)
1862 4519 2049 4574 monio
2097 4528 2286 4573 contra
2344 4517 2626 4573 ltmreticos
2686 4517 2976 4572 hodiernos
3017 4516 3281 4571 astruitur
3309 4535 3322 4569 :
3351 4515 3422 4572 ita

169 4620 644 4693 pernecessarium
687 4621 777 4685 sit,
807 4630 861 4675 et
885 4620 951 4675 ad
989 4620 1167 4677 varios
1193 4635 1326 4676 usus
1360 4631 1748 4691 opportunum,

167 4729 281 4769 nos
303 4729 427 4783 quae
447 4712 516 4767 de
539 4728 598 4768 ea
631 4727 689 4766 re
730 4713 893 4783 longo
920 4713 1122 4775 studio,
1156 4727 1219 4766 ac
1244 4712 1484 4781 diligenti
1522 4712 1753 4767 lectione

167 4805 635 4876 conquisivimus,
654 4804 708 4859 in
729 4804 1101 4874 theologorum
1125 4805 1466 4874 potissimum
1497 4804 1750 4874 gratiam,

169 4899 340 4970 paulo
364 4897 671 4954 accuratius
696 4897 1112 4967 explicabimus.

171 5011 511 5078 Quibusnam
533 5019 863 5078 peccatorum
887 5009 1260 5081 generibus,“
1280 5021 1536 5079 quatenus
1566 5019 1756 5081 negata

479 5082 776 5140 communio
810 5082 880 5135 sit
915 5081 971 5134 in
1001 5079 1238 5134 Ecclesia
1268 5082 1448 5134 ueteri.

246 5173 468 5229 Nullum
499 5188 623 5228 esse
651 5173 831 5228 delicti
871 5171 1170 5243 ﬂagitiique
1227 5187 1427 5242 genus,
1467 5171 1612 5241 quod
1645 5187 1755 5228 non

169 5266 370 5322 eadem
392 5265 506 5329 illa,
538 5280 661 5334 qua:
682 5265 848 5331 ligare
876 5281 940 5320 ac
973 5265 1206 5320 retinere
1230 5274 1428 5334 potest,
1448 5265 1662 5319 solvere
1693 5280 1758 5319 ac

171 5358 459 5412 remittere
474 5357 647 5427 possit
661 5356 916 5412 Ecclesiae
941 5367 1200 5427 potestas,
1226 5373 1401 5428 neque
1417 5358 1755 5427 probandum

174 5450 287 5505 hoc
318 5449 439 5504 loco
469 5457 576 5514 est,
619 5464 797 5520 neque
850 5449 919 5504 ab
971 5450 1112 5514 aliis,
1164 5465 1328 5519 quam
1356 5450 1425 5505 ab
1455 5449 1754 5520 Evangelii,

171 5553 349 5611 atque
373 5541 634 5596 Ecclesia)
656 5541 1051 5605 desertoribus,
1105 5542 1158 5594 in
1205 5541 1630 5596 controversiam
1662 5541 1760 5595 adc

175 5633 425 5690 ducitur.
458 5631 632 5703 Hujus
665 5649 792 5687 vero
818 5633 1098 5700 potestatis
1131 5647 1290 5687 usum
1311 5672 1327 5698 ,
1364 5645 1487 5686 cum
1516 5632 1569 5685 in
1613 5631 1759 5701 ejus-

173 5725 308 5796 dem
335 5723 593 5781 Ecclesia:
619 5723 848 5780 arbitrio
870 5723 1077 5794 positus
1103 5723 1194 5786 sit,
1226 5722 1373 5778 varie
1398 5729 1756 5792 temperatum

173 5827 235 5872 et
261 5816 706 5873 administratum
730 5831 851 5872 esse
882 5832 988 5873 non
1016 5815 1241 5871 dubium
1265 5826 1368 5881 est,
1401 5825 1457 5871 et
1485 5815 1550 5870 ad
1583 5813 1760 5870 conti-

1857 4612 2099 4685 profecto
2124 4613 2336 4667 duobus
2359 4611 2466 4666 illis
2489 4613 2705 4674 saltem,
2739 4611 2822 4665 vel
2859 4611 3032 4665 tribus
3066 4609 3222 4664 initio
3246 4624 3410 4675 pecca

1856 4706 1930 4759 tis
1960 4719 2150 4774 pacem
2185 4703 2484 4758 nullam‘ab
2516 4702 2758 4758 Ecclesia
2789 4717 3106 4758 concessam
3138 4743 3152 4766 ,
3190 4717 3256 4756 ex
3283 4701 3432 4771 ejus-

1855 4796 1979 4851 dem
2010 4795 2333 4850 auctoritate
2381 4810 2446 4850 ac
2482 4795 2901 4848 ratiocinatione
2919 4793 3165 4848 concludi
3195 4806 3302 4846 non
3333 4793 3434 4845 im-

1856 4888 2056 4944 merito
2078 4897 2273 4958 potest.
2300 4888 2380 4942 Ac
2418 4887 2602 4942 nescio
2640 4903 2710 4941 an
2732 4895 2785 4940 et
2812 4887 2952 4940 idem
3000 4883 3271 4939 Pacianus
3305 4883 3434 4936 Bar-

1855 4981 2170 5036 cinonensis
2193 4980 2482 5049 episcopus
2503 4979 2750 5034 docuerit
2774 4979 2826 5031 in
2856 4976 3126 5031 Parwnesi
3155 4975 3222 5027 ad
3253 4975 3435 5043 ptznit.

1857 5087 1981 5143 quat
2013 5080 2096 5126 est
2117 5079 2268 5126 tomo
2294 5067 2359 5122 Ill
2392 5069 2532 5124 Bibl.
2571 5068 2686 5122 PP.
2718 5069 2774 5122 In
2808 5083 2916 5137 qua
2965 5074 3315 5137 peccatorum
3345 5080 3432 5133 ge-

1859 5178 1989 5218 nera
2011 5161 2120 5216 duo
2147 5161 2430 5231 distinguit
2461 5175 2474 5211 :
2509 5161 2614 5214 alia
2654 5175 2775 5229 quae
2797 5158 3046 5227 capitalia
3071 5165 3250 5220 vocat,
3286 5171 3433 5223 qua:-

1857 5271 1964 5326 que
1990 5253 2228 5308 Joannes
2251 5253 2348 5323 Ep.
2377 5251 2417 5318 1,
2449 5267 2568 5321 cap.
2602 5268 2655 5316 v,
2689 5250 2758 5303 ad
2794 5259 3013 5303 mortem
3042 5264 3162 5303 esse
3184 5247 3340 5301 dixit.
3359 5245 3432 5299 Ea

1857 5363 1989 5403 vero
2011 5362 2117 5401 non
2151 5347 2257 5402 alia
2281 5356 2449 5409 sunt,
2484 5360 2647 5414 quam
2678 5344 2778 5398 tria
2811 5345 2918 5402 illa.
2955 5355 3190 5411 quorum
3217 5339 3432 5393 Tertul-

1857 5441 2035 5494 lianus
2084 5439 2349 5502 meminit,
2399 5437 2721 5499 idololatria.
2766 5435 3054 5488 iornicatio
3099 5441 3150 5486 et
3204 5431 3432 5486 homici-

1855 5533 2033 5595 dium,
2087 5547 2209 5602 qute
2256 5531 2376 5585 Act.
2425 5545 2494 5584 xv
2529 5529 2582 5584 in
2615 5529 2872 5599 synodica
2925 5527 3016 5580 illa
3056 5525 3430 5594 apostolorum

1859 5628 2102 5699 Epistola
2163 5627 2482 5682 nominatim
2555 5614 2829 5695 prohiberi
2889 5630 3062 5692 putat.
3127 5620 3430 5689 Despectus.

1859 5718 2056 5788 inquit,
2084 5719 2138 5772 in
2160 5718 2336 5772 multis
2364 5715 2594 5788 Spiritus
2621 5726 2835 5770 sanctus
2869 5714 2979 5769 ἠως
3001 5713 3151 5768 nobis
3180 5711 3432 5778 capitalis

1861 5811 2080 5879 periculi
2128 5811 2426 5864 conditione
2455 5809 2663 5878 legauit.
2709 5806 2928 5878 Reliqua
2982 5813 3196 5876 peccata
3241 5802 3431 5856 melio-
