3832 6220
416 338 553 395 1019

1515 334 1865 392 APPENDIX
1904 331 2540 389 ΒΙΞΞΕΙΚΤΑΤΙΟΝΕΜ.Δ

3553 320 3669 374 1οὥ

414 465 530 503 tum
567 468 780 517 t'ps't'ttm
812 456 1234 521 compensatione
1258 467 1534 511 curantur.
1584 457 1709 510 llwc
1753 475 1879 512 υεγο
1896 459 2000 510 tria
2030 462 2071 517 Α
2103 457 2334 517 videtur.
2366 456 2496 524 quin
2523 469 2627 508 una
2658 448 3151 521 participandorum
3184 442 3577 516 mysteriorum
3595 441 3671 509 jus

414 542 641 594 crimina
668 558 725 596 ut
751 544 989 599 basilisci
1020 547 1252 616 alicujus
1279 548 1507 617 afflatus,
1546 557 1601 600 ut
1624 549 1805 602 veneni
1833 548 1996 613 calix,

411 640 472 685 ut
495 632 672 688 letalis
736 637 963 702 arundo,
1003 640 1282 691 metuenda
1310 648 1450 693 sunt.
1492 642 1570 692 Ac
1618 639 1893 693 nonnullis
1925 639 2002 692 in-

416 723 703 793 terjcctis:
745 725 874 780 Hcce
931 730 1226 798 quicunque
1279 741 1393 799 post
1437 731 1595 798 ﬁdem
1652 731 1857 800 fecerit,
1900 731 1997 785 Dei

415 813 611 885 faciem
662 835 765 875 non
796 820 1007 875 videbit.
1046 822 1395 890 Desperavere
1423 832 1690 876 tantorum
1714 825 1999 877 criminum

418 908 513 961 rei.
546 908 687 973 Quid
741 912 883 965 vobis
916 930 1006 982 ego
1030 914 1169 981 feci?
1209 914 1464 984 Nunquid
1499 934 1601 969 non
1632 916 1733 984 fuit
1762 917 1812 969 in
1838 927 2001 984 pote-

415 1009 553 1054 state
590 1019 652 1055 ne
694 1005 887 1071 fieret?
923 1006 1183 1060 Nullusne
1230 1008 1549 1064 admonuit?
1596 1007 1761 1062 Nemo
1798 1010 1998 1076 prtedi-

418 1096 545 1148 :rit?
604 1098 787 1149 Tacuit
843 1095 1125 1153 Ecclesia?
1172 1098 1322 1151 Nihil
1369 1098 1660 1167 Evangelia
1706 1101 1999 1155 dixerunt?

419 1180 576 1235 Nihil
606 1185 833 1251 apostoli
856 1187 1163 1239 comminuti
1194 1197 1315 1238 sunt
1341 1188 1365 1236 ?
1401 1186 1553 1239 Nihil
1582 1189 1781 1257 rogavit
1823 1206 1999 1242 sacer-

414 1275 512 1329 dos
537 1279 563 1331 γ
602 1275 744 1340 Quid
774 1279 1014 1345 qua'ritis
1057 1295 1175 1331 seru
1199 1278 1441 1332 solatia?
1474 1278 1617 1332 Tunc
1648 1282 1844 1347 decuit,
1879 1298 1998 1334 cum

414 1366 624 1421 licebat.
670 1368 818 1422 Dura
841 1370 945 1422 ista
980 1386 1075 1423 voa:
1111 1380 1208 1434 est,
1242 1372 1331 1424 sed
1363 1373 1451 1441 qui
1483 1388 1569 1425 vos
1607 1373 1784 1441 felices
1813 1374 1996 1428 dicunt

416 1462 470 1513 in
498 1476 727 1515 errorem
765 1477 852 1513 vos
894 1463 1130 1524 mittunt,
1185 1472 1290 1517 etc.
1325 1462 1448 1517 Haec
1474 1464 1638 1533 igitur
1671 1467 1998 1533 persuadere

414 1559 669 1619 possunt,
708 1550 761 1603 in
810 1549 1071 1619 Hispania
1105 1551 1296 1606 saltem
1335 1553 1619 1621 pristinam
1652 1554 1797 1607 illam
1831 1554 1998 1609 disci-
2038 1562 2043 1567 ‘

417 1640 580 1709 plina:
610 1640 953 1695 severitatem
995 1641 1211 1697 Paciani
1261 1653 1504 1709 tempore
1531 1644 1788 1713 viguisse.
1836 1644 1997 1699 Tam-

412 1732 517 1786 etsi
541 1748 606 1786 ne
634 1733 684 1785 id
710 1734 922 1802 penitus
948 1734 1232 1802 nllirmem,
1258 1736 1547 1805 prohibent
1590 1738 1700 1801 illa,
1724 1753 1846 1807 qua:
1871 1753 1997 1808 pro-

414 1822 562 1878 xime
612 1825 941 1893 subjunxit:
1000 1826 1223 1895 Accipite
1276 1828 1585 1889 remedium.
1636 1831 1683 1883 si
1722 1836 1999 1899 desperare
2031 1812 2072 1866 Β

414 1916 683 1983 coepistis;
715 1918 761 1970 si
802 1917 1018 1971 miseros
1061 1934 1149 1971 vos
1194 1920 1478 1989 agnoscitis
1503 1962 1517 1984 ,
1560 1922 1605 1974 si
1637 1921 1851 1975 timetis.
1887 1920 2000 1975 Nisi

358 2042 361 2043 ν
416 2008 522 2061 hoc
551 2006 785 2062 fortasse
811 2008 1109 2063 remedium
1138 2009 1202 2063 ad
1239 2010 1409 2065 solam
1438 2012 1808 2080 paenitentiam
1836 2012 2002 2082 perti-

414 2107 560 2164 neat,
586 2114 708 2169 quze
752 2098 805 2153 in
843 2115 910 2154 eo
940 2115 1137 2171 genere
1164 2102 1370 2170 peccati
1400 2102 1693 2157 relaxanda
1721 2118 1999 2173 nunquam

414 2188 600 2245 fuerit.

489 2280 566 2335 Es
594 2282 810 2346 iisdem,
848 2283 951 2336 nisi
984 2281 1163 2345 fallor,
1190 2282 1429 2339 fontibus
1465 2283 1782 2338 Eliberitani
1820 2284 2003 2338 conci-

416 2373 473 2427 lii
513 2374 730 2429 decreta
788 2375 879 2429 illa
948 2375 1186 2443 profecta
1238 2386 1383 2441 sunt,
1437 2392 1667 2441 quorum
1737 2377 2001 2431 severitas

414 2463 577 2536 paulo
613 2464 888 2518 nonnullis
920 2466 1167 2519 acerbior
1198 2466 1311 2521 visa
1350 2482 1416 2520 eo
1445 2467 1661 2520 demum
1686 2467 1805 2520 illos
1832 2468 2003 2537 impu-

416 2554 499 2619 lit,
552 2563 610 2607 ut
649 2556 696 2607 ei
735 2555 967 2609 concilio
1006 2557 1221 2623 culpam
1278 2566 1329 2610 et
1376 2573 1616 2611 errorem
1661 2559 1998 2630 allingerent.

414 2646 615 2703 Contra
648 2663 784 2715 quos
807 2647 893 2700 alii
932 2646 1230 2702 Innocentii
1280 2650 1498 2704 decreto
1528 2661 1798 2722 pugnant;
1824 2653 1914 2722 qui
1945 2653 2001 2707 in

414 2738 573 2805 epist.
608 2738 661 2804 5,
696 2754 825 2807 cap.
854 2739 908 2802 2,
964 2739 1126 2793 tacito
1170 2742 1391 2794 nomine
1421 2741 1567 2796 illius
1620 2743 1999 2797 auctoritatem

415 2839 601 2884 tuetur
627 2840 681 2883 et
734 2840 981 2886 excusat.
1046 2836 1156 2901 Ego
1202 2841 1310 2885 tam
1350 2835 1468 2899 hos,
1503 2851 1665 2903 quam
1693 2836 1813 2890 illos
1842 2836 2002 2889 aber-

415 2936 536 2974 rare
559 2937 773 2976 censeo.
830 2924 936 2977 Sed
969 2924 1185 2978 concilii
1216 2941 1457 2981 canones
1498 2928 1550 2980 in
1589 2929 1778 2997 primis
1826 2930 2003 2983 anim-

416 3014 734 3068 advertendi
783 3025 932 3069 sunt.
982 3014 1037 3071 ln
1087 3017 1171 3072 his
1207 3019 1376 3072 multa
1414 3020 1676 3077 adversus
1719 3023 2001 3091 superiora

415 3109 512 3163 illa
565 3119 613 3162 et
649 3110 991 3164 atrocissima
1020 3111 1248 3164 crimina
1282 3113 1622 3178 sanciuntur,
1654 3130 1716 3169 ac
1758 3116 1999 3185 plerum-
2029 3151 2072 3211 Β

415 3218 524 3271 que
552 3218 617 3257 ne
645 3202 698 3257 in
732 3204 852 3257 vine
895 3204 1112 3272 quidem
1153 3205 1298 3258 exitu
1323 3208 1637 3263 communio
1662 3212 1995 3265 conceditur.

415 3290 549 3346 Nam
582 3293 633 3345 in
666 3293 841 3361 primo
871 3310 1077 3348 canone
1121 3295 1190 3348 ita
1219 3294 1324 3351 PP.
1360 3299 1701 3353 constituunt
1730 3319 1743 3354 :
1787 3300 2002 3355 Placuit

414 3393 473 3437 ut
495 3385 787 3453 quicunque
836 3394 952 3452 post
990 3385 1147 3452 fidem
1195 3388 1443 3453 baptismi
1501 3390 1757 3443 salutaris
1806 3392 1999 3445 adulta

414 3487 572 3532 atate
604 3476 671 3529 ad
708 3476 955 3544 templum
990 3477 1118 3529 idoli
1141 3479 1585 3534 idololatraturus
1619 3485 1921 3547 accesserit,
1953 3492 2003 3536 et

416 3568 616 3636 fecerit,
649 3568 787 3638 quod
816 3576 893 3619 est
919 3568 1112 3622 crimen
1141 3570 1372 3638 capitale
1410 3570 1503 3642 (al.
1539 3573 1720 3638 lectio,
1753 3576 1892 3644 quod
1924 3588 2001 3630 est

414 3660 613 3712 crimen
655 3660 967 3728 principale,
1005 3662 1129 3730 quia
1160 3672 1237 3714 est
1274 3679 1536 3716 suntmum
1566 3666 1781 3737 scelus),
1824 3685 1914 3721 nec
1948 3670 2002 3723 in

416 3751 519 3819 ﬁne
561 3767 679 3803 eum
717 3752 1136 3805 communionem
1183 3755 1466 3822 suscipere.
1534 3754 1744 3813 Rursus
1783 3775 1905 3813 can.
1931 3762 1999 3815 2:

424 3842 717 3907 Flamines,
768 3844 859 3912 qui
900 3855 1016 3913 post
1047 3846 1205 3914 [idem
1244 3846 1446 3900 lavacri
1499 3860 1548 3902 et
1592 3855 2000 3920 regenerationis

417 3935 855 4003 sacriﬁcaverint,
902 3954 961 3992 eo
1010 3938 1150 4002 quod
1193 3942 1571 4008 geminaverint
1604 3944 1819 4007 scelera,
1849 3963 2001 4000 acce-

416 4028 567 4081 dente
613 4028 928 4094 lsomicidio,
970 4030 1046 4087 vel
1097 4032 1478 4101 triplicaverint
1527 4035 1775 4104 facinus,
1831 4040 2003 4093 colite-

418 4130 562 4174 rente
592 4121 830 4186 niwchiu,
871 4121 1075 4190 placuit
1113 4140 1198 4176 eos
1233 4140 1324 4178 nec
1361 4125 1414 4179 in
1446 4125 1551 4195 ﬁne
1592 4129 1826 4197 accipere
1860 4146 2004 4183 com-

416 4214 736 4267 munionem.
787 4215 856 4266 At
887 4229 1008 4268 can.
1048 4215 1117 4268 '5:
1188 4215 1249 4269 Si
1296 4232 1398 4269 uon
1443 4218 1866 4283 immolaverunt,
1911 4222 2001 4275 sed

417 4324 606 4360 munus
640 4317 843 4360 tantum
879 4309 1156 4372 dederunt,
1189 4309 1387 4377 placuit
1424 4312 1477 4363 in
1501 4312 1604 4373 ﬁne
1637 4315 1711 4366 eis
1744 4325 2002 4381 prwstare

416 4396 854 4458 communionem,
883 4407 1001 4449 acta
1032 4408 1204 4451 tamen
1233 4399 1473 4470 legitima
1500 4404 1827 4471 pwnitentia.
1863 4404 2001 4458 Item

2106 558 2531 619 potestatemque
2555 546 2626 600 sit
2649 545 2888 613 adeptus.
2951 538 3084 594 Nam
3121 547 3239 608 post
3267 534 3534 588 σύστασιν
3554 573 3570 597 ,
3594 535 3671 601 qui

2099 652 2328 711 quartus
2360 640 2494 694 ordo
2523 637 2852 707 poenitentia;
2875 634 2997 694 luit,
3039 634 3090 685 in
3126 646 3237 702 quo
3260 631 3441 684 solam
3472 628 3540 679 ad
3569 642 3673 679 ora-

2102 736 2265 791 tionis
2298 734 2736 789 communionem
2768 728 3215 789 admittebantur,
3267 722 3510 779 subinde
3544 721 3673 774 nullo

2103 830 2381 898 interjecto
2420 826 2587 898 gradu
2628 825 2707 887 εἰς
2738 822 2796 875 τὸ
2831 822 3054 882 τέλειον,
3103 818 3247 888 quod
3284 814 3545 867 ultimum
3569 822 3673 865 erat

2100 938 2163 976 ac
2196 920 2673 987 perfectissimum,
2698 915 2978 985 pervenire
3011 912 3277 966 solebant.
3322 908 3398 960 De
3433 921 3548 975 quo
3583 905 3671 960 sub

2099 1012 2260 1066 tinem
2294 1008 2677 1078 disputationis
2709 1006 2872 1075 hujus
2906 1003 3163 1057 nonnulla
3194 1001 3564 1053 disserentur.

2173 1102 2464 1156 Videamus
2507 1115 2651 1153 nunc
2690 1097 2963 1168 quodnam
3000 1094 3066 1147 de
3101 1094 3165 1146 iis
3190 1090 3503 1143 Innocentii
3541 1087 3675 1157 judi-

2100 1194 2238 1248 cium
2275 1191 2561 1251 exstiterit,
2595 1190 2706 1241 imo
2742 1197 2922 1241 utrum
2954 1186 3020 1239 de
3053 1185 3158 1238 illis
3200 1184 3425 1235 locutus
3465 1180 3679 1232 omnino

2099 1288 2188 1348 sit,
2218 1286 2358 1354 quod
2389 1282 2629 1351 plerique
2653 1295 2843 1334 omnes
2871 1278 3195 1331 existimant.
3267 1273 3367 1326 llic
3396 1272 3548 1327 enim
3574 1272 3678 1339 cpi-

2099 1379 2235 1433 stola
2276 1377 2327 1439 5,
2380 1376 2448 1428 ad
2482 1373 2826 1441 Exuperium,
2850 1386 2967 1439 cap.
3004 1371 3058 1430 ‘2,
3096 1370 3169 1422 ita
3207 1366 3403 1421 scribit
3436 1383 3451 1417 :
3490 1363 3559 1416 Et
3599 1366 3677 1415 bac

2098 1472 2376 1542 quwsilum
2404 1479 2500 1529 est,
2543 1465 2667 1535 quid
2703 1468 2764 1516 de
2803 1464 2881 1515 liis
2920 1462 3181 1515 observari
3207 1459 3421 1520 debeat,
3462 1459 3554 1525 qui
3580 1468 3681 1523 post

2101 1562 2571 1631 baptismumomni
2586 1571 2809 1625 tempore
2836 1554 3226 1609 incontinentiw
3251 1565 3297 1604 et
3330 1550 3680 1617 voluptatibus

2099 1650 2264 1702 dediti
2290 1650 2343 1701 in
2371 1658 2601 1700 extremo
2622 1648 2725 1713 [ine
2754 1647 2872 1697 vitm
2902 1659 3012 1696 sua:
3037 1642 3411 1710 paenitentiam
3440 1638 3623 1699 simul,
3639 1649 3681 1689 et

2101 1740 2576 1794 reconciliationem
2600 1737 2977 1791 communionis
2995 1741 3298 1801 exposcunt.
3328 1732 3403 1782 De
3415 1730 3504 1781 his
3518 1731 3681 1785 obser-

2102 1836 2242 1889 vatio
2264 1834 2408 1903 prior
2434 1833 2641 1895 durior,
2694 1830 2956 1899 posterior
2987 1826 3367 1880 interveniente
3394 1824 3682 1875 misericor-

2104 1925 2195 1977 dia
2222 1923 2532 1977 inclinatior
2558 1932 2673 1976 est:
2715 1937 2838 1973 nant
2872 1918 3188 1973 consuetudo
3219 1918 3373 1986 prior
3403 1918 3597 1975 tenuit,
3633 1926 3682 1967 et

2104 2017 2470 2070 concederetur
2493 2017 2567 2068 eis
2594 2014 2919 2074 poenitentia,
2944 2012 3033 2065 setl
3058 2012 3363 2064 communio
3388 2020 3679 2077 negaretur.

2106 2106 2251 2160 Nunt
2303 2122 2421 2158 cum
2470 2105 2579 2167 illis
2641 2103 2957 2171 temporibus
3020 2102 3216 2154 crebra:
3297 2099 3679 2168 persecutiones

2103 2210 2300 2259 essent,
2340 2213 2401 2249 ne
2443 2194 2822 2248 communionis
2866 2209 3113 2247 concessa
3166 2192 3411 2261 facilitas
3458 2191 3682 2243 homines

2103 2291 2166 2345 de
2192 2290 2617 2344 reconciliatione
2648 2305 2858 2342 securos
2884 2304 2985 2340 non
3024 2298 3288 2339 revocaret
3321 2302 3355 2336 a
3390 2285 3573 2352 lapsu,
3606 2302 3683 2336 ne-

2103 2392 2228 2451 gata
2271 2381 2456 2434 merito
2495 2380 2790 2432 communio
2818 2389 2917 2440 est,
2969 2394 3209 2430 concessa
3247 2377 3591 2445 prrititentia,
3630 2392 3684 2427 ne

2105 2480 2270 2525 totum
2321 2475 2526 2539 penitus
2576 2479 2885 2539 negaretur;
2940 2478 2987 2519 et
3022 2468 3289 2519 duriorem
3330 2468 3686 2517 remissionem

2104 2562 2228 2631 fecit
2272 2561 2517 2629 temporis
2559 2562 2718 2613 ratio.
2776 2556 2878 2612 Sed
2904 2567 3181 2627 postquam
3219 2556 3487 2609 Dominus
3522 2567 3686 2607 noster

2102 2668 2282 2722 pacem
2328 2650 2581 2705 Ecclesiis
2626 2650 2735 2703 suis
2782 2649 3032 2712 reddidit,
3059 2648 3177 2716 jam
3205 2647 3435 2715 depulso
3470 2657 3684 2708 terrore,

2104 2746 2519 2797 communionem
2566 2744 2685 2795 dari
2741 2742 3053 2795 abeuntibus
3100 2740 3329 2809 placuit,
3391 2750 3687 2807 etgpropter

2109 2835 2317 2887 Domini
2362 2836 2797 2895 illlStJTiCOl'dllliii,
2843 2835 2997 2902 quasi
3039 2834 3292 2884 viaticum
3342 2832 3686 2899 profuturis.

2104 2944 2165 2979 ne
2199 2926 2483 2979 tVOt‘ttlltmi
2523 2926 2752 2979 Itwretici
2796 2924 3033 2989 negantis
3088 2922 3295 2974 veniunt
3347 2922 3685 2989 asperitatem

2103 3029 2151 3071 et
2189 3020 2445 3071 duritiam
2472 3018 2712 3086 subsequi
2746 3018 3033 3069 videamur.
3096 3015 3389 3067 'l'ribuetur
3421 3031 3546 3082 ergo
3576 3031 3686 3065 cum

2103 3112 2405 3181 poenitentia
2437 3127 2670 3164 extrema
2696 3110 3014 3173 communio,
3047 3117 3149 3162 etc.
3196 3106 3358 3161 Hunc
3394 3108 3684 3161 Innocentii

2106 3204 2304 3269 locum,
2328 3204 2472 3273 quod
2498 3206 2549 3256 in
2576 3218 2641 3257 eo
2671 3217 2866 3273 genere
2893 3202 3363 3255 luculentissimus
3396 3200 3489 3265 sit,
3519 3210 3684 3253 totum

2104 3298 2480 3367 ascripsimus.
2505 3298 2641 3351 Cum
2670 3305 2850 3350 autem
2881 3294 2945 3349 ad
2980 3294 3304 3350 Eliberitani
3341 3294 3566 3348 concilii
3597 3296 3687 3348 de-

2104 3403 2250 3447 etcta
2274 3392 2595 3446 nominatim
2624 3391 2949 3459 respexisse,
2986 3402 3111 3441 cum
3143 3387 3259 3441 haec
3289 3388 3581 3450 scriberet,
3605 3385 3686 3439 ln-

2104 3486 2414 3540 nocentium
2444 3492 2633 3553 putent
2652 3484 2899 3536 homines
2922 3481 3142 3546 eruditi,
3168 3482 3302 3533 mihi
3333 3482 3557 3549 quidem
3583 3497 3684 3535 non

2103 3578 2365 3647 probant;
2413 3592 2537 3630 nam
2588 3574 2981 3628 Eliberitanum
3019 3572 3313 3626 concilium
3361 3570 3595 3624 καθόλου
3620 3570 3685 3625 de

2104 3670 2171 3724 iis
2206 3667 2463 3738 loquitur,
2491 3668 2581 3734 qui
2627 3666 2873 3735 graviora
2917 3676 2970 3719 et
3002 3664 3257 3733 capitalia
3304 3665 3505 3719 delicta
3536 3682 3681 3721 com-

2102 3763 2402 3827 miserant;
2438 3775 2557 3829 qua:
2573 3760 2638 3813 ad
2668 3758 2769 3811 tria
2802 3774 2995 3827 genera
3020 3757 3395 3812 Tertullianus
3422 3767 3477 3812 et
3503 3756 3685 3819 Pacis:

2104 3870 2207 3908 nus
2260 3860 2547 3915 revocant;
2604 3864 2744 3919 quos
2799 3848 3039 3918 quidem,
3084 3864 3418 3917 quocunque
3471 3849 3682 3902 demum

2105 3960 2344 4016 tempore
2368 3945 2578 3999 admitti
2605 3958 2725 3998 sese
2750 3941 3162 4011 postulaverint,
3196 3941 3566 4009 repudiandus
3594 3940 3683 3993 dev

2105 4040 2297 4095 cernit.
2347 4038 2413 4091 At
2450 4037 2704 4106 Exuperii
2743 4034 3041 4090 sciscitatio
3068 4036 3133 4088 ad
3158 4052 3254 4088 eos
3281 4045 3495 4087 tantum
3522 4036 3682 4102 perli:

2103 4132 2280 4195 nebat,
2299 4131 2390 4199 qui
2416 4139 2537 4199 post
2562 4131 2767 4184 atrocia
2793 4129 2998 4183 scelera
3025 4130 3405 4198 paenitentiam
3438 4130 3491 4181 in
3515 4138 3685 4181 estre-

2102 4241 2250 4279 tnum
2278 4225 2403 4278 vitm
2432 4232 2647 4292 tempus
2672 4223 3029 4277 distulissent.
3084 4223 3303 4291 Alioqui
3331 4238 3461 4275 cum
3494 4222 3683 4279 inﬁniti

2101 4333 2338 4373 canones
2360 4317 2425 4371 de
2448 4317 2724 4385 lapsorum
2760 4331 2823 4368 ac
2852 4328 3312 4384 quorumcunque
3337 4324 3683 4383 peccatorum

2104 4409 2419 4477 poenitentia
2475 4417 2529 4461 et
2569 4406 3014 4461 reconciliatione
3043 4406 3247 4460 conditi
3282 4405 3542 4471 fuissent,
3577 4415 3682 4459 tam

416 4487 544 4552 ipsi.
573 4488 619 4540 si
662 4498 777 4555 post
823 4492 1185 4555 paenitentiam
1234 4492 1428 4559 fuerint
1480 4496 1746 4559 innec/tati,
1798 4496 2002 4566 placuit
2032 4498 2080 4557 ο
2104 4510 2250 4566 ante,
2285 4516 2448 4572 quam
2484 4511 2604 4571 post
2636 4498 2912 4554 Nicmnum
2945 4499 3275 4562 concilium;
3314 4515 3557 4568 cumque
3595 4496 3685 4553 Ni-

418 4578 643 4631 ulterius
681 4578 761 4631 his
792 4596 894 4631 non
944 4597 1055 4633 esse
1083 4582 1316 4635 dandam
1343 4587 1781 4652 communionem,
1817 4606 1877 4642 ne
1917 4589 2002 4643 lu—

417 4674 550 4726 sisse
584 4670 648 4725 de
698 4671 959 4726 Dominici
1003 4677 1367 4731 communione
1418 4679 1718 4734 videantur.
1790 4680 2004 4737 Rursus

418 4778 539 4815 itali.
574 4762 639 4815 7:
692 4761 749 4816 Si
794 4766 914 4833 quis
960 4766 1096 4833 forte
1133 4768 1307 4837 fidelis
1336 4780 1455 4838 post
1494 4771 1701 4839 lapsum
1744 4775 2001 4840 mozchite,

412 4863 531 4922 post
562 4864 794 4924 tempora
824 4860 1116 4911 constituta
1139 4872 1257 4914 acta
1290 4865 1619 4929 poenitentia,
1648 4866 1817 4919 denuo
1843 4866 2005 4935 fuerit

417 4949 737 5019 fornicatus,
761 4952 959 5020 placuit
984 4970 1101 5008 eum
1134 4971 1223 5008 nec
1254 4956 1308 5009 in
1334 4956 1439 5025 ﬁne
1466 4958 1655 5013 habere
1681 4960 2007 5013 communio-

417 5059 534 5096 nem
587 5040 667 5097 Tu
693 5055 920 5099 crateres
944 5047 1189 5108 consule.
1220 5064 1455 5117 quorum
1488 5050 1733 5121 plerique
1754 5051 1819 5105 ad
1855 5067 2006 5106 eam-

417 5137 541 5190 dem
573 5138 917 5193 severitatem
961 5140 1223 5209 implicati
1253 5150 1400 5196 sunt.
1456 5141 1513 5197 In
1548 5143 1632 5199 his
1661 5145 2005 5200 communio-

418 5229 506 5281 nis
531 5232 753 5284 nomine
778 5241 908 5285 sunt
941 5233 1031 5299 qui
1068 5232 1462 5290 Eucharistiam
1504 5238 1771 5293 duntaxat
1803 5239 2006 5293 intelli-

419 5330 571 5390 gant,
609 5324 764 5391 quasi
804 5338 833 5377 a
873 5326 1107 5392 peccatis
1144 5326 1372 5379 exsoluti
1406 5326 1608 5381 fuerint
1654 5328 1725 5381 illi
1762 5329 2003 5398 quidem,

421 5419 512 5471 sed
546 5416 809 5471 Dominici
836 5418 1084 5487 corporis
1114 5418 1336 5471 ntinime
1369 5418 1492 5473 facti
1526 5422 1835 5489 participes.
1870 5420 2006 5486 Qui-

422 5511 525 5563 bus
559 5510 703 5563 nullo
736 5511 897 5563 modo
923 5512 991 5563 ab
1012 5511 1237 5565 eruditis
1260 5512 1594 5568 conceditur.
1645 5512 1833 5583 Neque
1864 5517 2007 5569 enim

422 5602 620 5655 veteris
657 5602 908 5657 Ecclesiae
951 5604 1059 5657 ritu
1095 5606 1257 5657 ambo
1302 5603 1403 5656 ista
1439 5604 1681 5673 seiuncta
1715 5607 1886 5663 fuisse
1918 5624 2009 5676 pu-

425 5703 567 5748 tant:
590 5709 763 5764 neque
779 5700 1064 5765 quisquam
1086 5712 1270 5764 pacem
1289 5713 1353 5752 ac
1373 5701 1861 5755 reconciliationem
1881 5718 2005 5756 cum

423 5781 665 5842 Ecclesia
692 5804 853 5858 quam
881 5804 981 5843 nos
1010 5789 1388 5845 absolutionem
1411 5791 1661 5859 dicimus,
1705 5794 2005 5849 obtinuisse

2105 4611 2310 4651 crcnum
2338 4594 2513 4664 ipsmn
2545 4594 2611 4648 de
2641 4593 2808 4662 lapsis
2839 4591 3163 4660 recipiendis
3193 4601 3302 4643 tam
3326 4591 3533 4645 diserte
3558 4606 3679 4645 san-

2104 4687 2309 4753 xisset;
2335 4688 2515 4755 inepta
2549 4700 2681 4740 sane
2714 4680 3183 4751 fuissetExuperii
3213 4682 3300 4734 illa
3348 4682 3599 4750 qmestio,
3634 4681 3682 4735 si

2104 4780 2357 4834 universe
2380 4787 2538 4847 atque
2568 4776 2779 4832 inlinite
2811 4783 3161 4842 percontatus
3188 4784 3353 4827 esset.
3384 4772 3493 4827 Sed
3531 4775 3683 4826 nimi-

2106 4887 2223 4925 rum
2255 4870 2358 4924 alia
2390 4878 2443 4925 et
2485 4885 2512 4923 a
2536 4869 2700 4939 lapsis
2729 4883 2791 4922 ac
2816 4867 3192 4935 peccatoribus
3217 4866 3450 4935 reliquis
3472 4867 3681 4919 illorum

2106 4972 2350 5033 separata
2384 4977 2547 5018 causa
2603 4959 2726 5025 fuit,
2777 4959 2871 5028 qui
2908 4958 3284 5027 paenitentiam
3322 4959 3389 5011 ad
3438 4958 3681 5014 instantis

2106 5057 2287 5111 obitus
2329 5054 2627 5125 periculum
2668 5068 2842 5123 usque
2875 5052 3247 5106 distulissent:
3287 5053 3495 5121 quibus
3526 5051 3679 5105 etiam

2108 5146 2449 5209 tnoribundis
2475 5147 2603 5199 olim
2639 5145 2931 5198 interclusa
2956 5143 3269 5198 communio
3296 5154 3401 5196 est.

2177 5238 2330 5305 Quod
2374 5238 2678 5310 Cyprianus
2708 5236 2948 5304 epistola;
2976 5235 3035 5288 5|
3090 5234 3159 5286 ad
3192 5235 3557 5287 Antonianum
3577 5233 3681 5287 evi-

2107 5330 2295 5384 denter
2337 5329 2636 5399 signiticat;
2693 5345 2817 5381 nam
2866 5343 2987 5381 cum
3040 5328 3302 5380 adversus
3355 5326 3680 5380 Novatianos

2110 5421 2181 5474 ita
2214 5421 2559 5490 scripsisset:
2594 5418 2764 5471 Miror
2792 5427 2967 5470 autem
2998 5416 3254 5486 quosdam
3286 5417 3364 5469 sic
3394 5415 3677 5470 obstinata;

2108 5529 2237 5575 esse,
2270 5522 2327 5565 ut
2364 5512 2595 5564 dandum
2624 5511 2783 5579 lapsis
2837 5526 2939 5562 non
2966 5518 3147 5575 putent
3180 5511 3570 5578 paenitentiam,
3594 5519 3677 5559 aut

2108 5603 2475 5674 pmnitentibus
2510 5602 2809 5656 existiment
2832 5601 3035 5655 veniam
3063 5598 3427 5669 denegandam
3449 5616 3469 5651 :
3507 5610 3673 5668 postea

2111 5699 2212 5751 ista
2244 5696 2495 5766 subjicit:
2532 5694 2599 5747 Et
2629 5695 2848 5759 idcirco,
2882 5695 3054 5764 frater-
3084 5692 3415 5754 cltarissime,
3439 5691 3673 5759 preniten-

2113 5792 2241 5846 tiam
2286 5808 2386 5846 non
2431 5800 2662 5861 agentes,
2715 5807 2805 5844 nec
2853 5788 3082 5842 dolorem
3126 5787 3442 5841 delictorum
3478 5800 3674 5840 suam:
