3832 6220
159 372 289 430 Ιίὶὲι

1078 374 1167 430 ne
1205 374 1681 433 ammissum
1721 344 1995 436 verear:
2033 381 2432 439 DlSClPLlNA.

3288 382 3430 441 i022

149 501 263 545 toto
295 489 451 544 corde
491 499 541 544 et
603 491 888 561 manifesta
931 492 1331 549 lamentationis
1391 512 1502 550 sure
1539 497 1747 566 profes-
1778 508 1824 563 Α
1850 516 1964 567 eos,
1993 503 2086 572 qui
2116 501 2169 556 in
2201 501 2411 556 obitum
2444 516 2615 571 usque
2658 500 2982 572 proferrent,
3021 499 3235 571 penitus
3260 500 3430 555 inter-

149 587 300 640 sione
326 593 596 650 testantes,
625 585 976 656 prohibendos
1011 588 1224 641 omnino
1255 590 1554 644 censuimus
1582 607 1614 642 a
1653 606 1745 658 spe

149 679 646 731 communicationis
695 687 744 731 et
765 679 932 746 pacis,
963 679 1010 733 si
1043 679 1100 734 in
1131 681 1446 749 inﬁrmitate
1499 691 1656 752 atque
1691 685 1746 737 in

148 771 390 841 periculo
421 772 670 839 coeperint
719 774 1030 841 deprecari;
1079 774 1203 843 quia
1246 790 1432 842 rogare
1480 775 1598 831 illos
1641 795 1745 830 non

148 864 339 917 delicti
356 865 684 932 pwnitentia,
712 865 806 917 sed
831 865 1015 918 mortis
1033 868 1268 935 urgentis
1293 866 1583 922 admonitio
1605 887 1747 924 cont-

147 959 342 1025 ρμιε’ἱι;
388 972 480 1009 nec
509 957 697 1026 dignus
722 966 799 1011 est
825 957 1062 1024 accipere
1093 958 1367 1023 solatium,
1416 962 1506 1031 qui
1541 978 1594 1015 se
1639 979 1741 1016 non

147 1052 399 1118 cogitauit
421 1066 534 1103 esse
557 1051 895 1103 moriturum.
929 1049 1006 1106 De
1029 1050 1095 1105 iis
1109 1059 1163 1104 et
1185 1049 1488 1122 Exuperius
1514 1053 1744 1109 interro-

149 1151 397 1211 gaverat,
423 1155 477 1196 et
507 1142 797 1212 respondet
832 1143 1202 1206 Innocentius,
1250 1145 1451 1213 quibus
1495 1157 1743 1211 negatam

148 1247 274 1285 esse
307 1233 749 1286 communionem
791 1233 992 1286 mirum
1028 1232 1199 1288 videri
1245 1249 1354 1288 non
1396 1237 1575 1299 debet,
1617 1254 1744 1292 cum

151 1323 237 1376 vel
268 1323 712 1389 catechumenos,
756 1325 872 1394 qui,
909 1324 1054 1394 quod
1089 1325 1329 1378 nondum
1360 1325 1614 1382 Ecclesiae
1645 1345 1742 1396 po-

151 1417 334 1469 testati
386 1417 588 1471 subditi
635 1426 838 1480 essent,
868 1417 1159 1471 humanius
1201 1420 1466 1473 tractandi
1504 1419 1741 1486 fuerant,

147 1505 343 1560 eadem
382 1506 468 1560 illa
510 1521 780 1562 canonum
828 1507 1090 1562 severitas
1123 1509 1552 1578 perstrinxerit:
1619 1528 1741 1566 nam

148 1599 248 1668 qui
275 1598 604 1669 baptismum
641 1599 696 1652 in
730 1599 940 1653 obitum
967 1614 1140 1670 usque
1169 1613 1581 1671 prorogassent,
1632 1621 1741 1658 non

149 1692 264 1762 illis
310 1686 529 1762 quidem
567 1691 715 1762 quod
769 1691 1024 1762 petebant
1068 1693 1392 1762 denegatum
1456 1693 1594 1762 fuit;
1648 1695 1743 1750 sed

116 1756 321 1838 ‘iidem
365 1785 510 1838 velut
541 1783 780 1838 infamia:
811 1785 955 1839 notis
984 1785 1151 1839 inusti
1183 1801 1214 1839 a
1247 1787 1554 1841 sacerdotio
1590 1789 1742 1857 peni-

1852 595 2035 649 clusos
2071 594 2239 650 fuisse
2262 609 2481 650 censeo.
2529 593 2773 648 Tandem
2800 609 2926 648 vero
2961 609 3027 646 ne
3057 594 3178 648 istis
3206 594 3423 662 quidem

1851 688 2037 760 negari
2076 689 2516 742 communionem
2567 687 2790 762 placuit,
2841 702 2965 741 cum
2998 687 3299 741 instaurata
3333 685 3430 740 Ec-

1849 781 2030 834 clesia:
2061 780 2330 842 libertate,
2380 780 2675 848 plurimum
2720 779 2787 833 de
2835 780 3184 847 antiquorum
3218 779 3424 832 rituum

1850 873 2136 926 severitate
2179 887 2244 927 ac
2299 872 2505 926 duritia
2555 872 2902 926 decessisset.
2947 870 3051 924 Per
3096 871 3211 925 hth
3251 871 3426 925 incre-

1850 975 2032 1019 menta
2065 964 2346 1034 paulatim,
2383 974 2648 1034 quantum
2685 964 2946 1030 arbitror,
2979 963 3262 1033 disciplina
3301 979 3429 1032 pro-

1848 1061 2034 1113 cessit.
2062 1056 2248 1126 Neque
2269 1067 2452 1111 tamen
2480 1057 2658 1112 ubivis
2692 1067 2987 1120 tta-rarum,
3009 1064 3063 1110 et
3085 1056 3136 1108 in
3168 1056 3425 1110 omnibus

1849 1147 2108 1204 Ecclesiis
2159 1149 2406 1202 moribus
2449 1148 2561 1201 haec
2600 1147 2832 1203 subinde
2880 1157 3094 1216 recepta
3143 1148 3423 1213 videntur;

1846 1251 2048 1296 etcum
2083 1242 2202 1296 aliae
2232 1242 2358 1296 aliis
2389 1241 2551 1296 citius
2569 1241 2915 1307 ascivissent,
2939 1241 3139 1294 veteris
3192 1240 3426 1294 instituti

1846 1347 1909 1389 ac
1937 1334 2244 1389 Severitatis
2276 1334 2522 1405 reliquiae
2554 1349 2719 1402 penes
2751 1333 2963 1402 aliquas
3006 1332 3096 1387 diu
3130 1331 3422 1386 admodum

1846 1427 2187 1482 resederunt.
2224 1427 2475 1482 Nondum
2511 1427 2658 1481 enim
2692 1427 2932 1496 generali
2966 1426 3145 1495 aliqua
3179 1425 3425 1480 sanctio-

1846 1532 1936 1581 ne,
1977 1531 2084 1586 qua
2134 1531 2325 1570 omnes
2375 1513 2632 1570 Ecclesiae
2675 1523 3009 1578 tenerentur,
3049 1529 3111 1567 ea
3161 1528 3248 1568 res
3294 1529 3428 1567 ccu-

1847 1603 2037 1657 stituta
2061 1601 2272 1668 fuerat;
2306 1611 2401 1656 aut
2429 1602 2577 1655 illam
2619 1610 2768 1656 certe
2813 1600 3024 1654 tardius
3056 1600 3295 1669 regionis
3327 1601 3429 1654 ali-

1843 1695 2000 1765 cujus
2027 1696 2369 1750 consuetudo
2395 1704 2558 1764 atque
2590 1710 2723 1748 usus
2747 1693 2992 1748 admisit.
3024 1691 3195 1758 Quam
3231 1693 3284 1746 in
3312 1709 3427 1747 rem

1845 1787 1973 1842 facit
2013 1787 2266 1860 Cypriani
2299 1786 2504 1841 dictum
2551 1785 2679 1839 illud
2735 1785 2903 1853 Epist.
2957 1784 3024 1838 ad
3063 1786 3265 1839 Anton.
3296 1800 3314 1836 :
3355 1782 3427 1836 Et

151 1887 247 1930 tus
281 1877 643 1941 arcebantur;
689 1892 830 1946 quos
861 1877 1024 1931 etiam
1059 1876 1300 1933 Ciinicos
1345 1878 1737 1938 nominabant:
1773 1869 1816 1927 Β
1845 1880 2055 1951 quidem
2105 1878 2246 1946 apud
2282 1889 2633 1930 antecessores
2682 1887 2888 1929 nostros
2939 1875 3159 1945 quidam
3203 1882 3266 1928 de
3317 1877 3428 1945 epi-

147 1967 301 2039 quod
336 1969 388 2022 in
412 1984 575 2024 causa
599 1967 885 2024 Novatiani
914 1976 1182 2023 testantur
1215 1967 1314 2023 SS.
1346 1968 1481 2035 PP.,
1511 1979 1564 2025 et
1580 1985 1735 2026 conc.

147 2059 593 2116 Neoczesariense
634 2060 874 2115 decrevit
906 2074 1028 2114 can.
1055 2059 1144 2113 12.
1191 2060 1267 2114 De
1301 2059 1522 2116 Clinicis
1552 2059 1734 2132 igitur,

149 2162 212 2207 ut
240 2139 318 2208 ita
349 2153 547 2219 dicam,
587 2151 976 2222 pmnitentibus
1010 2151 1385 2223 accipiendum
1416 2161 1500 2208 est
1542 2153 1740 2208 rescri-

148 2257 305 2316 ptum
330 2245 458 2300 illud
488 2242 812 2302 Innocentii.
830 2242 926 2300 Vel
947 2245 1147 2314 potius,
1171 2259 1297 2298 cum
1315 2252 1370 2298 et
1392 2243 1458 2298 de
1483 2243 1589 2300 illis
1614 2253 1738 2315 agat

147 2338 444 2408 praecipue,
480 2344 534 2391 et
570 2351 636 2390 eo
677 2337 923 2390 narratio
957 2345 1068 2390 tota
1110 2335 1378 2391 referatur
1411 2353 1425 2402 ;
1461 2337 1624 2391 altius
1657 2348 1736 2392 ta-

144 2443 276 2481 men
318 2426 597 2497 negotium
624 2436 892 2496 repetens,
938 2426 1071 2496 quid
1101 2426 1169 2482 de
1209 2428 1355 2482 omni
1385 2437 1734 2497 peccatorum

144 2535 350 2591 genere
373 2519 628 2574 Ecclesia:
668 2518 1011 2574 consuetudo
1041 2519 1297 2585 tenuerit,
1332 2519 1384 2573 in
1415 2519 1730 2574 memoriam

142 2625 402 2667 revocat:
446 2612 590 2682 quod
620 2609 688 2664 ad
724 2608 968 2666 Clinicos
1000 2610 1137 2666 istos
1170 2612 1514 2680 suspicamur
1545 2621 1734 2680 postea

143 2707 326 2762 fuisse
371 2706 705 2760 restrictum.
772 2703 1015 2758 Primum
1057 2703 1202 2758 enim
1233 2704 1300 2758 de
1334 2704 1641 2760 libidinosis
1679 2712 1734 2757 et

149 2799 626 2854 incontinentibus
650 2805 891 2867 rogatus.
909 2797 976 2851 de
994 2797 1181 2866 lapsis,
1203 2797 1304 2852 hoc
1322 2807 1404 2852 est
1429 2797 1731 2854 idololatris

145 2893 476 2947 nominatim
515 2893 732 2948 decreta
772 2889 1000 2962 proteri.
1055 2878 1259 2946 Deinde.
1292 2907 1417 2945 cum
1462 2894 1729 2958 poeniten-

145 2988 284 3040 tiam
346 2989 466 3041 sine
509 2986 898 3040 communione
962 2999 1282 3040 concessam
1331 2985 1567 3049 asserit,
1622 3000 1728 3039 non

145 3091 261 3132 tam
319 3077 468 3134 istud
511 3077 580 3131 ad
629 3076 889 3144 Clinicos,
918 3091 1084 3146 quam
1131 3078 1198 3131 ad
1225 3093 1582 3147 quoscunque
1609 3094 1732 3148 pec-

144 3180 365 3227 catores
390 3173 601 3226 attinet.
633 3172 797 3242 Atqui
823 3173 890 3226 de
915 3172 1252 3226 moribundis
1277 3172 1540 3226 duntaxat
1564 3173 1730 3225 intor-

145 3265 382 3335 rogabat
415 3263 738 3334 Exuperius,
767 3273 821 3320 et
856 3264 1014 3319 aliter
1045 3264 1294 3320 dubitare
1331 3265 1569 3318 hominis
1627 3277 1746 3319 erat

141 3372 346 3428 parum
375 3357 429 3410 in
456 3357 710 3414 Ecclesiae
741 3359 940 3414 ritibus
970 3358 1194 3414 eruditi.

216 3447 588 3515 Quamobrem
617 3451 910 3507 verisimile
937 3461 1022 3506 est
1051 3452 1432 3506 Innocentium
1456 3451 1730 3523 hypotbc-

144 3542 236 3596 sin
282 3541 351 3595 ad
388 3543 617 3610 thesim,
659 3545 763 3599 hoc
819 3553 902 3599 est
953 3545 1260 3614 generalem
1319 3545 1746 3614 disputationem

144 3635 693 3704 controversiamque
747 3650 1071 3702 revocasse;
1117 3646 1172 3689 et
1217 3651 1438 3690 causam
1493 3637 1746 3690 attulisse

145 3738 252 3777 cur
294 3724 588 3792 aliquando
640 3726 806 3780 tardis
839 3726 946 3780 illis
983 3727 1406 3796 paenitentibus,
1453 3727 1583 3779 olim
1619 3740 1745 3781 vero

147 3817 324 3870 etiam
370 3816 705 3886 quibuslibet
738 3817 1050 3887 graviorum
1100 3817 1392 3874 criminum
1431 3818 1563 3882 reis,
1595 3833 1745 3872 com-

146 3907 435 3962 munionis
479 3923 603 3977 spes
650 3908 877 3977 praecisa
921 3905 1086 3982 fuerit
1117 3926 1130 3962 :
1163 3908 1444 3973 nimirum,
1480 3922 1589 3977 quo
1624 3921 1743 3977 pm-

147 4015 354 4055 narum
407 4011 554 4054 metu
611 4000 666 4054 in
722 4000 899 4056 oﬂicio
945 4001 1243 4055 Christiani
1300 4001 1738 4066 continerentur,

146 4091 425 4162 principio
467 4094 850 4149 communione
893 4093 1200 4163 prohibitos
1243 4093 1603 4162 capitalium,
1663 4092 1742 4146 uti

147 4184 294 4249 dixi,
328 4185 592 4238 scelerum
641 4186 916 4250 conscios,
961 4201 1061 4240 nec
1098 4202 1342 4256 unquam
1384 4187 1496 4240 sive
1532 4187 1742 4240 incolu-

149 4290 299 4338 mes,
333 4275 445 4328 sive
499 4275 852 4331 moribundos
897 4275 1153 4332 Ecclesiae
1205 4277 1521 4341 restitutos,
1557 4285 1742 4346 postea

146 4381 288 4422 vero
323 4366 562 4419 nondum
595 4367 811 4436 penitus
850 4370 1140 4423 constituta
1177 4383 1330 4438 pace,
1361 4368 1741 4438 pmnitentiam

147 4460 377 4531 quidem
415 4458 522 4514 illis
559 4475 621 4514 ac
671 4460 1112 4514 communionem
1161 4459 1450 4527 indultam,
1492 4460 1586 4530 qui
1628 4476 1744 4514 ma-

1848 1976 2019 2044 scopis
2047 1974 2168 2028 istic
2202 1973 2256 2025 in
2286 1971 2556 2042 provincia
2582 1978 2768 2025 nostra
2811 1969 3046 2024 dandam
3085 1987 3267 2039 pacem
3304 1986 3430 2024 mae-

1828 2067 1957 2120 "cliis
1989 2081 2092 2119 non
2123 2071 2477 2134 putaverunt;
2517 2071 2566 2115 et
2598 2062 2651 2115 in
2686 2071 2855 2116 totum
2890 2061 3211 2130 paenitentia:
3251 2060 3428 2112 locum

1844 2167 2029 2213 contra
2059 2155 2325 2211 adulteria
2364 2155 2694 2216 clauserunt;
2733 2169 2836 2206 non
2858 2165 3029 2207 tamen
3063 2152 3126 2205 ab
3158 2152 3426 2224 episcopo—

1844 2266 1959 2304 rum
1981 2264 2196 2302 suorum
2226 2245 2445 2316 collegio
2475 2255 2818 2300 recesserunt.

1913 2339 2040 2394 Haec
2069 2339 2158 2394 ille
2193 2335 2553 2390 Novatianum
2607 2336 3008 2406 perstringens;
3060 2334 3208 2404 quod
3240 2333 3308 2388 ad
3339 2333 3426 2387 in-

1845 2431 2220 2503 tempestivam
2253 2430 2307 2482 in
2345 2428 2528 2498 lapsos
2568 2427 2970 2486 crudelitatem.
3017 2426 3163 2496 quod
3200 2425 3428 2480 minime

1842 2523 2216 2580 necessarium
2278 2528 2432 2585 erat,
2499 2519 2788 2574 dissidium
2858 2518 3236 2589 adjunxisset,
3296 2533 3422 2572 cum

1843 2617 2046 2687 alioqui
2083 2616 2150 2670 de
2187 2615 2355 2684 lapsis
2404 2613 2547 2683 quod
2583 2611 2746 2666 vellet
2779 2611 3033 2680 privatim
3075 2611 3278 2664 sentire
3321 2623 3420 2678 po—

1841 2711 2023 2776 tuerit,
2063 2724 2162 2764 nec
2197 2708 2266 2762 ab
2311 2705 2568 2761 Ecclesia:
2611 2703 2872 2759 societate
2910 2702 3112 2756 divelli.
3161 2700 3317 2766 Quod
3357 2700 3427 2754 de

1841 2801 2190 2857 Ter-tulliano.
2211 2797 2431 2867 perinde
2464 2795 2840 2866 usurpandum
2873 2803 3010 2856 erat,
3059 2793 3104 2847 si
3153 2801 3260 2844 tam
3297 2790 3417 2856 iste,

1839 2911 2002 2967 quam
2035 2893 2370 2948 Novatianus
2411 2891 2674 2944 hactenus
2713 2887 3091 2957 procederent,
3143 2893 3203 2938 ut
3235 2884 3420 2952 lapsos

1838 2987 2179 3042 reconciliari
2213 2999 2320 3038 non
2354 2994 2607 3053 oportere
2634 2982 2900 3043 dicereut,
2945 2994 3053 3031 non
3102 2987 3282 3030 autem
3328 2990 3424 3029 ve—

1838 3080 1943 3135 niae
1980 3079 2281 3134 tribuendas
2320 3077 2410 3148 jus
2443 3077 2510 3129 ab
2543 3074 2786 3129 Ecclesia
2829 3087 3056 3142 prorsus
3106 3069 3420 3138 abjudicas-

1846 3177 1968 3224 sent
2002 3189 2014 3224 :
2046 3183 2210 3239 quam
2251 3168 2321 3221 ob
2366 3181 2589 3226 causam
2646 3164 2840 3217 merito
2885 3171 3143 3230 tanquam
3187 3157 3425 3213 haeretici

1848 3262 2089 3318 damnati
2114 3269 2262 3317 sunt.
2296 3258 2414 3313 Jaiu
2461 3274 2588 3313 vero
2627 3274 2691 3311 ex
2733 3257 2948 3310 illorum
2978 3268 3228 3318 numero,
3285 3267 3427 3322 quos

1849 3358 2081 3428 spissius
2115 3371 2179 3410 ac
2229 3353 2437 3409 tardius
2465 3352 2518 3406 in
2549 3367 2668 3406 eam
2701 3351 2975 3404 lenitatem
3011 3347 3272 3402 infractos
3304 3361 3426 3400 esse

1846 3451 2114 3512 diximus,
2170 3447 2555 3516 Hispanienses
2605 3443 2859 3498 Ecclesia:
2911 3452 3073 3512 atque
3145 3440 3420 3493 antistites

1848 3542 2120 3597 recenseri
2164 3541 2394 3603 debent;
2432 3552 2571 3608 quos
2602 3552 2708 3590 non
2750 3535 2926 3605 magis
2971 3550 3133 3603 quam
3195 3543 3425 3587 caeteros

1851 3618 2066 3697 omnes,
2108 3633 2353 3701 adeoque
2378 3630 2681 3685 Ecclesiam
2714 3628 2870 3682 initio
2903 3636 3074 3680 totam
3115 3634 3299 3680 tuetur
3326 3641 3424 3679 ex-

1847 3736 2111 3796 cusatque
2173 3721 2438 3794 pontifex.
2501 3719 2635 3776 Volo
2686 3721 2831 3776 enim
2895 3719 3194 3774 Innocentii
3258 3720 3422 3774 verba

1847 3820 2082 3890 prudens
2133 3817 2304 3872 lector
2349 3815 2780 3876 animadvertat,
2832 3813 3267 3878 observationem,
3317 3812 3426 3866 sive

1845 3909 2272 3966 consuetudinem
2326 3909 2554 3978 priorem
2596 3908 2822 3960 tenuisse
2859 3922 2877 3960 :
2911 3904 3054 3977 quod
3101 3905 3168 3959 de
3207 3904 3427 3974 provin-

1845 4006 2000 4060 cialis
2036 4003 2230 4075 synodi
2279 4014 2489 4056 canone
2522 4015 2586 4056 ac
2628 4001 2849 4054 decreto
2893 4012 3239 4068 nequaquam
3275 3996 3425 4078 dicef

1844 4107 1960 4162 ret;
1997 4097 2089 4152 sed
2117 4097 2183 4150 de
2210 4111 2276 4150 eo
2312 4096 2501 4165 utique
2526 4094 2658 4158 ritu,
2695 4091 2790 4162 qui
2838 4091 3008 4144 totius
3040 4089 3300 4144 Ecclesiae
3330 4088 3419 4153 sit,

1845 4179 2192 4256 aut'majoris
2235 4185 2425 4240 saltem
2469 4183 2639 4254 partis
2691 4181 3091 4237 consuetudine
3145 4187 3420 4248 receptus.

1817 4279 2110 4347 .Quocirca
2146 4279 2404 4350 praeclare
2435 4277 2509 4342 id,
2555 4274 2702 4345 quod
2742 4273 2994 4344 superius
3035 4272 3272 4342 positum
3315 4279 3419 4336 est,

1845 4375 1948 4428 hoc
2001 4371 2300 4427 Innocentii
2345 4369 2720 4426 testimonium
2770 4367 3064 4421 conﬁrmat
3107 4385 3119 4420 :
3167 4375 3418 4434 negatam

1843 4463 2098 4519 maximis
2155 4461 2449 4518 sceleribus
2498 4461 2624 4514 olim
2685 4460 3131 4514 communionem
3178 4456 3350 4512 fuisse
3402 4477 3416 4512 :

149 4563 280 4609 ture
308 4552 377 4608 ad
403 4569 521 4610 eam
551 4553 838 4624 petendam
865 4555 1247 4620 accessissent,
1300 4553 1512 4608 caeteris
1542 4553 1595 4607 in
1619 4569 1740 4622 per-
1772 4577 1816 4633 ο
1845 4573 1949 4628 qua
1976 4565 2162 4627 postea
2191 4555 2482 4625 permissa,
2515 4553 2619 4608 soli
2650 4554 2727 4608 illi
2761 4553 2973 4623 excepti
3016 4551 3294 4614 videntur,
3325 4549 3420 4619 qui

150 4655 384 4716 petuum
443 4645 658 4716 rejectis
689 4685 704 4710 ,
761 4660 826 4700 ac
881 4654 1160 4716 postremo
1219 4646 1426 4716 pacatis
1488 4644 1743 4700 Ecclesiae

148 4737 342 4802 rebus,
393 4735 557 4791 etiam
615 4734 882 4790 tardiores
938 4735 1059 4790 illos
1108 4735 1349 4790 instante
1395 4734 1509 4805 jam
1564 4744 1743 4790 morte

147 4828 601 4884 communionem
659 4827 1008 4896 impetrasse.
1071 4827 1198 4882 'I‘ria
1262 4827 1381 4882 haec
1427 4827 1742 4883 necessario

146 4921 540 4992 distinguenda
569 4927 698 4974 sunt
733 4919 989 4975 Ecclesia:
1019 4928 1287 4990 tempora,
1330 4928 1390 4974 ut
1419 4919 1742 4975 dissidentes

145 5035 180 5074 a
227 5033 287 5072 se
337 5015 568 5070 invicem
619 5014 1065 5084 gravissimorum
1107 5011 1334 5067 Patrum
1387 5012 1741 5068 auctoritates

145 5109 541 5168 concilientur.
580 5107 644 5161 Et
683 5107 903 5176 quidem
945 5107 1122 5175 prima
1157 5105 1249 5160 illa
1283 5104 1742 5173 severissimaque

145 5199 447 5270 disciplina
481 5199 586 5254 sub
617 5199 995 5270 apostolorum
1044 5206 1311 5266 tempora,
1345 5204 1399 5251 et
1426 5195 1490 5250 ad
1520 5194 1740 5250 Tertul-

145 5293 287 5349 liani
315 5292 429 5348 fere
452 5293 712 5348 saeculum
744 5290 1001 5356 obtinuit,
1031 5306 1156 5361 quae
1185 5307 1213 5342 a
1261 5289 1572 5362 Zephyrino
1604 5306 1740 5360 pon-

145 5389 324 5452 tiﬁce,
377 5387 522 5457 quod
571 5386 639 5441 ad
691 5385 983 5441 mmchiam
1027 5392 1255 5454 spectat,
1317 5382 1597 5453 paululum
1647 5398 1738 5438 re-

147 5483 360 5548 laxata,
392 5480 650 5552 Cypriani
684 5478 1020 5548 temporibus
1069 5477 1306 5547 majores
1355 5477 1422 5530 ad
1461 5476 1737 5530 lenitatem

149 5590 484 5644 progressus
557 5574 766 5628 habuit.
830 5571 957 5626 Fuit
1017 5570 1162 5624 enim
1243 5568 1544 5624 secundum
1607 5568 1740 5622 illud

149 5667 403 5726 maxime
431 5677 667 5740 tempus,
697 5680 808 5736 quo
832 5665 1042 5720 nullum
1070 5663 1276 5734 peccati
1310 5678 1480 5733 genus
1503 5678 1532 5717 a
1556 5660 1736 5718 fructu

145 5760 565 5815 communionis
593 5767 881 5828 exceptum
911 5769 1026 5822 est;
1060 5756 1153 5811 sed
1188 5755 1261 5810 ita
1290 5763 1494 5816 tamen,
1523 5755 1568 5809 si
1605 5764 1742 5808 tem-

147 5854 349 5917 perius
391 5867 449 5908 se
481 5853 546 5907 ad
584 5851 964 5922 paenitentiam
1016 5849 1360 5921 applicarent
1395 5868 1405 5902 :
1445 5865 1569 5904 nam
1620 5859 1732 5906 tum

1845 4649 1911 4704 ad
1941 4658 2244 4705 extremum
2284 4663 2457 4718 usque
2485 4646 2610 4700 vita:
2639 4646 2944 4716 periculum
2985 4644 3038 4699 in
3066 4643 3265 4699 delicto
3295 4659 3420 4714 per-

1844 4749 2207 4798 severassent.
2255 4737 2413 4794 Unde
2451 4739 2514 4792 in
2553 4739 2787 4794 concilio
2820 4737 3026 4792 Arelat.
3060 4752 3099 4803 ι,
3131 4751 3254 4790 can.
3296 4735 3368 4788 95
3403 4753 3416 4788 :

1844 4835 1921 4889 De
1962 4834 2064 4900 Itis,
2110 4833 2200 4904 qui
2239 4841 2567 4903 apostatant,
2639 4841 2688 4886 et
2739 4847 3009 4901 nunquam
3047 4847 3101 4883 se
3140 4829 3209 4882 ad
3254 4827 3421 4883 eccle-

1843 4928 1980 4980 siam
2025 4931 2422 4994 reprazsentant,
2472 4936 2564 4974 nec
2610 4919 2822 4990 quidem
2862 4917 3220 4986 paenitentiam
3269 4931 3422 4984 agere

1844 5029 2108 5090 qutcrunt,
2133 5027 2177 5069 et
2208 5025 2390 5085 postea
2434 5013 2742 5082 inﬁrmitate
2781 5012 3008 5079 correpti
3052 5019 3231 5077 petunt
3277 5023 3422 5060 com-

1843 5107 2170 5172 munionem,
2201 5105 2403 5176 placuit
2437 5103 2511 5157 eis
2557 5119 2658 5156 non
2700 5104 2936 5154 dandam
2971 5098 3414 5157 communionem,

1845 5199 1948 5254 nisi
2001 5197 2356 5258 revaluerint,
2405 5205 2455 5250 et
2505 5195 2704 5265 egerint
2751 5193 2940 5262 dignos
2993 5190 3199 5258 fructus
3253 5187 3420 5257 paeni-

1844 5291 2044 5345 tentiae.
2115 5340 2120 5344 .

1913 5383 2009 5438 Est
2037 5380 2183 5436 aliud
2211 5381 2435 5450 insuper
2468 5379 2520 5432 in
2553 5379 2646 5433 illo
2680 5376 2978 5432 Innocentii
3022 5375 3142 5428 loco
3189 5371 3418 5426 minimc

1842 5475 2300 5546 praetereundum,
2332 5489 2455 5529 cum
2489 5472 2566 5526 ait
2607 5481 2848 5542 negatam
2884 5469 3048 5539 fuisse
3090 5464 3419 5520 communic-

1845 5585 1979 5633 nem,
2008 5583 2306 5620 concessam
2343 5566 2729 5636 paenitentiam,
2771 5579 2834 5616 ne
2874 5571 3039 5614 totum
3086 5559 3292 5628 penitus
3335 5572 3418 5611 nc-

1843 5670 2078 5731 garetur.
2102 5658 2181 5714 Ex
2212 5675 2321 5728 quo
2354 5659 2426 5714 ita
2454 5657 2708 5726 colligere
2739 5656 2864 5710 licet
2897 5674 2909 5708 :
2941 5652 3056 5708 Nisi
3087 5649 3418 5722 paenitentia:

1845 5755 2063 5809 nomine
2097 5753 2494 5808 absolutionem
2522 5749 2872 5806 Innocentius
2915 5749 3196 5818 intelligat,
3231 5760 3353 5816 qua:
3383 5757 3416 5797 a

1845 5847 2114 5905 Dominici
2145 5847 2392 5918 corporis
2423 5845 2720 5918 usurpandi
2757 5843 2877 5915 jure
2923 5843 3180 5900 distincta
3225 5841 3316 5902 sit,
3344 5836 3413 5894 de
