3832 6220
424 319 560 373 1023

1513 325 1858 382 APPENDlX
1893 323 2525 384 DlSSEil'I’ATlONUM.

3536 328 3665 383 1014

418 454 531 508 quo
567 448 753 509 postea
788 440 1029 498 dicemus
1061 460 1074 497 :
1106 444 1429 513 quibusdam
1470 447 1841 516 peccatoribus
1873 458 1991 513 ραι·
2021 446 2067 502 Α
2095 443 2231 497 adeo
2262 453 2320 498 ut
2350 462 2415 499 ex
2434 446 2777 501 ‘Elibcritano
2819 459 3081 500 consessu
3131 442 3475 514 asperiorem
3527 441 3662 495 ιιιιω

421 530 705 585 nitentiam
752 531 826 587 ita
870 534 1193 603 permissam
1238 551 1380 600 esse,
1419 547 1474 591 ut
1504 552 1569 591 ea
1608 552 1885 606 nunquam
1916 550 1994 591 re-

422 618 714 674 laxaretur.
750 621 841 676 Sic
869 638 1012 676 enim
1068 640 1186 678 sese
1240 642 1327 679 res
1386 626 1594 681 habuit.
1630 624 1746 680 Non
1792 638 1993 681 temere

420 709 600 776 quivis
639 711 704 763 ad
741 712 1114 779 poenitentiam
1157 714 1430 770 admissus
1468 727 1571 780 est,
1626 726 1702 780 ut,
1743 717 1991 788 quamvis

422 817 699 871 nunquam
735 803 787 856 in
822 806 1051 873 gratiam
1094 823 1217 860 cum
1251 807 1491 864 Ecclesia
1524 810 1797 866 rediturus
1826 821 1990 878 esset,

427 902 613 947 tamen
650 909 773 948 cum
807 896 991 964 aliquo
1023 897 1233 952 delectu
1260 900 1530 967 publicam
1568 901 1635 953 ad
1666 901 1994 957 satisfactio~

421 997 545 1036 nem
584 985 1070 1055 pmnitentiamque
1140 988 1491 1057 reciperetur.
1526 988 1655 1043 Nam
1686 1000 1740 1045 et
1780 992 1832 1044 in
1886 1008 1989 1061 pu-

418 1075 561 1130 blica
596 1078 930 1146 poenitentia:
979 1079 1281 1145 iunctione,
1326 1081 1405 1135 vel
1449 1082 1583 1137 citra
1627 1085 1990 1140 absolutionis

420 1183 592 1238 spem,
637 1185 772 1226 suus
822 1172 1042 1240 quidam
1096 1184 1212 1227 erat
1264 1173 1474 1228 fructus
1507 1193 1519 1227 :
1549 1177 1691 1244 quod
1723 1177 1773 1229 in
1799 1178 1989 1245 primis

416 1262 657 1318 fidelium
693 1265 941 1331 precibus
977 1268 1469 1322 comniendatiores
1503 1280 1709 1324 essent.
1749 1269 1904 1336 Quod
1944 1270 1988 1325 si

415 1362 678 1422 praeterea
708 1364 965 1425 perpetua
1002 1357 1091 1411 illa
1128 1359 1439 1426 pmiiitentia
1474 1360 1752 1415 damnatis
1794 1361 1992 1429 grada-

420 1447 540 1505 tiin.
573 1458 633 1500 ιιι
674 1450 905 1511 czeteris,
956 1451 1295 1519 adquartum
1345 1453 1701 1521 ultimumque
1745 1454 1990 1507 ordinem

418 1538 602 1592 liceret
624 1540 797 1605 evehi,
832 1557 996 1610 quam
1019 1542 1274 1597 σύστασιν
1314 1546 1599 1607 vocabant,
1630 1560 1735 1598 non
1759 1556 1993 1599 contem-

418 1627 657 1682 nendum
685 1645 862 1699 operie
882 1633 1113 1701 pretium
1141 1636 1384 1703 exstitit;
1413 1637 1456 1691 si
1483 1638 1662 1690 minus
1702 1638 1767 1691 ad
1801 1652 1987 1705 pacem

416 1729 472 1774 et
520 1719 876 1777 EUCllal‘lSlliB
927 1724 1419 1794 participationem,
1469 1727 1535 1780 ad
1571 1728 1880 1782 interiorem
1906 1736 1989 1781 ta-

418 1826 542 1865 men
591 1813 855 1867 orationis
933 1825 1366 1885 cauerat-umque
1434 1834 1612 1870 rerum
1676 1820 1987 1872 societatem

414 1904 725 1961 transferri.
759 1904 1081 1976 Quanquam
1134 1908 1223 1961 vix
1256 1919 1339 1962 est
1367 1922 1425 1961 ut
1458 1911 1673 1963 credam
1720 1911 1991 1978 perpetuis

418 1999 531 2054 illis
568 2001 959 2070 paenitentibus
1009 2013 1343 2071 postremum
1402 2004 1553 2056 illum
1611 2006 1840 2073 gradum
1896 2019 2007 2072 pag

424 2091 641 2146 tuisse:
676 2093 806 2160 quin
832 2095 1014 2162 potius
1044 2093 1214 2146 tribus
1261 2094 1532 2162 prioribus
1573 2094 1826 2147 definitus
1868 2094 1991 2148 illos

416 2202 540 2241 esse
582 2185 849 2255 suspicor.
883 2183 959 2238 lta
989 2186 1128 2255 apud
1172 2184 1451 2249 Basiliuni,
1504 2201 1625 2240 can.
1663 2186 1728 2240 73
1760 2186 1828 2238 ad
1861 2188 1991 2239 Am-

416 2276 575 2347 pliil.,
602 2279 691 2346 qui
735 2276 1010 2330 Christum
1053 2276 1345 2346 negaverit.
1392 2277 1531 2331 inter
1568 2278 1992 2349 προσκλαίοντας

417 2371 473 2424 in
513 2378 829 2438 perpetuum
868 2369 1177 2436 relegatur:
1212 2368 1269 2420 Ὀ
1300 2368 1390 2420 τὸν
1416 2369 1648 2439 Χριστὸν
1674 2370 1989 2440 ἀρνησάμε-

416 2478 526 2523 νος,
566 2462 660 2513 καὶ
699 2459 948 2533 παραϐὰς
996 2459 1056 2513 τὸ
1106 2461 1204 2530 τῆς
1254 2461 1527 2531 σωτηρίας
1576 2465 1895 2533 μυστήριον,
1934 2465 1990 2517 ἐν

417 2552 581 2606 παντὶ
604 2551 680 2621 τῷ
700 2554 873 2624 χρόνῳ
894 2553 991 2623 τῆς
1016 2551 1158 2623 ζωῆς
1183 2553 1346 2605 αὑτοῦ
1373 2555 1722 2624 προσκλαίειν
1764 2556 1988 2623 ὀφείλει.

415 2642 511 2695 καὶ
543 2640 977 2713 ἐξομολογεῖσθαι
1008 2647 1291 2714 χρεωςτεῖ,
1329 2645 1386 2696 ὲν
1412 2644 1487 2704 τῷ
1519 2645 1693 2717 καιρῷ
1722 2638 1767 2715 ᾧ
1806 2647 1992 2699 ἐκϐαί-

413 2751 497 2788 νει
529 2735 620 2788 τοῦ
667 2736 804 2806 βίου,
854 2736 963 2789 τῶν
1016 2737 1375 2808 ἁγιασμάτων
1426 2739 1765 2809 ἀξιούμενος,
1812 2740 1992 2792 πίστει

414 2825 518 2897 τῆς
572 2828 723 2898 παρὰ
779 2828 913 2881 Θεοῦ
966 2829 1397 2902 φιλανθρωπίας.
1463 2832 1811 2901 Ancyranum
1862 2846 1992 2886 vero

416 2936 540 2978 can.
583 2920 653 2975 25
691 2936 805 2983 eos.
858 2924 950 2992 qui
993 2925 1354 2983 voluntarium
1398 2924 1751 2978 homicidium
1808 2939 1994 2993 perpe-

416 3014 700 3079 traverint,
744 3022 858 3068 toto
900 3015 1026 3069 vita:
1081 3025 1324 3085 tempore
1380 3016 1692 3070 ὑποπτώσει
1750 3017 1989 3087 subjicit.

2093 534 2436 605 disciplinam
2470 539 2807 607 expressisse
2836 537 3006 591 videri
3047 537 3240 605 possit.

2165 621 2243 677 Ex
2287 626 2354 681 iis
2393 629 2647 683 omnibus
2699 629 2889 698 liquet,
2934 627 3125 697 procul
3169 641 3199 679 a
3235 620 3663 683 Novatianorun

2094 730 2280 771 errore
2302 733 2366 773 ac
2391 720 2615 787 perfidia
2648 719 3012 773 Eliberitanos
3051 716 3240 770 Patres
3267 714 3558 773 abfuisse;
3580 728 3664 765 nec

2092 808 2237 862 aliud
2260 812 2487 863 omnino
2516 811 2617 865 nisi
2642 821 2737 864 ant
2764 810 2994 878 priscam
3022 810 3275 865 Ecclesiae
3296 807 3665 876 disciplinain,

2092 899 2186 954 sed
2222 915 2322 953 usu
2354 900 2465 969 jam
2499 901 2866 965 obliteratam,
2895 903 3075 955 denuo
3106 915 3433 963 revocasse;
3460 908 3557 952 aut
3579 899 3668 950 bas

2092 998 2297 1042 rentem
2320 991 2497 1045 adhuc
2525 992 2577 1044 in
2603 990 2881 1061 Hispaniis
2904 994 3059 1047 novis
3082 994 3293 1061 legibus
3318 990 3666 1053 astrinxisse,

2091 1096 2215 1133 cum
2250 1082 2564 1149 capitalium
2596 1084 2861 1137 scelerum
2891 1086 2989 1147 rei,
3029 1084 3453 1153 praesertimqtie
3490 1081 3666 1142 trium,

2094 1171 2433 1237 idololatria},
2490 1175 2769 1228 homicidii
2818 1188 2873 1230 et
2918 1177 3167 1229 adulterii
3205 1176 3367 1237 olim,
3420 1181 3481 1225 ut
3516 1170 3669 1225 lnno—

2092 1262 2303 1316 centius
2337 1264 2514 1328 docet,
2547 1267 2829 1319 communi
2862 1269 3265 1321 consuetudine
3297 1266 3525 1319 veniam
3560 1266 3670 1318 nul-

2094 1349 2200 1401 lam
2229 1360 2281 1403 et
2309 1352 2711 1408 absolutionem
2757 1356 3071 1411 obtinerent
3098 1377 3111 1411 :
3141 1374 3249 1412 non
3282 1356 3437 1427 quod
3471 1358 3671 1409 absolvi

2092 1441 2160 1493 ab
2184 1441 2425 1497 Ecclesia
2453 1462 2559 1499 non
2587 1456 2834 1515 possent,
2874 1458 2935 1503 ut
2968 1447 3345 1503 Tertullianus
3374 1448 3672 1511 asserebat,

2092 1531 2184 1583 sed
2209 1533 2353 1601 quod
2381 1534 2520 1601 ejus,
2554 1551 2719 1605 quam
2746 1538 3142 1606 amplissimam
3172 1554 3201 1591 a
3228 1536 3460 1591 Christo
3494 1550 3677 1588 susce-

2093 1633 2267 1691 perat,
2299 1635 2544 1695 potestas
2578 1644 2736 1683 usum
2774 1631 2941 1685 certis
2975 1630 3176 1685 finibus
3202 1628 3677 1698 circumscripsis-

2093 1722 2194 1767 εει.

2166 1806 2304 1861 Huic
2332 1818 2439 1862 tam
2484 1821 2778 1881 comperta:
2822 1814 3225 1883 exploratzeque
3257 1816 3534 1869 doctrina:
3561 1814 3679 1867 nul-

2092 1895 2175 1949 los
2218 1900 2398 1952 acrius
2447 1911 2848 1971 repugnaturos
2885 1904 3152 1973 intelligo,
3188 1920 3357 1974 qirain
3401 1905 3500 1972 qui
3542 1904 3681 1955 antio

2091 1988 2315 2054 quitatis
2354 1990 2738 2046 ecclesiasticae
2780 1993 2963 2049 minus
2994 1995 3151 2064 periti
3190 1996 3388 2049 veteris
3420 1996 3681 2049 Ecclesia

2092 2079 2324 2133 formam
2366 2082 2644 2138 hodiernis
2685 2085 2884 2140 ritibus
2916 2086 3292 2157 institutisque
3324 2089 3678 2142 metiuntur:

2092 2173 2292 2243 quibus
2345 2190 2599 2244 asperum
2653 2186 2707 2231 et
2759 2178 3124 2232 inhumanum
3180 2182 3417 2246 videtur,
3463 2181 3682 2234 homini

2093 2266 2207 2332 ulti,
2231 2267 2322 2336 qui
2350 2270 2629 2324 commissi
2654 2271 2899 2326 criminis
2926 2273 3169 2327 dolorem
3199 2289 3261 2327 ac
3291 2274 3681 2343 penitentiam

2090 2375 2201 2429 prie
2220 2376 2277 2415 se
2300 2359 2461 2425 ferat,
2490 2377 2680 2431 pacem
2702 2374 2755 2417 et
2782 2365 3175 2418 absolutionem
3204 2366 3487 2435 denegari.
3518 2365 3685 2431 Quod

2093 2452 2270 2520 ipsum
2302 2463 2480 2508 tamen
2519 2455 2647 2508 olim
2682 2470 2831 2510 certo
2863 2457 2916 2510 in
2952 2458 3228 2511 hominum
3260 2460 3687 2526 criminumque

2093 2559 2288 2613 genere
2310 2554 2582 2598 servatum
2613 2545 2782 2600 fuisse
2808 2557 2887 2601 tot
2914 2550 3003 2601 illa
3033 2549 3295 2602 hactenus
3329 2550 3497 2601 allata
3533 2551 3690 2602 testi-

2094 2634 2274 2689 monia
2321 2636 2723 2691 demonstrant.
2772 2637 2986 2704 Quibus
3031 2654 3197 2693 unum
3247 2639 3563 2692 alterumve
3618 2640 3689 2691 ad

2092 2726 2369 2779 cumulum
2406 2728 2652 2793 accedat,
2700 2737 2758 2782 ut
2797 2729 2878 2783 vel
2920 2730 2988 2782 ab
3036 2730 3223 2783 invitis
3261 2746 3561 2783 assensum
3599 2746 3690 2782 res

2092 2815 2196 2869 ista
2231 2828 2525 2871 mereatur.
2563 2818 2919 2889 Aciprimnm
2968 2821 3109 2874 idem
3156 2836 3261 2875 non
3292 2822 3541 2875 obscure
3578 2821 3691 2891 Cy-

2097 2910 2319 2975 prianus
2345 2909 2547 2965 indicat
2574 2912 2803 2980 epistola
2836 2912 2916 2965 l5.
2946 2912 3083 2966 Cum
3107 2915 3245 2967 enim
3276 2915 3409 2982 lapsi
3434 2916 3688 2982 quidam

2095 3000 2306 3056 libellos
2342 3018 2372 3057 a
2407 3004 2740 3075 martyribus
2778 3006 3183 3074 impetrassent,
3208 3006 3404 3075 quibus
3428 3004 3573 3059 freti
3607 3023 3691 3058 re.

416 3105 553 3175 Περὶ
586 3106 849 3159 ἑκουσίων
886 3108 1084 3177 φόνων,
1129 3109 1588 3163 ὑποπιπτέτωσαν
1632 3111 1750 3181 μὲν,
1790 3109 1884 3163 τοῦ
1937 3110 1989 3163 δὲ

2097 3095 2199 3166 cipi
2232 3112 2290 3151 se
2321 3098 2372 3151 in
2411 3098 2663 3154 Ecclesia:
2699 3101 3144 3154 communionem
3188 3102 3549 3170 impatienter
3589 3119 3687 3170 pe-

413 3198 619 3251 τελείου
641 3200 695 3251 ὲν
724 3199 801 3269 τῷ
822 3200 964 3252 τέλει
1004 3201 1098 3253 τοῦ
1141 3200 1256 3270 βίου
1292 3200 1785 3267 καταξιούσθωσαν.
1828 3204 1989 3274 Atqui

414 3287 672 3344 Balsaino
719 3291 783 3344 ad
822 3291 1006 3345 Basilii
1051 3307 1315 3347 canonem
1366 3309 1473 3347 non
1516 3303 1668 3363 putat
1716 3296 1839 3350 illos
1882 3296 1991 3349 τῶν

416 3380 853 3453 προσκλαιόντων
876 3383 1045 3451 gradu
1068 3394 1328 3453 perpetuo
1360 3383 1529 3440 fuisse
1552 3386 1859 3454 damnatos,
1887 3388 1983 3443 sed

415 3475 657 3543 reliquOs
708 3489 899 3529 omnes
946 3490 1011 3529 ex
1071 3476 1372 3547 Ancyrana:
1430 3479 1622 3549 synodi
1675 3481 1990 3550 przescripto

414 3566 751 3635 percurrisse
790 3566 979 3636 :quod
1025 3567 1167 3620 haud
1217 3569 1332 3623 scio
1377 3584 1444 3623 an
1486 3586 1672 3625 verum
1707 3574 1811 3638 sit;
1855 3590 1992 3643 quo-

414 3657 562 3709 niam
620 3655 937 3725 Ancyranus
994 3672 1169 3711 canon
1232 3659 1364 3714 satis
1413 3662 1699 3717 commode
1744 3662 1813 3716 ad
1862 3680 1988 3718 eum

416 3761 636 3801 sensum
666 3748 905 3801 revocari
935 3747 1170 3801 videtur.

487 3836 602 3893 Hoc
647 3853 796 3901 vero,
825 3838 988 3907 [quod
1053 3856 1117 3894 ex
1167 3836 1469 3897 Innocentii
1529 3844 1757 3915 epistola
1824 3847 1981 3902 colli-

413 3929 601 4001 gitur,
669 3929 831 3984 etiam
901 3930 1155 4002 Cypriani
1249 3920 1572 3989 auctoritas‘
1621 3940 1987 4009 comprobat;

413 4024 507 4091 qui
569 4022 623 4076 in
696 4020 870 4089 Epist.
925 4023 994 4076 ad
1068 4025 1263 4080 Anton.
1332 4027 1442 4080 duo
1508 4028 1596 4081 illa
1659 4029 1737 4083 sic
1792 4031 1989 4086 distin-

413 4114 529 4179 guit
591 4132 603 4167 :
677 4112 879 4180 Miror,
940 4114 1146 4185 inquit,
1225 4117 1478 4186 quosdam
1546 4119 1624 4172 sic
1694 4123 1988 4178 obstinatos

412 4220 545 4262 esse.
578 4217 630 4257 ut
660 4204 893 4256 dandam
922 4204 1084 4273 lapsis
1132 4222 1230 4259 non
1262 4217 1440 4277 putent
1487 4210 1869 4278 paenitentiam,
1899 4222 1988 4265 aut

411 4297 780 4365 pauitantibus
827 4298 1123 4351 existiment
1161 4300 1359 4351 veniam
1402 4305 1777 4372 denegandam.
1824 4305 1986 4371 Aliud

415 4385 595 4455 itaque
622 4386 806 4451 fuerit,
835 4389 1208 4456 pmnitentiam
1252 4393 1571 4455 concedere,
1635 4394 1782 4447 aliud
1811 4397 1985 4465 paeni-

2096 3198 2289 3253 terent,
2318 3192 2602 3246 consultus
2632 3208 2692 3245 ea
2725 3192 2793 3245 de
2822 3208 2881 3246 re
2914 3194 3216 3264 Cyprianus
3244 3195 3311 3246 ita
3338 3197 3650 3248 constituit
3670 3215 3687 3249 :

2098 3280 2167 3335 Ut
2195 3284 2285 3351 qui
2313 3282 2517 3337 libellos
2541 3302 2572 3338 α
2598 3288 2924 3354 martyribus
2954 3297 3281 3356 acceperunt,
3316 3301 3361 3340 et
3393 3305 3689 3357 prttroga-

2094 3375 2212 3427 tivis
2244 3390 2421 3427 eorum
2449 3376 2589 3444 apud
2620 3375 2788 3429 Deum
2820 3377 3065 3445 adjuvari
3107 3388 3336 3445 possunt.
3377 3380 3425 3430 si
3454 3380 3686 3431 incom-

2093 3466 2246 3518 modo
2272 3466 2449 3537 aliqua
2478 3476 2528 3521 et
2558 3468 2891 3537 inﬁrmitatis
2932 3470 3164 3538 periculo
3188 3473 3423 3539 occupati
3442 3471 3688 3539 fuerint,

2092 3574 2195 3610 non
2234 3571 2535 3627 exspectata
2573 3563 2856 3630 praesentia
2901 3573 3080 3616 nostra
3122 3564 3261 3631 apud
3305 3566 3685 3633 presbyterum

2095 3668 2447 3721 quemcunque
2467 3667 2793 3723 prwseiitein,
2823 3656 2919 3720 rel,
2942 3657 2989 3709 si
3012 3660 3279 3727 presbyter
3301 3671 3549 3728 repertus
3577 3678 3687 3713 non

2097 3744 2278 3812 fuerit,
2304 3755 2351 3797 et
2374 3762 2553 3814 urgere
2585 3746 2757 3800 exitus
2792 3748 3023 3817 ca’perit,
3054 3750 3194 3817 apud
3219 3750 3501 3803 diaconum
3542 3769 3689 3819 quo-

2094 3851 2190 3901 que
2218 3835 2389 3903 facere
2416 3836 2834 3908 exliomologesin
2864 3840 3042 3893 delicti
3061 3841 3145 3893 sui
3170 3842 3388 3910 possint.
3416 3851 3473 3894 ut
3509 3859 3685 3895 manu

2090 3930 2163 3982 eis
2200 3930 2254 3981 in
2283 3932 2643 3998 ptenitentiam
2693 3935 2963 4001 imposita,
3016 3936 3224 3988 ueniant
3266 3935 3332 3987 ad
3380 3935 3687 3989 Dominum

2091 4037 2209 4073 cum
2248 4038 2394 4087 pace.
2437 4021 2551 4077 Hoc
2598 4024 2704 4080 illis
2745 4026 3011 4080 duntaxat
3058 4028 3356 4098 Cyprianus
3415 4028 3687 4094 indulsit,

2090 4113 2181 4181 qui
2213 4114 2421 4169 libellos
2452 4131 2481 4168 a
2516 4117 2845 4187 martyribus
2878 4118 3254 4188 accepissent;
3290 4128 3553 4183 caeteros,
3586 4122 3687 4190 qui

2090 4205 2220 4266 iisce
2271 4207 2468 4262 libellis
2516 4219 2788 4275 carerent,
2849 4224 3165 4279 exspectare
3231 4211 3415 4263 tandiu
3473 4211 3685 4280 jussit,

2087 4296 2259 4350 donec
2295 4295 2548 4352 Ecclesiae
2600 4315 2702 4367 pax
2736 4311 2881 4353 esset
2924 4300 3154 4353 reddita.
3195 4298 3573 4365 Quamobrem
3614 4320 3686 4356 nc

2088 4386 2141 4438 in
2168 4389 2419 4455 praesenti
2452 4390 2671 4458 quidem
2704 4389 2895 4444 mortis
2916 4390 3237 4445 discrimine
3261 4392 3683 4461 posterioribus

418 4485 596 4529 tentes
640 4478 705 4529 ad
753 4493 903 4546 spem
956 4480 1418 4536 reconciliationis
1476 4482 1778 4541 admittere,
1828 4488 1982 4552 Quod
2016 4489 2062 4545 ι)
2091 4476 2198 4531 illis
2228 4492 2412 4545 pacem
2444 4478 2652 4531 tribuit.
2687 4479 2901 4548 Alioqui
2942 4478 3076 4532 nihil
3112 4480 3251 4532 inter
3275 4480 3408 4533 istos
3437 4489 3491 4534 et
3526 4484 3682 4551 prio-

414 4566 468 4619 in
522 4565 839 4621 Novatianis
884 4569 1241 4626 nihilominus
1277 4573 1622 4641 reprehendit
1668 4575 1987 4634 Ambrosius

415 4658 510 4712 lib.
545 4675 557 4711 I
594 4657 668 4712 De
705 4675 842 4728 paen.
877 4676 996 4730 cap.
1042 4662 1121 4716 4.:
1163 4662 1304 4727 Quid
1334 4674 1506 4718 autem
1535 4668 1739 4733 durius,
1788 4670 1984 4739 inquit,

409 4767 571 4819 quam
607 4760 663 4803 ut
698 4752 933 4805 indicant
966 4754 1351 4820 paenitentiam,
1376 4774 1533 4826 quant
1567 4776 1671 4813 non
1711 4761 1990 4817 relaxent?

412 4840 519 4897 Sed
560 4844 700 4898 alius
734 4842 1007 4899 Ambrosii
1046 4847 1242 4903 saeculo
1277 4848 1389 4914 jam
1428 4865 1560 4905 usus
1590 4853 1986 4921 percrebuerat,

410 4935 621 4989 nullum
670 4946 728 4989 ut
768 4946 1107 5006 peccatorum
1136 4954 1306 5009 genus
1333 4940 1563 5010 amplius
1585 4944 1984 5001 excluderetur.

410 5025 527 5083 Nisi
572 5026 712 5083 forte
754 5030 931 5084 adhuc
974 5030 1028 5083 in
1074 5030 1333 5101 Hispania
1381 5034 1705 5102 quibusdam
1748 5037 1799 5090 in
1851 5038 1987 5094 locis

411 5120 625 5189 antiqui
661 5122 830 5177 moris
863 5123 1149 5192 vestigium
1179 5134 1438 5188 exstaret,
1483 5143 1655 5196 coque
1686 5144 1849 5183 Sensu
1882 5131 1988 5183 Pa-

411 5211 604 5267 cianus
635 5214 982 5282 accipiendus
1012 5217 1101 5279 sit,
1136 5232 1258 5270 cuin
1307 5216 1409 5270 tria
1464 5219 1552 5272 illa
1587 5220 1838 5289 capitalia
1876 5222 1986 5276 cri-

412 5306 562 5359 mina
619 5306 821 5359 nullani
886 5306 1178 5376 impetrare
1224 5322 1411 5377 pacein
1475 5311 1797 5381 veniamque
1863 5329 1990 5381 pro-

416 5398 652 5452 nuntiat.
703 5397 947 5463 Quoruui
989 5401 1242 5455 conscios
1294 5418 1417 5455 cum
1469 5405 1535 5457 ad
1580 5406 1986 5474 procurandum

420 5488 776 5544 nihilominus
810 5489 1112 5545 remedium
1146 5493 1415 5559 hortatur,
1460 5495 1571 5549 fieri
1598 5506 1795 5565 potest,
1836 5510 1893 5552 ut
1923 5501 1989 5554 ad

417 5580 805 5647 capessendam
868 5582 987 5637 sine
1020 5583 1130 5637 ulla
1177 5598 1272 5653 spe
1312 5587 1773 5644 reconciliationis
1817 5594 1993 5660 paeni-

422 5671 644 5724 tentiam
690 5673 947 5741 impellat.
1014 5674 1172 5731 Certe
1220 5680 1404 5748 negari
1464 5696 1569 5733 non
1622 5690 1799 5750 potest
1854 5685 1987 5753 quin

423 5760 656 5815 obscure
689 5776 751 5815 ac
793 5764 1043 5831 perplexe
1086 5764 1150 5818 tle
1186 5765 1284 5818 hac
1321 5781 1374 5820 re
1415 5764 1681 5821 Pacianus
1725 5768 1988 5839 disputet,

2092 4585 2185 4635 res
2207 4571 2513 4631 interesset,
2535 4586 2675 4639 quos
2699 4583 2875 4624 tamen
2900 4571 3111 4625 meliori
3143 4571 3322 4640 aliqua
3349 4574 3684 4629 conditione

2090 4660 2168 4713 uti
2201 4660 2460 4730 oportuit.
2506 4661 2576 4712 At
2609 4662 2753 4713 enim
2793 4661 3230 4732 exhomologesis
3260 4662 3399 4730 apud
3441 4661 3685 4732 Cypria-

2091 4768 2219 4807 num
2253 4752 2727 4817 sacranientaleni,
2766 4763 2823 4807 ut
2859 4763 3073 4819 vocant,
3118 4753 3521 4809 confessionem
3563 4773 3680 4811 non

2090 4846 2380 4917 significat,
2413 4863 2591 4915 neque
2628 4862 2731 4915 pax
2777 4847 3155 4917 absolutioque
3193 4848 3281 4902 illa
3316 4851 3548 4919 perinde
3583 4868 3682 4905 sa-

2090 4941 2351 4994 eraiucnti
2403 4956 2529 5009 pars
2573 4938 2698 5000 fuit,
2747 4955 2869 4993 cum
2905 4941 3071 4993 etiam
3114 4956 3143 4993 a
3187 4941 3419 4995 diacono
3470 4958 3682 4999 manus

2090 5030 2293 5099 imponi
2341 5028 2548 5097 jubeat,
2601 5030 2707 5082 nisi
2755 5030 3061 5102 presbyteri
3115 5032 3272 5101 copia
3330 5044 3675 5102 suppeteret.

2093 5122 2163 5176 De
2197 5122 2601 5191 exhoinotogesi
2648 5120 2826 5175 dicam
2875 5133 3059 5191 postea
3107 5124 3374 5192 pluribus.
3410 5126 3572 5190 Quod
3604 5128 3675 5181 ad

2090 5229 2276 5283 pacein
2315 5214 2924 5283 reconciliationenique
2949 5216 3205 5283 pertinet,
3250 5218 3537 5271 sciendum
3587 5232 3675 5274 est

2089 5307 2359 5376 duplicem
2392 5308 2445 5360 in
2480 5322 2543 5359 ea
2572 5316 2779 5375 partem
2808 5324 2871 5361 ac
2904 5310 3051 5362 velut
3081 5309 3312 5363 fructum
3351 5312 3677 5378 exstitisse;

2091 5416 2215 5454 nam
2253 5409 2307 5454 et
2349 5414 2379 5453 a
2424 5399 2679 5470 peccatis,
2715 5400 2820 5453 hoc
2850 5410 2933 5456 est
2959 5401 3117 5470 culpa
3154 5404 3292 5471 ipsa,
3334 5419 3499 5471 quam
3539 5406 3677 5460 diu-

2092 5504 2251 5548 turna
2276 5494 2594 5563 ptenitentia
2619 5494 2912 5556 diluerant,
2945 5494 3387 5559 absoli‘ebantur,
3415 5507 3467 5549 et
3496 5496 3548 5549 in
3586 5499 3675 5551 in~

2092 5596 2301 5656 tegruiu
2346 5589 2582 5641 restituti
2629 5588 2694 5641 ad
2737 5587 3031 5657 perlectum
3073 5606 3197 5646 cum
3236 5588 3481 5645 Ecclesia
3532 5591 3675 5646 tide-

2094 5682 2342 5750 libusque
2387 5681 2774 5735 commercium
2826 5695 2890 5733 ac
2930 5682 3239 5737 divinorum
3277 5684 3673 5754 mysteriorum

2098 5773 2533 5828 communionem
2570 5774 2982 5829 adhibebantur.
