3832 6220
167 307 305 360 1οΞ5

1075 299 1163 354 DE
1200 297 1674 356 PtENlTE-NTIAS
1718 297 1990 354 VETERE
2031 297 2428 356 DlSClPLINA.

3284 289 3422 346 £026

233 429 370 479 (lum
411 421 586 494 igitur
602 421 670 476 ab
699 420 964 487 antistite,
999 419 1080 475 vel
1110 419 1393 477 sacerdote
1421 437 1608 491 pacem
1642 437 1740 476 ac-
1766 423 1814 482 Α
1843 422 1934 475 illo
1981 421 2303 476 Tertulliani
2358 419 2579 482 saeculo,
2638 433 2749 488 quo
2799 415 3042 486 peccatis
3091 413 3424 485 quibusdat.)

161 519 428 587 ciperent,
480 523 776 584 utrumque
829 513 1200 568 merebantur.
1245 511 1342 568 Sin
1375 514 1520 568 nulla
1552 529 1736 570 sacer-

161 611 350 672 dotum
395 619 539 664 esset
581 616 842 678 potestas,
896 615 1010 661 tum
1060 605 1314 661 Ecclesiae
1350 607 1736 662 tantummodo

160 699 440 758 conciliati
483 713 670 768 pacem
702 714 732 752 a
762 695 1009 752 diaconis
1035 696 1420 765 impetrabant,
1452 695 1610 768 cuius
1639 713 1736 752 cu-
1775 694 1778 696 ⁷

158 793 372 848 mulum
407 807 438 847 a
474 791 756 846 sacerdote
807 789 1152 859 postmodum
1200 790 1525 845 obtinerent.
1554 789 1736 858 Quare

157 885 468 958 Cyprianus
519 883 718 939 libellis
755 892 1066 954 martyrum
1122 883 1398 952 przeditos,
1450 881 1496 937 si
1553 883 1735 938 minus

157 989 476 1048 utrumque,
521 975 755 1030 alterum
787 985 934 1030 certe
959 975 1283 1030 beneficium
1325 976 1588 1046 consequi
1629 991 1732 1028 vo-

157 1069 284 1132 luit,
303 1083 412 1139 quo
434 1067 794 1123 Eucharistite
819 1068 1012 1122 saltem
1035 1075 1316 1138 compotes
1344 1067 1458 1120 ﬁeri
1489 1075 1732 1136 possent.

155 1160 348 1234 Neque
375 1162 520 1215 enim
544 1159 859 1215 existimare
879 1160 1022 1223 licet,
1046 1159 1096 1214 id
1121 1159 1266 1228 quod
1297 1159 1460 1214 hodie
1487 1159 1562 1226 lit,
1583 1159 1734 1229 prius

157 1255 288 1310 illos
319 1269 350 1309 a
375 1253 613 1324 peccatis
639 1253 941 1320 absolutos,
966 1269 1125 1322 quam
1157 1253 1498 1322 poenitentia,
1529 1253 1632 1307 hoc
1653 1261 1737 1307 est

153 1359 450 1413 corporum
507 1344 704 1412 pinnis,
760 1358 826 1398 ac
869 1343 1136 1398 luctuosis
1182 1343 1436 1398 sordibus
1479 1341 1738 1398 Ecclesia:

155 1435 577 1492 satisfecissent.
615 1435 750 1491 Huic
793 1436 998 1502 aliines,
1032 1437 1124 1490 sed
1160 1436 1401 1492 mitiores
1432 1443 1612 1490 tamen
1650 1451 1738 1490 re-

155 1526 326 1596 liquae
353 1527 455 1581 illa:
479 1541 750 1580 canonum
813 1525 1124 1580 sanctiones
1153 1541 1217 1580 ac
1255 1523 1478 1579 Patrum
1519 1525 1734 1579 decreta

155 1633 312 1686 sunt,
343 1639 466 1692 quae
493 1622 876 1692 peccatoribus
905 1619 1186 1674 nonnullis
1213 1627 1528 1688 perpetuam
1559 1616 1738 1686 poeni-

155 1713 388 1767 tentiani
418 1713 492 1766 ita
523 1711 901 1782 praescribunt,
956 1723 1235 1779 nunquam
1285 1716 1345 1762 ut
1395 1707 1735 1762 communio-

153 1819 286 1858 nem
353 1804 982 1872 reconciliationemque,
1031 1802 1136 1854 nisi
1171 1801 1226 1854 in
1272 1800 1378 1854 line
1405 1800 1532 1854 vita:
1561 1797 1738 1868 perci-

153 1907 374 1967 perent.
408 1895 726 1967 Cujusmodi
785 1903 914 1950 sunt
961 1893 1148 1949 Basilii
1199 1893 1268 1946 ad
1313 1893 1736 1961 Amphilochium

154 2006 288 2045 can.
315 1989 408 2054 73,
441 1987 765 2059 Ancyranus
787 1989 879 2052 9.5,
899 1987 1012 2056 jam
1049 2003 1080 2042 a
1118 1987 1276 2041 nobis
1303 1987 1476 2042 citati.
1511 1985 1738 2041 Accedit

153 2091 210 2137 et
243 2083 447 2136 Arelat.
481 2099 499 2135 ι
531 2094 704 2135 canon
755 2079 822 2132 Μ
855 2098 867 2134 :
919 2080 989 2132 De
1035 2078 1130 2144 his“
1158 2079 1246 2148 qui
1295 2077 1435 2148 [also
1483 2085 1735 2130 accusant

152 2177 353 2244 fratres
376 2191 522 2236 suos,
552 2172 752 2244 placuit
787 2187 872 2226 eos
911 2187 1072 2240 usque
1101 2171 1170 2222 ad
1203 2171 1402 2224 exitum
1439 2169 1736 2224 communi-

115 2305 122 2310 -
153 2282 302 2321 care.
349 2263 672 2318 Toletanum
721 2275 940 2330 quoque
971 2275 1009 2323 ι,
1046 2273 1169 2312 can.
1205 2257 1271 2313 l9
1304 2261 1505 2325 sanxit,
1542 2267 1599 2311 ut
1625 2258 1736 2327 epi-

152 2360 324 2426 scopi,
354 2357 433 2414 vel
453 2358 666 2410 diaconi
691 2355 826 2426 ﬁlia,
860 2355 907 2408 si
931 2355 1114 2408 devota
1143 2354 1324 2438 fuerit,
1353 2363 1402 2407 et
1423 2353 1734 2423 peccauerit,

155 2461 207 2506 et
245 2452 498 2518 maritum
537 2451 770 2512 duxerit,
801 2459 932 2512 etc.,
967 2450 1012 2500 si
1053 2449 1249 2502 vivente
1286 2447 1479 2499 marito
1511 2462 1736 2500 secesse-

157 2545 253 2608 rit,
286 2552 334 2596 et
369 2542 692 2612 paenituerit,
725 2539 872 2594 nullo
897 2543 1051 2594 modo
1081 2541 1184 2594 nisi
1215 2541 1324 2593 vita
1345 2537 1614 2608 deficiens,
1646 2553 1738 2590 ac-

156 2639 324 2710 cipiat
340 2637 774 2692 communionem.
793 2634 895 2689 Sed
913 2645 967 2688 et
993 2631 1334 2688 Valentinum
1355 2647 1476 2687 can.
1507 2633 1540 2687 5
1563 2632 1628 2686 de
1644 2631 1734 2696 iis,

157 2735 250 2804 qui
284 2749 340 2787 se
368 2743 484 2803 post
537 2746 700 2784 unum
741 2739 788 2782 et
819 2739 1057 2782 sanctum
1095 2727 1366 2781 lavacrum
1389 2726 1464 2780 vel
1494 2724 1737 2795 profanis

157 2823 443 2893 sacrificiis
481 2821 801 2883 daemonum,
855 2818 932 2872 vel
969 2821 1167 2872 incesta
1196 2818 1403 2870 ratione
1432 2815 1733 2884 potiuerint,

159 2916 374 2980 statuit,
400 2923 456 2967 ut
473 2913 729 2981 hisjuxta
746 2911 1004 2982 synodum
1035 2909 1333 2974 Nictenam,
1352 2907 1736 2977 satisfactionis

159 3007 374 3078 quidem
424 3007 602 3058 aditus
643 3021 741 3057 non
778 3013 1013 3072 negetur,
1043 3017 1106 3055 ne
1135 3000 1431 3072 infelicibus
1464 2999 1734 3069 lacrymis,

159 3100 240 3151 rel
264 3099 452 3152 solatii
478 3099 649 3165 janua
687 3095 1044 3162 desperatione
1077 3093 1383 3157 claudatur,
1415 3092 1590 3146 acturi
1619 3107 1738 3146 vero

161 3191 526 3256 pwnitentiam
555 3207 718 3259 usque
749 3189 801 3242 in
829 3187 967 3241 diem
1009 3188 1216 3250 mortis,
1262 3203 1363 3238 non
1397 3185 1510 3239 sine
1539 3199 1625 3253 spe
1659 3193 1739 3238 ta-

160 3297 278 3335 men
313 3283 662 3344 remissionis,
694 3291 798 3336 etc.
827 3283 885 3334 ln
909 3295 1020 3350 quo
1049 3279 1248 3334 mirum
1276 3288 1379 3344 est,
1410 3293 1534 3334 cum
1562 3276 1740 3332 Nicaz-

159 3385 269 3426 nus
302 3385 478 3426 canon
515 3371 575 3424 11
623 3371 940 3425 eorumdem
986 3385 1108 3425 reos
1140 3369 1408 3424 scelerum
1449 3369 1738 3424 duodecim

163 3465 325 3518 annis
351 3463 618 3518 duntaxat
659 3463 972 3519 satisfacere
1004 3463 1212 3534 jubeat,
1254 3473 1417 3533 atque
1445 3463 1518 3516 ita
1544 3477 1740 3516 recon-

161 3556 364 3622 ciliari,
399 3555 720 3612 Valentinos
772 3555 894 3611 illos
945 3555 1156 3620 Patres,
1205 3556 1300 3626 qui
1350 3571 1409 3610 se
1457 3553 1733 3609 Nicrenam

163 3649 436 3720 synodum
471 3649 625 3718 sequi
659 3651 1006 3720 protitentur,
1041 3657 1191 3702 tanto
1225 3647 1510 3720 rigidiores
1563 3663 1626 3702 ac
1652 3663 1740 3702 se—

163 3741 410 3795 veriores
457 3737 648 3794 fuisse.
699 3740 779 3794 Ad
831 3741 945 3796 haec
981 3741 1032 3794 in
1070 3741 1297 3812 synodo,
1340 3756 1461 3809 qua:
1511 3738 1638 3794 Side
1683 3741 1738 3795 in

163 3829 484 3901 Pamphylia
515 3840 704 3886 contra
732 3831 1091 3888 Massalianos
1137 3833 1324 3888 habita
1365 3833 1560 3904 legitur
1592 3833 1736 3904 apud

155 3923 422 3979 Photium
473 3941 525 3994 p.
579 3925 669 3990 18,
720 3923 998 3998 decretum
1055 3935 1158 3989 est,
1225 3936 1286 3982 ut
1311 3927 1563 3996 quisquis
1615 3937 1739 3995 post

155 4017 486 4071 damnatum
511 4017 650 4072 hanc
674 4017 905 4072 lneresin
935 4033 1030 4073 seu
1063 4017 1263 4082 verbis,
1296 4035 1389 4075 seu
1424 4017 1583 4074 factis
1607 4035 1739 4075 con-

159 4105 386 4175 tagione
411 4105 557 4160 illins
582 4104 842 4160 infectum
874 4123 932 4162 se
955 4121 1076 4161 esse
1105 4107 1428 4178 prodiderit,
1453 4125 1735 4180 nunquam

155 4199 219 4252 in
255 4207 536 4268 posterum
569 4198 907 4262 admittatur,
953 4201 1202 4269 quamvis
1242 4201 1442 4255 millies
1474 4217 1532 4256 se
1565 4203 1742 4272 paeni-

155 4293 396 4347 tentium
430 4293 630 4358 gradus
663 4307 853 4348 omnes
884 4295 1220 4363 expleturum
1262 4297 1542 4364 promittat
1571 4315 1583 4351 :
1619 4297 1742 4368 Μη-

157 4385 288 4439 κέτι
323 4385 504 4438 λοιπὸν
537 4385 719 4458 χώραν
751 4383 914 4456 ἔχειν,
951 4385 1070 4457 μηδ’
1109 4387 1175 4439 ἂν
1213 4390 1472 4459 μυριάκις
1505 4389 1742 4459 ἐπαγγέ-

1837 529 1988 582 spem
2021 528 2240 568 omnem
2275 509 2694 568 reconcilianda:
2733 511 2920 579 gratiae
2951 515 3274 578 praereptam
3322 503 3422 560 do-

1839 607 2077 670 cuimus,
2106 623 2174 661 ne
2203 607 2257 660 in
2285 605 2410 660 vitae
2433 603 2654 674 quidem
2687 604 2833 657 exitu
2859 610 3252 672 repraesentata
3273 613 3422 655 corr.-

1841 697 2034 752 munio
2065 698 2155 762 sit,
2186 696 2349 767 idque
2385 696 2548 766 vulgo
2579 711 2644 749 ac
2671 695 2874 765 pa'ssim
2907 694 3254 748 observatum
3295 691 3417 748 fue-

1839 793 1930 846 rit.
1970 793 2109 846 Sunt
2137 793 2230 862 qui
2263 801 2390 846 ante
2436 789 2689 862 Cypriani
2739 799 2982 859 tempora
3033 803 3240 842 morem
3271 787 3418 841 hunc

1838 883 1890 937 in
1925 881 2166 938 Ecclesia
2196 883 2438 954 viguisse
2474 891 2699 937 censent
2725 900 2738 935 :
2769 896 2877 951 quo
2907 879 3146 950 quidem,
3177 889 3237 933 ut
3269 877 3415 948 inge-

1837 991 1942 1028 nue
1976 974 2250 1043 proﬁtear,
2293 973 2616 1028 Tertulliani
2649 989 2710 1027 ac
2740 972 3097 1042 reliquorum,
3123 969 3217 1040 qui
3245 969 3412 1024 disci-

1835 1066 2000 1138 plinae
2048 1069 2208 1122 istius
2260 1067 2648 1129 meminerunt,
2695 1063 3056 1138 propensiora
3102 1063 3416 1118 testimonia

1839 1165 1987 1213 sunt.
2009 1155 2113 1214 Sed
2136 1167 2189 1214 et
2217 1158 2545 1230 Cyprianus,
2573 1159 2788 1228 quoties
2821 1159 3058 1214 instante
3089 1157 3241 1211 obitu
3265 1171 3417 1210 com-

1837 1251 2158 1304 munionem
2192 1249 2363 1319 lapsis
2408 1251 2674 1320 impartiri
2713 1249 2981 1320 praecipit,
3017 1249 3178 1303 tacite
3210 1247 3418 1318 signiﬁ-

1838 1351 1946 1405 cat.
1973 1357 2163 1398 recens
2190 1343 2322 1396 illud
2356 1357 2477 1396 esse
2509 1343 2812 1407 decretum,
2851 1349 2905 1396 et
2939 1341 3065 1411 χθὲς
3101 1341 3196 1393 καὶ
3230 1337 3426 1411 πρώην

1838 1435 1907 1489 ab
1933 1433 2180 1491 Ecclesia
2215 1436 2598 1498 constitutum,
2637 1450 2750 1506 quo
2779 1444 2932 1490 vetus
2971 1445 3024 1489 et
3055 1433 3328 1489 contraria
3350 1433 3422 1488 sit

1837 1528 2097 1598 abrogata
2137 1527 2369 1582 sanctio.
2409 1527 2658 1582 Primum
2689 1542 2833 1581 entm
2877 1526 3006 1596 quid
3039 1525 3303 1580 attinebat
3332 1525 3416 1578 la-

1837 1621 1950 1690 psis
1983 1620 2051 1675 iis
2085 1622 2178 1691 qui
2203 1619 2508 1674 libellorum
2545 1619 2800 1688 praesidio
2829 1619 3150 1678 niterentur,
3185 1619 3240 1672 in
3267 1632 3419 1672 mor-

1840 1713 1910 1766 tis
1952 1712 2330 1766 tantummodo
2376 1710 2692 1766 discrimine
2737 1709 3174 1764 communionem
3217 1723 3416 1764 conce-

1844 1803 1992 1868 dere,
2025 1817 2224 1872 negare
2255 1801 2496 1872 caeteris,
2542 1801 2590 1856 si
2633 1801 2839 1856 nemini
2891 1801 2994 1856 sub
3040 1813 3268 1854 mortem
3317 1816 3416 1855 ne-

1844 1895 2016 1966 ganda
2051 1909 2156 1964 pax
2196 1893 2374 1948 esset?
2411 1891 2616 1946 Deinde
2653 1907 2776 1946 cum
2821 1890 3100 1946 Romanus
3139 1893 3318 1946 clerus
3351 1891 3422 1945 do

1843 1985 2031 2040 eodem
2074 1985 2294 2056 negotio
2325 1984 2518 2039 scribit
2551 1985 2620 2036 ad
2654 1983 3000 2052 Cyprianum,
3031 1994 3188 2053 epist.
3221 1984 3310 2050 5i,
3350 2000 3420 2040 ex

1845 2077 1961 2144 ipsa
1985 2075 2239 2147 loquendi
2263 2077 2471 2130 ratione
2492 2090 2600 2128 non
2621 2076 2850 2130 obscure
2871 2075 3012 2130 idem
3037 2075 3376 2130 demonstrat
3400 2096 3412 2131 :

1845 2167 2032 2237 Cujus,
2067 2166 2262 2236 inquit,
2315 2166 2712 2234 temperamenti
2758 2165 3168 2220 moderationem
3201 2183 3295 2220 nos
3333 2169 3420 2220 hic

1846 2271 2019 2313 tenere
2050 2267 2366 2322 quwrentes,
2415 2259 2626 2319 diu,_et
2677 2258 2888 2328 quidem
2936 2260 3090 2311 mulli
3117 2270 3167 2312 et
3210 2261 3420 2330 quidem

1844 2369 1962 2407 cum
1996 2353 2313 2423 quibusdam
2341 2352 2596 2421 episcopis
2625 2352 2809 2406 uicinis
2839 2352 3009 2418 nobis,
3049 2365 3098 2408 et
3129 2357 3418 2425 appropin-

1843 2445 2149 2516 quantibus,
2181 2455 2228 2496 et
2259 2459 2388 2513 quos
2430 2459 2494 2497 ea:
2539 2443 2663 2496 aliis
2713 2446 2992 2514 prduinciis
3041 2445 3192 2516 longe
3231 2449 3420 2514 positi.

1841 2535 2220 2604 persecutionis
2250 2536 2407 2590 istius
2446 2535 2608 2589 ardor
2633 2536 2878 2604 ejecerat,
2924 2547 3046 2592 ante
3085 2541 3421 2594 constitutio-

1845 2644 1961 2681 nem
2005 2629 2236 2697 episcopi
2281 2627 2417 2681 nihil
2449 2627 2804 2682 innovaudum
2851 2637 3103 2698 putamus
3135 2631 3422 2704 (delapsis

1845 2719 2091 2774 videlicet
2141 2719 2509 2790 recipiendis),
2554 2720 2644 2773 sed
2675 2719 2944 2789 lapsorum
2993 2737 3175 2774 curam
3220 2725 3417 2776 medio—

1843 2815 2005 2868 criter
2047 2811 2437 2883 temperandam
2483 2830 2594 2866 esse
2627 2814 2928 2874 credimus;
2963 2821 3019 2865 ut
3045 2814 3256 2868 interim
3290 2813 3424 2867 dunt

1843 2904 2116 2974 episcopus
2162 2902 2283 2954 dari
2327 2919 2358 2954 a
2403 2899 2510 2953 Deo
2551 2899 2696 2953 nobis
2730 2902 3038 2964 sustinetur,
3079 2903 3134 2954 in
3167 2919 3422 2980 suspenso

1843 3011 2047 3058 eorum,
2075 2994 2166 3064 qui
2199 3009 2374 3046 moras
2401 3001 2620 3062 possunt
2649 2993 2925 3048 dilationis
2958 2997 3232 3059 sustinere,
3256 3013 3422 3048 causa

1767 3127 1808 3185 α
1847 3098 2114 3150 teneatur;
2139 3102 2319 3140 eorum
2343 3096 2537 3148 autem,
2583 3102 2803 3154 quorum
2839 3087 2960 3140 vitm
2987 3103 3098 3141 sua:
3124 3087 3284 3156 ﬁnem
3323 3103 3419 3140 ur-

1846 3197 1969 3250 gens
1999 3182 2170 3233 exitus
2203 3179 2516 3231 dilationem
2560 3193 2662 3230 non
2701 3189 2866 3244 pateat
2909 3179 3068 3246 ferre,
3102 3188 3220 3232 acta
3257 3179 3422 3248 pretii-

1847 3273 2010 3326 tentia
2050 3281 2098 3326 et
2121 3271 2361 3342 professa
2395 3271 2694 3340 frequenter
2726 3267 2942 3324 subrum
2978 3272 3322 3328 detestatione
3346 3274 3426 3343 fa.

1847 3377 2076 3428 ctorum,
2105 3365 2152 3417 si
2186 3363 2460 3432 lacrymis,
2497 3362 2543 3414 si
2580 3363 2888 3431 gemitibus,
2914 3363 2960 3416 si
2987 3361 3198 3432 ﬂetibus
3237 3363 3425 3418 dolen-

1850 3459 1918 3509 tis
1972 3472 2034 3508 ac
2071 3471 2182 3509 rere
2213 3453 2510 3524 paenitentis
2543 3454 2707 3506 animi
2737 3455 2888 3523 signa
2922 3455 3270 3522 prodiderint,
3305 3473 3425 3510 cum

1847 3565 1960 3618 spes
1987 3547 2190 3602 vivendi
2218 3547 2506 3600 secundum
2531 3547 2794 3599 hominem
2820 3545 2969 3598 nulla
2997 3547 3312 3610 substiterit,
3343 3547 3426 3602 ita

1847 3641 2056 3694 demum
2081 3651 2232 3693 caute
2248 3649 2296 3693 et
2319 3641 2545 3694 sollicite
2563 3638 2846 3692 subveniri.
2871 3639 3035 3694 Vides
3052 3655 3214 3708 quam
3239 3641 3424 3706 anxie,

1848 3750 2122 3805 quamque
2147 3733 2406 3796 sollicite,
2435 3749 2496 3786 ac
2519 3742 2638 3802 post
2669 3733 2884 3800 longam
2915 3741 3268 3801 exactamque
3301 3747 3428 3786 cono

1850 3825 2224 3892 sultalioncm,
2254 3840 2318 3878 eo
2353 3824 2571 3878 demum
2610 3823 2950 3887 inclinarinl,
2982 3832 3043 3876 ut
3073 3823 3432 3894 periclitanti.

1849 3917 1976 3981 bus,
2023 3932 2087 3970 ac
2123 3917 2422 3985 desperatis
2455 3915 2669 3984 potius,
2714 3915 3158 3970 communionem
3208 3913 3428 3970 confer-

1849 4017 1990 4064 rent.
2028 4009 2104 4063 De
2141 4024 2251 4079 quo
2287 4010 2472 4078 utique
2497 4009 2906 4062 deliberandum
2939 4024 3045 4062 non
3075 4015 3213 4073 erat,
3243 4007 3290 4062 si
3312 4016 3426 4062 tum

1849 4103 2146 4174 legitimum
2176 4114 2228 4156 et
2253 4101 2512 4155 usitatum
2539 4109 2702 4164 esset,
2747 4102 3016 4155 neminem
3043 4100 3097 4154 in
3126 4101 3272 4154 exitu
3303 4099 3429 4154 vita:

1851 4211 1882 4250 a
1911 4195 2296 4251 communione
2325 4193 2622 4264 prohiberi.
2663 4191 2865 4247 Eadem
2907 4207 2975 4246 ex
3025 4190 3268 4262 Dionysii
3296 4189 3426 4245 Ale-

1851 4289 2102 4344 xandrini
2145 4287 2326 4342 verbis
2367 4287 2684 4357 conjectura
2733 4293 2910 4354 potest
2958 4285 3104 4347 elici,
3138 4283 3232 4353 qui
3282 4281 3426 4354 apud

1853 4383 2053 4440 Euseb.
2089 4383 2182 4437 lib.
2215 4397 2266 4435 vt
2299 4397 2422 4450 cap.
2455 4379 2565 4452 pp,
2604 4379 2687 4432 vel
2713 4378 2781 4434 56
2807 4379 2859 4432 in
2889 4378 2977 4430 illa
3008 4375 3322 4448 Serapionis
3345 4377 3429 4432 hi-

153 4477 347 4549 ληται,
381 4475 478 4548 τὴν
503 4477 655 4543 τάξιν
682 4475 1028 4548 ἀναπληροῦν
1056 4477 1164 4531 τῶν
1201 4479 1618 4550 μετανοούντων.
1654 4479 1738 4536 Sic

1853 4478 2044 4540 storia,
2073 4473 2140 4530 de
2166 4490 2276 4543 qua
2312 4473 2568 4543 superius
2603 4472 2935 4526 mentionem
2963 4472 3196 4540 egimus.
3235 4469 3428 4526 scribit

159 4569 312 4638 apud
341 4565 632 4623 Eusebium
656 4567 750 4622 lib.
777 4583 828 4621 vt
867 4569 1010 4622 Hist.
1048 4583 1099 4624 c.
1142 4569 1230 4641 μβ¹
1258 4572 1340 4624 vel
1373 4571 1442 4625 56
1476 4571 1742 4643 Serapion

161 4677 359 4726 senex,
401 4663 485 4716 vir
517 4663 790 4734 egregius,
827 4663 974 4732 quod
1027 4663 1081 4717 in
1134 4665 1510 4733 persecutione
1559 4665 1745 4736 lapsus

160 4762 334 4816 esset,
381 4753 598 4807 tametsi
641 4755 1082 4809 communionem
1121 4770 1361 4824 persaepe
1395 4759 1743 4827 postulasset,
1775 4805 1790 4818 .

161 4859 450 4914 nunquam
493 4855 575 4900 est
603 4846 876 4900 admissus
902 4864 915 4900 :
951 4841 1118 4912 Οὗτος
1144 4847 1405 4913 πολλάκις
1431 4849 1620 4916 ἐδεῖτο,
1650 4853 1744 4906 καὶ

159 4937 346 5001 οὐδεὶς
373 4941 662 5009 προσεῖχεν
684 4939 856 5010 αὐτῷ,
894 4940 988 4993 καὶ
1013 4939 1122 5012 γὰρ
1156 4940 1420 5007 ὲτεθύκει,
1449 4950 1512 4996 ut
1541 4944 1610 4996 ad
1632 4941 1746 4996 Fa-

165 5033 318 5086 bium
345 5033 534 5088 scribit
565 5031 853 5104 Dionysius
879 5034 1292 5104 Alexandr.,qui
1317 5033 1602 5090 Novatiani
1645 5037 1746 5092 ad-

163 5139 345 5194 eoque
390 5125 643 5197 Cypriani
700 5133 859 5179 aztate
909 5125 1113 5180 ﬂoruit.
1167 5125 1328 5180 Addit
1390 5128 1746 5184 nihilominus

163 5215 466 5289 Dionysius
523 5217 910 5273 moribundum
951 5217 1066 5288 jam
1115 5217 1465 5288 Serapionem
1520 5237 1550 5274 a
1596 5237 1655 5276 se
1690 5223 1748 5277 in

165 5309 612 5366 communionem
652 5319 952 5378 receptum.
986 5307 1114 5364 Haec
1153 5319 1203 5362 et
1247 5310 1352 5363 alia
1393 5311 1647 5380 superius
1679 5327 1746 5365 ex

164 5401 544 5472 antiquiorum
563 5402 888 5456 auctoritate
909 5401 1076 5455 libata
1103 5401 1324 5471 planum
1351 5403 1494 5456 istud
1517 5401 1745 5468 faciunt,

167 5507 568 5564 nonnunquam
609 5483 1010 5548 absolutionem
1058 5494 1484 5564 postulantibus,
1531 5509 1596 5548 ex
1642 5509 1746 5548 usu

163 5585 370 5640 veteris
401 5584 658 5640 Ecclesia:
698 5586 1018 5656 denegatam
1061 5585 1260 5653 fuisse;
1294 5587 1403 5642 imo
1437 5603 1567 5642 vero
1595 5604 1660 5642 ne
1688 5587 1744 5642 in

165 5691 290 5744 ipso
323 5676 539 5747 quidem
575 5679 768 5733 mortis
811 5679 1054 5748 periculo
1085 5679 1360 5748 plerisque
1398 5694 1741 5736 concessam.

165 5766 268 5822 ilic
301 5767 465 5839 justis
513 5769 579 5824 de
621 5773 804 5826 causis
852 5769 1170 5841 ambigitur,
1220 5779 1400 5823 utrum
1441 5771 1744 5826 austeriore

1849 4569 2114 4639 optimum
2165 4567 2318 4620 illum
2367 4581 2552 4620 senem
2605 4564 3077 4636 appropinquante
3113 4561 3228 4632 jam
3275 4562 3426 4616 obitu

1848 4678 2077 4733 puerum
2120 4661 2186 4715 ad
2232 4659 2610 4731 presbyterum
2652 4659 2911 4712 misisse:
2946 4657 3198 4726 Ἑντολῆς
3231 4657 3288 4710 δὲ
3333 4655 3427 4710 ὑπ’

1850 4753 1986 4826 ἐμοῦ
2015 4753 2324 4824 δεδομένης,
2367 4754 2492 4816 τοὺς
2523 4749 3036 4820 ἀπαλλαττομένους
3068 4749 3164 4802 τοῦ
3205 4747 3342 4820 βίον,
3376 4749 3426 4801 εἰ

1848 4843 2073 4910 δέοιντο,
2117 4843 2212 4898 καὶ
2263 4845 2496 4916 μάλιστα
2529 4845 2575 4896 εἰ
2611 4843 2706 4898 καὶ
2751 4843 3015 4914 πρότερον
3050 4842 3428 4904 ἱκετεύσαντες

1847 4937 2087 5009 τύχοιεν,
2134 4924 2388 5007 ἀφίεοοαι
2419 4978 2436 5003 ,
2485 4936 2573 4990 ἵνα
2631 4934 2908 4998 εὐέλπιδες
2953 4933 3424 4988 ἀπαλλάττωνται.

1852 5031 2107 5085 Mandata
2147 5047 2177 5082 a
2209 5046 2308 5094 me,
2339 5029 2537 5098 inquit,
2570 5028 2731 5092 edito,
2769 5036 2825 5079 ut
2850 5027 2939 5096 qui
2971 5040 3034 5080 ea:
3059 5026 3158 5078 hac
3176 5026 3282 5078 vita
3313 5025 3428 5078 dis-

1850 5125 2087 5179 cederent
2147 5123 2500 5192 lpaanitentes
2530 5121 2738 5176 scilicet
2765 5135 2830 5173 ac
2853 5119 3035 5188 lapsi),
3069 5121 3116 5172 si
3151 5119 3206 5170 id
3241 5127 3425 5186 postu-

1850 5213 2041 5278 larent,
2090 5215 2322 5282 adeoque
2359 5221 2480 5264 ante
2512 5211 2819 5279 suppliciter
2851 5219 3142 5280 rogassent,
3194 5208 3429 5262 absolue-

1850 5313 2054 5370 rentur,
2102 5319 2202 5372 quo
2253 5301 2460 5355 meliori
2511 5316 2628 5353 cum
2676 5315 2764 5369 spe
2808 5300 3112 5368 migrarent.
3147 5295 3430 5352 Postremo

1851 5411 1976 5450 cum
2027 5395 2080 5448 in
2125 5397 2412 5464 Ancyrana
2437 5381 2668 5465 'synodo
2712 5406 2837 5445 can.
2868 5401 2992 5444 ante
3026 5391 3197 5443 citato
3225 5403 3430 5458 praece-

1850 5499 2001 5560 ptum
2035 5489 2126 5552 sit,
2160 5497 2218 5543 ut
2253 5487 2540 5541 homicidae
2564 5500 2670 5539 non
2699 5483 2802 5537 nisi
2837 5483 2939 5536 sub
2972 5492 3202 5536 mortem
3233 5497 3430 5536 recon-

1851 5585 2126 5648 cilientur,
2159 5567 2481 5652 argumento
2521 5589 2622 5642 est,
2661 5577 2790 5632 olim
2824 5593 2892 5631 ne
2917 5577 2972 5630 in
3005 5584 3179 5632 morte
3209 5575 3428 5646 quidem

1851 5691 2038 5746 pacem
2075 5675 2180 5728 illis
2214 5674 2383 5728 fuisse
2416 5687 2758 5728 concessam.
3315 5745 3318 5748 ν

1933 5767 2036 5823 Sed
2085 5767 2214 5822 huic
2259 5765 2546 5821 assertioni
2603 5765 2849 5820 nonnihil
2901 5763 3160 5834 refragari
3199 5747 3432 5826 videtur,
