3832 6220
389 238 526 296 ίθὲτ

1483 225 1831 284 ΑΡΡΕΝΒΙΧ
1871 215 2500 280 DlSSEllTATlONUM.

3535 209 3665 264 1098

385 357 530 431 quod
564 356 616 410 in
645 371 838 425 magna
861 353 1080 408 Niczeua
1105 352 1315 424 synodo
1348 366 1471 406 can.
1503 349 1570 402 15
1593 347 1865 402 sancitum
1893 345 1958 398 le—
1997 347 2040 405 Α
2071 340 2314 410 omnique
2346 338 2584 399 [νεανία.
2617 333 2914 389 damnabili
2936 333 3149 405 quidem
3173 325 3664 431 apud-geminam.

385 453 531 523 gitur
556 468 568 503 :
592 450 727 520 Περὶ
756 449 810 501 δὲ
837 447 947 500 τῶν
980 445 1334 510 ὲξοδευόντων
1363 446 1391 497 ὁ
1423 442 1648 504 παλαιὸς
1682 441 1777 492 καὶ
1807 455 1968 492 κανο-

385 539 534 602 ν.κὺ;
562 537 726 608 νόμος
757 535 1164 607 φυλαχθήσεται
1211 535 1304 587 καὶ
1343 532 1460 595 νῦν,
1501 531 1642 585 ὥστε
1682 528 1735 582 εἴ
1768 546 1850 592 τις
1879 526 1968 591 ἐξ·

386 629 590 692 οδεύοι,
651 628 744 681 τοῦ
786 627 1098 680 τελευταίου
1149 626 1244 680 καὶ
1277 622 1711 693 ἀναγκαιοτάτου
1757 619 1969 689 ὲφοδίου

390 720 466 792 μὴ
503 718 942 790 ἀποστερεῖσθαι.
978 718 1227 788 Appellat
1269 714 1498 770 παλαιὸν
1550 713 1642 767 καὶ
1689 709 1972 766 κανονικὸν

387 811 577 882 νόμον,
629 825 741 880 quo
787 809 1133 864 moribundis
1177 807 1412 862 dandam
1449 819 1637 875 pacem
1679 818 1802 858 esse
1835 817 1972 872 prae-

390 902 684 968 scribitur;
725 901 872 971 quod
907 910 1091 955 utrum
1123 899 1190 952 ad
1225 914 1401 952 sevum
1432 895 1689 969 Cypriani
1722 890 1972 963 restringi

391 994 606 1055 debeat,
672 991 904 1061 amplius
958 990 1330 1061 cogitandutn.
1382 988 1652 1043 Cmterum
1711 987 1778 1040 ad
1832 985 1973 1054 ejus,

393 1097 557 1150 quam
597 1081 877 1149 hucusque
903 1078 1401 1134 demonstravimus
1435 1076 1760 1137 severitatis,
1802 1091 1865 1130 ac
1893 1090 1981 1128 nc-

395 1182 530 1240 gat-r
573 1170 975 1228 communionis
1020 1171 1179 1224 ﬁdem
1224 1170 1492 1239 pertinet;
1536 1169 1680 1236 quod
1718 1167 1978 1235 deinceps

394 1261 622 1316 uberius
647 1260 1038 1330 disputandum
1072 1261 1230 1315 nobis
1269 1270 1372 1325 est,
1409 1259 1624 1328 publica
1663 1257 1832 1313 semel
1862 1271 1980 1326 pm—

396 1354 622 1409 nitentia
655 1351 949 1416 defunctis,
1001 1351 1046 1406 si
1093 1353 1280 1406 eadem
1325 1352 1377 1404 in
1411 1351 1641 1406 erimina
1675 1349 1983 1402 relaberen-

400 1455 507 1506 tur,
540 1459 757 1498 onmem
785 1443 850 1497 ad
915 1444 1286 1512 pcenitentiam
1320 1457 1384 1496 ac
1411 1457 1598 1510 pacem
1628 1440 1832 1493 aditum
1870 1454 1984 1492 ma-

393 1537 546 1607 jores
575 1547 792 1590 nostros
823 1533 1222 1597 interclusisse,
1268 1543 1364 1587 aut
1411 1549 1552 1602 :egre
1585 1530 1878 1586 admodum
1921 1545 1985 1584 ac

397 1643 525 1683 raro
573 1627 851 1682 tribuisse.

2068 433 2159 486 sed
2187 429 2330 499 apud
2363 428 2602 483 homines
2637 429 2910 496 plerosque
2941 425 3104 478 etiam
3145 418 3454 475 laudabili.
3488 417 3596 467 Aut
3630 420 3667 467 si

2071 540 2152 577 me
2184 523 2249 576 ab
2283 524 2381 576 hac
2412 521 2648 591 nequitia
2687 519 2965 580 revocatis,
2994 515 3159 570 dicite
3190 525 3381 567 utrum
3420 509 3551 561 mihi
3579 509 3671 560 ali-

2071 615 2198 686 quid
2237 615 2406 684 prosit
2451 616 2520 666 ad
2560 614 2724 665 vitam
2761 613 3033 681 futuram,
3076 610 3121 663 si
3163 623 3220 659 in
3270 605 3384 658 ista
3429 603 3540 655 vita
3567 601 3672 653 illc;-

2074 702 2455 756 cebrosissimte
2483 700 2769 769 voluptatis
2796 699 3158 752 blandimenta
3193 704 3590 755 contempsere,
3631 693 3670 742 si

2075 794 2358 848 libidinum
2389 795 2735 848 incitamenta
2773 791 3069 861 frenavero,
3099 792 3144 844 si
3187 791 3257 843 ad
3298 787 3667 856 castigandam

2076 903 2266 957 corpus
2297 903 2466 940 meum
2494 885 2665 939 multa
2699 887 2826 939 mihi
2854 886 3014 940 etiam
3043 884 3195 936 licita
3225 891 3275 935 et
3313 895 3568 933 concessa
3590 895 3642 930 ne

2077 997 2293 1052 gavero,
2320 980 2365 1034 si
2399 995 2479 1032 me
2512 977 2810 1048 paenitendo
2841 994 2998 1048 quam
3021 977 3170 1045 prius
3200 974 3570 1029 vehementius
3590 988 3667 1024 ex-

2079 1072 2412 1134 cruciavero;
2447 1075 2493 1124 si
2525 1067 2883 1122 miserabilius
2918 1069 3243 1138 iagemuero,
3272 1065 3322 1118 si
3344 1063 3543 1132 ﬂevere
3562 1061 3667 1112 ube-

2081 1165 2218 1232 rius,
2246 1165 2293 1218 si
2323 1165 2502 1217 vixero
2533 1162 2742 1226 melius,
2783 1163 2830 1217 si
2865 1177 3119 1230 pauperes
3169 1167 3546 1212 sustentavero
3573 1153 3667 1204 lar-

2083 1261 2224 1330 gius,
2254 1259 2300 1313 si
2331 1260 2617 1322 charitate,
2653 1273 2769 1327 qua:
2798 1259 2966 1326 operit
2995 1252 3409 1307 multitudinem
3441 1257 3668 1318 peccato-

2083 1369 2223 1413 rum,
2269 1353 2559 1422 ﬂagravere
2603 1351 2879 1403 ardentius
2904 1366 2923 1402 :
2946 1349 3060 1418 quis
3084 1354 3336 1399 nostrum
3363 1344 3446 1395 ita
3471 1341 3665 1408 desipit,

2084 1453 2141 1495 ut
2179 1443 2299 1495 huic
2334 1441 2534 1495 homini
2579 1441 2722 1494 dicat
2758 1456 2776 1493 :
2813 1438 2965 1492 Nihil
3010 1438 3104 1490 tibi
3145 1437 3256 1489 ista
3301 1433 3597 1504 proderunt
3625 1435 3666 1481 in

2086 1545 2384 1603 posterum;
2416 1533 2562 1597 vade,
2601 1533 2783 1586 saltent
2817 1531 2974 1600 hujus
3009 1531 3128 1583 vita:
3154 1527 3428 1581 suavitate
3452 1523 3667 1592 perfrue-

2089 1629 2180 1680 re?
2223 1629 2436 1682 Avertat
2483 1626 2624 1682 Deus
2658 1636 2766 1679 tam
2795 1626 3079 1678 immanem
3110 1620 3547 1690 sacrilegamque
3591 1617 3665 1666 de-

402 1740 780 1794 Paenitentiam
823 1755 885 1792 ac
926 1752 1106 1807 pacem
1158 1734 1336 1807 semel,
1377 1751 1456 1807 an
1507 1733 1698 1801 sa‘pius
1745 1729 1985 1786 Ecclesia
2013 1707 2061 1766 Β
2089 1717 2376 1770 malum"!
2421 1715 2673 1781 Quamvis
2717 1732 2839 1785 9'90
2871 1723 3020 1767 σαυιε
3069 1712 3470 1778 salubri“?qu
3511 1707 3669 1807 Ρτοῑείῖ

947 1818 1090 1861 vetus
1128 1804 1431 1858 indulserit.

470 1900 590 1956 Non
645 1901 710 1955 ad
756 1900 1136 1970 antiquissima
1183 1898 1358 1952 solum
1406 1912 1470 1951 ac
1515 1895 1785 1950 severiora
1854 1903 1990 1947 tem-

404 2008 538 2064 pora
578 1990 848 2046 dubitatio
891 1991 991 2045 ista
1027 1987 1278 2058 pertinet,
1339 1987 1430 2040 sed
1463 1988 1628 2040 etiam
1664 1985 1987 2054 posteriora,

403 2085 706 2153 eademque
736 2083 1108 2138 commodiora
1145 2080 1543 2148 complectitur.
1591 2076 1699 2131 Nec
1727 2079 1792 2130 dc
1818 2076 1993 2146 pteni-

411 2177 596 2232 tentia:
621 2190 819 2246 genere
854 2174 1026 2238 omni,
1064 2173 1155 2228 sed
1185 2171 1251 2226 de
1283 2172 1372 2225 illa
1406 2171 1519 2224 sola
1556 2170 1839 2240 quaeritur,
1873 2184 1993 2238 qua:

407 2269 480 2322 ob
510 2270 776 2322 atrociora
818 2265 1015 2319 delicta
1060 2265 1276 2334 publice
1316 2263 1710 2332 susciperetur,
1749 2261 1836 2314 cui
1870 2275 1994 2329 pro--

411 2359 528 2428 prie
562 2375 666 2429 pax
699 2367 752 2412 et
786 2356 1162 2411 reconciliatio
1212 2353 1548 2424 respondere
1592 2356 1809 2409 dicitur.
1863 2353 1994 2407 Eam

410 2467 542 2506 vero
596 2451 762 2507 semel
815 2451 869 2503 in
923 2449 1073 2503 omni
1127 2449 1233 2500 vita
1286 2448 1632 2517 permissam,
1666 2447 1992 2517 jampridem

410 2544 612 2600 eruditi
651 2543 752 2598 viri
791 2543 1118 2598 docuerunt.
1163 2538 1298 2594 Nam
1339 2552 1392 2595 et
1426 2539 1572 2594 istud
1606 2541 1783 2608 ipsum
1814 2554 1878 2593 ex
1908 2554 1996 2592 ve-

412 2637 737 2694 tustissimis
760 2635 1017 2690 Patribus
1043 2634 1419 2689 Tertulliauus
1437 2677 1451 2700 ,
1505 2649 1572 2688 ex
1599 2633 1997 2702 posterioribus

412 2730 758 2801 Augustinus
781 2740 835 2782 et
877 2727 1206 2782 Ambrosius
1245 2727 1606 2782 disertissime
1637 2727 1816 2781 testati
1847 2736 1991 2782 sunt.

415 2823 737 2877 Tertulliani
779 2837 845 2876 ex
878 2822 973 2876 lib.
1011 2821 1082 2874 De
1104 2822 1286 2890 prenit.
1319 2820 1484 2874 verba
1517 2829 1682 2874 sunt:
1708 2817 1999 2873 Collocavit

416 2917 470 2967 in
505 2913 762 2968 vestibulo
787 2913 1152 2982 panitentiam
1184 2911 1488 2974 secundam,
1520 2927 1638 2982 qua:
1663 2910 1998 2980 pulsantibus

416 3007 748 3075 patefaciet;
787 3005 877 3058 sed
914 3005 1032 3074 jam
1081 3003 1261 3066 semel,
1293 3002 1419 3072 quia
1450 3001 1566 3070 jam
1615 3004 1879 3066 secundo;
1909 2999 1999 3054 sed

419 3098 649 3167 amplius
702 3113 993 3167 nunquam,
1050 3095 1177 3165 quia
1214 3094 1451 3162 proxime
1495 3092 1724 3161 frustra.
1773 3090 2003 3161 Scripsit

420 3199 606 3242 autem
638 3192 785 3242 hunc
808 3188 1007 3241 librum
1035 3185 1409 3239 'l‘ertullianus
1438 3193 1732 3254 antequam
1757 3185 1823 3238 ad
1847 3182 2002 3236 Mon-

424 3281 536 3334 tani
576 3280 774 3351 dogma
804 3279 1154 3345 descisceret,
1210 3293 1277 3334 ne
1307 3277 1432 3348 quis
1467 3277 1522 3331 in
1555 3292 1621 3331 eo
1671 3277 2004 3332 cavillationi

425 3375 580 3428 locus
617 3385 740 3426 esse
786 3369 993 3440 possit;
1031 3370 1192 3441 idque
1236 3371 1370 3426 satis
1404 3373 1518 3442 ipse
1544 3388 1640 3442 per
1674 3388 1793 3428 sese
1820 3373 2005 3428 deela-

426 3475 533 3533 rat,
571 3480 889 3536 quanquam
921 3474 1102 3518 utrum
1139 3463 1461 3519 Tertulliani
1490 3465 1583 3530 sit,
1629 3464 1894 3521 Erasmus
1941 3481 2005 3520 ac

427 3559 729 3613 Rhenanus
760 3556 1064 3626 ambigunt.
1112 3554 1224 3612 Nec
1267 3557 1606 3612 dilIitendum
1642 3568 1727 3614 est
1752 3558 2004 3613 dissimili

427 3667 460 3705 a
487 3647 700 3705 caeteris
731 3648 871 3719 stylo
900 3663 1024 3703 esse
1070 3649 1466 3717 conscriptum,
1521 3665 1588 3704 ac
1636 3650 1797 3718 paulo
1845 3649 2008 3704 dilfu-

431 3747 603 3809 siore,
631 3758 793 3814 quam
825 3752 1020 3796 auctor
1052 3743 1142 3796 ille
1175 3741 1364 3796 soleat.
1408 3741 1514 3796 Sed
1549 3741 1664 3797 sive
1690 3741 2010 3799 Tertulliani

433 3837 528 3901 sit,
572 3835 720 3906 quod
760 3832 1119 3887 verisimilius
1159 3847 1283 3887 cum
1319 3831 1562 3887 Pamelio
1592 3849 1714 3889 esse
1741 3836 2009 3905 suspicor,

433 3929 552 3983 sive
601 3926 863 3991 alterius;
908 3923 1268 3978 vetustissimi
1315 3924 1474 3994 plane
1512 3925 1798 3995 scriptoris
1839 3937 1921 3982 est
1960 3937 2014 3983 et

438 4018 662 4074 eruditi.
699 4016 867 4071 Multo
913 4015 964 4068 id
1006 4015 1250 4084 apertius
1292 4016 1460 4070 tradit
1489 4019 1827 4086 Augustinus
1852 4019 2010 4088 epist.

433 4113 583 4180 54,a
625 4123 735 4179 quo
775 4123 899 4163 cum
947 4104 1296 4160 Macedonius
1341 4107 1560 4176 quidam
1604 4108 1684 4162 vir
1722 4109 2016 4178 primarius

434 4205 724 4275 qumsissct
763 4209 945 4254 utrum
991 4200 1210 4267 pietatis
1290 4210 1504 4270 putaret
1554 4215 1699 4266 esse,
1745 4203 2016 4273 episcopis

439 4312 658 4351 reorum
689 4309 883 4364 pcenas
906 4291 1328 4362 deprecantibus
1353 4309 1613 4359 annuere,
1650 4294 1831 4364 itaque
1861 4295 2020 4349 dubi-

2088 1823 2205 1860 sum
2242 1808 2332 1868 sit,
2369 1819 2420 1859 ut
2461 1807 2608 1860 locus
2646 1807 2792 1859 illius
2828 1804 3143 1856 humillima:
3170 1800 3508 1867 paenitentia!
3533 1794 3669 1849 semel

2088 1901 2142 1952 in
2168 1898 2404 1953 Ecclesia
2439 1901 2780 1964 concedatur,
2819 1915 2882 1951 ne
2920 1897 3180 1950 medicina
3213 1894 3337 1948 vilis
3370 1902 3510 1945 esset
3535 1907 3672 1958 agro-

2092 1992 2184 2059 tis,
2208 2009 2324 2061 qute
2355 2002 2504 2045 tanto
2528 1992 2697 2061 magis
2724 1990 2952 2044 salubris
2985 1999 3084 2052 est,
3119 1996 3323 2058 quanto
3363 1985 3548 2036 minus
3568 1998 3672 2035 con-

2093 2085 2398 2154 temptibilis
2434 2086 2616 2155 fuerit,
2658 2085 2774 2155 quis
2811 2095 2986 2137 tamen
3016 2084 3210 2136 audeat
3243 2081 3426 2132 dicere
3460 2095 3480 2131 :
3516 2076 3672 2141 Quare

2092 2179 2213 2232 huic
2239 2180 2460 2243 homini,
2492 2179 2582 2248 qui
2608 2187 2724 2246 post
2757 2177 2984 2246 primam
3013 2173 3387 2245 paenitentiam
3423 2185 3610 2222 rursus
3632 2186 3673 2221 se

2093 2271 2295 2340 laqueis
2353 2273 2656 2342 ittiquitatis
2709 2271 3012 2339 obstringit,
3072 2269 3248 2322 adhuc
3305 2269 3505 2320 iterum
3567 2281 3674 2332 por-

2095 2366 2210 2419 cis?
2233 2375 2336 2420 etc.
2367 2364 2676 2434 Augustino
2700 2353 3030 2433 sull‘ragatur
3058 2361 3396 2414 Ambrosius
3426 2358 3526 2411 lib.
3554 2371 3591 2408 ll
3617 2356 3675 2408 De

2094 2460 2428 2529 pwnit.,cap.
2458 2457 2524 2511 i0
2558 2477 2570 2512 :
2600 2457 2793 2512 Merito
2835 2456 3312 2527 reprehenduntur,
3359 2454 3456 2522 qui
3502 2452 3677 2518 sa'pius

2097 2551 2359 2621 agendam
2404 2552 2765 2620 prenitentiam
2816 2559 3029 2620 putant,
3074 2549 3201 2617 quia
3247 2546 3603 2599 (uariantur
3633 2544 3678 2592 in

2098 2643 2331 2718 Christp.
2355 2641 2497 2696 Nam
2526 2645 2571 2696 si
2595 2659 2707 2697 vere
2735 2653 2944 2713 agerent
2969 2641 3356 2711 paenitentiam,
3391 2636 3680 2690 iterandam

2100 2754 2202 2790 non
2245 2748 2514 2805 putarent,
2560 2738 2686 2806 quia
2731 2738 2866 2789 sicut
2911 2752 3072 2789 unum
3123 2735 3414 2800 baptisma,
3465 2732 3546 2784 ita
3588 2746 3682 2782 sua

2099 2828 2445 2898 paznitentia;
2483 2842 2602 2896 qute
2636 2837 2808 2880 tamen
2847 2826 3054 2896 publice
3096 2827 3275 2893 agitur
3302 2839 3320 2876 :
3359 2839 3486 2875 nam
3515 2824 3680 2891 quoti-

2102 2921 2249 2976 diani
2271 2938 2364 2975 nos
2397 2920 2548 2974 debet
2574 2922 2820 2990 paenitere
2848 2919 3084 2988 peccati;
3109 2917 3198 2971 sed
3231 2917 3344 2970 [nec
3377 2916 3682 2969 delictorum

2107 3013 2379 3074 leviorum,
2407 3011 2504 3065 illa
2536 3012 2860 3082 graviorum.
2894 3009 3122 3063 Demum
3155 3006 3429 3078 Origenes
3463 3006 3683 3060 hom.l5

2103 3104 2156 3158 in
2187 3121 2292 3159 xxv
2344 3119 2464 3174 cap.
2497 3102 2667 3156 Levit.
2705 3123 2716 3156 :
2744 3100 2807 3155 In
2839 3101 3165 3171 gravioribus
3203 3101 3350 3153 enim
3383 3098 3684 3151 criminibus

2104 3196 2264 3250 semel
2295 3206 2522 3259 tantum,
2549 3195 2630 3248 vel
2658 3211 2782 3248 raro
2814 3193 3136 3262 paenitentia
3165 3191 3486 3243 conceditur
3505 3188 3640 3240 locus
3665 3204 3684 3252 ,°

2107 3289 2212 3341 ista
2236 3304 2354 3342 vero
2381 3287 2701 3350 communia,
2725 3303 2842 3356 qua:
2869 3285 3168 3354 frequenter
3191 3283 3543 3346 incurrimus,
3567 3296 3687 3333 sem-

2106 3397 2196 3452 per
2229 3380 2593 3450 ptenitentiam
2625 3379 2905 3448 recipiunt,
2937 3385 2987 3430 et
3029 3377 3140 3430 sine
3172 3375 3570 3428 intermissione
3606 3389 3685 3424 re-

2106 3475 2399 3526 dimuntur.
2421 3471 2596 3537 Quam
2620 3470 2799 3526 czeteri
2820 3483 3099 3537 nunquam
3123 3467 3309 3521 iterari
3333 3465 3684 3529 contendunt,

2109 3563 2368 3633 Origenes
2401 3563 2693 3628 interdum,
2742 3561 2836 3616 sed
2886 3575 3036 3625 raro,
3076 3559 3201 3630 plus
3229 3558 3405 3613 semel
3445 3558 3686 3613 adhiberi

2111 3649 2402 3725 signiﬁcat.
2454 3653 2639 3721 Quare
2683 3654 2773 3708 hic
2829 3653 2983 3707 locus
3049 3652 3282 3723 insignis
3332 3659 3440 3706 est.
3500 3648 3686 3704 Verum

2110 3746 2476 3810 Alexandria,
2500 3754 2661 3816 atque
2685 3745 2738 3798 iu
2772 3745 2914 3808 aliis,
2943 3745 2988 3799 si
3019 3743 3177 3806 forte,
3201 3741 3502 3812 provinciis
3525 3743 3690 3796 diver-

2114 3855 2235 3894 sum
2258 3849 2421 3908 atque
2479 3838 2532 3892 in
2585 3837 2799 3894 caeteris
2851 3851 3010 3893 usum
3046 3835 3221 3890 fuisse
3259 3835 3549 3905 probabile
3593 3842 3688 3888 est.

2113 3929 2301 4001 Neque
2333 3931 2502 3995 enim,
2531 3931 2746 4001 opinor,
2795 3929 3112 3999 posterioris
3147 3927 3326 3982 aetatis
3353 3925 3584 3996 rigidior
3611 3925 3687 3978 di-

2116 4026 2347 4096 sciplina
2366 4025 2486 4088 fuit,
2507 4035 2587 4089 ut,
2619 4039 2743 4078 cum
2765 4035 2926 4078 antea
2953 4021 3287 4092 paenitentiae
3306 4036 3371 4076 ac
3386 4019 3690 4076 reconcilia-

2119 4119 2281 4174 tionis
2333 4116 2595 4171 iterandre
2644 4123 2884 4184 potestas
2943 4115 3113 4176 lieret,
3169 4126 3234 4166 ea
3291 4119 3421 4180 post
3468 4109 3690 4178 primam

2120 4210 2379 4278 deinceps
2407 4207 2587 4277 negari
2614 4205 2854 4276 eruperit.
2885 4203 2961 4258 Ita
2989 4203 3208 4272 quidem
3232 4200 3690 4272 pronuntiandum

2119 4303 2354 4365 videtur,
2393 4301 2496 4354 nisi
2529 4300 2684 4353 aliter
2715 4298 2963 4367 Origeuis
2992 4295 3176 4351 Graeca
3207 4311 3266 4349 se
3312 4293 3576 4357 habeant,
3610 4302 3693 4346 aut

437 4399 645 4443 tasset:
673 4385 817 4438 Nam
849 4387 895 4438 si
925 4402 958 4438 a
987 4385 1214 4437 Domino
1247 4395 1460 4454 peccata
1493 4385 1623 4440 adeo
1655 4387 2016 4455 prohibentur,
2050 4410 2100 4470 ι)
2124 4395 2214 4450 hic
2243 4395 2362 4464 ejus
2387 4393 2544 4447 locus
2571 4391 2935 4460 interpolatus
2961 4388 3157 4442 fuerit:
3187 4403 3310 4441 nam
3337 4387 3390 4440 in
3424 4402 3493 4441 eo
3518 4387 3693 4441 docto-

439 4490 499 4536 ut
534 4498 595 4535 ne
622 4479 901 4550 paenitendi
941 4479 1149 4548 quidem
1183 4478 1332 4546 copia
1361 4489 1476 4547 post
1505 4479 1730 4546 primam
1761 4483 2016 4550 paeniten-

444 4577 573 4627 tiam
603 4573 893 4634 tribuatur,
919 4570 1362 4640 quemadmodum
1387 4587 1478 4623 nos
1501 4588 1777 4639 possumus
1805 4590 1869 4626 ea:
1897 4575 2020 4626 reli-

443 4669 596 4738 gione
630 4665 959 4728 contendere,
1007 4672 1065 4716 ut
1105 4665 1250 4716 nobis
1287 4664 1644 4735 qualecunque
1666 4666 1800 4719 illud
1825 4669 2020 4720 crimen

446 4759 631 4828 fuerit,
675 4755 1022 4808 dimittatur?
1068 4754 1409 4823 Augustinus
1455 4755 1526 4808 ita
1577 4757 1911 4825 respondet:
1956 4756 2022 4811 In

447 4859 656 4905 tantum
686 4857 861 4900 autem
903 4846 1177 4899 hominum
1209 4845 1496 4915 aliquando
1523 4847 1773 4916 iniquitas
1810 4865 2024 4919 progre-

446 4945 619 5006 ditur,
651 4942 892 4996 utetiam
916 4949 1030 5010 post
1061 4948 1236 4993 actam
1269 4939 1650 5006 paenitentiam,
1683 4950 1801 5009 post
1834 4941 2024 4994 altaris

448 5036 954 5098 reconciliationem,
999 5033 1074 5088 vel
1115 5033 1336 5097 similia,
1378 5033 1456 5086 vel
1499 5034 1743 5103 graviora
1781 5037 2024 5088 commit-

451 5141 588 5197 tant,
607 5140 714 5186 etc.
735 5129 802 5183 Et
831 5129 1066 5199 quamvis
1095 5128 1168 5180 eis
1200 5129 1255 5180 in
1286 5125 1526 5181 Ecclesia
1549 5126 1694 5180 locus
1716 5125 2028 5181 humillima:

449 5225 770 5297 paenitentia:
814 5240 914 5275 non
963 5220 1304 5282 concedatur,
1351 5219 1490 5272 Deus
1527 5228 1700 5272 tamen
1747 5235 1903 5288 super
1943 5235 2028 5273 eos

452 5332 562 5370 sua:
589 5314 857 5385 patientia:
893 5329 994 5366 non
1031 5311 1378 5364 obliviscitur.
1423 5309 1505 5363 Ea:
1543 5327 1768 5381 quorum
1814 5326 2030 5364 numero

455 5411 498 5460 si
527 5408 642 5477 quis
684 5406 831 5460 nobis
864 5406 1052 5458 dicat:
1081 5408 1185 5457 Aut
1235 5404 1357 5455 date
1401 5403 1527 5454 mihi
1565 5403 1800 5456 eumdem
1839 5404 2029 5456 iterum

454 5501 738 5572 ptenitendi
769 5500 962 5562 locum,
990 5507 1082 5550 aut
1121 5497 1453 5564 desperatum
1505 5511 1586 5548 me
1626 5496 1932 5564 permittite,
1975 5505 2031 5548 ut

458 5593 656 5662 faciam
681 5590 939 5662 quidquid
969 5590 1204 5650 libuerit,
1229 5597 1486 5658 quantum
1513 5589 1640 5641 meis
1668 5587 1851 5657 opibus
1879 5588 2036 5657 adju-

458 5699 548 5736 ναι·
603 5692 652 5736 et
693 5683 937 5735 humanis
994 5681 1190 5752 legibus
1243 5695 1343 5731 non
1387 5677 1685 5746 prohibeor,
1740 5681 1793 5733 in
1846 5683 2034 5733 scortis

2123 4505 2245 4544 rum
2274 4499 2642 4543 consentanea
2671 4485 2879 4555 judicia
2914 4493 3082 4540 sunt:
3116 4484 3498 4554 pmnitentiam
3527 4484 3692 4552 publi-

2123 4597 2242 4636 cam
2271 4595 2377 4634 non
2411 4580 2646 4648 amplius
2671 4593 2834 4647 quam
2863 4577 3030 4632 semel
3059 4576 3404 4644 impetratam
3439 4575 3632 4629 fuisse.

2194 4669 2270 4722 Ex
2315 4684 2426 4737 quo
2463 4666 2794 4736 perdillicilis
2842 4666 3059 4720 exsistit
3107 4667 3381 4734 quaestio:
3423 4667 3554 4736 quid
3603 4665 3694 4717 illis

2126 4760 2342 4815 tandem
2373 4759 2687 4817 hominibus
2717 4759 2919 4812 factum
2955 4760 3047 4823 sit,
3074 4759 3165 4828 qui
3187 4767 3308 4829 post
3331 4759 3568 4827 priorem
3595 4774 3695 4827 ρωο

2126 4851 2412 4904 nitentiam
2443 4849 2495 4902 in
2531 4848 2719 4903 eadem
2745 4849 2949 4902 scelera
2984 4864 3175 4902 rursus
3208 4849 3586 4910 incurrerent;
3621 4861 3696 4898 vc-

2129 4960 2322 4998 rumne
2353 4944 2423 4997 sit
2454 4943 2523 4996 al)
2550 4941 2792 4996 Ecclesia
2829 4943 3056 5010 rejectos
3089 4941 3208 4994 illos
3236 4941 3482 5010 penitus,
3516 4955 3613 4992 nec
3641 4937 3694 4990 ad

2128 5037 2394 5106 privatam
2433 5035 2624 5090 saltetn
2661 5035 2896 5104 aliquam
2937 5043 3209 5101 receptum
3245 5033 3525 5097 habuisse,
3555 5031 3694 5098 cujus

2131 5130 2393 5184 beneﬁcio
2425 5131 2478 5184 in
2513 5130 2782 5198 integrant
2814 5127 3044 5181 restituti
3063 5128 3129 5180 at!
3164 5126 3478 5180 divinorum
3512 5137 3694 5195 myste-

2133 5221 2342 5275 riorum
2397 5219 2840 5274 communionem
2903 5217 3164 5270 redirent.
3222 5214 3327 5279 Qui
3386 5211 3695 5282 antiquioris

2134 5311 2388 5367 Ecclesia:
2431 5309 2659 5365 formam
2708 5325 2772 5363 ac
2815 5307 3269 5362 consuetudinem
3320 5321 3386 5359 ex
3439 5304 3695 5358 hodiernis

2136 5404 2403 5457 institutis
2435 5411 2488 5456 et
2520 5401 2765 5456 moribus
2809 5401 3078 5454 aestimare
3123 5400 3381 5461 Voluerit,
3424 5397 3584 5454 facile
3615 5399 3696 5452 mi—

2139 5496 2325 5549 tiorem
2357 5494 2409 5546 in
2442 5503 2647 5563 partem
2673 5492 2988 5558 inclinabit;
3034 5508 3132 5546 nec
3161 5493 3230 5545 ab
3256 5491 3407 5545 omni
3439 5490 3694 5547 Ecclesia.

2139 5596 2712 5653 sacramentorumque
2761 5583 3042 5638 consortio
3077 5583 3394 5655 repudiatos
3433 5584 3558 5637 illos
3598 5598 3695 5648 per-

2142 5668 2370 5734 suadere
2429 5679 2531 5734 sibi
2573 5679 2788 5748 potcrit.
2829 5677 2999 5744 Quam
3050 5678 3104 5731 in
3139 5678 3467 5732 sententiam
3507 5676 3695 5745 cepisse
