3832 6220
181 277 323 333 ιυὲο

1105 273 1191 328 DE
1229 269 1707 328 ΡίΕΝΙΤΕΝΤΙΕ
1749 267 2022 327 VETERE
2060 271 2464 331 DlSClPLINA.
2538 225 2542 231 i

3310 281 3452 337 1030

179 391 404 462 quidam
451 405 618 459 nuper
649 389 722 444 ita
756 387 1037 443 disseruit.
1073 385 1364 453 Triplicem
1395 390 1470 442 ait
1496 385 1635 457 apud
1661 401 1760 439 an-
1785 389 1832 446 Α
1862 389 2080 456 smpius,
2111 404 2275 458 quam
2310 405 2498 444 eorum
2537 389 2630 460 qui
2661 393 2829 446 semel
2855 391 2910 446 in
2937 393 3446 466 vitadeliquissent.

177 483 366 552 tiquos
407 479 576 536 fuisse
598 481 974 551 ptenitentiam
1015 501 1026 535 :
1061 481 1336 550 publicam
1367 494 1532 534 unam
1559 477 1628 532 ob
1657 493 1760 547 pu-

173 571 319 630 biica
359 581 623 642 peccata;
659 571 883 625 alteram
933 571 1197 641 privatam
1241 587 1304 624 ac
1348 579 1613 624 secretam
1633 582 1760 638 pro-

174 673 300 734 pter
345 664 592 727 occulta;
641 662 854 716 tertiam
906 663 978 715 ob
1031 663 1218 716 eadem
1273 661 1484 716 occulta
1530 660 1758 716 crimina

174 759 394 826 publice
418 768 748 825 susceptam.
779 753 932 808 Hanc
965 769 1092 809 vero
1120 761 1451 824 postremam
1483 767 1590 806 non
1631 767 1756 806 eum

175 859 388 903 tantum
443 848 700 902 habuisse
756 845 1018 911 fruetum,
1063 855 1124 899 ut
1165 858 1508 915 peccatorum
1540 843 1754 912 culpam

173 956 242 996 ac
283 939 596 1010 sempiterni
648 939 898 1010 supplicii
947 954 1144 993 noxam
1185 938 1548 1007 abstergeret,
1576 934 1668 989 sed
1701 944 1759 989 ut

173 1033 537 1099 temporarias
566 1030 788 1098 insuper
836 1045 1026 1100 poenas
1069 1027 1320 1090 dilueret,
1350 1043 1412 1082 ac
1442 1039 1756 1098 peccatores

171 1125 230 1178 in
269 1125 535 1193 integrum
567 1123 1000 1178 cumulatissime
1027 1123 1351 1178 restitueret.
1385 1120 1620 1174 Proinde
1646 1135 1754 1173 non

170 1219 293 1288 ejus
339 1221 547 1286 copiam
581 1218 894 1286 promiscue
930 1233 1048 1271 esse
1090 1215 1310 1282 factam,
1339 1230 1516 1284 neque
1538 1215 1753 1284 quoties

170 1311 411 1380 quisque
459 1319 684 1378 peteret,
747 1307 906 1364 facile
963 1309 1308 1378 permissam,
1365 1309 1458 1363 sed
1517 1305 1754 1364 inomni

169 1404 286 1457 vita
345 1402 512 1457 semel
571 1403 856 1456 duntaxat.
907 1399 1034 1456 Haec
1071 1401 1181 1465 ille,
1245 1415 1312 1456 ex
1345 1400 1565 1468 quibus,
1607 1408 1660 1454 et
1688 1413 1753 1452 ex

170 1496 242 1551 iis
277 1513 398 1566 qua:
421 1504 820 1564 consequenter
857 1494 1120 1564 disputat,
1161 1495 1300 1550 velle
1325 1494 1468 1550 istud
1497 1493 1751 1547 videtur:

167 1589 486 1644 istiusmodi
512 1589 802 1643 criminum
836 1602 959 1642 reos
981 1596 1103 1658 post
1118 1587 1355 1657 priorem
1377 1585 1754 1656 paenitentiam

169 1682 242 1736 ad
274 1683 539 1750 privatam
559 1679 894 1750 confugisse,
927 1680 1156 1750 ejusque
1181 1679 1447 1734 beneﬁcio
1477 1677 1755 1733 nihilomi-

167 1785 281 1826 IIIIS
309 1769 752 1825 communionem
778 1781 1059 1826 assecutos
1087 1785 1225 1824 CSSC.

247 1861 352 1917 Sed
414 1863 478 1918 ad
511 1875 750 1919 veterum
800 1863 1026 1918 Patrum
1085 1863 1418 1926 testimonia,
1462 1878 1526 1917 ac
1562 1863 1756 1932 priscae

167 1955 320 2010 illius
371 1955 628 2012 Ecclesiae
684 1971 954 2024 normam,
997 1965 1052 2011 et
1083 1971 1430 2011 communem
1465 1955 1602 2008 adeo
1633 1971 1756 2010 sen-

167 2063 297 2102 sum
338 2050 582 2103 animum
615 2049 896 2120 adjicieuti
924 2047 1078 2112 mihi,
1107 2063 1300 2117 parum
1329 2048 1613 2102 commode
1642 2047 1756 2114 ple-

165 2155 345 2209 raque
400 2139 668 2209 explicata
725 2138 997 2194 videntur.
1072 2137 1284 2192 Etenim
1335 2136 1382 2190 si
1444 2135 1752 2206 graviorum

167 2233 499 2287 delictorum
514 2233 718 2288 conscii
746 2213 880 2287 citra
911 2232 1176 2302 publicam
1203 2229 1371 2292 illam,
1406 2244 1568 2298 quam
1596 2237 1754 2282 antea

165 2325 565 2394 suscepissent,
617 2325 999 2396 paenitentiam
1053 2337 1352 2392 emergere,
1398 2329 1452 2374 et
1499 2320 1566 2374 ad
1600 2335 1754 2374 com-

166 2417 492 2474 munionem
537 2433 838 2488 pacemque
891 2416 1090 2471 reverti
1150 2413 1376 2470 alterius
1424 2429 1487 2468 ac
1535 2413 1756 2483 privatae

165 2511 439 2566 beneﬁcio
493 2512 802 2581 potuerint;
859 2523 1038 2564 nonne
1079 2507 1273 2562 melior
1321 2507 1560 2572 illorum,
1591 2521 1753 2575 quam

166 2615 522 2666 cancrorum,
560 2603 797 2658 conditio
837 2602 960 2666 fuit,
989 2603 1187 2672 quibus
1229 2601 1348 2657 sine
1395 2601 1610 2671 publica
1641 2615 1757 2670 pte-

165 2693 406 2749 nitentia
451 2695 658 2750 reditus
713 2695 766 2748 in
822 2693 1121 2749 Ecclesiam
1174 2709 1281 2747 non
1333 2691 1541 2762 patuit?
1588 2691 1754 2761 Atqui

165 2799 340 2840 nemo
392 2799 501 2841 tam
565 2801 757 2841 vecors
815 2788 940 2850 erit,
995 2786 1087 2856 qui
1140 2786 1434 2840 humanius
1482 2801 1603 2837 cum
1647 2783 1754 2838 illis

165 2887 358 2931 actum
407 2886 584 2948 putet,
611 2880 702 2948 qui
741 2879 792 2931 in
847 2879 1032 2932 eadem
1069 2879 1267 2947 smpius
1299 2877 1678 2942 incurrissent,
1702 2885 1756 2930 et

167 2963 396 3032 quidem
447 2964 716 3018 horrenda
742 2963 964 3030 ﬂagitia,
993 2979 1152 3032 quam
1191 2979 1318 3016 cum
1353 2963 1431 3016 eis
1466 2963 1557 3031 qui
1588 2963 1754 3017 semel

1781 1739 1830 1801 B

1867 475 2021 542 Quod
2049 480 2251 550 quibus
2279 481 2494 536 tandem
2526 485 2852 552 persuadere
2877 488 3170 555 poterunt?

1935 571 2074 626 Cum
2119 573 2210 628 hic
2250 575 2322 628 sit
2353 575 2672 644 quaestionis
2719 580 3216 650 controversizeque
3251 591 3451 647 status,

1867 679 2134 732 exponam
2165 665 2402 720 breviter
2423 669 2882 736 quemadmodum
2917 685 3002 724 res
3035 681 3185 726 tanta
3219 673 3448 728 dissolvi

1866 771 1989 810 meo
2033 757 2242 825 judicio
2305 759 2678 830 explicarique
2711 763 2902 830 possit.
2933 762 3210 833 Principio
3253 781 3449 835 pecca-

1868 855 2044 900 torum
2091 849 2232 918 apud
2288 851 2546 919 antiquos
2575 852 2792 905 invenio
2843 867 3040 922 genera
3093 852 3261 907 fuisse
3292 854 3402 907 duo
3431 873 3448 908 :

1865 939 1972 992 alia
2003 941 2276 1008 mortalia,
2314 943 2430 998 sive
2455 943 2712 1012 capitalia
2739 943 3085 1008 dicebautur,
3121 959 3226 997 non
3263 951 3451 998 ιιι-ηοξ.

1865 1031 2166 1104 intelligere
2187 1035 2348 1104 vulgo
2363 1035 2625 1102 solemus,
2647 1052 2988 1106 quzecunque
3017 1035 3107 1088 Dei
3148 1051 3250 1089 nos
3273 1037 3448 1106 gratia

1865 1137 1930 1176 ac
1961 1124 2299 1192 spiritalibus
2345 1127 2630 1182 eharitatis
2669 1127 3002 1182 ornamentis
3041 1127 3308 1195 spoliant,
3353 1127 3449 1181 sed

1865 1213 2028 1283 hujus
2090 1216 2303 1284 generis
2353 1226 2500 1270 certa
2560 1217 2846 1281 duntaxat,
2887 1233 3004 1286 qua:
3041 1233 3166 1271 cum
3197 1218 3448 1286 graviora

1864 1305 2075 1360 ceteris
2099 1319 2301 1370 essent,
2337 1317 2449 1362 tum
2481 1308 2784 1364 canonibus
2801 1323 2864 1362 ac
2892 1309 3224 1380 synodorum
3260 1309 3450 1363 decre-

1863 1397 1934 1453 tis
1963 1399 2284 1454 nominatim
2306 1415 2586 1470 expressa.
2619 1399 2767 1466 Hmc,
2797 1401 3042 1470 inquam,
3072 1399 3322 1470 capitalia
3351 1413 3450 1454 no--

1863 1491 2182 1559 minabant,
2243 1493 2444 1562 quibus
2497 1507 2673 1563 ptenae
2714 1509 2745 1547 a
2787 1493 3091 1548 canonibus
3129 1492 3444 1563 singillatim

1863 1585 2172 1654 propositae.
2227 1581 2414 1655 Neque
2463 1586 2606 1638 enim
2643 1585 3010 1639 vetustissima
3065 1585 3152 1638 illa
3197 1593 3446 1653 tempora

1863 1691 2184 1747 persequor,
2218 1679 2420 1748 quibus
2435 1695 2496 1732 ea
2514 1679 2780 1732 duntaxat
2811 1679 3062 1748 capitalia
3085 1681 3442 1746 vocabantur,

1857 1781 1978 1835 quae
2006 1767 2074 1820 ab
2096 1771 2243 1821 omni
2275 1783 2370 1839 spe
2397 1771 2805 1824 communionis
2836 1782 3155 1826 arcerentur
3181 1787 3195 1824 :
3229 1773 3296 1826 de
3320 1773 3446 1841 qui-

1857 1859 1960 1914 bus
1990 1874 2056 1914 ex
2081 1859 2320 1915 Paciano
2377 1861 2608 1931 aliisque
2652 1878 2816 1932 supra
2862 1863 3123 1918 diximus.
3159 1863 3278 1917 Alia
3313 1877 3448 1917 vero

1857 1950 2059 2004 leviora
2107 1960 2160 2005 et
2209 1951 2526 2022 quotidiana
2576 1953 2929 2018 dicebantur,
2979 1953 3092 2008 sive
3141 1969 3264 2024 qua:
3341 1969 3446 2008 nos

1856 2043 2088 2096 venialia
2112 2059 2513 2114 nuncupamus,
2547 2044 2661 2098 sive
2695 2044 2898 2112 alioqui
2937 2043 3210 2107 mortalia,
3248 2043 3341 2098 sed
3379 2046 3446 2097 de

1857 2139 2056 2209 quibus
2094 2140 2241 2194 nulla
2265 2140 2585 2194 nominatim
2610 2149 2854 2194 exstaret
2885 2141 2935 2192 in
2963 2141 3322 2194 conciliorum
3351 2139 3445 2193 de-

1858 2231 2020 2285 cretis
2047 2230 2271 2284 mentio.
2303 2230 2496 2296 Quale,
2525 2231 2674 2284 verbi
2711 2230 2904 2298 gratia,
2935 2244 3058 2283 esse
3081 2238 3260 2298 potest
3287 2243 3445 2296 aspe-

1859 2325 1977 2379 rius
2037 2324 2090 2376 iu
2125 2338 2456 2394 quemquam
2503 2323 2895 2389 maledictum,
2940 2331 3034 2375 aut
3089 2321 3440 2384 convicium;

1857 2417 2180 2488 perjurium,
2212 2417 2428 2485 aliaque
2459 2423 2737 2479 sexcenta,
2767 2429 2888 2483 qum
2915 2427 3228 2484 quanquam
3261 2410 3444 2464 letalia

1856 2509 1989 2570 sint,
2049 2505 2213 2559 nullze
2281 2513 2462 2556 tamen
2515 2502 2582 2557 iis
2637 2518 2668 2556 a
2719 2501 3023 2558 canonibus
3070 2511 3226 2556 erant
3261 2515 3438 2570 patriai

1855 2603 2189 2658 constitutae.
2242 2597 2490 2652 Deelarat
2517 2597 2622 2650 hoc
2648 2594 2907 2665 Origenes
2939 2596 3059 2650 loco
3089 2607 3246 2650 antea
3278 2599 3445 2652 citato

1855 2695 2036 2750 verbis
2105 2693 2228 2748 istis
2264 2689 2366 2746 :Si
2393 2707 2501 2753 vos,
2544 2689 2742 2757 inquit,
2779 2690 2960 2758 aliqua
3007 2689 3161 2758 culpa
3197 2691 3443 2744 mortalis

1855 2791 2130 2852 invenerit,
2158 2805 2276 2858 qute
2319 2803 2424 2840 non
2467 2787 2520 2839 in
2560 2785 2776 2838 crimine
2803 2783 3039 2850 mortali,
3069 2801 3172 2837 non
3203 2787 3258 2837 in
3293 2785 3442 2839 blas-

1852 2885 2058 2954 phemia
2107 2879 2233 2950 ﬁdei
2250 2921 2264 2942 ,
2325 2893 2442 2948 qua:
2482 2893 2632 2930 muro
2699 2876 3042 2930 ecclesiastici
3073 2885 3120 2929 et
3164 2877 3444 2945 apostolici

1855 2974 2118 3043 dogmatis
2168 2973 2344 3024 cincta
2383 2979 2483 3034 est,
2535 2969 2624 3022 sed
2669 2971 2746 3023 vel
2793 2971 2846 3022 in
2884 2969 3232 3031 sermonibus,
3275 2971 3352 3024 vel
3385 2971 3444 3023 in

165 3067 236 3108 ea
266 3054 678 3109 commisissent
699 3073 711 3109 :
733 3054 876 3123 quod
903 3069 966 3108 ex
986 3053 1074 3106 illa
1100 3053 1354 3123 opinione
1379 3053 1750 3120 consequitur.

1863 3081 2068 3118 morum
2133 3065 2258 3117 vitio
2302 3065 2578 3124 consistat,
2626 3063 2721 3116 hoc
2755 3072 2830 3115 est
2873 3062 3164 3115 vendidisse
3200 3062 3438 3126 domum,

167 3144 496 3216 Cuiusmodi
531 3163 656 3203 vero
685 3148 827 3203 istud
861 3147 1143 3202 estw-[ut
1166 3145 1351 3216 gratiae
1412 3160 1474 3198 ac
1509 3145 1756 3199 beneﬁcii

167 3241 298 3296 loco
335 3243 607 3313 publicam
663 3241 811 3294 illam
853 3239 1228 3312 paenitentiam
1256 3240 1433 3309 spisse
1462 3253 1527 3293 ac
1562 3236 1755 3292 difﬁci-

167 3337 302 3392 liter
332 3334 638 3391 indultam?
686 3333 820 3387 Nam
854 3333 900 3390 si
951 3333 1160 3402 privata
1193 3340 1248 3386 et
1293 3330 1506 3385 occulta
1536 3329 1758 3399 defungi

167 3438 424 3499 possent,
456 3437 510 3482 et
541 3427 594 3479 in
616 3427 804 3480 eodem
839 3441 903 3480 ac
947 3424 1128 3478 creteri
1169 3425 1290 3478 loco
1320 3438 1457 3488 esse,
1493 3423 1616 3492 quis
1651 3437 1758 3475 non

167 3528 334 3574 tanto
383 3518 755 3572 molestiarum
811 3532 873 3570 ac
928 3515 1186 3584 temporis
1228 3513 1548 3582 compendio
1578 3513 1761 3568 mallet

165 3609 282 3674 uti,
311 3607 771 3676 cupidissimeque
827 3621 905 3671 se,
931 3605 1145 3674 publica
1201 3603 1290 3656 illa
1326 3609 1653 3672 contempta,
1691 3602 1758 3656 ad

166 3699 606 3755 commodiorem
656 3697 881 3750 alteram
949 3696 1364 3766 brevioremque
1403 3693 1760 3750 transferret?

167 3787 318 3844 Volo
340 3789 484 3844 enim
533 3787 666 3843 illud
710 3787 839 3842 mibi
889 3787 1253 3856 respondeant
1285 3787 1427 3853 :Qui
1469 3787 1756 3841 atrocioris

167 3883 352 3953 culpa:
385 3882 638 3938 conscius
671 3891 782 3935 tum
813 3881 1047 3951 primum
1085 3881 1150 3935 ad
1181 3881 1554 3950 ptenitentiam
1597 3895 1756 3936 acce-

165 3975 350 4036 deret,
393 3983 575 4028 utrum
609 3971 814 4042 absque
852 3972 1068 4041 publica
1101 3987 1197 4042 per
1229 3973 1491 4042 privatam
1541 3973 1754 4026 restitui

165 4067 438 4136 potuerit,
487 4081 556 4118 an
607 4065 918 4118 necessario
955 4063 1263 4132 usurpanda
1317 4064 1406 4119 illa
1457 4064 1638 4118 fuerit.
1697 4063 1754 4119 Si

161 4159 330 4230 prius
344 4158 600 4222 dixerint;
617 4159 685 4221 si,
701 4158 943 4226 inquam.
961 4157 1322 4212 necessariam
1341 4157 1445 4211 illis
1483 4157 1751 4226 publicam

163 4247 552 4317 pmniteutiam
573 4251 905 4316 negaverint,
926 4247 1266 4316 antiquitatis
1291 4248 1456 4302 totius
1487 4249 1752 4302 memoria

163 4348 316 4393 teste
347 4337 663 4392 refellentur
694 4357 709 4393 :
737 4338 1004 4407 siquidem
1039 4347 1218 4393 vetera
1259 4341 1442 4393 omnia
1497 4341 1750 4404 concilia,

1866 3174 1982 3225 qua:
2011 3157 2063 3209 in
2094 3172 2219 3225 agro
2243 3167 2341 3219 est,
2367 3154 2444 3208 vel
2465 3156 2518 3207 in
2545 3155 2676 3216 vico,
2723 3155 2810 3206 cui
2836 3169 3014 3206 murus
3043 3169 3146 3204 non
3169 3163 3269 3207 est.
3310 3153 3444 3208 Hm-

1865 3263 1985 3316 ergo
2046 3245 2278 3298 venditio
2351 3244 2656 3314 hujusmodi
2725 3245 2880 3312 culpa
2934 3259 3136 3313 semper
3201 3243 3441 3310 reparari

1863 3347 2054 3407 potest,
2086 3353 2178 3389 nec
2213 3335 2502 3406 aliquando
2539 3337 2632 3389 tibi
2681 3335 3016 3389 interdicitur
3053 3335 3115 3388 de
3145 3335 3440 3388 commissis

1863 3429 2224 3499 hujuscemodi
2283 3429 2644 3498 paenitentiam
2709 3443 2901 3498 gerere.
2983 3427 3048 3482 In
3107 3427 3440 3499 gravioribus

1861 3522 2000 3574 enim
2049 3519 2355 3572 criminibus
2395 3515 2553 3571 semel
2598 3526 2826 3579 tantum,
2855 3514 2932 3568 vel
2966 3532 3087 3568 raro
3122 3516 3440 3584 paenitentire

1859 3609 2164 3663 conceditur
2229 3607 2395 3660 locus.
2451 3605 2713 3676 Quisquis
2765 3605 2931 3676 igitur
2970 3607 3167 3674 prioris
3222 3611 3439 3675 generis

1859 3704 2066 3759 crimen
2108 3699 2327 3771 aliquod
2377 3706 2764 3771 perpetrasset,
2802 3698 2891 3752 hic
2933 3701 2999 3751 ad
3048 3699 3344 3754 antistitem
3375 3715 3440 3756 ac

1859 3793 2201 3849 sacerdotem
2260 3789 2528 3846 accedens
2598 3787 2831 3858 publicae
2871 3789 2940 3841 ab
2995 3801 3060 3842 eo
3105 3788 3441 3857 pmnitcntite

1853 3889 1945 3959 jus
1976 3885 2245 3955 capiebat,
2281 3883 2585 3955 praestituto
2614 3899 2678 3938 ex
2704 3881 3006 3938 canonibus
3035 3881 3198 3935 modo
3223 3891 3440 3935 actem-

1859 3995 2021 4051 pore;
2062 3993 2171 4049 quo
2224 3979 2446 4032 demum
2499 3977 2716 4046 expleto
2768 3991 2798 4029 a
2839 3975 3076 4045 peccatis
3117 3975 3436 4037 absolutus,

1857 4069 2659 4133 communionirestituebatur,
2677 4083 2852 4138 neque
2875 4067 2980 4121 alia
3007 4066 3242 4128 ratione,
3268 4081 3436 4136 quam

1854 4163 2071 4234 publice
2129 4163 2279 4215 obita
2357 4159 2722 4230 ptenitentia,
2788 4158 3134 4214 reconciliari
3191 4166 3435 4226 poterat;

1855 4254 2000 4325 quod
2034 4252 2262 4308 infinitis
2292 4251 2427 4305 locis
2457 4265 2580 4304 cum
2611 4248 2803 4303 Patres
2826 4246 3028 4312 caeteri,
3059 4256 3174 4300 tum
3210 4245 3437 4316 Cypria-

1859 4365 1964 4404 nus
2033 4345 2438 4403 evidentissime
2479 4343 2740 4398 declarat.
2788 4340 3032 4394 Aliorum
3104 4351 3270 4393 causa
3317 4343 3436 4390 erat

164 4447 474 4501 omnesque
497 4447 768 4486 canonum
815 4431 1126 4487 conditores
1175 4432 1247 4487 ita
1283 4434 1552 4502 publicam
1583 4435 1749 4504 lapsis
1783 4432 1826 4488 D
1857 4437 2196 4509 explicatior,
2228 4449 2460 4504 quorum
2512 4433 2689 4486 letalis
2731 4430 2934 4500 alioqui
2966 4429 3125 4499 culpa
3168 4427 3315 4481 nulla
3344 4441 3437 4480 ca-
3517 4431 3526 4442 '

161 4521 550 4592 parnitentiam
595 4523 976 4592 praescribunt,
1019 4538 1084 4577 ac
1117 4533 1331 4592 tempus
1375 4525 1751 4596 rationemque

163 4614 476 4681 deﬁniunt;
507 4615 578 4669 ita
616 4631 778 4684 porro
801 4615 1186 4680 Tertullianus,
1210 4617 1532 4689 Cyprianus,
1563 4619 1751 4673 Pacia-

159 4723 299 4772 nus,
329 4707 532 4777 antiqui
560 4707 629 4760 ad
649 4723 815 4761 unum
843 4723 1033 4762 omnes
1055 4709 1276 4763 eosdem
1307 4710 1428 4764 illos
1453 4709 1745 4770 hortando,

159 4799 578 4865 comminando,
604 4800 940 4870 obiurgando
974 4801 1054 4855 vel
1091 4801 1290 4856 invitos
1351 4813 1544 4873 urgent
1570 4813 1623 4856 et
1647 4804 1751 4856 im-

159 4892 399 4961 pellunt,
435 4900 492 4945 ut
525 4892 754 4947 minime
793 4893 894 4948 hoc
926 4894 1031 4950 illis
1065 4895 1335 4966 integrum
1377 4895 1546 4951 fuisse
1573 4897 1746 4966 signi-

161 4985 356 5040 licent.
407 4983 591 5039 Restat
651 4985 835 5055 igitur,
878 4987 1028 5041 nullo
1070 4999 1131 5041 ut
1173 4988 1304 5050 alio,
1338 5004 1402 5043 ac
1427 5005 1493 5044 ne
1525 4989 1748 5057 privatm

157 5076 390 5146 quidem
443 5078 774 5147 paenitentia:
806 5080 1071 5141 subsidio,
1101 5081 1268 5150 recipi
1306 5081 1358 5134 in
1405 5083 1749 5135 communio-

157 5183 296 5222 nem
333 5167 586 5224 Ecclesiae
618 5172 862 5240 potuisse
890 5173 1211 5226 concedant.
1247 5172 1400 5239 Quod
1429 5189 1551 5228 cum
1583 5173 1748 5229 dede-

155 5259 298 5324 rint,
368 5269 480 5313 tum
539 5261 606 5315 de
655 5262 761 5317 illis
814 5263 944 5332 quid
990 5265 1230 5317 sentiant
1285 5265 1597 5333 requiram,
1653 5265 1747 5335 qui

159 5349 414 5406 secundo
459 5352 512 5404 in
541 5353 788 5420 graviora
814 5362 1030 5419 peccata
1059 5354 1192 5422 lapsi
1222 5355 1434 5423 publica
1463 5356 1538 5410 uti
1571 5355 1745 5425 paeni-

159 5444 338 5497 tentia
377 5457 482 5496 non
529 5453 818 5512 poterant;
847 5447 1039 5514 ecquid
1085 5461 1178 5498 eos
1225 5457 1482 5501 censeant
1517 5463 1612 5516 per
1635 5447 1745 5516 pri-

155 5541 344 5586 vatum
399 5535 770 5602 paenitentiam
843 5535 1186 5590 reconciliari
1246 5538 1537 5606 potuisse?
1607 5536 1740 5592 Nam

155 5623 210 5676 si
245 5623 392 5678 istud
419 5633 686 5688 asserunt,
717 5639 938 5680 necesse
967 5626 1071 5680 erit
1115 5643 1221 5681 una
1269 5627 1562 5694 fateantur,
1621 5629 1743 5684 feli-

151 5714 370 5770 ciorem
429 5715 598 5772 multo
641 5716 1010 5772 conditionem
1060 5731 1252 5774 eorum
1299 5723 1594 5787 exstitisse,
1645 5723 1738 5793 qui

1859 4545 2067 4586 nonum
2100 4528 2418 4584 definitione
2453 4525 3025 4594 comprehenderetur.
3065 4521 3300 4590 Ideoque
3319 4520 3435 4589 ι)νὶ-

1859 4633 1982 4678 vata
2035 4621 2356 4693 paenitentia
2417 4617 2862 4677 satisfaciebant.
2905 4631 3070 4685 quam
3131 4611 3436 4668 sacerdotis

1857 4715 2144 4786 prudentia
2175 4711 2581 4768 moderabatur.
2617 4711 2693 4762 Ac
2745 4709 2957 4778 priores
2995 4707 3074 4760 illi
3107 4705 3436 4775 ptenitentes

1857 4807 2078 4878 proprie
2110 4807 2452 4862 dicebantur.
2496 4804 2800 4858 Concilium
2838 4800 3162 4854 Toletanum
3199 4814 3214 4851 1
3249 4813 3369 4850 can.
3402 4795 3437 4848 2

1857 4902 2186 4972 pmnitentes
2235 4900 2288 4953 in
2321 4900 2526 4953 clerum
2570 4895 2810 4964 cooptari
2835 4892 3104 4962 prohibet.
3151 4889 3290 4942 Tum
3330 4887 3436 4940 ista

1859 4991 2125 5060 subiicit:
2163 4987 2297 5042 Eum
2337 5003 2455 5040 vero
2505 4985 2834 5052 paenitentem
2893 4981 3154 5042 dicimus,
3189 4977 3280 5045 qui
3318 4986 3433 5043 post

1858 5085 2178 5156 baptismum
2217 5091 2310 5135 aut
2351 5097 2446 5150 pro
2490 5077 2792 5141 homicidio,
2831 5083 2921 5126 aut
2951 5089 3045 5142 pro
3075 5069 3294 5124 diversis
3331 5067 3436 5120 cri-

1855 5179 2082 5231 minibus
2101 5175 2530 5246 gravissimisque
2553 5171 2778 5240 peccatis
2792 5167 3059 5238 publicam
3075 5163 3436 5234 paenitentiam

1857 5287 2036 5340 gerens
2061 5269 2154 5323 sub
2187 5267 2382 5331 cilicio,
2411 5265 2588 5318 divino
2618 5263 2776 5332 fuerit
2807 5259 3173 5314 reconciliatus
3214 5255 3430 5308 altario.

1855 5356 2122 5412 Caeterum
2171 5369 2292 5425 post
2327 5355 2597 5425 publicam
2649 5353 2794 5405 illam
2824 5347 3220 5420 paenitentiam,
3264 5347 3308 5400 si
3341 5346 3438 5400 iis-

1854 5449 1977 5504 dem
2010 5463 2068 5504 se
2085 5447 2406 5502 criminibus
2423 5443 2866 5503 obstrinxissent,
2897 5441 2965 5493 ab
2989 5436 3232 5493 ecclesiae
3260 5435 3434 5498 aditu,

1853 5551 1907 5596 et
1956 5556 1986 5595 a
2028 5539 2411 5611 mysteriorum
2475 5534 2863 5590 communione
2919 5531 3139 5603 penitus
3222 5529 3434 5585 exclusi

1855 5631 2200 5686 reconciliari
2257 5629 2494 5698 amplius
2539 5641 2647 5680 non
2674 5634 2962 5696 poterant;
2991 5625 3138 5696 quod
3165 5625 3222 5677 in
3239 5623 3434 5691 primis

1854 5725 2194 5795 Augustinus
2253 5723 2504 5778 affirmat.
2559 5721 2880 5792 Quanquam
2919 5719 3032 5774 fieri
3059 5728 3254 5788 potest,
3287 5729 3340 5771 ul
3381 5718 3430 5768 in
