3874 6332
200 380 348 438 1033

1140 375 1227 431 DE
1265 376 1746 433 PiENlTENTIIE
1789 376 2068 435 VETEBE
2107 381 2518 442 DlSCIPLiNA.

3338 391 3479 447 1034

193 505 374 574 nique
415 497 603 572 potius
655 511 819 568 quam
861 506 921 552 ut
964 496 1235 568 publicam
1282 495 1347 552 ad
1390 495 1795 552 confessionem
1826 500 1873 557 Α
1900 501 2200 555 consuevit.
2252 500 2515 570 Exemplo
2567 502 2639 556 sit
2687 514 2718 555 e
2752 501 2938 557 multis
2985 501 3136 569 illud,
3189 506 3333 574 quod
3377 509 3480 563 sub

194 593 457 649 adactam
491 587 796 645 dixerimus
835 593 930 642 aut
965 586 1251 642 mulierem
1285 587 1468 654 istam,
1500 596 1597 642 aut
1625 588 1794 642 ullum

192 683 437 740 omnino
487 679 827 736 mortalium.
885 677 1003 734 Hoc
1062 679 1228 750 igitur
1281 694 1312 733 a
1356 680 1672 743 sacerdote,
1727 680 1797 754 ab

195 773 478 839 antistite,
505 788 537 828 a
571 772 765 844 paucis
793 771 1031 842 denique
1064 771 1270 844 ﬂagitio
1291 781 1592 843 comperto,
1631 773 1797 843 depo-

199 866 351 922 situs
389 873 475 919 est
522 863 613 918 ille
660 863 924 918 diaconus
957 881 972 918 :
1006 878 1071 917 ex
1108 878 1219 933 quo
1270 863 1529 933 paulatim
1580 877 1798 932 percre-

203 959 502 1015 brescente
535 955 680 1010 fama
728 971 841 1012 rem
871 955 1237 1011 subodoratus
1272 966 1356 1012 est
1376 956 1628 1026 populus.
1662 956 1798 1012 llinc

201 1051 315 1110 illa:
353 1051 630 1122 lacrymat.
661 1047 910 1114 Mentiar,
939 1048 1043 1103 nisi
1074 1047 1365 1105 manifeste
1403 1050 1450 1105 is
1478 1050 1614 1120 ipse,
1638 1050 1797 1120 cujus

199 1143 541 1199 auctoritate
589 1141 875 1208 nituntur,
935 1138 1302 1205 Sozomenus,
1331 1139 1524 1197 falsam
1577 1142 1795 1197 illorum

202 1235 588 1306 conjecturam
640 1234 954 1305 redarguat.
1006 1232 1112 1300 Qui
1166 1234 1484 1289 instituendi
1533 1236 1800 1304 poeniten—

203 1328 359 1383 tiarii
404 1324 710 1382 sacerdotis
757 1339 954 1381 causas
1002 1325 1284 1394 disputans
1340 1327 1648 1398 εΦορτικὸν
1678 1326 1798 1398 (ait)

200 1420 266 1488 ἐξ
298 1418 482 1490 ἀρχῆς
522 1419 634 1481 τοῖς
676 1416 918 1488 ἱερεῦσιν
970 1416 1170 1483 ἔδοξεν,
1210 1417 1287 1482 ὡς
1327 1419 1386 1471 ἐν
1439 1418 1652 1492 θεάτρῳ
1695 1419 1800 1472 ὑπὸ

207 1510 460 1582 μάρτυρι
516 1507 594 1579 τῷ
649 1507 845 1579 πλήθει
892 1502 992 1579 τῆς
1031 1507 1326 1580 ἐκκλησίας
1380 1510 1480 1573 τὰς
1529 1511 1799 1583 ἁμαρτίας

201 1600 582 1670 ἐξαγγέλλειν.
635 1598 1012 1672 Πρεσϐύτερον
1060 1600 1118 1653 δὲ
1156 1601 1264 1653 τῶν
1297 1600 1493 1672 ἄριστα
1527 1600 1800 1654 πολιτευο-

209 1697 398 1769 μένων
431 1693 699 1792 ὲχέὲᾳυθόν
749 1711 808 1747 τε
850 1692 942 1745 καὶ
973 1691 1219 1764 ἔμφρονα
1261 1691 1354 1744 ἐπὶ
1384 1691 1542 1745 τοῦτο
1572 1692 1800 1762 τετάχα-

208 1806 322 1851 σιν,
425 1787 490 1856 δὴ
526 1779 866 1856 ’προσιόντες
905 1784 953 1836 oi
980 1782 1365 1854 ἡμαρτηκότες
1391 1782 1459 1835 τὰ
1491 1779 1802 1852 βεϐιωμένα

203 1879 553 1950 ὡμολόγουν.
592 1876 650 1930 Ὀ
677 1875 735 1930 δὲ
768 1875 904 1946 πρὸς
937 1873 1034 1945 τὴν
1069 1873 1300 1926 ἑκάστου
1343 1873 1636 1944 ἁμαρτίαν,
1671 1874 1700 1925 ὅ
1745 1889 1797 1926 τι

207 1972 320 2045 χρὴ
358 1971 585 2042 ποιῆσαι
614 1969 647 2040 ἢ
681 1967 894 2048 ὲκτισαι
929 1966 1202 2035 ἐπιτίμιον
1233 1965 1365 2027 Θεὶς,
1392 1963 1617 2028 ἀπέλυε,
1647 1963 1799 2035 παρὰ

211 2067 369 2136 σφῶν
413 2062 597 2119 αὐτῶν
641 2061 740 2133 τὴν
767 2061 922 2132 δίκην
958 2059 1430 2131 εἰσπραξαμένους
1474 2058 1514 2110 ’.
1568 2056 1795 2121 Durant,

208 2158 426 2230 inquit,
465 2167 514 2212 et
558 2153 954 2210 intolerandum
997 2153 1156 2206 initio
1201 2150 1497 2205 sacerdotes
1525 2165 1637 2203 esse
1654 2149 1802 2218 judi-

209 2261 430 2314 carunt,
458 2250 534 2305 sic
565 2257 815 2316 tanquam
864 2245 919 2297 in
967 2244 1192 2298 theatro.
1225 2245 1320 2311 'pro
1377 2241 1611 2296 ecclesia
1662 2249 1797 2294 coetu

211 2362 278 2400 ac
319 2343 572 2398 concione
621 2348 836 2411 peccata
882 2336 1251 2408 pronuntiare.
1306 2332 1484 2399 Quare
1521 2332 1801 2402 presbyte-

212 2453 332 2490 rum
388 2432 668 2506 quemdam
711 2439 1029 2485 secretorum
1090 2436 1321 2479 tenacem
1383 2441 1446 2477 ac
1493 2422 1801 2493 prudentem
1838 2473 1849 2480 .

209 2530 259 2584 ei
291 2526 502 2580 muneri
530 2531 954 2595 praeposuerunt,
1009 2518 1077 2572 ad
1105 2533 1255 2588 quem
1284 2526 1578 2585 peccatores
1611 2515 1804 2568 adeun-

214 2633 290 2674 tes
317 2620 442 2673 vitae
466 2631 578 2672 suae
623 2630 789 2670 noxas
819 2619 1154 2682 exponerent.
1193 2609 1256 2660 At
1300 2607 1388 2660 ille
1427 2623 1520 2668 pro
1551 2606 1802 2676 cujusque

210 2721 433 2784 peccato
484 2709 704 2764 meritas
753 2720 933 2775 pinnas
978 2701 1220 2771 inﬂigcns
1263 2699 1584 2765 dimittebat,
1625 2715 1742 2753 cum
1769 2715 1802 2752 a

208 2804 409 2875 seipsis
438 2801 562 2856 illas
607 2799 917 2869 exegissent.
949 2795 1082 2860 Quze
1111 2793 1401 2848 Sozumeati
1438 2791 1600 2845 verba
1627 2789 1804 2860 publi-

211 2914 344 2954 cum
380 2895 512 2952 illud
548 2891 845 2949 conﬁtendi
873 2904 1046 2960 genus
1073 2888 1310 2942 alienum
1336 2901 1366 2939 a
1417 2884 1688 2954 majorum
1715 2883 1802 2937 in-

211 2990 414 3048 stituto
450 2997 506 3042 et
554 3001 587 3042 a
644 2981 1030 3054 pmuiteutiarii
1097 2979 1244 3034 illius
1291 2975 1468 3032 cilicio
1518 2976 1804 3046 perspicue

212 3083 557 3154 signiﬁcant.
594 3077 698 3133 Sed
738 3075 936 3129 mirum
982 3087 1146 3142 quam
1191 3072 1305 3126 haec
1349 3069 1582 3124 absurde
1621 3067 1800 3122 Latini

212 3187 478 3232 auctores
527 3168 864 3240 interpretati
917 3167 1050 3231 sint,
1103 3165 1196 3234 qui
1245 3179 1274 3217 e
1323 3163 1630 3216 Sozomcno
1664 3161 1874 3236 hancc

212 3269 508 3325 historiam
543 3268 955 3331 expresserunt.
1004 3256 1140 3310 Nam
1177 3256 1231 3310 in
1274 3253 1475 3307 llistor.
1511 3253 1803 3322 tripartitn,

214 3365 316 3420 lib.
357 3377 434 3425 ix,
469 3373 590 3427 cap.
625 3355 719 3420 '55,
755 3353 826 3407 ita
853 3351 1114 3420 scriptum
1139 3357 1221 3402 est
1251 3367 1267 3402 :
1306 3346 1568 3412 Quoniam
1595 3345 1806 3398 omnino

213 3471 325 3510 non
377 3465 593 3521 peccare
642 3446 882 3499 divinant
923 3452 972 3494 et
1030 3441 1176 3494 ultra
1221 3441 1509 3493 humanam
1558 3450 1807 3491 naturam

210 3561 331 3602 esse
355 3543 727 3612 cognoscitur;
767 3535 1101 3606 peccantibus
1156 3543 1329 3586 autem
1364 3541 1414 3584 et
1446 3529 1808 3600 paenitentiam

218 3635 497 3706 agentibus
522 3634 726 3682 veniam
767 3624 902 3677 Deus
925 3624 1048 3676 dari
1080 3623 1324 3690 prtrcepit
1351 3636 1366 3679 :
1399 3620 1489 3690 qui
1520 3635 1638 3673 vero
1679 3633 1805 3670 con~

214 3729 365 3796 ﬁteri
411 3723 703 3791 refugiunt,
739 3718 910 3788 majus
955 3723 1291 3784 peccatorum
1323 3728 1453 3764 onus
1481 3711 1761 3780 acquirunt
1788 3722 1808 3761 :

215 3827 496 3885 propterea
522 3813 689 3866 visum
726 3820 803 3863 est
832 3807 1064 3876 antiquis
1095 3803 1454 3874 pontiﬁcibus,
1490 3811 1545 3854 ut
1580 3799 1713 3853 velut
1753 3800 1807 3852 in

220 3910 428 3963 theatro
493 3900 588 3957 sub
643 3897 941 3952 testimonio
991 3892 1336 3948 ecclesiastici
1388 3890 1567 3961 populi
1613 3889 1806 3943 delicta

219 3998 550 4070 pandantur,
598 4001 701 4047 etc.
757 3987 889 4055 Quir,
921 3994 1051 4039 sunt
1089 3985 1201 4039 veri
1238 3998 1433 4038 sensus
1465 3982 1804 4044 inanissima,

221 4106 290 4145 ac
324 4102 434 4141 non
488 4085 663 4137 solum
717 4095 748 4134 a
795 4077 998 4132 Graecis
1052 4073 1338 4129 Sozomeni
1396 4072 1574 4126 verbis
1610 4071 1808 4124 abhor-

220 4190 384 4244 rent,
414 4176 509 4233 sed
533 4184 589 4230 et
615 4180 858 4244 pugnant
891 4171 1004 4239 ipsa
1041 4181 1248 4222 secum.
1285 4163 1465 4230 Quare
1496 4163 1643 4217 haud
1668 4179 1807 4217 vana

221 4271 470 4342 suspicio
505 4277 591 4323 est
629 4265 974 4321 librariorum
1026 4260 1186 4329 culpa
1219 4259 1406 4313 vocem
1440 4257 1678 4325 aliquam
1713 4271 1807 4309 cx-

220 4368 463 4429 cidisse,
520 4369 684 4431 atque
736 4357 812 4412 ita
863 4354 1254 4410 restituemlum
1303 4367 1473 4406 esse:
1521 4349 1808 4418 Propterta

219 4463 400 4517 visum
428 4464 506 4510 est
545 4446 1086 4516 molestum’antiquis
1115 4443 1476 4514 pontiﬁcibus,
1511 4451 1618 4496 etc.
1672 4439 1804 4494 Nam

1897 588 2095 659 stylum
2129 591 2294 646 modo
2320 593 2506 645 subiit.
2528 590 2729 646 Scribit
2754 591 2843 647 ille
2873 591 2972 647 lib.
2997 609 3050 660 v,
3076 608 3196 664 cap.
3234 595 3341 666 κβν,
3368 600 3482 652 (ἴω-

1897 683 2147 736 saretein
2177 682 2518 754 Cappadocia
2549 699 2664 749 eos,
2703 685 2795 754 qui
2830 693 2953 755 post
2987 687 3317 756 baptismum
3354 707 3480 760 pec-

1897 773 2162 838 caverint,
2191 789 2221 829 a
2249 776 2636 831 communione
2668 776 2841 846 rejici,
2877 778 3334 846 quemadmodum
3369 780 3480 836 No-

1899 863 2100 917 vatiani
2144 864 2450 919 instituunt.
2506 865 2663 932 Quod
2723 876 2807 922 est
2864 869 3377 932 mendacissimum.
3420 883 3481 928 ut

1897 967 1962 1009 ex
1989 954 2191 1011 Basilio
2213 957 2439 1027 ejusque
2462 959 2928 1028 pmnitentialibus
2957 963 3261 1020 eanonibus
3287 965 3478 1035 liquet.

1896 1046 2163 1120 Loquitur
2182 1065 2312 1106 vero
2335 1051 2588 1108 Socrates
2611 1052 2677 1107 de
2702 1053 2980 1109 veteribus
3007 1053 3370 1112 Ecclesiarum
3391 1075 3483 1110 τοο

1899 1142 2080 1196 πικῶν
2113 1143 2344 1212 ritibus;
2405 1160 2473 1200 ne
2507 1145 2632 1214 quis
2670 1156 2794 1216 post
2852 1145 3032 1202 Basilii
3061 1147 3275 1203 obitum
3325 1148 3483 1205 aliter

1898 1233 2202 1290 obtinuisse
2245 1235 2522 1304 conjiciat.
2567 1234 2849 1305 Ejusmodi
2896 1237 3078 1308 igitur,
3112 1239 3217 1295 hoc
3241 1247 3484 1294 estcon-

1898 1325 2085 1381 lictum
2116 1341 2256 1391 esse,
2290 1327 2637 1381 vehementer
2667 1328 2936 1397 suspicor,
2974 1329 3120 1398 quod
3166 1330 3269 1385 sub
3302 1328 3482 1384 Nova-

1899 1417 2175 1473 tianorum
2201 1419 2465 1474 duntaxat
2506 1427 2686 1473 ortum
2721 1420 3152 1489 pmnitentialem
3197 1422 3483 1492 presbyte-

1899 1525 2024 1565 rum
2071 1513 2429 1568 constitutum
2484 1527 2607 1568 esse
2660 1513 2796 1568 dixit
2836 1531 2851 1569 ε
2896 1530 3060 1584 quem
3101 1530 3226 1570 cum
3281 1515 3358 1570 ait
3406 1515 3485 1586 τῷ

1899 1602 2084 1656 κανόνι
2119 1603 2534 1674 προσ-τεθεῖσθαι
2561 1605 2628 1659 ab
2668 1606 2965 1674 episcopis.
3000 1614 3140 1662 tecte
3194 1607 3480 1662 admodum

1900 1701 1954 1747 et
2006 1694 2201 1749 callide
2267 1692 2583 1750 Novatianze
2633 1696 2973 1750 crudelitatis
3020 1697 3173 1752 virus
3233 1697 3480 1759 instillat.

1902 1782 2060 1852 quasi
2092 1792 2205 1837 tum
2250 1784 2468 1838 demum
2503 1792 2676 1838 totum
2708 1785 2812 1841 hoc
2842 1786 3176 1856 pmnitentia:
3205 1787 3482 1858 negetium

1900 1875 2266 1945 excogitatum
2305 1875 2467 1930 fuerit
2508 1890 2572 1931 ac
2616 1892 2756 1931 novo
2815 1892 3026 1937 canone
3055 1878 3344 1933 sancitum.
3379 1876 3488 1933 Ne-

1900 1981 2006 2037 que
2027 1968 2170 2020 enim
2201 1975 2348 2022 recte
2395 1967 2475 2039 τῷ
2516 1969 2702 2022 κανόνι
2751 1969 3167 2039 προστεθεῖσθαι
3209 1971 3487 2041 accipiunt

1901 2057 2062 2128 vulgo
2099 2073 2224 2112 cum
2270 2059 2580 2129 interprete,
2637 2069 2697 2116 ut
2733 2062 2805 2116 sit
2837 2062 3029 2116 canoni
3051 2063 3316 2132 adjicere;
3357 2079 3482 2117 nam

1900 2149 2132 2204 canonis
2167 2149 2386 2205 decreto
2419 2150 2535 2205 vult
2565 2166 2688 2206 eum
2724 2153 3099 2224 presbyterum
3143 2153 3482 2223 adjunctum.

1901 2239 2101 2315 Quare
2131 2257 2252 2296 mox
2301 2243 2549 2312 sequitur
2587 2261 2600 2298 :
2635 2243 2780 2300 hunc
2819 2259 3082 2299 canonem
3118 2245 3188 2300 ab
3225 2246 3485 2300 omnibus

1901 2326 2025 2382 aliis
2069 2337 2366 2397 receptum,
2398 2345 2427 2384 a
2469 2328 2792 2387 Novatianis
2839 2333 3102 2388 duntaxat
3140 2335 3483 2403 repudiatum

1902 2415 2093 2474 fuisse.
2155 2418 2355 2475 Verum
2411 2430 2472 2476 ut
2525 2423 2594 2476 de
2649 2423 3011 2481 institutionis
3063 2435 3306 2496 tempore
3349 2427 3486 2481 nihil

1903 2523 2229 2580 pugnemus.
2261 2513 2406 2582 quod
2437 2514 2505 2568 ad
2554 2529 2825 2569 summam
2859 2515 3003 2570 haud
3035 2517 3267 2572 multum
3313 2517 3484 2573 inter-

1901 2606 2004 2665 est,
2057 2601 2157 2664 sic,
2206 2603 2422 2670 opinor,
2485 2603 2757 2673 explicare
2806 2606 2909 2661 ista
2958 2621 3301 2676 possumus:
3340 2608 3480 2662 Cum

1903 2691 2012 2746 duo
2041 2692 2183 2761 apud
2215 2703 2424 2750 veteres
2451 2704 2652 2759 essent,
2701 2705 2760 2750 ut
2807 2707 2966 2751 antea
3010 2698 3319 2765 docuimus,
3357 2715 3485 2768 pec-

1903 2792 2150 2837 catorum
2199 2799 2432 2854 genera;
2478 2786 2586 2840 alia
2638 2787 2891 2856 graviora
2938 2797 2994 2843 et
3039 2789 3312 2860 capitalia,
3365 2807 3488 2861 quin
3554 2807 3556 2810 '

1904 2873 2223 2929 nominatim
2275 2891 2512 2932 canones
2573 2880 3106 2949 complectebantur,
3173 2883 3484 2952 quibusque

1906 2966 2123 3036 publica
2173 2969 2490 3038 paenitentia
2525 2983 2858 3040 opus_erat;
2899 2973 3100 3029 leviora
3145 2976 3336 3042 altera,
3384 2976 3488 3035 hoc

1905 3064 1988 3110 est
2019 3072 2050 3111 a
2082 3059 2390 3115 canonibus
2435 3062 2726 3131 prmterita,
2761 3063 2956 3132 primis
2988 3063 3246 3121 Ecclesia:
3275 3075 3487 3136 tempe-

1906 3145 2080 3206 ribus.
2130 3148 2220 3218 qui
2256 3163 2315 3203 se
2363 3151 2560 3219 prioris
2613 3154 2830 3222 generis
2876 3155 3114 3223 peccatis
3158 3155 3487 3213 obstrinxis-

1909 3251 2049 3304 sent,
2086 3243 2151 3295 ad
2183 3229 2470 3312 episcopos
2520 3245 2876 3313 utplurimum
2929 3247 3190 3302 adeuntes
3220 3250 3489 3318 praescri-

1906 3343 2053 3402 ptam
2091 3333 2160 3388 ab
2195 3334 2261 3388 iis
2295 3335 2671 3404 paenitentiam
2717 3339 3022 3408 explebant.
3057 3343 3136 3396 Ac
3163 3341 3206 3396 si
3244 3342 3368 3410 quis
3393 3357 3486 3396 ve-

1908 3424 2209 3478 tustissima
2245 3437 2590 3480 monumenta
2629 3429 2940 3498 diligentius
2957 3431 3218 3500 exploret,
3248 3433 3487 3488 inveniet

1907 3515 1977 3570 ab
1999 3515 2270 3585 cpisc0pis
2306 3518 2440 3586 ipsis
2485 3518 2859 3573 administrata
2912 3519 3082 3576 ferme
3119 3523 3325 3587 omnia,
3364 3540 3487 3592 quae

1907 3605 1974 3659 ad
2007 3606 2327 3674 pmuitentes
2362 3608 2685 3670 attinebant,
2724 3625 2848 3663 eum
2890 3621 2944 3664 et
2988 3613 3272 3679 pauciores
3308 3614 3489 3670 adhuc

1905 3695 2201 3750 Christiani
2247 3697 2442 3764 l’m‘ent,
2477 3710 2529 3754 et
2563 3701 2767 3755 rariora
2827 3701 3020 3756 delicta
3057 3718 3180 3773 quin
3213 3705 3483 3773 publicam

1907 3789 2282 3859 paenitentiam
2331 3792 2628 3861 exigerent.
2682 3791 3043 3864 Posteaquam
3103 3810 3234 3850 vero
3286 3798 3487 3866 pariter

1908 3889 1962 3935 et
1995 3880 2234 3935 ﬁdelium
2295 3899 2558 3939 numerus
2590 3894 2644 3939 et
2675 3886 2899 3954 majoris
2926 3886 3014 3940 illa
3045 3889 3375 3957 poenitentia:
3402 3905 3488 3946 8e-

1908 3988 2001 4042 ges
2055 3972 2300 4027 excrevit
2352 3972 2624 4044 [graviora
2704 3977 2913 4031 scilicet
2971 3979 3330 4050 capitalisque
3375 3982 3486 4036 cri-

1918 4061 2113 4131 mina],
2141 4079 2264 4118 cum
2295 4080 2435 4120 unus
2468 4080 2568 4134 par
2600 4067 2854 4124 omnibus
2882 4084 3004 4125 esse
3031 4086 3137 4125 non
3165 4080 3346 4141 posset
3368 4073 3484 4140 cpi-

1910 4171 2138 4225 scopus;
2174 4156 2434 4211 vicarium
2458 4157 2561 4212 sibi
2592 4159 2966 4229 presbyterum
3006 4160 3308 4226 substituit,
3346 4177 3487 4230 quo-

1910 4264 2033 4304 cum
2068 4248 2307 4303 laborem
2345 4252 2658 4318 partiretur,
2681 4250 2886 4320 quique
2914 4251 2979 4306 iis
3012 4252 3354 4319 potissimum
3387 4268 3489 4307 au-

1909 4342 2121 4397 diendis
2142 4353 2380 4406 vacaret,
2403 4343 2496 4412 qui
2529 4343 2739 4412 publica
2767 4344 3082 4412 paenitentia
3115 4359 3180 4398 ex
3211 4359 3487 4399 canonum

1911 4435 2193 4490 sanctione
2233 4445 2578 4501 tenerentur;
2613 4451 2736 4490 nam
2770 4452 2886 4501 eos,
2921 4437 3012 4506 qui
3060 4438 3323 4506 privatam
3365 4448 3488 4490 tan-

221 4543 432 4615 alioqui
467 4540 598 4612 quid
655 4552 794 4608 opus
841 4543 960 4590 erat
997 4531 1264 4604 ὲχέμυθον
1337 4532 1672 4587 sacerdotem
1716 4532 1806 4584 de-
1839 4535 1884 4590 1)
1914 4524 2196 4615 tummodo
2226 4524 2614 4615 desiderarent,
2657 4540 2690 4578 a
2743 4526 3126 4615 minutioribus
3158 4527 3488 4597 presbyteris

222 4639 413 4710 ligere,
445 4633 491 4688 si
523 4631 671 4686 velut
710 4630 764 4683 in
803 4627 1014 4682 theatro
1055 4623 1422 4679 traducendus
1459 4632 1604 4677 esset
1633 4622 1807 4691 poeni-

224 4741 370 4787 tens,
409 4733 464 4778 et
499 4722 568 4776 ab
617 4721 870 4790 ipsomet,
904 4726 1000 4771 aut.
1036 4728 1068 4768 a
1100 4713 1380 4769 sacerdote
1408 4712 1555 4766 illius
1587 4725 1806 4783 peccata

223 4815 553 4888 publicanda
570 4813 595 4865 ?

296 4908 432 4976 Quae
466 4920 592 4961 cum
629 4898 1025 4957 absurdissima
1075 4896 1203 4958 sint,
1236 4903 1290 4948 et
1339 4892 1408 4947 iis
1455 4892 1599 4946 haud
1634 4891 1807 4946 multo

223 5001 478 5061 meliora,
525 5010 647 5064 quae
702 4989 1038 5046 anouuullis
1096 4986 1433 5049 afferuntur,
1487 5000 1590 5040 nos
1642 4985 1695 5038 in
1741 5000 1805 5038 ea

223 5087 601 5152 controversia
649 5085 760 5139 duo
813 5079 1062 5152 quaedam
1115 5076 1435 5134 excutienda
1485 5076 1742 5130 duximus
1788 5094 1802 5130 :

225 5189 458 5243 alterum
491 5191 757 5250 quorsum
810 5174 898 5228 ille
937 5169 1194 5227 sacerdos
1237 5167 1539 5232 institutus,
1574 5167 1804 5221 alterum

224 5287 500 5349 quatenus
532 5272 680 5327 illius
710 5269 779 5323 sit
812 5265 1073 5334 abrogata
1122 5261 1351 5317 functio.
1386 5260 1463 5315 Ac
1506 5261 1573 5314 dc
1607 5258 1808 5314 Sncra-

223 5371 300 5426 tis
334 5367 461 5425 ﬁde.
491 5363 592 5419 etsi
624 5361 767 5432 quod
814 5358 881 5414 ad
922 5357 1099 5426 ipsum
1133 5351 1464 5408 narrationis
1491 5362 1654 5421 caput
1682 5351 1810 5406 atti-

227 5469 346 5525 net,
379 5458 517 5515 nihil
548 5457 653 5510 hoc
686 5454 806 5509 loco
837 5449 1172 5510 dubitemus,
1209 5443 1477 5516 permulta
1523 5452 1704 5498 tamen
1739 5442 1807 5497 ad

225 5553 519 5612 historiam
560 5549 627 5602 ab
668 5545 856 5602 eodem
883 5548 1090 5597 attexta
1129 5537 1422 5602 credimus,
1455 5545 1514 5592 ut
1550 5535 1806 5591 Novatia-

229 5660 429 5703 norum
487 5647 709 5701 sectam,
763 5635 850 5691 cui
899 5643 1019 5688 erat
1061 5629 1329 5696 addictus,
1375 5627 1697 5684 commentis
1742 5643 1806 5683 ac

231 5734 534 5795 mendaciis
581 5729 888 5785 sublevaret
927 5741 941 5779 :
989 5721 1135 5793 quod
1167 5721 1485 5791 plerumque
1539 5735 1806 5791 usurpare

309 5856 322 5886 '
355 5853 418 5908 ιε’.
453 5850 937 5924 εἰσπραξομένους.

561 5946 833 6004 Pareat.
871 5933 960 6001 (is
977 5983 990 5999 .
1023 5936 1194 6001 Χιιι

1913 4613 2192 4669 absolutos
2217 4629 2338 4669 esse
2364 4612 2623 4670 credibile
2655 4614 2732 4669 ﬁt.
2769 4613 2834 4669 Et
2858 4616 3077 4685 quidem
3107 4616 3238 4670 olim
3265 4617 3490 4672 absente

1912 4704 2168 4774 episcopo
2198 4720 2476 4773 nunquam
2508 4720 2539 4759 a
2577 4703 2910 4778 presbyteris
2939 4707 3280 4763 reconciliari
3309 4711 3488 4778 paeni-

1911 4805 2087 4852 tentes
2125 4796 2390 4860 solebant,
2422 4797 2517 4852 sed
2547 4799 3039 4853 extraordinarium
3071 4800 3162 4870 jus
3188 4800 3320 4854 illud
3350 4809 3486 4867 erat,

1912 4900 1967 4942 et
1995 4890 2287 4945 identidem
2336 4890 2404 4943 ab
2449 4889 2708 4958 episcopo
2736 4891 3072 4954 mandatum,
3115 4907 3225 4947 non
3267 4893 3490 4946 ordina-

1914 4981 2055 5036 rium
2075 4999 2139 5039 ac
2171 4982 2660 5038 certishominibus
2696 4985 2750 5038 in
2784 4992 3102 5053 perpetuum
3130 4985 3480 5038 attributum.

1983 5075 2163 5141 Quare
2211 5081 2272 5128 ut
2321 5072 2462 5142 apud
2515 5071 2792 5128 Romanos
2835 5073 3146 5143 capitalium
3196 5089 3489 5131 causarum

1913 5166 2152 5237 cognitio
2188 5164 2425 5234 primum
2461 5180 2491 5218 a
2519 5173 2732 5228 senatu,
2760 5166 2972 5234 quoties
2999 5179 3137 5235 opus
3177 5174 3315 5230 erat,
3357 5181 3493 5220 con-

1911 5257 2092 5314 sulum
2127 5256 2284 5311 alteri
2343 5256 2698 5320 ambobusve,
2751 5264 2848 5309 aut
2904 5255 3026 5311 aliis
3077 5255 3491 5328 magistratibus

1910 5349 2393 5415 committebatur;
2427 5361 2612 5418 postea
2665 5349 2964 5420 quaestione
3012 5351 3228 5419 publica
3285 5353 3493 5407 consti-

1900 5435 2049 5506 tuta,
2095 5441 2324 5512 singulis
2381 5440 2727 5506 criminibus,
2780 5457 2902 5510 qua:
2953 5443 3172 5512 quidem
3221 5445 3492 5500 atrociora

1911 5542 2115 5598 essent,
2145 5548 2280 5588 suus
2310 5541 2396 5587 est
2431 5532 2595 5602 judex
2625 5547 2689 5587 ac
2720 5541 2918 5602 praetor
2947 5535 3230 5604 appositus
3265 5556 3276 5589 :
3314 5536 3394 5592 sic
3434 5537 3489 5592 in

1861 5658 1868 5660 -
1914 5625 2156 5682 Ecclesia
2183 5624 2461 5694 quondam
2498 5624 2874 5695 paenitentiam
2907 5641 3124 5689 causas,
3151 5628 3354 5698 quibus
3383 5631 3493 5683 vel-

1913 5722 2008 5786 let,
2047 5718 2429 5790 disceptandas
2465 5718 2754 5774 mandabat
2797 5719 3116 5792 episcopus;
3149 5730 3338 5791 postea
3370 5735 3491 5777 cer-

3131 5927 3210 5986 33
