3874 6374
468 344 607 401 1055

1557 342 1906 400 APPENDIX
1934 340 2574 399 DISSERTATIONUM.

3603 345 3719 401 ιοῖς

465 470 555 519 tus
590 477 654 517 ac
683 470 977 531 perpetuus
1022 461 1335 532 graviorum
1385 460 1677 517 criminum
1722 464 1905 529 junex,
1946 477 2023 518 llOf

2148 482 2256 518 των
2286 462 2384 527 τὰς
2426 461 2574 531 σφῶν
2623 458 2801 511 αὐτῶν
2848 457 3243 528 πλημμελείας,
3296 462 3387 513 καὶ
3436 461 3541 514 ὑπὸ
3588 463 3722 534 ἀκρε-

464 563 545 611 est
572 554 802 625 publica}
830 554 1163 624 paenitentiae
1194 555 1608 611 administrator
1638 557 1921 612 institutus
1943 567 2044 612 est.

459 646 742 711 Ejusmodi
776 646 1220 706 Dtenitentiarius
1272 647 1359 703 ille
1388 649 1669 719 presbyter
1703 647 1825 713 fuit,
1867 648 2049 703 orien-

460 741 609 795 tibus
655 738 1002 806 Novatianis,
1037 740 1081 794 si
1117 738 1420 793 Novatiano
1452 739 1713 795 historico
1749 739 2044 797 credimus.

457 848 487 886 a
527 830 813 886 catholicis
863 831 1093 886 ascitus.
1145 832 1291 886 idem
1340 839 1526 899 postea
1574 830 1746 899 stupri
1783 830 1928 885 illius
1954 845 2046 884 oc-

456 923 684 977 casione
722 921 1197 992 Constantinopoli
1226 924 1475 977 sublatus
1498 961 1513 985 ,
1568 936 1786 990 unaque
1824 936 1947 975 cum
1978 936 2043 975 eo

457 1015 795 1084 pmnitentiae
828 1014 1056 1084 publica:
1090 1030 1224 1069 usus
1262 1014 1598 1083 interruptus
1632 1023 1732 1067 est.
1767 1011 2040 1067 Pmniten-

460 1108 569 1172 tize,
600 1107 846 1177 inquam,
894 1121 1003 1161 non
1047 1106 1409 1162 confessionis
1455 1105 1705 1175 publicae,
1735 1121 1857 1174 qum
1892 1103 2039 1158 nulla

459 1214 701 1270 unquam
732 1200 786 1255 in
816 1217 997 1256 rerum
1032 1210 1227 1255 natura
1268 1199 1387 1255 fuit.
1439 1198 1594 1265 Quod
1640 1197 1783 1251 enim
1826 1195 2038 1265 publica

458 1292 726 1348 duntaxat
772 1294 1090 1363 poenitentia
1121 1306 1414 1363 suppressa
1448 1292 1539 1354 sit,
1568 1290 1650 1344 vel
1702 1298 1891 1344 auctor
1926 1289 2039 1357 ipse

459 1392 587 1453 post
619 1381 899 1438 Socratem
929 1382 1260 1438 narrationis
1298 1381 1446 1437 illius
1491 1380 1831 1434 Sozomenus
1861 1386 2040 1432 osten-

457 1474 583 1529 dit:
620 1473 715 1544 qui
766 1474 909 1528 idem
936 1515 952 1537 ,
997 1474 1141 1544 quod
1190 1472 1662 1541 Constantinopoli
1720 1472 2034 1540 abrogatum

455 1563 690 1627 dixerat,
724 1562 852 1618 alibi
889 1571 1182 1627 terrarum,
1219 1572 1272 1618 et
1314 1564 1365 1616 in
1405 1562 1714 1623 Occidente,
1747 1577 1811 1616 ac
1851 1560 2037 1615 Bonna:

452 1654 801 1725 potissimum
857 1670 1237 1724 perseverasse
1285 1655 1477 1720 docet;
1529 1652 1674 1722 quod
1728 1652 2033 1724 cujusmodi

449 1756 596 1803 esset
619 1761 919 1817 exponens,
950 1748 1157 1801 nullum
1195 1746 1339 1800 aliud
1376 1746 1479 1800 nisi
1510 1746 1738 1814 publica:
1768 1745 2035 1814 paeniten-

2153 556 2306 618 ϐείας
2346 554 2454 607 τῶν
2505 552 2596 606 ἐπὶ
2644 551 2817 620 τούτῳ
2860 550 3221 620 τεταγμένων
3254 553 3483 622 κριτῶν.
3516 552 3723 617 Quando

2151 648 2360 717 quidem
2391 646 2616 711 minora,
2652 652 2708 697 ut
2755 643 2962 712 opinor,
2997 654 3149 697 erant
3190 656 3312 699 ante
3351 659 3591 715 peccata,
3620 665 3721 702 cum

2149 746 2361 806 propter
2396 753 2575 791 eorum
2628 735 2991 788 verecundiam
3024 736 3115 804 qui
3168 736 3262 789 illa
3309 739 3721 807 conﬁtebantur;

2151 836 2259 880 tum
2286 826 2347 880 ob
2377 843 2556 880 eorum
2585 827 2675 897 qui
2707 825 2756 878 ei
2787 826 2993 895 negotio
3016 838 3279 895 praeerant
3310 830 3645 900 diligentiam
3668 851 3725 886 ac

2148 920 2583 974 sollicitudinem.
2604 918 2809 975 Verum
2841 920 2942 975 etsi
2972 919 3257 977 Novatiani
3286 926 3451 978 verba
3481 935 3725 994 praestare

2148 1013 2278 1065 nihil
2321 1029 2542 1068 necesse
2582 1014 2673 1078 sit,
2712 1024 2941 1083 possunt
2985 1031 3046 1069 ea
3093 1025 3268 1071 tamen
3308 1018 3387 1070 sic
3430 1019 3628 1087 accipi,
3656 1021 3723 1071 uti

2144 1096 2344 1158 leviora
2378 1104 2547 1159 fuisse
2578 1105 2809 1160 crimina
2836 1107 3046 1172 doceat,
3079 1110 3221 1179 quod
3253 1120 3306 1163 et
3337 1110 3425 1163 illa
3465 1112 3722 1176 confiteri,

2145 1196 2237 1249 uni
2298 1196 2547 1251 videlicet
2596 1197 2760 1251 alicui
2817 1199 3112 1267 sacerdoti,
3160 1204 3485 1271 oportuerit,
3546 1212 3723 1275 utputa

2145 1288 2569 1355 poenitentiario,
2593 1298 2645 1342 et
2674 1289 2744 1344 ab
2762 1290 2950 1347 eodem
2978 1290 3211 1348 inflictas
3234 1309 3428 1363 pinnas
3453 1296 3721 1366 excipere.

2146 1372 2368 1432 Sublata
2395 1394 2524 1433 vero
2554 1380 2897 1449 paenitentia,
2932 1383 3146 1437 tametsi
3178 1384 3348 1439 nihilo
3385 1386 3568 1441 secius
3601 1404 3725 1442 cnn-

2143 1466 2443 1536 titerentur,
2463 1480 2640 1523 tamen
2661 1470 2875 1540 publice
2905 1473 3106 1527 nullam
3134 1475 3338 1543 peccati
3362 1478 3727 1549 suisigniﬁca-

2141 1558 2343 1614 tionem
2370 1560 2611 1627 dabant;
2646 1563 2790 1631 quod
2827 1580 2998 1618 unum
3038 1566 3429 1634 pmnitentibus
3460 1571 3727 1625 molestis-

2140 1652 2339 1705 siutum
2381 1662 2496 1707 erat
2532 1663 2586 1708 ct
2626 1655 3064 1711 acerbissimum.
3112 1654 3289 1724 Quare
3325 1660 3486 1724 αἰδώς
3536 1662 3625 1715 illa
3677 1674 3725 1717 et

2141 1746 2465 1801 verecundia
2496 1762 2601 1802 non
2641 1758 2747 1803 tam
2776 1750 2841 1803 ad
2867 1749 3188 1817 ἐξαγγελίαν
3219 1750 3528 1816 referenda,
3561 1770 3723 1823 quam

448 1839 539 1894 fiat
560 1839 723 1894 ritum
751 1839 1041 1912 significat,
1075 1840 1279 1894 luctum
1307 1838 1578 1903 videlicet,
1612 1839 1880 1908 lacrymas
1907 1853 2030 1893 cum
2068 1828 2104 1880 Β
2135 1834 2201 1888 ad
2236 1835 2509 1904 publicam
2546 1836 2825 1892 infamiam
2872 1848 2925 1894 et
2971 1854 3208 1908 poenam,
3240 1857 3361 1910 quae
3412 1843 3722 1911 gravior-nm

448 1931 829 2000 paenitentiam
860 1931 1129 2002 ipsorum,
1164 1939 1279 1983 tum
1306 1929 1543 1999 episcopi
1574 1929 1745 1998 ipsius
1778 1944 1841 1983 ac
1868 1928 2034 1983 tutius

448 2022 655 2093 populi.
684 2022 764 2077 Ad
792 2022 907 2077 lucc
935 2021 1167 2093 jejuuia,
1196 2020 1415 2077 crebras
1442 2021 1721 2076 orationes
1751 2036 1814 2075 ac
1844 2019 2034 2074 statio-

449 2130 568 2179 nes,
606 2126 863 2171 sexcenta
898 2114 951 2169 id
990 2130 1185 2185 genus,
1217 2129 1451 2184 quorum
1500 2113 1553 2166 in
1594 2113 1869 2167 veteribus
1899 2128 2034 2166 eon-

447 2207 591 2263 ciliis
641 2224 707 2263 ac
746 2216 1061 2263 sanctorum
1098 2206 1320 2262 Patrum
1361 2207 1732 2262 monumentis
1780 2206 2032 2277 frequens

445 2310 528 2356 est
569 2309 625 2355 et
667 2311 923 2356 accurata
976 2300 1198 2356 mentio.
1254 2297 1513 2369 Nuspiam
1571 2306 1751 2352 autem
1806 2298 2031 2368 publicm

444 2391 809 2449 confessionis
840 2408 1002 2448 usum
1029 2409 1096 2448 ne.
1124 2392 1302 2448 littera
1331 2391 1548 2461 quidem
1581 2390 1807 2460 attigere
1836 2389 2031 2453 Socra-

446 2492 529 2541 tes
564 2500 629 2541 ac
664 2485 1042 2552 Sozomenus;
1086 2501 1261 2557 neque
1299 2498 1462 2557 porro
1504 2484 1747 2554 privatae,
1783 2483 1865 2538 vel
1900 2498 2028 2537 con-

448 2577 722 2644 fessionis,
752 2579 832 2633 vel
857 2578 1191 2649 pmnitentire
1222 2577 1609 2639 meminerunt,
1631 2590 1793 2645 quam
1829 2589 2031 2630 utram-

445 2686 550 2740 que
597 2670 802 2725 salvam
856 2680 1020 2740 atque
1068 2668 1399 2724 incolumem
1432 2668 1593 2722 etiam
1639 2668 2029 2723 Constantino-

445 2760 555 2830 poli
611 2762 879 2816 mansisse
926 2758 1130 2813 nemini
1171 2757 1398 2813 dubium
1446 2772 1569 2812 esse
1619 2757 1796 2811 debet.
1844 2754 2029 2826 Neque

444 2866 773 2922 quemquam
822 2860 1056 2914 moxeat,
1105 2849 1249 2918 quod
1311 2848 1568 2903 Socrates
1623 2846 1881 2915 subiicit,
1922 2845 2029 2900 Eu-

441 2943 744 2998 daemonem
778 2941 963 3005 istum,
998 2940 1090 3011 qui
1122 2938 1375 2995 Nectario
1417 2938 1716 3010 abrogandi
1756 2938 2023 3009 paeniten-

442 3035 589 3090 tiarii
614 3033 918 3104 presbyteri
950 3033 1240 3088 consilium
1278 3031 1445 3099 dedit,
1480 3032 1754 3087 hortatum
1786 3046 1929 3096 esse,
1967 3041 2026 3085 ut

441 3140 886 3195 unumquemque
930 3140 1044 3179 suae
1085 3123 1432 3179 conscientia:
1474 3123 1849 3193 relinqueret:
1882 3114 2023 3191 Σογ-

439 3218 686 3290 χωρῆσαι
716 3217 773 3270 δὲ
802 3217 1033 3270 ἕκαστον
1070 3216 1148 3286 τῷ
1199 3217 1313 3288 ἰδίῳ
1354 3217 1612 3270 συνειδότι
1660 3216 1768 3271 τῶν
1816 3234 2022 3288 μυστη-

443 3311 573 3382 ρίων
610 3309 855 3380 μετέχειν
877 3326 890 3339 ·
936 3319 992 3362 ut
1026 3318 1213 3378 suapte
1246 3309 1561 3364 conscientia
1593 3309 1756 3378 fretus
1806 3309 2019 3379 ejusque

437 3410 645 3455 secutus
680 3400 960 3454 arbitrium
993 3401 1245 3472 mysteria
1279 3410 1585 3470 capesseret.
1615 3399 1749 3454 ham
1780 3400 1909 3454 illud
1939 3400 2022 3453 in-

437 3502 520 3548 ter
552 3493 892 3563 antiquitatis
918 3492 1300 3561 ecclesiastica:
1325 3494 1524 3562 peritos
1551 3494 1822 3556 convenit,
1853 3491 2022 3562 publi-

435 3600 559 3642 cam
587 3586 716 3640 olim
738 3585 1136 3654 paenitentiam,
1162 3584 1267 3640 hoc
1291 3594 1375 3641 est
1395 3601 1586 3655 prunas
1618 3585 1783 3655 ipsas,
1820 3583 2019 3655 quibus

434 3676 870 3744 satisfaciebant,
901 3692 1200 3747 earumque
1248 3685 1462 3747 tempus
1504 3692 1570 3731 ac
1602 3677 1866 3731 rationem
1909 3684 2015 3730 tam

434 3776 751 3825 constanter
799 3783 864 3822 ac
910 3784 1118 3833 severe,
1171 3778 1220 3823 et
1276 3768 1343 3822 ad
1400 3784 1636 3838 unguem
1698 3768 2020 3823 observasse

433 3857 674 3928 priscam
716 3855 1037 3922 Ecclesiam,
1090 3867 1149 3912 ιιι
1196 3866 1323 3912 ante
1368 3857 1570 3927 justam
1610 3873 1676 3913 ac
1719 3859 2014 3929 legitimam

432 3947 582 4003 illius
626 3948 963 4004 [unctionem
1005 3948 1159 4005 nefas
1203 3965 1324 4005 esse
1368 3958 1583 4019 putaret
1630 3949 1697 4004 ad
1742 3966 1928 4020 pacem
1965 3962 2019 4005 et

435 4040 879 4095 communionem
915 4040 1192 4097 accedere.
1228 4040 1362 4096 llinc
1388 4056 1544 4096 acres
1580 4057 1645 4097 ac
1670 4042 2017 4097 vehementes

434 4132 542 4187 illa:
578 4132 833 4203 Cypriani
870 4134 1168 4201 praesertim
1200 4133 1458 4203 querelae,
1488 4150 1627 4205 quas
1670 4134 1723 4189 iu
1765 4136 1903 4189 libro
1939 4134 2014 4189 De

433 4224 599 4293 lapsis
630 4232 684 4278 et
716 4223 770 4277 in
808 4224 1053 4294 epistolis
1087 4225 1339 4279 inculcat.
1377 4227 1509 4279 Ante
1548 4228 1763 4295 expiata
1793 4224 2012 4291 delicta,

430 4307 507 4361 ait
529 4306 669 4361 libro
694 4305 769 4360 De
800 4305 988 4375 lapsis,
1016 4317 1136 4361 ante
1160 4308 1580 4379 exltomologesin
1605 4310 1807 4379 [actam
1835 4310 2015 4363 crimi-

428 4397 534 4462 nis,
570 4407 690 4451 ante
730 4408 1009 4468 purgatam
1061 4399 1437 4452 conscientiam
1483 4401 1750 4469 sacriﬁcio
1774 4410 1823 4454 et
1854 4418 2012 4454 manu

2138 1925 2429 1983 criminum
2454 1929 2855 1987 confessiOnem
2884 1932 3193 1987 necessario
3219 1946 3564 2002 sequeretur.
3594 1934 3722 1988 Nam

2135 2028 2230 2074 aut
2276 2010 2444 2087 nulla,
2486 2033 2588 2090 aut
2647 2023 2833 2078 leviori
2871 2025 3193 2080 verecundia
3256 2026 3516 2096 deinceps
3554 2025 3723 2082 affet-ti

2136 2120 2285 2175 sunt,
2336 2113 2482 2182 quod
2526 2113 2729 2169 scirent
2766 2115 2983 2184 publica
3023 2132 3079 2171 se
3127 2117 3447 2188 ignominia,
3500 2136 3567 2174 ac
3621 2133 3722 2173 tam

2134 2203 2395 2257 diuturno
2440 2205 2685 2261 cruciatu
2733 2207 3023 2263 carituros.
3068 2206 3148 2262 Ad
3193 2223 3311 2262 eam
3372 2220 3614 2265 mentem
3667 2228 3727 2265 ac

2134 2298 2461 2363 sententiam
2493 2297 2649 2367 dirigi
2681 2309 2928 2367 possunt,
2965 2314 3085 2368 quae
3116 2312 3146 2354 a
3172 2294 3575 2371 Chrysoslomo
3604 2310 3723 2358 cum

2138 2387 2263 2441 aliis
2297 2388 2352 2440 in
2392 2387 2548 2453 locis,
2580 2398 2693 2442 tum
2727 2389 2878 2442 hom.
2911 2389 2944 2442 5
2978 2390 3054 2442 De
3094 2391 3349 2460 incompr.
3378 2392 3476 2445 Dei
3512 2405 3726 2457 natura,

2134 2492 2326 2545 parum
2364 2478 2651 2533 commode
2686 2479 2831 2533 dicta
2861 2479 3129 2545 videntur,
3174 2481 3262 2535 ubi
3318 2494 3639 2552 peccatores
3664 2503 3724 2541 ea

2132 2583 2191 2630 se
2223 2569 2336 2638 lege
2366 2578 2523 2640 negat
2563 2570 2922 2641 obstrtngere,
2954 2582 3014 2627 ut
3046 2573 3381 2642 horninibus,
3416 2581 3512 2633 sed
3546 2590 3606 2634 ut
3634 2582 3724 2633 uni

2130 2659 2395 2715 duntaxat
2444 2661 2553 2716 Deo
2602 2674 2823 2733 peccata
2874 2662 3166 2719 fateantur.
3208 2667 3308 2720 Διὰ
3340 2667 3503 2721 τοῦτο
3542 2688 3718 2743 παρα·

2132 2749 2301 2812 καλῶ,
2337 2752 2429 2804 καὶ
2464 2751 2676 2828 δέομαι,
2725 2753 2818 2806 καὶ
2852 2750 3118 2807 ἀντιϐολῶ
3162 2754 3605 2825 ἐξομολογεῖσθαι
3650 2762 3724 2828 τῷ

2129 2842 2248 2911 Θεῷ
2283 2823 2558 2915 συνεχῶςῗ
2581 2846 2713 2898 Οὐδὲ
2751 2846 2859 2916 γὰρ
2890 2848 2972 2910 εὶς
3005 2847 3065 2900 τὸ
3104 2823 3328 2920 Θέατρόν
3464 2852 3585 2918 ἄγω
3618 2823 3722 2905 τῶν

2132 2935 2267 3000 σῶν,
2302 2936 2422 2989 οὐδὲ
2455 2935 2761 3007 ἐκκαλύψαι
2806 2940 2917 3002 τοῖς
2959 2938 3266 3010 ἀνθρώποις
3310 2943 3613 3011 ἀναγκάζω
3658 2947 3721 2997 τὰ

2130 3026 2502 3098 ἁμαρτήματα
2522 3046 2534 3057 ·
2565 3028 2626 3081 τὸ
2671 3030 2907 3094 συνειδὸς
2936 3030 3239 3097 ἀνάπτυξον
3282 3032 3597 3107 ἔμπροσθεν
3627 3037 3719 3090 τοῦ

2129 3117 2284 3181 Θεοῦ,
2322 3118 2417 3171 καὶ
2451 3119 2599 3191 αὐτῷ
2625 3119 2795 3188 δεῖξον
2828 3121 2895 3174 τὰ
2927 3122 3234 3194 τραύματα,
3266 3126 3360 3178 καὶ
3396 3130 3526 3199 παρ’
3556 3129 3719 3183 αὐτοῦ

2130 3209 2196 3262 τὰ
2224 3208 2493 3280 φάρμακα
2544 3211 2785 3282 αἴτησον.
2832 3211 2955 3267 Νοη
2993 3224 3060 3278 te,
3094 3216 3289 3285 inquit,
3328 3218 3381 3270 in
3417 3235 3630 3273 scenam
3659 3239 3720 3275 ac

2124 3318 2485 3356 conservorum
2512 3314 2717 3357 tuorum
2752 3322 3049 3359 consessum
3093 3310 3303 3377 prodire
3328 3310 3491 3378 jubeo
3513 3354 3529 3379 ,
3562 3330 3722 3384 neque

2124 3390 2421 3446 hominibus
2444 3403 2659 3462 peccata
2692 3404 2782 3448 tua
2807 3396 3102 3465 patefacere
3128 3415 3145 3452 :
3175 3401 3278 3452 into
3308 3417 3426 3455 rero
3451 3404 3724 3459 conscien-

2124 3482 2255 3535 tiam
2279 3492 2422 3536 tuam
2454 3501 2629 3538 coram
2660 3484 2767 3553 Deo
2796 3490 2962 3556 aperi,
3021 3500 3127 3543 etc.
3190 3488 3401 3545 Etenim
3430 3497 3579 3563 quod
3609 3504 3716 3550 tum

2122 3574 2454 3653 poenitentiae
2482 3576 2707 3646 publicae
2747 3595 2880 3634 usus
2929 3580 3318 3648 intercidisset,
3354 3600 3580 3654 peccata
3624 3604 3715 3643 co-

2123 3682 2239 3721 ram
2266 3667 2581 3725 hominibus
2610 3670 2872 3739 publicari
2907 3672 3199 3740 desierant,
3236 3676 3339 3729 huc
3373 3687 3458 3731 est
3485 3687 3718 3735 externo

2123 3760 2214 3815 illo
2244 3761 2497 3830 squalore
2541 3776 2605 3817 ac
2649 3766 2920 3833 sordibus,
2959 3767 3163 3834 cilicio,
3226 3770 3589 3834 volutatione,
3636 3787 3717 3830 re-

2122 3855 2268 3924 liqua
2296 3855 2444 3908 omni
2478 3857 2729 3911 mmroris
2768 3872 2833 3912 ac
2874 3858 3054 3913 luctus
3084 3860 3479 3928 significatione
3513 3865 3714 3934 detegi.

2120 3950 2444 4015 Quanquam
2508 3949 2675 4003 multa
2738 3958 2863 4003 sunt
2930 3965 2959 4003 a
3009 3952 3370 4008 sanctissimis
3420 3953 3714 4020 Patribus,

2120 4036 2531 4106 prresertimqne
2570 4052 2599 4091 a
2627 4036 3019 4109 Chrysostomo
3063 4040 3116 4093 in
3164 4041 3405 4098 homiliis
3446 4059 3714 4115 aspersa;

2118 4141 2239 4196 qum
2279 4127 2322 4181 si
2374 4128 2441 4182 ad
2488 4137 2693 4184 exactio
2721 4131 2970 4185 veritatis
3018 4134 3261 4202 regulam
3293 4138 3718 4193 accommodare

2119 4218 2378 4284 volueris,
2430 4219 2559 4274 boni
2615 4229 2810 4275 sensus
2865 4221 3047 4276 inania
3102 4224 3470 4281 videbuntur:
3512 4228 3717 4299 quippe

2117 4308 2508 4366 declamatorio
2548 4310 2638 4365 illo
2667 4327 2816 4366 more
2860 4314 2927 4367 ad
2967 4313 3270 4383 imperitam
3308 4316 3422 4373 fere
3457 4320 3716 4376 multitu-

2116 4399 2322 4463 dinem,
2356 4404 2716 4471 exaggerantli
2763 4420 2953 4470 causa,
2994 4414 3046 4459 et
3100 4408 3283 4462 subito
3318 4411 3562 4478 quodam
3611 4414 3717 4467 im-

429 4488 740 4555 sacerdotis,
775 4496 898 4541 ante
938 4487 1193 4557 offensam
1237 4488 1505 4557 placatam
1544 4490 1869 4561 indignantis
1907 4490 2008 4543 Do-
2044 4516 2091 4574 ο
2122 4498 2243 4559 petu
2280 4490 2492 4545 dicendi
2530 4508 2593 4547 ac
2626 4493 2805 4547 calore
2843 4494 3067 4563 profusa
3104 4496 3353 4552 feruntur
3382 4501 3715 4572 plerumque

431 4580 562 4633 mini
599 4590 648 4633 et
678 4580 949 4645 minantis,
986 4596 1167 4650 pacem
1195 4589 1384 4649 putant
1426 4597 1560 4647 esse,
1605 4598 1765 4651 quam
1802 4582 2012 4652 quidem

426 4670 593 4725 verbis
623 4672 906 4739 fallacibus
937 4673 1225 4727 venditant.

498 4759 651 4816 Hanc
682 4764 1012 4831 paenitentia:
1060 4763 1290 4818 formam
1335 4780 1459 4820 cum
1504 4766 1742 4837 episc0pi
1780 4768 2009 4839 diligen-

426 4860 510 4907 ter
552 4852 863 4923 exigerent,
913 4868 1013 4909 nec
1063 4856 1163 4909 nisi
1217 4856 1464 4911 absoluta
1517 4860 1607 4913 illa
1665 4858 2010 4930 perfectaque

426 4960 755 5016 quemquam
796 4944 1161 5011 admitterent,
1192 4949 1371 5005 ablata
1401 4950 1878 5019 Constantinopoli
1904 4967 2005 5019 puo

425 5037 563 5093 blica
612 5038 964 5108 pmnitentia,
1013 5039 1263 5108 privatim
1314 5041 1610 5112 unicuique
1665 5041 2009 5096 moderanda:

425 5132 570 5187 illius
612 5147 677 5186 ac
722 5130 1079 5187 terminanda:
1125 5116 1367 5203 potestas
1412 5144 1496 5190 est
1540 5133 1716 5198 facta;
1766 5149 1890 5188 cum
1942 5149 2006 5189 ea

431 5234 607 5278 tamen
635 5224 910 5290 cautione,
942 5234 998 5278 ut
1021 5225 1122 5279 nisi
1150 5226 1248 5280 rite
1279 5236 1327 5281 et
1357 5242 1455 5296 pro
1480 5227 1803 5281 delictorum
1844 5224 2011 5278 modo

427 5330 455 5366 a
488 5315 666 5383 seipso
698 5330 889 5384 pmttas
935 5327 1219 5384 repeteret,
1264 5317 1403 5386 apud
1444 5316 1611 5373 Deum
1662 5332 2003 5387 nequaquam

426 5404 579 5472 culpa
607 5415 833 5461 careret.
871 5405 1162 5475 Aliquanto
1194 5406 1466 5462 difficilius
1501 5418 1601 5472 est,
1644 5412 1789 5478 quod
1826 5409 2003 5466 Sozo-

426 5508 619 5548 menus
650 5496 885 5551 disserit.
922 5495 1177 5562 Qucritur
1203 5498 1347 5551 enim
1387 5498 1488 5553 hoc
1528 5499 1672 5553 velut
1711 5498 1865 5554 freno
1905 5501 2006 5557 de-

430 5592 600 5637 tracto
632 5584 887 5652 majorem
915 5588 981 5641 ad
1022 5603 1182 5642 omne
1217 5589 1394 5643 scelus
1422 5590 1797 5659 impunitatem
1835 5607 1900 5645 ac
1936 5593 2003 5646 li-

427 5676 657 5730 centiam
687 5680 977 5735 exstitisse.
997 5680 1150 5734 Ἐπεὶ
1167 5680 1450 5753 πρότερον,
1468 5682 1543 5746 ὡς
1569 5682 1826 5753 ἠγοῦμαι,
1862 5684 1999 5754 μείω

420 5766 489 5819 τὰ
528 5766 895 5840 ἁμαρτήματα
926 5766 1014 5842 ἦν,
1052 5771 1156 5825 ὑπό
1193 5789 1249 5823 τε
1286 5770 1465 5833 αἰδοῦς
1504 5774 1610 5827 τῶν
1654 5775 2001 5845 ἐξαγγελλόν-

2119 4581 2388 4650 licentius.
2448 4578 2599 4635 Unde
2647 4601 2712 4637 ex
2746 4586 2974 4639 aliorum
3014 4590 3421 4657 comparatione
3456 4592 3710 4647 locorum

2114 4673 2201 4727 vel
2228 4673 2588 4728 conciliorum
2632 4677 2810 4744 potius
2853 4693 2917 4732 ac
2965 4678 3186 4733 Patrum
3238 4686 3616 4753 temperanda,
3658 4699 3711 4743 et
3776 4700 3795 4715 ‘

2114 4762 2169 4815 in
2198 4777 2388 4832 gyrum
2428 4764 2673 4819 veritatis
2712 4768 3019 4821 revocanda
3051 4779 3197 4823 sunt.

2184 4853 2347 4923 Atqui
2375 4856 2659 4911 innumera
2691 4866 2815 4912 sunt
2850 4859 3189 4928 antiquitatis
3219 4864 3565 4932 testimonia,
3590 4885 3715 4940 quae

2112 4956 2461 5016 peccatorum
2498 4948 2847 5011 confessioni,
2895 4959 2949 5005 et
2984 4951 3199 5021 quidem
3250 4964 3479 5011 secreta:
3517 4974 3587 5013 ac
3627 4972 3714 5014 ta-

2112 5040 2251 5102 citae,
2276 5040 2703 5097 luculentissima
2729 5042 3097 5113 suffragantur
3122 5063 3134 5097 :
3166 5061 3285 5114 qua:
3314 5063 3441 5102 cum
3466 5049 3575 5107 hac
3600 5065 3711 5105 una

2110 5133 2195 5188 vel
2247 5133 2417 5188 altera
2460 5135 2621 5204 paulo
2657 5135 2973 5189 obscuriore
3013 5135 3385 5208 Chrysnstom'i
3430 5144 3712 5198 sententia

2111 5227 2456 5298 compensari
2490 5238 2733 5297 possunt.
2762 5221 2916 5291 Nam,
2955 5238 3008 5282 ut
3048 5246 3147 5298 ego
3172 5233 3362 5300 paucis
3397 5235 3710 5301 absolvam,

2111 5320 2444 5391 nequeenim
2472 5320 2520 5374 id
2546 5322 2706 5374 modo
2731 5322 2943 5389 agitur:
2970 5333 3319 5393 quotcunque
3338 5337 3586 5381 veterum
3612 5326 3711 5383 Pa-

2111 5421 2250 5465 trum
2279 5413 2479 5483 scripta
2524 5426 2670 5480 sunt,
2714 5418 2793 5472 vel
2840 5420 3195 5475 conciliorum
3237 5423 3711 5496 decreta,quibus

2084 5503 2437 5572 paenitentia:
2467 5506 2659 5563 modus
2687 5509 2967 5578 indicitur,
2989 5514 3208 5569 totidem
3233 5516 3605 5575 confessionis
3625 5535 3709 5573 ar-

2105 5611 2255 5650 canae
2288 5597 2627 5654 firmamenta
2668 5617 2731 5657 ac
2770 5605 3103 5661 monimenta
3137 5610 3459 5665 retinemus.
3495 5611 3705 5667 Juhent

2104 5689 2479 5759 antiquissima
2506 5692 2726 5748 Patrum
2752 5706 2912 5766 atque
2938 5698 3191 5755 Ecclesia:
3216 5704 3494 5767 consulta,
3516 5706 3706 5776 lapsos

2102 5797 2199 5850 pro
2218 5792 2560 5852 peccatorum
2584 5788 2846 5858 gravitate
2872 5790 3050 5861 plecti,
3070 5801 3121 5849 et
3141 5793 3209 5847 ab
3236 5795 3584 5855 antistitibus
3609 5808 3705 5853 aut
