3874 6330
218 389 242 443 Ι
253 386 366 444 057

1154 375 1244 430 DE
1282 372 1756 432 PLEA'ITENTIA‘J
1790 369 2066 426 VETERE
2096 366 2496 424 DlSClPl.l.\'.\.

3354 359 3489 413 ηδε

214 496 606 554 sacerdotibus
655 489 955 564 paenitendi
993 489 1138 561 leges
1178 503 1244 545 ac
1288 489 1630 546 conditiones
1666 486 1810 540 acei-
1839 504 1883 545 Α
1921 485 2316 553 Cltrysostomo
2370 480 2594 532 minime
2645 485 2974 530 revocatam.
3025 474 3107 529 0b
3157 488 3251 530 eas
3295 487 3494 528 causas

215 605 371 662 pere,
406 599 491 654 ut,
519 603 710 642 eorum
750 600 918 640 causa
967 583 1184 654 cognita
1229 597 1293 637 ac
1332 580 1630 651 prudenter
1667 578 1814 633 aesti-

214 692 408 746 mata,
455 680 756 736 levioribus
806 679 926 733 illos
978 675 1386 749 gravioribusve
1429 674 1606 743 poenis
1651 687 1812 727 coer-

213 780 407 830 ceant.
436 769 578 836 Quis
605 769 708 824 nisi
736 769 964 823 insanus
986 766 1143 820 aliter
1169 765 1218 819 id
1247 763 1619 818 administrari
1652 775 1814 831 posse

216 869 400 934 putet,
430 875 596 929 quam
637 859 682 913 si
719 865 938 927 peccata
985 871 1084 912 sua
1128 855 1215 909 ille
1251 855 1387 923 ipse,
1436 852 1526 922 qui
1571 851 1811 916 admisit,

214 954 516 1024 exponat?
557 950 918 1006 Confessione
953 949 1119 1017 igitur
1148 963 1213 1002 ac
1235 945 1602 1001 declarations
1633 945 1814 1014 aliqua

218 1056 368 1110 Opus
400 1053 502 1094 εει.
535 1037 608 1092 Ea
650 1054 777 1093 vero
823 1038 1032 1107 privata
1075 1053 1139 1091 ac
1180 1036 1368 1097 tacita,
1400 1047 1459 1089 ut
1507 1035 1666 1089 hodie
1709 1042 1812 1099 est,

221 1132 298 1186 ita
333 1141 601 1202 perpetrm
638 1130 758 1195 luit,
805 1145 904 1184 nec
945 1129 1052 1183 ulla
1095 1143 1336 1197 unquam
1371 1127 1588 1197 publica
1620 1143 1720 1181 usu
1751 1142 1816 1182 ac

221 1224 482 1278 moribus
516 1222 771 1278 Ecclesiae
801 1231 1012 1292 recepta
1043 1241 1058 1276 :
1092 1221 1236 1292 quod
1269 1231 1546 1291 postremo
1577 1221 1696 1276 loco
1722 1221 1815 1275 de-

222 1315 650 1369 monstrandum
683 1315 1048 1386 suscepimus.

257 1421 528 1478 Fucritnc
570 1425 837 1495 quondam
877 1425 1088 1494 publica
1129 1434 1462 1494 peccatorum
1521 1427 1780 1495 confessio

623 1494 875 1549 Ecclesia:
915 1497 1147 1549 moribus
1192 1506 1418 1565 recepta.

296 1583 626 1641 lnveteravit
647 1587 764 1643 haec
785 1587 925 1658 apud
965 1589 1398 1659 qnamplurimos
1421 1589 1596 1646 aetatis
1618 1600 1818 1644 nostrae

225 1678 534 1749 scriptores
559 1679 744 1750 opinio
772 1723 786 1746 ,
822 1681 1091 1749 publicam
1133 1692 1480 1749 peccatorum
1515 1681 1817 1736 confessio-

225 1784 360 1825 nem
387 1772 722 1840 poenitentia:
746 1783 954 1842 partem
982 1773 1150 1828 fuisse
1173 1813 1188 1836 ,
1215 1773 1572 1843 eamdemque
1597 1773 1818 1843 perinde

227 1869 295 1914 ut
327 1871 524 1917 caetera
567 1862 715 1917 illius
742 1863 914 1918 ollicia
955 1865 1233 1919 communi
1279 1879 1378 1918 usu
1425 1881 1489 1920 ac
1520 1874 1818 1919 consuetu-

233 1955 369 2010 dine
416 1967 712 2026 receptam.
755 1956 861 2009 Sed
920 1956 1226 2025 cnjusmodi
1257 1955 1475 2011 demum
1521 1972 1586 2012 ca
1634 1955 1816 2019 fuerit,

229 2047 550 2118 qtibusqne
587 2047 809 2101 definita
844 2057 1189 2117 peccatorum
1228 2049 1541 2119 generibus,
1574 2063 1681 2102 non
1723 2063 1819 2103 eo-

231 2141 362 2195 dem
397 2141 563 2195 modo
609 2140 965 2210 pronuntiant
993 2155 1204 2194 omnes.
1265 2141 1461 2194 Verum
1496 2141 1587 2194 alii
1621 2140 1820 2195 tolera-

233 2233 430 2295 bilem,
472 2231 565 2286 alii
598 2246 824 2302 prorsus
853 2231 1152 2287 absurdum
1189 2232 1336 2288 hunc
1363 2246 1607 2288 errorem
1650 2233 1822 2288 inter-

232 2323 550 2395 pretatione
580 2338 679 2378 sua
712 2322 935 2377 faciunt.

309 2414 488 2470 Fuere
517 2415 610 2482 qui
664 2414 873 2466 nullum
923 2422 1272 2483 peccatorum
1308 2428 1478 2484 genus
1523 2429 1551 2468 a
1596 2414 1823 2484 publica:

234 2507 360 2578 lege
389 2505 758 2562 confessionis
778 2506 1126 2575 exciperent,
1176 2521 1241 2560 ne
1289 2507 1502 2561 occulta
1559 2508 1817 2578 quidem:

235 2614 384 2670 quos
411 2597 794 2668 prudentiores
818 2597 996 2652 caeteri
1027 2598 1222 2651 merito
1253 2597 1577 2668 rejiciendos
1601 2609 1816 2668 putant.

234 2692 348 2746 Alii
402 2690 620 2761 publica
662 2689 927 2744 duntaxat
973 2689 1241 2752 erimina,
1291 2690 1563 2759 vulgoque
1603 2691 1820 2762 cognita

235 2781 477 2853 publica:
527 2779 602 2834 illi
662 2779 991 2850 professioni
1049 2780 1367 2848 subjiciunt.
1436 2781 1540 2835 Alii
1592 2782 1824 2852 denique

237 2882 393 2930 certa
419 2873 684 2927 duntaxat
704 2889 769 2926 ex
799 2873 1056 2926 omnibus
1085 2888 1115 2925 a
1143 2873 1478 2942 ptenitentia:
1505 2874 1824 2944 praesidibus

237 2966 454 3022 delecta
488 2965 844 3021 contendunt.
879 2965 1092 3021 Rursus
1123 2966 1293 3036 aliqui
1330 2968 1653 3036 poenitentes
1677 2970 1824 3038 ipsos

237 3069 502 3114 asserunt
562 3058 616 3110 in
674 3057 994 3112 concionem
1047 3058 1341 3128 productos
1394 3074 1490 3114 sna
1544 3061 1822 3130 propalam

1915 574 2140 630 dubium
2179 571 2383 626 nemini
2431 569 2556 635 fuit,
2591 568 2722 638 quin
2789 576 2986 637 pra-ter
3034 566 3299 636 privatam
3347 565 3492 618 illam

1916 677 1979 717 ac
2010 661 2328 733 legitimam.
2360 669 2414 714 et
2441 673 2567 712 vere
2608 657 2996 719 necessariam,
3024 655 3314 726 qumrenda
3351 665 3496 710 esset

1918 755 2088 810 altera
2160 751 2650 821 eonstituendaque
2710 749 2949 819 publica.
3001 747 3102 802 Cui
3160 748 3498 803 stabilienda:

1915 846 2332 915 asserendzeque
2371 844 2522 898 varia
2581 841 2932 912 postmodum
2979 841 3230 910 praesidia
3267 841 3498 910 conqui-

1915 939 2148 998 sierunt.
2171 953 2234 992 ex
2266 937 2629 1006 quorumdam
2655 933 2880 988 Patrum
2916 933 3358 987 auctoritatibus:
3379 942 3492 987 tum

1919 1043 2047 1082 vero
2078 1028 2528 1098 t-xhomologcsin
2564 1027 2713 1081 illam
2749 1040 2815 1080 eo
2847 1033 3126 1078 traxerunt
3155 1042 3169 1078 :
3203 1025 3362 1094 cujus
3399 1041 3496 1080 an-

1918 1120 2140 1191 tiquitas
2186 1121 2368 1174 omnis
2427 1119 2740 1173 Christiana
2780 1131 3022 1187 persaape
3061 1119 3326 1173 meminit.
3370 1117 3496 1175 llaec

1917 1211 2137 1265 illorum
2168 1211 2306 1264 ratio
2333 1209 2470 1275 fuit,
2511 1224 2694 1265 nostra
2729 1226 2859 1265 vero
2895 1221 2980 1266 est
3005 1211 3271 1282 ejusmodi
3305 1230 3318 1264 :
3355 1212 3494 1264 (lum

1919 1301 1986 1356 de
2027 1301 2221 1371 priscis
2274 1301 2530 1356 Ecclesiae
2583 1303 2800 1372 ritibus.
2832 1304 3044 1372 agitur,
3103 1303 3240 1357 nihil
3296 1311 3499 1357 temere

1920 1411 2020 1449 nec
2059 1395 2269 1466 absque
2304 1404 2548 1450 veterum
2583 1397 2913 1466 scriptorum
2956 1398 3230 1468 expressis
3259 1398 3502 1452 testimo-

1919 1484 2027 1537 niis
2050 1483 2406 1539 afferendum.
2442 1482 2630 1553 Neque
2667 1486 2811 1539 enim
2846 1486 2896 1538 id
2928 1502 3096 1540 unum
3131 1486 3332 1540 intueri
3368 1486 3504 1542 satis

1918 1591 2060 1636 esse,
2089 1592 2251 1646 quam
2285 1586 2336 1630 te
2365 1577 2719 1648 probabiliter
2744 1592 2773 1631 e
2799 1577 3009 1647 laqueis
3047 1577 3366 1648 quaestionis
3400 1577 3504 1632 ali-

1919 1669 2083 1737 cujus
2135 1669 2393 1737 explices,
2426 1669 2569 1737 quod
2622 1670 2674 1722 in
2725 1669 3070 1724 scholasticis
3109 1670 3502 1724 controversiis

1925 1775 2027 1814 nsu
2099 1754 2282 1824 venit;
2336 1759 2429 1814 scd
2481 1759 2842 1829 quodcunque
2888 1761 3106 1814 demum
3175 1759 3504 1829 antiquioris

1921 1854 2178 1910 Ecclesiae
2207 1854 2456 1910 moribus
2490 1855 2834 1924 ascripseris,
2857 1854 3021 1925 hujus
3051 1870 3114 1909 ex
3150 1854 3375 1909 historia
3407 1852 3504 1910 tibi

1920 1946 2203 2001 veritatem
2231 1962 2352 2002 esse
2378 1947 2762 2016 praestandam.
2796 1945 2918 2000 Jam
2952 1961 3084 2000 vero
3113 1945 3200 2001 hic
3245 1945 3334 2000 ille
3368 1960 3501 2000 eon-

1921 2037 2175 2092 fessionis
2215 2037 2447 2106 publica
2498 2053 2642 2101 mos,
2687 2051 2796 2108 quo
2830 2037 2896 2092 de
2932 2037 3145 2109 agitur,
3178 2052 3284 2090 non
3338 2036 3501 2090 modo

1923 2129 2154 2183 solidum
2192 2129 2354 2185 habet
2395 2131 2528 2184 nihil
2570 2139 2664 2184 aut
2693 2145 3012 2200 expressum
3043 2145 3108 2184 ex
3152 2129 3303 2185 omni
3341 2140 3499 2184 vetu-

1924 2222 2080 2276 statis
2109 2221 2392 2285 memoria,
2411 2237 2520 2292 quo
2551 2221 2687 2277 tueri
2711 2237 2830 2277 sese
2856 2221 3050 2292 possit,
3073 2223 3165 2277 sed
3193 2222 3380 2277 multis
3407 2237 3504 2276 va-

1923 2313 2318 2384 lidissimisque
2339 2315 2649 2370 rationibus
2666 2314 2948 2370 evertitur.
2974 2314 3080 2371 Sed
3100 2324 3366 2386 repugnat
3393 2330 3502 2384 prae

1921 2407 2136 2462 easteris
2179 2407 2502 2477 gravissima
2533 2408 2592 2462 S.
2635 2407 2836 2464 Leonis
2865 2408 3197 2464 sanctissimi
3231 2408 3502 2478 pontificis

1924 2498 2240 2562 auctoritas,
2266 2500 2356 2569 qni
2385 2500 2522 2554 hanc
2540 2500 2970 2569 profitendorum
2999 2503 3212 2572 publice
3237 2503 3501 2557 scelerum
3527 2557 3533 2562 ,

1924 2592 2378 2648 consuetudinem
2421 2603 2681 2664 tanquam
2715 2597 3026 2666 apostolica:
3064 2597 3264 2668 regulae
3291 2608 3514 2651 eontra-

1927 2684 2063 2738 riam
2095 2684 2366 2754 improbat
2390 2686 2620 2755 epistola
2649 2687 2739 2749 80,
2775 2703 2899 2758 cap.
2927 2688 2982 2741 Ξ.
3015 2689 3192 2758 Cujus
3221 2690 3382 2744 verba
3421 2691 3510 2742 hic

1925 2779 2148 2830 omnino
2177 2777 2534 2832 describenda
2558 2788 2686 2833 sunt
2715 2798 2728 2835 :
2755 2778 2941 2844 Illam,
2969 2781 3164 2850 inquit,
3196 2783 3358 2836 etiam
3383 2799 3508 2836 con-

1928 2878 2010 2922 tra
2038 2870 2382 2939 apostolicam
2408 2871 2642 2941 regulam
2667 2873 3150 2941 prresumptionem.
3167 2889 3325 2942 quam
3347 2889 3511 2942 nuper

1929 2963 2117 3032 agnovi
2167 2978 2199 3014 a
2247 2963 2566 3029 quibusdam
2608 2963 2800 3016 illicita
2849 2967 3192 3032 usurpatione
3230 2967 3512 3028 committi,

1931 3055 2100 3108 modis
2147 3055 2387 3109 omnibus
2429 3056 2692 3108 constituo
2739 3055 3033 3109 submoveri
3065 3057 3164 3125 (de
3206 3058 3516 3126 panitentia

239 3161 465 3224 peccata
531 3148 849 3214 confessos;
904 3149 1018 3214 alii,
1067 3164 1177 3220 quo
1205 3150 1418 3204 illorum
1471 3153 1660 3219 pudori
1696 3168 1827 3206 con-
1859 3168 1901 3226 ρ
1931 3146 2191 3213 videlicet,
2233 3165 2350 3218 qua'
2378 3148 2456 3200 ita
2484 3164 2515 3200 a
2543 3147 2788 3216 fidelibus
2811 3148 3179 3218 postulatur),
3208 3165 3270 3203 ne
3308 3150 3372 3203 de
3395 3151 3513 3203 sin-

239 3243 536 3306 suleretur,
591 3257 686 3296 eas
739 3251 920 3310 partes
989 3242 1364 3296 sacerdotibus
1419 3242 1829 3299 demandandas

243 3344 531 3401 putarunt,
566 3336 660 3405 qui
704 3343 799 3388 aut
827 3337 1162 3396 memoriter,
1193 3343 1288 3388 an:
1315 3349 1382 3388 ex
1413 3336 1618 3405 scripto
1653 3337 1831 3406 pomi-

242 3429 479 3482 tentiusn
508 3428 743 3482 crimina
784 3428 836 3481 in
866 3427 1125 3499 populum
1160 3427 1434 3482 afferrent.

319 3519 365 3572 Α
420 3520 622 3590 quibus
669 3520 925 3575 omnibus
980 3519 1328 3574 vehementer
1376 3533 1479 3590 ego
1545 3523 1826 3578 dissentio.

240 3611 438 3681 Neque
491 3611 636 3664 enim
684 3610 880 3665 adduci
929 3626 1150 3681 possum
1187 3620 1246 3664 nt
1273 3611 1614 3680 existimem,
1659 3614 1829 3684 legem

183 3775 188 3780 _
243 3705 420 3759 ullam
468 3703 521 3758 in
558 3701 800 3759 Ecclesia
850 3703 1021 3759 fuisse
1069 3719 1310 3774 unquam
1357 3704 1662 3774 ejusmodi,
1712 3721 1834 3776 qure

244 3805 478 3868 peccata
521 3795 754 3866 proferri
810 3796 1024 3866 publice
1078 3796 1402 3852 decreverit.
1456 3795 1642 3852 Fuerit
1685 3799 1831 3853 enim

246 3889 530 3946 interdum
561 3887 784 3957 aliquis,
852 3887 945 3958 qui
989 3887 1321 3942 abundantia
1363 3890 1594 3958 quadam
1629 3889 1835 3946 doloris

246 3995 320 4037 ac
355 3979 576 4051 pietatis
605 3979 805 4034 delicta
840 3995 938 4035 sua
969 3995 1159 4035 coram
1189 3981 1445 4036 omnibus
1475 3983 1792 4051 esposuerit
1819 4001 1832 4037 :

211 4085 604 4142 .nequaquam
661 4079 838 4124 tamen
901 4070 955 4124 id
1020 4071 1074 4125 in
1127 4071 1434 4139 exemplum
1486 4073 1836 4128 consuetudi-

249 4178 495 4234 nemque
540 4164 666 4234 jure
715 4171 892 4232 potest
933 4162 1240 4217 transferri.
1295 4162 1401 4218 Sed
1446 4172 1505 4218 ut
1559 4165 1733 4234 magis
1781 4165 1834 4220 in

249 4270 441 4312 arcem
469 4256 792 4325 quaestionis
839 4254 986 4310 illius
1031 4256 1337 4311 involemns
1357 4296 1372 4319 ,
1410 4257 1698 4326 utriusque
1725 4274 1840 4312 mo-

253 4355 444 4403 menta
469 4347 640 4418 partis
661 4355 716 4402 et
741 4347 982 4420 pondera
1009 4347 1296 4418 diligenter
1326 4348 1647 4402 aestimanda
1673 4359 1836 4414 sunt;

251 4442 528 4513 negantis,
565 4441 810 4510 inquam,
852 4453 1004 4500 meae,
1047 4449 1100 4494 et
1137 4437 1458 4494 afli:mantis
1488 4439 1730 4494 alterius.

326 4533 459 4590 Ηωο
489 4533 656 4604 igitur
697 4549 763 4588 ex
809 4532 1133 4588 Nectariana
1169 4533 1260 4588 illa
1309 4533 1536 4588 historia
1588 4542 1712 4586 nata
1747 4547 1842 4603 po-
1873 4532 1921 4586 D

255 4626 538 4682 tissimum
579 4625 814 4680 videtur.
855 4623 1029 4690 Quam
1066 4638 1191 4678 cum
1238 4623 1411 4679 nostri
1455 4624 1722 4678 acerrime
1770 4625 1839 4678 ab

255 4718 536 4775 harreticis
584 4717 782 4788 apponi
831 4723 1154 4779 cernerent,
1196 4730 1376 4785 neque
1424 4716 1590 4770 alium
1633 4716 1838 4770 exitum

254 4808 606 4866 difficultatis
643 4806 902 4878 expedire
953 4816 1215 4876 possent,
1263 4806 1542 4878 ingeniose
1589 4807 1733 4862 istud
1779 4821 1844 4862 ac

255 4903 496 4960 solerter
553 4899 954 4968 exeogitarunt.
1007 4897 1277 4953 Videbant
1325 4898 1470 4952 enim
1515 4898 1568 4952 id
1620 4898 1846 4954 omnino

257 4994 540 5052 sublatum
571 5007 602 5046 a
629 4989 904 5056 Nectario,
937 4990 1081 5047 unde
1118 5001 1266 5046 tanta
1300 5005 1358 5046 se
1387 4989 1603 5044 invidia:
1626 4989 1844 5045 flamma

257 5086 618 5145 concitasset.
666 5082 783 5139 Hoc
820 5095 1003 5139 autem
1045 5083 1178 5154 quid
1226 5081 1373 5137 aliud
1422 5097 1562 5148 esse,
1594 5099 1758 5152 quam
1794 5083 1846 5136 id

257 5197 327 5238 ex
356 5194 469 5250 quo
500 5187 761 5233 matronae
785 5187 1058 5248 stuprum,
1091 5193 1156 5233 ac
1181 5177 1397 5232 diaconi
1432 5175 1695 5246 flagitium
1729 5192 1846 5230 ma-

261 5279 428 5329 narat
471 5270 527 5325 in
573 5268 882 5340 populum?
936 5267 1070 5323 Eam
1099 5284 1230 5324 vero
1264 5268 1450 5338 procul
1499 5267 1667 5322 dubio
1711 5283 1847 5322 eon-

263 5363 567 5422 fessionem
601 5360 772 5416 fuisse
801 5379 814 5416 :
845 5360 989 5430 quod
1024 5362 1094 5414 ita
1119 5359 1309 5416 Latine
1338 5361 1480 5432 apud
1519 5359 1802 5414 Socratem
1833 5376 1846 5413 :

267 5457 467 5515 Mulier
489 5455 699 5526 longius
729 5455 782 5507 in
812 5454 1108 5523 confitendo
1137 5471 1436 5524 progressa.
1475 5452 1638 5508 Nefas
1667 5461 1848 5507 autem

265 5557 356 5604 est
382 5544 640 5600 arbitrari
674 5544 939 5613 privatam
985 5549 1040 5596 et
1091 5558 1118 5594 a
1153 5540 1406 5597 Nectario
1447 5539 1848 5596 confessionem

267 5639 567 5698 extortam,
602 5639 656 5686 et
687 5631 832 5702 quod
869 5640 1032 5700 caput
1079 5639 1187 5697 est,
1241 5630 1309 5685 ab
1344 5630 1489 5687 illius
1534 5643 1854 5686 successore

347 5789 368 5822 ⁸
405 5785 470 5842 F.
507 5789 628 5850 qui.

1931 3238 2174 3309 gulorum
2204 3249 2540 3308 peccatorum
2567 3255 2768 3309 genere,
2806 3238 2997 3292 libellis
3029 3241 3231 3308 scripta
3259 3241 3516 3310 professio

1932 3331 2136 3400 publice
2174 3333 2443 3396 recitatur,
2475 3347 2594 3383 cum
2621 3340 2796 3384 reatus
2825 3331 3262 3385 conscientiarum
3294 3334 3518 3401 sufﬁciat

1932 3424 2060 3478 solis
2084 3423 2443 3478 sacerdotibus
2472 3423 2699 3476 indicari
2721 3424 3044 3492 confessione
3069 3433 3288 3477 secreta.
3320 3424 3520 3490 Quant-

1932 3516 2008 3569 vis
2037 3516 2177 3569 enim
2204 3515 2476 3585 plenitudo
2503 3514 2629 3584 fidei
2655 3516 2897 3569 videatur
2920 3532 3031 3570 esse
3073 3516 3365 3578 laudanda,
3399 3535 3516 3588 qua:

1932 3616 2146 3676 propter
2197 3605 2294 3660 Dei
2335 3606 2576 3660 timorem
2617 3607 2759 3675 apud
2789 3606 3025 3662 homines
3068 3609 3369 3663 erubescere
3413 3627 3517 3662 non

1933 3711 2172 3766 veretur,
2224 3711 2398 3756 tamen
2440 3703 2566 3772 quia
2614 3719 2717 3754 non
2772 3704 3004 3756 omnium
3049 3703 3352 3772 hujusmodi
3391 3716 3514 3759 sunt

1934 3804 2183 3866 peccata,
2234 3804 2292 3848 ut
2336 3811 2431 3858 ea,
2477 3795 2633 3864 qute‘
2679 3796 3038 3865 pwnitcntiam
3091 3808 3354 3867 poscunt,
3414 3815 3518 3852 nou

1938 3888 2156 3942 timeant
2182 3887 2474 3957 publicare,
2511 3897 2838 3942 removeatur
2865 3899 2977 3942 tam
3000 3889 3362 3956 improbabilis
3395 3906 3522 3944 con-

1934 3979 2181 4044 suetudo,
2217 3995 2278 4034 ne
2305 3980 2460 4033 multi
2493 3996 2525 4032 a
2563 3981 2880 4049 pamitentia:
2925 3981 3168 4034 remediis
3208 3991 3519 4046 arceantur,

1937 4072 2064 4126 dum
2095 4079 2186 4125 aut
2214 4071 2546 4136 erubescunt,
2577 4081 2670 4124 aut
2715 4081 2952 4125 metuunt
2983 4072 3216 4124 inimicis
3254 4087 3350 4125 sua
3374 4073 3520 4141 facta

1939 4165 2186 4230 reserari,
2215 4165 2407 4235 quibus
2435 4165 2638 4232 possint
2677 4163 2848 4234 legum
2875 4164 3248 4218 constitutione
3282 4167 3494 4232 percelli

1941 4254 2139 4326 Sufficit
2165 4257 2302 4309 enim
2336 4255 2432 4308 illa
2459 4255 2716 4323 confessio
2737 4296 2751 4318 ,
2791 4271 2906 4324 qua:
2948 4256 3174 4324 primum
3221 4255 3332 4310 Deo
3361 4258 3520 4326 offer-

1943 4357 2063 4410 tur,
2110 4359 2221 4401 tum
2264 4349 2424 4401 etiam
2467 4349 2765 4413 sacerdoti,
2816 4349 2907 4418 qui
2954 4365 3050 4416 pro
3097 4348 3308 4403 delictis
3351 4353 3520 4419 ρωπί-

1943 4439 2161 4492 tentiam
2184 4448 2429 4508 precator
2442 4441 2666 4494 accedit.

2023 4527 2120 4585 llis
2148 4529 2441 4585 verborum
2471 4532 2976 4603 sententiarumque
3016 4532 3339 4590 fulminibus
3369 4551 3521 4591 cont-

1941 4633 2185 4680 mentum
2215 4623 2348 4678 illud
2396 4623 2626 4693 publica:
2685 4624 3050 4683 confessionis
3103 4630 3432 4699 percellitur.
3465 4629 3522 4684 Si

1945 4717 2118 4780 enim,
2154 4731 2222 4771 ne
2261 4715 2568 4771 volentibus
2609 4717 2828 4786 quidem
2877 4727 3040 4789 atque
3085 4721 3228 4775 ultro
3277 4722 3526 4792 ﬂagitan-

1947 4808 2094 4863 tibus
2117 4807 2410 4861 criminum
2436 4807 2566 4873 reis,
2585 4808 2799 4877 publice
2829 4810 2932 4865 ista
2959 4813 3299 4881 pronuntiari
3331 4829 3526 4883 passus

1944 4909 2061 4961 est,
2095 4914 2327 4970 eamque
2357 4907 2543 4952 contra
2595 4900 2938 4956 traditionem
2990 4905 3340 4974 apostolicam
3390 4922 3529 4974 prae-

1945 4995 2291 5062 sumptionem
2322 5008 2446 5049 esse
2471 4993 2691 5048 definit:
2721 5003 2878 5049 estne
2910 5007 2967 5049 ut
2993 4997 3250 5066 rejectnm
3278 5013 3342 5052 ac
3373 4998 3529 5052 dam-

1948 5099 2140 5141 natum
2193 5085 2325 5140 tanti
2379 5084 2653 5156 pontificis
2701 5086 2910 5154 judicio
2961 5102 3168 5142 morem
3222 5089 3524 5161 legitimum

1951 5178 2246 5248 aliquando
2277 5176 2449 5233 fuisse
2478 5187 2754 5248 putemus,
2784 5188 2838 5234 et
2863 5181 3142 5234 communi
3171 5181 3240 5235 ab
3271 5184 3530 5238 omnibus

1951 5269 2212 5326 Ecclesiae
2243 5269 2368 5339 jure
2404 5271 2721 5324 servatum?
2752 5273 2819 5325 At
2851 5272 2994 5326 enim
3029 5273 3274 5343 plerique
3314 5273 3394 5329 sic
3443 5291 3528 5330 re-

1951 5363 2222 5431 spondent
2249 5381 2262 5416 :
2296 5361 2531 5418 Leonem
2561 5363 2628 5417 de
2654 5364 2883 5418 occultis
2909 5365 3175 5420 duntaxat
3205 5367 3530 5423 criminibus

1951 5452 2137 5523 loqui,
2190 5469 2313 5524 qua:
2355 5454 2571 5523 publice
2625 5456 2873 5510 confiteri
2917 5472 3078 5511 nemo
3121 5458 3388 5522 debuerit,
3423 5477 3531 5516 non

1953 5551 2134 5598 autem
2169 5543 2236 5600 de
2263 5545 2518 5615 publicis,
2553 5562 2676 5616 qua:
2716 5547 2874 5603 unica
2907 5549 3137 5619 publica:
3169 5550 3534 5610 confessionis

1955 5648 2114 5705 seges
2157 5637 2385 5693 exStitit.
2421 5637 2778 5694 Commodius
2836 5639 2926 5695 isti
2975 5657 3140 5708 sane,
3172 5645 3266 5714 qui
3319 5645 3389 5700 ab
3431 5645 3535 5702 hae
