3832 6220
440 328 461 381 1
475 327 576 383 0'59

1530 322 1877 377 APPEADIX
1919 322 2556 382 DISSEBTATIONUM.

3572 328 3695 384 {05"

436 441 636 509 publici
691 439 807 508 lege
844 432 1129 491 dedecoris
1180 433 1399 489 occulta
1445 433 1637 488 saltem
1687 433 2005 503 excipiunt:
2040 441 2082 497 Δ
2112 436 2272 493 debet
2305 438 2515 494 referri.
2549 436 2707 506 Quod
2759 438 3187 509 prudentissime
3236 440 3308 497 ab
3364 441 3562 497 eodem
3616 443 3665 498 ill

434 531 580 600 quod
616 544 683 585 ne
726 528 817 583 alii
855 528 1072 597 quidem
1120 527 1426 582 remittunt.
1457 524 1701 591 Quorum
1747 525 2010 580 nonnulla

436 620 714 676 temeritas
748 617 1051 675 Tridentini
1106 617 1321 673 concilii
1372 632 1504 672 voce
1551 631 1615 671 ac
1648 616 1867 671 decreto
1906 631 2010 671 no-

434 723 596 768 tatur.
616 712 825 768 Etenim
858 727 997 769 sess.
1025 714 1112 778 l4,
1140 728 1259 783 cap.
1291 712 1344 777 5,
1370 727 1493 767 cum
1523 710 1803 766 docuisset
1832 712 2011 781 publi-

435 821 554 860 cam
588 806 988 861 confessionem
1025 806 1170 859 nullo
1201 805 1381 858 divino
1414 814 1671 871 praecepto
1702 806 2011 858 mandatam

431 896 625 961 fuisse,
665 896 844 951 statim
900 896 1119 965 adjicit:
1162 896 1276 951 Nec
1322 897 1456 950 satis
1507 896 1741 950 consulte
1782 896 2011 950 humana

433 988 614 1057 aliqua
651 987 758 1057 lege
784 986 1193 1055 praciperetur,
1236 994 1293 1038 ut
1341 984 1554 1050 delicta,
1598 987 1889 1054 prwsertim
1929 1002 2012 1040 se-

434 1090 599 1143 creta,
627 1079 839 1149 publica
868 1089 1035 1133 essent
1064 1080 1393 1148 confessione
1419 1081 1722 1149 aperienda.
1760 1080 2011 1135 Divinum

430 1187 657 1242 prorsus
691 1186 755 1225 ac
806 1180 959 1226 tanto
1012 1186 1273 1227 consessu
1318 1171 1541 1241 dignum
1572 1173 1856 1227 oraculum
1885 1214 1900 1237 ,
1946 1188 2011 1227 ex

432 1277 543 1333 quo
577 1277 687 1317 non
721 1261 886 1317 modo
909 1263 976 1318 de
1003 1272 1338 1319 secretorum
1370 1263 1687 1329 criminum,
1730 1265 1822 1319 sed
1849 1264 2010 1319 etiam

434 1354 779 1424 publicorum
811 1354 1031 1424 publica
1063 1354 1406 1425 professione
1431 1356 1611 1426 colligi
1642 1366 1840 1426 potest,
1867 1357 2011 1411 nulla

435 1462 676 1517 unquam
723 1447 985 1511 humana,
1020 1448 1121 1504 hoc
1164 1460 1247 1505 est
1277 1449 1641 1504 ecclesiastica
1680 1450 1815 1521 lege,
1848 1466 2012 1520 quam

435 1540 620 1596 divino
650 1549 921 1610 praecepto
949 1540 1255 1596 Tridentini
1289 1541 1478 1597 Patres
1508 1552 1812 1613 Opponunt,
1841 1543 2016 1613 poeni-

440 1634 678 1691 tentibus
732 1635 1047 1705 impositam
1096 1633 1267 1689 fuisse
1312 1650 1375 1689 ac
1424 1651 1491 1689 ne
1548 1636 1751 1705 imponi
1795 1636 2012 1705 quidem

433 1727 731 1797 prudenter
766 1725 1031 1796 potuisse.
1095 1726 1375 1795 Siquidem
1426 1741 1529 1782 vox
1580 1728 1669 1780 illa
1718 1728 2013 1795 praesertim

2113 526 2432 584 Tridentino
2500 529 2734 585 concilio
2789 531 3099 585 declaratur
3165 532 3252 588 his
3304 532 3540 589 verbis:
3590 530 3691 587 Ets-

2113 620 2359 677 Cltristus
2415 640 2519 677 non
2554 624 2818 691 vetuerit,
2870 627 3001 695 quin
3060 627 3253 699 aliquis
3306 629 3365 681 in
3420 627 3691 681 tindictn

2112 728 2331 767 suorum
2362 713 2637 777 scelerum,
2662 723 2711 768 et
2744 714 2827 768 sui
2854 714 3304 783 humiliationent,
3337 733 3465 770 curn
3494 719 3558 770 ob
3580 715 3702 771 alia-

2114 819 2230 856 rum
2259 803 2554 874 exemplum
2605 814 2655 859 et
2700 806 2784 858 sui
2831 806 3289 873 humiliationem,
3328 818 3447 862 tum
3487 808 3552 861 ob
3613 808 3700 861 £c~

2113 894 2288 948 clesiae
2346 896 2560 964 oﬂ’ensa:
2610 896 3053 965 wdiﬁcationem,
3090 899 3288 953 delicta
3346 917 3451 954 sua
3507 900 3700 968 publice

2114 986 2355 1055 conﬁteri
2382 988 2585 1053 possit:
2624 1004 2726 1042 non
2756 999 2831 1043 est
2864 998 3038 1043 tamen
3086 992 3180 1043 hoc
3218 992 3402 1045 divino
3449 1004 3700 1060 prccepto

2116 1079 2428 1134 mandatum
2452 1120 2468 1145 ,
2502 1096 2596 1134 nec
2639 1082 2772 1135 satis
2815 1084 3053 1135 consulte
3089 1083 3327 1138 humana
3373 1086 3566 1151 aliqua
3602 1084 3701 1153 lege

2113 1172 2505 1241 praeciperetur,
2528 1180 2633 1227 etc.
2662 1172 2873 1227 Addam
2904 1181 2957 1227 et
2987 1174 3135 1229 aliud
3158 1174 3423 1243 denique.
3453 1184 3519 1228 ut
3545 1190 3700 1244 quam

2116 1279 2309 1332 parum
2352 1263 2453 1318 sibi
2488 1264 2675 1334 opinio
2737 1265 2826 1319 illa
2871 1274 3086 1321 constet
3130 1280 3326 1321 omnes
3377 1266 3697 1336 intelligant.

2116 1352 2219 1421 Qui
2248 1354 2584 1425 poenitentia:
2614 1354 2846 1424 publicae
2875 1364 3084 1425 partem
3121 1353 3533 1411 confessionem
3558 1371 3703 1425 aeque

2118 1445 2392 1514 publicam
2446 1445 2697 1510 faciunt,
2756 1446 2920 1501 iidem
2975 1446 3169 1516 majori
3207 1461 3274 1502 ex
3305 1454 3467 1517 parte
3496 1449 3699 1503 occulta

2117 1536 2350 1591 crimina
2391 1536 2569 1607 palam
2623 1537 2892 1593 declarari
2928 1548 3129 1608 negant
3168 1538 3510 1607 oportuisse.
3547 1540 3699 1609 Atqui

2118 1642 2494 1696 saepenumero
2545 1636 2769 1699 propter
2816 1629 3031 1684 occulta
3083 1630 3260 1684 solum
3339 1639 3395 1684 et
3427 1630 3504 1683 ah
3568 1630 3698 1699 ipso,

2118 1718 2211 1786 qui
2240 1718 2613 1779 commiserat,
2647 1727 2843 1788 sponte
2879 1719 3119 1788 prodita,
3144 1719 3362 1789 publica
3383 1730 3474 1775 est
3506 1721 3699 1775 indicta

434 1819 581 1873 hanc
615 1818 780 1874 habet
806 1817 937 1882 vim,
977 1825 1034 1871 ut
1065 1826 1259 1873 caetera
1293 1834 1511 1889 quoque
1542 1835 1730 1891 parum
1765 1820 2012 1875 consulte
2046 1817 2085 1869 Β
2115 1810 2451 1880 poenitentia.
2481 1811 2671 1866 Caruit
2713 1820 2824 1865 tum
2872 1811 3038 1883 igitur
3089 1812 3274 1883 aliqua
3313 1812 3401 1867 sui
3442 1821 3605 1883 parte
3653 1825 3701 1867 et

433 1906 777 1979 pronuntiari
816 1916 1183 1974 censeantur,
1222 1909 1466 1979 adeoque
1502 1925 1625 1979 quae
1665 1909 1731 1964 tle
1771 1910 1875 1965 illis
1910 1925 2013 1981 pu-

434 2001 576 2056 blice
610 1998 937 2055 conﬁtendis
980 1999 1089 2054 lata
1132 1998 1294 2055 fuerit
1334 2001 1419 2056 lex
1458 2001 1764 2057 inconsulta
1807 2005 1877 2058 sit
1909 2003 2016 2057 mi-

436 2092 688 2163 nimeque
717 2093 977 2164 prudens,
1005 2095 1107 2148 etsi
1136 2092 1305 2147 altera
1350 2108 1473 2163 qua:
1501 2094 1567 2148 de
1610 2095 1837 2149 secretis
1873 2094 2011 2150 idem

437 2195 728 2253 statueret,
770 2185 1071 2257 prudentia:
1110 2186 1293 2240 minus
1321 2186 1537 2240 haheat.
1581 2186 1820 2255 Apparet
1853 2187 2016 2255 igitur

437 2296 503 2333 ex
552 2278 1000 2335 Tridentinorum
1050 2276 1275 2332 Patrum
1331 2293 1493 2333 sensu
1531 2277 1737 2332 nullam
1774 2294 2014 2349 unquam

437 2370 745 2426 istiusmodi
772 2370 943 2441 legem
975 2369 1274 2434 exstitisse,
1301 2385 1422 2438 qum
1467 2369 1534 2424 ad
1576 2370 1851 2439 publicam
1880 2387 2017 2442 quo-

436 2477 777 2529 rumcunque
831 2470 1179 2533 peccatorum
1226 2460 1628 2516 confessionem
1688 2463 2015 2533 pmnitentcs

435 2554 782 2623 astringeret.
811 2552 992 2620 Quare
1010 2552 1211 2609 Leonis
1232 2553 1394 2607 etiam
1421 2554 1698 2608 decretum
1732 2554 1799 2609 ad
1829 2556 2012 2612 omnia

436 2654 781 2716 peccatorum
814 2660 1011 2712 genera
1041 2644 1294 2715 pertinet.
1323 2644 1500 2713 Atque
1533 2645 1617 2699 vel
1647 2660 1714 2700 ex
1750 2662 1837 2713 eo,
1869 2649 2015 2717 quod

435 2737 590 2793 fateri
620 2738 711 2792 isti
741 2747 1032 2808 coguntur,
1074 2736 1284 2806 publica
1332 2736 1507 2791 solum
1569 2736 1799 2791 crimina
1842 2740 2013 2794 conli-

435 2829 594 2886 tenda
665 2828 872 2895 fuisse,
906 2845 1011 2883 non
1074 2828 1311 2895 occulta,
1367 2828 1571 2881 nullam
1612 2829 1838 2885 omnino
1886 2846 2017 2885 cou-

434 2918 728 2976 fessionem
784 2919 1057 2990 publicam
1113 2920 1230 2989 lege
1288 2918 1644 2974 constitutam
1694 2934 1819 2975 esse
1876 2921 2013 2975 vali-

434 3012 661 3067 dissime
697 3010 1035 3082 probabitur.
1075 3010 1288 3065 Etenim
1322 3025 1444 3064 cum
1482 3010 1552 3065 ob
1592 3011 1840 3081 graviora
1877 3012 2015 3066 dun-

435 3112 583 3157 taxat
615 3110 671 3157 et
697 3102 949 3171 capitalia
991 3101 1195 3157 scelera
1242 3102 1557 3171 ptenitentia
1596 3103 1808 3172 publica
1864 3118 2000 3173 pra:-

436 3195 638 3265 scripta
673 3193 764 3259 sit,
800 3193 895 3263 qui
946 3193 1062 3247 haec
1100 3192 1317 3262 publice
1374 3193 1741 3263 omnibusque
1776 3195 2013 3250 consciis

436 3284 769 3349 admisisset,
808 3299 934 3340 cum
967 3284 1182 3354 publice
1225 3294 1409 3355 postea
1438 3286 1741 3355 paeniteret,
1784 3288 1914 3357 quid
1952 3305 2013 3344 ea

436 3375 683 3433 confiteri
739 3390 963 3432 necesse
1008 3376 1219 3443 habuit,
1267 3387 1359 3432 aut
1394 3377 1487 3448 qui
1542 3378 1760 3434 tandem
1806 3379 1860 3434 in
1912 3380 2017 3437 illis

436 3468 651 3540 publice
700 3468 1020 3539 prolitendis
1072 3468 1243 3539 pudor
1293 3485 1358 3524 ac
1414 3470 1768 3537 verecundia,
1825 3471 1916 3526 cui
1958 3472 2015 3526 in

436 3559 749 3632 abroganda
798 3558 1147 3616 confessione
1195 3558 1487 3618 Nectarius
1535 3562 1851 3618 consultum
1893 3577 2017 3620 esse

437 3650 717 3705 voluerat?

508 3761 771 3829 Queritur
802 3762 1161 3829 Sozomenus,
1194 3763 1408 3818 sublato
1444 3763 1547 3818 hoc
1577 3764 1713 3833 ipso,
1734 3762 2017 3834 quodcun-

436 3867 542 3922 que
572 3853 786 3907 tandem
819 3851 1104 3908 Nectarius
1135 3852 1434 3922 antiquavit
1454 3891 1468 3917 ,
1499 3854 1645 3908 velut
1692 3852 1844 3907 freno
1876 3867 2016 3922 quo-

437 3945 562 3999 dam
592 3945 834 4000 detracto
856 3982 872 4009 ,
903 3944 1164 4016 majorem
1204 3943 1273 3999 ad
1320 3960 1483 4000 omne
1530 3946 1710 4001 scelus
1742 3945 2015 4001 licentiam

440 4037 691 4093 homines
730 4036 1009 4101 habuisse,
1042 4051 1167 4091 cum
1199 4044 1325 4091 ante
1352 4036 1453 4106 τῆς
1492 4036 1813 4106 ὲξαγγελίας
1842 4045 2016 4092 metus

437 4126 559 4183 illos
609 4142 677 4183 ac
708 4128 1037 4184 verecundia
1072 4139 1366 4184 coerceret.
1397 4126 1581 4183 Nostri
1609 4130 1710 4183 hoc
1738 4128 1806 4183 ad
1840 4126 2013 4198 publi-

441 4232 561 4273 cam
591 4218 988 4275 confessionem
1022 4218 1375 4275 transferunt.
1398 4219 1477 4285 Si,
1509 4226 1568 4273 ut
1600 4218 1808 4283 volunt,
1844 4218 2018 4289 publi-

441 4322 629 4363 corum
657 4310 943 4376 duntaxat,
982 4310 1107 4380 quis
1145 4311 1235 4365 ille
1266 4320 1449 4366 tantus
1488 4310 1662 4380 pudor
1691 4310 1875 4375 fuerit,
1907 4326 2017 4365 non

442 4400 598 4456 video
621 4442 635 4466 ,
669 4411 764 4456 aut
800 4402 924 4472 quis
952 4403 1258 4473 praecipuus
1301 4418 1368 4458 ex
1411 4419 1476 4457 ea
1517 4402 1729 4458 fructus
1753 4445 1768 4469 ,
1804 4403 2019 4473 quodve

442 4490 510 4545 ad
534 4489 884 4546 deterrendos
916 4508 948 4545 a
977 4490 1192 4562 ﬂagitiis
1220 4492 1468 4546 homines
1501 4498 1861 4557 momentum,
1890 4506 2013 4544 cum
2048 4524 2093 4580 Β

441 4583 626 4651 ignota
657 4596 778 4650 quae
805 4580 1187 4651 profiterentur
1226 4592 1410 4639 essent
1438 4583 1665 4638 nemini.
1695 4582 1766 4636 At
1803 4583 2018 4638 seclusa

440 4672 809 4738 confessione,
845 4673 1094 4743 publicus
1122 4675 1216 4730 ille
1253 4675 1633 4745 pmnitentium
1665 4676 1880 4742 luctus,
1922 4676 2021 4730 ab-

438 4763 601 4837 jectio
634 4762 748 4831 ipsa
779 4763 887 4826 sui,
916 4762 1127 4829 sordes,
1161 4763 1504 4829 lamentatio,
1539 4762 1883 4833 supplicatio,
1916 4775 2023 4817 cte-

441 4866 663 4925 teraque
691 4854 743 4909 id
773 4870 945 4926 genus
964 4855 1097 4911 satis
1128 4870 1381 4925 magnam
1412 4853 1795 4910 verecundiam
1830 4862 2024 4923 praeter

440 4962 662 5003 sensum
690 4946 893 5002 doloris
916 4948 1237 5013 attulerunt,
1265 4946 1467 5017 quibus
1497 4945 1760 5002 refrenari
1793 4961 1824 5001 a
1851 4946 2020 5009 vitiis,

438 5046 495 5095 et
551 5038 606 5093 in
660 5038 836 5093 officio
893 5040 1161 5094 contineri
1208 5047 1476 5110 possent:
1526 5054 1691 5110 quam
1748 5048 1803 5094 et
1849 5038 2020 5107 ipsam

442 5130 619 5184 fateor
673 5129 946 5197 publicam
1007 5129 1299 5199 quamdam
1364 5130 1570 5198 peccati
1622 5127 2021 5198 professionem

442 5219 633 5275 fuisse.
660 5219 739 5273 Ad
768 5235 933 5289 quam
961 5220 1256 5276 accesserit
1283 5234 1416 5275 sane
1440 5233 1831 5287 nonnunquam
1856 5218 2021 5273 etiam

441 5327 701 5382 expressa
722 5312 904 5367 verbis
952 5312 1158 5377 altera,
1197 5321 1251 5368 et
1304 5313 1514 5382 publica
1536 5352 1550 5377 ,
1586 5314 1677 5369 sed
1710 5328 1873 5384 quam
1914 5327 2023 5367 non

445 5402 554 5457 ulla
606 5401 978 5459 ecclesiastica
1025 5404 1113 5459 lex
1162 5404 1576 5474 prasscriberet,
1608 5421 1671 5459 ac
1705 5422 1769 5459 ne
1798 5405 2024 5475 permit-

444 5499 582 5549 teret
639 5495 857 5564 quidem
892 5495 1127 5552 fortasse
1148 5536 1163 5563 ,
1195 5496 1288 5553 sed
1325 5498 1619 5553 vehemens
1654 5498 1836 5567 potius
1870 5498 2026 5552 dolor

446 5600 511 5640 ac
529 5585 745 5655 pietatis
770 5601 964 5642 sensus
993 5588 1338 5643 extunderet.
1377 5587 1626 5658 Denique
1653 5590 1797 5659 quod
1830 5603 1860 5642 a
1892 5603 2023 5658 pau-

444 5677 524 5731 cis
552 5677 844 5746 aliquando
876 5678 1102 5745 factum,
1155 5680 1316 5750 idque
1346 5681 1696 5750 perobscure,
1730 5681 2021 5751 colligitur,

447 5785 555 5824 non
586 5769 640 5825 id
667 5770 722 5825 in
751 5773 1224 5839 consuetudinem,
1251 5787 1315 5829 ac
1345 5773 1519 5829 multo
1550 5773 1731 5829 minus
1766 5775 1821 5828 in
1851 5773 2022 5843 legem

2118 1901 2337 1971 quidem
2383 1902 2692 1958 necessaria
2742 1903 2963 1974 publica
3024 1905 3113 1960 illa
3152 1905 3504 1975 poenitentia.
3554 1905 3699 1971 Quod

2117 2004 2296 2048 autem
2331 1994 2491 2048 etiam
2528 1996 2745 2050 arcanis
2778 1996 3077 2051 sceleribus
3112 1997 3329 2067 publice
3357 1996 3569 2053 inflicta
3602 2013 3702 2069 ptr-

2117 2086 2347 2141 nitcntia
2400 2088 2509 2148 sit,
2549 2088 2705 2143 fidem
2762 2088 2971 2143 faciunt
3026 2089 3400 2161 antiquissimi
3445 2106 3700 2154 canones,

2117 2176 2172 2230 in
2206 2177 2398 2247 primis
2428 2176 2647 2245 Basilii,
2677 2177 2770 2248 qui
2799 2192 2923 2232 can.
2957 2177 3017 2232 6|
3054 2178 3121 2231 ad
3152 2177 3591 2246 Amphilochium
3643 2180 3703 2231 de

2118 2267 2238 2324 fure
2294 2269 2373 2323 sic
2418 2269 2666 2340 praecipit
2702 2288 2715 2324 :
2751 2268 2952 2339 Siquis
2997 2278 3179 2339 sponte
3234 2286 3334 2324 sua
3365 2271 3700 2323 commissum

2118 2358 2374 2428 fateatur,
2408 2369 2465 2414 ut
2500 2376 2604 2415 uno
2635 2360 2903 2415 duntaxat
2939 2377 3078 2413 anno
3114 2362 3487 2431 paenitentiam
3520 2361 3701 2423 obeat;

2117 2451 2199 2505 sin
2230 2451 2497 2506 convictus
2526 2468 2587 2505 ac
2609 2450 2959 2521 deprehensus
2992 2452 3174 2522 fuerit,
3200 2453 3436 2509 biennio.
3463 2453 3521 2509 In
3548 2470 3701 2511 conc.

2116 2544 2372 2614 Carthag.
2412 2559 2474 2599 ιιι
2509 2559 2632 2599 can.
2661 2543 2731 2597 59.
2764 2544 3042 2599 decretum
3073 2553 3158 2599 est
3181 2586 3197 2609 ,
3227 2555 3285 2599 ut
3316 2546 3592 2617 presbyter
3622 2548 3705 2599 in-

2118 2639 2358 2693 consulto
2406 2638 2650 2708 episcopo
2682 2654 2785 2692 non
2826 2636 3126 2691 reconciliet
3171 2639 3551 2707 panitentem,
3602 2641 3703 2693 nisi

2117 2731 2328 2785 absente
2349 2731 2611 2799 episcopo,
2641 2738 2687 2782 et
2722 2729 3030 2782 necessitate
3067 2737 3301 2798 cogente.
3330 2727 3703 2799 Cujuscunqu

2119 2837 2293 2877 autem
2327 2823 2622 2892 paenitentis
2671 2821 2941 2890 publicum
2970 2834 3019 2873 et
3051 2820 3482 2890 uulgatissimum
3509 2822 3703 2873 crimen

2117 2924 2214 2976 est,
2251 2914 2389 2985 quod
2446 2916 2687 2968 universa
2720 2912 2961 2967 Ecclesia
3011 2915 3215 2967 noverit
3240 2956 3254 2981 ,
3300 2926 3423 2967 ante
3467 2915 3703 2971 absidem

2120 3024 2307 3060 manus
2331 3008 2378 3061 ei
2410 3008 2733 3077 imponatur.

2191 3099 2317 3153 llaec
2366 3100 2483 3169 ipsa
2545 3101 2761 3155 concilii
2808 3102 3017 3156 sanctio
3075 3100 3381 3157 clarissime
3410 3102 3700 3172 signiﬁcat,

2045 3161 2083 3211 ϐ
2119 3192 2224 3247 alia
2257 3161 2450 3263 praeter
2482 3194 2699 3263 publica
2731 3192 2905 3250 fuisse
2936 3205 3155 3264 peccata
3177 3236 3191 3259 ,
3222 3210 3348 3265 qua:
3384 3161 3697 3265 poenitentia

2118 3294 2536 3340 coercerentur:
2573 3302 2699 3341 cum
2758 3301 2788 3339 a
2841 3287 3053 3341 caeteris
3109 3287 3327 3357 publica
3380 3287 3697 3341 nominatim

2118 3378 2374 3448 excipiat.
2429 3377 2635 3433 Deinde
2672 3394 2772 3435 nec
2825 3378 2958 3435 illud
3006 3382 3242 3436 obscure
3292 3381 3606 3453 colligitur:
3656 3381 3696 3433 si

2119 3468 2265 3533 ulla,
2298 3469 2515 3539 qualem
2553 3470 2642 3526 isti
2678 3470 2885 3542 lingunt
2908 3512 2923 3539 ,
2959 3473 3173 3542 publica
3216 3470 3413 3528 fuisset
3452 3480 3694 3542 peccato-

2120 3576 2240 3614 rum
2265 3560 2562 3628 confcssio,
2588 3577 2810 3632 perraro
2840 3573 3020 3618 tamen
3055 3580 3217 3618 usum
3247 3565 3396 3619 illius
3418 3564 3685 3619 incidisse.

2117 3650 2254 3706 Nam
2306 3654 2352 3709 si
2395 3654 2609 3723 publice
2660 3665 2712 3709 et
2751 3656 2805 3710 in
2837 3655 3108 3726 frequenti
3144 3657 3401 3713 Ecclesia:
3430 3666 3687 3712 conuentu

2114 3744 2227 3815 jam
2257 3761 2321 3801 ea
2352 3748 2756 3816 prodidissent,
2789 3764 2890 3804 cur
2926 3750 2981 3803 in
3011 3748 3478 3805 manifestissimis
3510 3752 3689 3803 dunta-

2121 3844 2214 3891 xat
2255 3837 2531 3907 certisque
2580 3839 2905 3894 criminibus
2937 3856 3130 3895 manus
3182 3840 3251 3894 iis
3298 3850 3426 3894 ante
3460 3841 3689 3909 apsidem

2120 3926 2454 3998 imponitur?
2512 3930 2720 4000 Quippe
2769 3931 3015 3986 omnium
3062 3931 3182 3986 sine
3230 3931 3343 3986 ullo
3387 3931 3692 3985 discrimine

2120 4020 2504 4090 pcenitentium
2534 4032 2753 4091 peccata
2780 4021 2894 4091 jam
2925 4033 3082 4077 erant
3109 4023 3331 4077 illorum
3356 4022 3693 4077 confessione

2122 4110 2433 4168 manifesta.
2476 4112 2661 4184 Neque
2708 4128 2839 4168 vero
2895 4114 3003 4169 dici
3044 4114 3188 4169 istud
3245 4123 3452 4183 potest,
3510 4114 3695 4169 illustri

2120 4202 2305 4272 aliqua
2338 4205 2665 4260 auctoritate
2706 4214 2948 4261 veterum
3000 4221 3065 4261 ac
3095 4205 3319 4260 Patrum
3360 4207 3461 4259 niti
3492 4206 3697 4261 confes-

2121 4296 2329 4353 sionem
2361 4297 2522 4352 istam
2555 4297 2849 4367 publicam.
2892 4295 3029 4351 Nam
3069 4307 3266 4368 praeter
3294 4294 3696 4355 Nectarianam.

2122 4388 2201 4443 uti
2226 4388 2486 4454 diximus,
2513 4388 2796 4444 historiam
2830 4388 2965 4443 nihil
2990 4397 3076 4445 est
3101 4388 3423 4452 admodum,
3458 4387 3531 4442 ad
3561 4390 3695 4457 qqu

2121 4482 2433 4551 conjectura
2473 4482 2564 4536 illa
2606 4483 2781 4552 possit
2810 4483 3202 4538 adhaerescere.
3249 4480 3357 4537 Sed
3409 4484 3515 4537 hoc
3542 4498 3694 4551 quam

2123 4576 2285 4628 inane
2310 4574 2621 4643 praesidium
2669 4574 2773 4639 sit,
2804 4575 3023 4644 cepiosc
3052 4575 3579 4630 demonstravimus.
3613 4574 3695 4627 ln-

2125 4668 2395 4723 tellectum
2428 4677 2511 4722 est
2542 4668 2689 4722 enim
2710 4707 2724 4733 ,
2754 4684 2862 4721 non
2896 4668 3143 4722 mulieris
3172 4667 3391 4737 publica
3430 4677 3489 4723 et
3536 4667 3693 4723 cccle-

2122 4759 2342 4815 siastica
2372 4758 2740 4826 confessione,
2772 4760 2864 4815 sed
2897 4759 3117 4815 aliunde
3147 4769 3399 4830 stuprum
3426 4760 3562 4814 illud
3582 4772 3695 4814 esse

2124 4862 2509 4922 compertum:
2565 4864 2730 4908 totam
2771 4852 3007 4922 denique
3063 4852 3292 4923 publica:
3343 4852 3697 4909 confessioni.-

2124 4945 2445 5015 tragtediam
2472 4944 2541 4999 ab
2569 4944 2881 5015 interpretis
2910 4960 3100 4999 errore
3130 4944 3435 4999 derivatum
3465 4963 3480 4999 :
3516 4946 3608 5012 qui
3636 4946 3697 4997 al

2124 5034 2177 5089 id
2204 5075 2221 5102 ,
2267 5035 2413 5105 quod
2452 5034 2704 5092 Socrates
2741 5036 3077 5106 scripserat,
3119 5036 3325 5106 longius
3371 5052 3698 5106 progressam

2123 5144 2234 5183 esse
2271 5128 2572 5194 mulierem,
2609 5129 2712 5184 levi
2747 5129 3019 5185 additione
3043 5170 3058 5196 ,
3105 5130 3197 5185 sed
3229 5144 3433 5199 magna
3465 5130 3699 5185 veritatis

2126 5220 2315 5275 fraude
2359 5221 2641 5290 confitendi
2692 5222 3016 5276 vocabulum
3074 5220 3340 5292 adjunxit.
3375 5220 3583 5277 Cetera
3616 5224 3699 5277 de-

2125 5311 2291 5380 nique
2333 5311 2404 5366 ita
2454 5313 2753 5383 composita
2827 5313 3223 5384 explanataque
3266 5324 3434 5374 sunt.
3497 5316 3696 5368 nullum

2125 5412 2185 5458 ut
2216 5406 2338 5459 inde
2372 5404 2553 5459 fucum
2587 5405 2937 5475 coloremque
2986 5406 3088 5460 sibi
3130 5406 3392 5461 ementita
3442 5406 3536 5460 illa
3576 5422 3697 5460 con-

2126 5495 2292 5553 fessio
2352 5498 2526 5567 possit
2578 5513 2876 5554 arcessere.
2933 5496 3196 5568 Superest
3258 5497 3515 5569 Origcnis
3569 5514 3694 5552 unus

2124 5589 2328 5643 alterve
2356 5590 2529 5653 locus,
2570 5592 2664 5661 qui
2688 5591 2921 5661 publica;
2946 5590 3310 5646 confessionis
3336 5593 3690 5662 suspicionem

2126 5681 2364 5751 aliquam
2408 5682 2579 5751 possit
2622 5683 2866 5752 injicere.
2899 5682 3005 5738 Sed
3033 5684 3079 5739 si
3110 5683 3434 5755 diligentius
3459 5682 3692 5739 conside-

2127 5782 2305 5837 retur,
2343 5772 2606 5829 adversus
2642 5772 2765 5829 illos
2796 5772 2943 5843 ipsos
2977 5788 3310 5844 magnopere
3353 5784 3585 5845 pugnat,
3609 5780 3682 5839 qvt
