  <div class='ocr_page' id='page_1' title='image "/cluster/home/n/w/nwhite01/storage/ocr_20150623/42/hvd.32044011752995/522.png"; bbox 0 0 3832 6220; ppageno 0'>
   <div class='ocr_carea' id='block_1_1' title="bbox 169 268 313 328">
    <p class='ocr_par' dir='ltr' id='par_1_1' title="bbox 169 268 313 328">
     <span class='ocr_line' id='line_1_1' title="bbox 169 268 313 328; baseline -0.014 0"><span class='ocrx_word' id='word_1_1' title='bbox 169 268 313 328; x_wconf 63' lang='lat' dir='ltr'><strong>{till</strong></span> 
     </span>
    </p>
   </div>
   <div class='ocr_carea' id='block_1_2' title="bbox 1114 274 2470 335">
    <p class='ocr_par' dir='ltr' id='par_1_2' title="bbox 1114 274 2470 335">
     <span class='ocr_line' id='line_1_2' title="bbox 1114 274 2470 335; baseline 0.001 -5"><span class='ocrx_word' id='word_1_2' title='bbox 1114 274 1199 330; x_wconf 86' lang='lat' dir='ltr'><strong>DE</strong></span> <span class='ocrx_word' id='word_1_3' title='bbox 1235 275 1710 333; x_wconf 71' lang='grc' dir='ltr'><strong>ΡΟΕΝΙΤΕΝΤΙᾹΞ</strong></span> <span class='ocrx_word' id='word_1_4' title='bbox 1747 275 2029 332; x_wconf 80' lang='lat' dir='ltr'><strong>VETERE</strong></span> <span class='ocrx_word' id='word_1_5' title='bbox 2066 275 2470 335; x_wconf 69' lang='lat' dir='ltr'><strong>DISCIPLINA.</strong></span> 
     </span>
    </p>
   </div>
   <div class='ocr_carea' id='block_1_3' title="bbox 3306 278 3448 337">
    <p class='ocr_par' dir='ltr' id='par_1_3' title="bbox 3306 278 3448 337">
     <span class='ocr_line' id='line_1_3' title="bbox 3306 278 3448 337; baseline -0.021 0"><span class='ocrx_word' id='word_1_6' title='bbox 3306 278 3448 337; x_wconf 63' lang='lat'><strong>£042</strong></span> 
     </span>
    </p>
   </div>
   <div class='ocr_carea' id='block_1_4' title="bbox 167 381 3452 462">
    <p class='ocr_par' dir='ltr' id='par_1_4' title="bbox 167 381 3452 462">
     <span class='ocr_line' id='line_1_4' title="bbox 167 381 3452 462; baseline 0.002 -21"><span class='ocrx_word' id='word_1_7' title='bbox 167 389 304 458; x_wconf 77' lang='lat' dir='ltr'><strong>ejus</strong></span> <span class='ocrx_word' id='word_1_8' title='bbox 331 398 389 440; x_wconf 84' lang='lat' dir='ltr'><strong>se</strong></span> <span class='ocrx_word' id='word_1_9' title='bbox 405 381 662 456; x_wconf 66' lang='lat' dir='ltr'><strong>praesidio</strong></span> <span class='ocrx_word' id='word_1_10' title='bbox 691 383 1013 443; x_wconf 85' lang='lat' dir='ltr'><strong>defendunt.</strong></span> <span class='ocrx_word' id='word_1_11' title='bbox 1050 387 1311 460; x_wconf 80' lang='lat' dir='ltr'><strong>Origenes</strong></span> <span class='ocrx_word' id='word_1_12' title='bbox 1348 391 1532 462; x_wconf 97' lang='lat' dir='ltr'><strong>itaque</strong></span> <span class='ocrx_word' id='word_1_13' title='bbox 1555 393 1704 448; x_wconf 90' lang='lat' dir='ltr'><strong>hom.</strong></span> <span class='ocrx_word' id='word_1_14' title='bbox 1728 409 1765 448; x_wconf 88' lang='lat' dir='ltr'><strong>ll</strong></span> <span class='ocrx_word' id='word_1_15' title='bbox 1799 400 1841 454; x_wconf 84' lang='grc' dir='ltr'><strong>Α</strong></span> <span class='ocrx_word' id='word_1_16' title='bbox 1872 400 2080 450; x_wconf 86' lang='lat' dir='ltr'><strong>cretum</strong></span> <span class='ocrx_word' id='word_1_17' title='bbox 2114 436 2128 460; x_wconf 92' lang='lat'><strong>,</strong></span> <span class='ocrx_word' id='word_1_18' title='bbox 2170 402 2225 448; x_wconf 88' lang='lat' dir='ltr'><strong>et</strong></span> <span class='ocrx_word' id='word_1_19' title='bbox 2263 391 2566 448; x_wconf 80' lang='lat' dir='ltr'><strong>Tridentini</strong></span> <span class='ocrx_word' id='word_1_20' title='bbox 2619 390 2837 448; x_wconf 84' lang='lat' dir='ltr'><strong>concilii</strong></span> <span class='ocrx_word' id='word_1_21' title='bbox 2888 392 3183 448; x_wconf 84' lang='lat' dir='ltr'><strong>auctoritas</strong></span> <span class='ocrx_word' id='word_1_22' title='bbox 3237 393 3452 452; x_wconf 82' lang='lat' dir='ltr'><strong>evincat</strong></span> 
     </span>
    </p>
   </div>
   <div class='ocr_carea' id='block_1_5' title="bbox 166 478 1772 546">
    <p class='ocr_par' dir='ltr' id='par_1_5' title="bbox 166 478 1772 546">
     <span class='ocr_line' id='line_1_5' title="bbox 166 478 1772 546; baseline 0.004 -11"><span class='ocrx_word' id='word_1_23' title='bbox 166 483 236 536; x_wconf 77' lang='lat' dir='ltr'><strong>in</strong></span> <span class='ocrx_word' id='word_1_24' title='bbox 296 478 447 534; x_wconf 83' lang='lat' dir='ltr'><strong>Psal.</strong></span> <span class='ocrx_word' id='word_1_25' title='bbox 483 493 692 546; x_wconf 75' lang='lat' dir='ltr'><strong>xxxv&quot;,</strong></span> <span class='ocrx_word' id='word_1_26' title='bbox 725 493 789 535; x_wconf 87' lang='lat' dir='ltr'><strong>ea</strong></span> <span class='ocrx_word' id='word_1_27' title='bbox 822 479 1041 538; x_wconf 85' lang='lat' dir='ltr'><strong>Davidis</strong></span> <span class='ocrx_word' id='word_1_28' title='bbox 1063 482 1227 538; x_wconf 90' lang='lat' dir='ltr'><strong>verba</strong></span> <span class='ocrx_word' id='word_1_29' title='bbox 1254 484 1574 541; x_wconf 79' lang='lat' dir='ltr'><strong>declarans:</strong></span> <span class='ocrx_word' id='word_1_30' title='bbox 1601 486 1772 541; x_wconf 82' lang='lat' dir='ltr'><strong>Amici</strong></span> 
     </span>
    </p>
   </div>
   <div class='ocr_carea' id='block_1_6' title="bbox 171 571 1773 648">
    <p class='ocr_par' dir='ltr' id='par_1_6' title="bbox 171 571 1773 648">
     <span class='ocr_line' id='line_1_6' title="bbox 171 571 1773 648; baseline 0.005 -24"><span class='ocrx_word' id='word_1_31' title='bbox 171 573 286 626; x_wconf 77' lang='lat' dir='ltr'><strong>rnei</strong></span> <span class='ocrx_word' id='word_1_32' title='bbox 344 579 392 624; x_wconf 92' lang='lat' dir='ltr'><strong>et</strong></span> <span class='ocrx_word' id='word_1_33' title='bbox 441 571 676 640; x_wconf 85' lang='lat' dir='ltr'><strong>proximi</strong></span> <span class='ocrx_word' id='word_1_34' title='bbox 727 572 832 626; x_wconf 89' lang='lat' dir='ltr'><strong>mei</strong></span> <span class='ocrx_word' id='word_1_35' title='bbox 875 573 1153 628; x_wconf 81' lang='lat' dir='ltr'><strong>adversum</strong></span> <span class='ocrx_word' id='word_1_36' title='bbox 1195 591 1276 629; x_wconf 85' lang='lat' dir='ltr'><strong>me</strong></span> <span class='ocrx_word' id='word_1_37' title='bbox 1325 578 1773 648; x_wconf 79' lang='lat' dir='ltr'><strong>appropinquave-</strong></span> 
     </span>
    </p>
   </div>
   <div class='ocr_carea' id='block_1_7' title="bbox 171 664 1770 740">
    <p class='ocr_par' dir='ltr' id='par_1_7' title="bbox 171 664 1770 740">
     <span class='ocr_line' id='line_1_7' title="bbox 171 664 1770 740; baseline 0.005 -24"><span class='ocrx_word' id='word_1_38' title='bbox 171 672 306 716; x_wconf 77' lang='lat' dir='ltr'><strong>runt</strong></span> <span class='ocrx_word' id='word_1_39' title='bbox 328 705 342 727; x_wconf 92' lang='lat'><strong>,</strong></span> <span class='ocrx_word' id='word_1_40' title='bbox 379 673 431 717; x_wconf 86' lang='lat' dir='ltr'><strong>et</strong></span> <span class='ocrx_word' id='word_1_41' title='bbox 461 672 759 718; x_wconf 79' lang='lat' dir='ltr'><strong>steterunt:</strong></span> <span class='ocrx_word' id='word_1_42' title='bbox 795 665 909 720; x_wconf 69' lang='lat' dir='ltr'><strong>haec</strong></span> <span class='ocrx_word' id='word_1_43' title='bbox 942 664 1010 720; x_wconf 88' lang='lat' dir='ltr'><strong>ad</strong></span> <span class='ocrx_word' id='word_1_44' title='bbox 1051 666 1403 736; x_wconf 76' lang='lat' dir='ltr'><strong>pmnitentem</strong></span> <span class='ocrx_word' id='word_1_45' title='bbox 1447 668 1651 734; x_wconf 90' lang='lat' dir='ltr'><strong>refert,</strong></span> <span class='ocrx_word' id='word_1_46' title='bbox 1678 669 1770 740; x_wconf 88' lang='lat' dir='ltr'><strong>qui</strong></span> 
     </span>
    </p>
   </div>
   <div class='ocr_carea' id='block_1_8' title="bbox 169 755 1770 823">
    <p class='ocr_par' dir='ltr' id='par_1_8' title="bbox 169 755 1770 823">
     <span class='ocr_line' id='line_1_8' title="bbox 169 755 1770 823; baseline 0.005 -15"><span class='ocrx_word' id='word_1_47' title='bbox 169 763 406 823; x_wconf 83' lang='lat' dir='ltr'><strong>peccato</strong></span> <span class='ocrx_word' id='word_1_48' title='bbox 460 769 562 810; x_wconf 92' lang='lat' dir='ltr'><strong>suo</strong></span> <span class='ocrx_word' id='word_1_49' title='bbox 611 755 945 811; x_wconf 87' lang='lat' dir='ltr'><strong>medicinam</strong></span> <span class='ocrx_word' id='word_1_50' title='bbox 996 756 1175 814; x_wconf 90' lang='lat' dir='ltr'><strong>facere</strong></span> <span class='ocrx_word' id='word_1_51' title='bbox 1224 759 1435 823; x_wconf 89' lang='lat' dir='ltr'><strong>volens,</strong></span> <span class='ocrx_word' id='word_1_52' title='bbox 1467 763 1770 818; x_wconf 88' lang='lat' dir='ltr'><strong>amicorum</strong></span> 
     </span>
    </p>
   </div>
   <div class='ocr_carea' id='block_1_9' title="bbox 169 847 1774 924">
    <p class='ocr_par' dir='ltr' id='par_1_9' title="bbox 169 847 1774 924">
     <span class='ocr_line' id='line_1_9' title="bbox 169 847 1774 924; baseline 0.006 -26"><span class='ocrx_word' id='word_1_53' title='bbox 169 853 558 916; x_wconf 80' lang='lat' dir='ltr'><strong>contemptum</strong></span> <span class='ocrx_word' id='word_1_54' title='bbox 601 847 1028 920; x_wconf 89' lang='lat' dir='ltr'><strong>irrisionemque</strong></span> <span class='ocrx_word' id='word_1_55' title='bbox 1079 851 1333 921; x_wconf 86' lang='lat' dir='ltr'><strong>negligat.</strong></span> <span class='ocrx_word' id='word_1_56' title='bbox 1378 850 1439 907; x_wconf 90' lang='lat' dir='ltr'><strong>Si</strong></span> <span class='ocrx_word' id='word_1_57' title='bbox 1489 869 1646 924; x_wconf 84' lang='lat' dir='ltr'><strong>ergo,</strong></span> <span class='ocrx_word' id='word_1_58' title='bbox 1696 856 1774 908; x_wconf 89' lang='lat' dir='ltr'><strong>in-</strong></span> 
     </span>
    </p>
   </div>
   <div class='ocr_carea' id='block_1_10' title="bbox 173 932 1774 1013">
    <p class='ocr_par' dir='ltr' id='par_1_10' title="bbox 173 932 1774 1013">
     <span class='ocr_line' id='line_1_10' title="bbox 173 932 1774 1013; baseline 0.006 -23"><span class='ocrx_word' id='word_1_59' title='bbox 173 935 326 1005; x_wconf 87' lang='lat' dir='ltr'><strong>quit,</strong></span> <span class='ocrx_word' id='word_1_60' title='bbox 354 937 664 1007; x_wconf 83' lang='lat' dir='ltr'><strong>hujusmodi</strong></span> <span class='ocrx_word' id='word_1_61' title='bbox 694 940 848 994; x_wconf 86' lang='lat' dir='ltr'><strong>homo</strong></span> <span class='ocrx_word' id='word_1_62' title='bbox 890 958 1088 996; x_wconf 87' lang='lat' dir='ltr'><strong>memor</strong></span> <span class='ocrx_word' id='word_1_63' title='bbox 1133 932 1314 997; x_wconf 73' lang='lat' dir='ltr'><strong>delicti</strong></span> <span class='ocrx_word' id='word_1_64' title='bbox 1344 944 1427 998; x_wconf 83' lang='lat' dir='ltr'><strong>sui</strong></span> <span class='ocrx_word' id='word_1_65' title='bbox 1458 947 1774 1013; x_wconf 80' lang='lat' dir='ltr'><strong>conﬁteatur</strong></span> 
     </span>
    </p>
   </div>
   <div class='ocr_carea' id='block_1_11' title="bbox 171 1032 1772 1109">
    <p class='ocr_par' dir='ltr' id='par_1_11' title="bbox 171 1032 1772 1109">
     <span class='ocr_line' id='line_1_11' title="bbox 171 1032 1772 1109; baseline 0.008 -28"><span class='ocrx_word' id='word_1_66' title='bbox 171 1045 303 1098; x_wconf 79' lang='lat' dir='ltr'><strong>qua:</strong></span> <span class='ocrx_word' id='word_1_67' title='bbox 340 1032 642 1096; x_wconf 84' lang='lat' dir='ltr'><strong>commisit,</strong></span> <span class='ocrx_word' id='word_1_68' title='bbox 681 1041 732 1086; x_wconf 88' lang='lat' dir='ltr'><strong>et</strong></span> <span class='ocrx_word' id='word_1_69' title='bbox 780 1034 1014 1089; x_wconf 80' lang='lat' dir='ltr'><strong>humana</strong></span> <span class='ocrx_word' id='word_1_70' title='bbox 1061 1037 1365 1106; x_wconf 74' lang='lat' dir='ltr'><strong>confusione</strong></span> <span class='ocrx_word' id='word_1_71' title='bbox 1404 1040 1555 1108; x_wconf 84' lang='lat' dir='ltr'><strong>parvi</strong></span> <span class='ocrx_word' id='word_1_72' title='bbox 1577 1045 1772 1109; x_wconf 80' lang='lat' dir='ltr'><strong>pendat</strong></span> 
     </span>
    </p>
   </div>
   <div class='ocr_carea' id='block_1_12' title="bbox 174 1123 1776 1198">
    <p class='ocr_par' dir='ltr' id='par_1_12' title="bbox 174 1123 1776 1198">
     <span class='ocr_line' id='line_1_12' title="bbox 174 1123 1776 1198; baseline 0.007 -23"><span class='ocrx_word' id='word_1_73' title='bbox 174 1136 302 1186; x_wconf 86' lang='lat' dir='ltr'><strong>eos,</strong></span> <span class='ocrx_word' id='word_1_74' title='bbox 341 1123 431 1192; x_wconf 90' lang='lat' dir='ltr'><strong>qui</strong></span> <span class='ocrx_word' id='word_1_75' title='bbox 479 1123 802 1194; x_wconf 76' lang='lat' dir='ltr'><strong>exprobrant</strong></span> <span class='ocrx_word' id='word_1_76' title='bbox 841 1142 959 1180; x_wconf 92' lang='lat' dir='ltr'><strong>eum</strong></span> <span class='ocrx_word' id='word_1_77' title='bbox 994 1128 1328 1198; x_wconf 79' lang='lat' dir='ltr'><strong>conﬁtentem</strong></span> <span class='ocrx_word' id='word_1_78' title='bbox 1350 1169 1364 1194; x_wconf 91' lang='lat'><strong>,</strong></span> <span class='ocrx_word' id='word_1_79' title='bbox 1406 1139 1456 1184; x_wconf 87' lang='lat' dir='ltr'><strong>et</strong></span> <span class='ocrx_word' id='word_1_80' title='bbox 1485 1139 1668 1184; x_wconf 88' lang='lat' dir='ltr'><strong>notant</strong></span> <span class='ocrx_word' id='word_1_81' title='bbox 1697 1132 1776 1187; x_wconf 86' lang='lat' dir='ltr'><strong>vcl</strong></span> 
     </span>
    </p>
   </div>
   <div class='ocr_carea' id='block_1_13' title="bbox 178 1217 1774 1292">
    <p class='ocr_par' dir='ltr' id='par_1_13' title="bbox 178 1217 1774 1292">
     <span class='ocr_line' id='line_1_13' title="bbox 178 1217 1774 1292; baseline 0.006 -23"><span class='ocrx_word' id='word_1_82' title='bbox 178 1217 413 1272; x_wconf 83' lang='lat' dir='ltr'><strong>irrident</strong></span> <span class='ocrx_word' id='word_1_83' title='bbox 440 1257 454 1280; x_wconf 94' lang='lat'><strong>,</strong></span> <span class='ocrx_word' id='word_1_84' title='bbox 486 1217 578 1272; x_wconf 90' lang='lat' dir='ltr'><strong>ille</strong></span> <span class='ocrx_word' id='word_1_85' title='bbox 602 1227 777 1272; x_wconf 87' lang='lat' dir='ltr'><strong>autem</strong></span> <span class='ocrx_word' id='word_1_86' title='bbox 817 1219 1112 1292; x_wconf 84' lang='lat' dir='ltr'><strong>intelligens</strong></span> <span class='ocrx_word' id='word_1_87' title='bbox 1157 1237 1249 1291; x_wconf 88' lang='lat' dir='ltr'><strong>per</strong></span> <span class='ocrx_word' id='word_1_88' title='bbox 1281 1223 1392 1278; x_wconf 74' lang='lat' dir='ltr'><strong>Itwc</strong></span> <span class='ocrx_word' id='word_1_89' title='bbox 1423 1225 1523 1279; x_wconf 90' lang='lat' dir='ltr'><strong>sibi</strong></span> <span class='ocrx_word' id='word_1_90' title='bbox 1569 1227 1774 1280; x_wconf 80' lang='lat' dir='ltr'><strong>veniam</strong></span> 
     </span>
    </p>
   </div>
   <div class='ocr_carea' id='block_1_14' title="bbox 177 1307 1776 1387">
    <p class='ocr_par' dir='ltr' id='par_1_14' title="bbox 177 1307 1776 1387">
     <span class='ocr_line' id='line_1_14' title="bbox 177 1307 1776 1387; baseline 0.006 -27"><span class='ocrx_word' id='word_1_91' title='bbox 177 1308 331 1371; x_wconf 86' lang='lat' dir='ltr'><strong>dari,</strong></span> <span class='ocrx_word' id='word_1_92' title='bbox 368 1321 472 1364; x_wconf 87' lang='lat' dir='ltr'><strong>etc.</strong></span> <span class='ocrx_word' id='word_1_93' title='bbox 512 1307 572 1364; x_wconf 90' lang='lat' dir='ltr'><strong>Si</strong></span> <span class='ocrx_word' id='word_1_94' title='bbox 620 1327 742 1382; x_wconf 90' lang='lat' dir='ltr'><strong>ergo</strong></span> <span class='ocrx_word' id='word_1_95' title='bbox 775 1312 846 1366; x_wconf 91' lang='lat' dir='ltr'><strong>sit</strong></span> <span class='ocrx_word' id='word_1_96' title='bbox 878 1312 1072 1383; x_wconf 80' lang='lat' dir='ltr'><strong>aliquis</strong></span> <span class='ocrx_word' id='word_1_97' title='bbox 1113 1314 1190 1369; x_wconf 86' lang='lat' dir='ltr'><strong>ita</strong></span> <span class='ocrx_word' id='word_1_98' title='bbox 1221 1315 1395 1383; x_wconf 81' lang='lat' dir='ltr'><strong>ﬁdelis</strong></span> <span class='ocrx_word' id='word_1_99' title='bbox 1419 1357 1434 1381; x_wconf 92' lang='lat'><strong>,</strong></span> <span class='ocrx_word' id='word_1_100' title='bbox 1483 1325 1541 1370; x_wconf 88' lang='lat' dir='ltr'><strong>ut</strong></span> <span class='ocrx_word' id='word_1_101' title='bbox 1570 1317 1618 1370; x_wconf 92' lang='lat' dir='ltr'><strong>si</strong></span> <span class='ocrx_word' id='word_1_102' title='bbox 1647 1317 1776 1387; x_wconf 86' lang='lat' dir='ltr'><strong>quid</strong></span> 
     </span>
    </p>
   </div>
   <div class='ocr_carea' id='block_1_15' title="bbox 177 1401 1775 1478">
    <p class='ocr_par' dir='ltr' id='par_1_15' title="bbox 177 1401 1775 1478">
     <span class='ocr_line' id='line_1_15' title="bbox 177 1401 1775 1478; baseline 0.005 -24"><span class='ocrx_word' id='word_1_103' title='bbox 177 1401 428 1457; x_wconf 86' lang='lat' dir='ltr'><strong>conscius</strong></span> <span class='ocrx_word' id='word_1_104' title='bbox 462 1403 530 1456; x_wconf 88' lang='lat' dir='ltr'><strong>sit</strong></span> <span class='ocrx_word' id='word_1_105' title='bbox 565 1403 701 1466; x_wconf 89' lang='lat' dir='ltr'><strong>sibi,</strong></span> <span class='ocrx_word' id='word_1_106' title='bbox 737 1404 986 1472; x_wconf 81' lang='lat' dir='ltr'><strong>procedat</strong></span> <span class='ocrx_word' id='word_1_107' title='bbox 1031 1405 1088 1458; x_wconf 89' lang='lat' dir='ltr'><strong>in</strong></span> <span class='ocrx_word' id='word_1_108' title='bbox 1128 1407 1387 1472; x_wconf 88' lang='lat' dir='ltr'><strong>medium,</strong></span> <span class='ocrx_word' id='word_1_109' title='bbox 1433 1417 1483 1462; x_wconf 91' lang='lat' dir='ltr'><strong>et</strong></span> <span class='ocrx_word' id='word_1_110' title='bbox 1536 1410 1646 1478; x_wconf 88' lang='lat' dir='ltr'><strong>ipse</strong></span> <span class='ocrx_word' id='word_1_111' title='bbox 1692 1409 1775 1463; x_wconf 83' lang='lat' dir='ltr'><strong>sui</strong></span> 
     </span>
    </p>
   </div>
   <div class='ocr_carea' id='block_1_16' title="bbox 177 1495 1777 1568">
    <p class='ocr_par' dir='ltr' id='par_1_16' title="bbox 177 1495 1777 1568">
     <span class='ocr_line' id='line_1_16' title="bbox 177 1495 1777 1568; baseline 0.005 -23"><span class='ocrx_word' id='word_1_112' title='bbox 177 1503 471 1546; x_wconf 82' lang='lat' dir='ltr'><strong>accusator</strong></span> <span class='ocrx_word' id='word_1_113' title='bbox 495 1497 754 1549; x_wconf 79' lang='lat' dir='ltr'><strong>exsistat:</strong></span> <span class='ocrx_word' id='word_1_114' title='bbox 788 1495 842 1547; x_wconf 78' lang='lat' dir='ltr'><strong>lii</strong></span> <span class='ocrx_word' id='word_1_115' title='bbox 873 1505 1050 1549; x_wconf 86' lang='lat' dir='ltr'><strong>autem</strong></span> <span class='ocrx_word' id='word_1_116' title='bbox 1082 1497 1174 1567; x_wconf 86' lang='lat' dir='ltr'><strong>qui</strong></span> <span class='ocrx_word' id='word_1_117' title='bbox 1206 1496 1448 1566; x_wconf 87' lang='lat' dir='ltr'><strong>futurum</strong></span> <span class='ocrx_word' id='word_1_118' title='bbox 1485 1496 1585 1553; x_wconf 77' lang='lat' dir='ltr'><strong>Dei</strong></span> <span class='ocrx_word' id='word_1_119' title='bbox 1626 1499 1777 1568; x_wconf 87' lang='lat' dir='ltr'><strong>judi-</strong></span> 
     </span>
    </p>
   </div>
   <div class='ocr_carea' id='block_1_17' title="bbox 177 1583 1776 1656">
    <p class='ocr_par' dir='ltr' id='par_1_17' title="bbox 177 1583 1776 1656">
     <span class='ocr_line' id='line_1_17' title="bbox 177 1583 1776 1656; baseline 0.003 -18"><span class='ocrx_word' id='word_1_120' title='bbox 177 1583 331 1638; x_wconf 81' lang='lat' dir='ltr'><strong>cium</strong></span> <span class='ocrx_word' id='word_1_121' title='bbox 366 1599 468 1636; x_wconf 89' lang='lat' dir='ltr'><strong>non</strong></span> <span class='ocrx_word' id='word_1_122' title='bbox 503 1593 764 1647; x_wconf 81' lang='lat' dir='ltr'><strong>metuunt,</strong></span> <span class='ocrx_word' id='word_1_123' title='bbox 793 1587 904 1638; x_wconf 71' lang='lat' dir='ltr'><strong>hac</strong></span> <span class='ocrx_word' id='word_1_124' title='bbox 930 1586 1205 1640; x_wconf 77' lang='lat' dir='ltr'><strong>audientes</strong></span> <span class='ocrx_word' id='word_1_125' title='bbox 1237 1603 1356 1640; x_wconf 90' lang='lat' dir='ltr'><strong>cum</strong></span> <span class='ocrx_word' id='word_1_126' title='bbox 1378 1588 1776 1656; x_wconf 83' lang='lat' dir='ltr'><strong>infirmantibus</strong></span> 
     </span>
    </p>
   </div>
   <div class='ocr_carea' id='block_1_18' title="bbox 176 1675 1775 1746">
    <p class='ocr_par' dir='ltr' id='par_1_18' title="bbox 176 1675 1775 1746">
     <span class='ocr_line' id='line_1_18' title="bbox 176 1675 1775 1746; baseline 0.004 -18"><span class='ocrx_word' id='word_1_127' title='bbox 176 1675 400 1744; x_wconf 85' lang='lat' dir='ltr'><strong>quidem</strong></span> <span class='ocrx_word' id='word_1_128' title='bbox 433 1692 536 1729; x_wconf 82' lang='lat' dir='ltr'><strong>non</strong></span> <span class='ocrx_word' id='word_1_129' title='bbox 568 1677 905 1746; x_wconf 80' lang='lat' dir='ltr'><strong>inﬁrmentur</strong></span> <span class='ocrx_word' id='word_1_130' title='bbox 929 1715 944 1738; x_wconf 92' lang='lat'><strong>,</strong></span> <span class='ocrx_word' id='word_1_131' title='bbox 976 1693 1094 1730; x_wconf 81' lang='lat' dir='ltr'><strong>cum</strong></span> <span class='ocrx_word' id='word_1_132' title='bbox 1141 1678 1632 1735; x_wconf 75' lang='lat' dir='ltr'><strong>scandalizantibus</strong></span> <span class='ocrx_word' id='word_1_133' title='bbox 1673 1697 1775 1734; x_wconf 88' lang='lat' dir='ltr'><strong>non</strong></span> 
     </span>
    </p>
   </div>
   <div class='ocr_carea' id='block_1_19' title="bbox 178 1743 1853 1844">
    <p class='ocr_par' dir='ltr' id='par_1_19' title="bbox 178 1743 1853 1844">
     <span class='ocr_line' id='line_1_19' title="bbox 178 1743 1853 1844; baseline 0.004 -22"><span class='ocrx_word' id='word_1_134' title='bbox 178 1743 439 1833; x_wconf 78' lang='lat' dir='ltr'><strong>urantur,</strong></span> <span class='ocrx_word' id='word_1_135' title='bbox 471 1784 589 1821; x_wconf 88' lang='lat' dir='ltr'><strong>cum</strong></span> <span class='ocrx_word' id='word_1_136' title='bbox 623 1743 789 1838; x_wconf 88' lang='lat' dir='ltr'><strong>lapsis</strong></span> <span class='ocrx_word' id='word_1_137' title='bbox 821 1785 924 1824; x_wconf 89' lang='lat' dir='ltr'><strong>non</strong></span> <span class='ocrx_word' id='word_1_138' title='bbox 949 1769 1187 1839; x_wconf 87' lang='lat' dir='ltr'><strong>jaceunt,</strong></span> <span class='ocrx_word' id='word_1_139' title='bbox 1220 1772 1310 1825; x_wconf 87' lang='lat' dir='ltr'><strong>sed</strong></span> <span class='ocrx_word' id='word_1_140' title='bbox 1354 1771 1571 1826; x_wconf 80' lang='lat' dir='ltr'><strong>dicunt:</strong></span> <span class='ocrx_word' id='word_1_141' title='bbox 1603 1772 1778 1844; x_wconf 88' lang='lat' dir='ltr'><strong>Longe</strong></span> <span class='ocrx_word' id='word_1_142' title='bbox 1811 1743 1853 1799; x_wconf 76' lang='grc' dir='ltr'><strong>Β</strong></span> 
     </span>
    </p>
   </div>
   <div class='ocr_carea' id='block_1_20' title="bbox 181 1859 1778 1934">
    <p class='ocr_par' dir='ltr' id='par_1_20' title="bbox 181 1859 1778 1934">
     <span class='ocr_line' id='line_1_20' title="bbox 181 1859 1778 1934; baseline 0.003 -21"><span class='ocrx_word' id='word_1_143' title='bbox 181 1870 240 1914; x_wconf 80' lang='lat' dir='ltr'><strong>te</strong></span> <span class='ocrx_word' id='word_1_144' title='bbox 276 1859 364 1928; x_wconf 89' lang='lat' dir='ltr'><strong>fac</strong></span> <span class='ocrx_word' id='word_1_145' title='bbox 401 1877 434 1913; x_wconf 91' lang='lat' dir='ltr'><strong>a</strong></span> <span class='ocrx_word' id='word_1_146' title='bbox 470 1876 571 1925; x_wconf 89' lang='lat' dir='ltr'><strong>me,</strong></span> <span class='ocrx_word' id='word_1_147' title='bbox 598 1877 760 1931; x_wconf 88' lang='lat' dir='ltr'><strong>neque</strong></span> <span class='ocrx_word' id='word_1_148' title='bbox 789 1863 1009 1916; x_wconf 81' lang='lat' dir='ltr'><strong>accedas</strong></span> <span class='ocrx_word' id='word_1_149' title='bbox 1047 1862 1116 1915; x_wconf 90' lang='lat' dir='ltr'><strong>ad</strong></span> <span class='ocrx_word' id='word_1_150' title='bbox 1145 1879 1244 1929; x_wconf 91' lang='lat' dir='ltr'><strong>me,</strong></span> <span class='ocrx_word' id='word_1_151' title='bbox 1272 1864 1523 1934; x_wconf 88' lang='lat' dir='ltr'><strong>quoniam</strong></span> <span class='ocrx_word' id='word_1_152' title='bbox 1552 1864 1778 1918; x_wconf 83' lang='lat' dir='ltr'><strong>mundus</strong></span> 
     </span>
    </p>
   </div>
   <div class='ocr_carea' id='block_1_21' title="bbox 181 1953 1780 2025">
    <p class='ocr_par' dir='ltr' id='par_1_21' title="bbox 181 1953 1780 2025">
     <span class='ocr_line' id='line_1_21' title="bbox 181 1953 1780 2025; baseline 0.004 -20"><span class='ocrx_word' id='word_1_153' title='bbox 181 1969 347 2015; x_wconf 79' lang='lat' dir='ltr'><strong>sum;</strong></span> <span class='ocrx_word' id='word_1_154' title='bbox 374 1962 424 2006; x_wconf 84' lang='lat' dir='ltr'><strong>et</strong></span> <span class='ocrx_word' id='word_1_155' title='bbox 449 1953 702 2008; x_wconf 87' lang='lat' dir='ltr'><strong>detestari</strong></span> <span class='ocrx_word' id='word_1_156' title='bbox 742 1955 1001 2025; x_wconf 83' lang='lat' dir='ltr'><strong>incipiant</strong></span> <span class='ocrx_word' id='word_1_157' title='bbox 1031 1972 1172 2022; x_wconf 86' lang='lat' dir='ltr'><strong>eum,</strong></span> <span class='ocrx_word' id='word_1_158' title='bbox 1209 1972 1360 2024; x_wconf 87' lang='lat' dir='ltr'><strong>quem</strong></span> <span class='ocrx_word' id='word_1_159' title='bbox 1389 1967 1512 2011; x_wconf 86' lang='lat' dir='ltr'><strong>ante</strong></span> <span class='ocrx_word' id='word_1_160' title='bbox 1542 1957 1780 2011; x_wconf 84' lang='lat' dir='ltr'><strong>admira-</strong></span> 
     </span>
    </p>
   </div>
   <div class='ocr_carea' id='block_1_22' title="bbox 93 2044 1780 2120">
    <p class='ocr_par' dir='ltr' id='par_1_22' title="bbox 93 2044 1780 2120">
     <span class='ocr_line' id='line_1_22' title="bbox 93 2044 1780 2120; baseline 0.005 -25"><span class='ocrx_word' id='word_1_161' title='bbox 93 2099 106 2105; x_wconf 61' lang='grc'><em>,</em></span> <span class='ocrx_word' id='word_1_162' title='bbox 181 2045 420 2107; x_wconf 84' lang='lat' dir='ltr'><strong>bantur,</strong></span> <span class='ocrx_word' id='word_1_163' title='bbox 454 2053 504 2097; x_wconf 88' lang='lat' dir='ltr'><strong>et</strong></span> <span class='ocrx_word' id='word_1_164' title='bbox 552 2044 616 2098; x_wconf 91' lang='lat' dir='ltr'><strong>ab</strong></span> <span class='ocrx_word' id='word_1_165' title='bbox 658 2047 900 2100; x_wconf 88' lang='lat' dir='ltr'><strong>amicitia</strong></span> <span class='ocrx_word' id='word_1_166' title='bbox 944 2048 1186 2100; x_wconf 81' lang='lat' dir='ltr'><strong>recedant</strong></span> <span class='ocrx_word' id='word_1_167' title='bbox 1219 2047 1372 2116; x_wconf 70' lang='lat' dir='ltr'><strong>cjus.,</strong></span> <span class='ocrx_word' id='word_1_168' title='bbox 1412 2049 1501 2120; x_wconf 88' lang='lat' dir='ltr'><strong>qui</strong></span> <span class='ocrx_word' id='word_1_169' title='bbox 1529 2049 1780 2104; x_wconf 85' lang='lat' dir='ltr'><strong>delictum</strong></span> 
     </span>
    </p>
   </div>
   <div class='ocr_carea' id='block_1_23' title="bbox 182 2137 1783 2212">
    <p class='ocr_par' dir='ltr' id='par_1_23' title="bbox 182 2137 1783 2212">
     <span class='ocr_line' id='line_1_23' title="bbox 182 2137 1783 2212; baseline 0.006 -25"><span class='ocrx_word' id='word_1_170' title='bbox 182 2152 350 2190; x_wconf 84' lang='lat' dir='ltr'><strong>suum</strong></span> <span class='ocrx_word' id='word_1_171' title='bbox 392 2137 559 2192; x_wconf 89' lang='lat' dir='ltr'><strong>noluit</strong></span> <span class='ocrx_word' id='word_1_172' title='bbox 604 2139 913 2193; x_wconf 88' lang='lat' dir='ltr'><strong>occultare:</strong></span> <span class='ocrx_word' id='word_1_173' title='bbox 943 2155 1100 2209; x_wconf 87' lang='lat' dir='ltr'><strong>super</strong></span> <span class='ocrx_word' id='word_1_174' title='bbox 1133 2140 1212 2196; x_wconf 77' lang='lat' dir='ltr'><strong>liis</strong></span> <span class='ocrx_word' id='word_1_175' title='bbox 1244 2158 1368 2210; x_wconf 88' lang='lat' dir='ltr'><strong>ergo</strong></span> <span class='ocrx_word' id='word_1_176' title='bbox 1411 2154 1783 2212; x_wconf 76' lang='lat' dir='ltr'><strong>consequenter</strong></span> 
     </span>
    </p>
   </div>
   <div class='ocr_carea' id='block_1_24' title="bbox 181 2226 1778 2302">
    <p class='ocr_par' dir='ltr' id='par_1_24' title="bbox 181 2226 1778 2302">
     <span class='ocr_line' id='line_1_24' title="bbox 181 2226 1778 2302; baseline 0.006 -23"><span class='ocrx_word' id='word_1_177' title='bbox 181 2226 361 2293; x_wconf 79' lang='lat' dir='ltr'><strong>dicit,</strong></span> <span class='ocrx_word' id='word_1_178' title='bbox 395 2228 484 2298; x_wconf 88' lang='lat' dir='ltr'><strong>qui</strong></span> <span class='ocrx_word' id='word_1_179' title='bbox 523 2228 950 2300; x_wconf 82' lang='lat' dir='ltr'><strong>exhomologesin</strong></span> <span class='ocrx_word' id='word_1_180' title='bbox 972 2269 988 2295; x_wconf 88' lang='lat'><strong>,</strong></span> <span class='ocrx_word' id='word_1_181' title='bbox 1029 2230 1084 2283; x_wconf 89' lang='lat' dir='ltr'><strong>id</strong></span> <span class='ocrx_word' id='word_1_182' title='bbox 1117 2242 1196 2284; x_wconf 82' lang='lat' dir='ltr'><strong>est</strong></span> <span class='ocrx_word' id='word_1_183' title='bbox 1229 2231 1605 2300; x_wconf 82' lang='lat' dir='ltr'><strong>confessionem</strong></span> <span class='ocrx_word' id='word_1_184' title='bbox 1632 2274 1648 2299; x_wconf 95' lang='lat'><strong>,</strong></span> <span class='ocrx_word' id='word_1_185' title='bbox 1695 2233 1778 2302; x_wconf 87' lang='lat' dir='ltr'><strong>fa-</strong></span> 
     </span>
    </p>
   </div>
   <div class='ocr_carea' id='block_1_25' title="bbox 183 2315 1781 2388">
    <p class='ocr_par' dir='ltr' id='par_1_25' title="bbox 183 2315 1781 2388">
     <span class='ocr_line' id='line_1_25' title="bbox 183 2315 1781 2388; baseline 0.004 -18"><span class='ocrx_word' id='word_1_186' title='bbox 183 2317 292 2382; x_wconf 91' lang='lat' dir='ltr'><strong>cit,</strong></span> <span class='ocrx_word' id='word_1_187' title='bbox 320 2324 424 2372; x_wconf 89' lang='lat' dir='ltr'><strong>etc.</strong></span> <span class='ocrx_word' id='word_1_188' title='bbox 457 2315 561 2372; x_wconf 92' lang='lat' dir='ltr'><strong>Sed</strong></span> <span class='ocrx_word' id='word_1_189' title='bbox 591 2326 782 2388; x_wconf 89' lang='lat' dir='ltr'><strong>postea</strong></span> <span class='ocrx_word' id='word_1_190' title='bbox 816 2318 1020 2374; x_wconf 88' lang='lat' dir='ltr'><strong>clarius</strong></span> <span class='ocrx_word' id='word_1_191' title='bbox 1053 2319 1194 2374; x_wconf 91' lang='lat' dir='ltr'><strong>idem</strong></span> <span class='ocrx_word' id='word_1_192' title='bbox 1245 2320 1528 2386; x_wconf 88' lang='lat' dir='ltr'><strong>declarat,</strong></span> <span class='ocrx_word' id='word_1_193' title='bbox 1565 2338 1689 2377; x_wconf 93' lang='lat' dir='ltr'><strong>cum</strong></span> <span class='ocrx_word' id='word_1_194' title='bbox 1714 2322 1781 2376; x_wconf 90' lang='lat' dir='ltr'><strong>ad</strong></span> 
     </span>
    </p>
   </div>
   <div class='ocr_carea' id='block_1_26' title="bbox 186 2405 1781 2476">
    <p class='ocr_par' dir='ltr' id='par_1_26' title="bbox 186 2405 1781 2476">
     <span class='ocr_line' id='line_1_26' title="bbox 186 2405 1781 2476; baseline 0.004 -18"><span class='ocrx_word' id='word_1_195' title='bbox 186 2405 285 2459; x_wconf 79' lang='lat' dir='ltr'><strong>sui</strong></span> <span class='ocrx_word' id='word_1_196' title='bbox 329 2408 734 2463; x_wconf 83' lang='lat' dir='ltr'><strong>accusationem</strong></span> <span class='ocrx_word' id='word_1_197' title='bbox 779 2417 836 2463; x_wconf 86' lang='lat' dir='ltr'><strong>et</strong></span> <span class='ocrx_word' id='word_1_198' title='bbox 880 2408 1285 2466; x_wconf 79' lang='lat' dir='ltr'><strong>confessionem</strong></span> <span class='ocrx_word' id='word_1_199' title='bbox 1338 2411 1678 2476; x_wconf 85' lang='lat' dir='ltr'><strong>adhortans,</strong></span> <span class='ocrx_word' id='word_1_200' title='bbox 1709 2413 1781 2466; x_wconf 91' lang='lat' dir='ltr'><strong>ita</strong></span> 
     </span>
    </p>
   </div>
   <div class='ocr_carea' id='block_1_27' title="bbox 186 2498 1781 2573">
    <p class='ocr_par' dir='ltr' id='par_1_27' title="bbox 186 2498 1781 2573">
     <span class='ocr_line' id='line_1_27' title="bbox 186 2498 1781 2573; baseline 0.004 -21"><span class='ocrx_word' id='word_1_201' title='bbox 186 2498 481 2569; x_wconf 73' lang='lat' dir='ltr'><strong>loquitur:</strong></span> <span class='ocrx_word' id='word_1_202' title='bbox 535 2498 924 2555; x_wconf 83' lang='lat' dir='ltr'><strong>Tantummodo</strong></span> <span class='ocrx_word' id='word_1_203' title='bbox 974 2503 1318 2573; x_wconf 84' lang='lat' dir='ltr'><strong>circumspice</strong></span> <span class='ocrx_word' id='word_1_204' title='bbox 1354 2503 1658 2573; x_wconf 85' lang='lat' dir='ltr'><strong>diligentius</strong></span> <span class='ocrx_word' id='word_1_205' title='bbox 1695 2504 1781 2558; x_wconf 82' lang='lat' dir='ltr'><strong>cui</strong></span> 
     </span>
    </p>
   </div>
   <div class='ocr_carea' id='block_1_28' title="bbox 185 2589 1783 2666">
    <p class='ocr_par' dir='ltr' id='par_1_28' title="bbox 185 2589 1783 2666">
     <span class='ocr_line' id='line_1_28' title="bbox 185 2589 1783 2666; baseline 0.004 -22"><span class='ocrx_word' id='word_1_206' title='bbox 185 2589 388 2646; x_wconf 75' lang='lat' dir='ltr'><strong>debeas</strong></span> <span class='ocrx_word' id='word_1_207' title='bbox 417 2593 660 2661; x_wconf 84' lang='lat' dir='ltr'><strong>confiteri</strong></span> <span class='ocrx_word' id='word_1_208' title='bbox 697 2602 971 2662; x_wconf 87' lang='lat' dir='ltr'><strong>peccatum</strong></span> <span class='ocrx_word' id='word_1_209' title='bbox 1021 2603 1192 2650; x_wconf 90' lang='lat' dir='ltr'><strong>tuum.</strong></span> <span class='ocrx_word' id='word_1_210' title='bbox 1229 2594 1408 2649; x_wconf 90' lang='lat' dir='ltr'><strong>Proba</strong></span> <span class='ocrx_word' id='word_1_211' title='bbox 1437 2596 1584 2666; x_wconf 87' lang='lat' dir='ltr'><strong>prius</strong></span> <span class='ocrx_word' id='word_1_212' title='bbox 1617 2596 1783 2650; x_wconf 77' lang='lat' dir='ltr'><strong>medi-</strong></span> 
     </span>
    </p>
   </div>
   <div class='ocr_carea' id='block_1_29' title="bbox 186 2685 1786 2758">
    <p class='ocr_par' dir='ltr' id='par_1_29' title="bbox 186 2685 1786 2758">
     <span class='ocr_line' id='line_1_29' title="bbox 186 2685 1786 2758; baseline 0.001 -18"><span class='ocrx_word' id='word_1_213' title='bbox 186 2700 318 2740; x_wconf 80' lang='lat' dir='ltr'><strong>cum</strong></span> <span class='ocrx_word' id='word_1_214' title='bbox 338 2725 352 2747; x_wconf 91' lang='lat'><strong>,</strong></span> <span class='ocrx_word' id='word_1_215' title='bbox 390 2687 475 2738; x_wconf 89' lang='lat' dir='ltr'><strong>cui</strong></span> <span class='ocrx_word' id='word_1_216' title='bbox 503 2685 687 2740; x_wconf 86' lang='lat' dir='ltr'><strong>debeas</strong></span> <span class='ocrx_word' id='word_1_217' title='bbox 715 2703 933 2740; x_wconf 84' lang='lat' dir='ltr'><strong>causam</strong></span> <span class='ocrx_word' id='word_1_218' title='bbox 964 2685 1238 2757; x_wconf 83' lang='lat' dir='ltr'><strong>languoris</strong></span> <span class='ocrx_word' id='word_1_219' title='bbox 1265 2703 1538 2758; x_wconf 76' lang='lat' dir='ltr'><strong>exponere,</strong></span> <span class='ocrx_word' id='word_1_220' title='bbox 1567 2699 1697 2755; x_wconf 89' lang='lat' dir='ltr'><strong>etc.,</strong></span> <span class='ocrx_word' id='word_1_221' title='bbox 1724 2697 1786 2742; x_wconf 87' lang='lat' dir='ltr'><strong>ut</strong></span> 
     </span>
    </p>
   </div>
   <div class='ocr_carea' id='block_1_30' title="bbox 189 2779 1783 2849">
    <p class='ocr_par' dir='ltr' id='par_1_30' title="bbox 189 2779 1783 2849">
     <span class='ocr_line' id='line_1_30' title="bbox 189 2779 1783 2849; baseline 0.001 -16"><span class='ocrx_word' id='word_1_222' title='bbox 189 2779 276 2834; x_wconf 73' lang='lat' dir='ltr'><strong>ita</strong></span> <span class='ocrx_word' id='word_1_223' title='bbox 308 2779 516 2832; x_wconf 84' lang='lat' dir='ltr'><strong>demunt</strong></span> <span class='ocrx_word' id='word_1_224' title='bbox 542 2779 588 2832; x_wconf 90' lang='lat' dir='ltr'><strong>si</strong></span> <span class='ocrx_word' id='word_1_225' title='bbox 613 2780 738 2848; x_wconf 90' lang='lat' dir='ltr'><strong>quid</strong></span> <span class='ocrx_word' id='word_1_226' title='bbox 766 2779 856 2833; x_wconf 90' lang='lat' dir='ltr'><strong>ille</strong></span> <span class='ocrx_word' id='word_1_227' title='bbox 886 2779 1104 2840; x_wconf 85' lang='lat' dir='ltr'><strong>dixerit,</strong></span> <span class='ocrx_word' id='word_1_228' title='bbox 1141 2779 1230 2848; x_wconf 89' lang='lat' dir='ltr'><strong>qui</strong></span> <span class='ocrx_word' id='word_1_229' title='bbox 1263 2797 1319 2833; x_wconf 87' lang='lat' dir='ltr'><strong>se</strong></span> <span class='ocrx_word' id='word_1_230' title='bbox 1349 2781 1496 2849; x_wconf 87' lang='lat' dir='ltr'><strong>prius</strong></span> <span class='ocrx_word' id='word_1_231' title='bbox 1523 2789 1572 2836; x_wconf 91' lang='lat' dir='ltr'><strong>et</strong></span> <span class='ocrx_word' id='word_1_232' title='bbox 1601 2781 1783 2835; x_wconf 89' lang='lat' dir='ltr'><strong>erudi-</strong></span> 
     </span>
    </p>
   </div>
   <div class='ocr_carea' id='block_1_31' title="bbox 190 2871 1784 2944">
    <p class='ocr_par' dir='ltr' id='par_1_31' title="bbox 190 2871 1784 2944">
     <span class='ocr_line' id='line_1_31' title="bbox 190 2871 1784 2944; baseline 0.003 -20"><span class='ocrx_word' id='word_1_233' title='bbox 190 2879 314 2924; x_wconf 78' lang='lat' dir='ltr'><strong>tum</strong></span> <span class='ocrx_word' id='word_1_234' title='bbox 359 2871 616 2924; x_wconf 85' lang='lat' dir='ltr'><strong>medicum</strong></span> <span class='ocrx_word' id='word_1_235' title='bbox 684 2871 970 2926; x_wconf 83' lang='lat' dir='ltr'><strong>ostenderit</strong></span> <span class='ocrx_word' id='word_1_236' title='bbox 1013 2881 1062 2925; x_wconf 93' lang='lat' dir='ltr'><strong>et</strong></span> <span class='ocrx_word' id='word_1_237' title='bbox 1109 2871 1533 2936; x_wconf 82' lang='lat' dir='ltr'><strong>misericordem,</strong></span> <span class='ocrx_word' id='word_1_238' title='bbox 1576 2875 1624 2927; x_wconf 90' lang='lat' dir='ltr'><strong>si</strong></span> <span class='ocrx_word' id='word_1_239' title='bbox 1655 2873 1784 2944; x_wconf 83' lang='lat' dir='ltr'><strong>quid</strong></span> 
     </span>
    </p>
   </div>
   <div class='ocr_carea' id='block_1_32' title="bbox 189 2961 1782 3031">
    <p class='ocr_par' dir='ltr' id='par_1_32' title="bbox 189 2961 1782 3031">
     <span class='ocr_line' id='line_1_32' title="bbox 189 2961 1782 3031; baseline -0.001 -15"><span class='ocrx_word' id='word_1_240' title='bbox 189 2962 408 3016; x_wconf 82' lang='lat' dir='ltr'><strong>consilii</strong></span> <span class='ocrx_word' id='word_1_241' title='bbox 440 2962 674 3026; x_wconf 80' lang='lat' dir='ltr'><strong>dederit,</strong></span> <span class='ocrx_word' id='word_1_242' title='bbox 723 2961 898 3030; x_wconf 80' lang='lat' dir='ltr'><strong>facias</strong></span> <span class='ocrx_word' id='word_1_243' title='bbox 953 2969 1002 3015; x_wconf 91' lang='lat' dir='ltr'><strong>et</strong></span> <span class='ocrx_word' id='word_1_244' title='bbox 1050 2963 1332 3031; x_wconf 86' lang='lat' dir='ltr'><strong>sequaris;</strong></span> <span class='ocrx_word' id='word_1_245' title='bbox 1365 2963 1410 3017; x_wconf 88' lang='lat' dir='ltr'><strong>si</strong></span> <span class='ocrx_word' id='word_1_246' title='bbox 1441 2961 1782 3030; x_wconf 76' lang='lat' dir='ltr'><strong>intellexerit,</strong></span> 
     </span>
    </p>
   </div>
   <div class='ocr_carea' id='block_1_33' title="bbox 187 3053 1782 3125">
    <p class='ocr_par' dir='ltr' id='par_1_33' title="bbox 187 3053 1782 3125">
     <span class='ocr_line' id='line_1_33' title="bbox 187 3053 1782 3125; baseline 0.001 -18"><span class='ocrx_word' id='word_1_247' title='bbox 187 3063 246 3107; x_wconf 87' lang='lat' dir='ltr'><strong>et</strong></span> <span class='ocrx_word' id='word_1_248' title='bbox 277 3053 582 3124; x_wconf 70' lang='lat' dir='ltr'><strong>prxviderit</strong></span> <span class='ocrx_word' id='word_1_249' title='bbox 607 3053 763 3108; x_wconf 89' lang='lat' dir='ltr'><strong>talem</strong></span> <span class='ocrx_word' id='word_1_250' title='bbox 780 3069 889 3107; x_wconf 88' lang='lat' dir='ltr'><strong>esse</strong></span> <span class='ocrx_word' id='word_1_251' title='bbox 915 3053 1222 3124; x_wconf 83' lang='lat' dir='ltr'><strong>languorem</strong></span> <span class='ocrx_word' id='word_1_252' title='bbox 1254 3064 1422 3118; x_wconf 87' lang='lat' dir='ltr'><strong>tuum,</strong></span> <span class='ocrx_word' id='word_1_253' title='bbox 1456 3056 1545 3125; x_wconf 88' lang='lat' dir='ltr'><strong>qui</strong></span> <span class='ocrx_word' id='word_1_254' title='bbox 1578 3056 1632 3109; x_wconf 89' lang='lat' dir='ltr'><strong>in</strong></span> <span class='ocrx_word' id='word_1_255' title='bbox 1655 3071 1782 3109; x_wconf 89' lang='lat' dir='ltr'><strong>con-</strong></span> 
     </span>
    </p>
   </div>
   <div class='ocr_carea' id='block_1_34' title="bbox 189 3145 1788 3218">
    <p class='ocr_par' dir='ltr' id='par_1_34' title="bbox 189 3145 1788 3218">
     <span class='ocr_line' id='line_1_34' title="bbox 189 3145 1788 3218; baseline 0.002 -17"><span class='ocrx_word' id='word_1_256' title='bbox 189 3157 358 3201; x_wconf 69' lang='lat' dir='ltr'><strong>ventu</strong></span> <span class='ocrx_word' id='word_1_257' title='bbox 390 3148 551 3200; x_wconf 87' lang='lat' dir='ltr'><strong>totius</strong></span> <span class='ocrx_word' id='word_1_258' title='bbox 585 3145 842 3203; x_wconf 78' lang='lat' dir='ltr'><strong>Ecclesia:</strong></span> <span class='ocrx_word' id='word_1_259' title='bbox 880 3150 1070 3218; x_wconf 79' lang='lat' dir='ltr'><strong>exponi</strong></span> <span class='ocrx_word' id='word_1_260' title='bbox 1136 3149 1318 3202; x_wconf 87' lang='lat' dir='ltr'><strong>debeat</strong></span> <span class='ocrx_word' id='word_1_261' title='bbox 1380 3155 1430 3201; x_wconf 87' lang='lat' dir='ltr'><strong>et</strong></span> <span class='ocrx_word' id='word_1_262' title='bbox 1476 3149 1688 3214; x_wconf 87' lang='lat' dir='ltr'><strong>curari,</strong></span> <span class='ocrx_word' id='word_1_263' title='bbox 1724 3165 1788 3204; x_wconf 83' lang='lat' dir='ltr'><strong>ex</strong></span> 
     </span>
    </p>
   </div>
   <div class='ocr_carea' id='block_1_35' title="bbox 190 3237 1789 3311">
    <p class='ocr_par' dir='ltr' id='par_1_35' title="bbox 190 3237 1789 3311">
     <span class='ocr_line' id='line_1_35' title="bbox 190 3237 1789 3311; baseline 0.003 -20"><span class='ocrx_word' id='word_1_264' title='bbox 190 3254 304 3308; x_wconf 86' lang='lat' dir='ltr'><strong>quo</strong></span> <span class='ocrx_word' id='word_1_265' title='bbox 330 3237 573 3306; x_wconf 84' lang='lat' dir='ltr'><strong>fortassis</strong></span> <span class='ocrx_word' id='word_1_266' title='bbox 601 3247 652 3292; x_wconf 88' lang='lat' dir='ltr'><strong>et</strong></span> <span class='ocrx_word' id='word_1_267' title='bbox 690 3241 871 3293; x_wconf 72' lang='lat' dir='ltr'><strong>ca&#39;teri</strong></span> <span class='ocrx_word' id='word_1_268' title='bbox 907 3240 1172 3310; x_wconf 71' lang='lat' dir='ltr'><strong>a&#39;diﬁcari</strong></span> <span class='ocrx_word' id='word_1_269' title='bbox 1208 3248 1451 3308; x_wconf 89' lang='lat' dir='ltr'><strong>poterunt</strong></span> <span class='ocrx_word' id='word_1_270' title='bbox 1478 3279 1493 3304; x_wconf 94' lang='lat'><strong>,</strong></span> <span class='ocrx_word' id='word_1_271' title='bbox 1518 3249 1566 3294; x_wconf 91' lang='lat' dir='ltr'><strong>et</strong></span> <span class='ocrx_word' id='word_1_272' title='bbox 1601 3250 1654 3293; x_wconf 88' lang='lat' dir='ltr'><strong>tu</strong></span> <span class='ocrx_word' id='word_1_273' title='bbox 1679 3241 1789 3311; x_wconf 85' lang='lat' dir='ltr'><strong>ipse</strong></span> 
     </span>
    </p>
   </div>
   <div class='ocr_carea' id='block_1_36' title="bbox 194 3330 1790 3403">
    <p class='ocr_par' dir='ltr' id='par_1_36' title="bbox 194 3330 1790 3403">
     <span class='ocr_line' id='line_1_36' title="bbox 194 3330 1790 3403; baseline 0.003 -20"><span class='ocrx_word' id='word_1_274' title='bbox 194 3330 368 3400; x_wconf 78' lang='lat' dir='ltr'><strong>facile</strong></span> <span class='ocrx_word' id='word_1_275' title='bbox 397 3332 577 3384; x_wconf 88' lang='lat' dir='ltr'><strong>sanari</strong></span> <span class='ocrx_word' id='word_1_276' title='bbox 604 3371 619 3395; x_wconf 95' lang='lat'><strong>,</strong></span> <span class='ocrx_word' id='word_1_277' title='bbox 661 3331 831 3385; x_wconf 90' lang='lat' dir='ltr'><strong>multa</strong></span> <span class='ocrx_word' id='word_1_278' title='bbox 873 3332 969 3386; x_wconf 84' lang='lat' dir='ltr'><strong>hoc</strong></span> <span class='ocrx_word' id='word_1_279' title='bbox 1003 3332 1383 3386; x_wconf 76' lang='lat' dir='ltr'><strong>deliberatione</strong></span> <span class='ocrx_word' id='word_1_280' title='bbox 1411 3371 1426 3396; x_wconf 89' lang='lat'><strong>,</strong></span> <span class='ocrx_word' id='word_1_281' title='bbox 1456 3340 1504 3385; x_wconf 89' lang='lat' dir='ltr'><strong>et</strong></span> <span class='ocrx_word' id='word_1_282' title='bbox 1531 3333 1666 3386; x_wconf 83' lang='lat' dir='ltr'><strong>satis</strong></span> <span class='ocrx_word' id='word_1_283' title='bbox 1699 3350 1790 3403; x_wconf 86' lang='lat' dir='ltr'><strong>pe-</strong></span> 
     </span>
    </p>
   </div>
   <div class='ocr_carea' id='block_1_37' title="bbox 195 3421 1789 3494">
    <p class='ocr_par' dir='ltr' id='par_1_37' title="bbox 195 3421 1789 3494">
     <span class='ocr_line' id='line_1_37' title="bbox 195 3421 1789 3494; baseline 0.005 -20"><span class='ocrx_word' id='word_1_284' title='bbox 195 3421 312 3475; x_wconf 85' lang='lat' dir='ltr'><strong>rito</strong></span> <span class='ocrx_word' id='word_1_285' title='bbox 346 3423 535 3476; x_wconf 86' lang='lat' dir='ltr'><strong>medici</strong></span> <span class='ocrx_word' id='word_1_286' title='bbox 572 3422 718 3476; x_wconf 86' lang='lat' dir='ltr'><strong>illius</strong></span> <span class='ocrx_word' id='word_1_287' title='bbox 756 3424 978 3480; x_wconf 87' lang='lat' dir='ltr'><strong>consilio</strong></span> <span class='ocrx_word' id='word_1_288' title='bbox 1022 3427 1418 3494; x_wconf 82' lang='lat' dir='ltr'><strong>procurandum</strong></span> <span class='ocrx_word' id='word_1_289' title='bbox 1447 3433 1546 3482; x_wconf 88' lang='lat' dir='ltr'><strong>est.</strong></span> <span class='ocrx_word' id='word_1_290' title='bbox 1591 3424 1789 3482; x_wconf 85' lang='lat' dir='ltr'><strong>Hacte-</strong></span> 
     </span>
    </p>
   </div>
   <div class='ocr_carea' id='block_1_38' title="bbox 195 3515 624 3587">
    <p class='ocr_par' dir='ltr' id='par_1_38' title="bbox 195 3515 624 3587">
     <span class='ocr_line' id='line_1_38' title="bbox 195 3515 624 3587; baseline 0 -17"><span class='ocrx_word' id='word_1_291' title='bbox 195 3532 314 3571; x_wconf 86' lang='lat' dir='ltr'><strong>nus</strong></span> <span class='ocrx_word' id='word_1_292' title='bbox 347 3515 624 3587; x_wconf 81' lang='lat' dir='ltr'><strong>Origenes.</strong></span> 
     </span>
    </p>
   </div>
   <div class='ocr_carea' id='block_1_39' title="bbox 276 3602 1791 3686">
    <p class='ocr_par' dir='ltr' id='par_1_39' title="bbox 276 3602 1791 3686">
     <span class='ocr_line' id='line_1_39' title="bbox 276 3602 1791 3686; baseline 0.008 -28"><span class='ocrx_word' id='word_1_293' title='bbox 276 3602 474 3660; x_wconf 81' lang='lat' dir='ltr'><strong>Nullus</strong></span> <span class='ocrx_word' id='word_1_294' title='bbox 505 3607 558 3660; x_wconf 91' lang='lat' dir='ltr'><strong>iu</strong></span> <span class='ocrx_word' id='word_1_295' title='bbox 589 3609 734 3662; x_wconf 87' lang='lat' dir='ltr'><strong>omni</strong></span> <span class='ocrx_word' id='word_1_296' title='bbox 771 3619 1044 3665; x_wconf 86' lang='lat' dir='ltr'><strong>vetustate</strong></span> <span class='ocrx_word' id='word_1_297' title='bbox 1079 3611 1235 3668; x_wconf 89' lang='lat' dir='ltr'><strong>locus</strong></span> <span class='ocrx_word' id='word_1_298' title='bbox 1263 3624 1378 3682; x_wconf 88' lang='lat' dir='ltr'><strong>est,</strong></span> <span class='ocrx_word' id='word_1_299' title='bbox 1412 3630 1476 3668; x_wconf 82' lang='lat' dir='ltr'><strong>ex</strong></span> <span class='ocrx_word' id='word_1_300' title='bbox 1510 3630 1618 3686; x_wconf 87' lang='lat' dir='ltr'><strong>quo</strong></span> <span class='ocrx_word' id='word_1_301' title='bbox 1653 3613 1791 3670; x_wconf 84' lang='lat' dir='ltr'><strong>vali-</strong></span> 
     </span>
    </p>
   </div>
   <div class='ocr_carea' id='block_1_40' title="bbox 199 3695 1794 3777">
    <p class='ocr_par' dir='ltr' id='par_1_40' title="bbox 199 3695 1794 3777">
     <span class='ocr_line' id='line_1_40' title="bbox 199 3695 1794 3777; baseline 0.008 -26"><span class='ocrx_word' id='word_1_302' title='bbox 199 3696 336 3751; x_wconf 83' lang='lat' dir='ltr'><strong>dius</strong></span> <span class='ocrx_word' id='word_1_303' title='bbox 365 3697 415 3752; x_wconf 90' lang='lat' dir='ltr'><strong>id</strong></span> <span class='ocrx_word' id='word_1_304' title='bbox 453 3695 708 3754; x_wconf 74' lang='lat' dir='ltr'><strong>allirmari</strong></span> <span class='ocrx_word' id='word_1_305' title='bbox 765 3711 988 3770; x_wconf 83' lang='lat' dir='ltr'><strong>putent,</strong></span> <span class='ocrx_word' id='word_1_306' title='bbox 1016 3703 1160 3773; x_wconf 91' lang='lat' dir='ltr'><strong>quod</strong></span> <span class='ocrx_word' id='word_1_307' title='bbox 1214 3705 1280 3760; x_wconf 88' lang='lat' dir='ltr'><strong>de</strong></span> <span class='ocrx_word' id='word_1_308' title='bbox 1327 3707 1543 3777; x_wconf 89' lang='lat' dir='ltr'><strong>publica</strong></span> <span class='ocrx_word' id='word_1_309' title='bbox 1584 3706 1794 3764; x_wconf 82' lang='lat' dir='ltr'><strong>confes-</strong></span> 
     </span>
    </p>
   </div>
   <div class='ocr_carea' id='block_1_41' title="bbox 201 3789 1795 3865">
    <p class='ocr_par' dir='ltr' id='par_1_41' title="bbox 201 3789 1795 3865">
     <span class='ocr_line' id='line_1_41' title="bbox 201 3789 1795 3865; baseline 0.007 -21"><span class='ocrx_word' id='word_1_310' title='bbox 201 3789 366 3844; x_wconf 83' lang='lat' dir='ltr'><strong>sione</strong></span> <span class='ocrx_word' id='word_1_311' title='bbox 392 3789 661 3845; x_wconf 89' lang='lat' dir='ltr'><strong>sentiunt:</strong></span> <span class='ocrx_word' id='word_1_312' title='bbox 705 3809 830 3847; x_wconf 89' lang='lat' dir='ltr'><strong>nam</strong></span> <span class='ocrx_word' id='word_1_313' title='bbox 867 3795 920 3847; x_wconf 93' lang='lat' dir='ltr'><strong>in</strong></span> <span class='ocrx_word' id='word_1_314' title='bbox 957 3797 1246 3865; x_wconf 84' lang='lat' dir='ltr'><strong>posteriori</strong></span> <span class='ocrx_word' id='word_1_315' title='bbox 1299 3800 1538 3855; x_wconf 84' lang='lat' dir='ltr'><strong>maxime</strong></span> <span class='ocrx_word' id='word_1_316' title='bbox 1585 3809 1795 3855; x_wconf 83' lang='lat' dir='ltr'><strong>senten-</strong></span> 
     </span>
    </p>
   </div>
   <div class='ocr_carea' id='block_1_42' title="bbox 203 3881 1792 3953">
    <p class='ocr_par' dir='ltr' id='par_1_42' title="bbox 203 3881 1792 3953">
     <span class='ocr_line' id='line_1_42' title="bbox 203 3881 1792 3953; baseline 0.006 -17"><span class='ocrx_word' id='word_1_317' title='bbox 203 3881 286 3936; x_wconf 78' lang='lat' dir='ltr'><strong>tia</strong></span> <span class='ocrx_word' id='word_1_318' title='bbox 335 3881 596 3936; x_wconf 86' lang='lat' dir='ltr'><strong>delectum</strong></span> <span class='ocrx_word' id='word_1_319' title='bbox 657 3893 1003 3953; x_wconf 83' lang='lat' dir='ltr'><strong>peccatorum</strong></span> <span class='ocrx_word' id='word_1_320' title='bbox 1056 3902 1086 3940; x_wconf 89' lang='lat' dir='ltr'><strong>a</strong></span> <span class='ocrx_word' id='word_1_321' title='bbox 1141 3889 1420 3944; x_wconf 89' lang='lat' dir='ltr'><strong>sacerdote</strong></span> <span class='ocrx_word' id='word_1_322' title='bbox 1482 3888 1792 3945; x_wconf 80' lang='lat' dir='ltr'><strong>faciendum</strong></span> 
     </span>
    </p>
   </div>
   <div class='ocr_carea' id='block_1_43' title="bbox 205 3973 1793 4048">
    <p class='ocr_par' dir='ltr' id='par_1_43' title="bbox 205 3973 1793 4048">
     <span class='ocr_line' id='line_1_43' title="bbox 205 3973 1793 4048; baseline 0.006 -18"><span class='ocrx_word' id='word_1_323' title='bbox 205 3973 501 4042; x_wconf 84' lang='lat' dir='ltr'><strong>insinuat,</strong></span> <span class='ocrx_word' id='word_1_324' title='bbox 556 3993 677 4046; x_wconf 76' lang='lat' dir='ltr'><strong>qua:</strong></span> <span class='ocrx_word' id='word_1_325' title='bbox 736 3979 1007 4048; x_wconf 62' lang='lat' dir='ltr'><strong>paenitens</strong></span> <span class='ocrx_word' id='word_1_326' title='bbox 1063 3981 1129 4035; x_wconf 86' lang='lat' dir='ltr'><strong>ad</strong></span> <span class='ocrx_word' id='word_1_327' title='bbox 1194 3983 1439 4038; x_wconf 91' lang='lat' dir='ltr'><strong>omnium</strong></span> <span class='ocrx_word' id='word_1_328' title='bbox 1503 3984 1793 4039; x_wconf 88' lang='lat' dir='ltr'><strong>utilitatem</strong></span> 
     </span>
    </p>
   </div>
   <div class='ocr_carea' id='block_1_44' title="bbox 206 4067 1797 4144">
    <p class='ocr_par' dir='ltr' id='par_1_44' title="bbox 206 4067 1797 4144">
     <span class='ocr_line' id='line_1_44' title="bbox 206 4067 1797 4144; baseline 0.005 -23"><span class='ocrx_word' id='word_1_329' title='bbox 206 4067 430 4137; x_wconf 84' lang='lat' dir='ltr'><strong>publice</strong></span> <span class='ocrx_word' id='word_1_330' title='bbox 459 4069 794 4137; x_wconf 77' lang='lat' dir='ltr'><strong>profiteatur.</strong></span> <span class='ocrx_word' id='word_1_331' title='bbox 823 4071 984 4140; x_wconf 82' lang='lat' dir='ltr'><strong>Atqui</strong></span> <span class='ocrx_word' id='word_1_332' title='bbox 1013 4073 1149 4125; x_wconf 85' lang='lat' dir='ltr'><strong>nihil</strong></span> <span class='ocrx_word' id='word_1_333' title='bbox 1176 4073 1312 4128; x_wconf 90' lang='lat' dir='ltr'><strong>istos</strong></span> <span class='ocrx_word' id='word_1_334' title='bbox 1347 4071 1608 4144; x_wconf 76' lang='lat' dir='ltr'><strong>Origenes</strong></span> <span class='ocrx_word' id='word_1_335' title='bbox 1640 4075 1797 4144; x_wconf 72' lang='lat' dir='ltr'><strong>adju~</strong></span> 
     </span>
    </p>
   </div>
   <div class='ocr_carea' id='block_1_45' title="bbox 206 4157 1794 4234">
    <p class='ocr_par' dir='ltr' id='par_1_45' title="bbox 206 4157 1794 4234">
     <span class='ocr_line' id='line_1_45' title="bbox 206 4157 1794 4234; baseline 0.006 -25"><span class='ocrx_word' id='word_1_336' title='bbox 206 4165 342 4210; x_wconf 93' lang='lat' dir='ltr'><strong>vat:</strong></span> <span class='ocrx_word' id='word_1_337' title='bbox 380 4157 490 4210; x_wconf 89' lang='lat' dir='ltr'><strong>imo</strong></span> <span class='ocrx_word' id='word_1_338' title='bbox 523 4173 651 4213; x_wconf 86' lang='lat' dir='ltr'><strong>vero</strong></span> <span class='ocrx_word' id='word_1_339' title='bbox 688 4159 845 4214; x_wconf 90' lang='lat' dir='ltr'><strong>obest</strong></span> <span class='ocrx_word' id='word_1_340' title='bbox 873 4161 956 4214; x_wconf 87' lang='lat' dir='ltr'><strong>vel</strong></span> <span class='ocrx_word' id='word_1_341' title='bbox 991 4162 1311 4232; x_wconf 89' lang='lat' dir='ltr'><strong>plurimum,</strong></span> <span class='ocrx_word' id='word_1_342' title='bbox 1348 4163 1794 4234; x_wconf 87' lang='lat' dir='ltr'><strong>quandoquidem</strong></span> 
     </span>
    </p>
   </div>
   <div class='ocr_carea' id='block_1_46' title="bbox 207 4249 1796 4327">
    <p class='ocr_par' dir='ltr' id='par_1_46' title="bbox 207 4249 1796 4327">
     <span class='ocr_line' id='line_1_46' title="bbox 207 4249 1796 4327; baseline 0.004 -21"><span class='ocrx_word' id='word_1_343' title='bbox 207 4249 282 4306; x_wconf 85' lang='lat' dir='ltr'><strong>de</strong></span> <span class='ocrx_word' id='word_1_344' title='bbox 340 4252 553 4308; x_wconf 88' lang='lat' dir='ltr'><strong>arcanis</strong></span> <span class='ocrx_word' id='word_1_345' title='bbox 597 4254 938 4325; x_wconf 76' lang='lat' dir='ltr'><strong>occultisque</strong></span> <span class='ocrx_word' id='word_1_346' title='bbox 975 4257 1247 4327; x_wconf 86' lang='lat' dir='ltr'><strong>peccatis,</strong></span> <span class='ocrx_word' id='word_1_347' title='bbox 1285 4273 1390 4311; x_wconf 66' lang='lat' dir='ltr'><strong>non</strong></span> <span class='ocrx_word' id='word_1_348' title='bbox 1433 4257 1666 4327; x_wconf 83' lang='lat' dir='ltr'><strong>publicis</strong></span> <span class='ocrx_word' id='word_1_349' title='bbox 1716 4256 1796 4312; x_wconf 83' lang='grc' dir='ltr'><strong>ιο-</strong></span> 
     </span>
    </p>
   </div>
   <div class='ocr_carea' id='block_1_47' title="bbox 209 4338 1800 4417">
    <p class='ocr_par' dir='ltr' id='par_1_47' title="bbox 209 4338 1800 4417">
     <span class='ocr_line' id='line_1_47' title="bbox 209 4338 1800 4417; baseline 0.006 -26"><span class='ocrx_word' id='word_1_350' title='bbox 209 4338 444 4409; x_wconf 88' lang='lat' dir='ltr'><strong>quitur:</strong></span> <span class='ocrx_word' id='word_1_351' title='bbox 479 4339 546 4396; x_wconf 90' lang='lat' dir='ltr'><strong>de</strong></span> <span class='ocrx_word' id='word_1_352' title='bbox 576 4341 644 4397; x_wconf 90' lang='lat' dir='ltr'><strong>iis</strong></span> <span class='ocrx_word' id='word_1_353' title='bbox 665 4381 679 4407; x_wconf 93' lang='lat'><strong>,</strong></span> <span class='ocrx_word' id='word_1_354' title='bbox 713 4343 937 4414; x_wconf 87' lang='lat' dir='ltr'><strong>inquam</strong></span> <span class='ocrx_word' id='word_1_355' title='bbox 962 4386 975 4410; x_wconf 94' lang='lat'><strong>,</strong></span> <span class='ocrx_word' id='word_1_356' title='bbox 1008 4347 1248 4414; x_wconf 84' lang='lat' dir='ltr'><strong>peccatis</strong></span> <span class='ocrx_word' id='word_1_357' title='bbox 1281 4347 1385 4402; x_wconf 88' lang='lat' dir='ltr'><strong>ista</strong></span> <span class='ocrx_word' id='word_1_358' title='bbox 1426 4347 1800 4417; x_wconf 78' lang='lat' dir='ltr'><strong>pronuntiavit</strong></span> 
     </span>
    </p>
   </div>
   <div class='ocr_carea' id='block_1_48' title="bbox 1875 481 3450 556">
    <p class='ocr_par' dir='ltr' id='par_1_48' title="bbox 1875 481 3450 556">
     <span class='ocr_line' id='line_1_48' title="bbox 1875 481 3450 556; baseline -0.001 -19"><span class='ocrx_word' id='word_1_359' title='bbox 1875 485 2076 556; x_wconf 88' lang='lat' dir='ltr'><strong>(neque</strong></span> <span class='ocrx_word' id='word_1_360' title='bbox 2102 485 2248 540; x_wconf 89' lang='lat' dir='ltr'><strong>enim</strong></span> <span class='ocrx_word' id='word_1_361' title='bbox 2278 483 2523 554; x_wconf 90' lang='lat' dir='ltr'><strong>ejusdem</strong></span> <span class='ocrx_word' id='word_1_362' title='bbox 2553 481 2830 553; x_wconf 88' lang='lat' dir='ltr'><strong>opinionis</strong></span> <span class='ocrx_word' id='word_1_363' title='bbox 2864 482 3000 538; x_wconf 86' lang='lat' dir='ltr'><strong>alios</strong></span> <span class='ocrx_word' id='word_1_364' title='bbox 3029 482 3295 552; x_wconf 89' lang='lat' dir='ltr'><strong>quosdam</strong></span> <span class='ocrx_word' id='word_1_365' title='bbox 3328 499 3450 537; x_wconf 87' lang='lat' dir='ltr'><strong>mo-</strong></span> 
     </span>
    </p>
   </div>
   <div class='ocr_carea' id='block_1_49' title="bbox 1874 572 3451 646">
    <p class='ocr_par' dir='ltr' id='par_1_49' title="bbox 1874 572 3451 646">
     <span class='ocr_line' id='line_1_49' title="bbox 1874 572 3451 646; baseline -0.002 -17"><span class='ocrx_word' id='word_1_366' title='bbox 1874 589 2100 640; x_wconf 90' lang='lat' dir='ltr'><strong>ramur,</strong></span> <span class='ocrx_word' id='word_1_367' title='bbox 2143 575 2236 646; x_wconf 87' lang='lat' dir='ltr'><strong>qui</strong></span> <span class='ocrx_word' id='word_1_368' title='bbox 2275 589 2342 628; x_wconf 80' lang='lat' dir='ltr'><strong>ex</strong></span> <span class='ocrx_word' id='word_1_369' title='bbox 2388 573 2606 628; x_wconf 89' lang='lat' dir='ltr'><strong>arcanis</strong></span> <span class='ocrx_word' id='word_1_370' title='bbox 2669 572 2804 642; x_wconf 88' lang='lat' dir='ltr'><strong>ipsis</strong></span> <span class='ocrx_word' id='word_1_371' title='bbox 2853 573 3176 628; x_wconf 83' lang='lat' dir='ltr'><strong>criminibus</strong></span> <span class='ocrx_word' id='word_1_372' title='bbox 3203 573 3451 643; x_wconf 68' lang='lat' dir='ltr'><strong>quaedam</strong></span> 
     </span>
    </p>
   </div>
   <div class='ocr_carea' id='block_1_50' title="bbox 1872 661 3452 736">
    <p class='ocr_par' dir='ltr' id='par_1_50' title="bbox 1872 661 3452 736">
     <span class='ocr_line' id='line_1_50' title="bbox 1872 661 3452 736; baseline -0.003 -16"><span class='ocrx_word' id='word_1_373' title='bbox 1872 667 2039 721; x_wconf 87' lang='lat' dir='ltr'><strong>etiam</strong></span> <span class='ocrx_word' id='word_1_374' title='bbox 2079 665 2146 719; x_wconf 90' lang='lat' dir='ltr'><strong>ad</strong></span> <span class='ocrx_word' id='word_1_375' title='bbox 2188 664 2461 736; x_wconf 87' lang='lat' dir='ltr'><strong>publicam</strong></span> <span class='ocrx_word' id='word_1_376' title='bbox 2520 661 2916 734; x_wconf 89' lang='lat' dir='ltr'><strong>professionem</strong></span> <span class='ocrx_word' id='word_1_377' title='bbox 2981 665 3264 734; x_wconf 88' lang='lat' dir='ltr'><strong>designata</strong></span> <span class='ocrx_word' id='word_1_378' title='bbox 3319 678 3452 719; x_wconf 86' lang='lat' dir='ltr'><strong>cen-</strong></span> 
     </span>
    </p>
   </div>
   <div class='ocr_carea' id='block_1_51' title="bbox 1874 755 3456 827">
    <p class='ocr_par' dir='ltr' id='par_1_51' title="bbox 1874 755 3456 827">
     <span class='ocr_line' id='line_1_51' title="bbox 1874 755 3456 827; baseline -0.003 -15"><span class='ocrx_word' id='word_1_379' title='bbox 1874 769 2016 827; x_wconf 85' lang='lat' dir='ltr'><strong>sent,</strong></span> <span class='ocrx_word' id='word_1_380' title='bbox 2050 771 2283 827; x_wconf 90' lang='lat' dir='ltr'><strong>quorum</strong></span> <span class='ocrx_word' id='word_1_381' title='bbox 2315 768 2399 812; x_wconf 90' lang='lat' dir='ltr'><strong>est</strong></span> <span class='ocrx_word' id='word_1_382' title='bbox 2447 756 2630 811; x_wconf 89' lang='lat' dir='ltr'><strong>minus</strong></span> <span class='ocrx_word' id='word_1_383' title='bbox 2665 755 2982 812; x_wconf 76' lang='lat' dir='ltr'><strong>tolerandas</strong></span> <span class='ocrx_word' id='word_1_384' title='bbox 3019 756 3235 826; x_wconf 83' lang='lat' dir='ltr'><strong>error),</strong></span> <span class='ocrx_word' id='word_1_385' title='bbox 3288 756 3456 826; x_wconf 86' lang='lat' dir='ltr'><strong>pluri-</strong></span> 
     </span>
    </p>
   </div>
   <div class='ocr_carea' id='block_1_52' title="bbox 1874 847 3455 919">
    <p class='ocr_par' dir='ltr' id='par_1_52' title="bbox 1874 847 3455 919">
     <span class='ocr_line' id='line_1_52' title="bbox 1874 847 3455 919; baseline -0.002 -14"><span class='ocrx_word' id='word_1_386' title='bbox 1874 866 2023 905; x_wconf 91' lang='lat' dir='ltr'><strong>mum</strong></span> <span class='ocrx_word' id='word_1_387' title='bbox 2054 849 2242 914; x_wconf 89' lang='lat' dir='ltr'><strong>abest,</strong></span> <span class='ocrx_word' id='word_1_388' title='bbox 2283 859 2342 904; x_wconf 90' lang='lat' dir='ltr'><strong>ut</strong></span> <span class='ocrx_word' id='word_1_389' title='bbox 2370 864 2436 905; x_wconf 82' lang='lat' dir='ltr'><strong>ex</strong></span> <span class='ocrx_word' id='word_1_390' title='bbox 2475 849 2582 904; x_wconf 92' lang='lat' dir='ltr'><strong>illis</strong></span> <span class='ocrx_word' id='word_1_391' title='bbox 2611 847 2865 918; x_wconf 86' lang='lat' dir='ltr'><strong>Origenis</strong></span> <span class='ocrx_word' id='word_1_392' title='bbox 2909 848 3239 904; x_wconf 86' lang='lat' dir='ltr'><strong>testimoniis</strong></span> <span class='ocrx_word' id='word_1_393' title='bbox 3277 863 3455 919; x_wconf 76' lang='lat' dir='ltr'><strong>operae</strong></span> 
     </span>
    </p>
   </div>
   <div class='ocr_carea' id='block_1_53' title="bbox 1875 939 3457 1013">
    <p class='ocr_par' dir='ltr' id='par_1_53' title="bbox 1875 939 3457 1013">
     <span class='ocr_line' id='line_1_53' title="bbox 1875 939 3457 1013; baseline -0.001 -18"><span class='ocrx_word' id='word_1_394' title='bbox 1875 943 2108 1013; x_wconf 87' lang='lat' dir='ltr'><strong>pretium</strong></span> <span class='ocrx_word' id='word_1_395' title='bbox 2144 942 2314 997; x_wconf 90' lang='lat' dir='ltr'><strong>ullum</strong></span> <span class='ocrx_word' id='word_1_396' title='bbox 2361 942 2426 997; x_wconf 87' lang='lat' dir='ltr'><strong>ad</strong></span> <span class='ocrx_word' id='word_1_397' title='bbox 2473 942 2768 997; x_wconf 87' lang='lat' dir='ltr'><strong>commenti</strong></span> <span class='ocrx_word' id='word_1_398' title='bbox 2828 941 2912 997; x_wconf 89' lang='lat' dir='ltr'><strong>sui</strong></span> <span class='ocrx_word' id='word_1_399' title='bbox 2962 941 3325 1011; x_wconf 86' lang='lat' dir='ltr'><strong>patrocinium</strong></span> <span class='ocrx_word' id='word_1_400' title='bbox 3376 939 3457 994; x_wconf 88' lang='lat' dir='ltr'><strong>fa-</strong></span> 
     </span>
    </p>
   </div>
   <div class='ocr_carea' id='block_1_54' title="bbox 1875 1029 3456 1102">
    <p class='ocr_par' dir='ltr' id='par_1_54' title="bbox 1875 1029 3456 1102">
     <span class='ocr_line' id='line_1_54' title="bbox 1875 1029 3456 1102; baseline -0.003 -13"><span class='ocrx_word' id='word_1_401' title='bbox 1875 1033 2041 1090; x_wconf 88' lang='lat' dir='ltr'><strong>ciant.</strong></span> <span class='ocrx_word' id='word_1_402' title='bbox 2081 1032 2214 1100; x_wconf 63' lang='lat' dir='ltr'><strong>qu</strong></span> <span class='ocrx_word' id='word_1_403' title='bbox 2247 1046 2373 1088; x_wconf 92' lang='lat' dir='ltr'><strong>cum</strong></span> <span class='ocrx_word' id='word_1_404' title='bbox 2430 1031 2506 1087; x_wconf 91' lang='lat' dir='ltr'><strong>ita</strong></span> <span class='ocrx_word' id='word_1_405' title='bbox 2542 1045 2664 1088; x_wconf 87' lang='lat' dir='ltr'><strong>sese</strong></span> <span class='ocrx_word' id='word_1_406' title='bbox 2695 1031 2974 1097; x_wconf 88' lang='lat' dir='ltr'><strong>habeant,</strong></span> <span class='ocrx_word' id='word_1_407' title='bbox 3016 1032 3174 1087; x_wconf 87' lang='lat' dir='ltr'><strong>aliter</strong></span> <span class='ocrx_word' id='word_1_408' title='bbox 3205 1029 3456 1102; x_wconf 88' lang='lat' dir='ltr'><strong>Origenis</strong></span> 
     </span>
    </p>
   </div>
   <div class='ocr_carea' id='block_1_55' title="bbox 1875 1121 3453 1194">
    <p class='ocr_par' dir='ltr' id='par_1_55' title="bbox 1875 1121 3453 1194">
     <span class='ocr_line' id='line_1_55' title="bbox 1875 1121 3453 1194; baseline -0.002 -16"><span class='ocrx_word' id='word_1_409' title='bbox 1875 1123 2188 1193; x_wconf 86' lang='lat' dir='ltr'><strong>accipienda</strong></span> <span class='ocrx_word' id='word_1_410' title='bbox 2223 1123 2315 1178; x_wconf 90' lang='lat' dir='ltr'><strong>illa</strong></span> <span class='ocrx_word' id='word_1_411' title='bbox 2343 1121 2511 1178; x_wconf 84' lang='lat' dir='ltr'><strong>verba</strong></span> <span class='ocrx_word' id='word_1_412' title='bbox 2539 1132 2689 1187; x_wconf 87' lang='lat' dir='ltr'><strong>sunt,</strong></span> <span class='ocrx_word' id='word_1_413' title='bbox 2721 1137 2846 1178; x_wconf 90' lang='lat' dir='ltr'><strong>cum</strong></span> <span class='ocrx_word' id='word_1_414' title='bbox 2878 1123 3096 1194; x_wconf 88' lang='lat' dir='ltr'><strong>publice</strong></span> <span class='ocrx_word' id='word_1_415' title='bbox 3123 1122 3453 1188; x_wconf 88' lang='lat' dir='ltr'><strong>accusanda,</strong></span> 
     </span>
    </p>
   </div>
   <div class='ocr_carea' id='block_1_56' title="bbox 1876 1214 3454 1285">
    <p class='ocr_par' dir='ltr' id='par_1_56' title="bbox 1876 1214 3454 1285">
     <span class='ocr_line' id='line_1_56' title="bbox 1876 1214 3454 1285; baseline -0.002 -14"><span class='ocrx_word' id='word_1_416' title='bbox 1876 1215 2202 1282; x_wconf 83' lang='lat' dir='ltr'><strong>confitenda,</strong></span> <span class='ocrx_word' id='word_1_417' title='bbox 2235 1223 2332 1270; x_wconf 90' lang='lat' dir='ltr'><strong>aut</strong></span> <span class='ocrx_word' id='word_1_418' title='bbox 2362 1214 2683 1285; x_wconf 80' lang='lat' dir='ltr'><strong>exponenda</strong></span> <span class='ocrx_word' id='word_1_419' title='bbox 2727 1222 2945 1284; x_wconf 84' lang='lat' dir='ltr'><strong>peccata</strong></span> <span class='ocrx_word' id='word_1_420' title='bbox 2977 1215 3128 1281; x_wconf 88' lang='lat' dir='ltr'><strong>dicit,</strong></span> <span class='ocrx_word' id='word_1_421' title='bbox 3169 1215 3257 1269; x_wconf 90' lang='lat' dir='ltr'><strong>vel</strong></span> <span class='ocrx_word' id='word_1_422' title='bbox 3285 1214 3454 1269; x_wconf 75' lang='lat' dir='ltr'><strong>exlio-</strong></span> 
     </span>
    </p>
   </div>
   <div class='ocr_carea' id='block_1_57' title="bbox 1875 1306 3455 1380">
    <p class='ocr_par' dir='ltr' id='par_1_57' title="bbox 1875 1306 3455 1380">
     <span class='ocr_line' id='line_1_57' title="bbox 1875 1306 3455 1380; baseline 0 -16"><span class='ocrx_word' id='word_1_423' title='bbox 1875 1308 2180 1380; x_wconf 86' lang='lat' dir='ltr'><strong>mologesin</strong></span> <span class='ocrx_word' id='word_1_424' title='bbox 2211 1307 2633 1364; x_wconf 89' lang='lat' dir='ltr'><strong>instituendam:</strong></span> <span class='ocrx_word' id='word_1_425' title='bbox 2681 1307 2828 1377; x_wconf 92' lang='lat' dir='ltr'><strong>quod</strong></span> <span class='ocrx_word' id='word_1_426' title='bbox 2855 1307 2996 1378; x_wconf 86' lang='lat' dir='ltr'><strong>apud</strong></span> <span class='ocrx_word' id='word_1_427' title='bbox 3021 1316 3248 1364; x_wconf 66' lang='lat' dir='ltr'><strong>caeteros</strong></span> <span class='ocrx_word' id='word_1_428' title='bbox 3265 1306 3455 1364; x_wconf 85' lang='lat' dir='ltr'><strong>Patres</strong></span> 
     </span>
    </p>
   </div>
   <div class='ocr_carea' id='block_1_58' title="bbox 1878 1399 3462 1473">
    <p class='ocr_par' dir='ltr' id='par_1_58' title="bbox 1878 1399 3462 1473">
     <span class='ocr_line' id='line_1_58' title="bbox 1878 1399 3462 1473; baseline -0.001 -17"><span class='ocrx_word' id='word_1_429' title='bbox 1878 1401 1930 1456; x_wconf 93' lang='lat' dir='ltr'><strong>in</strong></span> <span class='ocrx_word' id='word_1_430' title='bbox 1959 1401 2258 1473; x_wconf 82' lang='lat' dir='ltr'><strong>primisque</strong></span> <span class='ocrx_word' id='word_1_431' title='bbox 2281 1400 2614 1472; x_wconf 81' lang='lat' dir='ltr'><strong>Cyprianum</strong></span> <span class='ocrx_word' id='word_1_432' title='bbox 2674 1399 2988 1472; x_wconf 83' lang='lat' dir='ltr'><strong>frequenter</strong></span> <span class='ocrx_word' id='word_1_433' title='bbox 3035 1399 3295 1455; x_wconf 90' lang='lat' dir='ltr'><strong>occurrit.</strong></span> <span class='ocrx_word' id='word_1_434' title='bbox 3360 1399 3462 1454; x_wconf 81' lang='lat' dir='ltr'><strong>Ne-</strong></span> 
     </span>
    </p>
   </div>
   <div class='ocr_carea' id='block_1_59' title="bbox 1876 1492 3456 1564">
    <p class='ocr_par' dir='ltr' id='par_1_59' title="bbox 1876 1492 3456 1564">
     <span class='ocr_line' id='line_1_59' title="bbox 1876 1492 3456 1564; baseline -0.003 -14"><span class='ocrx_word' id='word_1_435' title='bbox 1876 1511 1984 1564; x_wconf 87' lang='lat' dir='ltr'><strong>que</strong></span> <span class='ocrx_word' id='word_1_436' title='bbox 2031 1494 2177 1549; x_wconf 91' lang='lat' dir='ltr'><strong>enim</strong></span> <span class='ocrx_word' id='word_1_437' title='bbox 2234 1502 2496 1564; x_wconf 90' lang='lat' dir='ltr'><strong>perpetuo</strong></span> <span class='ocrx_word' id='word_1_438' title='bbox 2561 1492 2804 1563; x_wconf 89' lang='lat' dir='ltr'><strong>legitima</strong></span> <span class='ocrx_word' id='word_1_439' title='bbox 2867 1492 3049 1562; x_wconf 89' lang='lat' dir='ltr'><strong>aliqua</strong></span> <span class='ocrx_word' id='word_1_440' title='bbox 3105 1501 3456 1561; x_wconf 87' lang='lat' dir='ltr'><strong>peccatorum</strong></span> 
     </span>
    </p>
   </div>
   <div class='ocr_carea' id='block_1_60' title="bbox 1876 1583 3461 1656">
    <p class='ocr_par' dir='ltr' id='par_1_60' title="bbox 1876 1583 3461 1656">
     <span class='ocr_line' id='line_1_60' title="bbox 1876 1583 3461 1656; baseline -0.003 -14"><span class='ocrx_word' id='word_1_441' title='bbox 1876 1586 2168 1644; x_wconf 88' lang='lat' dir='ltr'><strong>declaratio</strong></span> <span class='ocrx_word' id='word_1_442' title='bbox 2190 1625 2204 1651; x_wconf 95' lang='lat'><strong>,</strong></span> <span class='ocrx_word' id='word_1_443' title='bbox 2233 1600 2298 1640; x_wconf 92' lang='lat' dir='ltr'><strong>ac</strong></span> <span class='ocrx_word' id='word_1_444' title='bbox 2339 1584 2682 1656; x_wconf 89' lang='lat' dir='ltr'><strong>singulorum</strong></span> <span class='ocrx_word' id='word_1_445' title='bbox 2713 1584 2986 1654; x_wconf 86' lang='lat' dir='ltr'><strong>expositio</strong></span> <span class='ocrx_word' id='word_1_446' title='bbox 3023 1583 3332 1640; x_wconf 85' lang='lat' dir='ltr'><strong>istiusmodi</strong></span> <span class='ocrx_word' id='word_1_447' title='bbox 3361 1597 3461 1638; x_wconf 87' lang='lat' dir='ltr'><strong>vo-</strong></span> 
     </span>
    </p>
   </div>
   <div class='ocr_carea' id='block_1_61' title="bbox 1878 1675 3461 1748">
    <p class='ocr_par' dir='ltr' id='par_1_61' title="bbox 1878 1675 3461 1748">
     <span class='ocr_line' id='line_1_61' title="bbox 1878 1675 3461 1748; baseline -0.004 -12"><span class='ocrx_word' id='word_1_448' title='bbox 1878 1681 2199 1736; x_wconf 90' lang='lat' dir='ltr'><strong>cabulorum</strong></span> <span class='ocrx_word' id='word_1_449' title='bbox 2232 1677 2482 1733; x_wconf 74' lang='lat' dir='ltr'><strong>formulis</strong></span> <span class='ocrx_word' id='word_1_450' title='bbox 2513 1676 2866 1748; x_wconf 83' lang='lat' dir='ltr'><strong>intelligitur,</strong></span> <span class='ocrx_word' id='word_1_451' title='bbox 2911 1675 3005 1732; x_wconf 84' lang='lat' dir='ltr'><strong>sed</strong></span> <span class='ocrx_word' id='word_1_452' title='bbox 3047 1690 3110 1731; x_wconf 86' lang='lat' dir='ltr'><strong>ea</strong></span> <span class='ocrx_word' id='word_1_453' title='bbox 3138 1676 3461 1745; x_wconf 91' lang='lat' dir='ltr'><strong>plerumque</strong></span> 
     </span>
    </p>
   </div>
   <div class='ocr_carea' id='block_1_62' title="bbox 1883 1767 3460 1846">
    <p class='ocr_par' dir='ltr' id='par_1_62' title="bbox 1883 1767 3460 1846">
     <span class='ocr_line' id='line_1_62' title="bbox 1883 1767 3460 1846; baseline -0.005 -18"><span class='ocrx_word' id='word_1_454' title='bbox 1883 1771 2181 1846; x_wconf 88' lang='lat' dir='ltr'><strong>professio,</strong></span> <span class='ocrx_word' id='word_1_455' title='bbox 2213 1785 2335 1843; x_wconf 65' lang='lat' dir='ltr'><strong>quae</strong></span> <span class='ocrx_word' id='word_1_456' title='bbox 2369 1769 2530 1826; x_wconf 89' lang='lat' dir='ltr'><strong>factis</strong></span> <span class='ocrx_word' id='word_1_457' title='bbox 2586 1769 2721 1840; x_wconf 89' lang='lat' dir='ltr'><strong>ipsis</strong></span> <span class='ocrx_word' id='word_1_458' title='bbox 2765 1784 2830 1825; x_wconf 90' lang='lat' dir='ltr'><strong>ac</strong></span> <span class='ocrx_word' id='word_1_459' title='bbox 2857 1769 3234 1840; x_wconf 77' lang='lat' dir='ltr'><strong>pcenitentium</strong></span> <span class='ocrx_word' id='word_1_460' title='bbox 3268 1767 3460 1823; x_wconf 85' lang='lat' dir='ltr'><strong>olllciis</strong></span> 
     </span>
    </p>
   </div>
   <div class='ocr_carea' id='block_1_63' title="bbox 1882 1861 3462 1930">
    <p class='ocr_par' dir='ltr' id='par_1_63' title="bbox 1882 1861 3462 1930">
     <span class='ocr_line' id='line_1_63' title="bbox 1882 1861 3462 1930; baseline -0.004 -9"><span class='ocrx_word' id='word_1_461' title='bbox 1882 1865 2082 1930; x_wconf 87' lang='lat' dir='ltr'><strong>editur,</strong></span> <span class='ocrx_word' id='word_1_462' title='bbox 2110 1873 2205 1918; x_wconf 90' lang='lat' dir='ltr'><strong>aut</strong></span> <span class='ocrx_word' id='word_1_463' title='bbox 2226 1864 2276 1919; x_wconf 89' lang='lat' dir='ltr'><strong>si</strong></span> <span class='ocrx_word' id='word_1_464' title='bbox 2307 1877 2404 1918; x_wconf 90' lang='lat' dir='ltr'><strong>ore</strong></span> <span class='ocrx_word' id='word_1_465' title='bbox 2431 1861 2686 1918; x_wconf 85' lang='lat' dir='ltr'><strong>fortassis</strong></span> <span class='ocrx_word' id='word_1_466' title='bbox 2713 1875 2778 1917; x_wconf 89' lang='lat' dir='ltr'><strong>ac</strong></span> <span class='ocrx_word' id='word_1_467' title='bbox 2806 1861 3013 1923; x_wconf 86' lang='lat' dir='ltr'><strong>verbis.</strong></span> <span class='ocrx_word' id='word_1_468' title='bbox 3046 1876 3153 1916; x_wconf 92' lang='lat' dir='ltr'><strong>non</strong></span> <span class='ocrx_word' id='word_1_469' title='bbox 3179 1875 3240 1915; x_wconf 90' lang='lat' dir='ltr'><strong>ea</strong></span> <span class='ocrx_word' id='word_1_470' title='bbox 3275 1861 3462 1930; x_wconf 89' lang='lat' dir='ltr'><strong>singu-</strong></span> 
     </span>
    </p>
   </div>
   <div class='ocr_carea' id='block_1_64' title="bbox 1884 1951 3462 2025">
    <p class='ocr_par' dir='ltr' id='par_1_64' title="bbox 1884 1951 3462 2025">
     <span class='ocr_line' id='line_1_64' title="bbox 1884 1951 3462 2025; baseline -0.004 -11"><span class='ocrx_word' id='word_1_471' title='bbox 1884 1959 2060 2014; x_wconf 90' lang='lat' dir='ltr'><strong>lorum</strong></span> <span class='ocrx_word' id='word_1_472' title='bbox 2088 1957 2380 2011; x_wconf 85' lang='lat' dir='ltr'><strong>criminum</strong></span> <span class='ocrx_word' id='word_1_473' title='bbox 2405 1955 2661 2012; x_wconf 87' lang='lat' dir='ltr'><strong>condicto</strong></span> <span class='ocrx_word' id='word_1_474' title='bbox 2685 1954 2806 2011; x_wconf 90' lang='lat' dir='ltr'><strong>loco</strong></span> <span class='ocrx_word' id='word_1_475' title='bbox 2834 1969 2900 2011; x_wconf 91' lang='lat' dir='ltr'><strong>ac</strong></span> <span class='ocrx_word' id='word_1_476' title='bbox 2923 1963 3167 2025; x_wconf 88' lang='lat' dir='ltr'><strong>tempore</strong></span> <span class='ocrx_word' id='word_1_477' title='bbox 3189 1951 3462 2010; x_wconf 86' lang='lat' dir='ltr'><strong>confessio</strong></span> 
     </span>
    </p>
   </div>
   <div class='ocr_carea' id='block_1_65' title="bbox 1883 2043 3460 2120">
    <p class='ocr_par' dir='ltr' id='par_1_65' title="bbox 1883 2043 3460 2120">
     <span class='ocr_line' id='line_1_65' title="bbox 1883 2043 3460 2120; baseline -0.005 -14"><span class='ocrx_word' id='word_1_478' title='bbox 1883 2049 2026 2115; x_wconf 90' lang='lat' dir='ltr'><strong>fuit,</strong></span> <span class='ocrx_word' id='word_1_479' title='bbox 2062 2062 2119 2105; x_wconf 86' lang='lat' dir='ltr'><strong>ut</strong></span> <span class='ocrx_word' id='word_1_480' title='bbox 2150 2049 2232 2105; x_wconf 90' lang='lat' dir='ltr'><strong>vel</strong></span> <span class='ocrx_word' id='word_1_481' title='bbox 2259 2064 2326 2106; x_wconf 80' lang='lat' dir='ltr'><strong>ex</strong></span> <span class='ocrx_word' id='word_1_482' title='bbox 2355 2049 2565 2120; x_wconf 89' lang='lat' dir='ltr'><strong>scripto</strong></span> <span class='ocrx_word' id='word_1_483' title='bbox 2590 2089 2606 2115; x_wconf 93' lang='lat'><strong>,</strong></span> <span class='ocrx_word' id='word_1_484' title='bbox 2639 2048 2724 2105; x_wconf 85' lang='lat' dir='ltr'><strong>vel</strong></span> <span class='ocrx_word' id='word_1_485' title='bbox 2748 2063 2816 2104; x_wconf 82' lang='lat' dir='ltr'><strong>ex</strong></span> <span class='ocrx_word' id='word_1_486' title='bbox 2847 2046 3108 2101; x_wconf 88' lang='lat' dir='ltr'><strong>memoria</strong></span> <span class='ocrx_word' id='word_1_487' title='bbox 3137 2043 3460 2116; x_wconf 88' lang='lat' dir='ltr'><strong>pronuntia-</strong></span> 
     </span>
    </p>
   </div>
   <div class='ocr_carea' id='block_1_66' title="bbox 1883 2137 3462 2210">
    <p class='ocr_par' dir='ltr' id='par_1_66' title="bbox 1883 2137 3462 2210">
     <span class='ocr_line' id='line_1_66' title="bbox 1883 2137 3462 2210; baseline -0.004 -14"><span class='ocrx_word' id='word_1_488' title='bbox 1883 2149 2074 2196; x_wconf 86' lang='lat' dir='ltr'><strong>rentur</strong></span> <span class='ocrx_word' id='word_1_489' title='bbox 2099 2180 2113 2204; x_wconf 89' lang='lat'><strong>,</strong></span> <span class='ocrx_word' id='word_1_490' title='bbox 2146 2139 2239 2195; x_wconf 89' lang='lat' dir='ltr'><strong>sed</strong></span> <span class='ocrx_word' id='word_1_491' title='bbox 2297 2140 2571 2210; x_wconf 78' lang='lat' dir='ltr'><strong>generalis</strong></span> <span class='ocrx_word' id='word_1_492' title='bbox 2605 2139 2870 2195; x_wconf 87' lang='lat' dir='ltr'><strong>scelerum</strong></span> <span class='ocrx_word' id='word_1_493' title='bbox 2898 2137 3134 2208; x_wconf 80' lang='lat' dir='ltr'><strong>agnitio,</strong></span> <span class='ocrx_word' id='word_1_494' title='bbox 3174 2146 3229 2192; x_wconf 91' lang='lat' dir='ltr'><strong>et</strong></span> <span class='ocrx_word' id='word_1_495' title='bbox 3262 2137 3462 2205; x_wconf 82' lang='lat' dir='ltr'><strong>impro-</strong></span> 
     </span>
    </p>
   </div>
   <div class='ocr_carea' id='block_1_67' title="bbox 1885 2227 3458 2302">
    <p class='ocr_par' dir='ltr' id='par_1_67' title="bbox 1885 2227 3458 2302">
     <span class='ocr_line' id='line_1_67' title="bbox 1885 2227 3458 2302; baseline -0.004 -14"><span class='ocrx_word' id='word_1_496' title='bbox 1885 2232 2070 2288; x_wconf 88' lang='lat' dir='ltr'><strong>bitatis</strong></span> <span class='ocrx_word' id='word_1_497' title='bbox 2105 2247 2216 2286; x_wconf 75' lang='lat' dir='ltr'><strong>sure</strong></span> <span class='ocrx_word' id='word_1_498' title='bbox 2241 2231 2513 2302; x_wconf 87' lang='lat' dir='ltr'><strong>professio</strong></span> <span class='ocrx_word' id='word_1_499' title='bbox 2545 2247 2611 2288; x_wconf 89' lang='lat' dir='ltr'><strong>ac</strong></span> <span class='ocrx_word' id='word_1_500' title='bbox 2633 2231 2958 2287; x_wconf 89' lang='lat' dir='ltr'><strong>detestatio:</strong></span> <span class='ocrx_word' id='word_1_501' title='bbox 2999 2227 3306 2298; x_wconf 74' lang='lat' dir='ltr'><strong>cuiusmodi</strong></span> <span class='ocrx_word' id='word_1_502' title='bbox 3335 2241 3458 2282; x_wconf 88' lang='lat' dir='ltr'><strong>esse</strong></span> 
     </span>
    </p>
   </div>
   <div class='ocr_carea' id='block_1_68' title="bbox 1889 2321 3460 2397">
    <p class='ocr_par' dir='ltr' id='par_1_68' title="bbox 1889 2321 3460 2397">
     <span class='ocr_line' id='line_1_68' title="bbox 1889 2321 3460 2397; baseline -0.005 -16"><span class='ocrx_word' id='word_1_503' title='bbox 1889 2329 2100 2384; x_wconf 88' lang='lat' dir='ltr'><strong>videtur</strong></span> <span class='ocrx_word' id='word_1_504' title='bbox 2141 2326 2411 2397; x_wconf 83' lang='lat' dir='ltr'><strong>generalis</strong></span> <span class='ocrx_word' id='word_1_505' title='bbox 2449 2324 2542 2379; x_wconf 91' lang='lat' dir='ltr'><strong>illa</strong></span> <span class='ocrx_word' id='word_1_506' title='bbox 2577 2323 2940 2380; x_wconf 83' lang='lat' dir='ltr'><strong>confessionis</strong></span> <span class='ocrx_word' id='word_1_507' title='bbox 2993 2321 3225 2378; x_wconf 86' lang='lat' dir='ltr'><strong>formula</strong></span> <span class='ocrx_word' id='word_1_508' title='bbox 3251 2361 3265 2388; x_wconf 93' lang='lat'><strong>,</strong></span> <span class='ocrx_word' id='word_1_509' title='bbox 3295 2336 3460 2392; x_wconf 89' lang='lat' dir='ltr'><strong>quam</strong></span> 
     </span>
    </p>
   </div>
   <div class='ocr_carea' id='block_1_69' title="bbox 1885 2416 3462 2492">
    <p class='ocr_par' dir='ltr' id='par_1_69' title="bbox 1885 2416 3462 2492">
     <span class='ocr_line' id='line_1_69' title="bbox 1885 2416 3462 2492; baseline -0.005 -16"><span class='ocrx_word' id='word_1_510' title='bbox 1885 2429 2148 2476; x_wconf 59' lang='lat' dir='ltr'><strong>accuratae</strong></span> <span class='ocrx_word' id='word_1_511' title='bbox 2179 2437 2245 2478; x_wconf 91' lang='lat' dir='ltr'><strong>ac</strong></span> <span class='ocrx_word' id='word_1_512' title='bbox 2282 2421 2510 2492; x_wconf 67' lang='lat' dir='ltr'><strong>privatae</strong></span> <span class='ocrx_word' id='word_1_513' title='bbox 2557 2427 2908 2490; x_wconf 86' lang='lat' dir='ltr'><strong>peccatorum</strong></span> <span class='ocrx_word' id='word_1_514' title='bbox 2957 2416 3336 2489; x_wconf 84' lang='lat' dir='ltr'><strong>explicationi,</strong></span> <span class='ocrx_word' id='word_1_515' title='bbox 3371 2423 3462 2469; x_wconf 87' lang='lat' dir='ltr'><strong>aut</strong></span> 
     </span>
    </p>
   </div>
   <div class='ocr_carea' id='block_1_70' title="bbox 1887 2509 3462 2581">
    <p class='ocr_par' dir='ltr' id='par_1_70' title="bbox 1887 2509 3462 2581">
     <span class='ocr_line' id='line_1_70' title="bbox 1887 2509 3462 2581; baseline -0.003 -13"><span class='ocrx_word' id='word_1_516' title='bbox 1887 2513 2173 2569; x_wconf 90' lang='lat' dir='ltr'><strong>incruento</strong></span> <span class='ocrx_word' id='word_1_517' title='bbox 2199 2512 2381 2568; x_wconf 84' lang='lat' dir='ltr'><strong>missae</strong></span> <span class='ocrx_word' id='word_1_518' title='bbox 2406 2513 2681 2568; x_wconf 82' lang='lat' dir='ltr'><strong>sacrificio</strong></span> <span class='ocrx_word' id='word_1_519' title='bbox 2712 2509 3042 2568; x_wconf 87' lang='lat' dir='ltr'><strong>celebrando</strong></span> <span class='ocrx_word' id='word_1_520' title='bbox 3062 2509 3462 2581; x_wconf 70' lang='lat' dir='ltr'><strong>praemittimus.</strong></span> 
     </span>
    </p>
   </div>
   <div class='ocr_carea' id='block_1_71' title="bbox 1885 2601 3462 2677">
    <p class='ocr_par' dir='ltr' id='par_1_71' title="bbox 1885 2601 3462 2677">
     <span class='ocr_line' id='line_1_71' title="bbox 1885 2601 3462 2677; baseline -0.003 -17"><span class='ocrx_word' id='word_1_521' title='bbox 1885 2605 2074 2677; x_wconf 84' lang='lat' dir='ltr'><strong>Neque</strong></span> <span class='ocrx_word' id='word_1_522' title='bbox 2101 2615 2280 2660; x_wconf 90' lang='lat' dir='ltr'><strong>tamen</strong></span> <span class='ocrx_word' id='word_1_523' title='bbox 2305 2605 2539 2672; x_wconf 81' lang='lat' dir='ltr'><strong>inlicior,</strong></span> <span class='ocrx_word' id='word_1_524' title='bbox 2566 2605 2697 2676; x_wconf 85' lang='lat' dir='ltr'><strong>quin</strong></span> <span class='ocrx_word' id='word_1_525' title='bbox 2725 2603 3170 2675; x_wconf 79' lang='lat' dir='ltr'><strong>esbomologesis</strong></span> <span class='ocrx_word' id='word_1_526' title='bbox 3191 2601 3462 2656; x_wconf 84' lang='lat' dir='ltr'><strong>interdum</strong></span> 
     </span>
    </p>
   </div>
   <div class='ocr_carea' id='block_1_72' title="bbox 1886 2689 3463 2764">
    <p class='ocr_par' dir='ltr' id='par_1_72' title="bbox 1886 2689 3463 2764">
     <span class='ocr_line' id='line_1_72' title="bbox 1886 2689 3463 2764; baseline -0.005 -14"><span class='ocrx_word' id='word_1_527' title='bbox 1886 2710 2072 2751; x_wconf 82' lang='lat' dir='ltr'><strong>veram</strong></span> <span class='ocrx_word' id='word_1_528' title='bbox 2100 2703 2156 2749; x_wconf 89' lang='lat' dir='ltr'><strong>et</strong></span> <span class='ocrx_word' id='word_1_529' title='bbox 2203 2694 2533 2749; x_wconf 83' lang='lat' dir='ltr'><strong>sacramenti</strong></span> <span class='ocrx_word' id='word_1_530' title='bbox 2573 2693 2882 2764; x_wconf 90' lang='lat' dir='ltr'><strong>propriam,</strong></span> <span class='ocrx_word' id='word_1_531' title='bbox 2913 2691 3160 2760; x_wconf 85' lang='lat' dir='ltr'><strong>adeoque</strong></span> <span class='ocrx_word' id='word_1_532' title='bbox 3197 2689 3463 2759; x_wconf 86' lang='lat' dir='ltr'><strong>privatam</strong></span> 
     </span>
    </p>
   </div>
   <div class='ocr_carea' id='block_1_73' title="bbox 1887 2780 3470 2856">
    <p class='ocr_par' dir='ltr' id='par_1_73' title="bbox 1887 2780 3470 2856">
     <span class='ocr_line' id='line_1_73' title="bbox 1887 2780 3470 2856; baseline -0.005 -14"><span class='ocrx_word' id='word_1_533' title='bbox 1887 2794 2236 2856; x_wconf 82' lang='lat' dir='ltr'><strong>peccatorum</strong></span> <span class='ocrx_word' id='word_1_534' title='bbox 2273 2783 2672 2856; x_wconf 80' lang='lat' dir='ltr'><strong>expositionem</strong></span> <span class='ocrx_word' id='word_1_535' title='bbox 2708 2782 3006 2854; x_wconf 84' lang='lat' dir='ltr'><strong>signiﬁcet,</strong></span> <span class='ocrx_word' id='word_1_536' title='bbox 3050 2780 3145 2837; x_wconf 88' lang='lat' dir='ltr'><strong>sed</strong></span> <span class='ocrx_word' id='word_1_537' title='bbox 3204 2787 3364 2835; x_wconf 88' lang='lat' dir='ltr'><strong>caute</strong></span> <span class='ocrx_word' id='word_1_538' title='bbox 3402 2793 3470 2834; x_wconf 89' lang='lat' dir='ltr'><strong>ac</strong></span> 
     </span>
    </p>
   </div>
   <div class='ocr_carea' id='block_1_74' title="bbox 1888 2873 3470 2950">
    <p class='ocr_par' dir='ltr' id='par_1_74' title="bbox 1888 2873 3470 2950">
     <span class='ocr_line' id='line_1_74' title="bbox 1888 2873 3470 2950; baseline -0.004 -17"><span class='ocrx_word' id='word_1_539' title='bbox 1888 2879 2184 2950; x_wconf 83' lang='lat' dir='ltr'><strong>prudenter</strong></span> <span class='ocrx_word' id='word_1_540' title='bbox 2223 2877 2275 2931; x_wconf 91' lang='lat' dir='ltr'><strong>in</strong></span> <span class='ocrx_word' id='word_1_541' title='bbox 2332 2875 2497 2947; x_wconf 85' lang='lat' dir='ltr'><strong>hujus</strong></span> <span class='ocrx_word' id='word_1_542' title='bbox 2545 2877 2698 2932; x_wconf 91' lang='lat' dir='ltr'><strong>vocis</strong></span> <span class='ocrx_word' id='word_1_543' title='bbox 2753 2873 3201 2945; x_wconf 87' lang='lat' dir='ltr'><strong>interpretatione</strong></span> <span class='ocrx_word' id='word_1_544' title='bbox 3244 2887 3470 2928; x_wconf 85' lang='lat' dir='ltr'><strong>versan-</strong></span> 
     </span>
    </p>
   </div>
   <div class='ocr_carea' id='block_1_75' title="bbox 1889 2951 3464 3039">
    <p class='ocr_par' dir='ltr' id='par_1_75' title="bbox 1889 2951 3464 3039">
     <span class='ocr_line' id='line_1_75' title="bbox 1889 2951 3464 3039; baseline -0.005 -13"><span class='ocrx_word' id='word_1_545' title='bbox 1889 2971 2018 3026; x_wconf 91' lang='lat' dir='ltr'><strong>dum</strong></span> <span class='ocrx_word' id='word_1_546' title='bbox 2044 2979 2147 3036; x_wconf 90' lang='lat' dir='ltr'><strong>est,</strong></span> <span class='ocrx_word' id='word_1_547' title='bbox 2174 2979 2230 3024; x_wconf 89' lang='lat' dir='ltr'><strong>ttt</strong></span> <span class='ocrx_word' id='word_1_548' title='bbox 2254 2985 2319 3025; x_wconf 83' lang='lat' dir='ltr'><strong>ex</strong></span> <span class='ocrx_word' id='word_1_549' title='bbox 2339 2951 2470 3039; x_wconf 82' lang='lat' dir='ltr'><strong>ipso</strong></span> <span class='ocrx_word' id='word_1_550' title='bbox 2498 2968 2829 3024; x_wconf 88' lang='lat' dir='ltr'><strong>narrationis</strong></span> <span class='ocrx_word' id='word_1_551' title='bbox 2855 2977 3136 3024; x_wconf 84' lang='lat' dir='ltr'><strong>contextu.</strong></span> <span class='ocrx_word' id='word_1_552' title='bbox 3166 2981 3276 3036; x_wconf 90' lang='lat' dir='ltr'><strong>quo</strong></span> <span class='ocrx_word' id='word_1_553' title='bbox 3303 2981 3464 3021; x_wconf 91' lang='lat' dir='ltr'><strong>sensu</strong></span> 
     </span>
    </p>
   </div>
   <div class='ocr_carea' id='block_1_76' title="bbox 1811 3056 3468 3140">
    <p class='ocr_par' dir='ltr' id='par_1_76' title="bbox 1811 3056 3468 3140">
     <span class='ocr_line' id='line_1_76' title="bbox 1811 3056 3468 3140; baseline -0.005 -23"><span class='ocrx_word' id='word_1_554' title='bbox 1811 3076 1860 3140; x_wconf 76' lang='grc' dir='ltr'>ο</span> <span class='ocrx_word' id='word_1_555' title='bbox 1891 3078 1921 3117; x_wconf 91' lang='lat' dir='ltr'><strong>a</strong></span> <span class='ocrx_word' id='word_1_556' title='bbox 1947 3060 2201 3116; x_wconf 76' lang='lat' dir='ltr'><strong>Patribus</strong></span> <span class='ocrx_word' id='word_1_557' title='bbox 2230 3070 2491 3130; x_wconf 83' lang='lat' dir='ltr'><strong>usurpata</strong></span> <span class='ocrx_word' id='word_1_558' title='bbox 2516 3059 2606 3124; x_wconf 90' lang='lat' dir='ltr'><strong>sit,</strong></span> <span class='ocrx_word' id='word_1_559' title='bbox 2633 3057 2933 3128; x_wconf 88' lang='lat' dir='ltr'><strong>dijudicare</strong></span> <span class='ocrx_word' id='word_1_560' title='bbox 2960 3057 3259 3128; x_wconf 86' lang='lat' dir='ltr'><strong>possimus.</strong></span> <span class='ocrx_word' id='word_1_561' title='bbox 3293 3056 3468 3122; x_wconf 85' lang='lat' dir='ltr'><strong>Quam</strong></span> 
     </span>
    </p>
   </div>
   <div class='ocr_carea' id='block_1_77' title="bbox 1891 3147 3470 3223">
    <p class='ocr_par' dir='ltr' id='par_1_77' title="bbox 1891 3147 3470 3223">
     <span class='ocr_line' id='line_1_77' title="bbox 1891 3147 3470 3223; baseline -0.004 -15"><span class='ocrx_word' id='word_1_562' title='bbox 1891 3153 1958 3208; x_wconf 89' lang='lat' dir='ltr'><strong>ad</strong></span> <span class='ocrx_word' id='word_1_563' title='bbox 2015 3167 2129 3206; x_wconf 86' lang='lat' dir='ltr'><strong>rem</strong></span> <span class='ocrx_word' id='word_1_564' title='bbox 2195 3151 2446 3223; x_wconf 80' lang='lat' dir='ltr'><strong>egregius</strong></span> <span class='ocrx_word' id='word_1_565' title='bbox 2492 3161 2576 3206; x_wconf 87' lang='lat' dir='ltr'><strong>est</strong></span> <span class='ocrx_word' id='word_1_566' title='bbox 2624 3148 2950 3206; x_wconf 85' lang='lat' dir='ltr'><strong>Tertulliani</strong></span> <span class='ocrx_word' id='word_1_567' title='bbox 3011 3148 3197 3215; x_wconf 89' lang='lat' dir='ltr'><strong>locus,</strong></span> <span class='ocrx_word' id='word_1_568' title='bbox 3261 3147 3357 3202; x_wconf 89' lang='lat' dir='ltr'><strong>lib.</strong></span> <span class='ocrx_word' id='word_1_569' title='bbox 3393 3147 3470 3201; x_wconf 89' lang='lat' dir='ltr'><strong>De</strong></span> 
     </span>
    </p>
   </div>
   <div class='ocr_carea' id='block_1_78' title="bbox 1889 3239 3472 3316">
    <p class='ocr_par' dir='ltr' id='par_1_78' title="bbox 1889 3239 3472 3316">
     <span class='ocr_line' id='line_1_78' title="bbox 1889 3239 3472 3316; baseline -0.004 -17"><span class='ocrx_word' id='word_1_570' title='bbox 1889 3245 2069 3315; x_wconf 74' lang='lat' dir='ltr'><strong>patnit.</strong></span> <span class='ocrx_word' id='word_1_571' title='bbox 2117 3260 2238 3316; x_wconf 84' lang='lat' dir='ltr'><strong>cap.</strong></span> <span class='ocrx_word' id='word_1_572' title='bbox 2284 3245 2354 3300; x_wconf 89' lang='lat'><strong>9:</strong></span> <span class='ocrx_word' id='word_1_573' title='bbox 2408 3241 2629 3313; x_wconf 81' lang='lat' dir='ltr'><strong>Hujus,</strong></span> <span class='ocrx_word' id='word_1_574' title='bbox 2675 3243 2886 3312; x_wconf 87' lang='lat' dir='ltr'><strong>inquit,</strong></span> <span class='ocrx_word' id='word_1_575' title='bbox 2931 3239 3098 3311; x_wconf 71' lang='lat' dir='ltr'><strong>igitur</strong></span> <span class='ocrx_word' id='word_1_576' title='bbox 3152 3239 3472 3310; x_wconf 73' lang='lat' dir='ltr'><strong>pauitantia:</strong></span> 
     </span>
    </p>
   </div>
   <div class='ocr_carea' id='block_1_79' title="bbox 1889 3332 3472 3405">
    <p class='ocr_par' dir='ltr' id='par_1_79' title="bbox 1889 3332 3472 3405">
     <span class='ocr_line' id='line_1_79' title="bbox 1889 3332 3472 3405; baseline -0.004 -14"><span class='ocrx_word' id='word_1_577' title='bbox 1889 3337 2166 3402; x_wconf 66' lang='lat' dir='ltr'><strong>secundae,</strong></span> <span class='ocrx_word' id='word_1_578' title='bbox 2215 3346 2264 3391; x_wconf 89' lang='lat' dir='ltr'><strong>et</strong></span> <span class='ocrx_word' id='word_1_579' title='bbox 2300 3335 2493 3398; x_wconf 90' lang='lat' dir='ltr'><strong>unius,</strong></span> <span class='ocrx_word' id='word_1_580' title='bbox 2541 3345 2740 3405; x_wconf 89' lang='lat' dir='ltr'><strong>quanto</strong></span> <span class='ocrx_word' id='word_1_581' title='bbox 2770 3334 2824 3388; x_wconf 89' lang='lat' dir='ltr'><strong>in</strong></span> <span class='ocrx_word' id='word_1_582' title='bbox 2881 3343 3027 3387; x_wconf 87' lang='lat' dir='ltr'><strong>arcto</strong></span> <span class='ocrx_word' id='word_1_583' title='bbox 3073 3332 3338 3403; x_wconf 86' lang='lat' dir='ltr'><strong>negotium</strong></span> <span class='ocrx_word' id='word_1_584' title='bbox 3372 3341 3472 3398; x_wconf 85' lang='lat' dir='ltr'><strong>est,</strong></span> 
     </span>
    </p>
   </div>
   <div class='ocr_carea' id='block_1_80' title="bbox 1893 3423 3472 3500">
    <p class='ocr_par' dir='ltr' id='par_1_80' title="bbox 1893 3423 3472 3500">
     <span class='ocr_line' id='line_1_80' title="bbox 1893 3423 3472 3500; baseline -0.005 -16"><span class='ocrx_word' id='word_1_585' title='bbox 1893 3438 2043 3484; x_wconf 82' lang='lat' dir='ltr'><strong>tanto</strong></span> <span class='ocrx_word' id='word_1_586' title='bbox 2087 3429 2356 3500; x_wconf 85' lang='lat' dir='ltr'><strong>operosior</strong></span> <span class='ocrx_word' id='word_1_587' title='bbox 2397 3427 2637 3498; x_wconf 86' lang='lat' dir='ltr'><strong>probatio</strong></span> <span class='ocrx_word' id='word_1_588' title='bbox 2671 3437 2781 3494; x_wconf 87' lang='lat' dir='ltr'><strong>est,</strong></span> <span class='ocrx_word' id='word_1_589' title='bbox 2817 3439 2880 3482; x_wconf 87' lang='lat' dir='ltr'><strong>ut</strong></span> <span class='ocrx_word' id='word_1_590' title='bbox 2911 3441 3013 3480; x_wconf 88' lang='lat' dir='ltr'><strong>non</strong></span> <span class='ocrx_word' id='word_1_591' title='bbox 3053 3425 3168 3479; x_wconf 90' lang='lat' dir='ltr'><strong>sola</strong></span> <span class='ocrx_word' id='word_1_592' title='bbox 3203 3423 3472 3479; x_wconf 86' lang='lat' dir='ltr'><strong>conscien-</strong></span> 
     </span>
    </p>
   </div>
   <div class='ocr_carea' id='block_1_81' title="bbox 1893 3517 3469 3592">
    <p class='ocr_par' dir='ltr' id='par_1_81' title="bbox 1893 3517 3469 3592">
     <span class='ocr_line' id='line_1_81' title="bbox 1893 3517 3469 3592; baseline -0.004 -16"><span class='ocrx_word' id='word_1_593' title='bbox 1893 3523 1970 3576; x_wconf 87' lang='lat' dir='ltr'><strong>tia</strong></span> <span class='ocrx_word' id='word_1_594' title='bbox 1997 3519 2344 3592; x_wconf 71' lang='lat' dir='ltr'><strong>pra&#39;feratur,</strong></span> <span class='ocrx_word' id='word_1_595' title='bbox 2375 3519 2468 3575; x_wconf 87' lang='lat' dir='ltr'><strong>sed</strong></span> <span class='ocrx_word' id='word_1_596' title='bbox 2498 3519 2674 3590; x_wconf 89' lang='lat' dir='ltr'><strong>aliquo</strong></span> <span class='ocrx_word' id='word_1_597' title='bbox 2698 3519 2858 3574; x_wconf 87' lang='lat' dir='ltr'><strong>etiam</strong></span> <span class='ocrx_word' id='word_1_598' title='bbox 2895 3527 3016 3572; x_wconf 90' lang='lat' dir='ltr'><strong>actu</strong></span> <span class='ocrx_word' id='word_1_599' title='bbox 3051 3517 3469 3571; x_wconf 88' lang='lat' dir='ltr'><strong>administretur.</strong></span> 
     </span>
    </p>
   </div>
   <div class='ocr_carea' id='block_1_82' title="bbox 1895 3606 3473 3681">
    <p class='ocr_par' dir='ltr' id='par_1_82' title="bbox 1895 3606 3473 3681">
     <span class='ocr_line' id='line_1_82' title="bbox 1895 3606 3473 3681; baseline -0.005 -15"><span class='ocrx_word' id='word_1_600' title='bbox 1895 3609 1953 3666; x_wconf 86' lang='lat' dir='ltr'><strong>Is</strong></span> <span class='ocrx_word' id='word_1_601' title='bbox 1983 3623 2167 3674; x_wconf 86' lang='lat' dir='ltr'><strong>actus,</strong></span> <span class='ocrx_word' id='word_1_602' title='bbox 2215 3611 2307 3681; x_wconf 85' lang='lat' dir='ltr'><strong>qui</strong></span> <span class='ocrx_word' id='word_1_603' title='bbox 2358 3610 2527 3679; x_wconf 83' lang='lat' dir='ltr'><strong>magis</strong></span> <span class='ocrx_word' id='word_1_604' title='bbox 2561 3606 2741 3664; x_wconf 74' lang='lat' dir='ltr'><strong>Gra’co</strong></span> <span class='ocrx_word' id='word_1_605' title='bbox 2769 3607 3021 3662; x_wconf 82' lang='lat' dir='ltr'><strong>vocabulo</strong></span> <span class='ocrx_word' id='word_1_606' title='bbox 3067 3606 3381 3676; x_wconf 71' lang='lat' dir='ltr'><strong>exprimitur</strong></span> <span class='ocrx_word' id='word_1_607' title='bbox 3423 3613 3473 3660; x_wconf 85' lang='lat' dir='ltr'><strong>et</strong></span> 
     </span>
    </p>
   </div>
   <div class='ocr_carea' id='block_1_83' title="bbox 1893 3694 3476 3774">
    <p class='ocr_par' dir='ltr' id='par_1_83' title="bbox 1893 3694 3476 3774">
     <span class='ocr_line' id='line_1_83' title="bbox 1893 3694 3476 3774; baseline -0.005 -16"><span class='ocrx_word' id='word_1_608' title='bbox 1893 3703 2291 3774; x_wconf 87' lang='lat' dir='ltr'><strong>frequentatur,</strong></span> <span class='ocrx_word' id='word_1_609' title='bbox 2326 3700 2740 3770; x_wconf 79' lang='lat' dir='ltr'><strong>exhomologesis</strong></span> <span class='ocrx_word' id='word_1_610' title='bbox 2775 3709 2854 3753; x_wconf 88' lang='lat' dir='ltr'><strong>est</strong></span> <span class='ocrx_word' id='word_1_611' title='bbox 2882 3738 2897 3762; x_wconf 91' lang='lat'><strong>,</strong></span> <span class='ocrx_word' id='word_1_612' title='bbox 2946 3714 3052 3768; x_wconf 86' lang='lat' dir='ltr'><strong>qua</strong></span> <span class='ocrx_word' id='word_1_613' title='bbox 3083 3696 3333 3750; x_wconf 80' lang='lat' dir='ltr'><strong>delictum</strong></span> <span class='ocrx_word' id='word_1_614' title='bbox 3367 3694 3476 3750; x_wconf 88' lang='lat' dir='ltr'><strong>Do-</strong></span> 
     </span>
    </p>
   </div>
   <div class='ocr_carea' id='block_1_84' title="bbox 1895 3787 3475 3862">
    <p class='ocr_par' dir='ltr' id='par_1_84' title="bbox 1895 3787 3475 3862">
     <span class='ocr_line' id='line_1_84' title="bbox 1895 3787 3475 3862; baseline -0.005 -14"><span class='ocrx_word' id='word_1_615' title='bbox 1895 3795 2036 3848; x_wconf 90' lang='lat' dir='ltr'><strong>mino</strong></span> <span class='ocrx_word' id='word_1_616' title='bbox 2066 3804 2244 3847; x_wconf 88' lang='lat' dir='ltr'><strong>nostra</strong></span> <span class='ocrx_word' id='word_1_617' title='bbox 2280 3792 2595 3862; x_wconf 82' lang='lat' dir='ltr'><strong>conﬁtemur</strong></span> <span class='ocrx_word' id='word_1_618' title='bbox 2618 3830 2633 3853; x_wconf 92' lang='lat'><strong>,</strong></span> <span class='ocrx_word' id='word_1_619' title='bbox 2667 3805 2770 3843; x_wconf 90' lang='lat' dir='ltr'><strong>non</strong></span> <span class='ocrx_word' id='word_1_620' title='bbox 2801 3789 3009 3859; x_wconf 87' lang='lat' dir='ltr'><strong>quidem</strong></span> <span class='ocrx_word' id='word_1_621' title='bbox 3043 3796 3101 3842; x_wconf 89' lang='lat' dir='ltr'><strong>ut</strong></span> <span class='ocrx_word' id='word_1_622' title='bbox 3139 3788 3354 3858; x_wconf 82' lang='lat' dir='ltr'><strong>ignaro,</strong></span> <span class='ocrx_word' id='word_1_623' title='bbox 3385 3787 3475 3842; x_wconf 88' lang='lat' dir='ltr'><strong>sed</strong></span> 
     </span>
    </p>
   </div>
   <div class='ocr_carea' id='block_1_85' title="bbox 1895 3879 3477 3957">
    <p class='ocr_par' dir='ltr' id='par_1_85' title="bbox 1895 3879 3477 3957">
     <span class='ocr_line' id='line_1_85' title="bbox 1895 3879 3477 3957; baseline -0.004 -16"><span class='ocrx_word' id='word_1_624' title='bbox 1895 3896 2150 3957; x_wconf 80' lang='lat' dir='ltr'><strong>quatenus</strong></span> <span class='ocrx_word' id='word_1_625' title='bbox 2179 3884 2482 3955; x_wconf 87' lang='lat' dir='ltr'><strong>satisfactio</strong></span> <span class='ocrx_word' id='word_1_626' title='bbox 2516 3883 2841 3952; x_wconf 86' lang='lat' dir='ltr'><strong>confessione</strong></span> <span class='ocrx_word' id='word_1_627' title='bbox 2887 3881 3226 3950; x_wconf 78' lang='lat' dir='ltr'><strong>disponitur,</strong></span> <span class='ocrx_word' id='word_1_628' title='bbox 3273 3879 3477 3950; x_wconf 86' lang='lat' dir='ltr'><strong>confes-</strong></span> 
     </span>
    </p>
   </div>
   <div class='ocr_carea' id='block_1_86' title="bbox 1896 3971 3472 4046">
    <p class='ocr_par' dir='ltr' id='par_1_86' title="bbox 1896 3971 3472 4046">
     <span class='ocr_line' id='line_1_86' title="bbox 1896 3971 3472 4046; baseline -0.003 -15"><span class='ocrx_word' id='word_1_629' title='bbox 1896 3979 2039 4031; x_wconf 84' lang='lat' dir='ltr'><strong>sione</strong></span> <span class='ocrx_word' id='word_1_630' title='bbox 2062 3977 2367 4046; x_wconf 76' lang='lat' dir='ltr'><strong>paenitentia</strong></span> <span class='ocrx_word' id='word_1_631' title='bbox 2396 3975 2655 4039; x_wconf 83' lang='lat' dir='ltr'><strong>nascitur,</strong></span> <span class='ocrx_word' id='word_1_632' title='bbox 2681 3973 2989 4042; x_wconf 68' lang='lat' dir='ltr'><strong>pauitantia</strong></span> <span class='ocrx_word' id='word_1_633' title='bbox 3010 3971 3145 4027; x_wconf 87' lang='lat' dir='ltr'><strong>Deus</strong></span> <span class='ocrx_word' id='word_1_634' title='bbox 3173 3972 3472 4042; x_wconf 84' lang='lat' dir='ltr'><strong>mitigatur.</strong></span> 
     </span>
    </p>
   </div>
   <div class='ocr_carea' id='block_1_87' title="bbox 1899 4063 3478 4140">
    <p class='ocr_par' dir='ltr' id='par_1_87' title="bbox 1899 4063 3478 4140">
     <span class='ocr_line' id='line_1_87' title="bbox 1899 4063 3478 4140; baseline -0.004 -17"><span class='ocrx_word' id='word_1_635' title='bbox 1899 4069 2086 4140; x_wconf 79' lang='lat' dir='ltr'><strong>Itaque</strong></span> <span class='ocrx_word' id='word_1_636' title='bbox 2117 4067 2531 4139; x_wconf 80' lang='lat' dir='ltr'><strong>exltomologesis</strong></span> <span class='ocrx_word' id='word_1_637' title='bbox 2593 4065 2956 4136; x_wconf 87' lang='lat' dir='ltr'><strong>prosternendi</strong></span> <span class='ocrx_word' id='word_1_638' title='bbox 2995 4073 3046 4118; x_wconf 88' lang='lat' dir='ltr'><strong>et</strong></span> <span class='ocrx_word' id='word_1_639' title='bbox 3089 4063 3478 4133; x_wconf 81' lang='lat' dir='ltr'><strong>huntili/icandi</strong></span> 
     </span>
    </p>
   </div>
   <div class='ocr_carea' id='block_1_88' title="bbox 1899 4155 3476 4230">
    <p class='ocr_par' dir='ltr' id='par_1_88' title="bbox 1899 4155 3476 4230">
     <span class='ocr_line' id='line_1_88' title="bbox 1899 4155 3476 4230; baseline -0.004 -13"><span class='ocrx_word' id='word_1_640' title='bbox 1899 4163 2125 4217; x_wconf 86' lang='lat' dir='ltr'><strong>hominis</strong></span> <span class='ocrx_word' id='word_1_641' title='bbox 2181 4159 2464 4230; x_wconf 86' lang='lat' dir='ltr'><strong>disciplina</strong></span> <span class='ocrx_word' id='word_1_642' title='bbox 2521 4168 2638 4223; x_wconf 87' lang='lat' dir='ltr'><strong>est,</strong></span> <span class='ocrx_word' id='word_1_643' title='bbox 2705 4156 3150 4212; x_wconf 73' lang='lat' dir='ltr'><strong>conversationem</strong></span> <span class='ocrx_word' id='word_1_644' title='bbox 3199 4155 3476 4227; x_wconf 85' lang='lat' dir='ltr'><strong>injungcns</strong></span> 
     </span>
    </p>
   </div>
   <div class='ocr_carea' id='block_1_89' title="bbox 1900 4251 2508 4310">
    <p class='ocr_par' dir='ltr' id='par_1_89' title="bbox 1900 4251 2508 4310">
     <span class='ocr_line' id='line_1_89' title="bbox 1900 4251 2508 4310; baseline -0.01 0"><span class='ocrx_word' id='word_1_645' title='bbox 1900 4251 2282 4310; x_wconf 75' lang='lat' dir='ltr'><strong>misericordiw</strong></span> <span class='ocrx_word' id='word_1_646' title='bbox 2312 4252 2508 4305; x_wconf 84' lang='lat' dir='ltr'><strong>ilicem.</strong></span> 
     </span>
    </p>
   </div>
   <div class='ocr_carea' id='block_1_90' title="bbox 1975 4339 3480 4416">
    <p class='ocr_par' dir='ltr' id='par_1_90' title="bbox 1975 4339 3480 4416">
     <span class='ocr_line' id='line_1_90' title="bbox 1975 4339 3480 4416; baseline -0.006 -13"><span class='ocrx_word' id='word_1_647' title='bbox 1975 4346 2080 4403; x_wconf 87' lang='lat' dir='ltr'><strong>Sed</strong></span> <span class='ocrx_word' id='word_1_648' title='bbox 2111 4346 2176 4400; x_wconf 93' lang='lat' dir='ltr'><strong>de</strong></span> <span class='ocrx_word' id='word_1_649' title='bbox 2222 4342 2663 4416; x_wconf 80' lang='grc' dir='ltr'><strong>ὲξομολογήσεως</strong></span> <span class='ocrx_word' id='word_1_650' title='bbox 2697 4341 3014 4398; x_wconf 88' lang='lat' dir='ltr'><strong>notionibus</strong></span> <span class='ocrx_word' id='word_1_651' title='bbox 3066 4339 3234 4396; x_wconf 88' lang='lat' dir='ltr'><strong>variis</strong></span> <span class='ocrx_word' id='word_1_652' title='bbox 3259 4339 3480 4410; x_wconf 85' lang='lat' dir='ltr'><strong>jampri-</strong></span> 
     </span>
    </p>
   </div>
   <div class='ocr_carea' id='block_1_91' title="bbox 209 4429 3477 4506">
    <p class='ocr_par' dir='ltr' id='par_1_91' title="bbox 209 4429 3477 4506">
     <span class='ocr_line' id='line_1_91' title="bbox 209 4429 3477 4506; baseline 0.001 -20"><span class='ocrx_word' id='word_1_653' title='bbox 209 4429 512 4503; x_wconf 85' lang='lat' dir='ltr'><strong>Origenes,</strong></span> <span class='ocrx_word' id='word_1_654' title='bbox 547 4434 744 4504; x_wconf 89' lang='lat' dir='ltr'><strong>quibus</strong></span> <span class='ocrx_word' id='word_1_655' title='bbox 796 4435 888 4490; x_wconf 88' lang='lat' dir='ltr'><strong>illa</strong></span> <span class='ocrx_word' id='word_1_656' title='bbox 914 4475 928 4500; x_wconf 91' lang='lat'><strong>,</strong></span> <span class='ocrx_word' id='word_1_657' title='bbox 985 4452 1151 4506; x_wconf 89' lang='lat' dir='ltr'><strong>quam</strong></span> <span class='ocrx_word' id='word_1_658' title='bbox 1186 4438 1417 4506; x_wconf 89' lang='lat' dir='ltr'><strong>suadet,</strong></span> <span class='ocrx_word' id='word_1_659' title='bbox 1454 4437 1800 4495; x_wconf 89' lang='lat' dir='ltr'><strong>confessione</strong></span> <span class='ocrx_word' id='word_1_660' title='bbox 1829 4440 1877 4500; x_wconf 75' lang='grc' dir='ltr'><strong>Β</strong></span> <span class='ocrx_word' id='word_1_661' title='bbox 1903 4442 2024 4497; x_wconf 90' lang='lat' dir='ltr'><strong>dem</strong></span> <span class='ocrx_word' id='word_1_662' title='bbox 2051 4439 2222 4494; x_wconf 87' lang='lat' dir='ltr'><strong>multa</strong></span> <span class='ocrx_word' id='word_1_663' title='bbox 2247 4447 2374 4492; x_wconf 87' lang='lat' dir='ltr'><strong>sunt</strong></span> <span class='ocrx_word' id='word_1_664' title='bbox 2397 4452 2427 4491; x_wconf 89' lang='lat' dir='ltr'><strong>a</strong></span> <span class='ocrx_word' id='word_1_665' title='bbox 2455 4436 2586 4492; x_wconf 81' lang='lat' dir='ltr'><strong>viris</strong></span> <span class='ocrx_word' id='word_1_666' title='bbox 2605 4434 2834 4491; x_wconf 91' lang='lat' dir='ltr'><strong>eruditis</strong></span> <span class='ocrx_word' id='word_1_667' title='bbox 2866 4434 3174 4489; x_wconf 86' lang='lat' dir='ltr'><strong>observata.</strong></span> <span class='ocrx_word' id='word_1_668' title='bbox 3199 4429 3310 4487; x_wconf 84' lang='lat' dir='ltr'><strong>Nos</strong></span> <span class='ocrx_word' id='word_1_669' title='bbox 3337 4433 3477 4503; x_wconf 90' lang='lat' dir='ltr'><strong>apud</strong></span> 
     </span>
    </p>
   </div>
   <div class='ocr_carea' id='block_1_92' title="bbox 209 4523 1801 4596">
    <p class='ocr_par' dir='ltr' id='par_1_92' title="bbox 209 4523 1801 4596">
     <span class='ocr_line' id='line_1_92' title="bbox 209 4523 1801 4596; baseline 0.006 -20"><span class='ocrx_word' id='word_1_670' title='bbox 209 4523 535 4594; x_wconf 81' lang='lat' dir='ltr'><strong>patefactis,</strong></span> <span class='ocrx_word' id='word_1_671' title='bbox 593 4527 685 4596; x_wconf 90' lang='lat' dir='ltr'><strong>qui</strong></span> <span class='ocrx_word' id='word_1_672' title='bbox 725 4527 1077 4582; x_wconf 83' lang='lat' dir='ltr'><strong>confitentem</strong></span> <span class='ocrx_word' id='word_1_673' title='bbox 1141 4529 1400 4583; x_wconf 90' lang='lat' dir='ltr'><strong>amabant</strong></span> <span class='ocrx_word' id='word_1_674' title='bbox 1464 4539 1519 4583; x_wconf 90' lang='lat' dir='ltr'><strong>et</strong></span> <span class='ocrx_word' id='word_1_675' title='bbox 1557 4531 1801 4586; x_wconf 89' lang='lat' dir='ltr'><strong>admira-</strong></span> 
     </span>
    </p>
   </div>
   <div class='ocr_carea' id='block_1_93' title="bbox 211 4614 1802 4691">
    <p class='ocr_par' dir='ltr' id='par_1_93' title="bbox 211 4614 1802 4691">
     <span class='ocr_line' id='line_1_93' title="bbox 211 4614 1802 4691; baseline 0.004 -21"><span class='ocrx_word' id='word_1_676' title='bbox 211 4614 421 4670; x_wconf 87' lang='lat' dir='ltr'><strong>bantur</strong></span> <span class='ocrx_word' id='word_1_677' title='bbox 450 4626 607 4671; x_wconf 89' lang='lat' dir='ltr'><strong>antea</strong></span> <span class='ocrx_word' id='word_1_678' title='bbox 628 4658 644 4684; x_wconf 96' lang='lat'><strong>,</strong></span> <span class='ocrx_word' id='word_1_679' title='bbox 677 4618 936 4689; x_wconf 81' lang='lat' dir='ltr'><strong>deinceps</strong></span> <span class='ocrx_word' id='word_1_680' title='bbox 966 4619 1115 4674; x_wconf 83' lang='lat' dir='ltr'><strong>velut</strong></span> <span class='ocrx_word' id='word_1_681' title='bbox 1167 4621 1236 4676; x_wconf 87' lang='lat' dir='ltr'><strong>ab</strong></span> <span class='ocrx_word' id='word_1_682' title='bbox 1262 4621 1478 4691; x_wconf 86' lang='lat' dir='ltr'><strong>impuro</strong></span> <span class='ocrx_word' id='word_1_683' title='bbox 1535 4623 1802 4677; x_wconf 90' lang='lat' dir='ltr'><strong>contami-</strong></span> 
     </span>
    </p>
   </div>
   <div class='ocr_carea' id='block_1_94' title="bbox 210 4708 1800 4781">
    <p class='ocr_par' dir='ltr' id='par_1_94' title="bbox 210 4708 1800 4781">
     <span class='ocr_line' id='line_1_94' title="bbox 210 4708 1800 4781; baseline 0.004 -20"><span class='ocrx_word' id='word_1_684' title='bbox 210 4718 460 4778; x_wconf 63' lang='lat' dir='ltr'><strong>natoque</strong></span> <span class='ocrx_word' id='word_1_685' title='bbox 497 4708 781 4768; x_wconf 78' lang='lat' dir='ltr'><strong>discedant</strong></span> <span class='ocrx_word' id='word_1_686' title='bbox 805 4751 819 4775; x_wconf 94' lang='lat'><strong>,</strong></span> <span class='ocrx_word' id='word_1_687' title='bbox 853 4719 914 4764; x_wconf 92' lang='lat' dir='ltr'><strong>ut</strong></span> <span class='ocrx_word' id='word_1_688' title='bbox 944 4710 999 4764; x_wconf 94' lang='lat' dir='ltr'><strong>in</strong></span> <span class='ocrx_word' id='word_1_689' title='bbox 1045 4711 1226 4781; x_wconf 81' lang='lat' dir='ltr'><strong>priore</strong></span> <span class='ocrx_word' id='word_1_690' title='bbox 1261 4711 1382 4767; x_wconf 89' lang='lat' dir='ltr'><strong>loco</strong></span> <span class='ocrx_word' id='word_1_691' title='bbox 1425 4721 1630 4767; x_wconf 89' lang='lat' dir='ltr'><strong>narrat.</strong></span> <span class='ocrx_word' id='word_1_692' title='bbox 1667 4711 1800 4768; x_wconf 84' lang='lat' dir='ltr'><strong>Item</strong></span> 
     </span>
    </p>
   </div>
   <div class='ocr_carea' id='block_1_95' title="bbox 210 4799 1803 4874">
    <p class='ocr_par' dir='ltr' id='par_1_95' title="bbox 210 4799 1803 4874">
     <span class='ocr_line' id='line_1_95' title="bbox 210 4799 1803 4874; baseline 0.004 -20"><span class='ocrx_word' id='word_1_693' title='bbox 210 4799 490 4870; x_wconf 86' lang='lat' dir='ltr'><strong>ejusmodi</strong></span> <span class='ocrx_word' id='word_1_694' title='bbox 518 4812 738 4871; x_wconf 87' lang='lat' dir='ltr'><strong>peccata</strong></span> <span class='ocrx_word' id='word_1_695' title='bbox 779 4801 871 4856; x_wconf 90' lang='lat' dir='ltr'><strong>illa</strong></span> <span class='ocrx_word' id='word_1_696' title='bbox 903 4811 1052 4870; x_wconf 89' lang='lat' dir='ltr'><strong>sunt,</strong></span> <span class='ocrx_word' id='word_1_697' title='bbox 1095 4818 1217 4874; x_wconf 74' lang='lat' dir='ltr'><strong>qua:</strong></span> <span class='ocrx_word' id='word_1_698' title='bbox 1243 4803 1489 4860; x_wconf 80' lang='lat' dir='ltr'><strong>confiteri</strong></span> <span class='ocrx_word' id='word_1_699' title='bbox 1516 4803 1710 4874; x_wconf 88' lang='lat' dir='ltr'><strong>jubet,</strong></span> <span class='ocrx_word' id='word_1_700' title='bbox 1745 4813 1803 4860; x_wconf 90' lang='lat' dir='ltr'><strong>ut</strong></span> 
     </span>
    </p>
   </div>
   <div class='ocr_carea' id='block_1_96' title="bbox 211 4893 1801 4968">
    <p class='ocr_par' dir='ltr' id='par_1_96' title="bbox 211 4893 1801 4968">
     <span class='ocr_line' id='line_1_96' title="bbox 211 4893 1801 4968; baseline 0.002 -22"><span class='ocrx_word' id='word_1_701' title='bbox 211 4907 333 4946; x_wconf 85' lang='lat' dir='ltr'><strong>non</strong></span> <span class='ocrx_word' id='word_1_702' title='bbox 393 4902 593 4948; x_wconf 83' lang='lat' dir='ltr'><strong>temere</strong></span> <span class='ocrx_word' id='word_1_703' title='bbox 626 4893 682 4948; x_wconf 86' lang='lat' dir='ltr'><strong>iu</strong></span> <span class='ocrx_word' id='word_1_704' title='bbox 733 4893 957 4966; x_wconf 86' lang='lat' dir='ltr'><strong>publico</strong></span> <span class='ocrx_word' id='word_1_705' title='bbox 1005 4903 1275 4949; x_wconf 86' lang='lat' dir='ltr'><strong>conventu</strong></span> <span class='ocrx_word' id='word_1_706' title='bbox 1316 4894 1549 4950; x_wconf 88' lang='lat' dir='ltr'><strong>debeant</strong></span> <span class='ocrx_word' id='word_1_707' title='bbox 1582 4896 1801 4968; x_wconf 80' lang='lat' dir='ltr'><strong>exponi,</strong></span> 
     </span>
    </p>
   </div>
   <div class='ocr_carea' id='block_1_97' title="bbox 212 4985 1806 5055">
    <p class='ocr_par' dir='ltr' id='par_1_97' title="bbox 212 4985 1806 5055">
     <span class='ocr_line' id='line_1_97' title="bbox 212 4985 1806 5055; baseline 0 -13"><span class='ocrx_word' id='word_1_708' title='bbox 212 4985 319 5042; x_wconf 83' lang='lat' dir='ltr'><strong>sed</strong></span> <span class='ocrx_word' id='word_1_709' title='bbox 351 5002 476 5040; x_wconf 93' lang='lat' dir='ltr'><strong>cum</strong></span> <span class='ocrx_word' id='word_1_710' title='bbox 506 4997 758 5042; x_wconf 87' lang='lat' dir='ltr'><strong>accurata</strong></span> <span class='ocrx_word' id='word_1_711' title='bbox 787 4986 1210 5055; x_wconf 88' lang='lat' dir='ltr'><strong>deliberatione,</strong></span> <span class='ocrx_word' id='word_1_712' title='bbox 1252 4996 1306 5042; x_wconf 87' lang='lat' dir='ltr'><strong>et</strong></span> <span class='ocrx_word' id='word_1_713' title='bbox 1343 4987 1648 5043; x_wconf 88' lang='lat' dir='ltr'><strong>sacerdotis</strong></span> <span class='ocrx_word' id='word_1_714' title='bbox 1673 5005 1806 5044; x_wconf 59' lang='lat' dir='ltr'><strong>con-</strong></span> 
     </span>
    </p>
   </div>
   <div class='ocr_carea' id='block_1_98' title="bbox 215 5079 1803 5150">
    <p class='ocr_par' dir='ltr' id='par_1_98' title="bbox 215 5079 1803 5150">
     <span class='ocr_line' id='line_1_98' title="bbox 215 5079 1803 5150; baseline 0.002 -14"><span class='ocrx_word' id='word_1_715' title='bbox 215 5081 351 5136; x_wconf 80' lang='lat' dir='ltr'><strong>silio</strong></span> <span class='ocrx_word' id='word_1_716' title='bbox 377 5122 392 5143; x_wconf 91' lang='lat'><strong>,</strong></span> <span class='ocrx_word' id='word_1_717' title='bbox 423 5079 567 5150; x_wconf 87' lang='lat' dir='ltr'><strong>quod</strong></span> <span class='ocrx_word' id='word_1_718' title='bbox 619 5081 890 5150; x_wconf 88' lang='lat' dir='ltr'><strong>posterior</strong></span> <span class='ocrx_word' id='word_1_719' title='bbox 926 5080 1078 5137; x_wconf 88' lang='lat' dir='ltr'><strong>locus</strong></span> <span class='ocrx_word' id='word_1_720' title='bbox 1122 5079 1397 5136; x_wconf 87' lang='lat' dir='ltr'><strong>admonet.</strong></span> <span class='ocrx_word' id='word_1_721' title='bbox 1434 5079 1803 5148; x_wconf 87' lang='lat' dir='ltr'><strong>Quamobrem</strong></span> 
     </span>
    </p>
   </div>
   <div class='ocr_carea' id='block_1_99' title="bbox 216 5169 1806 5241">
    <p class='ocr_par' dir='ltr' id='par_1_99' title="bbox 216 5169 1806 5241">
     <span class='ocr_line' id='line_1_99' title="bbox 216 5169 1806 5241; baseline 0 -15"><span class='ocrx_word' id='word_1_722' title='bbox 216 5171 446 5226; x_wconf 86' lang='lat' dir='ltr'><strong>occulta</strong></span> <span class='ocrx_word' id='word_1_723' title='bbox 475 5170 565 5225; x_wconf 89' lang='lat' dir='ltr'><strong>illa</strong></span> <span class='ocrx_word' id='word_1_724' title='bbox 595 5178 756 5237; x_wconf 84' lang='lat' dir='ltr'><strong>sunt,</strong></span> <span class='ocrx_word' id='word_1_725' title='bbox 788 5185 898 5224; x_wconf 91' lang='lat' dir='ltr'><strong>non</strong></span> <span class='ocrx_word' id='word_1_726' title='bbox 937 5171 1154 5240; x_wconf 89' lang='lat' dir='ltr'><strong>publica</strong></span> <span class='ocrx_word' id='word_1_727' title='bbox 1183 5178 1348 5241; x_wconf 89' lang='lat' dir='ltr'><strong>atque</strong></span> <span class='ocrx_word' id='word_1_728' title='bbox 1380 5169 1669 5226; x_wconf 82' lang='lat' dir='ltr'><strong>manifesta</strong></span> <span class='ocrx_word' id='word_1_729' title='bbox 1692 5212 1708 5237; x_wconf 90' lang='lat'><strong>,</strong></span> <span class='ocrx_word' id='word_1_730' title='bbox 1740 5171 1806 5226; x_wconf 88' lang='lat' dir='ltr'><strong>de</strong></span> 
     </span>
    </p>
   </div>
   <div class='ocr_carea' id='block_1_100' title="bbox 216 5261 1801 5335">
    <p class='ocr_par' dir='ltr' id='par_1_100' title="bbox 216 5261 1801 5335">
     <span class='ocr_line' id='line_1_100' title="bbox 216 5261 1801 5335; baseline -0.002 -17"><span class='ocrx_word' id='word_1_731' title='bbox 216 5263 426 5335; x_wconf 86' lang='lat' dir='ltr'><strong>quibus</strong></span> <span class='ocrx_word' id='word_1_732' title='bbox 455 5263 668 5332; x_wconf 82' lang='lat' dir='ltr'><strong>publice</strong></span> <span class='ocrx_word' id='word_1_733' title='bbox 691 5262 1017 5318; x_wconf 87' lang='lat' dir='ltr'><strong>confitendis</strong></span> <span class='ocrx_word' id='word_1_734' title='bbox 1045 5277 1112 5317; x_wconf 91' lang='lat' dir='ltr'><strong>ne</strong></span> <span class='ocrx_word' id='word_1_735' title='bbox 1141 5261 1553 5317; x_wconf 88' lang='lat' dir='ltr'><strong>deliberandum</strong></span> <span class='ocrx_word' id='word_1_736' title='bbox 1581 5262 1801 5333; x_wconf 87' lang='lat' dir='ltr'><strong>quidem</strong></span> 
     </span>
    </p>
   </div>
   <div class='ocr_carea' id='block_1_101' title="bbox 217 5353 1805 5426">
    <p class='ocr_par' dir='ltr' id='par_1_101' title="bbox 217 5353 1805 5426">
     <span class='ocr_line' id='line_1_101' title="bbox 217 5353 1805 5426; baseline -0.002 -16"><span class='ocrx_word' id='word_1_737' title='bbox 217 5363 371 5410; x_wconf 86' lang='lat' dir='ltr'><strong>esset</strong></span> <span class='ocrx_word' id='word_1_738' title='bbox 395 5395 418 5421; x_wconf 13' lang='grc' dir='ltr'><strong>,Α</strong></span> <span class='ocrx_word' id='word_1_739' title='bbox 451 5354 498 5410; x_wconf 89' lang='lat' dir='ltr'><strong>si</strong></span> <span class='ocrx_word' id='word_1_740' title='bbox 534 5353 586 5409; x_wconf 91' lang='lat' dir='ltr'><strong>id</strong></span> <span class='ocrx_word' id='word_1_741' title='bbox 638 5354 870 5424; x_wconf 80' lang='lat' dir='ltr'><strong>publicae</strong></span> <span class='ocrx_word' id='word_1_742' title='bbox 919 5354 1252 5426; x_wconf 80' lang='lat' dir='ltr'><strong>poenitentiae</strong></span> <span class='ocrx_word' id='word_1_743' title='bbox 1285 5354 1425 5409; x_wconf 91' lang='lat' dir='ltr'><strong>ratio</strong></span> <span class='ocrx_word' id='word_1_744' title='bbox 1456 5362 1514 5410; x_wconf 89' lang='lat' dir='ltr'><strong>et</strong></span> <span class='ocrx_word' id='word_1_745' title='bbox 1549 5353 1805 5410; x_wconf 75' lang='lat' dir='ltr'><strong>Ecclesia:</strong></span> 
     </span>
    </p>
   </div>
   <div class='ocr_carea' id='block_1_102' title="bbox 217 5445 1806 5518">
    <p class='ocr_par' dir='ltr' id='par_1_102' title="bbox 217 5445 1806 5518">
     <span class='ocr_line' id='line_1_102' title="bbox 217 5445 1806 5518; baseline -0.001 -17"><span class='ocrx_word' id='word_1_746' title='bbox 217 5447 310 5502; x_wconf 80' lang='lat' dir='ltr'><strong>lex</strong></span> <span class='ocrx_word' id='word_1_747' title='bbox 341 5445 654 5502; x_wconf 86' lang='lat' dir='ltr'><strong>necessario</strong></span> <span class='ocrx_word' id='word_1_748' title='bbox 677 5447 996 5517; x_wconf 88' lang='lat' dir='ltr'><strong>postularet.</strong></span> <span class='ocrx_word' id='word_1_749' title='bbox 1033 5446 1169 5500; x_wconf 83' lang='lat' dir='ltr'><strong>Cum</strong></span> <span class='ocrx_word' id='word_1_750' title='bbox 1206 5445 1370 5518; x_wconf 86' lang='lat' dir='ltr'><strong>igitur</strong></span> <span class='ocrx_word' id='word_1_751' title='bbox 1400 5447 1632 5518; x_wconf 60' lang='lat' dir='ltr'><strong>publieae</strong></span> <span class='ocrx_word' id='word_1_752' title='bbox 1673 5462 1806 5502; x_wconf 84' lang='lat' dir='ltr'><strong>con-</strong></span> 
     </span>
    </p>
   </div>
   <div class='ocr_carea' id='block_1_103' title="bbox 221 5537 1805 5610">
    <p class='ocr_par' dir='ltr' id='par_1_103' title="bbox 221 5537 1805 5610">
     <span class='ocr_line' id='line_1_103' title="bbox 221 5537 1805 5610; baseline 0 -18"><span class='ocrx_word' id='word_1_753' title='bbox 221 5537 488 5594; x_wconf 88' lang='lat' dir='ltr'><strong>fessionis</strong></span> <span class='ocrx_word' id='word_1_754' title='bbox 516 5539 729 5610; x_wconf 88' lang='lat' dir='ltr'><strong>patroni</strong></span> <span class='ocrx_word' id='word_1_755' title='bbox 762 5541 966 5594; x_wconf 82' lang='lat' dir='ltr'><strong>nullum</strong></span> <span class='ocrx_word' id='word_1_756' title='bbox 999 5540 1342 5595; x_wconf 90' lang='lat' dir='ltr'><strong>occultorum</strong></span> <span class='ocrx_word' id='word_1_757' title='bbox 1368 5540 1683 5606; x_wconf 89' lang='lat' dir='ltr'><strong>criminum,</strong></span> <span class='ocrx_word' id='word_1_758' title='bbox 1713 5539 1805 5594; x_wconf 88' lang='lat' dir='ltr'><strong>sed</strong></span> 
     </span>
    </p>
   </div>
   <div class='ocr_carea' id='block_1_104' title="bbox 220 5632 1800 5705">
    <p class='ocr_par' dir='ltr' id='par_1_104' title="bbox 220 5632 1800 5705">
     <span class='ocr_line' id='line_1_104' title="bbox 220 5632 1800 5705; baseline 0.001 -20"><span class='ocrx_word' id='word_1_759' title='bbox 220 5632 570 5705; x_wconf 86' lang='lat' dir='ltr'><strong>publicorum</strong></span> <span class='ocrx_word' id='word_1_760' title='bbox 609 5632 920 5696; x_wconf 74' lang='lat' dir='ltr'><strong>duntaxat,</strong></span> <span class='ocrx_word' id='word_1_761' title='bbox 957 5633 1232 5702; x_wconf 88' lang='lat' dir='ltr'><strong>publicam</strong></span> <span class='ocrx_word' id='word_1_762' title='bbox 1268 5632 1666 5689; x_wconf 86' lang='lat' dir='ltr'><strong>confessionem</strong></span> <span class='ocrx_word' id='word_1_763' title='bbox 1723 5632 1800 5686; x_wconf 89' lang='lat' dir='ltr'><strong>le-</strong></span> 
     </span>
    </p>
   </div>
   <div class='ocr_carea' id='block_1_105' title="bbox 222 5723 1804 5800">
    <p class='ocr_par' dir='ltr' id='par_1_105' title="bbox 222 5723 1804 5800">
     <span class='ocr_line' id='line_1_105' title="bbox 222 5723 1804 5800; baseline 0 -22"><span class='ocrx_word' id='word_1_764' title='bbox 222 5729 475 5798; x_wconf 79' lang='lat' dir='ltr'><strong>gitimam</strong></span> <span class='ocrx_word' id='word_1_765' title='bbox 511 5724 682 5782; x_wconf 87' lang='lat' dir='ltr'><strong>fuisse</strong></span> <span class='ocrx_word' id='word_1_766' title='bbox 733 5725 932 5792; x_wconf 87' lang='lat' dir='ltr'><strong>velint;</strong></span> <span class='ocrx_word' id='word_1_767' title='bbox 984 5725 1144 5800; x_wconf 80' lang='lat' dir='ltr'><strong>idque</strong></span> <span class='ocrx_word' id='word_1_768' title='bbox 1177 5734 1229 5780; x_wconf 89' lang='lat' dir='ltr'><strong>et</strong></span> <span class='ocrx_word' id='word_1_769' title='bbox 1278 5723 1476 5780; x_wconf 82' lang='lat' dir='ltr'><strong>Leonis</strong></span> <span class='ocrx_word' id='word_1_770' title='bbox 1503 5723 1680 5796; x_wconf 80' lang='lat' dir='ltr'><strong>Magni</strong></span> <span class='ocrx_word' id='word_1_771' title='bbox 1709 5723 1804 5779; x_wconf 86' lang='lat' dir='ltr'><strong>de-</strong></span> 
     </span>
    </p>
   </div>
   <div class='ocr_carea' id='block_1_106' title="bbox 1901 4526 3484 4606">
    <p class='ocr_par' dir='ltr' id='par_1_106' title="bbox 1901 4526 3484 4606">
     <span class='ocr_line' id='line_1_106' title="bbox 1901 4526 3484 4606; baseline -0.006 -15"><span class='ocrx_word' id='word_1_772' title='bbox 1901 4533 2230 4606; x_wconf 80' lang='lat' dir='ltr'><strong>Cyprianum</strong></span> <span class='ocrx_word' id='word_1_773' title='bbox 2254 4527 2748 4587; x_wconf 87' lang='lat' dir='ltr'><strong>animadvertimus</strong></span> <span class='ocrx_word' id='word_1_774' title='bbox 2775 4526 3219 4598; x_wconf 80' lang='lat' dir='ltr'><strong>exltomologesin</strong></span> <span class='ocrx_word' id='word_1_775' title='bbox 3247 4542 3349 4598; x_wconf 86' lang='lat' dir='ltr'><strong>pro</strong></span> <span class='ocrx_word' id='word_1_776' title='bbox 3371 4541 3484 4598; x_wconf 74' lang='lat' dir='ltr'><strong>pm-</strong></span> 
     </span>
    </p>
   </div>
   <div class='ocr_carea' id='block_1_107' title="bbox 1901 4617 3480 4692">
    <p class='ocr_par' dir='ltr' id='par_1_107' title="bbox 1901 4617 3480 4692">
     <span class='ocr_line' id='line_1_107' title="bbox 1901 4617 3480 4692; baseline -0.004 -14"><span class='ocrx_word' id='word_1_777' title='bbox 1901 4623 2145 4679; x_wconf 71' lang='lat' dir='ltr'><strong>nitentiaa</strong></span> <span class='ocrx_word' id='word_1_778' title='bbox 2201 4620 2434 4692; x_wconf 74' lang='lat' dir='ltr'><strong>publica:</strong></span> <span class='ocrx_word' id='word_1_779' title='bbox 2472 4627 2620 4675; x_wconf 90' lang='lat' dir='ltr'><strong>certa</strong></span> <span class='ocrx_word' id='word_1_780' title='bbox 2660 4617 2946 4674; x_wconf 88' lang='lat' dir='ltr'><strong>functione</strong></span> <span class='ocrx_word' id='word_1_781' title='bbox 2993 4618 3175 4685; x_wconf 90' lang='lat' dir='ltr'><strong>sumi,</strong></span> <span class='ocrx_word' id='word_1_782' title='bbox 3211 4633 3334 4690; x_wconf 73' lang='lat' dir='ltr'><strong>qua:</strong></span> <span class='ocrx_word' id='word_1_783' title='bbox 3385 4619 3480 4672; x_wconf 91' lang='lat' dir='ltr'><strong>uni</strong></span> 
     </span>
    </p>
   </div>
   <div class='ocr_carea' id='block_1_108' title="bbox 1901 4710 3483 4787">
    <p class='ocr_par' dir='ltr' id='par_1_108' title="bbox 1901 4710 3483 4787">
     <span class='ocr_line' id='line_1_108' title="bbox 1901 4710 3483 4787; baseline -0.005 -15"><span class='ocrx_word' id='word_1_784' title='bbox 1901 4731 1971 4773; x_wconf 83' lang='lat' dir='ltr'><strong>ex</strong></span> <span class='ocrx_word' id='word_1_785' title='bbox 1997 4723 2234 4787; x_wconf 80' lang='lat' dir='ltr'><strong>quatuor</strong></span> <span class='ocrx_word' id='word_1_786' title='bbox 2265 4712 2648 4786; x_wconf 73' lang='lat' dir='ltr'><strong>pmnitentium</strong></span> <span class='ocrx_word' id='word_1_787' title='bbox 2679 4710 2939 4784; x_wconf 89' lang='lat' dir='ltr'><strong>gradibus</strong></span> <span class='ocrx_word' id='word_1_788' title='bbox 2983 4710 3252 4781; x_wconf 83' lang='lat' dir='ltr'><strong>praecipue</strong></span> <span class='ocrx_word' id='word_1_789' title='bbox 3283 4724 3483 4766; x_wconf 57' lang='lat' dir='ltr'><strong>conve.</strong></span> 
     </span>
    </p>
   </div>
   <div class='ocr_carea' id='block_1_109' title="bbox 1902 4803 3482 4871">
    <p class='ocr_par' dir='ltr' id='par_1_109' title="bbox 1902 4803 3482 4871">
     <span class='ocr_line' id='line_1_109' title="bbox 1902 4803 3482 4871; baseline -0.004 -9"><span class='ocrx_word' id='word_1_790' title='bbox 1902 4807 2078 4862; x_wconf 87' lang='lat' dir='ltr'><strong>niret:</strong></span> <span class='ocrx_word' id='word_1_791' title='bbox 2115 4806 2374 4861; x_wconf 91' lang='lat' dir='ltr'><strong>nimirum</strong></span> <span class='ocrx_word' id='word_1_792' title='bbox 2417 4803 2752 4866; x_wconf 83' lang='grc' dir='ltr'><strong>ὑποπτώσει,</strong></span> <span class='ocrx_word' id='word_1_793' title='bbox 2777 4819 2899 4871; x_wconf 68' lang='lat' dir='ltr'><strong>quae</strong></span> <span class='ocrx_word' id='word_1_794' title='bbox 2932 4803 3094 4858; x_wconf 87' lang='lat' dir='ltr'><strong>tertio</strong></span> <span class='ocrx_word' id='word_1_795' title='bbox 3132 4803 3255 4858; x_wconf 92' lang='lat' dir='ltr'><strong>loco</strong></span> <span class='ocrx_word' id='word_1_796' title='bbox 3285 4816 3482 4856; x_wconf 86' lang='lat' dir='ltr'><strong>nume-</strong></span> 
     </span>
    </p>
   </div>
   <div class='ocr_carea' id='block_1_110' title="bbox 1900 4893 3483 4967">
    <p class='ocr_par' dir='ltr' id='par_1_110' title="bbox 1900 4893 3483 4967">
     <span class='ocr_line' id='line_1_110' title="bbox 1900 4893 3483 4967; baseline -0.004 -14"><span class='ocrx_word' id='word_1_797' title='bbox 1900 4909 2084 4954; x_wconf 85' lang='lat' dir='ltr'><strong>ratur:</strong></span> <span class='ocrx_word' id='word_1_798' title='bbox 2128 4914 2252 4952; x_wconf 90' lang='lat' dir='ltr'><strong>nam</strong></span> <span class='ocrx_word' id='word_1_799' title='bbox 2285 4896 2376 4967; x_wconf 91' lang='lat' dir='ltr'><strong>qui</strong></span> <span class='ocrx_word' id='word_1_800' title='bbox 2408 4896 2462 4950; x_wconf 90' lang='lat' dir='ltr'><strong>in</strong></span> <span class='ocrx_word' id='word_1_801' title='bbox 2495 4911 2561 4950; x_wconf 91' lang='lat' dir='ltr'><strong>eo</strong></span> <span class='ocrx_word' id='word_1_802' title='bbox 2590 4896 2758 4966; x_wconf 86' lang='lat' dir='ltr'><strong>gradu</strong></span> <span class='ocrx_word' id='word_1_803' title='bbox 2801 4894 3164 4956; x_wconf 82' lang='lat' dir='ltr'><strong>censebatur,</strong></span> <span class='ocrx_word' id='word_1_804' title='bbox 3208 4893 3359 4958; x_wconf 82' lang='grc' dir='ltr'>ὲντδς</span> <span class='ocrx_word' id='word_1_805' title='bbox 3383 4893 3483 4965; x_wconf 83' lang='grc' dir='ltr'><strong>τῆς</strong></span> 
     </span>
    </p>
   </div>
   <div class='ocr_carea' id='block_1_111' title="bbox 1903 4986 3480 5060">
    <p class='ocr_par' dir='ltr' id='par_1_111' title="bbox 1903 4986 3480 5060">
     <span class='ocr_line' id='line_1_111' title="bbox 1903 4986 3480 5060; baseline -0.003 -15"><span class='ocrx_word' id='word_1_806' title='bbox 1903 4991 1997 5045; x_wconf 82' lang='grc' dir='ltr'><strong>τοῦ</strong></span> <span class='ocrx_word' id='word_1_807' title='bbox 2035 4989 2166 5044; x_wconf 78' lang='grc' dir='ltr'>ναοῦ</span> <span class='ocrx_word' id='word_1_808' title='bbox 2219 4989 2433 5060; x_wconf 84' lang='grc' dir='ltr'><strong>πύλης,</strong></span> <span class='ocrx_word' id='word_1_809' title='bbox 2490 4988 2634 5042; x_wconf 90' lang='lat' dir='ltr'><strong>intra</strong></span> <span class='ocrx_word' id='word_1_810' title='bbox 2673 4986 2863 5057; x_wconf 88' lang='lat' dir='ltr'><strong>templi</strong></span> <span class='ocrx_word' id='word_1_811' title='bbox 2917 4995 3132 5057; x_wconf 82' lang='lat' dir='ltr'><strong>portam</strong></span> <span class='ocrx_word' id='word_1_812' title='bbox 3183 4987 3480 5052; x_wconf 85' lang='lat' dir='ltr'><strong>admissus,</strong></span> 
     </span>
    </p>
   </div>
   <div class='ocr_carea' id='block_1_112' title="bbox 1906 5076 3484 5148">
    <p class='ocr_par' dir='ltr' id='par_1_112' title="bbox 1906 5076 3484 5148">
     <span class='ocr_line' id='line_1_112' title="bbox 1906 5076 3484 5148; baseline -0.003 -10"><span class='ocrx_word' id='word_1_813' title='bbox 1906 5097 2028 5138; x_wconf 91' lang='lat' dir='ltr'><strong>cum</strong></span> <span class='ocrx_word' id='word_1_814' title='bbox 2073 5078 2480 5135; x_wconf 86' lang='lat' dir='ltr'><strong>catechumenis</strong></span> <span class='ocrx_word' id='word_1_815' title='bbox 2521 5079 2790 5134; x_wconf 87' lang='lat' dir='ltr'><strong>facessere</strong></span> <span class='ocrx_word' id='word_1_816' title='bbox 2833 5077 3167 5148; x_wconf 87' lang='lat' dir='ltr'><strong>jubebatur,</strong></span> <span class='ocrx_word' id='word_1_817' title='bbox 3212 5092 3275 5132; x_wconf 87' lang='lat' dir='ltr'><strong>ac</strong></span> <span class='ocrx_word' id='word_1_818' title='bbox 3322 5076 3484 5133; x_wconf 89' lang='lat' dir='ltr'><strong>certis</strong></span> 
     </span>
    </p>
   </div>
   <div class='ocr_carea' id='block_1_113' title="bbox 1906 5168 3486 5238">
    <p class='ocr_par' dir='ltr' id='par_1_113' title="bbox 1906 5168 3486 5238">
     <span class='ocr_line' id='line_1_113' title="bbox 1906 5168 3486 5238; baseline -0.001 -13"><span class='ocrx_word' id='word_1_819' title='bbox 1906 5171 2099 5226; x_wconf 89' lang='lat' dir='ltr'><strong>diebus</strong></span> <span class='ocrx_word' id='word_1_820' title='bbox 2118 5183 2306 5224; x_wconf 90' lang='lat' dir='ltr'><strong>coram</strong></span> <span class='ocrx_word' id='word_1_821' title='bbox 2338 5169 2594 5238; x_wconf 82' lang='lat' dir='ltr'><strong>episcopo</strong></span> <span class='ocrx_word' id='word_1_822' title='bbox 2628 5168 2919 5237; x_wconf 91' lang='lat' dir='ltr'><strong>procidens</strong></span> <span class='ocrx_word' id='word_1_823' title='bbox 2947 5209 2962 5237; x_wconf 83' lang='lat'><strong>,</strong></span> <span class='ocrx_word' id='word_1_824' title='bbox 2994 5169 3343 5238; x_wconf 77' lang='lat' dir='ltr'><strong>impositione</strong></span> <span class='ocrx_word' id='word_1_825' title='bbox 3371 5183 3486 5223; x_wconf 88' lang='lat' dir='ltr'><strong>ma-</strong></span> 
     </span>
    </p>
   </div>
   <div class='ocr_carea' id='block_1_114' title="bbox 1907 5259 3484 5331">
    <p class='ocr_par' dir='ltr' id='par_1_114' title="bbox 1907 5259 3484 5331">
     <span class='ocr_line' id='line_1_114' title="bbox 1907 5259 3484 5331; baseline -0.001 -14"><span class='ocrx_word' id='word_1_826' title='bbox 1907 5277 2076 5317; x_wconf 92' lang='lat' dir='ltr'><strong>nuum</strong></span> <span class='ocrx_word' id='word_1_827' title='bbox 2152 5277 2216 5316; x_wconf 90' lang='lat' dir='ltr'><strong>ac</strong></span> <span class='ocrx_word' id='word_1_828' title='bbox 2267 5260 2496 5316; x_wconf 90' lang='lat' dir='ltr'><strong>solemni</strong></span> <span class='ocrx_word' id='word_1_829' title='bbox 2561 5261 2874 5331; x_wconf 88' lang='lat' dir='ltr'><strong>precatione</strong></span> <span class='ocrx_word' id='word_1_830' title='bbox 2923 5259 3234 5330; x_wconf 88' lang='lat' dir='ltr'><strong>impertitus</strong></span> <span class='ocrx_word' id='word_1_831' title='bbox 3283 5259 3484 5315; x_wconf 91' lang='lat' dir='ltr'><strong>dimitti</strong></span> 
     </span>
    </p>
   </div>
   <div class='ocr_carea' id='block_1_115' title="bbox 1905 5350 3487 5420">
    <p class='ocr_par' dir='ltr' id='par_1_115' title="bbox 1905 5350 3487 5420">
     <span class='ocr_line' id='line_1_115' title="bbox 1905 5350 3487 5420; baseline -0.004 -10"><span class='ocrx_word' id='word_1_832' title='bbox 1905 5355 2134 5411; x_wconf 84' lang='lat' dir='ltr'><strong>solebat.</strong></span> <span class='ocrx_word' id='word_1_833' title='bbox 2197 5352 2352 5409; x_wconf 90' lang='lat' dir='ltr'><strong>Unde</strong></span> <span class='ocrx_word' id='word_1_834' title='bbox 2395 5352 2710 5416; x_wconf 80' lang='grc' dir='ltr'><strong>ὕπόπτωσις</strong></span> <span class='ocrx_word' id='word_1_835' title='bbox 2745 5359 2829 5406; x_wconf 89' lang='lat' dir='ltr'><strong>est</strong></span> <span class='ocrx_word' id='word_1_836' title='bbox 2877 5352 3056 5418; x_wconf 89' lang='lat' dir='ltr'><strong>dicta,</strong></span> <span class='ocrx_word' id='word_1_837' title='bbox 3109 5351 3253 5420; x_wconf 83' lang='lat' dir='ltr'><strong>quod</strong></span> <span class='ocrx_word' id='word_1_838' title='bbox 3288 5350 3487 5411; x_wconf 74' lang='grc' dir='ltr'><strong>ὑπέπι-</strong></span> 
     </span>
    </p>
   </div>
   <div class='ocr_carea' id='block_1_116' title="bbox 1908 5439 3486 5511">
    <p class='ocr_par' dir='ltr' id='par_1_116' title="bbox 1908 5439 3486 5511">
     <span class='ocr_line' id='line_1_116' title="bbox 1908 5439 3486 5511; baseline -0.001 -12"><span class='ocrx_word' id='word_1_839' title='bbox 1908 5463 2062 5511; x_wconf 85' lang='grc' dir='ltr'>πτεν,</span> <span class='ocrx_word' id='word_1_840' title='bbox 2093 5444 2197 5500; x_wconf 83' lang='lat' dir='ltr'><strong>ltoc</strong></span> <span class='ocrx_word' id='word_1_841' title='bbox 2225 5452 2309 5500; x_wconf 90' lang='lat' dir='ltr'><strong>est</strong></span> <span class='ocrx_word' id='word_1_842' title='bbox 2339 5457 2524 5499; x_wconf 90' lang='lat' dir='ltr'><strong>coram</strong></span> <span class='ocrx_word' id='word_1_843' title='bbox 2564 5441 2806 5498; x_wconf 86' lang='lat' dir='ltr'><strong>antistite</strong></span> <span class='ocrx_word' id='word_1_844' title='bbox 2841 5441 3190 5511; x_wconf 89' lang='lat' dir='ltr'><strong>procidebat.</strong></span> <span class='ocrx_word' id='word_1_845' title='bbox 3226 5439 3320 5511; x_wconf 89' lang='lat' dir='ltr'><strong>qui</strong></span> <span class='ocrx_word' id='word_1_846' title='bbox 3359 5455 3486 5498; x_wconf 86' lang='lat' dir='ltr'><strong>cum</strong></span> 
     </span>
    </p>
   </div>
   <div class='ocr_carea' id='block_1_117' title="bbox 1908 5532 3497 5606">
    <p class='ocr_par' dir='ltr' id='par_1_117' title="bbox 1908 5532 3497 5606">
     <span class='ocr_line' id='line_1_117' title="bbox 1908 5532 3497 5606; baseline -0.006 -15"><span class='ocrx_word' id='word_1_847' title='bbox 1908 5535 2057 5591; x_wconf 92' lang='lat' dir='ltr'><strong>omni</strong></span> <span class='ocrx_word' id='word_1_848' title='bbox 2093 5534 2294 5606; x_wconf 90' lang='lat' dir='ltr'><strong>populo</strong></span> <span class='ocrx_word' id='word_1_849' title='bbox 2327 5532 2618 5602; x_wconf 84' lang='lat' dir='ltr'><strong>procidens</strong></span> <span class='ocrx_word' id='word_1_850' title='bbox 2670 5542 2725 5588; x_wconf 86' lang='lat' dir='ltr'><strong>et</strong></span> <span class='ocrx_word' id='word_1_851' title='bbox 2779 5532 2897 5603; x_wconf 88' lang='lat' dir='ltr'><strong>ipse</strong></span> <span class='ocrx_word' id='word_1_852' title='bbox 2931 5533 3166 5603; x_wconf 89' lang='lat' dir='ltr'><strong>primum</strong></span> <span class='ocrx_word' id='word_1_853' title='bbox 3194 5574 3209 5600; x_wconf 94' lang='lat'><strong>,</strong></span> <span class='ocrx_word' id='word_1_854' title='bbox 3243 5541 3358 5590; x_wconf 88' lang='lat' dir='ltr'><strong>tum</strong></span> <span class='ocrx_word' id='word_1_855' title='bbox 3390 5546 3497 5586; x_wconf 65' lang='lat' dir='ltr'><strong>ex...</strong></span> 
     </span>
    </p>
   </div>
   <div class='ocr_carea' id='block_1_118' title="bbox 1910 5622 3505 5696">
    <p class='ocr_par' dir='ltr' id='par_1_118' title="bbox 1910 5622 3505 5696">
     <span class='ocr_line' id='line_1_118' title="bbox 1910 5622 3505 5696; baseline -0.004 -16"><span class='ocrx_word' id='word_1_856' title='bbox 1910 5640 2160 5696; x_wconf 87' lang='lat' dir='ltr'><strong>surgens,</strong></span> <span class='ocrx_word' id='word_1_857' title='bbox 2197 5639 2391 5680; x_wconf 85' lang='lat' dir='ltr'><strong>manus</strong></span> <span class='ocrx_word' id='word_1_858' title='bbox 2411 5664 2427 5691; x_wconf 91' lang='lat'><strong>,</strong></span> <span class='ocrx_word' id='word_1_859' title='bbox 2457 5622 2530 5678; x_wconf 90' lang='lat' dir='ltr'><strong>uti</strong></span> <span class='ocrx_word' id='word_1_860' title='bbox 2563 5623 2707 5688; x_wconf 79' lang='lat' dir='ltr'><strong>dixi,</strong></span> <span class='ocrx_word' id='word_1_861' title='bbox 2733 5623 3124 5694; x_wconf 74' lang='lat' dir='ltr'><strong>paenitentibus</strong></span> <span class='ocrx_word' id='word_1_862' title='bbox 3152 5623 3505 5692; x_wconf 28' lang='lat' dir='ltr'><strong>imponebat”</strong></span> 
     </span>
    </p>
   </div>
   <div class='ocr_carea' id='block_1_119' title="bbox 1911 5715 3494 5788">
    <p class='ocr_par' dir='ltr' id='par_1_119' title="bbox 1911 5715 3494 5788">
     <span class='ocr_line' id='line_1_119' title="bbox 1911 5715 3494 5788; baseline -0.001 -18"><span class='ocrx_word' id='word_1_863' title='bbox 1911 5719 2066 5786; x_wconf 80' lang='lat' dir='ltr'><strong>Quod</strong></span> <span class='ocrx_word' id='word_1_864' title='bbox 2104 5719 2380 5775; x_wconf 85' lang='lat' dir='ltr'><strong>luculente</strong></span> <span class='ocrx_word' id='word_1_865' title='bbox 2418 5733 2541 5774; x_wconf 89' lang='lat' dir='ltr'><strong>cum</strong></span> <span class='ocrx_word' id='word_1_866' title='bbox 2567 5717 2757 5788; x_wconf 89' lang='lat' dir='ltr'><strong>primis</strong></span> <span class='ocrx_word' id='word_1_867' title='bbox 2784 5717 3094 5774; x_wconf 83' lang='lat' dir='ltr'><strong>declaratur</strong></span> <span class='ocrx_word' id='word_1_868' title='bbox 3122 5732 3150 5771; x_wconf 83' lang='lat' dir='ltr'><strong>a</strong></span> <span class='ocrx_word' id='word_1_869' title='bbox 3182 5715 3494 5779; x_wconf 71' lang='lat' dir='ltr'><strong>Sozutttcno,</strong></span> 
     </span>
    </p>
   </div>
  </div>
