3874 6320
380 285 520 339 1045

1470 282 1811 339 APPENDIX
1856 278 2493 341 DISSERTATIONUM.

3511 283 3652 335 i‘J-M

380 401 477 454 li‘u.
513 414 627 461 vn,
657 413 776 468 cap.
813 398 879 453 ω
903 436 917 460 ,
952 397 1043 451 ubi
1092 399 1424 465 pmuitentia:
1478 399 1768 453 formulam
1807 412 1962 467 expo-

2074 398 2357 469 μετανοίᾳ.
2395 399 2627 455 Verbum
2660 398 2753 452 τοῦ
2797 398 3055 454 ἀπολύειν
3096 397 3337 462 missam,
3369 394 3485 451 sive
3523 396 3659 448 mis-

382 492 483 553 nit,
516 506 639 558 quia:
669 487 1143 557 Constantinopoli
1176 488 1433 559 abrogata
1480 488 1667 544 Romae
1698 498 1959 559 perpetuo

382 582 606 635 mansit.
656 580 772 646 Qua
843 579 894 632 in
953 578 1245 633 Sozomeni
1301 582 1670 650 descriptione
1724 580 1959 650 plurima

382 684 542 738 sunt,
579 689 697 742 qua:
730 674 797 727 ad
839 690 1031 729 omnes
1071 675 1400 744 paenitentia
1430 674 1630 742 gradus
1664 676 1958 744 pertinent,

382 782 489 819 non
548 779 720 834 pauca
762 765 828 818 ad
882 765 1193 819 ὑπόπτωσιν
1248 766 1579 821 referuntur.
1628 765 1739 821 Cur
1779 776 1958 819 autem

381 856 823 925 exhomologesiu
884 857 1009 911 huic
1054 858 1211 911 tertio
1268 857 1602 926 pmniteutia:
1645 856 1831 925 gradui
1875 870 1963 924 po-

384 946 657 1001 tissimum
690 946 987 1015 assignem,
1012 947 1267 1019 Cypriani
1298 948 1597 1004 auctoritas
1631 957 1840 1009 movet,
1866 946 1961 1015 qui

383 1047 505 1107 post
563 1036 700 1091 alias
752 1038 1085 1106 pmniteutia:
1142 1038 1453 1093 functiones
1509 1037 1959 1105 exhomologesiu

382 1130 655 1185 collocare
686 1130 863 1195 solet,
896 1140 950 1185 et
1002 1131 1434 1187 reconciliationi
1472 1148 1535 1185 ac
1585 1128 1960 1185 communioni

384 1221 693 1290 propiorem
727 1222 1037 1277 ostendere.
1078 1222 1168 1277 Sic
1197 1223 1249 1276 in
1284 1223 1511 1292 epistola
1542 1222 1615 1276 10
1634 1222 1701 1274 ad
1725 1222 1968 1275 Clarum:

389 1312 530 1367 Nam
556 1330 673 1367 cum
704 1316 757 1368 in
800 1316 1091 1369 minoribus
1124 1318 1371 1384 peccatis,
1417 1316 1609 1384 inquit,
1645 1325 1803 1384 agant
1847 1330 1964 1382 pec-

387 1415 592 1457 catores
651 1406 1009 1472 paenitentiam
1059 1407 1207 1474 justo
1268 1416 1536 1474 tempore,
1586 1416 1633 1459 et
1679 1404 1963 1458 secundum

385 1497 683 1564 disciplinm
708 1500 943 1550 ordinem
981 1499 1049 1551 ad
1084 1498 1505 1567 exhomologesin
1531 1499 1737 1551 veniant
1763 1538 1776 1560 ,
1801 1509 1847 1549 et
1871 1510 1964 1562 per

386 1604 576 1640 manus
611 1589 994 1657 impositionem
1027 1591 1256 1658 episcopi
1310 1598 1357 1641 et
1390 1589 1515 1642 cleri
1554 1589 1646 1658 jus
1677 1587 1964 1639 communi-

387 1680 611 1732 catio‘nis
653 1683 951 1750 accipiant,
982 1698 1117 1733 nunc
1148 1682 1311 1734 crudo
1344 1694 1571 1750 tempore
1607 1679 1963 1749 persecutione

386 1772 559 1825 adhuc
583 1783 964 1841 perseverante,
992 1773 1223 1826 nondum
1257 1774 1500 1825 restituta
1525 1771 1775 1825 Ecclesia:
1801 1771 1966 1840 ipsius

386 1880 515 1931 pace
562 1866 630 1917 ad
675 1867 1198 1919 communicationem
1241 1866 1632 1930 admittuntur,
1665 1875 1713 1917 et
1746 1865 1966 1932 offertur

388 1973 573 2011 nomen
607 1974 786 2010 eorum
807 2001 821 2023 ,
855 1968 903 2012 et
935 1961 1165 2011 nondum
1198 1958 1503 2026 paenitentia
1539 1966 1661 2009 acta
1682 1998 1694 2020 ,
1731 1957 1961 2009 nondum

387 2048 781 2119 exltomologcsi
813 2049 991 2118 facta,
1042 2050 1271 2102 nondum
1314 2066 1473 2101 manu
1504 2049 1578 2102 eis
1627 2048 1692 2100 ab
1724 2050 1964 2117 episcopo

386 2154 435 2193 et
459 2140 597 2193 clero
628 2142 898 2210 imposita,
925 2142 1244 2194 cucharistia
1271 2140 1378 2193 illis
1396 2141 1574 2193 datur.
1609 2140 1700 2194 Sic
1716 2140 1874 2208 epist.
1900 2139 1965 2193 10

388 2240 511 2300 post
532 2242 708 2286 actam
748 2234 1121 2301 paenitentiam
1154 2231 1374 2301 subjicit
1407 2231 1871 2301 exliomologesin.
1900 2230 1967 2285 Et

388 2320 547 2389 epist.
576 2322 676 2374 19.:
713 2321 986 2374 Namcum
1005 2324 1057 2387 in
1088 2321 1376 2375 minoribus
1398 2321 1624 2386 delictis,
1648 2339 1765 2392 qua:
1793 2324 1985 2379 nonin.

391 2412 674 2466 Dominum
729 2406 1171 2475 committuntur,
1222 2415 1527 2482 paenitentia
1572 2424 1763 2484 agatur
1813 2417 1964 2483 justo

392 2517 659 2575 tempore,
707 2516 755 2559 et
786 2508 1196 2576 exlromologesis
1249 2508 1344 2575 ﬁat
1389 2508 1623 2575 inspecta
1676 2508 1782 2560 vita
1826 2508 1961 2576 ejus,

388 2596 479 2664 qui
512 2597 617 2665 agit
658 2597 1052 2665 paenitentiam,
1099 2613 1190 2649 nec
1225 2596 1293 2648 ad
1318 2596 1839 2650 communicationem
1876 2613 1962 2649 ve-

390 2689 503 2741 nire
524 2690 641 2758 quis
682 2690 867 2758 possit,
910 2690 1011 2742 nisi
1050 2690 1196 2757 prius
1236 2689 1318 2742 illi
1369 2690 1432 2741 ab
1458 2690 1697 2759 episcopo
1747 2700 1795 2742 et
1824 2688 1963 2742 clero

389 2802 578 2839 mutus
613 2786 1081 2854 fuerit'imposita.
1117 2783 1258 2838 Idem
1308 2784 1363 2837 in
1397 2792 1537 2838 orat.
1571 2782 1648 2837 De
1683 2782 1878 2851 lapsis,
1910 2790 1966 2837 et.

388 2878 516 2931 alibi
540 2877 738 2947 sarpius
764 2877 958 2930 eodem
975 2876 1165 2930 ordine
1194 2884 1608 2931 commemorat.
1635 2873 1777 2939 Quin
1799 2874 1961 2928 etiam

389 2969 615 3023 Tertull.
668 2969 763 3023 lib.
810 2968 886 3021 De
935 2985 1067 3037 pom.
1104 2967 1438 3021 enumeratis
1485 2966 1740 3020 omnibus
1792 2964 1963 3033 pauli-

390 3062 616 3116 teutium
655 3061 1017 3114 incommodis
1052 3076 1115 3113 ac
1144 3058 1525 3113 vexationibus
1546 3099 1559 3119 ,
1609 3058 1723 3111 lnec
1755 3057 1916 3109 inl‘ert
1945 3076 1958 3110 :

390 3151 647 3205 Miserum
696 3160 770 3205 est
814 3152 889 3204 sic
936 3151 1004 3203 ad
1054 3150 1476 3220 exltomologesin
1507 3149 1786 3217 pervenire.
1818 3148 1963 3201 Malo

387 3245 527 3297 enim
573 3243 641 3295 ad
676 3243 942 3295 miseriam
989 3243 1323 3310 pervenitur;
1360 3242 1450 3295 sed
1481 3242 1568 3294 ubi
1612 3242 1965 3310 paenitendum

387 3342 486 3395 cst,
517 3334 709 3386 desinit
740 3333 985 3385 miserum
1012 3372 1026 3395 ,
1066 3334 1188 3399 quia
1222 3333 1425 3402 factum
1476 3342 1553 3386 est
1584 3333 1836 3387 salutare.
1888 3332 1964 3387 Ex

390 3425 592 3495 quibus
634 3424 984 3494 perspicuum
1034 3424 1278 3478 redditur
1303 3464 1318 3490 ,
1354 3432 1480 3478 ante
1514 3424 1963 3493 exbomologesin

390 3516 589 3570 multas
643 3516 1020 3586 pmnitentium
1079 3516 1326 3571 actiones
1382 3517 1518 3571 alias
1581 3517 1961 3582 antecessisse,

391 3608 538 3662 illam
577 3618 759 3661 autent
807 3606 1177 3671 ὑποπτώσεως
1227 3609 1555 3678 peculiarem
1612 3623 1776 3675 esse,
1834 3609 1964 3679 quia

391 3699 649 3761 σύστασις
684 3715 791 3753 uou
829 3700 939 3767 jam
993 3700 1207 3752 miseria
1237 3701 1344 3755 dici
1379 3709 1591 3770 potest,
1625 3716 1748 3755 cum
1787 3711 1963 3756 status

392 3792 482 3844 bic
521 3790 855 3858 pmuitcntiaa
881 3789 1365 3844 commodissimus
1399 3790 1642 3844 oumium
1665 3792 1961 3845 exstiterit.

389 3881 459 3937 At
514 3880 828 3943 ὑπόπτωσις
886 3880 1086 3933 multas
1139 3880 1638 3950 acerbissimasque
1686 3881 1965 3937 molestias

390 3972 610 4035 habuit,
662 3980 716 4026 et
745 3971 951 4040 majore
997 3987 1122 4025 cum
1154 3972 1480 4025 verecundia
1507 3972 1798 4041 conjuncta
1837 3972 1960 4040 fuit,

389 4080 513 4119 cum
552 4064 605 4117 in
657 4062 839 4118 media
864 4064 1044 4133 populi
1093 4062 1357 4119 concione
1392 4065 1593 4120 sistens
1623 4080 1743 4120 sese
1781 4081 1965 4134 peccao

390 4165 562 4212 torem
593 4155 977 4224 proﬁteretur,
1032 4171 1096 4209 ac
1154 4149 1460 4224 generalem
1517 4155 1959 4224 exltomOIOgesin

388 4247 699 4315 concipiens
722 4246 978 4318 lacrymis
1007 4256 1170 4317 atque
1195 4247 1489 4314 ejulatibus
1521 4247 1749 4301 instaret
1774 4248 1962 4302 arden-

388 4338 516 4392 tius.
546 4338 840 4406 Pr0pterea
871 4340 1162 4393 concilium
1200 4340 1575 4408 Ancyranum,
1606 4348 1665 4393 ut
1691 4353 1855 4407 supra
1880 4338 1961 4392 vi-

374 4425 602 4490 dimus,
649 4441 771 4480 can.
807 4425 872 4479 l9
902 4427 1191 4483 voluntarii
1234 4428 1507 4499 parricidii
1546 4444 1667 4484 reos
1695 4436 1810 4483 toto
1835 4429 1958 4484 vita:

2071 4410 2241 4466 fuisse
2285 4415 2599 4468 communia
2639 4434 2653 4469 :

388 4522 632 4584 tempore
666 4515 994 4569 ὑποπίπτειν
1018 4516 1195 4585 jubet.

458 4609 637 4679 Atque
667 4608 914 4662 eamdem
942 4623 1063 4662 esse
1092 4623 1312 4662 causam
1360 4610 1611 4678 suspicor
1636 4647 1650 4670 .
1691 4620 1793 4661 cur
1838 4622 1956 4677 pa}-

390 4700 677 4756 uitentium
730 4700 950 4753 nomine
988 4714 1128 4769 sa3pe
1176 4699 1250 4752 illi
1294 4700 1393 4755 soli
1437 4701 1962 4770 comprehendantur

389 4810 419 4847 a
443 4790 694 4846 conciliis
740 4799 794 4842 et
822 4787 1097 4855 Patribus,
1131 4789 1223 4858 qui
1259 4790 1311 4842 in
1346 4790 1519 4844 tribus
1550 4790 1739 4858 primis
1780 4789 1960 4862 gradi-

388 4884 490 4937 bus
528 4883 810 4935 liazrerent.
844 4877 978 4933 Nam
1026 4880 1077 4933 in
1125 4878 1360 4949 liturgiis
1404 4895 1467 4934 ac
1512 4881 1795 4935 sacriﬁciis
1841 4892 1961 4951 post

386 4973 794 5043 Scripturarum
837 4972 1124 5026 lectionem
1161 4980 1214 5025 et
1248 4972 1414 5026 divini
1455 4972 1962 5041 verbiprtedicatio~

386 5083 530 5133 nem,
576 5067 890 5135 priusquam
925 5063 994 5118 ad
1026 5079 1223 5119 arcana
1250 5065 1676 5134 augustioraque
1702 5068 1959 5139 mysteria

378 5157 850 5227 progrederemur,
866 5155 1703 5225 catechumenos,energumenos
1716 5174 1839 5212 cum
1854 5174 1963 5227 pce-

383 5248 678 5303 niteutibus
718 5248 985 5301 facessere
1017 5246 1279 5301 diaconus
1313 5247 1631 5316 imperabat.
1670 5248 1960 5321 Dionysius

384 5338 479 5394 lib.
510 5336 583 5389 De
602 5336 783 5395 eccles.
810 5336 1005 5389 hierar.
1026 5351 1147 5404 cap.
1168 5336 1201 5389 ὃ
1222 5356 1231 5388 :
1259 5336 1368 5389 Kal
1386 5338 1520 5408 μετὰ
1536 5338 1737 5401 ταύτας
1755 5340 1961 5407 (lectio-

384 5443 481 5481 nes
512 5427 714 5495 sacras)
747 5426 850 5491 ἔξω
884 5426 1119 5493 γίνονται
1137 5428 1232 5496 τῆς
1264 5429 1412 5497 ἱερᾶς
1462 5430 1721 5501 περιοχῆς
1745 5432 1792 5483 οἱ
1832 5449 1962 5485 κοιτ-

383 5517 695 5586 ηχούμενοι,
721 5517 812 5568 καὶ
844 5514 977 5587 πρὸς
998 5519 1181 5579 αὐτοῖς
1205 5519 1253 5569 οἱ
1286 5519 1684 5589 ἐνεργούμενοι,
1714 5523 1871 5574 καὶοέ
1904 5524 1961 5575 ἐν

386 5607 647 5678 μετανοίᾳ
704 5606 877 5669 ὄντες.
947 5607 1037 5661 Sic
1102 5609 1156 5661 in
1223 5610 1448 5663 Constit.
1518 5622 1685 5679 apost.
1751 5614 1786 5665 Ι.
1843 5629 1957 5678 vm,

383 5714 501 5771 cap.
538 5698 611 5753 9:
649 5696 753 5754 Καὶ
797 5701 825 5755 ὁ
870 5699 1114 5763 διάκονος
1163 5701 1381 5772 λεγέτω
1434 5704 1780 5773 Ἀπολύεσθε,
1816 5708 1865 5758 οἱ
1905 5708 1961 5762 ἐν

2068 492 2267 545 sionem
2300 493 2604 563 signiﬁcat,
2640 500 2702 547 ut
2734 493 2790 546 in
2815 492 3168 562 Expositione
3200 488 3327 543 ﬁdei
3363 487 3657 543 catholicus

2069 580 2123 633 in
2154 580 2259 635 ﬁne
2286 582 2467 650 operis
2493 582 2655 651 hujus
2679 582 3002 636 videbimus.
3040 578 3433 634 Pmnitentium
3465 578 3655 646 itaque

2069 674 2337 731 discessio
2362 676 2543 741 ﬁebat,
2575 676 2834 730 duntaxat
2870 690 3081 736 eorum,
3124 674 3215 744 qui
3242 673 3294 727 in
3330 672 3507 726 tribus
3537 671 3653 741 pri-

2070 769 2175 823 mis
2206 767 2466 837 gradibus
2491 776 2867 829 censerentur,
2907 766 2985 819 uti
3021 773 3230 820 veteres
3269 780 3515 819 canones
3552 779 3653 817 nos

2068 858 2289 921 docent,
2309 857 2603 926 praesertim
2624 856 2867 925 Gregorii
2887 854 3275 924 Thaumaturgi
3304 853 3653 917 undecimus,

2072 950 2237 1019 idque
2266 950 2515 1018 pluribus
2543 948 2787 1003 Zonaras
2822 958 2875 1003 et
2921 946 3172 1001 Balsamo
3203 947 3527 1014 interpretes
3557 944 3658 997 ob-

2071 1052 2305 1095 servant.
2334 1040 2464 1095 Nam
2494 1042 2584 1111 qui
2616 1044 2666 1095 in
2690 1050 2886 1110 quarto
2916 1043 3107 1110 gradu,
3133 1041 3236 1093 hoc
3250 1050 3333 1094 cst
3355 1041 3423 1109 τῇ
3452 1039 3657 1095 συστᾶ-

2074 1147 2155 1182 σει
2204 1134 2669 1195 numerabantur,
2716 1148 2840 1186 cum
2900 1131 3147 1185 ﬁdelibus
3192 1130 3653 1199 perseverabant:

2072 1225 2105 1293 ἡ
2142 1224 2402 1288 σύστασις
2428 1225 2525 1295 (ait
2569 1222 3030 1295 Thaumaturgusl
3062 1225 3148 1276 ἵνα
3180 1224 3495 1276 συνίσταται
3539 1224 3657 1286 τοῖς

2072 1317 2304 1379 πιστοῖς,
2328 1316 2424 1368 καὶ
2459 1317 2532 1387 μὴ
2568 1315 2854 1387 ὲξέρχηται
2881 1315 3018 1387 μετὰ
3050 1314 3156 1368 τῶν
3186 1314 3649 1385 καπηλουμένων.

2072 1403 2399 1461 Hincmarus
2439 1406 2491 1460 in
2541 1406 2781 1475 Epistola
2824 1407 2891 1458 ad
2937 1405 3285 1459 llincmarum
3335 1405 3658 1459 Lauduncn-

2070 1512 2177 1549 sem
2218 1499 2537 1566 episcOpum,
2578 1513 2741 1567 quam
2775 1495 3037 1552 Justellus
3075 1497 3205 1551 citat
3242 1514 3255 1549 :
3301 1494 3539 1560 Quidam
3566 1496 3659 1564 ju-

2073 1588 2262 1641 bentur
2290 1605 2450 1657 usque
2480 1588 2547 1640 ad
2584 1589 2803 1641 missam
2838 1588 3329 1640 catecltumenorum
3358 1604 3575 1641 manere
3599 1588 3665 1643 in

2071 1680 2314 1746 ecclesia,
2358 1681 2573 1749 quidam
2646 1693 2820 1733 autem
2860 1679 2973 1732 sola
3022 1680 3162 1732 intra
3204 1679 3477 1732 ecclesiam
3515 1680 3657 1748 ﬁde-

1998 1758 2040 1812 Β
2072 1773 2200 1825 lium
2232 1773 2471 1824 oratione
2493 1772 2649 1840 jungi
2676 1786 2842 1823 sacra:
2877 1770 3239 1839 mysteriorum
3269 1768 3590 1827 celebritati,
3622 1788 3659 1827 α

2074 1859 2364 1912 Dominicce
2394 1870 2565 1912 autem
2600 1875 2789 1912 mensa:
2810 1858 3041 1911 convivio
3068 1859 3351 1927 segregari.
3379 1857 3657 1923 Quocirca

2072 1954 2121 2006 οἱ
2149 1954 2207 2004 ὲν
2252 1952 2508 2005 συστάσει
2555 1950 2708 2014 ὄντες
2754 1960 2906 2006 extra
2952 1951 3333 2019 puenitentium
3400 1953 3663 2009 ordinem

2072 2060 2135 2098 ex
2170 2044 2261 2097 illa
2323 2059 2595 2099 canonum
2641 2058 2704 2098 ac
2755 2041 2973 2097 Patrum
3018 2042 3274 2113 loquendi
3312 2042 3529 2100 ratione
3563 2059 3656 2100 se-

2072 2134 2203 2189 creti
2230 2142 2378 2189 sunt.

2074 2262 2316 2329 Quonam
2346 2262 2400 2315 in
2443 2264 2759 2333 paenitentiae
2794 2264 2963 2333 gradu
2998 2264 3404 2319 sacramentalis
3436 2264 3662 2319 absolu-

2582 2334 2655 2386 tio
2683 2350 2926 2387 concessa
2958 2335 3136 2403 fuerit.

2145 2424 2223 2487 Ex
2252 2441 2362 2496 quo
2398 2425 2487 2479 illa
2514 2440 2643 2480 sane
2672 2442 2779 2479 non
2810 2426 2941 2479 levis
2966 2426 3182 2480 exsistit
3207 2426 3438 2495 quzestio
3472 2442 3485 2478 :
3513 2439 3660 2495 quo-

2074 2533 2197 2571 nam
2234 2527 2494 2587 tempore,
2534 2532 2710 2586 quove
2751 2517 2803 2571 in
2847 2517 3013 2587 gradu
3057 2529 3383 2587 postremam
3425 2518 3575 2572 illam
3618 2534 3657 2573 a

2073 2608 2309 2678 peccatis
2337 2606 2737 2662 absolutionem
2772 2609 3095 2676 pceuitentes
3123 2607 3451 2663 obtinerent.
3488 2607 3658 2674 Quod

2072 2698 2216 2751 enim
2270 2697 2500 2752 subinde
2556 2708 2679 2766 post
2712 2678 2911 2751 editam
2943 2707 3287 2767 peccatorum
3338 2699 3651 2753 confessio-

2074 2805 2196 2844 nem
2255 2788 2463 2843 absolvi
2523 2804 2629 2842 non
2680 2789 2936 2854 solerent,
2970 2790 3133 2859 idque
3179 2790 3393 2843 nonnisi
3430 2792 3661 2859 expleto

2072 2879 2399 2949 ptenitentize
2427 2888 2667 2949 tempore
2696 2890 3179 2949 consequerentur,
3212 2882 3456 2949 plttt‘ibtts
3486 2891 3657 2936 antea

2071 2968 2503 3022 demonstratum
2549 2976 2651 3022 est.
2698 2967 2853 3022 Nunc
2898 2970 3027 3037 illud
3094 2972 3285 3023 merito
3337 2970 3649 3032 dubitatur,

2075 3065 2384 3109 utrumnam
2425 3064 2620 3125 quarto
2655 3056 2877 3127 insuper
2923 3058 3115 3128 gradu,
3170 3057 3273 3113 hoc
3318 3068 3401 3113 est
3447 3058 3651 3114 συστὰ-

2072 3166 2175 3215 σει,
2215 3148 2368 3219 prius
2411 3148 2813 3219 defungendum
2868 3150 2972 3205 illis
3017 3150 3213 3215 fuerit,
3250 3168 3414 3222 quam
3456 3169 3649 3209 sacra-

2072 3237 2389 3301 mentalem,
2446 3246 2505 3290 ut
2561 3246 2776 3303 vocant,
2820 3238 3213 3293 absolutionem
3264 3240 3651 3309 impetrarent,

2070 3340 2137 3379 an
2166 3334 2287 3394 post
2317 3325 2632 3378 ὑπόπτωσιν
2662 3325 3075 3381 absolverentur
3102 3342 3133 3381 a
3158 3329 3393 3396 peccatis
3425 3329 3502 3383 illi
3529 3332 3650 3399 qui-

2067 3411 2211 3476 dem,
2246 3412 2337 3466 sed
2380 3413 2618 3465 nondum
2653 3421 2832 3466 tamen
2881 3412 2949 3469 ad
3000 3412 3269 3471 Dominici
3302 3418 3647 3471 communio.-

2071 3514 2196 3553 nem
2231 3500 2476 3567 corporis
2509 3501 2945 3556 admitterentur.
2976 3502 3057 3557 Ac
3076 3503 3246 3559 videri
3279 3521 3414 3560 sane
3442 3516 3647 3575 potest.

2070 3600 2190 3660 post
2232 3592 2567 3655 ὑπόπτωσιν,
2614 3603 2961 3663 peccatorum
3000 3595 3109 3651 illis
3144 3597 3379 3660 veniam,
3424 3598 3530 3653 hoc
3562 3608 3648 3653 est

2070 3682 2515 3737 sacramentalem
2588 3684 2735 3739 illam
2796 3687 3188 3741 relaxationem
3242 3701 3362 3742 esse
3414 3704 3646 3744 concess

2068 3790 2204 3829 sam.
2258 3773 2391 3830 Nam
2440 3791 2566 3832 cum
2619 3778 2778 3832 tertio
2828 3794 2895 3834 ex
2943 3779 3038 3834 illo
3088 3781 3256 3850 gradu
3309 3781 3376 3835 ad
3439 3782 3644 3837 σύστοι-

2069 3882 2153 3917 σιν
2191 3877 2545 3934 emerserant,
2578 3869 2906 3938 ptenitentes
2941 3886 3064 3926 esse
3112 3872 3517 3943 quodammodo
3555 3876 3646 3930 de-

2069 3957 2340 4019 sinebant,
2374 3968 2433 4013 ut
2466 3961 2629 4029 paulo
2659 3974 2785 4016 ante
2821 3962 3259 4019 declaravimus:
3297 3967 3443 4035 quod
3474 3982 3642 4037 argu-

2069 4059 2254 4103 mento
2280 4066 2401 4106 esse
2454 4063 2652 4122 potest,
2697 4055 2935 4110 relaxata
2962 4056 3073 4124 jam
3108 4056 3213 4112 illis
3242 4072 3305 4113 ac
3333 4058 3642 4113 condonata

2067 4156 2188 4196 esse
2221 4142 2476 4208 crimina,
2506 4155 2726 4215 propter
2750 4162 2871 4216 quae
2913 4148 2966 4201 in
3000 4147 3145 4201 illam
3181 4148 3443 4203 obeunda:
3467 4148 3645 4219 peni-

2069 4231 2251 4286 tentize
2282 4234 2661 4289 necessitatem
2707 4236 3069 4291 incurrerant.
3100 4240 3251 4292 Adde
3286 4240 3472 4293 omnia
3508 4239 3639 4303 illis,

2073 4334 2181 4373 uno
2207 4331 2431 4390 excepto
2464 4319 2679 4377 Domini
2710 4338 2960 4395 corpore,
2996 4342 3118 4380 cum
3144 4327 3357 4382 caneris
3389 4326 3641 4381 ﬁdelibus

2703 4417 2884 4471 locum
2940 4418 2995 4471 in
3056 4419 3245 4481 primis
3298 4434 3363 4473 ac
3424 4431 3641 4487 tempus

2068 4503 2369 4570 orationis;
2417 4521 2593 4575 neque
2620 4508 2763 4562 enim
2792 4524 2913 4564 cum
2962 4510 3351 4579 paenitentibus
3394 4510 3641 4577 exibant,

2065 4610 2167 4649 nec
2204 4595 2353 4659 alibi,
2401 4612 2564 4667 quam
2618 4600 2709 4654 ubi
2764 4600 2950 4655 ﬁdeles
2996 4602 3209 4667 caeteri,
3259 4602 3638 4658 versabantur.

2068 4682 2205 4738 Tum
2266 4686 2533 4741 sacriﬁcia
2587 4690 2703 4757 ipsa
2755 4699 2809 4744 et
2866 4690 3111 4760 Iiturgias
3145 4733 3159 4756 ,
3210 4707 3444 4763 quorum
3502 4691 3642 4745 citra

2066 4777 2533 4842 communionem,
2569 4789 2723 4835 erant
2763 4781 3078 4850 participes.
3126 4780 3328 4836 Deinde
3366 4796 3497 4836 vero
3544 4798 3643 4837 ne-

2066 4869 2199 4922 mini
2236 4870 2461 4925 dubium
2500 4872 2629 4927 illud
2662 4882 2768 4939 est,
2795 4888 2889 4945 per
2922 4873 3317 4942 impositionem
3352 4888 3640 4937 manuum,

2064 4970 2257 5015 caetera
2312 4972 2372 5016 ut
2417 4963 2697 5028 omittam,
2744 4976 3089 5034 peccatorum
3140 4965 3245 5021 illis
3302 4965 3644 5035 temporibus

2064 5055 2321 5109 tributam
2361 5070 2484 5111 esse
2529 5056 2767 5113 veniam.
2818 5055 3021 5113 Doceut
3067 5056 3169 5112 hoc
3214 5057 3500 5111 innumera
3535 5058 3644 5131 Cy-

2067 5147 2243 5217 priani
2276 5148 2605 5213 testimonia,
2654 5163 2885 5216 quorum
2933 5150 3196 5203 hactenus
3228 5149 3484 5218 pleraque
3512 5166 3642 5223 pro-

2065 5242 2344 5303 duximus,
2390 5240 2442 5292 in
2474 5242 2674 5309 quibus
2719 5256 2810 5309 per
2851 5256 3045 5295 manus
3089 5242 3493 5310 impnsitionem
3535 5257 3641 5309 pax

2063 5342 2119 5387 et
2154 5332 2530 5385 reconciliatio
2566 5333 3099 5401 connuuuicatioque
3128 5333 3463 5387 conceditur.
3500 5331 3641 5386 Tum

2066 5426 2118 5478 in
2146 5424 2404 5491 Carthag.
2440 5440 2594 5479 conc.
2628 5440 2699 5490 tv,
2725 5440 2847 5477 can.
2880 5424 2946 5476 76
2971 5425 3036 5479 de
3059 5441 3122 5479 eo
3146 5425 3237 5493 qui
3267 5426 3641 5494 paenitentiam

2067 5519 2119 5572 in
2180 5520 2495 5573 inﬁrmitate
2549 5519 2785 5589 postulat
2831 5538 2845 5573 :
2904 5517 2971 5571 Et
3023 5520 3071 5572 si
3119 5519 3389 5583 continuo,
3443 5517 3639 5586 inquit,

2067 5613 2300 5665 creditur
2330 5611 2639 5671 moriturus,
2679 5611 3043 5663 reconcilietur
3078 5626 3170 5679 per
3200 5625 3386 5662 manus
3423 5609 3639 5677 imposi-

2070 5713 2301 5765 u'anem,
2348 5711 2395 5757 et
2433 5702 2751 5771 infundatur
2787 5703 2866 5756 eri
2925 5702 3036 5771 ejus
3090 5700 3448 5757 Eucharistia.
3514 5700 3637 5759 item
