3832 6220
172 277 320 336 1645

168 491 534 546 Eucltaristite
585 489 901 560 acceperint,
957 505 1060 542 non
1118 507 1170 544 se
1226 490 1441 542 credant
1487 488 1754 543 absolutos

162 581 288 634 sine
314 595 504 634 manus
526 578 881 648 impositione,
925 579 970 632 si
1003 581 1402 646 supervixerint.
1435 578 1492 633 In
1525 579 1751 634 Constit.

159 681 351 742 apost.
381 671 419 726 l.
456 688 525 736 ιι,
556 687 677 742 cap.
705 672 798 735 ll,
838 671 1202 743 ἡχειροοεσῐα
1228 672 1611 742 pcenitentibus
1639 672 1757 724 ἀντὶ

157 765 266 821 τοῦ
307 767 613 840 λούσματος
659 781 781 821 esse
819 763 1038 818 dicitur.
1085 764 1156 818 At
1198 779 1326 818 vero
1358 778 1551 818 manus
1581 763 1756 833 impo-

158 859 300 918 δίιῐο
327 860 550 931 prepria
589 860 689 930 τῆς
731 857 1102 930 ὑπσπτὼσεως
1155 855 1327 911 fuisse
1371 854 1605 909 videtur.
1637 853 1758 920 Quo

156 953 223 1010 Eu
262 955 436 1024 gradu
469 953 796 1025 praenitentes
836 953 938 1008 sub
967 951 1208 1022 episcopi
1231 965 1426 1005 manus
1450 949 1711 1004 subibant
1741 967 1754 1002 :

158 1045 322 1101 unde
353 1045 452 1118 τῆς
479 1043 848 1108 ὑποπτώσεως
878 1042 1204 1099 vocabulum
1245 1041 1558 1097 deductum.
1582 1039 1759 1109 Atque

158 1139 281 1197 hoc
314 1149 444 1204 ante
501 1149 832 1210 postremam
881 1137 1281 1192 absolutionem
1331 1148 1398 1188 ac
1441 1132 1760 1189 reconcilia-

157 1229 382 1284 tionem
414 1227 612 1299 saepius
637 1226 980 1284 factitabant.
1028 1224 1086 1280 In
1124 1225 1349 1280 Laodic.
1399 1224 1631 1289 can.l9,
1669 1223 1756 1278 ubi

153 1321 520 1392 liturgiarum
546 1319 994 1375 celebrandarum
1022 1315 1196 1371 forma
1219 1315 1614 1385 praescribitur,
1633 1315 1760 1386 περὶ

153 1413 265 1466 τοῦ
317 1413 428 1466 δεῖν
473 1412 580 1482 ἰδίᾳ
639 1409 856 1483 πρῶτον
907 1410 1044 1482 μετὰ
1089 1409 1188 1472 τὰς
1236 1407 1454 1479 ὁμιλίας
1495 1405 1604 1460 τῶν
1643 1408 1760 1460 ὲπι-

155 1505 414 1568 σκόπων,
448 1504 670 1558 καὶτῶν
704 1503 1126 1574 κατηχουμένων
1157 1503 1325 1574 εὐχὴν
1365 1499 1757 1564 ἐπιτελεῖσθαι,

155 1598 266 1653 καὶ
303 1596 444 1668 μετὰ
482 1596 544 1649 τὸ
579 1595 817 1660 ἐξελθεῖν
864 1596 991 1658 τοὺς
1037 1594 1502 1666 κατηχουμένους,
1544 1592 1654 1646 τῶν
1704 1594 1760 1646 ὲν

159 1689 441 1768 μετανοίᾳ
472 1687 571 1759 τὴν
594 1687 758 1759 εὐχὴν
787 1686 1054 1756 γίνεσθαι,
1090 1687 1183 1740 καὶ
1211 1685 1416 1739 τούτων
1437 1683 1762 1758 προσελθόν-

1440 278 1528 333 DE
1562 277 1747 334 CIIOR
1757 276 2131 336 EPISCOPIS.

165 414 300 456 can.
355 395 831 459 78:1’wnitentes,
888 397 978 467 qui
1025 399 1077 450 in
1143 397 1457 468 inﬁrmitate
1511 397 1765 450 viaticum
1798 407 1840 460 Α
1871 397 2241 467 ticipatiouem
2319 398 2764 468 impetraverint;

3309 283 3448 339 {056

2840 399 3145 470 Cyprianus
3225 397 3450 468 insuper

1858 489 2017 558 epist.
2040 489 2098 543 II
2125 507 2137 543 :
2157 489 2290 544 Ante
2307 499 2501 553 actam,
2521 491 2726 561 inquit,
2757 492 3134 559 ptenitentiam,
3155 500 3275 544 ante
3294 491 3452 544 exho-

1860 585 2144 656 mologesin
2185 587 2485 657 gravissimi
2522 595 2677 657 atque
2741 587 2964 640 extremi
3005 585 3185 640 delicti
3227 585 3442 654 factam,

1859 686 1980 732 ante
2005 694 2218 731 manum
2247 679 2312 731 ab
2338 679 2580 748 episcopo
2605 687 2652 731 et
2687 677 2826 732 clero
2858 679 2910 731 in
2945 679 3309 748 paenitentiam
3344 679 3450 730 im-

1867 771 2116 840 positam.
2165 770 2242 824 lbi
2291 771 2609 841 pmnitentia
2663 785 2762 840 pro
2805 769 3150 824 absolutione
3195 769 3447 839 usurpari

1863 861 2099 924 videtur,
2143 870 2202 916 ut
2239 870 2294 916 ct
2325 861 2455 915 alibi
2495 863 2720 931 passim,
2773 860 2988 931 quoties
3027 860 3094 915 de
3136 860 3454 915 reconcilia’

1861 953 2008 1007 tione
2041 953 2271 1022 loquens
2311 953 2379 1008 iis
2417 953 2596 1008 verbis
2639 953 2806 1008 utitur
2850 971 2862 1007 :
2906 969 3068 1006 manu
3102 954 3159 1006 in
3191 953 3448 1020 peniten-

1860 1045 1992 1098 tiam
2053 1045 2322 1114 imposita.
2400 1045 2668 1112 Quocirca
2727 1045 2780 1099 in
2844 1046 2950 1100 line
3032 1044 3134 1115 τῆς
3193 1041 3448 1098 ὑποπτιῦ-

1861 1155 1999 1201 σεως
2045 1136 2256 1194 forlean
2289 1153 2482 1193 manus
2517 1137 2570 1191 in
2613 1137 2986 1207 paenitentiam
3035 1138 3289 1208 imposita
3325 1137 3445 1199 fuit,

1861 1229 1966 1285 hoc
2001 1239 2089 1285 est
2154 1229 2429 1285 absolutio
2470 1229 2956 1298 reconciliatioque
2999 1229 3125 1284 data
3171 1227 3446 1298 paeniten-

1862 1319 2025 1386 tibus,
2057 1319 2138 1375 sie
2172 1329 2233 1374 ut
2265 1319 2530 1390 tantisper
2560 1334 2591 1373 a
2625 1319 2902 1390 mysteriis
2930 1319 3286 1374 abstinerent.

1931 1411 2136 1468 Verum
2177 1428 2245 1468 ne
2287 1413 2415 1467 huic
2467 1412 2797 1483 conjecturae
2839 1413 3070 1467 nimium
3134 1411 3445 1476 confidam,

1862 1520 2030 1558 unum
2061 1504 2190 1558 illud
2223 1503 2383 1568 facit,
2427 1503 2572 1575 quod
2606 1504 2962 1559 vetustissimi
3004 1502 3216 1565 Patres,
3250 1503 3306 1557 in
3337 1503 3447 1572 pri-

1864 1596 2076 1666 misque
2099 1595 2406 1667 Cyprianus
2467 1605 2592 1666 post
2630 1595 3079 1666 exhomologesin
3119 1602 3450 1650 extremam-

1863 1703 1969 1756 que
1998 1703 2262 1742 manuum
2297 1689 2704 1758 impositionem
2739 1687 2925 1742 statim
2956 1687 3022 1741 ad
3057 1685 3443 1758 mysteriorum

152 1797 278 1833 των
320 1765 426 1834 ὐπδ
455 1783 634 1850 χεῖρα,
669 1779 762 1832 καὶ
796 1778 1296 1850 ὑποχωρησάντων,
1336 1776 1510 1842 οὕτως
1543 1776 1647 1840 τὰς
1669 1776 1755 1829 εὐ-

1866 1780 2307 1834 communionem
2325 1778 2415 1848 jus
2441 1779 2700 1834 habuisse
2726 1778 3058 1848 poeuitentes
3085 1791 3196 1832 non
3214 1777 3448 1832 obscure

155 1871 271 1941 χὰς
325 1871 432 1925 τῶν
482 1869 690 1924 πιστῶν
728 1869 980 1938 γίνεσθαι
1019 1872 1187 1941 τρεῖς.
1235 1867 1544 1938 Agatltcnse
1595 1882 1748 1922 conc.

155 1978 296 2018 can.
334 1963 399 2018 15
430 1981 444 2017 :
477 1963 793 2017 Pwnitentes
841 1971 1091 2030 tempore,
1141 1977 1242 2030 quo
1283 1961 1646 2029 paenitentiam
1677 1975 1758 2027 pe-

158 2065 311 2120 tunt,
354 2056 740 2126 impositionem
771 2070 1023 2114 manuum
1065 2063 1114 2108 et
1155 2051 1390 2106 cilicium
1417 2067 1573 2120 super
1597 2061 1754 2120 caput

155 2166 196 2202 α
245 2150 545 2212 sacerdote,
597 2149 735 2202 sicut
783 2147 975 2217 ubique
1018 2146 1364 2200 constitutum
1407 2152 1521 2205 est,
1573 2159 1754 2198 conse-

156 2249 424 2316 quantur.
456 2239 586 2293 Item
621 2238 874 2308 Carthag.
923 2253 996 2301 tv,
1040 2252 1163 2292 can.
1185 2233 1254 2288 80
1289 2225 1314 2288 τ’
1338 2232 1498 2293 Omni
1527 2243 1760 2303 tempore

144 2331 360 2400 jejunii
393 2347 577 2386 manus
606 2330 972 2401 pwnitentibus
999 2346 1028 2382 a
1047 2327 1404 2382 sacerdotibus
1427 2327 1754 2395 imponatur.

198 2423 427 2493 .Itaque
455 2439 578 2478 cum
611 2423 684 2477 ab
736 2419 1052 2476 ὑποπτὼσει
1097 2426 1166 2474 ad
1204 2429 1458 2488 quartum
1504 2418 1752 2474 ordinem

155 2529 231 2571 ac
258 2523 596 2583 postremum
630 2513 948 2585 migrarent,
997 2510 1278 2582 probabile
1319 2522 1403 2567 est
1444 2525 1541 2580 per
1583 2510 1758 2581 impo-

155 2605 431 2664 sitionem.
477 2619 737 2660 manuum
788 2604 1238 2660 sacramentalem
1292 2603 1404 2658 illis
1453 2603 1757 2658 absolutio-

156 2713 293 2753 nem
333 2697 662 2767 impertitam
703 2695 894 2752 fuisse.
941 2694 1126 2766 Neque
1165 2695 1336 2764 enim,
1374 2696 1518 2766 quod
1560 2696 1754 2761 sciam,

155 2790 384 2860 antiqui
425 2803 667 2845 canones
718 2799 840 2859 post
871 2788 1131 2843 σύστασιν
1164 2789 1557 2858 paenitentibus
1583 2790 1758 2860 impo-

154 2881 331 2937 sitam
363 2895 486 2937 esse
521 2880 851 2951 significant,
893 2881 988 2937 sed
1022 2896 1142 2936 eam
1189 2875 1600 2951 impositionem
1628 2896 1752 2936 cum

169 2972 496 3027 ὑποπτώσει
523 2973 883 3044 conjungunt.
906 2972 1040 3040 Quae
1069 2973 1380 3044 conjectura
1411 2974 1456 3028 si
1486 2974 1572 3028 cui
1599 2971 1759 3030 forsi-

165 3076 264 3118 tan
323 3063 607 3134 placuerit,
646 3063 714 3118 ad
746 3065 1008 3119 nonnulla
1062 3063 1283 3119 Patrum
1326 3065 1442 3119 loca
1479 3063 1756 3120 transferri

156 3153 684 3224 accommodarique
713 3154 933 3223 poterit,
973 3154 1027 3208 in
1057 3155 1256 3224 quibus
1288 3155 1606 3225 paenitentia
1639 3155 1758 3211 sine

157 3245 556 3311 communione
577 3245 742 3300 certis
768 3246 1144 3316 peccatoribus
1160 3262 1422 3302 concessa
1453 3247 1666 3317 legitur.
1689 3247 1760 3302 Ut

155 3350 293 3390 cum
317 3335 666 3391 Innocentius
699 3334 838 3406 papa’
855 3336 1062 3399 scribit,
1097 3337 1225 3392 olim
1261 3337 1348 3400 iis,
1375 3338 1468 3406 qui
1516 3339 1762 3393 reconci-

156 3424 446 3482 liationem
497 3429 601 3483 sub
645 3435 952 3482 extremum
985 3437 1198 3498 tempus
1229 3429 1354 3483 vita:
1380 3429 1752 3498 postulabant,

158 3525 364 3587 negata
396 3518 808 3585 communione,
833 3516 1302 3576 concessam‘esse
1328 3518 1702 3586 pmnitentiam
1732 3537 1744 3572 :

158 3624 299 3663 nam
347 3611 678 3680 ptenitentia:
737 3611 959 3668 nomine
1006 3611 1418 3666 sacramentalis
1479 3612 1752 3666 absolutio

159 3711 349 3772 potest
375 3702 617 3773 intelligi,
652 3717 814 3772 quam
859 3705 994 3758 citra
1045 3701 1312 3760 Dominici
1345 3705 1596 3775 corporis
1626 3719 1752 3774 par-

1857 1870 2250 1926 demonstrant.
2285 1870 2378 1925 Sic
2400 1871 2452 1924 in
2485 1871 2642 1940 epist.
2684 1869 2750 1924 10
2775 1869 2845 1923 ad
2869 1868 3118 1925 Clerum:
3153 1866 3298 1922 Nam
3327 1883 3445 1921 cum

1858 1964 1914 2016 in
1953 1961 2251 2016 minoribus
2294 1963 2524 2030 peccatis
2568 1960 2847 2032 (Cypriani
2889 1958 3061 2014 verba
3093 1959 3242 2019 sunt)
3284 1968 3446 2030 agant

1857 2059 2153 2120 peccatores
2181 2049 2543 2119 paenitentiam
2581 2049 2728 2116 iusto
2773 2060 3021 2118 tempore,
3065 2058 3113 2103 et
3161 2048 3446 2104 secundum

1857 2143 2153 2212 disciplina:
2183 2141 2418 2196 ordinem
2445 2143 2514 2195 ad
2555 2141 2980 2212 exltomologesin
3020 2139 3248 2204 veniant,
3278 2148 3328 2194 et
3355 2155 3447 2208 per

1860 2251 2046 2288 manus
2085 2235 2474 2303 impositionem
2515 2235 2746 2303 episcopi
2782 2243 2829 2287 et
2862 2232 2988 2286 cleri
3020 2232 3113 2302 jus
3153 2231 3446 2286 communio

1858 2327 2084 2380 cationis
2115 2325 2401 2395 accipiant,
2443 2342 2582 2380 nunc
2615 2326 2779 2379 crudo
2805 2335 3054 2393 tempore,
3083 2325 3445 2393 persecutione

1859 2418 2031 2472 adhuc
2102 2427 2499 2488 perseverante,
2570 2417 2807 2472 nondum
2872 2417 3118 2472 restituta
3191 2415 3446 2470 Ecclesia:

1859 2513 2025 2582 ipsius
2057 2529 2208 2582 pace,
2263 2513 2332 2566 ad
2378 2513 2911 2567 communicationem
2967 2512 3350 2577 admittuntur,
3397 2520 3446 2564 et

1858 2606 2078 2676 offertur
2098 2622 2286 2661 nomen
2308 2622 2510 2673 eorum,
2531 2616 2580 2660 et
2611 2604 2842 2660 nondum
2869 2605 3258 2676 exhomologesi
3276 2605 3442 2674 facta.

1858 2696 2092 2752 nondum
2141 2714 2301 2752 manu
2347 2697 2423 2751 eis
2493 2696 2559 2750 ab
2600 2697 2840 2767 episcopo
2891 2705 2942 2751 et
2991 2696 3130 2750 clero
3170 2695 3442 2763 imposita,

1859 2787 2210 2844 Eucltaristia
2239 2788 2349 2843 illis
2375 2793 2560 2848 datur.
2598 2787 2744 2844 Idem
2775 2789 2970 2858 repetit
2995 2788 3156 2860 epist.
3187 2788 3248 2842 11
3286 2801 3350 2842 ac
3375 2787 3446 2840 12

1857 2887 1912 2933 et
1939 2879 2212 2940 sexcentis
2246 2877 2369 2940 aliis
2397 2877 2552 2934 locis.
2585 2876 2665 2932 Ex
2693 2878 2897 2949 quibus
2925 2877 3185 2942 elIicitur,
3225 2875 3444 2931 nonnisi

1861 2980 2083 3041 peracta
2117 2971 2454 3041 paenitentia,
2487 2980 2542 3026 et
2574 2971 2679 3026 sub
2703 2971 2868 3026 linem
2899 2970 3210 3032 συστάσεως
3242 2977 3448 3040 postre-

1863 3078 2007 3118 mam
2036 3062 2184 3118 illam
2217 3077 2480 3126 manuum
2509 3061 2936 3132 impositionem,
2965 3075 3074 3130 qua
3129 3072 3446 3115 sacramen-

1866 3155 1988 3210 talis
2052 3155 2326 3210 absolutio
2405 3153 2827 3220 continebatur,
2900 3152 3232 3222 pceuitentcs
3303 3149 3446 3204 obti-

1873 3247 2095 3313 nuisse.
2128 3245 2274 3300 Nihil
2331 3246 2476 3300 inter
2525 3261 2713 3316 pacem
2745 3253 2800 3299 et
2835 3242 3341 3298 reconciliationem
3381 3254 3449 3295 ac

1864 3340 2248 3412 mysteriorum
2303 3339 2806 3409 participandorum
2852 3335 2945 3406 jus
2991 3333 3445 3404 interponendum

1865 3431 2077 3485 videtur
2122 3449 2134 3483 :
2182 3439 2236 3485 et
2277 3443 2570 3500 utrumque
2616 3427 3022 3485 communionis
3080 3425 3446 3496 appellatione

1857 3520 2358 3590 comprehenditur.
2409 3519 2507 3574 llic
2557 3520 2723 3588 igitur
2773 3519 2992 3589 ἐπέχω,
3042 3517 3220 3588 deque
3270 3532 3332 3572 ea
3385 3531 3447 3572 re

1860 3614 2148 3668 doctorum
2199 3620 2262 3673 et,
2282 3612 2626 3683 antiquitatis
2655 3610 3043 3667 ecclesiastica:
3066 3608 3443 3666 consultorum

1866 3704 2153 3770 hominum
2179 3705 2450 3776 judicium
2481 3713 2757 3776 exspecto.

163 3879 3406 3916 Ἤ

1228 4033 1376 4126 DE
1453 4031 2444 4127 CHOREPISCOPIS.

1187 4222 1270 4280 Ad
1301 4224 1433 4282 liter.
1469 4240 1619 4292 uix,
1651 4233 1784 4281 tom.
1809 4224 1874 4290 ll,
1907 4227 2014 4284 col.
2049 4227 2178 4296 201,
2211 4234 2327 4285 not.
2357 4229 2446 4284 62.

237 4408 419 4461 Ὅσαι
450 4404 560 4476 γὰρ
594 4403 946 4473 Ἐκκλησίαι
971 4403 1083 4472 τῆς
1113 4403 1458 4473 καθολικῆς.
1494 4404 1746 4476 Singula-

1850 4407 1955 4463 sint
1987 4409 2288 4462 constituta:
2306 4425 2324 4461 :
2356 4407 2917 4478 quarumpresbyteri,
2942 4409 3068 4479 quia
3087 4410 3173 4464 die
3195 4411 3299 4464 isto
3324 4427 3443 4481 pro-

160 4516 285 4555 rem
314 4509 442 4554 tunc
468 4499 730 4568 temporis
763 4497 1108 4553 Alexandriae
1144 4511 1352 4552 morem
1390 4497 1536 4552 hunc
1567 4498 1758 4565 fuisse,
1794 4487 1838 4542 Ι)
1864 4509 1980 4570 pter
2009 4499 2205 4569 plebem
2232 4499 2335 4554 sibi
2365 4501 2704 4553 commissam
2733 4499 3006 4554 nobiscum
3043 4502 3316 4558 conuenire
3346 4520 3450 4559 non

163 4592 252 4646 vel
277 4590 471 4645 saltem
497 4591 685 4660 paucis
707 4591 761 4646 in
784 4590 1045 4646 Ecclesiis
1068 4599 1412 4658 usurpatum,
1436 4605 1503 4644 ex
1533 4605 1598 4644 eo
1623 4606 1758 4645 con-

157 4685 350 4756 jicias,
379 4683 524 4753 quod
545 4692 666 4736 .tam
697 4698 952 4754 expresse
980 4682 1291 4738 istiusmodi
1317 4683 1758 4748 consuetudinis,

168 4772 831 4844 tanquamAlexandrinae
854 4774 1110 4829 Ecclesia:
1139 4773 1448 4844 peculiaris,
1477 4772 1759 4829 meminit:

169 4866 252 4919 uti
284 4865 542 4919 nimirum
575 4862 758 4934 plures
782 4865 834 4917 in
861 4864 1050 4920 eadem
1085 4864 1218 4918 urbe
1244 4863 1381 4918 tituli
1412 4862 1614 4927 forent,
1640 4865 1764 4935 qui-

167 4956 276 5019 bus
321 4956 552 5026 singulis
605 4971 740 5010 suus
787 4954 1083 5010 attributus
1132 4964 1277 5010 esset
1318 4955 1621 5027 presbyter,
1671 4956 1766 5025 qui

173 5046 576 5106 ecclesiasticas
602 5046 909 5103 functiones
932 5047 1043 5103 illic
1064 5047 1258 5102 obiret.
1289 5047 1392 5102 Sed
1417 5047 1552 5103 alibi
1584 5057 1766 5104 tamen
1797 5086 1819 5108 .

165 5135 497 5204 jampridem
527 5137 838 5192 institutum
863 5137 1003 5192 idem
1037 5136 1234 5201 fuerat,
1264 5137 1412 5191 velut
1440 5135 1647 5204 Romae,
1672 5138 1768 5194 ubi

175 5233 271 5294 per
306 5225 494 5282 titulos
528 5227 806 5283 distributi
839 5229 1141 5300 presbyteri
1177 5245 1308 5284 suos
1355 5229 1560 5298 quique
1593 5244 1771 5299 popu-

173 5318 259 5372 los
292 5319 573 5388 regebant.
621 5320 702 5374 Ad
729 5336 824 5376 eos
846 5321 1085 5391 episcopi
1118 5320 1417 5376 Dominicis
1446 5320 1639 5376 diebus
1668 5321 1774 5376 ler-

178 5416 448 5474 mentum,
502 5409 618 5463 sive
661 5411 1002 5466 benedictum
1048 5427 1242 5482 panem
1277 5415 1329 5467 in
1367 5413 1774 5468 communionis

181 5500 492 5571 symbolum
550 5501 764 5557 mittere
823 5513 1240 5559 consueverant.
1299 5504 1650 5561 Innocentius
1704 5504 1774 5557 ad

182 5592 490 5646 Decentium
522 5608 641 5666 cap.
668 5593 701 5648 5
739 5613 750 5648 :
790 5595 862 5648 De
906 5596 1158 5664 fermento
1189 5613 1327 5661 vero,
1364 5597 1502 5666 quod
1543 5597 1628 5649 die
1666 5595 1776 5650 Da.

183 5680 381 5734 minico
415 5697 506 5749 per
529 5661 711 5736 titulos
740 5683 1032 5748 mittimus,
1070 5687 1330 5754 super/lue
1365 5703 1458 5740 nos
1499 5686 1770 5740 consulere

184 5772 421 5842 coluisti,
468 5791 587 5828 cum
621 5792 796 5830 omnes
822 5777 1053 5833 ecclesia:
1092 5789 1286 5835 nostr-tr
1324 5780 1463 5834 intra
1500 5781 1768 5834 civitatem

1861 4601 2099 4661 possunt,
2132 4591 2247 4644 ideo
2283 4591 2597 4660 fermentum
2621 4608 2654 4644 a
2691 4593 2839 4647 nobis
2883 4591 3178 4663 confectum
3205 4610 3299 4663 per
3323 4612 3449 4650 aco-

1863 4685 2034 4756 lythos
2057 4687 2348 4754 accipiunt,
2368 4695 2422 4738 ut
2452 4700 2508 4740 se
2532 4702 2563 4738 a
2594 4695 2776 4739 nostra
2806 4687 3193 4748 communione,
3219 4687 3452 4742 maxime

1865 4779 1961 4834 illa
1988 4779 2073 4832 die
2121 4794 2226 4841 non
2249 4777 2494 4848 judicent
2537 4787 2830 4847 separatos.
2889 4777 3043 4845 Quod
3077 4794 3108 4833 a
3158 4777 3454 4835 Melchiade

1867 4871 2227 4927 constitutum
2266 4869 2438 4926 fuisse
2464 4869 2600 4924 liber
2631 4868 2963 4925 Pontilicalis
2998 4869 3215 4925 Damasi
3267 4871 3451 4928 tradit.

1870 4961 2092 5018 Laodic.
2143 4977 2298 5016 conc.
2355 4976 2479 5017 can.
2529 4961 2624 5025 14,
2671 4960 3012 5030 eulogiarum
3064 4961 3293 5016 istarum
3342 4977 3456 5015 me-

1871 5055 2061 5109 minit:
2131 5053 2268 5124 Περὶ
2312 5053 2406 5105 τοῦ
2457 5052 2530 5123 μὴ
2569 5053 2639 5104 τὰ
2679 5051 2810 5119 ἅγια
2849 5053 2930 5115 εἰς
2985 5049 3143 5119 λόγον
3193 5051 3456 5120 εὐλογιῶν

1872 5144 2010 5197 κατά
2049 5144 2146 5214 τὴν
2187 5143 2380 5214 ἑορτὴν
2424 5141 2519 5194 τοῦ
2560 5142 2751 5212 Πάσχα
2791 5142 2871 5204 εἰς
2924 5139 3115 5211 ἑτέρας
3163 5143 3457 5212 παροικίας

1875 5227 2304 5297 διαπέμπεσθαι.
2340 5227 2444 5281 Sed
2473 5227 2539 5280 de
2567 5227 2671 5282 hoc
2702 5227 2810 5281 ritu
2843 5225 3092 5297 pluribus
3119 5226 3174 5281 in
3203 5225 3458 5282 Ecclesiae

1877 5337 2002 5374 ann.
2035 5319 2303 5374 Baronius
2335 5335 2384 5374 a.
2425 5319 2549 5373 5l3.
2604 5317 2721 5374 Non
2759 5319 2949 5374 dubito
2983 5318 3285 5389 majoribus
3311 5320 3458 5376 dun-

1876 5422 2024 5468 taxat
2049 5413 2102 5466 in
2125 5412 2352 5466 urbibus
2378 5412 2562 5482 plures
2587 5412 2726 5467 intra
2752 5411 3015 5481 pommria
3049 5412 3236 5468 titulos
3263 5411 3453 5480 fuisse,

1877 5519 2000 5560 cum
2031 5503 2171 5557 intra
2199 5502 2385 5558 eadem
2419 5512 2569 5572 septa
2603 5501 2873 5558 contineri
2926 5517 3141 5572 unaque
3166 5503 3454 5559 convenire

1879 5611 1986 5648 non
2014 5603 2268 5665 possent:
2313 5595 2556 5661 adeoque
2585 5594 2928 5664 presbyteros
2956 5594 3185 5664 singulis
3213 5595 3458 5650 ecclesiis

1880 5685 2188 5754 impositos.
2224 5687 2282 5738 In
2317 5685 2622 5741 minoribus
2672 5695 2852 5741 autem
2892 5701 2954 5741 ae
2985 5686 3166 5740 minus
3203 5684 3459 5753 frequen-

1883 5779 2026 5835 tibus
2063 5778 2272 5850 oppidis
2320 5793 2484 5833 uuam
2533 5777 2799 5834 duntaxat
2839 5778 3126 5842 ecclesiam
3161 5777 3462 5845 exstitisse,
