3832 6220
394 235 418 292 l
430 236 530 290 047

1418 234 1771 290 APPENDIX
1812 231 2435 292 DlSSERTATlONUM.

3521 225 3653 280 ιυκ

395 351 450 402 in
479 367 640 419 quant
671 350 907 403 universi
941 349 1294 404 conﬂuerent.
1339 350 1658 420 Cujusmodi
1684 351 1843 423 Cypri
1879 366 1972 404 ur-

2086 351 2339 422 κειμένας
2359 351 2541 414 αύτοῖς
2564 349 2732 420 ὲκκΑη
2743 347 2890 412 σίας,
2906 348 3000 402 κα)⁸
3017 349 3086 417 τῇ
3116 344 3328 399 τούτων
3362 341 3652 414 ἀρκεῖσθαι

394 438 490 492 bes
546 449 718 491 erant.
769 435 924 492 Unde
969 438 1113 504 quod
1141 437 1480 494 Alexandriae
1519 452 1794 510 receptum
1832 449 1968 505 crat,

396 529 539 583 velut
560 529 911 598 popularibus
931 529 1045 582 suis
1069 529 1409 599 peregrinum
1436 539 1487 584 et
1505 531 1847 594 inusitatum,
1877 530 1974 585 ad-

396 619 604 673 notavit
633 619 990 689 Epiphanius.
1038 618 1175 674 Hinc
1213 620 1365 690 origo
1396 620 1778 689 parmciarum,
1826 619 1971 691 quod

397 713 719 767 vocabulum
743 727 771 764 a
799 712 1093 767 rusticanis
1132 712 1379 767 ecclesiis
1408 712 1474 766 ad
1502 712 1718 767 urbicas
1744 712 1974 768 transla-

397 813 533 857 tum.
573 803 840 875 Παροικία
872 804 1088 873 proprie
1120 801 1302 874 χώραν
1337 818 1550 857 omnem
1585 804 1974 874 regionemque

396 895 683 964 signiﬁcat,
710 911 831 965 quae
862 899 930 948 ab
967 897 1098 950 urbe
1134 897 1348 951 distans
1371 897 1617 951 ecclesiae
1644 908 1806 951 cerne
1842 913 1974 952 con-

398 984 672 1050 tribuitur,
727 984 1184 1054 quemadmodum
1235 986 1361 1039 olim
1396 986 1582 1041 Romae
1635 989 1866 1056 singulis
1894 989 1974 1042 vi-

396 1074 536 1129 cinis
589 1074 774 1142 πόιγοι,
811 1077 926 1129 sive
964 1076 1129 1130 colles
1165 1076 1442 1131 constituti
1477 1077 1697 1132 fuerunt
1723 1093 1750 1130 a
1784 1076 1974 1132 S-rvio

397 1162 576 1219 Tullio
608 1181 749 1235 rege,
778 1175 1037 1234 tanquam
1074 1165 1452 1237 κρησφύγετα,
1488 1167 1601 1222 sive
1633 1177 1882 1237 receptus
1911 1183 1977 1223 ac

398 1255 641 1325 perfugia
670 1297 682 1319 ,
717 1272 824 1326 quo
856 1273 914 1312 se
947 1259 1014 1310 ah
1044 1259 1313 1328 ingruenti
1347 1259 1504 1313 hoste
1531 1267 1856 1314 tutarentur.
1914 1257 1972 1313 In

399 1345 466 1400 iis
501 1347 734 1400 collibus
783 1364 888 1401 arae
921 1348 1230 1404 collocatae:
1264 1349 1413 1403 Θεῶν
1438 1351 1752 1405 ἐπισκόπων
1787 1368 1847 1404 τε
1881 1352 1976 1405 καὶ

399 1439 654 1505 φυλάκων
696 1439 788 1492 τοῦ
821 1441 1020 1509 πάγου,
1064 1441 1157 1505 οὓς
1187 1442 1340 1508 ἔταξε
1377 1443 1588 1508 Θυσίαις
1647 1448 1852 1510 κοιναῖς
1880 1463 1976 1514 γε-

402 1530 633 1600 ραίρειν,
669 1540 777 1585 etc.
816 1534 891 1585 ait
926 1533 1198 1588 llalicaru.
1236 1535 1328 1589 lib.
1367 1551 1436 1589 tv.
1476 1534 1590 1591 lmo
1614 1552 1742 1590 vero
1770 1547 1822 1591 et
1854 1537 1972 1608 pagi

399 1622 599 1691 singuli
631 1631 917 1677 curatores
947 1639 1075 1678 suos
1107 1623 1434 1684 habuerunt,
1462 1642 1602 1696 quos
1647 1628 1978 1692 ἐπισκόπους

397 1723 450 1768 et
481 1713 810 1785 περιπόλους
865 1715 1003 1769 idem
1054 1726 1244 1770 auctor
1277 1718 1529 1788 appellat.
1590 1718 1800 1786 Quibus
1829 1721 1981 1776 Chri-
2010 1698 2053 1752 Β

397 1806 699 1859 stianorum
747 1805 800 1858 in
857 1805 999 1874 agris
1037 1809 1288 1876 parmcia:
1321 1824 1486 1878 quam
1530 1809 1820 1865 simillimae
1859 1810 1977 1865 fue-

397 1905 545 1950 runt.
608 1895 744 1950 Nam
780 1906 834 1950 et
867 1897 978 1952 illic
1013 1898 1326 1964 ἐπίσκοποι,
1367 1902 1480 1956 sive
1529 1902 1709 1972 potius
1739 1903 1979 1975 χωρεπί-

399 2005 590 2042 σκοποι
631 1988 760 2042 olim
796 1989 1150 2059 praefui-runt,
1189 2007 1325 2060 quos
1353 1995 1715 2063 episcoporum
1757 1996 1980 2049 vicarios

399 2080 609 2136 Latinae
653 2083 899 2152 qutcdam
937 2099 1208 2139 canonum
1239 2086 1716 2155 interpretationes
1746 2097 1976 2142 vocant:

400 2175 519 2228 alia:
567 2175 918 2244 regionarios,
955 2191 1052 2230 seu
1092 2180 1320 2242 vicanos,
1360 2179 1516 2247 longe
1549 2195 1712 2249 quam
1763 2181 1866 2234 illae
1896 2196 1982 2236 re-

399 2265 561 2320 ctius.
613 2263 739 2318 Fuit
765 2281 955 2319 eorum
994 2266 1228 2336 dignitas
1285 2276 1339 2321 et
1373 2279 1613 2338 potestas
1649 2272 1981 2343 presbyteris

400 2357 762 2427 simplicibus,
796 2369 852 2411 ut
888 2359 1122 2424 videtur,
1153 2360 1404 2428 amplior,
1451 2371 1501 2415 et
1528 2361 1820 2433 episcopali
1852 2379 1977 2434 sup-

400 2466 496 2518 par
515 2467 535 2516 ;
555 2464 680 2502 nam
713 2458 766 2503 et
793 2449 1077 2504 inferiores
1105 2451 1328 2506 ordines
1353 2453 1420 2505 ah
1447 2452 1511 2506 iis
1541 2454 1832 2510 collocatos
1861 2470 1981 2510 esse

399 2549 634 2593 constat.
676 2538 794 2605 Qua
841 2544 906 2594 de
935 2555 994 2595 re
1026 2541 1293 2596 obscurus
1323 2551 1408 2597 est
1453 2544 1725 2615 Ancyrani
1762 2546 1976 2601 concilii

400 2649 521 2686 can.
555 2633 622 2687 15
643 2652 654 2687 :
675 2633 1136 2703 Χωρεπισκόπους
1171 2635 1246 2706 μὴ
1282 2632 1480 2699 ἐξεῖναι
1512 2635 1917 2708 πρεσϐυτέρους
1945 2637 1978 2709 ἢ

399 2725 680 2788 διακόνους
713 2728 1038 2796 χειροτονεῖν
1063 2743 1076 2756 ·
1116 2725 1251 2778 ἀλλὰ
1277 2726 1410 2796 μηδὲ
1440 2726 1847 2798 πρεσϐυτέρους
1881 2728 1978 2782 πό-

398 2818 555 2884 λεως,
575 2821 742 2890 χωρὶς
763 2819 855 2872 τοῦ
887 2821 1254 2892 ἐπιτραπῆναι
1282 2820 1385 2873 ὑπὸ
1406 2821 1499 2873 τοῦ
1522 2821 1821 2874 ἐπισκόπου
1845 2820 1982 2892 μετὰ

397 2909 741 2980 γραμμάτιον
774 2910 829 2961 ἐν
852 2910 1012 2978 ἑτέρα
1043 2910 1327 2982 παροικίᾳ.
1358 2908 1516 2965 Vetat
1544 2911 1889 2982 presbyteros
1917 2926 1982 2967 ac

399 3005 660 3057 diaconos
692 3017 721 3055 a
748 3002 1154 3072 clior-episcopis
1189 2987 1519 3057 consecrari.

475 3095 578 3149 Sed
611 3095 1000 3150 obscurissima
1033 3106 1158 3149 sunt
1187 3111 1309 3163 qua:
1331 3095 1648 3165 subjunxit:
1679 3094 1813 3151 ἀλλὰ
1845 3094 1980 3168 μηδὲ

404 3185 828 3257 πρεσϐυτέρους,
883 3201 1113 3254 quorum
1157 3187 1356 3256 duplex
1403 3195 1579 3256 potest
1609 3201 1730 3242 esse
1762 3193 1982 3242 sensUs.

403 3278 511 3330 Aut
531 3278 674 3330 enim
693 3277 937 3330 eamdem
960 3276 1183 3332 urbanis
1201 3277 1533 3348 presbyteris
1559 3284 1877 3346 potestatem
1897 3277 1987 3332 ad-

405 3370 552 3424 imit:
601 3368 744 3439 quod
777 3368 1017 3422 otiosum
1067 3379 1120 3421 et
1146 3368 1387 3436 ineptum
1416 3367 1648 3420 videtur.
1677 3364 1812 3432 Quis
1838 3365 1982 3420 enim

405 3463 753 3534 presbyteros
779 3477 810 3516 a
843 3460 1172 3532 presbyteris
1202 3460 1484 3514 ordinatos
1517 3474 1756 3530 unquam
1791 3458 1983 3522 audiit,

409 3569 501 3612 aut
528 3555 645 3624 ejus
672 3556 748 3610 rei
780 3565 1101 3625 potestatem
1135 3554 1239 3608 illis
1277 3555 1344 3607 ab
1370 3553 1626 3623 episcopo
1654 3569 1750 3622 per
1779 3553 1987 3607 litteras

406 3665 527 3702 esse
575 3646 820 3701 iactam?
871 3645 1014 3716 quod
1074 3661 1248 3700 canon
1293 3645 1542 3714 excipere
1602 3643 1834 3698 videtur.
1897 3642 1989 3698 Vel

408 3749 554 3794 certe
609 3738 1031 3808 chorepiscopos
1081 3737 1328 3806 prohibet
1374 3735 1592 3790 urbicos
1644 3735 1989 3806 presbyteros

409 3829 666 3887 ordinare
695 3829 814 3881 sine
852 3826 1093 3896 episcopi
1141 3825 1501 3881 consensione
1543 3839 1607 3880 ac
1646 3826 1863 3892 litteris,
1913 3825 1992 3882 id-

410 3935 516 3991 que
557 3921 607 3974 in
640 3919 816 3973 aliena
848 3918 1119 3988 parteeia;
1173 3926 1336 3988 atque
1385 3916 1461 3970 ita
1506 3915 1792 3972 Balsamo:
1842 3917 1988 3987 quod

409 4026 478 4065 ne
526 4009 705 4080 ipsum
761 4006 980 4078 quidem
1029 4004 1323 4075 probatur;
1381 4019 1507 4058 nam
1556 4003 1603 4059 si
1645 4003 1991 4074 presbyteros

409 4105 504 4151 aut
548 4097 806 4150 diaconos
859 4093 1072 4165 penitus
1110 4093 1364 4148 ordinare
1405 4092 1628 4148 vetitum
1677 4101 1794 4158 est,
1856 4092 1992 4163 quid

409 4186 602 4243 attinet
646 4185 714 4239 de
761 4185 983 4240 urbanis
1032 4185 1362 4256 presbyteris
1421 4185 1749 4244 nominatim
1798 4185 1991 4240 memi-

410 4277 594 4332 nisse?
659 4275 976 4330 Mendosum
1034 4277 1201 4346 igitur
1247 4290 1369 4330 esse
1419 4273 1669 4330 Graecum
1721 4290 1988 4331 cauonem

2073 442 2333 514 φροντίδι,
2351 443 2446 495 καὶ
2460 439 2754 512 κηδεμονίᾳ
2770 456 2785 470 ο
2805 437 3075 509 καθιστᾷν
3088 438 3142 490 δὲ
3167 436 3552 505 ἀναγνώστας,
3571 431 3654 484 καὶ

2072 535 2478 596 ὑποδιακόνους,
2504 533 2598 586 καὶ
2622 529 2975 602 ὲπορκιστὰς,
3004 529 3097 582 καὶ
3125 530 3192 600 τῇ
3225 529 3440 580 τούτων
3473 525 3657 595 ἀρκεῖ-

2073 627 2198 681 σθαι
2223 627 2545 698 προαγωγῇ,
2581 625 2718 696 μήτε
2745 624 2803 676 δὲ
2828 622 3218 696 πρεσϐύτερον,
3249 619 3392 689 μήτε
3418 615 3659 670 διάκονον

2071 721 2397 790 χειροτονεῖν
2423 718 2636 787 τολμᾷν
2659 716 2784 786 δίχα
2818 715 2912 768 τοῦ
2957 715 3016 768 ὲν
3045 715 3111 784 τῇ
3151 712 3306 764 πόλει
3337 708 3658 773 ἐπισκόπου,

2072 804 2107 882 ᾖ
2137 809 2451 862 ὑπόκεινται
2482 807 2644 870 αὐτός
2678 824 2737 860 τε
2791 807 2887 860 καὶ
2915 807 2949 876 ἠ
2981 804 3158 877 χώρα.
3187 803 3249 856 Εἰ
3275 801 3334 854 δὲ
3365 798 3659 868 τολμήσειὲ

2072 920 2156 963 τις
2188 901 2499 972 παραϐῆναι
2533 899 2601 951 τὰ
2627 896 2933 969 ὁρισθέντα,
2964 893 3348 967 καθαιρεῖσθαι
3378 891 3547 944 αὐτὸν
3571 891 3660 942 καὶ

2072 988 2139 1064 ἧς
2185 991 2400 1062 μετέχει
2442 989 2630 1061 τιμῆς.
2695 988 3120 1060 Χωρεπῐσκοπον
3151 985 3210 1039 δὲ
3254 982 3511 1052 γίνεσθαι
3560 981 3660 1033 ὑπὸ

2072 1085 2172 1154 τῆς
2202 1075 2484 1155 πόλεως,ᾖ
2515 1082 2821 1145 ὑπόκειται,
2850 1079 3170 1134 ἐπισκόπου.
3195 1076 3370 1144 Quem
3393 1089 3659 1130 canonetn

2075 1171 2154 1225 sic
2187 1168 2415 1224 Latinus
2440 1169 2706 1238 interpres
2731 1167 2997 1224 reddidit:
3028 1167 3426 1236 Chorepiscopi,
3455 1166 3660 1218 tametsi

2076 1280 2264 1316 manus
2308 1263 2695 1331 impositionem
2732 1260 2796 1314 ab
2828 1261 3066 1330 episcopo
3100 1269 3473 1329 susceperunt,
3524 1269 3573 1310 et
3608 1267 3662 1309 ut

2074 1352 2306 1420 episcopi
2322 1361 2442 1404 sunt
2466 1352 2779 1415 consecrati,
2811 1359 2986 1403 tamen
3002 1349 3205 1418 placuit
3231 1357 3439 1403 sancta
3463 1349 3661 1416 synodo

2075 1458 2160 1495 eos
2199 1440 2409 1494 modum
2443 1440 2714 1509 praprinm
2740 1441 2983 1505 retinere,
3011 1449 3059 1492 et
3091 1439 3386 1509 gubernare
3411 1438 3663 1506 adjacen-

2079 1542 2164 1586 ιω
2183 1532 2284 1586 sibi
2325 1531 2581 1596 civi-tates,
2615 1541 2663 1585 et
2704 1545 2814 1584 esse
2844 1540 3114 1582 contentos
3146 1531 3365 1598 propria
3404 1528 3666 1580 sollicitu-

2080 1623 2202 1678 dine
2228 1634 2276 1677 et
2319 1623 2713 1693 gubernatione,
2743 1637 2904 1691 quam
2935 1630 3296 1690 susceperant.
3327 1619 3667 1674 Constituere

2081 1724 2258 1768 autem
2280 1715 2361 1768 Itis
2395 1714 2723 1784 permittitur
2758 1713 3068 1778 lectores,et
3089 1713 3479 1776 subdiaconos,
3511 1721 3672 1780 atque

2079 1808 2410 1860 cxorcistas:
2436 1805 2624 1876 quibus
2648 1805 2870 1874 sufﬁciat
2905 1805 3130 1857 istorum
3155 1815 3361 1856 tantum
3400 1804 3668 1872 graduum

2079 1898 2349 1951 licentiam
2366 1897 2641 1965 accepisse.
2680 1895 2802 1948 Non
2823 1904 2997 1949 autem
3018 1895 3399 1964 presbyterum,
3429 1911 3534 1947 non
3555 1895 3674 1951 dia-

2081 2005 2268 2043 conum
2310 1988 2539 2042 audeant
2583 1987 2830 2041 ordinare
2873 1998 3065 2056 prwter
3107 1989 3495 2042 conscientiam
3560 1989 3667 2052 rpi-

2080 2081 2224 2149 scopi
2252 2080 2500 2145 civitatis,
2542 2079 2619 2132 vel
2653 2077 2922 2145 Ecct'esiaz,
2952 2081 3038 2132 cui
3081 2081 3332 2148 adjacens
3359 2081 3672 2143 invenitur;

2079 2192 2165 2228 seu
2191 2175 2319 2244 ipse,
2359 2191 2447 2228 seu
2482 2177 2642 2246 regio,
2683 2176 2736 2227 in
2781 2190 2884 2244 qua
2911 2190 3135 2244 pra’esse
3169 2173 3523 2242 dignoscitur,
3561 2183 3666 2226 etc.

2082 2265 2493 2335 Cltorepiscopus
2539 2277 2714 2320 autem
2754 2267 2817 2318 ab
2845 2267 3088 2336 episcopo
3118 2265 3372 2329 civitatis,
3423 2263 3507 2318 vel
3543 2265 3670 2331 .‘oci,

2082 2361 2165 2412 cui
2199 2361 2336 2412 idem
2364 2359 2592 2426 adjacet,
2628 2359 2955 2412 ordinandus
2979 2366 3078 2412 est.

2151 2450 2408 2504 Poterant
2445 2451 2627 2521 itaque
2673 2449 3038 2505 subdiaconos
3100 2463 3166 2504 ac
3227 2449 3477 2503 minores
3505 2447 3666 2502 cleri-

2081 2558 2176 2596 cos
2220 2541 2492 2605 ordiunre,
2534 2551 2588 2596 et
2631 2556 2759 2595 vero
2788 2541 3136 2610 presbyteros
3192 2555 3257 2594 ac
3300 2540 3590 2604 diaconos,
3621 2540 3666 2593 si

2081 2633 2149 2687 ab
2173 2633 2428 2702 episcopo
2457 2631 2606 2686 ﬁeret
2638 2639 2900 2702 potestas.
2929 2630 3110 2697 Quare
3139 2631 3378 2702 amplius
3407 2631 3664 2701 quiddam

2081 2736 2239 2781 erant
2264 2742 2426 2796 quam
2458 2727 2778 2798 presbyteri,
2797 2736 2877 2794 et,
2907 2729 2952 2782 si
2980 2742 3173 2782 verum
3203 2729 3527 2797 querimus,
3561 2727 3668 2796 epi-

2081 2818 2229 2888 scopi
2255 2827 2430 2881 erant,
2466 2833 2590 2871 cum
2618 2818 2684 2871 ab
2709 2819 2836 2882 alio,
2866 2833 3028 2887 quam
3054 2818 3126 2872 ab
3148 2819 3408 2888 episeopo
3425 2818 3662 2873 ordinari

2085 2909 2398 2964 sacerdotes
2440 2923 2506 2963 ac
2542 2909 2754 2963 diaconi
2811 2911 3003 2964 saltem
3051 2917 3346 2980 nequeant.
3397 2908 3492 2963 Sic
3521 2908 3662 2963 enim

2083 2999 2452 3070 argumentari
2485 2999 2648 3054 licet:
2686 2999 2826 3055 Cum
2863 3001 2918 3054 in
2965 3001 3208 3056 secundo
3234 3001 3660 3071 apostolieornm

2085 3106 2354 3146 canonum
2408 3091 2784 3162 praescriptum
2838 3092 2944 3157 sit,
3004 3101 3066 3147 ut
3116 3093 3186 3146 ab
3243 3107 3356 3148 uno
3413 3093 3662 3164 episeopo

2085 3183 2387 3254 presbyter,
2409 3193 2463 3236 et
2491 3183 2774 3248 diaconus,
2801 3199 2866 3245 ac
2893 3183 3088 3254 reliqui
3110 3184 3296 3240 clerici
3323 3185 3658 3247 ordinentur,

2085 3274 2456 3344 ehorepiscopi
2492 3283 2672 3328 autem
2710 3273 3077 3329 subdiaconos
3140 3274 3535 3345 inferioresque
3561 3289 3660 3330 ca:-

2089 3375 2232 3419 teros
2265 3378 2358 3432 per
2385 3377 2523 3427 sese,
2544 3363 2886 3434 presbyteros
2917 3378 2982 3418 ac
3006 3361 3295 3430 diaconos,
3324 3365 3661 3433 permittente

2088 3455 2364 3524 episcopo,
2391 3469 2712 3510 consecrare
2741 3454 3038 3524 potuerint,
3053 3470 3278 3512 necesse
3303 3465 3388 3510 est
3401 3457 3524 3510 illos
3553 3457 3661 3526 epi-

2089 3561 2284 3615 scopos
2326 3544 2518 3600 fuisse.
2583 3546 2760 3616 Atque
2792 3545 2896 3600 huc
2939 3547 3228 3616 perspicue
3263 3561 3442 3601 canon
3475 3548 3661 3601 Antio-

2089 3635 2297 3692 chenus
2327 3636 2614 3706 signiﬁcat,
2661 3651 2786 3691 cum
2815 3636 2924 3690 ait:
2971 3637 3034 3689 Ei
3067 3638 3160 3693 καὶ
3191 3637 3529 3708 χειροθεσίαν
3559 3632 3663 3689 εἷεν

2091 3727 2404 3781 ἐπισκόπων
2438 3727 2738 3798 εἰληφότες.
2811 3727 2964 3794 Quod
3000 3727 3294 3798 Dionysius
3326 3727 3566 3798 Exiguus
3593 3729 3665 3782 ita

2093 3821 2286 3874 vertit:
2337 3817 2590 3885 Quamvis
2641 3835 2827 3873 manus
2878 3821 3266 3889 impositionem
3308 3822 3662 3890 episcoporum

2090 3912 2432 3981 perceperint,
2480 3907 2529 3964 et
2567 3920 2626 3964 ut
2672 3912 2902 3981 episcopi
2952 3913 3246 3966 consecrati
3276 3914 3406 3966 sint.
3468 3913 3573 3967 Sed
3613 3921 3664 3966 et

2090 4003 2528 4060 Neocaesariense
2562 4003 2854 4058 concilium
2888 4019 3009 4058 can.
3061 4003 3152 4067 t3,
3192 4019 3317 4060 cum
3357 4004 3664 4074 prohibuis-

2092 4104 2198 4158 set,
2230 4109 2297 4150 ne
2321 4093 2606 4166 ἐπιχώριοι
2635 4095 2992 4167 πρεσϐύτεροι
3031 4095 3196 4166 (quos
3222 4100 3552 4166 presbyteros
3577 4114 3665 4151 τι·

2095 4187 2172 4240 ris
2209 4185 2595 4256 interpretatur
2649 4185 2976 4258 Dionysius:
3025 4188 3132 4242 alia
3187 4203 3464 4244 canonum
3507 4189 3666 4244 editio

2093 4278 2504 4350 conregionates)
2546 4279 2604 4331 ὲν
2641 4277 2892 4350 κυριακῷ
2927 4279 3028 4350 τῆς
3075 4279 3286 4344 πόλεως
3327 4295 3516 4336 coram
3557 4280 3665 4351 epi-

410 4377 660 4437 oportet:
688 4367 846 4436 cujus
872 4367 1196 4422 sententiam
1227 4367 1296 4420 ita
1319 4364 1510 4420 Latina
1537 4365 1701 4420 editio
1724 4367 1981 4436 concipit:
2018 4379 2065 4435 ι)
2092 4385 2279 4439 scopo,
2307 4370 2392 4425 vel
2423 4370 2576 4425 urbis
2610 4371 2927 4442 presbytero
2958 4370 3288 4425 oblationem
3339 4369 3584 4426 Iacerent
3615 4381 3668 4428 et

425 4461 648 4515 Vicariis
683 4461 1066 4528 episcoporum,
1095 4475 1223 4529 quos
1257 4457 1429 4514 (ἕναξεὶ
1465 4460 1858 4530 chorepiscopos
1900 4478 1989 4516 vo-

410 4563 554 4616 cant,
595 4571 696 4608 non
721 4553 876 4606 licere
917 4551 995 4607 vel
1040 4551 1389 4622 presbyteros,
1439 4551 1516 4606 vel
1558 4553 1809 4608 diaconos
1843 4554 1988 4608 ordi-

410 4663 575 4702 nare:
606 4647 694 4700 sed
725 4662 815 4698 nec
847 4644 1162 4714 presbyteris
1191 4645 1442 4710 civitatis,
1466 4646 1578 4698 sine
1608 4647 1835 4716 episcopi
1859 4664 1992 4717 prte-

411 4748 580 4808 cepto,
599 4739 826 4806 amplius
859 4736 1065 4805 aliquid
1085 4737 1375 4805 imperare;
1410 4753 1503 4790 nec
1532 4739 1646 4791 sine
1673 4741 1989 4795 auctoritate

409 4831 708 4885 litterarum
743 4829 855 4897 ejus
881 4829 936 4882 in
960 4843 1272 4897 unaquaque
1299 4827 1552 4896 paras/tia
1579 4827 1780 4898 aliquid
1813 4845 1984 4900 agere.

397 4903 564 4985 Quod
589 4919 633 4973 si
657 4919 709 4972 iu
734 4917 925 4973 Graeco
945 4931 1150 4973 canone
1171 4916 1331 4970 verba
1353 4915 1444 4971 illa
1465 4917 1793 4985 expunxeris
1815 4937 1826 4971 :
1854 4917 1989 4972 ἀλλὰ

412 5011 546 5081 μηδὲ
583 5008 989 5082 πρεσϐυτέρους
1031 5007 1260 5073 πόλεως,
1290 5023 1485 5062 sensus
1509 5010 1613 5063 erit
1649 5008 1986 5076 aptissimus,

409 5120 517 5172 quo
546 5104 889 5158 interdictum
919 5102 1323 5172 chorepisc0pis
1349 5111 1431 5158 est
1458 5103 1898 5174 presbyterorum
1922 5119 1988 5159 ac

409 5198 768 5250 diaconorum
783 5195 1146 5262 ordinatione,
1161 5194 1269 5248 nisi.
1285 5193 1338 5248 id
1352 5210 1444 5264 per
1459 5193 1742 5264 episeopos
1754 5194 1986 5250 licuerit.

412 5286 567 5352 Quod
597 5302 718 5341 cum
743 5286 1094 5341 Antiochense
1122 5286 1312 5356 synodi
1339 5286 1851 5357 decretogeminum
1885 5296 1986 5348 est.

411 5394 533 5447 qua:
560 5395 682 5433 can.
714 5377 779 5431 10
814 5379 886 5433 ita
911 5380 1090 5432 sanxit
1113 5396 1124 5431 :
1157 5379 1294 5443 Τοὺς
1324 5380 1382 5430 ὲν
1407 5381 1525 5440 ταῖς
1547 5378 1784 5450 κώμαις,
1811 5379 1844 5449 ἢ
1869 5382 1988 5444 ταῖς

414 5467 636 5540 χώραις,
655 5469 686 5537 ἢ
705 5469 829 5533 τοὺς
842 5469 1004 5522 καλου
1013 5470 1205 5540 μένους
1225 5470 1690 5541 χωρεπισκόπους,
1708 5471 1756 5522 εἰ
1777 5471 1872 5524 κα)⁸
1885 5489 1990 5543 χει·

416 5559 661 5629 ροοεσίαν
684 5555 789 5612 εῐεν
814 5559 1125 5614 ἐπισκόπων
1147 5560 1446 5630 εἰληφότες,
1464 5560 1609 5625 ἔδοξε
1630 5565 1696 5634 τῇ
1714 5563 1843 5636 ἁγίᾳ
1861 5580 1986 5618 συν-

412 5650 515 5720 όδῳ
547 5649 740 5703 εἰδέναι
771 5650 840 5704 τὰ
872 5653 1078 5705 ἑαυτῶν
1118 5653 1316 5726 μέτρα,
1349 5655 1441 5708 καὶ
1473 5655 1692 5709 διοικεῖν
1725 5656 1823 5722 τὰς
1850 5659 1982 5720 ὐπο-

2095 4461 2268 4518 saeris
2293 4469 2669 4529 operarentur,
2700 4461 2894 4517 eodem
2933 4476 3165 4525 canone,
3189 4462 3496 4518 secundum
3527 4461 3665 4518 Lati-

2096 4569 2194 4608 nas
2210 4552 2496 4618 editiones,
2521 4552 2609 4607 vel
2632 4551 2902 4622 sequenti.
2929 4563 2986 4608 ut
3004 4550 3182 4607 ϐικθί
3204 4553 3421 4608 codices
3449 4554 3662 4619 habent,

2097 4645 2501 4714 chorepiscopis
2553 4644 2606 4699 id
2661 4643 2947 4714 permittit.
2995 4646 3139 4716 quod
3191 4649 3305 4708 τοῖς
3355 4646 3664 4716 ἐπιχωρίοις

2095 4735 2487 4809 πρεσϐυτέροις
2520 4743 2832 4805 negaverat.
2890 4737 2953 4788 Ui
2988 4735 3396 4806 χωρεπίσκοτοοί
3429 4738 3538 4788 εἱσι
3573 4742 3664 4807 μὲν

2095 4831 2176 4892 εἰς
2202 4829 2378 4883 τύπον.
2395 4828 2504 4882 τῶν
2536 4829 2928 4900 ἑϐδομήκοντα,
2955 4827 3030 4891 ὼς
3063 4828 3119 4880 δὲ
3151 4827 3556 4900 συλλειτουργοὶ
3583 4830 3664 4883 διὰ

2095 4919 2193 4992 τὴν
2227 4918 2461 4990 σπουδὴν
2494 4921 2575 4981 εἰς
2597 4919 2722 4982 τοὺς
2755 4919 3006 4987 πτωχοὺς
3032 4917 3405 4988 προσφέρουσι
3434 4920 3666 4989 τιμώμεο

2095 5030 2196 5065 νοι.
2247 5010 2366 5066 Non
2410 5012 2574 5081 igitur
2611 5011 2912 5082 presbyteri
2946 5011 3224 5080 simplices
3247 5021 3439 5066 erant:
3471 5013 3661 5082 alioqui

2098 5104 2228 5157 nihil
2251 5104 2396 5158 aliud
2441 5113 2643 5166 essent,
2673 5117 2836 5173 quam
2864 5101 3146 5174 ἐπιχώριοι
3181 5103 3572 5175 πρεσϐύτεροι,
3617 5120 3637 5157 ι

2095 5213 2217 5252 cum
2257 5195 2657 5268 συλλειτουργοί
2695 5195 3066 5262 nominantur,
3101 5211 3222 5266 qum
3257 5211 3365 5251 vox
3409 5207 3468 5250 ut
3508 5197 3639 5268 pluti

2097 5303 2248 5342 mum
2274 5287 2656 5358 episcoporum
2679 5287 2915 5356 collegas
2941 5287 3232 5356 signiﬁcat,
3256 5287 3324 5342 ad
3353 5303 3478 5343 eam
3499 5289 3666 5359 digni-

2097 5392 2264 5437 tatem
2282 5380 2608 5450 pertinuisse
2627 5378 2902 5434 videntur.
2931 5376 3075 5432 Sane
3095 5378 3148 5434 in
3176 5378 3664 5449 subscriptionibas

2096 5471 2454 5526 conciliorum
2467 5483 2859 5538 nonnunquam
2873 5469 3140 5539 episcopis
3151 5479 3512 5524 accensentur
3523 5469 3665 5522 chor-

2095 5565 2356 5634 episcopi,
2391 5572 2451 5618 ut
2485 5564 2536 5616 in
2570 5561 2840 5632 Ephesius
2876 5561 3086 5634 synodo
3128 5575 3180 5631 p.
3225 5561 3351 5627 322,
3401 5560 3662 5616 Caesarius

2097 5656 2538 5728 chorepisc0pns,
2569 5665 2622 5709 et
2653 5653 3097 5719 Neocaesariensi,
3148 5651 3463 5725 Stephanus
3507 5653 3658 5708 chor—
