3832 6220
192 242 353 298 1οη
1420 231 1507 285 DE
1543 223 2110 286 CilOREPlSCOPIS.
3344 218 3488 278 £050

189 359 501 425 episcOpns
521 349 896 423 Cappadociae.
923 347 980 402 In
1004 347 1346 402 Antiochcno
1369 362 1496 402 vero
1529 360 1739 401 canone
1761 343 1794 399 8
1822 342 1871 402 Δ
1898 342 2222 397 ostenditur.
2279 340 2524 397 Primum
2555 339 2700 411 quod
2735 338 2804 394 ab
2830 354 2941 394 uno
2967 337 3221 409 episcopo
3248 339 3489 395 ordinari

191 445 624 517 chorepiscopis
669 455 1020 506 concessum,
1076 447 1136 495 ut
1180 437 1436 510 paciﬁeas
1466 437 1673 492 litteras
1703 435 1798 490 tri-
1907 434 2167 499 solerent,
2195 449 2320 490 cum
2351 449 2382 488 a
2408 433 2661 488 Patribus
2691 432 2926 488 edictum
2955 430 3045 497 sit,
3071 439 3124 485 ut
3161 431 3254 501 qui
3282 431 3351 486 ab
3378 447 3490 487 uno

197 539 382 594 buere
411 537 644 608 possint.
1907 529 1992 583 vel
2018 544 2047 583 a
2081 527 2292 584 duobus
2325 535 2455 583 sunt
2486 526 2720 582 ordinati
2751 525 3041 596 episcopis,
3074 540 3176 581 nec
3204 526 3493 582 nominen-

287 631 574 686 Postremo
609 627 716 683 Leo
747 641 885 698 papa
914 625 1073 697 epist.
1094 623 1164 678 ὃτι
1186 622 1254 679 de
1282 622 1472 677 iisdem
1493 621 1583 676 ille
1600 635 1800 692 agens:

203 721 366 777 Nam
414 721 675 793 quartanis,
720 719 920 790 inquit,
963 733 1081 772 cum
1126 718 1379 787 episcopis
1418 717 1650 787 plurima
1695 715 1803 769 illis

200 816 636 870 ministeriorum:
685 812 980 866 communis
1033 812 1103 864 sit
1158 810 1503 880 dispensatio,
1562 806 1806 880 quaedam

205 914 396 958 tamen
443 902 762 957 auctoritate
801 904 986 955 veteris
1031 900 1182 971 legis,
1221 900 1467 970 quantum
1501 899 1727 963 novella,
1757 904 1806 951 et

206 997 596 1054 ecclesiastiris
647 993 843 1064 regulis
893 993 995 1046 sibi
1046 992 1314 1063 prohibita
1357 992 1614 1055 noverint,
1671 991 1809 1046 sicut

206 1088 643 1160 presbyterorum
666 1097 715 1140 et
737 1087 1106 1152 diaconorum,
1131 1095 1222 1138 aut
1251 1084 1512 1154 virginum
1535 1097 1812 1136 consecra-

212 1181 337 1247 tio;
365 1181 498 1235 sicut
515 1179 824 1233 constitutio
848 1176 1062 1243 altaris,
1085 1193 1148 1231 ac
1170 1175 1482 1239 benedictio,
1507 1174 1587 1228 vel
1607 1174 1810 1238 unctio,

209 1282 331 1329 etc.
397 1271 722 1342 Quanquam
769 1270 872 1324 hac
919 1269 1108 1324 eadem
1133 1267 1374 1339 Epistola
1407 1266 1518 1321 Leo
1561 1266 1815 1337 chorepi-

214 1379 426 1435 scopos
457 1364 511 1418 in
548 1364 989 1434 presbyterorum
1039 1360 1284 1415 ordinem
1327 1360 1541 1430 redigit,
1578 1375 1700 1414 cum
1740 1359 1814 1413 ita

216 1456 503 1526 loquitur:
532 1453 940 1522 Chorepiscopos
963 1449 1073 1521 (qui
1095 1448 1258 1518 juxta
1284 1465 1506 1502 canones
1535 1445 1818 1502 Neocaesa-

218 1550 449 1613 riemes,
475 1548 581 1600 sive
605 1544 893 1600 secundum
919 1543 1146 1598 aliorum
1173 1545 1380 1595 decreta
1407 1540 1631 1594 Patrum
1661 1541 1818 1594 iident

217 1653 377 1706 sunt,
416 1641 506 1710 qui
547 1647 600 1694 et
644 1636 956 1710 presbyteri)
989 1635 1065 1689 vel
1101 1633 1430 1704 presbyteros
1469 1634 1816 1687 destinarent.

1911 630 1999 676 tur
2029 621 2291 692 episcopi.
2327 619 2532 676 Deinde
2574 618 2718 690 quod
2764 615 3145 674 ecclesiasticae
3179 617 3492 674 sanctiones

1913 713 2236 784 prohibeant
2265 714 2318 766 in
2352 711 2502 776 villa,
2551 711 2636 766 vel
2687 711 2741 765 in
2789 710 3038 774 castello,
3079 717 3175 765 aut
3209 709 3263 764 in
3295 711 3492 780 exiguo

1915 807 2101 878 aliquo
2135 805 2395 877 oppidulo
2441 805 2758 875 episcopum
2798 817 3134 858 consecrare.
3169 801 3258 867 At,
3293 800 3492 871 inquit,

1915 897 2342 968 ehorepiscopos
2376 906 2457 952 est
2482 896 2712 951 villanus
2753 896 3065 965 episcopus.
3094 891 3264 963 Igitur
3302 903 3492 948 contra

1918 1005 2188 1044 canonum
2244 987 2624 1063 auctoritatem
2672 996 2756 1042 est
2788 985 3301 1055 chorepiscoporum
3336 983 3495 1038 insti-

1920 1079 2077 1133 tutio.
2127 1076 2230 1132 Sed
2270 1077 2414 1147 quod
2451 1077 2518 1130 ad
2551 1076 3065 1146 ehorepiscoporum
3097 1073 3496 1129 ordinationem

1919 1173 2132 1232 attinet,
2169 1170 2441 1225 luerintne
2490 1168 2558 1223 ab
2606 1183 2716 1222 uno
2759 1167 3045 1232 duntaxat,
3075 1166 3236 1236 cujus
3270 1165 3323 1220 in
3355 1165 3498 1221 diut-

1920 1263 2032 1318 cesi
2070 1269 2246 1327 erant,
2280 1259 2539 1329 episc0po
2568 1257 2893 1322 consecrati,
2946 1273 3012 1311 an
3055 1273 3083 1311 a
3119 1255 3386 1326 pluribus,
3417 1255 3500 1310 ni-

1925 1353 1996 1407 hil
2039 1354 2092 1407 in
2133 1351 2280 1408 omni
2318 1350 2657 1420 antiquitatis
2703 1349 2963 1402 memoria
3009 1348 3142 1403 satis
3181 1363 3500 1417 expressum

1923 1446 2082 1500 nobis
2106 1443 2365 1499 occurrit.
2398 1441 2555 1509 Quod
2580 1441 2624 1495 si
2667 1439 2903 1495 Damaso
2951 1439 3026 1493 illi
3060 1440 3356 1503 credimus,
3390 1454 3501 1494 non

1924 1537 2103 1590 solum
2133 1534 2373 1605 episc0pi
2405 1543 2518 1586 tum
2541 1539 2729 1595 erant,
2757 1535 2849 1584 sed
2875 1550 2902 1583 a
2933 1530 3181 1600 pluribus
3211 1529 3370 1584 etiam
3396 1529 3504 1598 epi-

1925 1627 2106 1698 scopis
2153 1625 2570 1682 ordinabantur.
2616 1622 2771 1690 Quod
2805 1638 2869 1676 cx
2912 1620 3236 1676 Antiocheni
3274 1619 3503 1676 canonis

220 1731 351 1787 Nisi
408 1731 548 1785 forte
608 1729 742 1793 lucc,
805 1742 927 1798 qua:
979 1725 1292 1796 parenthesi
1347 1724 1700 1789 clauduntur,
1753 1724 1822 1778 ab
1854 1712 1899 1768 Β
1931 1722 2109 1777 verbis
2139 1718 2395 1782 aﬁirmat,
2428 1716 2688 1787 quoniam
2737 1715 2810 1768 ita
2857 1714 3116 1783 scriptum
3146 1723 3275 1767 est:
3315 1713 3378 1765 Et
3408 1711 3505 1766 καὶ

223 1825 416 1880 otioso
449 1823 631 1892 aliquo
669 1822 734 1874 ad
775 1818 1073 1889 marginem
1104 1817 1339 1888 ascripta
1373 1829 1562 1886 postea
1593 1817 1645 1870 in
1689 1831 1823 1871 con-

224 1925 448 1971 textum
495 1913 846 1984 irrepserint:
897 1911 1042 1983 quod
1085 1926 1276 1965 verum
1329 1919 1480 1980 puto.
1537 1909 1670 1964 Nam
1721 1912 1824 1966 etsi

223 2023 450 2064 canone
487 2004 944 2062 Neocaesariensis
979 2003 1171 2076 synodi
1201 2003 1268 2058 15
1302 2002 1726 2073 ehorepiscopos
1757 2001 1826 2057 ad

223 2101 550 2171 exemplum
588 2097 940 2169 Septuaginta
990 2096 1323 2151 constitutus
1378 2109 1498 2149 esse
1544 2094 1824 2148 decretum

226 2193 333 2257 sit,
366 2201 544 2246 tamen
582 2189 800 2244 dilierre
851 2188 1144 2256 plurimum
1193 2202 1226 2241 a
1257 2185 1614 2257 presbyteris,
1653 2186 1828 2254 iisque

225 2285 564 2339 antecellere
612 2282 800 2337 docuit
853 2295 1028 2336 canon
1079 2279 1245 2344 idem,
1277 2293 1438 2348 quem
1476 2293 1640 2346 supra
1686 2289 1862 2332 com-‘

228 2375 686 2429 memoravimus.
739 2372 930 2427 Exstat
976 2373 1118 2426 inter
1155 2370 1474 2440 pontiﬁcum
1523 2369 1830 2424 Deerctalcs

229 2467 473 2536 cpistola
509 2465 726 2522 Damasi
760 2463 822 2531 ll,
857 2465 925 2519 de
958 2463 1389 2532 chorepiscopis,
1435 2462 1491 2517 in
1525 2478 1631 2532 qua
1667 2463 1830 2516 vehe-

234 2568 461 2612 menter
505 2556 752 2611 ordinem
788 2555 941 2609 illum
968 2554 1227 2624 exagitat,
1261 2563 1530 2623 negatque
1564 2553 1828 2618 funditus,

239 2668 273 2704 a
317 2648 644 2720 presbyteris
690 2647 796 2702 ulla
836 2661 904 2702 ex
943 2654 1094 2715 parte
1139 2644 1472 2715 discrepare.
1528 2643 1631 2700 Sed
1664 2647 1832 2700 multa

242 2751 404 2808 sunt,
445 2758 564 2812 qua:
593 2747 901 2810 suspectam
943 2737 1090 2791 illius
1123 2737 1369 2807 epistolae
1395 2736 1554 2792 ﬁdem
1586 2751 1695 2792 non
1735 2737 1833 2793 ob-

241 2853 361 2893 esa:
391 2835 552 2889 naris
572 2831 887 2888 hominibus
918 2831 1174 2897 reddant;
1207 2845 1330 2884 nam
1363 2839 1420 2884 ut
1441 2829 1506 2885 de
1531 2830 1672 2900 stylo
1717 2831 1834 2900 ipso

243 2927 635 2996 scribendique
675 2937 871 2996 genere
914 2922 1050 2978 nihil
1079 2921 1169 2978 hic
1198 2921 1398 2987 dicam,
1435 2936 1618 2977 nonne
1653 2921 1835 2979 falsis-

244 3021 456 3076 simum
479 3027 582 3080 est,
607 3017 752 3086 quod
777 3015 976 3070 ibidem
1002 3014 1254 3078 refertur,
1278 3014 1698 3085 ehorepiscopos
1725 3025 1830 3069 tam

245 3129 282 3167 a
319 3112 562 3165 Romana
591 3110 746 3174 sede,
776 3124 942 3178 quam
993 3122 1024 3162 a
1059 3106 1223 3161 totius
1262 3106 1412 3162 orbis
1448 3107 1719 3176 episcopis
1745 3107 1840 3161 ab-

247 3217 479 3274 rogatos
509 3218 574 3257 ac
621 3200 930 3256 ministerio
956 3198 1260 3269 prohibitos
1287 3197 1495 3254 luisse?
1550 3197 1644 3254 Vel
1674 3198 1839 3255 unius

247 3295 459 3350 Leonis
509 3292 763 3363 epistola,
817 3307 982 3360 quam
1029 3290 1275 3360 proxime
1315 3289 1637 3349 citavimus.
1685 3305 1841 3359 argu-

251 3396 449 3441 mento
497 3401 618 3442 esse
663 3392 860 3454 potest,
923 3397 1030 3436 non
1084 3381 1249 3435 modo
1296 3396 1402 3435 non
1454 3383 1768 3452 antiquatos
1809 3397 1841 3436 a

250 3483 510 3536 Romano
555 3478 809 3550 pontiﬁce
846 3476 1286 3547 ehorepiscopos,
1337 3475 1431 3530 sed
1487 3477 1690 3531 ascitos
1721 3492 1844 3533 esse

255 3592 331 3630 ac
359 3583 508 3630 certa
535 3571 823 3643 disciplina
854 3569 1214 3625 constrictos:
1257 3585 1382 3624 cum
1413 3569 1528 3623 suis
1559 3585 1617 3623 se
1645 3568 1842 3626 ﬁnibus

255 3668 544 3724 cotit'mere
569 3665 857 3735 iubentur,
892 3677 994 3718 nec
1020 3677 1082 3716 ea
1129 3674 1250 3731 qua:
1278 3661 1595 3732 pontiﬁcum
1625 3661 1844 3731 propria

256 3769 400 3816 sunt
435 3773 702 3828 usurpare
739 3769 987 3810 munera.
1031 3753 1307 3819 Quamvis,
1343 3751 1540 3822 inquit,
1583 3769 1702 3806 cum
1732 3754 1844 3822 epi-

257 3853 439 3922 scopis
461 3851 692 3921 plurima
721 3847 833 3902 illis
872 3846 1286 3900 ministeriorum
1311 3847 1602 3899 communis
1624 3855 1700 3899 est
1729 3845 1844 3899 dis-

256 3946 524 4016 pensatio.
576 3940 730 4007 Quod
765 3940 830 3994 ad
859 3939 1101 4008 reliquos
1126 3947 1334 4008 spectat
1367 3939 1532 3993 totius
1558 3938 1708 3993 orbis
1731 3939 1846 4008 cpi.-

259 4049 484 4104 scopos,
538 4048 571 4088 a
626 4031 826 4101 quibus
878 4027 1180 4098 prohibitos
1235 4041 1356 4082 esse
1408 4026 1573 4092 dicit;
1635 4037 1844 4085 tantum

261 4127 448 4188 abest,
489 4133 548 4179 ut
589 4124 642 4178 id
689 4137 876 4179 verum
928 4121 1019 4187 sit,
1069 4128 1129 4174 ut
1179 4120 1234 4174 in
1263 4120 1600 4175 cecumenica
1639 4121 1851 4192 synodo

261 4214 703 4274 Chalcedonensi
735 4213 878 4269 inter
921 4211 1157 4268 clericos
1189 4221 1576 4267 recenseantur
1611 4227 1734 4266 can.
1770 4211 1806 4264 ‘2
1831 4229 1850 4266 :

263 4309 342 4363 Ei
357 4326 440 4372 τις
467 4308 763 4369 ἐπίσκοπος
787 4304 880 4358 ἐπὶ
907 4304 1153 4375 χρήμασι
1182 4301 1515 4374 χειροτονίαν
1543 4304 1852 4373 ποιήσαιτο,

1931 1812 2268 1886 χειροθεσίαν
2311 1805 2422 1862 εἷεν
2454 1806 2767 1862 ἐπισκόπων
2806 1804 3106 1874 εἰληφότες.
3143 1802 3383 1866 Videtur,
3418 1801 3504 1856 in-

1932 1907 2067 1976 quit,
2097 1905 2225 1958 mitti
2249 1902 2386 1973 quod
2409 1912 2531 1955 tunc
2558 1917 2659 1953 non
2691 1901 2756 1952 ab
2787 1915 2912 1963 uno,
2937 1897 3026 1950 sed
3049 1913 3080 1949 a
3106 1894 3345 1965 pluribus
3369 1893 3510 1947 ordi-

1934 1996 2218 2061 nabantur,
2251 1994 2377 2064 quia
2405 1990 2708 2046 nullatenus
2744 1987 2937 2042 diceret
2963 1988 3344 2055 episcoporum,
3375 1984 3420 2036 si
3444 1981 3506 2034 ιιι»

1934 2105 2037 2142 uno
2065 2087 2212 2156 ﬁeret
2246 2084 2435 2138 talium
2466 2082 2751 2146 ordinatio,
2790 2097 2908 2134 cum
2944 2080 3306 2148 episcoporum
3335 2076 3511 2144 plura-

1935 2179 2057 2232 liter
2076 2179 2274 2231 dictum
2307 2177 2398 2228 sit.
2438 2173 2543 2228 Sed
2571 2172 2864 2241 genitivum
2889 2170 3038 2224 illum
3061 2167 3374 2221 ἐπισκόπων
3412 2163 3512 2218 ali-

1939 2279 2020 2324 ter
2045 2267 2221 2323 Latini
2254 2269 2577 2335 interpretes
2615 2270 2963 2332 acceperunt,
3009 2268 3068 2314 ut
3107 2257 3366 2312 nimirum
3398 2269 3512 2325 χει-

1940 2360 2161 2434 ροθεσία
2188 2357 2504 2411 ἐπισκόπων
2533 2369 2643 2409 non
2682 2355 2771 2407 illa
2809 2365 3068 2406 manuum
3104 2347 3381 2418 impositio
3417 2345 3509 2408 sit,

1937 2470 2101 2527 quam
2128 2453 2312 2523 plures
2333 2449 2572 2520 episcopi
2601 2445 2828 2509 faciunt,
2874 2444 2965 2499 sed
2995 2457 3100 2511 qua
3131 2441 3265 2495 ﬁunt
3299 2439 3514 2509 episco-

1939 2548 2012 2618 pi.
2047 2544 2227 2612 Quare
2270 2542 2318 2598 si
2364 2555 2550 2595 verum
2579 2546 2684 2601 est,
2718 2535 2862 2606 quod
2902 2532 3132 2604 epistola
3163 2532 3267 2586 ista
3298 2538 3509 2593 narrat,

1940 2655 2048 2694 non
2077 2640 2145 2694 ab
2171 2653 2282 2692 uno
2311 2644 2522 2691 tantum
2554 2632 2856 2689 consecrati
2887 2629 3088 2684 fuerint
3115 2625 3513 2696 chorepiscopi.

1940 2729 2142 2784 Verum
2183 2727 2495 2799 perturbate
2551 2723 2845 2780 admodum
2874 2738 2937 2776 ac
2968 2719 3217 2790 perplexe
3250 2715 3514 2788 loquitur,

1939 2837 2063 2878 cum
2095 2823 2338 2887 eosdem,
2387 2834 2528 2890 quos
2573 2818 2860 2887 episcopos
2901 2814 3073 2868 fuisse
3109 2822 3237 2866 tunc
3267 2824 3520 2864 asserueo

1942 2925 2044 2979 rat,
2069 2915 2255 2970 nescio
2276 2927 2384 2982 quo
2407 2921 2568 2982 pacto
2585 2909 2814 2965 subinde
2835 2915 2989 2976 neget
3017 2905 3304 2973 episcopos
3324 2901 3514 2956 fuisse.

1945 3007 2049 3064 Sed
2079 2998 2402 3062 Antiocheni
2429 3003 2658 3059 canonis
2686 3001 2982 3055 auctoritas
3007 2995 3324 3066 opponitur,
3361 2993 3519 3064 cujus

1942 3116 2004 3155 ca
2033 3099 2278 3154 clausula
2312 3105 2396 3150 est
2423 3114 2436 3150 :
2469 3091 2904 3165 Χωρεπίσκοπον
2933 3089 2988 3142 δὲ
3020 3085 3266 3157 γίνεσθαι
3296 3083 3400 3138 ὑπὸ
3423 3081 3520 3138 τοῦ

1941 3192 2039 3262 τῆς
2080 3190 2286 3252 πόλεως
2415 3186 2699 3240 ὑπόκειται
2748 3181 3070 3235 ὲπισκόπουσ
3108 3178 3521 3246 Cliorepiscopus

1944 3293 2116 3338 autem
2149 3281 2214 3335 ab
2249 3281 2491 3349 episeopo
2522 3276 2754 3331 civitatis
2789 3273 2867 3328 vel
2905 3273 3028 3334 laci,
3077 3270 3162 3322 cui
3198 3269 3336 3322 idem
3376 3266 3526 3337 adja-

1944 3383 2043 3441 cet,
2080 3371 2410 3428 ordinandus
2445 3378 2544 3423 est.
2577 3367 2715 3422 Hinc
2747 3366 2852 3420 illae
2894 3364 3166 3434 lact-anae.
3199 3359 3360 3428 Atqui
3395 3373 3523 3414 cum

1945 3466 2014 3519 ab
2041 3465 2327 3534 episcopo,
2371 3461 2458 3516 cui
2497 3458 2780 3529 subjectus
2808 3464 2913 3520 est,
2945 3450 3184 3509 ordinari
3209 3451 3379 3521 jubet.
3413 3464 3524 3503 non

1945 3557 2083 3611 alios
2129 3554 2390 3620 excludit,
2420 3551 2514 3623 qui
2566 3565 2674 3604 una
2718 3563 2915 3604 manus
2945 3547 3250 3616 imponant,
3295 3545 3388 3599 sed
3419 3543 3524 3599 hoc

1946 3649 2124 3703 solum
2155 3645 2419 3716 praecipit,
2452 3651 2512 3697 ut
2538 3639 2902 3720 ordinationis
2932 3653 3134 3712 praeses
3170 3651 3236 3692 ae
3266 3634 3521 3689 modera-

1950 3751 2036 3799 tor
2070 3743 2161 3797 ille
2191 3741 2284 3805 sit,
2321 3738 2479 3810 cuius
2509 3737 2564 3791 in
2598 3735 2808 3790 ditione
2839 3742 3111 3800 versatur,
3148 3738 3209 3785 ut
3245 3728 3364 3799 ejus
3398 3727 3527 3782 hor-

1951 3845 2063 3891 tatu
2099 3833 2442 3902 invitatuque
2501 3827 2865 3883 adhibeantur
2891 3825 3005 3890 alii,
3035 3831 3096 3878 ut
3127 3821 3316 3878 eodem
3345 3820 3530 3875 incon-

1950 3927 2118 3988 sulto,
2153 3933 2214 3980 ut
2242 3922 2458 3993 injussu
2488 3918 2726 3989 denique
2753 3916 3179 3986 chos-episcopus
3206 3929 3314 3968 non
3343 3913 3458 3966 ﬁat.

2018 4019 2192 4086 Quam
2222 4014 2384 4086 huius
2407 4011 2635 4068 canonis
2657 4023 2778 4065 esse
2804 4007 3126 4064 sententiam
3141 4003 3378 4059 declarat
3405 4001 3531 4055 Bal-

1951 4126 2126 4176 samo,
2183 4121 2310 4162 cum
2359 4104 2456 4169 ait,
2498 4101 3018 4171 chorepiscoporum
3077 4096 3180 4151 hac
3234 4092 3531 4164 appendico

1953 4202 2281 4258 rel'renatam
2335 4193 2727 4265 arrogantiam,
2775 4189 2891 4260 qui,
2925 4186 3163 4258 propriis
3206 4184 3530 4255 contemptis

1952 4292 2242 4365 episcopis,
2292 4285 2794 4356 ametropolitano,
2830 4281 2913 4336 vel
2947 4279 3254 4350 patriarcha
3287 4275 3532 4332 ordinari

263 4367 538 4467 ατη-καὶ
571 4367 1122 4470 χειροτονήσειενηέπὶ
1151 4367 1429 4469 χρήμασιν
1462 4367 1782 4460 ἐπίσκοπον,
1814 4397 1848 4466 ἢ

1955 4400 2074 4442 sese
2101 4383 2320 4444 vellent,
2361 4394 2473 4450 quo
2500 4375 2686 4432 minus
2709 4373 2764 4428 in
2793 4386 3018 4428 suorum
3041 4375 3303 4440 potestate
3333 4367 3529 4424 forent.

262 4491 706 4565 χωρεπξσκοπον,
739 4488 772 4560 ἢ
805 4487 1229 4559 πρεσϐυτέρους,
1258 4488 1293 4559 ἢ
1323 4487 1626 4555 διακόνους,
1656 4497 1858 4551 etc.,et

266 4585 329 4638 in
362 4582 657 4652 Ephesina,
698 4580 776 4634 uti
813 4578 1078 4642 diximus,
1125 4579 1265 4633 inter
1296 4579 1582 4648 episcopos
1618 4579 1862 4635 subscri-

267 4674 440 4746 pserit
459 4673 730 4729 Caesarius
744 4672 1192 4741 chorepiscopus.
1208 4669 1528 4737 Quinetiam
1549 4671 1601 4724 in
1620 4671 1856 4740 Capitul.

266 4765 459 4820 Caroli
484 4765 678 4834 imper.
701 4779 822 4830 cap.
845 4763 878 4817 9
905 4762 971 4816 de
1004 4761 1408 4831 chorepiscopis
1436 4776 1503 4816 ex
1522 4761 1861 4817 Antiochena.

269 4867 331 4911 et
354 4857 638 4926 Ancyrana
665 4851 876 4923 synodo
908 4852 1188 4907 decretum
1217 4851 1498 4917 inseritur,
1521 4862 1580 4904 ut
1604 4863 1862 4922 appareat

263 4947 441 5001 etiam
495 4953 608 4999 tum
663 4945 719 4998 in
759 4942 948 4998 Galliis
1003 4941 1171 4999 fuisse
1215 4942 1661 5014 ehorepiscopos.
1720 4943 1857 5000 Nam

271 5045 331 5093 et
390 5036 456 5090 ad
497 5035 806 5090 Gallicanos
861 5035 1148 5106 episcopos
1197 5033 1307 5090 Leo
1360 5050 1494 5105 papa
1555 5035 1621 5090 de
1670 5035 1861 5092 iisdem

273 5129 594 5197 scripserat.

350 5215 471 5273 Non
498 5217 680 5272 minus
709 5215 905 5272 falsum
930 5225 1034 5278 est.
1053 5217 1198 5286 quod
1225 5217 1334 5272 illic
1354 5218 1732 5288 supposititius
1753 5219 1861 5273 Da-

277 5325 472 5366 masus
509 5307 766 5372 atﬁrmat,
800 5325 907 5362 non
931 5309 1153 5364 licuisse
1196 5311 1605 5380 chorepiscopis
1636 5310 1861 5366 subdia-

276 5417 453 5459 conos
473 5401 749 5466 ordinare,
767 5413 956 5455 contra
977 5381 1301 5456 Aiitiocheni
1329 5405 1546 5461 concilii
1572 5419 1860 5470 eanonem,

279 5503 338 5549 et
373 5494 573 5549 Leonis
616 5492 924 5562 epistolam,
967 5493 1060 5563 qui
1099 5495 1543 5566 presbyterorum
1579 5496 1861 5561 duntaxat,

279 5602 348 5640 ac
375 5586 737 5640 diaconorum
771 5584 1238 5639 consecrationem
1269 5585 1478 5642 adimit.
1509 5586 1722 5642 Atenim
1747 5587 1864 5656 cpi-

282 5693 485 5747 sciipos
533 5678 656 5733 illos
713 5693 820 5732 non
872 5675 1041 5731 fuisse
1091 5677 1256 5732 etiam
1308 5678 1611 5734 rationibus
1662 5677 1858 5734 ibidem

1960 4475 2086 4533 [deo
2110 4472 2490 4533 constitutum,
2533 4475 2594 4520 ut
2631 4464 2700 4519 ab
2728 4461 2989 4534 episcopo
3011 4473 3117 4516 suo
3144 4471 3534 4514 consecraren-

1960 4577 2066 4622 tur.
2101 4563 2315 4620 Etenim
2343 4553 2694 4616 ‘simillimum
2729 4550 2992 4627 quiddam
3037 4547 3252 4603 videtur
3297 4562 3363 4601 ac
3407 4561 3531 4600 cum

1960 4658 2182 4721 dicitur,
2210 4672 2238 4709 a
2272 4649 2690 4720 metropolitano
2717 4642 3081 4718 provinciales
3107 4655 3298 4695 omnes
3325 4640 3537 4710 episco-

1961 4767 2060 4824 pos
2093 4748 2368 4814 ordinari;
2401 4761 2470 4803 ex
2517 4744 2686 4800 veteri
2728 4757 2958 4806 canone.
2997 4741 3090 4812 qui
3121 4742 3173 4795 in
3206 4738 3533 4795 Chalcedon.

1962 4840 2222 4906 concilio,
2255 4839 2442 4897 Actor.
2466 4836 2555 4902 15,
2578 4849 2707 4904 pag.
2735 4831 2860 4896 589,
2879 4831 2952 4886 ita
2992 4832 3298 4902 concipitur
3326 4848 3339 4885 :
3375 4830 3537 4882 Ὥστε

1963 4934 2021 4989 ὲν
2053 4933 2152 5004 μιᾷ
2177 4929 2385 5000 ἑκάστῃ
2414 4923 2524 4979 τῶν
2551 4921 2828 4994 ἐπαρχιῶν
2859 4923 2924 4972 τὸ
2951 4919 3116 4990 κῦρος
3150 4919 3295 4988 ἔχειν
3326 4917 3414 4970 τὸν
3440 4916 3540 4988 τῆς

1967 5023 2372 5097 μητροπόλεως,
2415 5017 2522 5071 καὶ·
2546 5015 2707 5068 αὐτὸν
2743 5012 3008 5082 καθιστᾷν
3045 5010 3251 5072 πάντας
3281 5010 3408 5071 τοὺς
3433 5007 3540 5061 ὑπὸ

1961 5117 2061 5188 τὴν
2091 5113 2258 5184 αὐτὴν
2297 5107 2570 5180 ἐπαρχίαν
2618 5104 2970 5166 ἐπισκόπους·
3019 5100 3085 5156 Ut
3130 5101 3184 5154 in
3230 5116 3542 5170 unaquaque

1961 5209 2231 5282 provincia
2265 5204 2358 5273 jus
2393 5217 2454 5255 ac
2517 5207 2830 5270 potestatem
2865 5191 3297 5262 metropolitanus
3328 5190 3541 5254 habeat,

1964 5289 2203 5368 idemque
2237 5305 2470 5357 cunctos,
2517 5294 2606 5364 qui
2638 5292 2694 5345 in
2727 5288 2910 5344 eadem
2950 5287 3220 5358 provincia
3261 5295 3407 5352 sunt,
3432 5286 3543 5357 epi-

1965 5409 2147 5463 scopos
2183 5391 2409 5445 ordinet.
2446 5387 2539 5442 Sic
2561 5383 2806 5456 eiusdem
2849 5379 3064 5437 concilii
3098 5379 3284 5432 Actor.
3323 5375 3391 5432 l6
3430 5393 3542 5430 tum

1964 5501 2030 5539 ex
2067 5500 2102 5537 η
2141 5479 2334 5553 synodi
2371 5479 2590 5533 decreto
2624 5468 3231 5540 Constantinopolitano
3270 5465 3544 5535 archiepi-

1967 5590 2136 5645 scopo
2159 5586 2482 5629 concessnm
2504 5567 2728 5630 dicitur,
2752 5573 2812 5619 ut
2838 5562 3096 5626 Ponticae,
3118 5560 3355 5626 Asiana,
3380 5556 3551 5612 Thra-

1967 5669 2066 5725 ciae
2093 5667 2400 5723 diocmseos
2429 5657 2829 5730 metropolitani
2867 5655 3131 5713 duntaxat
3159 5657 3228 5710 ab
3259 5667 3326 5708 eo
3351 5664 3552 5706 consc-
