3874 6318
327 284 459 338 1051

324 402 544 448 (ξι-θιιῑυι
592 408 605 444 ;

326 481 738 552 προειρημένων
769 482 1088 553 διοικήσεων
1138 487 1290 559 παρὰ
1319 489 1413 541 τοῦ
1476 492 1904 569 ἁρχιεπισιιόπου

322 572 980 639 Κωνσταντινουπόλεως,
1039 591 1147 632 non
1193 580 1375 633 statim
1429 597 1769 652 consequens
1801 595 1909 649 est,

323 662 499 716 solum
531 664 1004 735 archiepiscopum
1040 684 1230 724 manus
1262 671 1564 739 imponere,
1596 675 1710 741 sed,
1735 676 1797 729 τὸ
1819 677 1909 730 κῦ-

325 769 418 823 ρος
445 754 612 824 ἔχειν,
645 765 704 809 ut
733 754 986 813 Nicmnus
1019 775 1196 814 canon
1229 779 1276 816 iv
1307 763 1553 833 loquitur
1585 789 1597 820 :
1627 767 1690 820 τὸ
1724 767 1779 821 δὲ
1812 769 1907 822 κῦ-

326 862 417 916 ρος
446 846 554 899 τῶν
581 848 884 920 γινομένων
924 849 1164 905 δίδοσθαι
1206 857 1329 908 καθ’
1364 857 1602 929 ἑκάστην
1640 860 1908 931 ἐπαρχίαν

321 935 400 1007 τῷ
447 939 839 1012 μητροπολίτῃ.
863 941 945 996 Ad
971 945 1220 1000 eumdem
1251 947 1433 1017 itaque
1466 949 1687 1004 modum
1739 953 1897 1006 clior-

321 1028 614 1098 episcopus
645 1046 675 1084 a
711 1031 959 1101 pluribus
1009 1038 1246 1094 ordinari
1292 1041 1488 1109 potuit,
1522 1053 1797 1112 praacunte
1846 1060 1910 1100 ac

324 1117 646 1173 moderante
681 1121 891 1178 scilicet
934 1128 1214 1198 episcopo.
1275 1130 1521 1186 Alterum
1555 1136 1700 1204 quod
1735 1135 1788 1189 in
1819 1136 1908 1190 illa

324 1205 544 1265 Damasi
574 1212 802 1282 epistola
832 1221 1177 1289 proponitur,
1218 1233 1440 1279 cautum
1473 1242 1618 1292 esse,
1657 1245 1722 1283 ne
1753 1229 1806 1283 in
1837 1231 1912 1285 vi-

325 1301 404 1357 cis
433 1305 647 1374 agrisve
671 1309 1140 1367 constituerentur
1166 1315 1429 1385 episcopi,
1466 1319 1792 1374 sententiam
1820 1337 1912 1376 no-

322 1403 492 1450 stram
524 1400 786 1469 majorem
817 1402 871 1457 in
898 1405 1116 1459 modum
1141 1409 1450 1463 confirmat.
1484 1409 1578 1466 Est
1601 1413 1746 1466 enim
1777 1412 1911 1469 Lao-

321 1486 500 1542 diceni
524 1492 743 1546 concilii
765 1509 941 1550 canon
965 1497 1067 1552 57:
1097 1499 1221 1553 Ὅτι
1252 1501 1312 1553 οὐ
1343 1501 1422 1554 δεῖ
1442 1503 1499 1554 ἐν
1525 1506 1644 1567 ταῖς
1669 1503 1907 1575 κώμαις,

321 1579 418 1632 καὶ
455 1581 513 1633 ὲν
558 1587 677 1647 ταῖς
721 1584 928 1659 χώραις
975 1589 1344 1646 καθίστασθαι
1390 1596 1742 1660 ἐπισκόπους,
1773 1597 1910 1652 ἀλλὰ

323 1671 696 1740 περιοδευτάς·
728 1678 854 1742 τοὺς
896 1679 1079 1750 μέντοι
1130 1685 1682 1752 προκατασταθέντας
1746 1689 1911 1760 μηδὲν

1377 288 1719 349 APPENDIX
1749 290 2248 350 DlSSERTATlON
2259 294 2296 350 U
2306 295 2375 349 Μ.
3465 293 3609 350 1θῖἶὲ

653 391 1089 463 Χειροτονεῖσθαι
1141 397 1266 460 τοὺς
1335 400 1738 470 μητροπολίτας
1792 404 1897 457 τῶν

2053 404 2203 460 .Mihi
2259 419 2389 460 vero
2417 406 2933 479 clior-episcoporum
2964 410 3115 481 or'go
3146 410 3338 466 iisdem
3375 427 3442 467 ex
3473 427 3607 467 cau-

2010 497 2087 552 sis
2109 496 2434 567 prolluxisse
2460 497 2676 552 videtur
2695 540 2710 565 ,
2748 500 2819 554 ob
2850 515 2991 570 quas
3021 501 3367 556 Alexandria:
3393 500 3606 555 Laure-

2009 605 2155 654 rum,
2185 590 2300 645 sive
2333 588 2701 645 Ecclesiarum
2726 591 3024 647 divisiones
3054 591 3333 648 institutas
3361 591 3605 662 Epipha—

2012 681 2135 736 nius
2171 680 2380 747 scribit,
2444 681 2738 752 itidemque
2780 681 2968 737 Bomze
3008 682 3315 737 Christiana
3353 683 3507 753 plebs
3543 683 3599 736 in

2011 773 2199 828 titulos
2237 774 2529 830 distributa
2578 773 2700 828 fuit.
2748 773 2885 829 Cum
2931 775 3078 828 enim
3109 776 3352 845 episcopi
3385 775 3599 830 urbana

2010 866 2166 936 plebe
2199 867 2432 937 regenda
2464 869 2849 940 pascendaque
2889 869 3143 935 districti,
3195 868 3248 922 in
3291 883 3459 938 agros
3502 883 3600 921 ex-

2011 975 2249 1024 currere,
2284 969 2447 1030 atquc
2475 962 2844 1016 ecclesiastica
2879 977 3106 1015 munera
3162 970 3215 1016 et
3248 971 3600 1016 sacramenta

2013 1052 2309 1109 rusticanis
2362 1054 2681 1110 hominibus
2737 1055 3051 1125 impendere
3107 1055 3292 1110 minus
3345 1065 3598 1125 possent,

2015 1143 2249 1199 vicarios
2295 1145 2486 1199 eodem
2539 1145 2962 1218 chorepiscopos
2996 1146 3335 1216 ailegabant;
3369 1145 3422 1201 in
3455 1160 3600 1216 quos

2014 1252 2267 1308 magnam
2304 1238 2445 1307 juris
2494 1240 2891 1308 potestatisquc
2925 1255 3038 1293 suae
3073 1247 3281 1308 partem
3326 1237 3599 1294 transfer-

2012 1337 2154 1391 rent,
2193 1331 2475 1386 nonnullis
2503 1331 2714 1386 scilicet
2744 1331 3006 1401 exceptis.
3045 1347 3111 1385 ac
3140 1330 3242 1385 sibi
3278 1332 3598 1397 reservatis,

2012 1435 2247 1490 quorum
2292 1438 2421 1478 usus
2475 1438 2538 1481 ac
2583 1422 2793 1478 functio
2837 1422 3019 1477 minus
3062 1432 3304 1494 urgeret;
3355 1439 3482 1493 qua:
3528 1424 3601 1479 ab

2012 1509 2194 1568 Leone
2245 1521 2298 1567 et
2362 1513 2454 1568 illo
2513 1513 2750 1569 Damaso
2799 1524 3318 1569 commemorantur.
3385 1514 3600 1581 Quam-

2013 1602 2201 1657 obrem
2260 1605 2645 1674 antiquissima
2693 1621 2816 1662 esse
2862 1606 3022 1661 debet
3072 1607 3598 1679 chorepiscoporum

2015 1691 2313 1757 institutio,
2350 1697 2600 1766 adeoque
2633 1695 2804 1751 altera
2836 1696 2927 1751 illa
2961 1697 3246 1752 titulorum
3282 1699 3336 1752 in
3369 1699 3614 1760 urbibus.

321 1763 585 1832 πράττειν
618 1767 746 1820 ἄνευ
791 1770 1020 1843 γνώμης
1061 1773 1156 1828 τοῦ
1202 1777 1259 1828 ὲν
1291 1781 1352 1848 τῇ
1387 1778 1560 1833 πόλει.
1606 1779 1759 1845 Quod
1809 1798 1905 1836 non

2015 1782 2285 1838 divisione
2313 1787 2593 1841 vetustior.
2636 1787 2915 1857 Siquidem
2963 1789 3116 1842 initio
3147 1805 3288 1844 unus
3310 1789 3602 1859 oppidanis

321 1867 555 1926 oporteat
585 1861 641 1912 in
677 1862 897 1926 rillulis,
933 1875 983 1917 et
1027 1867 1080 1919 in
1129 1869 1270 1938 agris
1315 1872 1581 1942 episcopos
1629 1876 1903 1939 constitui,

319 1949 411 2009 sed
453 1951 775 2008 uisitatores.
833 1955 1206 2014 Verumtamen
1253 1963 1577 2032 jampridem
1607 1969 1906 2022 .constituli

320 2041 455 2095 nihil
488 2043 691 2114 faciant
736 2057 931 2116 prteter
969 2052 1348 2106 conscientiam
1385 2056 1614 2126 episcopi
1653 2058 1904 2113 civitatis.

319 2134 397 2190 De
422 2137 834 2210 chorepiseopis
867 2143 1221 2212 praescribere
1250 2145 1484 2212 videtur,
1521 2163 1662 2215 quos
1696 2150 1908 2218 episco-

318 2242 420 2297 pos
455 2230 722 2300 agnoscit,
761 2231 854 2287 sed
892 2235 1146 2303 usurpari
1177 2235 1228 2290 id
1265 2237 1499 2307 amplius
1530 2247 1692 2306 vetat,
1732 2256 1908 2312 neque

318 2319 576 2395 deinceps
609 2322 677 2378 iis
711 2323 767 2378 in
810 2325 946 2380 locis
975 2328 1264 2397 episcopos
1303 2330 1448 2400 eligi.
1486 2331 1660 2398 Quam
1685 2333 1903 2402 quidem

319 2413 658 2468 sanctionem
709 2430 1054 2487 nequaquam
1094 2421 1438 2475 observatam
1469 2422 1641 2478 fuisse
1678 2424 1811 2479 satis
1840 2441 1906 2480 ea

319 2501 721 2573 demonstrant,
757 2524 879 2578 qua:
913 2527 980 2566 ex
1012 2511 1356 2568 Antiocheno
1409 2515 1644 2580 conc-ilio
1691 2524 1744 2571 et
1771 2517 1909 2572 alio-

318 2611 440 2652 rum
481 2596 704 2653 Patrum
738 2601 971 2659 decretis
999 2606 1305 2660 attulimus.

385 2687 467 2742 Ad
500 2706 775 2746 summam
827 2695 1206 2768 chorepiscopi
1234 2699 1333 2770 τῆς
1372 2698 1578 2771 χώρας,
1610 2717 1732 2770 quae
1770 2701 1902 2756 olim

316 2779 532 2849 proprie
579 2786 842 2855 παροικέα
872 2787 1176 2856 dicebatur,
1217 2791 1483 2862 episc0pi,
1517 2809 1583 2848 ac
1613 2793 1906 2851 rusticanis

317 2868 579 2929 Ecclesiis
602 2891 748 2946 praep
772 2878 879 2932 isiti
911 2879 1154 2935 fuerunt.
1193 2881 1265 2937 De
1289 2899 1526 2953 quorum
1563 2885 1906 2943 institutione

315 2961 571 3022 Balsama
602 2969 668 3021 ad
699 2969 765 3023 H
805 2987 928 3026 can.
961 2971 1204 3029 Neocaes.
1237 2977 1454 3032 concilii
1501 2977 1572 3032 ita
1619 2979 1859 3049 disputat
1888 3000 1903 3036 :

318 3054 622 3128 Episcopos
669 3060 723 3114 in
783 3061 966 3118 locum
1017 3066 1388 3134 apostolorum
1441 3084 1516 3122 xu
1549 3071 1903 3135 successisse,

317 3146 520 3216 quibus
581 3149 783 3218 ligandi
818 3153 1174 3225 solvendiqne
1206 3167 1448 3226 potestas
1491 3169 1575 3216 est
1612 3163 1755 3217 data.
1797 3163 1904 3220 Sed

317 3253 441 3292 cum
483 3239 550 3292 ad
584 3239 860 3314 Evangelii
929 3237 1369 3315 prmdicationem
1403 3261 1738 3325 craterasque
1775 3255 1905 3311 fun-

317 3329 525 3386 ctiones
554 3331 839 3388 obeundas
868 3338 1100 3405 apostoli
1134 3340 1361 3396 minime
1397 3343 1730 3411 sufﬁcerent,
1759 3346 1907 3400 adhi-

318 3420 460 3475 lsitos
491 3420 544 3474 in
578 3425 918 3480 consortium
971 3441 1150 3485 certos
1194 3433 1466 3500 homines,
1511 3436 1604 3506 qui
1657 3439 1904 3506 discipuli

321 3511 533 3566 Domini
565 3527 910 3586 vocarentur,
936 3521 1027 3591 qui
1051 3522 1269 3591 quidem
1306 3526 1756 3582 remittendorum
1787 3545 1909 3598 pec-

318 3613 563 3660 catorum
619 3619 886 3679 potestate
935 3623 1204 3669 carerent.
1253 3615 1459 3672 Horum
1490 3618 1556 3673 ad
1588 3619 1903 3676 similitudi-

318 3711 440 3752 nem
469 3699 863 3771 chorepiscOpos
893 3703 1062 3759 fuisse
1090 3706 1372 3774 suffectos,
1414 3711 1506 3779 qui
1555 3711 1901 3768 ecclesiasti-

319 3805 414 3845 cas
445 3793 706 3860 pecunias
736 3793 790 3847 in
827 3810 1096 3866 pauperes
1144 3797 1468 3854 dividerent.
1520 3799 1677 3858 Unde
1729 3808 1905 3874 neque

323 3881 666 3953 presbyteros
708 3899 774 3939 ac
819 3884 1080 3941 diaconos
1124 3887 1381 3944 ordinare
1429 3902 1681 3961 possunt,
1727 3909 1906 3965 neque

322 3982 546 4044 peccata
599 3977 900 4044 remittere,
957 3982 1417 4049 quemadmodum
1459 3999 1559 4039 nec
1592 4001 1698 4039 LXX
1733 3986 1902 4042 disci-

323 4066 434 4135 puli
477 4077 745 4138 poterant.
793 4071 918 4127 Haec
955 4071 1067 4128 fere
1093 4073 1365 4130 Balsama.
1402 4075 1498 4131 Ubi
1531 4077 1678 4148 quod
1714 4079 1905 4134 remit-

324 4158 612 4214 tendorum
676 4171 1000 4233 potestatem
1073 4178 1424 4236 peccatorum
1494 4173 1904 4245 chorepiscopis

322 4249 534 4316 adimit,
563 4268 626 4307 ac
649 4255 782 4309 solis
814 4255 1084 4328 episcopis
1113 4259 1324 4326 tribuit,
1356 4277 1467 4331 quo
1501 4278 1667 4319 sensu
1695 4266 1901 4320 dictum

324 4341 394 4395 sit
409 4343 570 4411 paulo
588 4355 711 4414 post
727 4347 994 4402 declarat:
1013 4351 1134 4404 Ὅτι
1159 4353 1206 4406 οἰ
1227 4352 1390 4424 ἱερεῖς
1404 4353 1464 4409 οὑ
1491 4353 1743 4412 δύνανται
1763 4357 1907 4429 δέχε-

325 4432 447 4487 σθαι
475 4433 792 4507 λογισμοὺς,
825 4441 919 4493 καὶ
946 4441 1163 4510 ἀφιέναι
1201 4443 1497 4515 ἁμαρτίας,
1538 4447 1586 4499 εἰ
1618 4447 1694 4520 μὴ
1737 4450 1906 4520 ἐκχω-
1932 4469 1983 4528 υ

327 4527 534 4599 ρηθῶσι
565 4529 739 4584 ταῦτα
770 4533 922 4606 παρὰ
947 4534 1038 4588 τοῦ
1071 4537 1391 4593 ἐπισκόπου.
1424 4538 1549 4594 Non
1573 4554 1794 4610 possunt
1817 4560 1905 4600 sa-

322 4618 577 4687 cerdotes,
630 4630 688 4673 ut
741 4638 831 4678 nec
871 4623 1226 4696 chorepiscopi
1259 4630 1611 4700 confessiones
1643 4635 1902 4705 excipere,

324 4727 488 4781 neque
513 4723 728 4781 peccata
764 4715 1047 4784 remittere,
1096 4720 1199 4772 nisi
1231 4719 1296 4772 ab
1328 4722 1567 4790 episcopo
1590 4734 1903 4792 potestatem

321 4802 470 4871 prius
530 4805 945 4872 impetraverint.
1001 4809 1178 4879 Atque
1213 4811 1320 4866 hoc
1358 4813 1425 4868 de
1477 4815 1691 4884 publica
1730 4819 1906 4887 pinni-

323 4892 555 4953 tentium
602 4896 1050 4955 reconciliatione
1092 4899 1440 4970 potissimum
1493 4906 1899 4978 intelligendum

319 4995 423 5051 est,
456 5002 620 5057 quam
653 4989 722 5043 ab
756 4991 1015 5062 episc0po
1044 4993 1211 5048 tribui
1240 5010 1478 5052 canones
1505 5001 1899 5069 praescribunt:

320 5081 463 5136 velut
489 5081 542 5136 in
566 5082 820 5156 Carthag.
846 5099 906 5138 ιιι
934 5101 1057 5141 can.
1089 5087 1158 5142 52
1183 5105 1196 5141 :
1225 5087 1578 5160 Utpresbyter
1603 5093 1903 5147 inconsulto

309 5175 584 5244 episcopo,
639 5193 740 5230 non
770 5179 1068 5233 reconciliet
1131 5181 1486 5250 paenitentiam.
1520 5183 1628 5239 Leo
1682 5201 1902 5256 quoque

320 5265 565 5332 pontifex
607 5269 766 5337 epist.
792 5268 860 5323 88
896 5270 1038 5326 inter
1083 5289 1168 5340 ea,
1210 5291 1331 5344 qua:
1363 5277 1465 5330 soli
1493 5277 1748 5348 episcopo
1778 5294 1905 5334 con-

319 5370 494 5422 cessa,
525 5359 916 5431 clior-episcOpo
950 5376 1142 5434 negata
1174 5366 1306 5422 dicit
1327 5408 1340 5432 ,
1374 5368 1478 5423 hoc
1507 5369 1681 5438 ipsum
1713 5388 1900 5426 recen-

321 5458 402 5501 set
434 5466 448 5502 :
487 5447 688 5519 Neque,
725 5453 924 5523 inquit,
957 5458 1166 5525 publice
1196 5461 1406 5530 quidem
1447 5462 1504 5514 in
1535 5463 1696 5517 missa
1724 5481 1905 5533 quent-

319 5555 478 5607 quam
501 5544 832 5610 paznitentem
850 5551 1204 5606 reconciliare.
1234 5553 1390 5619 Quod
1417 5569 1524 5608 una
1545 5571 1667 5610 cum
1693 5558 1902 5612 caeteris

323 5633 376 5688 in
423 5637 706 5706 epistolam
755 5658 911 5699 suam
961 5643 1227 5704 Damasus
1263 5663 1328 5704 ex
1367 5648 1457 5703 illa
1492 5647 1689 5706 Leonis
1723 5660 1900 5708 trans-

324 5728 465 5782 tulit.

2012 1875 2272 1932 omnibus
2302 1893 2400 1946 par
2427 1893 2549 1933 esse
2578 1887 2791 1948 poterat
2825 1880 3135 1951 cpiscripus.
3172 1880 3306 1936 Hinc
3341 1885 3612 1953 estquod

2012 1966 2064 2020 in
2102 1964 2346 2023 Neoczes.
2387 1985 2512 2024 can.
2546 1973 2611 2024 l5
2647 1987 2817 2028 unum
2850 1973 3115 2026 duxtaxat
3150 1974 3303 2028 urbis
3334 1975 3600 2045 κυριακὸν

2012 2059 2348 2124 nominatur,
2383 2063 2436 2115 in
2477 2077 2586 2132 quo
2619 2063 2826 2119 vicanis
2851 2065 3206 2135 presbyteris,
3235 2068 3600 2135 prasentibus

2013 2149 2238 2217 urbicis,
2268 2153 2440 2207 sacris
2474 2154 2688 2224 operari
2720 2169 2826 2210 non
2851 2155 2996 2210 licet.
3023 2155 3333 2226 Atqueliaac
3357 2157 3598 2228 Epipha-

2013 2242 2091 2296 nii
2124 2253 2232 2297 tam
2267 2255 2524 2299 accurata
2553 2247 2621 2300 de
2655 2245 3040 2302 Alexandrina:
3060 2247 3318 2305 Ecclesia:
3347 2252 3600 2320 pluribus

2008 2333 2256 2388 ecclesiis
2295 2334 2605 2390 observatio
2638 2352 2751 2391 rem
2795 2354 2895 2393 nec
2925 2339 3052 2393 alibi
3085 2339 3312 2410 passim,
3345 2357 3444 2396 nec
3467 2341 3596 2396 olim

2010 2435 2327 2495 usurpatam
2362 2441 2427 2481 ac
2469 2437 2742 2497 receptam
2784 2427 2950 2485 fuisse
2989 2430 3354 2486 demonstrat.
3406 2433 3476 2486 At
3533 2437 3593 2486 in

2010 2517 2157 2587 agris
2206 2518 2575 2586 parmciarum
2617 2520 3093 2592 ecclesiarumque
3132 2522 3366 2577 divortia
3404 2523 3598 2593 primi-

2009 2617 2099 2663 tus
2131 2609 2378 2664 instituta
2414 2626 2575 2666 nemo
2615 2612 2856 2682 prudens
2904 2616 3201 2685 negaverit.
3241 2614 3455 2682 Quibus
3500 2615 3601 2670 ad-

2009 2702 2388 2756 ministrandis
2417 2718 2481 2758 ac
2527 2703 2898 2774 gubernandis
2915 2705 3314 2776 chorepiscopi,
3335 2717 3599 2778 tanquam

2011 2792 2160 2848 ruris
2211 2793 2478 2864 episcopi,
2531 2798 2813 2866 praepositi
2863 2805 3013 2865 sunt,
3068 2814 3194 2853 cum
3255 2800 3602 2869 amplissima

2010 2885 2310 2953 quondam,
2363 2896 2422 2940 ut
2469 2887 2728 2952 vidimus,
2779 2889 3060 2954 facultate,
3099 2890 3418 2961 eptimaque
3459 2891 3596 2962 lege.

2009 2972 2189 3040 Quam
2225 2976 2422 3031 deinde
2455 2987 2781 3049 potestatem
2814 2979 3060 3050 episcopi
3088 2982 3598 3052 constringendam,

2010 3080 2074 3120 ac
2132 3069 2298 3123 certis
2348 3069 2762 3125 conditionibus
2818 3073 3225 3142 temperandam
3273 3083 3536 3142 putarunt
3572 3091 3595 3134 _:

2010 3160 2182 3214 donec
2210 3160 2505 3230 episcopali
2542 3161 2806 3231 dignitate
2857 3178 2922 3218 ac
2953 3164 3367 3220 consecratione
3399 3167 3596 3236 privati

2009 3251 2271 3322 primum,
2307 3253 2506 3308 deinde
2543 3269 2773 3324 prorsus
2807 3257 3054 3328 abrOgati
3093 3258 3333 3313 fuerunt.
3385 3258 3493 3314 Pro
3526 3260 3599 3315 iis

2008 3343 2152 3396 enim
2185 3343 2542 3416 περιοδευτάς
2570 3348 2749 3402 creari
2774 3347 3145 3404 Laodicenum
3175 3351 3472 3406 concilium
3501 3353 3600 3406 de-

2008 3432 2177 3486 crevit
2209 3451 2222 3486 :
2256 3448 2396 3502 quos
2426 3433 2621 3490 Latina
2661 3440 3037 3509 interpretatio
3073 3442 3378 3496 uisitatores
3407 3444 3597 3513 appel-

2009 3523 2082 3578 lat
2110 3543 2123 3578 :
2159 3527 2597 3593 circuitores,aut
2622 3531 2934 3587 lustratores
2959 3549 3154 3588 vocare
3185 3536 3399 3604 possis;
3430 3545 3490 3590 ut
3513 3545 3606 3592 est

2008 3616 2062 3669 in
2096 3616 2379 3674 Glossario
2421 3619 2539 3676 Vet.
2578 3621 2868 3679 Balsamou
2905 3625 2973 3679 ad
3021 3624 3242 3682 Laodic.
3276 3643 3400 3684 can.
3440 3628 3594 3690 illum

2008 3708 2074 3764 57
2109 3732 2119 3764 :
2156 3710 2509 3783 Περιοδευταὶ
2538 3714 2595 3767 δέ
2623 3717 2760 3768 εἰσιν
2799 3719 2847 3769 ot
2884 3717 3126 3787 σήμερον
3160 3717 3596 3795 προϐαλλόμενοι

2007 3799 2159 3870 παρὰ
2189 3801 2297 3854 τῶν
2333 3805 2649 3857 ἐπισκόπων
2697 3805 2933 3876 ἔξαρχοι.
2974 3799 3136 3861 Οὗτοι
3167 3808 3275 3882 γὰρ
3315 3810 3598 3881 περιοδεύ-

2006 3909 2147 3956 ουσι,
2181 3895 2275 3946 καὶ
2302 3895 2626 3967 ὲπιτηροῦσι
2658 3897 2725 3949 τὰ
2751 3897 2959 3967 ψυχικὰ
2993 3899 3304 3971 σφάλματα,
3334 3902 3431 3954 καὶ
3460 3919 3597 3957 κατ-

2009 3983 2294 4054 αρτίζουσι
2338 3987 2464 4049 τοὺς
2522 3987 2770 4050 πιστούς.
2841 3987 2894 4042 In
2956 3992 3195 4046 concilio
3255 3992 3595 4051 Chalcedon.

2007 4072 2126 4127 Act.
2155 4074 2208 4140 4,
2230 4077 2258 4128 ό
2284 4076 2676 4142 εὑλαῧέστατος
2708 4079 3095 4153 πρεσϐύτερος,
3128 4085 3599 4160 καὶπεριοδευτὴς

2022 4165 2392 4238 Ἀλέξανδρος.
2435 4169 2564 4223 Item
2590 4171 2776 4226 Actor.
2823 4172 2891 4226 10
2925 4173 2979 4228 in
3013 4174 3197 4230 libello
3225 4189 3408 4231 contra
3437 4178 3596 4232 Ibam

2008 4273 2038 4313 a
2071 4259 2283 4316 clericis
2314 4259 2608 4317 Edessenis
2657 4264 2848 4319 oblato
2883 4285 2896 4320 :
2931 4266 3220 4322 Βαλέντιόν
3263 4286 3387 4326 τινα
3431 4271 3594 4344 ἐπίρ-

2010 4353 2173 4422 ρητον
2205 4352 2397 4424 ἄνδρα,
2427 4347 2488 4409 οὗ
2519 4355 2721 4420 πάντες
2762 4359 2810 4410 οἱ
2857 4361 3219 4431 συγκωμῆται
3253 4363 3597 4438 κατεϐόησαν

2010 4443 2300 4514 ἐγγράφως
2326 4445 2418 4498 καὶ
2448 4445 2712 4516 ἀγράφως
2740 4452 3002 4519 μοιχείαν,
3032 4452 3126 4506 καὶ
3151 4453 3581 4527 ἁρσενοκοιτίαν,

2009 4536 2383 4608 ἐχειροτόνησε
2447 4539 2851 4610 πρεσϐύτερον,
2911 4541 3004 4596 καὶ
3061 4544 3431 4617 περιοδευτήν.
3500 4546 3580 4600 Ibi

2005 4638 2402 4698 procuratorem
2451 4628 2680 4686 Latinus
2736 4635 3001 4704 interpres
3057 4637 3221 4693 vertit
3261 4657 3275 4692 :
3311 4639 3438 4694 alibi
3471 4641 3579 4692 cir-

2007 4722 2285 4775 cuitorem.
2317 4721 2440 4776 Fuit
2470 4723 2634 4793 igitur
2671 4727 3025 4800 περιοδευτής
3054 4729 3356 4802 presbyter,
3387 4739 3442 4786 et
3473 4731 3598 4801 qui-

2005 4812 2126 4867 dem
2155 4812 2214 4864 ἐν
2251 4812 2466 4884 κώμαις
2501 4814 2896 4888 chorepiscopo
2929 4819 3283 4877 substitutus.
3314 4820 3592 4877 Caeterum

2005 4920 2128 4959 cum
2161 4904 2549 4961 ecclesiasticae
2581 4922 2713 4978 opes
2744 4923 2808 4964 ac
2841 4910 3108 4978 pecunia},
3150 4927 3274 4982 quae
3299 4927 3496 4983 magna
3522 4927 3593 4968 ex

2006 5005 2158 5068 parte
2181 4997 2234 5050 in
2264 5013 2397 5052 usus
2414 5013 2717 5068 pauperum
2745 4999 3187 5068 insumebantur,
3213 5003 3436 5059 rusticis
3459 5018 3595 5073 quo-

2005 5105 2112 5158 que
2152 5089 2374 5159 pranliis
2427 5090 2870 5158 continerentur,
2923 5093 3050 5149 inde
3084 5094 3291 5150 factum
3327 5094 3590 5160 arbitror,

2009 5191 2066 5234 ut
2091 5197 2281 5236 earum
2311 5198 2493 5236 rerum
2525 5184 2737 5238 curatio
2766 5185 3180 5257 chorepiscopis
3207 5187 3586 5246 mandaretur.

2005 5273 2270 5342 Quocirca
2326 5274 2622 5344 peculiaris
2662 5275 2776 5330 hare
2818 5276 3062 5344 ipsorum
3105 5278 3314 5335 functio
3349 5279 3482 5344 fuit,
3531 5289 3592 5336 ut

2005 5358 2247 5423 Neocaas.
2300 5383 2477 5422 canon
2534 5369 2599 5422 l3
2649 5366 2926 5433 admonet,
2964 5370 3032 5424 ad
3069 5387 3229 5440 quem
3290 5372 3587 5429 Balsamou

2002 5460 2072 5514 τὰ
2107 5458 2346 5533 nupta-ica
2407 5460 2501 5514 καὶ
2538 5459 2793 5532 πτωχικὰ
2846 5463 3107 5533 χρήματα
3158 5463 3464 5534 dispensari
3520 5468 3592 5521 ab

2006 5554 2115 5609 illis
2143 5553 2388 5609 adnotat.
2430 5552 2675 5611 Zonaras
2715 5569 2937 5625 quoque
2973 5572 2988 5609 :
3039 5555 3150 5620 Τὰς
3183 5555 3290 5628 γὰρ
3320 5556 3432 5611 τῶν
3468 5558 3588 5612 Ἑκ-

2006 5644 2266 5716 κλησιῶν,
2287 5639 2362 5702 ὧν
2391 5647 2740 5719 προῖσταντο,
2768 5647 3065 5718 προσόδους
3101 5651 3180 5712 εἰς
3232 5650 3482 5719 πτωχοὺς
3508 5652 3591 5704 ἀν-

2007 5739 2522 5812 αλίσκεινῶφειλον,
2543 5742 2637 5796 καὶ
2671 5743 3015 5815 προνοεῖσθαι
3050 5743 3245 5801 αὐτῶν.
3282 5743 3422 5797 Τιιιιι
3459 5757 3586 5799 vero
