3832 6220
217 282 370 341 10πό

1460 283 1548 340 DE
1586 286 1858 348 DUPLICI
1897 293 2131 354 CYCLO.

3359 305 3500 364 ιοει

220 397 505 450 Damasus
538 412 550 448 :
588 393 693 450 Sed
726 397 872 464 quia,
918 391 1023 450 Deo
1063 395 1287 464 gratias,
1324 397 1480 450 modo
1518 405 1778 455 necessari

1894 455 1896 465 ι
1933 410 2159 465 termitti
2198 409 2351 466 nel‘as
2385 409 2639 466 arbitror.
2672 407 2732 463 In
2778 410 2977 482 primis
3003 412 3236 470 Basilius
3270 413 3499 484 epistola

211 487 365 544 sicut
420 487 476 540 in
524 488 799 556 primitira
850 486 1114 555 Ecclesia,
1144 495 1357 558 propter
1383 488 1641 555 studium,
1671 495 1810 563 quod

207 593 348 648 erga
375 594 637 648 pauperes
664 579 962 650 exigebant,
1006 596 1109 634 non
1135 589 1281 647 sunt,
1314 589 1419 637 etc.
1448 581 1576 638 Cor.
1599 584 1812 640 exhibe.

209 671 348 725 baut
392 686 460 726 ex
515 669 709 725 Latina
758 671 992 728 canonis
1033 671 1278 729 Neocres.
1333 673 1805 746 interpretatione,

214 775 394 830 quam
432 775 500 815 ex
532 759 796 832 Dionysio
830 759 1045 830 Exiguo
1083 761 1354 818 Damasus
1379 764 1470 818 ille
1493 766 1786 837 descripsit

206 861 278 907 ut
308 853 391 908 vel
424 868 494 908 ex
523 853 627 908 boe
654 853 776 924 ipso
799 863 1128 910 vetustatem
1155 856 1278 926 ejus
1299 872 1590 927 agnoscas,
1615 875 1806 930 quem-

207 945 512 998 admodum
543 953 598 998 et
632 959 697 999 ex
734 944 826 999 illa
855 946 1113 1015 loquendi
1149 948 1361 1003 ratione
1389 937 1404 1003 ἑ
1435 949 1573 1004 sicut
1610 951 1664 1004 in
1695 951 1806 1018 pri-

207 1036 404 1089 mitiva
439 1035 719 1101 Ecclesia;
747 1051 811 1092 ac
841 1047 1119 1106 postremo
1144 1039 1312 1094 etiam
1339 1055 1407 1096 ex
1440 1055 1507 1096 eo
1532 1043 1678 1112 quod
1700 1042 1806 1098 sub

204 1126 462 1196 epistolae
495 1125 661 1181 tinem
691 1127 760 1182 de
797 1127 970 1182 Paulo
1011 1128 1084 1183 ita
1122 1130 1369 1200 loquitur
1399 1150 1415 1188 :
1459 1132 1596 1186 Cum
1641 1133 1804 1187 etiam

203 1218 451 1288 egregius
500 1217 822 1286 prwdicator
848 1219 992 1272 dicat
1019 1234 1037 1273 :
1070 1219 1346 1290 quomodo
1408 1220 1640 1276 Paulum
1674 1223 1803 1277 ἀντ-

202 1308 608 1379 ωνομαστικῶς
627 1307 923 1380 Gregorius
941 1309 994 1364 in
1031 1310 1253 1366 bomilia
1280 1311 1348 1364 '57
1378 1312 1435 1364 in
1461 1310 1668 1384 Evang.
1701 1330 1800 1368 vo-

205 1408 324 1454 cat.
367 1400 500 1479 the
530 1401 738 1466 omnia,
792 1410 853 1456 ut
893 1411 949 1457 et
982 1402 1088 1458 alia
1127 1413 1406 1467 sexcenta,
1439 1407 1799 1463 recentiorem

203 1493 459 1548 auctoris
488 1504 704 1549 atatem
734 1493 1015 1566 detegunt.
1059 1495 1360 1566 Πτωχικῶν
1390 1498 1712 1569 χρημάτων,
1745 1507 1801 1555 et

203 1591 492 1637 certorum
529 1583 836 1649 hominum,
871 1585 962 1655 qui
999 1587 1266 1656 pecunias
1298 1587 1420 1642 illas
1443 1589 1798 1646 administra-

203 1672 365 1738 bant,
388 1674 634 1729 meminit
659 1674 922 1747 Synesius
941 1677 993 1731 in
1027 1677 1297 1734 luculenta
1319 1679 1411 1734 illa
1438 1680 1664 1750 epistola
1687 1681 1794 1736 67:

1927 516 2094 570 quam
2129 501 2420 558 Balsamon
2451 502 2592 557 inter
2614 500 2922 559 Decretales
2951 505 3153 574 posuit,
3181 506 3501 577 antiquissi-I

1928 607 2078 647 mum
2133 593 2284 651 hunc
2325 595 2381 650 in
2418 593 2661 650 Ecclesia
2695 596 2858 650 ritum
2895 595 3065 652 fuisse
3099 596 3278 662 docet,
3315 607 3373 653 ut
3399 599 3497 668 qui

1928 685 1995 738 ad
2031 684 2292 742 Ecclesia:
2321 685 2688 744 ministeriu'm
2717 687 3126 752 adhiberentur,
3157 703 3186 742 a
3215 689 3496 760 presbyte-

1919 770 1999 826 ris
2047 782 2102 826 et
2143 773 2398 830 diaconis
2441 785 2568 830 ante
2612 775 2798 830 omnia
2844 777 3056 846 probati
3091 777 3494 849 cborepiscopis

1917 866 2458 930 commendarentur,
2485 868 2548 922 02
2577 867 2677 931 τὰς
2709 867 2863 937 παρὰ
2909 868 3020 921 τῶν
3054 867 3322 939 ἀληθινῶς
3363 888 3498 944 pap-

1912 953 2222 1024 τυρούντων
2275 954 2557 1025 δεξάμενοι
2613 955 2864 1027 ψήφους,
2929 954 3024 1008 καὶ
3085 956 3495 1026 ὑπομνήσαντες

1912 1043 2232 1109 ἐπίσκοπον,
2280 1043 2454 1108 οὕτως
2490 1045 2818 1116 ὲνηρίθμουν
2855 1045 2944 1099 τὸν
2979 1045 3256 1116 ὑπηρέτην
3288 1045 3366 1116 τῷ
3395 1047 3492 1102 τά·

1911 1149 2087 1204 γματι
2112 1132 2221 1187 τῶν
2258 1133 2573 1206 ἱερατικῶν.
2617 1134 2718 1190 Cui
2760 1136 3143 1191 consuetudini
3171 1136 3491 1208 derogatum

1911 1239 1941 1277 a
1972 1224 2393 1295 chorepiscopis
2436 1225 2711 1294 queritur,
2752 1226 2848 1296 qui
2885 1243 3103 1281 onmem
3137 1225 3205 1280 ad
3239 1241 3360 1282 sese
3391 1226 3491 1281 ad-

1909 1316 2324 1371 sciscendorum
2363 1315 2629 1371 Ecclesia:
2680 1316 3060 1372 ministrorum
3109 1319 3490 1373 auctoritatem

1909 1405 2302 1472 transferrent,
2349 1421 2414 1460 ac
2460 1415 2736 1478 postremo
2767 1407 3099 1479 presbyteris
3138 1416 3193 1462 et
3242 1407 3490 1466 diaeonis

1910 1501 2309 1571 permitterent,
2361 1509 2418 1552 ut
2449 1512 2589 1568 quos
2627 1499 2849 1562 vellent,
2872 1501 3036 1554 etiam
3077 1500 3488 1570 indignissimos

1906 1599 2246 1661 cooptarent.
2285 1590 2361 1644 De
2402 1589 2757 1644 subdiaconis
2816 1591 3140 1661 Ctl'lct‘lsquc
3181 1591 3487 1646 minoribus

1911 1685 2129 1740 cleﬁeis
2163 1683 2434 1739 duntaxat
2465 1682 2532 1736 iis
2562 1681 2827 1751 loquitur,
2857 1682 2952 1753 qui
2987 1683 3040 1736 iu
3085 1683 3314 1754 paganis
3359 1697 3486 1738 cerr-

206 1772 406 1834 ntpnta
445 1764 798 1836 Lamponiani
839 1769 1160 1840 presbyteri.
1201 1783 1254 1823 et
1282 1778 1407 1825 ante
1465 1771 1608 1826 hunc
1639 1771 1801 1827 Dios-
1838 1779 1878 1833 Β
1904 1785 2158 1831 serentur
2209 1773 2476 1829 ecclesiis.
2528 1772 2724 1826 Subdit
2773 1768 2921 1826 enim
2973 1773 3108 1826 :Atb
3152 1772 3336 1826 πολλοὶ
3383 1771 3486 1843 μὲν

202 1857 328 1910 cori
386 1859 648 1928 episcopi,
702 1860 770 1915 de
821 1877 932 1930 quo
988 1862 1088 1917 ista
1137 1864 1365 1920 scribit:
1408 1863 1616 1936 Πολλὴν
1646 1861 1802 1935 οἶμαι

201 1943 372 2014 χάριν
399 1946 635 2015 ὀφείλειν
673 1949 822 2020 αὐτῷ
852 1951 977 2014 τοὺς
1010 1954 1068 2005 ἐν
1113 1951 1492 2025 Ἀλεξανδρείᾳ
1526 1955 1790 2025 συμπτώ-

200 2055 359 2108 χους,
396 2032 472 2092 ὧν
517 2042 645 2105 τοὺς
682 2043 888 2113 ἀγροὺς
937 2045 1178 2102 ἐκπονεῖ.
1211 2044 1402 2102 Finem
1441 2046 1508 2102 de
1539 2047 1796 2118 chorepi-

200 2132 392 2201 scopis
407 2132 721 2202 disputandi
748 2134 1004 2202 facerem,
1031 2137 1134 2192 nisi
1158 2139 1224 2194 ad
1248 2153 1438 2194 eorum
1463 2138 1796 2196 iunctionem

201 2223 584 2279 Alustrandam
613 2240 781 2296 pauca
804 2228 1054 2298 qutedam
1095 2240 1465 2300 superessent,
1498 2247 1622 2302 quae
1643 2247 1782 2302 pra:-

199 2395 855 2421 mm

1907 1867 2182 1940 ὑπηρέται
2213 1865 2574 1938 ἀριθμοῦνται
2600 1863 2720 1918 καθ’
2752 1863 2987 1935 ἑκάστην
3015 1863 3228 1936 κώμην.
3263 1864 3342 1918 Ad
3368 1863 3486 1919 Inec

1905 1960 2156 2016 Gelasius
2177 1959 2480 2030 Cyzicenus
2502 1957 2598 2014 lib.
2621 1971 2680 2010 ιιι
2712 1955 2788 2010 De
2816 1975 2961 2014 conc.
2977 1956 3220 2023 Nicwno,
3243 1971 3366 2010 can.
3390 1955 3482 2018 54.

1917 2055 2008 2118 55,
2059 2063 2116 2108 et
2165 2052 2520 2123 sequentibus
2558 2051 2726 2106 multa
2770 2049 2838 2104 de
2886 2048 3299 2120 cborepisc0pis
3338 2049 3483 2104 scitu

1905 2143 2066 2212 digna
2101 2145 2366 2210 continet,
2397 2160 2518 2215 quas
2553 2154 2609 2200 tu
2641 2142 2888 2199 consule.

2865 2401 3483 2426 m

829 2551 935 2614 DE
976 2551 1286 2620 DUPLICI
1334 2552 1596 2616 CVCLO
1647 2554 1744 2613 ΕΤ
1790 2551 2446 2618 EMBOLISMORUM
2494 2551 2878 2619 RATIONE.

1463 2720 1543 2773 Ad
1581 2720 1710 2774 liter.
1754 2734 1906 2784 ιχιχ,
1938 2718 2044 2773 col.
2080 2717 2201 2772 186.

274 2939 502 3012 Duplex‘
537 2940 683 3012 apud
733 2949 944 2998 veteres
1001 2941 1239 3010 computi
1301 2941 1595 3012 magistros
1655 2941 1786 3001 olim

198 3035 392 3106 cyclus
419 3033 649 3098 exstitit,
675 3048 800 3088 cum
831 3033 981 3088 aurei
1017 3033 1228 3088 numeri
1263 3032 1417 3089 fastis
1444 3032 1783 3088 ascriberen-

200 3135 295 3179 tur
331 3143 345 3180 :
383 3125 520 3180 alter
548 3124 1082 3190 decemuovennalis,
1121 3124 1259 3178 alter
1298 3124 1526 3181 lunaris.
1558 3123 1777 3179 Decem-

196 3211 548 3274 novennalis,
571 3220 631 3265 ut
663 3211 803 3266 Beda
837 3211 1038 3281 sacpius
1071 3211 1324 3279 inculcat,
1361 3213 1427 3268 ad
1461 3213 1776 3268 methodum

193 3301 736 3370 quartadecimarum
757 3301 1100 3358 Pascbalium
1129 3303 1382 3360 iuventus
1409 3312 1511 3370 est,
1545 3314 1606 3359 ut
1635 3313 1779 3359 stato

193 3393 287 3445 die
311 3392 552 3461 quolibet
574 3408 720 3447 anno
745 3409 842 3464 per
867 3393 1054 3448 orbem
1079 3395 1336 3450 redirent.
1370 3394 1541 3466 Ilujus
1563 3397 1777 3452 initium

194 3487 306 3544 est,
337 3490 562 3535 auctore
620 3480 784 3548 Beda,
840 3497 869 3536 a
919 3481 1168 3538 Pascltali
1212 3498 1419 3548 mense,
1466 3484 1570 3542 hoc
1621 3493 1704 3539 est
1748 3501 1778 3540 a

196 3571 391 3627 citima
448 3573 706 3638 termino,
769 3573 864 3644 qui
905 3583 989 3629 est
1030 3588 1107 3628 χιι
1153 3572 1374 3632 Kalend.
1425 3573 1778 3645 Apr.,lIartii

194 3675 316 3719 xxi.
340 3663 512 3732 Cujus
564 3663 774 3734 primus
812 3681 989 3721 annus
1017 3680 1244 3722 aureum
1287 3681 1576 3722 numerum
1618 3668 1782 3725 habet

196 3769 317 3818 χιχ,
352 3754 561 3824 initque
610 3771 676 3810 ex
712 3755 780 3811 A.
810 3756 874 3812 D.
913 3756 1056 3828 prid.
1087 3755 1229 3812 Non.
1262 3746 1394 3828 Apr.
1437 3758 1553 3814 sive
1580 3757 1782 3829 Aprilis

199 3861 255 3904 tv
285 3865 300 3901 :
335 3846 423 3900 cui
474 3847 526 3900 in
569 3856 749 3902 vetere
780 3847 1109 3904 Kalendario
1159 3848 1430 3918 ascriptus
1459 3857 1544 3906 est
1583 3865 1782 3905 aureus

197 3951 467 3994 numerus
524 3953 637 3992 χιχ.
692 3939 903 4012 Quippe
966 3940 1180 4011 cyclum
1234 3940 1780 3996 decemnovennalem

197 4045 314 4087 non
354 4030 423 4089 ab
468 4047 636 4086 aureo
696 4047 932 4088 numero
965 4047 1073 4087 tac
1109 4047 1244 4090 χχιιι
1283 4031 1484 4098 Martii,
1507 4033 1598 4088 sed
1633 4048 1663 4088 a
1690 4048 1779 4087 χιχ

197 4123 523 4179 inchoatum
579 4120 771 4187 fuisse,
820 4131 875 4177 et
906 4123 976 4177 ab
1005 4123 1208 4192 Aprilis
1257 4138 1307 4177 tv
1346 4123 1557 4177 erudite
1591 4123 1784 4193 probat

196 4213 397 4270 Petrus
444 4212 657 4271 Pitatus
733 4212 1062 4269 Veronensis
1113 4229 1387 4268 canonum
1437 4213 1780 4273 Paschalium

194 4321 322 4376 cap.
355 4306 424 4373 6;
458 4314 512 4362 et
541 4316 668 4359 ante
696 4304 846 4362 illum
860 4305 1041 4358 docuit
1061 4303 1265 4360 Paulus
1289 4304 1780 4375 Forosempronius

1898 2937 2116 2992 initium
2151 2936 2408 2991 statuitur
2453 2933 2626 2993 Nonis
2647 2935 2959 2993 Decembris
2991 2936 3224 3008 (corrige
3245 2951 3362 3000 vrtt,
3396 2935 3476 2991 Id.

1893 3027 2147 3084 Decemb.
2177 3026 2309 3081 Nam
2344 3043 2410 3083 ex
2445 3027 2776 3098 compendio
2800 3038 3053 3082 notarum
3086 3027 3362 3098 profectus
3393 3037 3479 3084 est

1886 3136 2063 3185 error,
2127 3135 2251 3174 cum
2321 3119 2584 3189 scripturn
2637 3127 2782 3174 esset
2834 3135 2932 3175 vrtt
2976 3119 3077 3186 Id.,
3104 3119 3248 3188 quod
3291 3117 3474 3175 Nonas

1882 3208 2011 3266 Dec.
2063 3209 2319 3264 librarius
2357 3224 2479 3263 esse
2522 3209 2795 3280 credidit).
2830 3209 3014 3279 Atqui
3065 3224 3240 3264 annus
3269 3209 3338 3263 ab
3377 3225 3474 3264 vrtt

1881 3301 1960 3356 Id.
2013 3300 2140 3356 Dec.
2183 3300 2515 3371 auspicatur,
2571 3315 2854 3356 numerum
2899 3315 3125 3355 aureum
3154 3301 3321 3371 exigit
3357 3317 3471 3356 xrx.

1883 3393 2026 3449 Satis
2062 3394 2224 3464 igitur
2272 3401 2488 3448 constat
2532 3392 2744 3464 cyclum
2800 3392 3356 3448 decemnovennalem
3404 3392 3473 3448 ab

1881 3500 2048 3544 aureo
2075 3498 2306 3538 numero
2331 3500 2425 3538 χιχ
2448 3483 2660 3537 ἰιιὶιὶιιιιι
2691 3498 2905 3555 capere.
2945 3483 3119 3554 Cujus
3147 3485 3260 3538 haec
3291 3484 3467 3540 aﬂ'erri

1881 3592 2050 3631 causa
2125 3583 2351 3645 potest:
2391 3572 2621 3628 Romani
2669 3590 2959 3630 aureorum
3006 3589 3358 3628 numerorum
3405 3589 3472 3629 ac

1882 3667 2017 3736 cycli
2072 3665 2588 3722 decernnovennalis
2638 3665 2952 3719 methodum
2991 3664 3060 3718 ab
3086 3663 3470 3720 Alexandrinis

1882 3764 2233 3828 acceperunt.
2285 3754 2387 3822 Qui
2438 3770 2562 3814 cum
2595 3752 2775 3808 Thotlr
2831 3769 3013 3819 suum,
3058 3752 3303 3823 adeoque
3337 3753 3469 3809 anni

1883 3847 2210 3920 principium
2235 3846 2304 3901 ab
2331 3846 2559 3916 Augusti
2585 3861 2709 3899 χχιχ
2732 3845 3012 3907 ducerent,
3041 3859 3238 3900 aureos
3272 3861 3468 3900 nume-

1884 3954 1974 3994 ros
2013 3937 2251 3992 indidem
2295 3935 2648 3992 inchoabant.
2693 3933 2806 3990 llos
2843 3935 3037 3990 imitati
3067 3943 3252 4001 postea
3268 3931 3470 4002 Latini,

1883 4025 1978 4101 qui
2028 4041 2062 4084 a
2118 4023 2368 4082 Paschali
2415 4039 2623 4087 mense,
2663 4023 2768 4078 hoc
2816 4034 2902 4078 est
2933 4023 3148 4087 Martio,
3186 4025 3268 4078 vel
3292 4024 3464 4094 Aprili

1884 4132 2104 4172 sacrum
2147 4131 2350 4171 annum
2394 4115 2731 4180 ordirentur,
2771 4129 2968 4170 aureos
3016 4129 3292 4180 numeros,
3324 4130 3466 4184 quos

1883 4223 2005 4263 cum
2061 4205 2442 4263 Alexandrinis
2489 4206 2555 4261 ad
2616 4221 2788 4276 usque
2825 4216 3112 4261 exeuntem
3152 4208 3459 4277 Augustum

1883 4314 2202 4354 communes
2230 4298 2555 4363 habuerant,
2578 4306 2690 4354 toto
2711 4313 2856 4353 anno
2884 4299 3255 4372 pertexebant.
3292 4299 3463 4371 Igitur

196 4398 392 4466 prima:
421 4397 591 4467 partis
620 4397 757 4453 libro
805 4412 877 4454 νι.
909 4393 1020 4450 Nec
1069 4395 1225 4449 aliter
1251 4395 1391 4451 Beda
1420 4411 1544 4451 cum
1574 4397 1695 4452 aliis
1723 4397 1774 4451 in

1894 4405 2031 4444 anno
2082 4389 2413 4466 Dionysiano
2465 4388 2593 4456 284,
2630 4389 2780 4460 cyclo
2831 4389 3308 4446 deremnovennali
3346 4407 3462 4456 χιχ,

198 4489 362 4553 loeis,
414 4499 529 4567 tum
580 4490 720 4544 libro
749 4489 826 4544 De
867 4498 1028 4557 temp.
1051 4497 1156 4540 rat.
1187 4503 1306 4557 cap.
1337 4488 1424 4551 54,
1452 4488 1541 4543 ubi
1570 4489 1779 4560 cyclum

197 4583 448 4637 lunarem
496 4597 621 4636 cum
665 4579 1148 4636 decetunorennali
1197 4594 1527 4651 proponens,
1575 4595 1778 4634 annum

196 4675 352 4730 illius
403 4673 636 4744 primum
691 4689 814 4728 cum
858 4673 1366 4728 decemnovennalis
1404 4672 1540 4748 cycli
1583 4683 1780 4743 quarto

195 4765 507 4836 conjungit,
566 4774 620 4818 et
673 4779 704 4817 a
762 4763 989 4822 Kalend.
1031 4761 1308 4819 Ianuariis
1341 4763 1586 4817 inchoari
1625 4763 1776 4819 dicit.

197 4856 508 4912 Estautem
539 4854 815 4910 Ianuariis
849 4855 1103 4911 Kalendis
1132 4854 1324 4912 alIixus
1358 4869 1557 4909 aureus
1583 4870 1777 4910 nume-

195 4965 297 5004 rus
355 4963 435 5003 ιιι.
487 4947 654 5019 Igitur
700 4949 913 5018 primus
959 4957 1046 5004 est
1093 4962 1387 5016 xrx,aquo
1424 4956 1652 5020 quartus
1693 4957 1778 5003 est

194 5038 413 5092 tertius.
473 5038 628 5104 Quod
686 5038 740 5092 in
783 5037 1139 5108 sequentibus
1209 5035 1484 5107 cyclorum
1532 5035 1777 5091 numeris

190 5138 512 5185 caustanter
569 5137 734 5184 tenet.
786 5127 1027 5198 Exempli
1087 5142 1251 5182 causa
1297 5143 1474 5180 annus
1520 5127 1654 5188 rycli
1698 5126 1778 5181 lu-

192 5221 347 5274 naris
399 5236 487 5274 xvr
540 5219 697 5274 Beda:
733 5228 815 5274 est
865 5216 1376 5275 decemnovennalis
1424 5232 1544 5280 χιχ,
1597 5216 1688 5286 qui
1744 5232 1774 5270 a

193 5327 288 5366 χιιι
337 5310 458 5366 Kal.
518 5309 746 5368 Januar.
801 5311 1014 5380 incipit,
1072 5311 1200 5365 Dec.
1247 5325 1396 5376 xvu;
1457 5324 1488 5362 a
1531 5324 1641 5376 quo
1694 5308 1776 5362 in-

191 5407 330 5473 crpit
383 5418 562 5458 annus
617 5403 703 5458 cui
743 5418 1006 5460 numerus
1068 5416 1268 5459 aureus
1321 5400 1573 5456 convenit
1619 5414 1771 5455 χλιιι.

191 5494 434 5550 Proinde
472 5508 676 5549 aureus
728 5509 996 5549 numerus
1037 5509 1196 5558 xvm,
1228 5505 1310 5547 est
1347 5508 1440 5551 χιχ
1511 5492 1645 5564 cycli
1681 5492 1774 5547 de-

189 5585 665 5642 ccrnnovennalis.
737 5583 1024 5641 Postremo
1085 5600 1207 5639 cum
1255 5583 1771 5639 decemnovennalis

190 5678 330 5754 cycli
359 5679 540 5752 primo
565 5694 710 5735 anno
739 5678 952 5736 lunaris
990 5694 1099 5734 xvn
1144 5677 1510 5748 componitur,
1541 5676 1770 5749 ejusque

1884 4481 2237 4535 Alexandrini
2286 4481 2355 4535 ab
2402 4479 2632 4551 Augusti
2664 4497 2792 4535 χχιχ
2846 4481 2954 4545 die,
2984 4483 3192 4551 cyclum
3227 4485 3458 4554 primum

1884 4588 2181 4631 numerare
2234 4583 2518 4643 coeperunt
2551 4590 2563 4625 :
2618 4571 2846 4628 Romani
2880 4590 3010 4630 vero
3052 4583 3224 4630 totum
3255 4591 3459 4630 annum

1881 4665 2162 4720 Iulianum
2214 4681 2382 4722 aureo
2440 4683 2671 4721 numero
2725 4683 2814 4721 χιχ
2870 4668 3278 4738 consignaruut.
3331 4668 3460 4724 Post

1883 4776 2027 4813 anno
2070 4759 2175 4814 ἓεὸ
2233 4777 2356 4814 cum
2409 4760 2796 4816 Alexandrinis
2841 4776 3066 4817 aureum
3112 4777 3400 4818 numerum
3441 4779 3459 4818 I

1880 4856 2065 4909 exorsi
2115 4865 2264 4910 sunt.
2307 4853 2383 4909 Ex
2417 4871 2528 4924 quo
2559 4855 2765 4910 factum
2821 4863 3063 4925 apparet,
3104 4863 3165 4910 ut
3197 4855 3333 4925 cycli
3367 4869 3458 4909 χιχ

1880 4947 2090 5020 primus
2143 4963 2320 5001 annus
2369 4945 2530 5001 fuerit
2572 4947 2724 5000 aurei
2764 4946 2978 5000 numeri
3012 4961 3122 5020 xix.
3151 4945 3285 5000 Nam
3314 4945 3456 5016 quod

1879 5018 2180 5093 doctissimi
2235 5037 2456 5111 quidam
2516 5051 2743 5092 aureum
2809 5018 3096 5092 numerum
3143 5051 3202 5090 ιιι
3240 5036 3455 5089 initium

1879 5128 2396 5186 decemnoi'cnnalis
2425 5129 2560 5200 cycii
2593 5130 2956 5194 constituunt,
2995 5135 3279 5198 propterea
3311 5125 3456 5197 quod

1880 5221 1999 5282 Kal.
2030 5220 2152 5277 Jan.
2187 5222 2377 5276 alIixus
2425 5230 2529 5288 est,
2562 5231 2752 5277 contra
2789 5220 2947 5276 Beda:
2983 5221 3322 5290 aliorumque
3372 5235 3450 5274 ve-

1882 5323 2055 5370 terum
2081 5313 2132 5368 id
2163 5313 2544 5368 auctoritatem
2581 5322 2865 5378 asserunt;
2917 5327 3094 5383 neque
3148 5313 3294 5366 enim
3343 5317 3454 5366 ani-

1879 5402 2228 5460 madvertunt
2258 5405 2393 5478 cycli
2421 5420 2510 5460 χιχ
2539 5403 2754 5458 initium
2779 5401 3228 5468 nonaJanuario,
3265 5404 3358 5459 sed
3386 5408 3454 5461 ab

1876 5495 2069 5564 Aprili,
2092 5494 2198 5550 hoc
2223 5503 2307 5550 est
2339 5495 2409 5550 ab
2441 5510 2504 5550 ea
2541 5495 2691 5563 luna,
2718 5511 2840 5566 quae
2877 5494 2932 5549 in
2963 5493 3201 5564 Aprilem
3233 5495 3453 5563 desinit,

1875 5603 1940 5640 ex
1975 5587 2188 5640 illorum
2235 5586 2500 5642 sententia
2531 5585 2750 5644 deduci.
2787 5584 2927 5642 Hinc
2961 5602 3166 5642 annum
3210 5603 3452 5657 prunum

1876 5694 1940 5732 ex
1978 5677 2215 5748 Dionysii
2241 5677 2492 5733 instituto
2519 5687 2744 5734 veteres
2770 5678 2846 5734 illi
2869 5677 3108 5736 dicunta
3137 5683 3278 5751 prid.
3311 5677 3448 5733 bon.
