3832 6220
246 295 276 350 ι
288 298 392 354 01.7

992 299 1079 355 DE
1118 299 1460 356 SlRMlENSl
1506 298 1592 356 ET
1629 296 2004 354 ANCYRANA
2044 297 2612 359 PSEUDOSYNODO.

3385 301 3518 360 I458

243 412 602 470 intercalaris
651 415 858 471 mensis
907 418 1254 487 appendicem
1296 417 1572 486 excipiat:
1615 431 1740 470 nam
1783 424 1838 471 et
1867 421 1912 478 Α
1940 423 2065 471 octo
2097 414 2389 482 detractis,
2429 432 2576 486 quos
2618 417 2869 487 Superior
2919 415 3277 474 embolismus
3312 419 3521 474 exhau-

239 515 536 577 propterea
577 507 1146 564 enneadecaeteridem
1177 526 1230 564 ιιι
1263 507 1566 580 ogdoadem
1601 517 1655 562 et
1702 507 1835 562 heu-

241 595 513 652 decadem
546 597 741 668 partiri
775 599 978 663 solent,
1018 600 1096 654 uti
1150 599 1294 655 Beda
1335 599 1464 654 facit
1503 598 1599 653 lib.
1639 597 1710 651 De
1741 614 1835 650 ra-

250 688 406 742 tione
435 697 758 760 temporum,
779 703 902 759 cap.
920 693 1012 760 η,
1027 702 1081 749 et
1094 692 1323 766 ogdoadi
1366 699 1477 746 tres
1510 690 1838 746 embolimos

245 796 497 848 menses,
530 781 832 838 bendecadi
859 789 1158 852 quaternos
1179 781 1504 837 attribuunt.
1530 780 1670 836 Hinc
1692 778 1839 834 Alri-

244 887 430 927 canus
455 872 596 943 apud
621 870 842 928 Hieron.
878 873 936 926 in
960 889 1080 944 cap.
1112 887 1168 928 ιι
1193 871 1374 939 ~Dau.,
1408 870 1602 938 erci,
1635 871 1832 942 inquit,

243 975 301 1018 et
344 965 528 1020 Judaei
582 982 674 1035 per
719 961 840 1020 octo
871 983 1038 1021 annos
1089 966 1251 1019 trium
1301 965 1559 1020 mensium
1617 963 1839 1034 ὲμϐολι-

249 1055 430 1126 epod;
459 1056 684 1125 faciunt.
719 1055 798 1110 Ac
831 1055 1045 1110 tametsi
1072 1054 1280 1110 mensis
1305 1055 1513 1124 integer
1550 1068 1659 1108 non
1692 1064 1842 1108 octa-

246 1163 324 1202 vo
356 1162 538 1212 anno,
577 1148 673 1202 sed
720 1163 867 1202 nono
894 1162 959 1202 ex
999 1147 1194 1202 diebus
1235 1145 1473 1201 residuis
1520 1153 1837 1215 consurgat,

249 1241 621 1296 nihilominus
657 1239 797 1310 quod
824 1247 881 1294 et
909 1239 1158 1308 proxime
1187 1237 1417 1294 solidam
1452 1237 1519 1292 ad
1558 1235 1837 1308 syzygiam

248 1331 584 1402 appendices
612 1331 718 1386 illae
740 1330 858 1386 dies
889 1331 1188 1396 accedant,
1229 1339 1283 1386 et
1319 1330 1464 1401 quod
1499 1344 1566 1384 ex
1593 1328 1838 1399 superio-

244 1438 382 1477 rum
426 1437 697 1477 annorum
727 1422 1024 1477 ratiocinio
1055 1436 1273 1492 semper
1313 1421 1518 1492 aliquid
1574 1421 1840 1492 supersit,

249 1529 372 1586 quo
400 1514 646 1570 defectus
678 1515 770 1570 ille
803 1525 1221 1586 compensetur,
1266 1524 1462 1571 octavo
1496 1530 1640 1569 anno
1678 1513 1841 1570 inter-

250 1606 458 1663 calaris
488 1607 823 1678 adjungitur.

326 1699 488 1766 Quod
533 1708 715 1755 autem
764 1699 1008 1754 nondum
1040 1697 1192 1769 justo
1241 1699 1452 1754 dierum
1496 1715 1729 1755 numero
1777 1714 1844 1755 ex

1938 515 2104 574 serat,
2124 508 2366 578 quinque
2391 517 2444 564 et
2464 510 2655 579 viginti
2680 519 2908 575 restant,
2930 511 2997 565 ad
3022 525 3162 581 quos
3187 511 3522 582 complenda:

1941 600 2178 672 syzygiae
2202 617 2232 654 v
2272 601 2363 656 alii
2389 601 2508 658 dies
2545 602 2938 674 anticipantur,
2967 613 3021 659 et
3059 604 3348 659 undecimo
3376 620 3522 659 armo

1937 692 2084 748 Adar
2107 693 2390 749 inseritur.
2423 693 2625 748 Eadem
2651 703 2738 751 est
2767 695 2897 749 anni
2932 711 3024 750 xiv
3058 696 3226 751 ratio.
3259 693 3520 750 Couliunt

1938 782 2086 838 enim
2117 782 2238 839 dies
2297 771 2506 850 xxxtu,
2556 800 2623 840 ex
2673 784 2876 855 quibus
2908 800 2940 840 v
2981 783 3176 842 diebus
3227 787 3518 855 exemptis,

1940 869 2037 942 qui
2074 871 2127 926 in
2165 881 2512 953 antecessum
2550 874 2800 944 usurpati
2843 873 3089 940 fuerant,
3131 873 3522 945 relinquuntur

1941 978 2110 1017 xxvm
2133 963 2272 1027 dies,
2295 973 2349 1018 et
2366 964 2591 1019 biduum
2615 965 2684 1020 ad
2707 964 3094 1021 embolismum
3124 966 3520 1023 cumulandum

1940 1065 1972 1104 a
2007 1052 2365 1120 sequentibus
2391 1054 2648 1109 sumitur.
2677 1052 2883 1109 Deinde
2908 1067 3054 1110 anno
3081 1069 3192 1109 xvu
3222 1065 3428 1124 epactaa
3453 1057 3522 1112 ad

1941 1138 2060 1196 dies
2091 1158 2263 1197 χχχιιι
2290 1143 3214 1216 perveniunt.restitutoquebiduo
3259 1141 3356 1200 illo’
3396 1162 3522 1204 mu-

1942 1235 2182 1303 tuatitio,
2245 1252 2313 1291 ex
2378 1251 2511 1290 xxxi
2561 1235 2795 1306 reliquis
2849 1235 3208 1292 intercalatur
3253 1236 3423 1303 Adar,
3467 1249 3526 1293 et

1943 1343 2090 1384 unus
2118 1328 2236 1384 dies
2269 1337 2540 1400 superest.
2570 1329 2761 1398 Itaque
2807 1327 2864 1382 in
2915 1328 3020 1383 line
3054 1329 3195 1400 cycli
3225 1344 3375 1384 xxvn
3406 1328 3524 1385 dies

1943 1429 2200 1478 restant:
2255 1428 2311 1475 et
2365 1419 2731 1476 nihilominus
2781 1435 2856 1474 vn
2925 1420 3281 1476 intercalatur
3331 1420 3525 1476 embo-

1943 1513 2174 1578 lismus,
2230 1528 2376 1567 anno
2434 1528 2548 1567 χιιι.
2597 1509 2725 1567 Ilaec
2773 1511 2968 1568 Glossa
3012 1511 3081 1568 de
3123 1514 3260 1584 cycli
3310 1511 3526 1569 Judaici

1943 1615 2224 1662 contextu.
2259 1606 2318 1659 In
2366 1619 2479 1674 quo
2519 1605 2761 1660 nondum
2807 1605 3019 1675 expleta
3069 1607 3289 1676 syzygla
3335 1621 3526 1662 versu-

1944 1714 2062 1753 ram
2096 1697 2234 1762 lieri,
2262 1704 2317 1752 et
2357 1696 2648 1767 anticipari
2691 1696 2812 1764 dies
2839 1698 3054 1766 aliquot
3095 1697 3290 1752 vides:
3333 1707 3526 1754 contra

239 1792 467 1862 epactis
497 1791 727 1848 collecto
779 1805 1172 1860 nonnunquam
1196 1791 1550 1846 embolismos
1581 1792 1844 1848 anteverti
1877 1776 1919 1835 Β
1949 1805 2112 1861 quam
2153 1788 2401 1862 Scaliger
2445 1789 2538 1843 lib.
2568 1803 2644 1842 vn
2676 1787 2756 1844 De
2797 1790 3066 1844 emendat.
3104 1789 3160 1844 in
3200 1804 3384 1859 comp.
3429 1788 3528 1845 Ju-

257 1899 325 1939 ac
366 1883 692 1955 prmcipitari
732 1883 994 1947 diximus,
1027 1882 1290 1938 illustrari
1323 1891 1496 1953 potest
1525 1898 1592 1938 ex
1633 1880 1848 1939 Iudaici

245 1974 399 2046 cycli
427 1973 809 2044 dispositione,
835 1973 1053 2042 qualem
1083 1970 1276 2028 Clossa
1309 1972 1500 2043 primae
1540 1973 1712 2043 partis
1744 1969 1846 2027 Jad

253 2063 330 2118 Β.
385 2062 537 2118 Mose
588 2061 844 2116 Tractatu
879 2060 1159 2115 Kiddusch
1206 2060 1534 2115 hachodesch
1586 2061 1850 2116 describit

256 2172 383 2228 cap.
409 2157 462 2220 l,
489 2154 606 2227 §2=
645 2156 904 2210 nimirum
941 2165 1162 2225 epactas
1201 2156 1330 2209 anni
1360 2171 1376 2209 ι
1411 2163 1466 2210 et
1503 2170 1564 2220 ιι,
1609 2155 1663 2208 in
1691 2155 1848 2226 cyclo

255 2248 492 2304 Judaico
526 2262 651 2303 cum
677 2247 883 2318 epactis
905 2263 938 2300 v
965 2247 1236 2302 mensium
1269 2247 1398 2301 anni
1434 2246 1577 2301 tertii
1605 2246 1673 2301 ad
1700 2262 1847 2303 xxvn

258 2342 385 2397 dies
425 2342 683 2396 accedere
720 2359 735 2395 :
782 2340 1014 2411 ideoque
1052 2340 1119 2395 ad
1168 2339 1630 2410 complementum
1659 2340 1850 2397 embo-

254 2435 414 2490 lismi
457 2433 666 2490 mensis
701 2434 944 2488 triduum
974 2449 1039 2488 ex
1075 2433 1236 2488 annis
1266 2433 1626 2503 sequentibus
1661 2443 1850 2488 mutuo

257 2527 459 2596 accipi.
490 2526 678 2581 Postea
723 2542 791 2580 ex
836 2524 1062 2580 residuo
1085 2525 1217 2578 anni
1252 2525 1393 2578 tertii
1440 2534 1494 2580 et
1542 2539 1610 2580 ex
1652 2533 1850 2596 quarto

257 2632 327 2672 ac
361 2619 554 2687 quinto
589 2630 696 2670 una
735 2630 858 2670 cum
904 2614 1188 2670 mensibus
1221 2629 1253 2668 v
1285 2613 1417 2669 anui
1465 2615 1627 2682 sexti,
1667 2615 1848 2684 colligi

255 2709 382 2764 dies
416 2708 530 2764 fere
558 2724 734 2762 χχχιιι
761 2727 775 2762 :
799 2723 868 2763 ex
899 2707 1103 2778 quibus
1135 2715 1490 2776 compensato
1511 2706 1698 2762 triduo
1733 2705 1847 2768 illo.

257 2801 414 2870 quod
445 2801 802 2870 anticipatum
835 2797 1032 2859 fuerat.
1072 2786 1362 2852 secundus.
1383 2798 1743 2853 cmbolismus
1769 2796 1851 2851 in-

253 2892 484 2947 seritur.
510 2890 714 2945 Deinde
753 2905 820 2945 ex
860 2890 1066 2960 epactis
1106 2889 1376 2944 mensium
1406 2905 1480 2943 vn
1513 2890 1642 2944 anni
1685 2889 1849 2953 sexti,

251 2991 314 3039 et
345 2981 477 3037 anni
515 2981 758 3052 septimi,
792 2996 1010 3036 necnon
1059 2990 1112 3036 et
1139 2997 1169 3034 v
1195 2981 1464 3036 mensium
1494 2980 1622 3034 anni
1652 2979 1850 3045 octavi,

249 3092 379 3133 xxu
409 3075 525 3133 fere
559 3077 680 3132 dies
715 3076 982 3131 conﬁunt.
1015 3073 1203 3145 Neque
1229 3083 1413 3129 tamen
1455 3072 1703 3127 diﬂerlur
1735 3085 1851 3126 em-

245 3167 565 3224 bolismus:
592 3169 689 3223 sed
712 3181 810 3221 vni
843 3165 960 3220 dies
988 3182 1054 3220 ex
1085 3166 1246 3220 annis
1265 3163 1619 3234 sequentibus
1651 3176 1851 3231 reprae-

251 3269 595 3324 sentantur,
637 3268 699 3313 ut
761 3258 972 3314 solidus
1023 3257 1228 3312 mensis
1293 3254 1606 3309 intercalari
1655 3251 1848 3323 possit.

251 3350 403 3407 Tum
444 3366 575 3406 vero
618 3366 687 3406 ex
736 3351 960 3406 residuo
1011 3364 1084 3402 vn
1140 3347 1437 3412 mensium,
1479 3357 1534 3401 et
1578 3360 1850 3400 annorum

253 3443 522 3508 duorum,
569 3441 825 3496 videlicet
872 3455 921 3494 ιιι
975 3454 1040 3494 ac
1089 3455 1122 3492 x
1167 3438 1465 3507 itidemque
1501 3436 1775 3491 mensium
1821 3451 1852 3489 v

245 3533 511 3604 priorum
555 3533 684 3587 anni
732 3547 786 3586 xt
835 3532 952 3590 dies
991 3529 1326 3600 colliguntur
1374 3543 1544 3583 χχχιι-ι
1590 3545 1604 3582 :

663 3665 859 3678 ψ

1651 3526 1854 3597 quibus

1948 1883 2108 1938 daico
2145 1883 2300 1955 cyclo
2335 1881 2692 1937 embolismos
2728 1881 3064 1951 prateipitari
3109 1880 3276 1936 nimis
3313 1881 3528 1951 impru-

1949 1977 2143 2034 denter
2187 1985 2370 2046 negat.
2399 1976 2724 2046 Quanquam
2766 1974 2967 2030 Glossa
3001 1973 3104 2029 ista
3139 1975 3388 2030 lunarem
3426 1989 3528 2028 an-

1952 2085 2082 2124 num
2122 2069 2349 2139 praecise
2392 2067 2608 2122 dierum
2644 2081 2831 2120 cccuv
2863 2065 3179 2131 constituit,
3219 2081 3396 2135 neque
3433 2081 3532 2134 ap-

1953 2160 2211 2231 pendices
2236 2159 2403 2214 horas
2455 2174 2520 2214 ac
2548 2158 2809 2212 minutias
2839 2157 3239 2229 complectitur,
3269 2173 3392 2228 qua:
3417 2165 3531 2212 tuto

1951 2252 2106 2322 cyclo
2139 2251 2382 2306 collecta:
2411 2250 2532 2305 dies
2561 2249 2864 2305 coniiciunt
2889 2265 2965 2314 vi,
3009 2265 3135 2304 cum
3171 2248 3322 2304 horis
3345 2264 3436 2304 χιιι
3477 2256 3533 2303 et

1952 2340 2181 2396 minutis
2212 2340 2276 2395 5i
2329 2359 2341 2394 :
2379 2340 2582 2410 quibus
2615 2339 2777 2410 primi
2815 2354 2881 2395 ac
2918 2341 3186 2412 postremi
3219 2340 3531 2397 embolismi

1951 2431 2200 2488 delectus
2257 2442 2668 2504 compensatur.
2722 2432 3090 2498 Quamobrem
3139 2434 3297 2490 rudis
3346 2442 3432 2491 est
3478 2443 3535 2490 et

1909 2509 2282 2580 ’adumbrata
2318 2525 2458 2597 cycli
2489 2523 2705 2581 Judaici
2736 2526 2844 2580 ista
2872 2525 3192 2596 descriptio,
3219 2535 3272 2582 et
3299 2526 3365 2581 ad
3399 2525 3532 2582 faci-

1952 2618 2147 2672 liorem
2175 2616 2498 2673 methodum
2525 2631 2595 2672 ac
2649 2617 2972 2687 popularem
3009 2626 3229 2687 captum
3261 2617 3531 2688 apposita,

1953 2724 2077 2765 cum
2107 2707 2328 2764 interim
2354 2708 2461 2762 alia
2491 2708 2565 2763 sit
2593 2708 2734 2778 apud
2759 2706 2985 2764 Judazos
3017 2718 3332 2779 epactarum
3363 2724 3536 2764 anno-

1952 2815 2188 2869 rumque
2243 2798 2634 2855 conformatio.
2687 2797 2846 2864 Quod
2904 2797 3048 2854 idem
3111 2799 3179 2853 de
3239 2797 3532 2868 Epiphanii

1955 2890 2299 2947 Octaeteride
2332 2891 2694 2962 pronuntiare
2739 2891 2889 2958 licet,
2921 2905 3088 2962 quam
3118 2891 3205 2946 vel
3236 2891 3394 2955 nulli,
3427 2890 3532 2954 vel,

1953 2984 2002 3039 si
2032 2983 2200 3051 forte,
2233 2981 2578 3054 paucissimi,
2623 2990 2747 3054 post
2778 2981 3061 3038 Nicanum
3106 2997 3372 3038 canoncm
3403 2997 3538 3038 con-

1953 3074 2128 3130 ditum
2153 3075 2220 3130 ad
2246 3074 2567 3152 Paschalem
2593 3090 2755 3130 usum
2779 3075 3169 3131 adhibuerunt.
3199 3073 3352 3130 Hanc
3378 3073 3536 3130 nobis

1955 3166 2020 3220 de
2065 3166 2409 3222 etnbolismis
2455 3166 2879 3234 disputationem
2919 3167 3129 3236 peperit
3189 3164 3537 3220 octaeteridis

1954 3256 2348 3327 Epiphaniame
2401 3258 2712 3328 dispositio.
2767 3257 2902 3324 Qua
2950 3257 3140 3311 tandiu
3193 3256 3283 3312 hic
3337 3256 3538 3312 habere

1955 3349 2134 3402 locum
2165 3349 2376 3416 debuit,
2412 3349 2542 3404 dum
2579 3348 2834 3405 uberiore
2863 3363 2895 3404 a
2929 3348 3088 3404 nobis
3117 3347 3534 3411 commentario,

1957 3450 2122 3504 quem
2169 3436 2236 3490 de
2285 3445 2599 3506 temporum
2640 3437 2893 3494 doctrina
2928 3435 3293 3502 meditamur,
3343 3437 3535 3493 eadem

1961 3528 2048 3582 illa
2084 3537 2470 3598 pertractetur.

281 3661 3529 3695 ,κζ-ῬΜ

947 3815 1049 3878 DE
1090 3813 1498 3876 SlRMlENSl
1543 3814 1647 3874 ET
1689 3811 2124 3874 ANCYRANA
2172 3811 2836 3890 PSEUDOSYNODO,

1429 3971 1670 4020 Αιιιδουε
1713 3971 2148 4012 εειιλιιιλιςοιιυιι
2187 3970 2366 4021 Λοτιε,

1068 4097 1400 4166 δοοιιλτιε,
1435 4095 1765 4156 ΞΟΖΟΜΕΝΙ
1805 4106 2344 4162 (ἶᾸ-ΖΤΕΒΟΒΕΙΙΩΕΕ
2379 4109 2721 4155 ΝΑιιιιλσι-ιο.

1624 4222 1701 4277 Ad
1730 4221 1919 4274 lia-res.
1945 4237 2089 4274 Lth.

1870 4347 1934 4358 μ-

337 4436 438 4492 Ubi
463 4450 523 4492 se
552 4435 754 4490 Ariana
781 4433 1006 4506 perﬁdia
1035 4431 1090 4488 in
1127 4431 1317 4487 orbem
1345 4429 1716 4486 Christianum
1757 4429 1841 4486 εἴ·
1876 4432 1922 4490 D
1952 4432 2084 4485 tales
2117 4427 2395 4498 episcopi,
2446 4424 2665 4481 Marcus
2703 4426 3067 4494 Arethusius,
3111 4407 3376 4501 Georgius
3417 4429 3542 4489 Ale-

252 4529 424 4594 t‘udit,
459 4527 630 4584 scissa
658 4535 741 4584 est
782 4526 964 4582 varias
999 4525 1057 4580 in
1099 4535 1302 4595 partes,
1349 4537 1416 4579 ac
1464 4521 1848 4593 multiplicium

249 4628 536 4678 sectarum
582 4627 638 4674 et
689 4617 990 4674 {actionum
1041 4626 1170 4674 sunt
1211 4625 1334 4672 nata
1389 4602 1647 4671 divortia.
1680 4612 1751 4668 Ut
1782 4613 1850 4669 de

244 4711 472 4768 caeteris
525 4713 688 4767 modo
741 4719 992 4774 taceam,
1053 4708 1283 4779 insignis
1337 4706 1686 4777 potissimum
1748 4704 1851 4760 fuit

250 4803 476 4858 Photini
511 4802 827 4858 Sirmiensis
862 4801 1136 4872 impietas,
1167 4799 1263 4870 qui
1309 4798 1538 4854 Sabellii
1563 4805 1618 4853 et
1651 4797 1850 4852 Samo-

248 4893 436 4950 sateni
481 4893 736 4964 degulata
784 4893 948 4963 longo
993 4891 1280 4947 intervallo
1325 4889 1624 4946 renovavit.
1673 4889 1848 4960 Cujus

253 4987 494 5042 heresin
527 4987 720 5042 ordine
749 5001 817 5040 ιι
848 4985 1032 5055 posuit
1079 4998 1144 5038 ac
1178 4981 1438 5038 relutavit
1479 4980 1843 5052 Epiphanius.

248 5079 418 5136 Hunc
444 5089 505 5135 ut
525 5079 896 5151 opprimerent
928 5076 1139 5139 Ariani,
1182 5090 1246 5130 ac
1295 5082 1496 5128 tantam
1538 5088 1568 5128 a
1609 5088 1668 5129 se
1704 5073 1846 5129 invi-

245 5171 401 5226 diam
434 5171 904 5242 ignominiamque
931 5168 1282 5238 depellerent,
1315 5166 1508 5235 utique
1537 5180 1597 5220 se
1627 5165 1844 5220 tandem

247 5263 558 5318 catholicos
623 5275 747 5318 esse
804 5261 1227 5332 proﬁterentur,
1275 5257 1580 5314 Constantii
1649 5257 1842 5328 imper.

244 5352 410 5422 jussu
443 5351 732 5418 Sirmium,
759 5366 883 5422 qua
911 5349 1040 5405 urbs
1069 5358 1152 5405 est
1196 5347 1508 5414 Pannoniae,
1536 5346 1845 5402 Orientales

247 5458 632 5505 convocantur
660 5449 930 5520 episcopi,
956 5449 1415 5519 quemadmodum
1455 5448 1711 5504 Socrates
1743 5449 1840 5503 lib.

247 5557 329 5608 tv,
371 5557 491 5612 cap.
529 5542 584 5606 5,
622 5543 826 5613 aliique
859 5550 1105 5596 narrant.
1147 5539 1302 5607 Quod
1355 5540 1515 5595 iidem
1549 5539 1843 5611 contigisse

247 5633 445 5688 volunt
473 5643 596 5704 post
626 5635 975 5690 consulatum
1031 5631 1208 5702 Sergii
1253 5641 1307 5687 et
1339 5631 1602 5703 Nigriani,
1635 5632 1728 5702 qui
1761 5640 1845 5686 est

243 5740 434 5782 annus
457 5726 664 5783 Christi
693 5726 820 5785 35L
840 5725 1071 5782 Adfuere
1103 5724 1314 5797 synodo
1346 5725 1398 5781 in
1427 5723 1617 5794 primis
1641 5724 1838 5780 Oricu-

1958 4520 2219 4586 xandrire,
2256 4517 2490 4574 Basilius
2531 4517 2762 4590 Ancyrae
2798 4517 3061 4590 episcopi,
3092 4519 3415 4580 Pancratius
3442 4523 3542 4581 Pe.

1959 4611 2108 4674 lusii,
2144 4608 2482 4682 llypatianus
2511 4607 2807 4665 Heraclea}.
2835 4609 2914 4664 Ex
2935 4610 3378 4671 Occidentalibus
3410 4630 3542 4672 vero

1957 4703 2145 4758 eadem
2182 4702 2399 4758 infectis
2433 4701 2572 4768 labe,
2602 4700 2800 4757 Valens
2851 4699 3165 4758 Mursorum
3214 4705 3538 4777 episcopus;

1959 4812 2171 4852 necnon
2219 4807 2276 4851 et
2329 4794 2496 4850 Osius
2545 4794 2916 4852 Cordubensis
2965 4793 3222 4851 Ecclesiae
3259 4797 3542 4853 catholicae

1946 4883 2055 4962 per
2087 4891 2174 4945 illa
2204 4900 2447 4960 tempora
2489 4888 2763 4953 columen,
2806 4887 2899 4958 qui
2943 4903 3009 4943 eo
3054 4889 3178 4943 licet
3211 4888 3416 4944 invitus
3448 4904 3543 4944 ac.-

1956 4984 2142 5040 ccssit.
2173 4983 2229 5036 In
2266 4984 2368 5036 hoc
2386 4981 2640 5049 concilio,
2669 4979 3032 5035 condemnato
3069 4980 3317 5043 Photino,
3348 4981 3540 5051 triplex

1955 5077 2098 5132 edita
2123 5084 2207 5130 est
2236 5075 2304 5129 ab
2337 5073 2557 5128 Arianis
2607 5071 2729 5125 ﬁdei
2761 5068 2997 5125 formula
3032 5089 3044 5125 :
3083 5071 3256 5141 prima
3287 5069 3474 5126 Graece
3507 5087 3539 5128 a

1953 5169 2136 5224 Marco
2159 5166 2452 5222 Arethusio
2481 5172 2768 5233 concepta,
2793 5177 2958 5232 quam
3003 5162 3258 5216 Socrates
3288 5176 3408 5231 cap.
3445 5161 3536 5228 95,

1953 5270 2003 5313 et
2030 5267 2156 5313 ante
2183 5272 2308 5312 eum
2339 5253 2678 5309 Athanasius
2710 5253 2850 5306 libro
2882 5249 2953 5304 De
2993 5249 3207 5320 synodi:
3241 5248 3426 5305 Graece
3454 5265 3542 5305 re-

1954 5344 2170 5416 ferunt;
2199 5348 2392 5402 Latine
2423 5360 2552 5402 vero
2594 5343 2832 5398 Hilarius
2859 5341 2996 5397 libro
3027 5340 3100 5394 De
3139 5341 3376 5411 synodis.
3413 5338 3542 5395 Dute

1951 5442 2070 5496 alim
2100 5441 2305 5496 Latium
2346 5446 2493 5501 sunt,
2517 5451 2750 5508 quarum
2780 5435 2952 5506 prima
2988 5447 3018 5488 a
3047 5432 3272 5487 Socrate
3297 5441 3350 5486 et
3373 5431 3544 5486 Atha-

1953 5535 2107 5590 nasio
2164 5533 2354 5590 iisdem
2417 5531 2553 5586 locis
2609 5529 2881 5600 descripta
2932 5525 3276 5590 continuatur;
3334 5534 3544 5594 postre-

1951 5642 2120 5694 mam,
2148 5642 2268 5696 quze
2305 5625 2359 5680 in
2407 5621 2742 5678 Ariminensi
2796 5618 3006 5692 synodo
3049 5634 3081 5674 a
3126 5615 3349 5673 Valente
3402 5615 3544 5670 reci-

1951 5731 2062 5776 tata
2089 5719 2437 5791 postmodum
2481 5728 2586 5782 cst,
2628 5726 2682 5772 et
2727 5730 2758 5770 a
2807 5710 3094 5769 catholicis
3129 5710 3350 5780 reiecta,
3379 5705 3542 5760 habet
