3832 6220
377 319 517 376 1051)

1436 314 1780 373 ΑΡΡΕΝΒΙΧ
1822 268 2456 373 DISSERTATIONUM.

3533 316 3652 372 {0’56

379 439 636 494 Socrates
680 452 797 508 cap.
839 437 947 504 2‘9,
991 436 1239 493 meminit
1280 444 1335 493 ct
1384 437 1717 492 Athanasius
1759 435 1855 489 lib.
1895 433 1971 488 De
2001 438 2048 495 Α
2077 434 2255 490 studio
2287 435 2641 491 Constantius
2683 436 2971 501 revocatis,
3005 453 3145 508 quas
3192 434 3463 505 Asphalio
3494 432 3661 491 Eudo-

379 532 619 603 synodis.
654 530 785 586 Duae
833 532 1015 602 itaque
1056 540 1171 586 tum
1223 530 1471 586 formula:
1503 531 1687 585 Sirmii
1724 528 1966 601 promul-

378 631 519 691 gatae
562 631 734 677 sunt:
778 638 904 677 nam
956 623 1169 677 tertiam
1214 622 1447 676 Arimini
1496 631 1682 691 postea
1725 620 1969 691 publica-

378 720 527 766 runt.
587 712 645 766 ln
702 713 889 767 eadem
935 713 1143 784 synodo
1190 711 1425 767 Basilius
1478 711 1800 783 Ancyranus
1844 725 1966 764 cum

362 799 612 857 .Pbotino
662 818 846 858 coram
895 805 1225 874 imperatore
1270 818 1601 874 congressus
1646 810 1769 857 est:
1814 801 1971 868 cujus

378 895 767 965 disputationis
803 898 1132 951 mentionem
1176 897 1229 950 in
1270 895 1593 949 Photiniana
1636 894 1829 949 haeresi
1887 892 1970 946 fa-

379 986 455 1041 cit
511 985 863 1057 Epiphanius.
916 987 1081 1043 Osius
1128 1002 1255 1041 vero
1314 988 1405 1040 ditt
1457 1003 1579 1041 cum
1641 987 1968 1040 Arianorum

378 1077 605 1161 perfidia
646 1087 700 1133 et
734 1079 1080 1148 imperatoris
1116 1079 1434 1135 crudelitate
1466 1080 1726 1144 luctatus,
1769 1094 1833 1133 ac
1881 1076 1973 1131 tli-

380 1170 618 1226 rissimis
668 1172 957 1227 tormentis
995 1172 1433 1235 excarnificatus,
1476 1182 1753 1242 postremo
1796 1171 1971 1225 eidem

381 1261 646 1332 impietati
684 1263 1027 1334 subscripsit.
1073 1262 1383 1318 Secundum
1426 1265 1541 1319 haec
1591 1262 1971 1323 Constantius,

383 1354 569 1410 occiso
609 1353 941 1425 Magnentio,
994 1354 1151 1423 cuius
1208 1356 1381 1410 caedes
1437 1355 1758 1410 Constantio
1806 1352 1872 1407 Vl
1920 1362 1977 1408 et

386 1443 542 1500 Gallo
567 1443 610 1497 ll
634 1459 802 1510 coss.,
835 1446 925 1515 qui
957 1456 1040 1501 est
1076 1460 1251 1500 annus
1290 1447 1415 1511 555,
1454 1448 1686 1509 accidit,
1732 1462 1795 1500 ac
1844 1445 1975 1499 reli-

383 1535 510 1605 quis
535 1536 782 1607 tyrannis
813 1536 1127 1593 felicissime
1162 1538 1496 1606 compressis
1542 1548 1637 1592 aut
1664 1537 1972 1602 exstinctis,

384 1625 540 1681 Gallo
582 1626 804 1697 insuper
851 1637 1065 1691 necato,
1109 1627 1429 1683 Constantio
1473 1626 1559 1681 Vl!
1603 1637 1657 1683 et
1712 1628 1865 1683 Gallo
1905 1622 1975 1681 Ill

384 1731 553 1782 coss.,
580 1732 723 1772 anno
748 1717 873 1784 554,
898 1718 1115 1773 demum
1140 1717 1432 1774 Arbetione
1454 1730 1503 1774 et
1527 1718 1772 1774 Lolliano
1804 1735 1975 1787 coss.,

2079 528 2151 581 xii
2205 531 2542 600 presbytero,
2605 539 2659 583 et
2717 530 2854 584 Aetii
2907 530 3108 585 fautori
3166 530 3418 590 dederat.
3454 528 3659 591 litteris,

2077 618 2213 683 alias
2251 618 2518 675 Adversus
2554 618 2858 673 Eudoxium
2912 622 2979 673 ad
3031 619 3388 675 Antias-lieno:
3430 620 3659 688 scripsit.

2082 712 2316 782 Suhjicit
2347 712 2433 767 his
2466 713 2721 767 Socrates
2748 713 3112 768 Ariminensis
3154 714 3380 768 concilii
3416 714 3668 765 narratio-
3752 712 3753 747 δ

2079 817 2203 855 nem
2231 821 2243 857 :
2276 800 2330 856 in
2364 818 2473 872 quo
2508 802 2633 857 ﬁdei
2670 803 2926 866 Ἔκθεσις
2965 804 3053 857 illa
3096 804 3166 857 ab
3209 801 3449 858 Ursaeio
3484 811 3538 855 et
3570 800 3663 854 Ya-

2078 894 2221 952 lente
2248 894 2523 964 proposita
2556 903 2659 954 est,
2693 910 2815 964 quae
2858 894 3043 948 Sirmii
3079 903 3209 949 ante
3245 904 3516 964 concrpta
3558 893 3663 946 lue-

2079 998 2184 1045 rat.
2228 987 2568 1043 Sozomenus
2606 997 2784 1042 autem
2836 987 3037 1042 Liberii
3080 988 3149 1042 ab
3187 988 3390 1043 exsilio
3443 988 3665 1041 revocati
3758 987 3759 1029 ι

2081 1095 2145 1135 ac
2175 1078 2401 1132 Romam
2444 1078 2725 1134 redeuntis
2758 1078 3041 1134 historiam
3075 1080 3334 1149 pertexit.

2084 1190 2203 1258 Qua
2242 1190 2296 1244 in
2342 1206 2396 1245 re
2443 1189 2681 1244 hodierni
2717 1192 2997 1257 scriptores
3027 1191 3311 1245 annalium
3345 1192 3416 1243 ab
3447 1191 3666 1258 antiquis

2641 1260 2751 1314 illis
2784 1262 3118 1315 dissentiant.

2153 1350 2307 1416 Quod
2353 1350 2419 1405 de
2466 1347 2785 1407 Sirmiensis
2831 1351 3093 1407 adversus
3132 1350 3430 1406 Photinum
3462 1352 3669 1407 concilii
3766 1368 3767 1421 ι

2084 1451 2325 1510 tempore
2376 1440 2634 1496 Socrates
2686 1457 2749 1496 ac
2794 1441 3136 1498 Sozomenus
3169 1444 3519 1498 tradiderunt
3546 1483 3562 1504 ,
3596 1445 3673 1497 ui-

2086 1536 2287 1593 mirum
2320 1534 2511 1605 Sergio
2547 1550 2609 1590 ac
2644 1530 2904 1606 Nigriano
2929 1549 3073 1590 coss.
3108 1536 3451 1591 celebratum
3484 1536 3667 1601 fuisse,

2085 1629 2177 1700 qui
2223 1642 2306 1681 ρει
2348 1642 2526 1681 annus
2568 1641 2689 1681 tera:
2737 1624 3062 1681 Christiana:
3101 1625 3226 1691 55f,
3266 1624 3320 1679 id
3366 1626 3424 1679 in
3472 1630 3674 1698 magnis

2085 1715 2389 1773 Annalibus
2443 1717 2511 1772 ad
2557 1732 2760 1771 annum
2802 1716 2903 1771 557
2939 1716 3151 1771 duobus
3195 1718 3281 1771 vel
3325 1718 3507 1772 tribas
3551 1736 3676 1787 pra-

386 1824 533 1865 anuo
565 1809 692 1877 555,
724 1809 954 1877 Romam
1005 1820 1065 1865 ut
1112 1811 1474 1880 triumpharet
1530 1812 1821 1881 profectus,
1862 1811 1974 1867 Me-
2010 1794 2052 1852 Β
2088 1814 2274 1869 set-tim
2327 1811 2665 1881 argumentis
2698 1809 2978 1864 refellitur.
3016 1810 3262 1877 Quorum
3296 1812 3672 1866 auctoritates:

387 1901 595 1956 diolani
638 1902 905 1973 synodum
952 1902 1100 1973 cogit
1143 1902 1403 1957 adversus
1446 1902 1829 1959 Athanasium.
1875 1905 1977 1961 Cui

389 2007 513 2047 cum
579 1991 846 2046 acerrime
902 1989 1310 2061 refragarentur
1378 1991 1634 2045 catholici
1702 1992 1979 2063 episcopi,

390 2082 692 2153 praesertim
730 2081 998 2137 Eusebius
1031 2080 1410 2147 Vercellensis,
1442 2082 1737 2155 Dimiysius
1778 2085 1982 2141 Medio-

392 2172 658 2239 lanensis,
680 2172 943 2229 Paulinus
974 2172 1345 2239 Treverensis,
1378 2172 1594 2230 Lucifer
1613 2175 1981 2245 Calaritanus,

393 2264 641 2321 exsulare
665 2264 803 2335 iussi
839 2274 987 2320 sunt.

472 2355 675 2411 Eodem
717 2372 863 2411 anno
904 2366 958 2412 et
984 2356 1235 2411 Liberius
1278 2356 1558 2415 Romanus
1589 2360 1854 2430 pontifex,
1891 2363 1985 2433 qui

396 2446 542 2502 Julio
592 2456 951 2511 successerat,
1009 2449 1152 2517 quod
1206 2450 1564 2505 Athanasium
1621 2453 1988 2509 condemnare

402 2539 588 2604 nollet,
623 2540 893 2610 relegatus
930 2549 1037 2605 est,
1064 2547 1125 2594 ut
1177 2540 1338 2593 iidem
1376 2542 1620 2596 historici
1654 2558 1777 2598 cum
1809 2542 1990 2601 Theo-

402 2633 593 2686 doreto
613 2641 667 2685 et
697 2629 997 2688 Athanasio
1023 2641 1313 2687 testantur.
1340 2632 1414 2688 De
1439 2634 1656 2690 Liberio
1671 2653 1802 2692 vero
1823 2639 1987 2694 etiam

402 2720 727 2778 Ammianus
772 2722 865 2778 lib.
923 2739 1013 2779 xv.
1072 2722 1167 2778 His
1214 2724 1287 2777 ita
1339 2724 1639 2791 confectis,
1696 2728 1993 2799 imperator

405 2829 550 2869 anno
597 2816 846 2886 sequenti
897 2816 1057 2870 tertio
1103 2813 1332 2871 Kalend.
1378 2817 1549 2875 Maias
1592 2819 1822 2875 Romam
1872 2840 1994 2879 sese

408 2907 663 2973 contulit,
718 2918 777 2963 ut
819 2907 964 2964 idem
1020 2909 1344 2964 Ammianus
1394 2920 1587 2967 auctor
1624 2925 1709 2970 est
1754 2917 1847 2971 lib.
1880 2934 1990 2972 xvi.

411 2998 517 3064 Qui
573 3013 698 3054 cum
756 2999 867 3055 illic
916 2999 1123 3056 diutius
1172 3003 1501 3057 commorari
1558 3005 1744 3071 vellet,
1796 3008 1997 3065 auditis

411 3090 769 3146 barbarorum
798 3092 1230 3157 incursionibus,
1256 3112 1308 3148 tv
1338 3094 1455 3150 Kal.
1481 3095 1606 3151 Jun.
1638 3099 1691 3152 in
1722 3099 1993 3171 Illyricum

411 3181 691 3251 profectus
719 3191 822 3238 est.
859 3182 995 3238 Cum
1038 3195 1219 3240 autem
1267 3185 1452 3240 Romae
1501 3187 1678 3241 adhuc
1707 3188 2001 3259 imperator

416 3274 656 3342 degeret,
684 3274 787 3328 hoc
824 3283 908 3329 est
940 3288 1138 3329 anter
1164 3275 1284 3330 Kal.
1323 3275 1536 3337 Juuias.
1564 3277 1841 3335 Eudoxius
1870 3281 2005 3336 Ger-

419 3364 669 3419 manicia:
692 3365 744 3417 in
776 3363 931 3436 Syria
960 3365 1270 3435 episcopus,
1302 3382 1425 3421 cum
1474 3366 1539 3421 de
1576 3368 1788 3425 Leontii
1814 3370 2007 3428 Antio-

422 3453 559 3508 chia:
605 3453 843 3523 episcopi
904 3466 1076 3511 morte
1122 3458 1493 3514 renuntiatum
1539 3468 1712 3525 esset,
1751 3446 2009 3518 missione

422 3561 455 3600 a
482 3546 806 3602 Constantio
836 3548 1142 3618 impetrata,
1192 3549 1243 3602 in
1286 3548 1497 3621 Syriam
1535 3553 1856 3621 perveniens
1895 3554 2010 3608 An-

424 3638 736 3694 tiochenam
785 3640 967 3695 sedem
1017 3651 1265 3711 occupat.
1311 3642 1485 3708 Quam
1533 3643 1848 3713 dignitatem
1879 3645 2010 3700 ade-

424 3739 549 3799 ptus
596 3740 744 3786 totus
779 3730 832 3785 in
888 3731 941 3787 id
980 3732 1264 3798 incumbit,
1305 3744 1364 3787 ut
1402 3734 1613 3789 Aetium
1648 3746 2009 3806 cognomento

422 3822 616 3886 ἄθεον,
670 3831 725 3876 et
784 3824 1177 3877 Anomteorum
1233 3824 1534 3894 principem
1589 3826 1880 3895 pristinum
1944 3828 2001 3882 in

423 3914 653 3982 gradum
692 3913 1025 3969 restitueret.
1080 3914 1178 3971 llic
1220 3918 1364 3971 enim
1406 3933 1438 3973 a
1480 3916 1705 3972 Leontio
1744 3918 2010 3975 diaconus

421 4005 730 4070 ordinatus,
761 4020 861 4076 pro
891 4020 958 4061 eo
985 4007 1130 4076 quod
1166 4006 1364 4063 Filium
1414 4009 1504 4064 Dei
1542 4026 1610 4065 ex
1644 4010 1816 4065 nihilo
1855 4028 2008 4067 crea-

421 4083 561 4161 tum'.
604 4106 659 4152 et
694 4096 873 4153 Patris
935 4097 1258 4155 dissimilem
1293 4110 1579 4168 assereret,
1623 4102 1916 4158 damnatus
1958 4115 2011 4158 et

427 4190 636 4259 eiectus
666 4188 864 4245 fuerat.
895 4188 1067 4259 Cujus
1108 4190 1437 4262 impietatem
1478 4208 1604 4247 cum
1648 4192 1855 4249 foveret
1902 4193 2012 4249 Eu-

419 4287 639 4351 doxius,
676 4285 878 4340 frustra
915 4285 1065 4340 illum
1106 4285 1397 4341 restituere
1433 4300 1499 4339 ac
1548 4300 1805 4341 revocare
1840 4301 2009 4340 cona-

420 4384 539 4439 tus.
591 4386 651 4430 ut
696 4374 889 4431 scribit
943 4375 1233 4442 Socrates,
1276 4375 1455 4446 palam
1498 4374 1704 4430 nefaria
1752 4375 1870 4445 ejus
1912 4377 2011 4430 do.

2089 1904 2264 1961 secuti
2303 1903 2498 1973 reliqui
2534 1902 2921 1957 ecclesiasticae
2976 1898 3221 1956 historia:
3260 1912 3677 1972 temporumque

2090 1996 2422 2059 conditores,
2459 2010 2583 2049 cum
2613 1993 2817 2047 erroris
2849 1994 3067 2048 eosdem
3114 1994 3238 2047 illos
3277 1995 3579 2063 scriptores
3605 1996 3678 2047 iti-

2092 2089 2374 2155 simulant,
2406 2096 2519 2141 tum
2558 2100 2702 2139 anno
2733 2084 2938 2139 Christi
2985 2084 3111 2149 557,
3160 2084 3489 2140 Constantio
3532 2084 3595 2137 IX
3630 2097 3679 2139 et

2091 2180 2305 2235 Juliano
2328 2193 2498 2240 coss.,
2550 2178 2863 2231 damnatum
2908 2176 2961 2231 in
2999 2175 3284 2233 Sirmiensi
3322 2178 3679 2232 conciliabula

2097 2272 2389 2327 Photinum
2442 2277 2718 2325 asserunt.
2766 2270 3100 2339 Argumenta
3156 2285 3324 2339 porro
3371 2280 3505 2324 sunt
3543 2268 3679 2338 ejus-

2096 2364 2241 2419 modi
2278 2382 2290 2416 :
2326 2363 2378 2417 in
2403 2361 2595 2432 primis
2623 2360 2876 2415 Socrates
2915 2376 2978 2414 ac
3014 2360 3355 2416 Sozomenus
3397 2371 3678 2421 testantur,

2096 2455 2284 2511 Osium
2316 2454 2726 2510 Cordubensem
2758 2453 2824 2506 ad
2860 2449 3215 2508 Sirmiensem
3248 2454 3521 2524 synodum
3557 2452 3683 2505 invi-

2100 2560 2212 2605 tum
2251 2548 2571 2609 accessisse,
2607 2548 2789 2618 ibique
2818 2547 2870 2600 vi
2904 2562 2967 2601 ac
3002 2546 3288 2601 tormentis
3318 2555 3589 2601 extortam
3619 2544 3683 2598 ab

2100 2640 2193 2697 illo
2217 2640 2502 2695 Athanasii
2540 2639 2968 2695 damnationem.
3000 2638 3162 2708 Atqui
3201 2638 3417 2693 nonnisi
3453 2639 3683 2707 relegata

2096 2737 2209 2806 jam
2260 2734 2830 2802 Liberio.-postquam
2882 2731 3107 2801 insuper
3158 2746 3363 2784 annum
3404 2729 3517 2798 jam
3555 2728 3683 2781 inte-

2103 2843 2258 2899 grum
2318 2824 2503 2879 Sirmii
2554 2835 2699 2879 esset
2761 2840 2793 2878 a
2858 2823 3179 2878 Constantio
3235 2824 3510 2881 detentus,
3566 2836 3680 2874 cum

2103 2920 2323 2975 Arianis
2353 2917 2777 2974 communicavit
2810 2914 3007 2979 Osius;
3046 2916 3187 2986 quod
3223 2915 3564 2968 Athanasius
3594 2914 3683 2968 do-

2108 3024 2192 3068 cet
2229 3012 2399 3081 Epist.
2448 3010 2516 3063 ad
2553 3010 2821 3065 solitarios
2856 3028 2867 3062 :
2898 3008 3009 3063 Καὶ
3053 3007 3173 3062 ἀντὶ
3224 3006 3517 3079 ἐξορισμοῦ
3562 3024 3685 3059 κατι

2109 3103 2223 3174 ἐχει
2273 3101 2463 3155 τοῦτον
2503 3100 2622 3153 ὅλον
2680 3099 2923 3151 ἐνιαυτὸν
2977 3101 3035 3151 ὲν
3090 3097 3169 3168 τῷ
3214 3098 3448 3168 Σιρμίῳ.
3503 3095 3683 3148 Exsilii

2106 3195 2218 3249 loco
2259 3210 2456 3247 annum
2494 3193 2749 3261 integrum
2796 3191 2980 3246 Sirmii
3015 3191 3167 3245 illum
3207 3190 3422 3243 detinet.
3446 3188 3684 3242 Liberius

2108 3300 2311 3353 autem,
2347 3296 2406 3341 ut
2440 3302 2503 3340 ex
2538 3284 2763 3340 Socrate
2793 3293 2845 3340 et
2890 3285 3180 3338 Ammiano
3209 3285 3395 3354 liquet,
3429 3301 3536 3337 non
3571 3294 3685 3339 ante

2105 3380 2310 3436 Christi
2350 3396 2553 3434 annum
2587 3379 2713 3442 555,
2754 3378 3050 3432 Arbetione
3100 3379 3308 3432 scilicet
3354 3388 3407 3431 et
3450 3376 3687 3430 Lolliano

2108 3489 2287 3534 coss.,
2321 3471 2376 3525 in
2409 3471 2662 3526 exsilium
2698 3457 2852 3531 abiit;
2880 3485 3003 3525 cum
3037 3468 3424 3532 Mediolanum,
3460 3470 3550 3523 tibi
3581 3481 3685 3524 tum

2108 3562 2467 3620 Constantius
2512 3570 2653 3625 erat,
2702 3560 2873 3614 Roma
2923 3570 3068 3614 esset
3096 3562 3330 3615 excitus.
3364 3562 3686 3615 Athanasius

2109 3672 2238 3711 vero
2282 3656 2471 3710 eodem
2520 3655 2611 3709 illo
2657 3655 2793 3708 Illll‘O
2837 3654 3030 3708 scribit
3078 3651 3268 3708 Osium
3317 3670 3384 3707 es
3436 3654 3684 3724 Hispania

2110 3746 2347 3815 primum
2412 3743 2718 3797 Constantii
2779 3743 2981 3798 litteris
3036 3744 3271 3799 accitum
3332 3743 3685 3799 Mediolanum

2111 3834 2355 3900 venisse;
2391 3834 2737 3905 indidemque
2772 3834 2825 3888 in
2866 3835 3097 3904 patriam
3130 3835 3199 3890 ab
3234 3836 3326 3890 illo
3358 3836 3684 3891 remissum:

2108 3926 2271 3996 paulo
2302 3934 2424 3995 post
2456 3926 2652 3980 iterum
2683 3935 2967 3980 evocatum
3018 3940 3165 3981 anno
3205 3935 3322 3982 toto
3362 3926 3549 3982 Sirmii
3580 3944 3687 3982 ma-

2110 4027 2355 4072 ceratum
2395 4017 2805 4088 cruciatumque
2846 4018 3065 4073 demum
3100 4019 3479 4074 succubuisse.
3546 4021 3689 4086 Quod

2111 4110 2157 4163 si
2186 4125 2330 4164 anno
2376 4108 2644 4163 duntaxat
2686 4108 2790 4163 556
2835 4109 3211 4174 Constantius,
3246 4126 3310 4164 ex
3352 4128 3460 4181 quo
3501 4111 3692 4165 Sirmio

2112 4201 2167 4255 in
2201 4201 2407 4255 ltaliam
2436 4200 2715 4271 profectus
2744 4211 2886 4265 erat,
2918 4200 3089 4256 Roma
3124 4204 3177 4257 in
3211 4202 3485 4275 Illyricum
3522 4220 3693 4258 rever-

2111 4303 2206 4345 sus
2236 4301 2339 4357 est,
2372 4291 2449 4345 uti
2481 4307 2645 4362 supra
2671 4292 3008 4361 disputatum
3044 4302 3146 4357 est,
3181 4304 3409 4364 apparet
3436 4311 3542 4348 non
3575 4306 3693 4350 ante

2110 4383 2215 4438 557
2245 4399 2472 4449 annum,
2508 4384 2753 4439 confecta
2778 4385 2891 4452 jam
2942 4384 3054 4440 Osii
3100 4378 3283 4441 annua
3328 4388 3520 4444 Sirmii
3561 4391 3692 4443 rele-

421 4477 603 4539 gmata
633 4469 929 4539 prtedicare
958 4469 1145 4538 erepit,
1182 4482 1248 4524 eo
1273 4482 1406 4522 sane
1442 4466 1826 4534 confidentius,
1860 4467 1997 4537 quod

2113 4476 2348 4546 gatione,
2395 4476 2751 4533 Sirmiensem
2806 4479 3075 4548 synodum
3114 4479 3253 4533 obiri
3301 4482 3566 4550 potuisse,
3611 4482 3693 4537 cui

420 4559 534 4616 Osii
564 4560 938 4616 Cordubensis
984 4560 1196 4615 litteras
1242 4560 1540 4631 jactitaret,
1573 4559 1773 4630 quibus
1827 4560 2006 4615 eidem

421 4651 595 4705 errori
632 4651 1053 4721 subscripserat.

495 4758 629 4832 Quae
668 4774 791 4815 cum
821 4757 1085 4830 Georgius
1134 4756 1472 4814 Laodicenus
1519 4758 2012 4827 animadvertisset,

424 4849 635 4905 litteras
660 4847 932 4920 Ancyram
966 4847 1034 4903 ad
1065 4846 1325 4903 Basilium
1366 4847 1548 4911 dedit;
1596 4848 1687 4917 qui
1723 4858 1835 4903 tum
1877 4849 2015 4905 forte

422 4944 492 5000 ad
539 4940 931 5003 dedicandam,
1000 4956 1163 5011 quam
1226 4950 1649 5004 construxerat,
1722 4943 2011 4997 ecclesiam

423 5030 735 5101 complures
790 5043 857 5083 ex
908 5028 1154 5082 finitimis
1195 5026 1468 5097 episcopis
1521 5036 1866 5083 convocarat.
1902 5026 2014 5081 lla-

424 5126 537 5179 hito
573 5124 754 5193 itaque
778 5121 1065 5192 Ancyrano
1096 5120 1349 5185 concilio,
1378 5121 1640 5192 lectisque
1675 5122 1893 5190 Georgii
1924 5122 2011 5175 lit-

375 5222 378 5226 ‘
424 5213 575 5277 teris,
604 5212 881 5267 decretum
928 5208 1061 5264 illud
1108 5208 1230 5263 fidei
1270 5209 1551 5263 conditum
1575 5218 1677 5271 est,
1707 5210 1853 5279 quod
1889 5209 2016 5280 Epi-

370 5290 380 5379 ί
426 5305 660 5376 phanius
702 5313 756 5358 et
797 5302 1033 5357 Hilarius
1080 5309 1550 5362 commemorant;
1619 5301 1671 5355 in
1726 5317 1836 5372 quo
1884 5316 2018 5372 sup-

374 5392 377 5395 λ
426 5412 614 5467 pressa
642 5395 737 5450 τοῦ
783 5394 1064 5465 ὀμοουσίου
1102 5408 1256 5455 voce,
1306 5392 1631 5464 ὁμοιούσιος,
1662 5392 1766 5446 hoc
1805 5402 1907 5458 est,
1940 5392 2014 5447 si-

425 5488 574 5543 milis
612 5486 758 5541 Patri
811 5486 1130 5542 substantire
1175 5483 1371 5537 Filium
1418 5499 1541 5539 esse
1584 5482 1817 5554 professi
1863 5495 2013 5550 sunt,

427 5595 457 5632 a
506 5594 617 5648 quo
654 5577 979 5632 Semiariani
1023 5575 1173 5631 dicti.
1225 5573 1362 5629 Tum
1418 5574 1576 5644 legati
1637 5572 1897 5628 Sirmium
1942 5575 2012 5629 ad

427 5670 808 5738 imperatorem
845 5684 874 5720 a
904 5666 1114 5738 synodo
1148 5666 1321 5730 missi,
1353 5665 1584 5720 Basilius
1620 5667 1868 5737 Ancyra,
1908 5665 2017 5721 Eu-

427 5760 663 5816 stathius
689 5757 950 5827 Sebastze,
981 5757 1238 5813 Leontius
1266 5755 1444 5827 Cyzici
1472 5757 1735 5827 episcopi.
1764 5756 2011 5824 Quorum

2114 4567 2279 4623 Osius
2318 4567 2644 4639 suffragator
2693 4570 3006 4625 accesserit.
3066 4568 3161 4625 His
3209 4571 3425 4627 duabus
3481 4574 3695 4628 rationi-

2116 4658 2240 4719 bus.
2265 4660 2408 4729 quod
2439 4670 2494 4714 et
2520 4669 2641 4730 post
2674 4658 2875 4714 Liberii
2904 4661 3181 4725 exsilium,
3211 4671 3266 4717 et
3299 4674 3421 4731 post
3457 4680 3693 4719 annuum

2118 4764 2390 4803 carcerem
2426 4749 2493 4802 ad
2526 4749 2974 4804 consentiendum
3004 4754 3232 4807 adactus
3266 4753 3338 4808 sit
3374 4752 3566 4817 Osins.
3599 4765 3697 4809 ter-

2117 4844 2247 4896 tiam
2279 4844 2528 4911 adjunxit
2561 4858 2623 4898 ex
2660 4842 2887 4909 Hilario,
2921 4844 3014 4915 qui
3059 4846 3199 4901 libro
3239 4846 3312 4901 De
3338 4850 3555 4917 synodi;
3587 4847 3697 4901 Sir-

2120 4935 2381 4989 ntiensem
2421 4934 2653 4988 affirmat
2700 4945 2822 5003 post
2863 4936 3155 4991 triennium
3184 4954 3306 4993 esse
3349 4941 3695 5003 celebratam,

2118 5040 2185 5079 ex
2213 5039 2322 5094 quo
2351 5022 2646 5079 Saturnino
2675 5024 2979 5081 Arelatensi
3012 5028 3269 5097 episcopo
3305 5028 3507 5082 Ariani»
3546 5046 3574 5083 a
3608 5045 3699 5083 ca-

2118 5116 2339 5171 tholicis
2372 5127 2456 5172 est
2497 5124 2690 5188 negata
2717 5119 3051 5173 communio.
3105 5118 3392 5174 Manifesta
3432 5137 3560 5175 vero
3602 5122 3698 5175 Sa-

2119 5210 2324 5263 turnini
2362 5210 2596 5265 defectio
2640 5219 2753 5265 tum
2795 5212 3042 5282 contigit,
3078 5228 3200 5267 cum
3235 5225 3547 5282 expugnato
3591 5212 3700 5267 Ma-

2122 5300 2343 5370 gttcnlio
2383 5300 2736 5357 Constantius
2788 5302 3064 5357 Arelatam
3117 5319 3239 5358 sese
3278 5304 3531 5358 contulit.
3563 5304 3702 5360 Con-

2121 5404 2225 5448 stat
2256 5404 2439 5448 autem
2467 5410 2530 5449 ex
2568 5395 2857 5450 Ammiano
2885 5395 2979 5450 lib.
3011 5412 3122 5450 χχιι
3153 5394 3537 5451 Constantium
3573 5411 3695 5450 non-

2123 5486 2225 5540 nisi
2274 5502 2418 5541 anno
2448 5487 2652 5542 Christi
2685 5489 2791 5544 555
2838 5503 2898 5544 se
2933 5487 2998 5542 Vl
3036 5497 3090 5543 et
3135 5488 3290 5544 Gallo
3326 5488 3366 5543 ll
3393 5505 3541 5544 coss.
3578 5490 3702 5542 Are-

2122 5576 2283 5632 latam
2316 5578 2549 5643 venisse,
2582 5579 2891 5649 ibidemque
2922 5582 3151 5635 natalem
3185 5596 3345 5636 suum
3376 5597 3427 5634 vr
3468 5582 3546 5635 ld.
3585 5579 3696 5634 Oet.

2123 5668 2445 5724 celebrasse.
2477 5670 3004 5741 Unde-perspicuum
3041 5683 3126 5728 est
3163 5688 3310 5727 anno
3348 5674 3570 5727 demum
3599 5670 3695 5725 557

2125 5761 2357 5816 triennio
2378 5764 2488 5832 jam
2531 5764 2803 5830 absoluto,
2851 5763 3206 5823 Sirmieusem
3263 5769 3530 5841 synodum
3581 5781 3692 5836 per-
