3874 6324
267 321 400 377 1061

1119 314 1202 369 DE
1231 311 1577 370 SIRMIENSI
1608 310 1696 364 ET
1737 305 2114 364 ANCYRANA
2151 302 2735 364 PSEUDOSYNODO.

3395 303 3416 356 ί
3427 301 3534 360 062

265 447 445 490 actam
480 433 670 489 fuisse.
702 431 836 499 Qum
862 431 1080 502 quidem
1109 431 1292 486 omnia
1343 431 1423 484 sic
1464 430 1517 484 in
1565 426 1856 484 Annalibus
1886 427 1932 484 Α
1961 423 2138 490 Quam
2200 422 2420 494 quidem
2477 423 2621 493 apud
2687 421 2968 476 Socratem
3025 417 3223 481 habes,
3281 417 3532 486 ascriptis

262 527 610 596 digeruntur.

335 619 500 671 Anno
531 617 637 671 555
689 614 1012 670 Constantio
1043 614 1113 669 Vl
1159 616 1390 671 ctGallo
1422 614 1461 669 ll
1494 629 1666 677 coss.,
1705 612 1850 666 victo

265 707 581 780 Magnentio
607 706 965 762 Constantius
1005 710 1058 761 in
1087 705 1290 763 Gallias
1315 706 1610 776 profectus,
1637 704 1850 759 Arelate

265 802 508 856 hiemem
553 799 812 854 traduxit.
861 798 965 855 Ubi
1013 799 1242 853 concilio
1288 798 1614 852 Arianorum
1661 806 1850 852 coacto
1899 830 1904 832 -

264 894 565 948 damnatur
598 891 968 955 Athanasius;
1023 889 1282 945 Paulinus
1325 889 1698 953 Treverensis,
1741 904 1848 944 una

266 1001 396 1041 cum
425 985 632 1054 aliquot
656 982 941 1038 catholicis
978 981 1248 1052 episcopis
1280 982 1472 1037 exsilio
1506 981 1740 1044 multati.

336 1079 501 1131 Anno
533 1076 638 1131 554
669 1075 989 1130 Constantio
1018 1073 1104 1128 VII
1148 1082 1201 1128 et
1229 1073 1381 1128 Gallo
1410 1071 1475 1126 Ill
1513 1088 1681 1138 coss.,
1724 1072 1851 1128 Gal-

267 1172 356 1224 lus
403 1167 588 1224 Czesar
632 1166 937 1220 Constantii
988 1167 1144 1235 jussu
1206 1174 1454 1221 necatur.
1520 1164 1850 1221 Athanasius

265 1259 616 1314 Alexandriae
651 1269 895 1312 vexatur.

338 1352 503 1407 Anno
541 1351 649 1405 555
677 1351 972 1405 Arbetione
1013 1360 1065 1404 et
1110 1351 1356 1406 Lolliano
1394 1367 1564 1416 coss.,
1596 1349 1852 1405 Mediola-

269 1457 445 1498 nensc
496 1442 786 1498 concilium
841 1440 1097 1496 indicitur
1141 1457 1204 1497 ac
1245 1442 1552 1498 celebratur
1585 1441 1639 1495 in
1685 1454 1851 1495 causa

267 1533 584 1600 Athanasii,
631 1544 896 1604 prtesente
941 1533 1276 1590 Constantio.
1308 1535 1410 1602 Qui
1446 1534 1742 1590 catholicos
1789 1548 1852 1589 ac

269 1626 659 1682 sanctissimos
705 1625 989 1696 episcopos
1038 1626 1184 1682 illius
1230 1627 1564 1682 damnationi
1615 1626 1854 1682 subscri-

269 1716 404 1772 bere
433 1724 750 1772 rccusantes
782 1718 835 1770 in
887 1718 1139 1774 exsilium
1187 1720 1374 1788 ejicit‘;
1419 1720 1675 1774 nimirum
1721 1719 1854 1774 Ver-

1958 528 2102 569 coss.
2174 513 2490 569 nominibus
2537 532 2551 567 :
2602 527 2709 582 qua
2765 511 2833 565 de
2899 524 3066 564 causa
3138 504 3530 564 catholicorum

1956 604 2223 666 omnium,
2274 605 2573 673 praesertim
2603 601 2913 666 Athanasii,
2947 601 3058 656 risu
3094 615 3160 655 ac
3184 599 3419 654 ludibrio
3449 608 3534 654 est

1956 703 2206 765 excepta.
2267 694 2466 750 Eodem
2517 709 2661 749 anno
2710 692 2958 747 Liberius
3011 691 3202 747 Beroea
3246 699 3534 747 revocatus

1959 785 2146 842 Sirmii
2186 787 2377 856 primm
2410 787 2486 841 illi
2541 785 2790 840 formulae
2823 784 3166 854 subscripsit,
3203 798 3326 854 qua
3349 782 3534 838 Graece

1957 894 1987 934 a
2035 878 2217 934 Marco
2255 889 2446 934 contra
2490 879 2779 933 Photinum
2817 877 3021 946 scripta
3070 875 3284 942 fuerat;
3311 889 3419 930 non
3448 891 3534 929 se-

1957 967 2166 1022 cundae.
2209 967 2328 1034 Quo
2350 969 2642 1038 impetrato
2678 967 2904 1022 Romam
2936 965 3250 1020 remittitur.

2027 1061 2188 1116 Anno
2219 1061 2323 1116 558
2351 1059 2598 1115 absoluta
2631 1057 2902 1113 Sirmiana
2925 1055 3362 1127 pseudosynodo,
3391 1055 3536 1110 Con-

1957 1155 2192 1210 stantius
2238 1152 2609 1208 Nicomediam
2645 1152 2872 1206 alteram
2909 1148 3122 1204 indicit.
3157 1147 3262 1202 Sed
3285 1162 3349 1200 ea
3375 1159 3535 1201 terra:

1960 1247 2108 1302 motu
2141 1256 2435 1318 prostrata,
2469 1260 2593 1299 mox
2629 1245 2792 1298 etiam
2832 1241 3032 1306 Nicaea,
3064 1256 3174 1310 quo
3205 1248 3531 1294 conventum

1960 1338 2240 1394 transferri
2277 1338 2572 1408 placuerat,
2605 1335 2792 1390 eadem
2833 1333 2989 1386 ruina
3015 1331 3302 1387 subversa.

2027 1433 2186 1484 Anno
2224 1430 2329 1484 559
2363 1429 2615 1484 bifariam
2666 1425 2970 1482 distributis
3011 1424 3304 1494 episcOpis,
3342 1425 3533 1478 eodem

1961 1532 2207 1593 tempore
2237 1521 2468 1575 Arimini
2506 1538 2570 1576 ac
2615 1521 2876 1577 Seleuciae
2908 1521 2961 1574 in
2997 1520 3203 1575 Isauria
3231 1517 3420 1587 synodi
3451 1533 3537 1572 ee-

1959 1613 2259 1668 lebrantur.
2287 1611 2444 1668 Hane
2490 1613 2704 1668 illorum
2741 1622 3046 1683 temporum
3086 1611 3390 1675 historiam,
3435 1625 3534 1665 cu-

1955 1705 2197 1775 jusmodi
2248 1706 2302 1760 in
2354 1705 2646 1759 Annalibus
2707 1707 2976 1770 traditur,
3029 1720 3153 1760 cum
3205 1704 3260 1758 in
3319 1701 3534 1758 caeteris

269 1809 567 1864 cellensem
615 1806 934 1870 Eusebium,
989 1809 1305 1881 Dionysium
1358 1812 1850 1878 Mediolanensem;

1965 1797 2214 1854 Nicolaus
2242 1799 2440 1862 Faber,
2468 1799 2552 1853 vir
2570 1799 2994 1863 eruditissimus,
3019 1813 3126 1853 non
3155 1795 3441 1866 improbet,
3476 1793 3531 1847 itt

269 1915 334 1955 ac
363 1909 644 1970 postremo
684 1898 957 1955 Liberium
1004 1916 1225 1970 papam,
1255 1918 1415 1973 quem
1454 1902 1622 1958 Roma
1653 1903 1855 1959 Medio-

268 1992 461 2046 Ianum
507 1993 800 2045 acciverat.
842 1989 956 2045 Sub
995 1991 1109 2046 haec
1156 1990 1318 2048 Os'nts
1362 2009 1426 2048 ex
1457 1992 1731 2063 Hispaniis
1772 2011 1857 2050 ac—

263 2079 512 2135 cersitus
566 2078 873 2147 frustraque
933 2078 1257 2134 sollicitatus
1300 2079 1352 2133 in
1392 2080 1620 2148 patriam
1673 2080 1851 2135 rediit.

259 2165 278 2173 ’
344 2174 507 2226 Anno
534 2170 637 2225 556
664 2170 990 2225 Constantio
1021 2169 1134 2224 Vill
1166 2180 1216 2225 et
1249 2169 1463 2227 Juliano
1489 2187 1654 2236 coss.,
1690 2173 1856 2228 Atha-

272 2260 468 2316 nasius
507 2257 739 2328 Syriano
769 2259 908 2313 duce
958 2268 1242 2329 grassante
1272 2261 1595 2315 Alexandria
1642 2263 1852 2331 pulsus,

273 2352 439 2419 eique
469 2350 797 2403 substitutus
826 2348 1113 2416 Georgius.
1164 2350 1518 2405 Constantius
1549 2351 1856 2408 Mediolano

276 2439 510 2492 Romam
542 2437 786 2506 pervenit
816 2439 976 2492 tertio
1024 2437 1142 2492 Kal.
1195 2438 1377 2509 Majas.
1411 2441 1484 2494 lbi
1534 2456 1563 2493 a
1594 2443 1856 2498 matronis

275 2527 663 2597 interpellatus
719 2527 998 2583 Liberium
1049 2530 1228 2584 edicto
1271 2540 1518 2598 revocat.
1575 2531 1856 2588 Eudoxius

274 2618 644 2673 Gt-rtnanieize
676 2617 969 2688 episcOpus
1009 2620 1194 2674 audita
1234 2620 1443 2675 Leontii
1479 2631 1650 2677 morte
1686 2622 1855 2678 Roma

272 2706 630 2762 Antiochiam
667 2708 926 2764 advolans
965 2709 1150 2764 sedem
1201 2720 1455 2781 occupat.
1501 2711 1857 2768 Constantius

277 2817 331 2854 tv
381 2799 508 2854 Kal.
546 2800 673 2856 Jun.
701 2800 851 2856 Urbe
875 2801 1188 2871 digrediens
1225 2804 1277 2857 in
1310 2803 1584 2876 Illyricum
1617 2806 1854 2862 festinat.

351 2893 511 2945 Auno
543 2891 645 2945 557
682 2891 1006 2948 Constantio
1040 2893 1108 2946 IX
1139 2904 1191 2949 et
1217 2894 1436 2949 Iuliano
1474 2896 1510 2949 ll
1539 2912 1707 2962 coss.,
1738 2898 1855 2953 Sir-

276 2984 496 3036 tnieuse
541 2982 837 3036 concilium
891 2997 1075 3037 coram
1127 2981 1454 3037 Constantio
1503 2983 1855 3038 celebratum.

275 3068 337 3123 lu
370 3084 480 3139 quo
529 3071 768 3140 primum
817 3071 1112 3126 damnatus
1163 3071 1444 3134 Photinus,
1482 3081 1536 3127 et
1583 3089 1610 3127 a
1660 3073 1856 3129 Basilio

275 3164 512 3234 Ancyrae
559 3163 819 3232 episeopo
869 3163 1206 3220 confutatus.
1261 3164 1400 3219 Tum
1437 3166 1558 3220 fidei
1610 3165 1857 3222 formula:

274 3264 395 3309 tres
424 3254 797 3324 conscriptae:
837 3255 1009 3324 prima
1062 3265 1288 3312 auctore
1335 3256 1520 3312 Marco
1568 3257 1858 3314 Arethusio

271 3344 496 3410 Graeca,
543 3346 596 3399 in
636 3361 743 3415 qua
782 3348 1022 3402 damnati
1059 3349 1198 3402 inter
1239 3359 1454 3412 cratera,
1501 3349 1590 3415 qui
1634 3365 1699 3402 ex
1750 3350 1855 3402 alia

277 3438 614 3500 substantia,
648 3448 703 3494 et
749 3455 857 3494 non
902 3456 969 3494 ex
1021 3439 1131 3495 Deo
1162 3440 1359 3494 Filium
1396 3441 1672 3494 exstitisse
1709 3442 1858 3494 dice-

271 3535 435 3582 rent:
456 3527 598 3582 hanc
621 3528 783 3582 habet
801 3531 1133 3585 Athanasius
1149 3531 1240 3583 lib.
1261 3529 1334 3582 De
1350 3532 1584 3598 synouis,
1621 3529 1858 3584 llilan’us

277 3620 379 3675 Lib.
415 3617 493 3672 De
539 3619 774 3688 synodis,
810 3629 863 3674 et
916 3619 1206 3687 Socrates;
1254 3621 1494 3674 secunda
1521 3619 1708 3675 Latine
1741 3623 1856 3690 pri-

271 3726 434 3766 mum
473 3711 640 3776 edita,
674 3719 727 3766 et
763 3711 950 3766 Grzece
997 3697 1343 3781 postmodum
1388 3728 1672 3777 conversa,
1715 3716 1854 3782 apuil

276 3802 482 3856 Athan.
535 3812 590 3856 et
647 3801 924 3858 Socratem
971 3800 1170 3858 exstat.
1223 3804 1355 3869 Qua:
1409 3805 1506 3874 τῆς
1551 3803 1758 3870 οὐσίας,
1807 3817 1859 3860 ct

273 3891 592 3961 ὁμωυσιου,
640 3906 742 3946 nec
791 3907 897 3946 non
945 3892 1254 3962 ὁμοιουσίου
1297 3895 1564 3949 vocabula
1617 3908 1860 3950 comme-

275 3983 488 4036 morari
534 3981 740 4046 vetuit;
792 3981 1007 4038 Patrem
1055 4000 1184 4038 vero
1239 3984 1501 4053 majorem
1552 4000 1673 4040 esse
1719 3984 1861 4041 Filio

276 4071 547 4127 decrevit.
599 4070 748 4127 Hanc
793 4073 913 4127 fidei
949 4073 1347 4143 professionem
1404 4074 1473 4129 ab
1507 4075 1640 4130 Osio
1671 4086 1725 4130 et
1756 4074 1862 4130 Po-

281 4173 506 4219 tamone
528 4167 894 4233 conscriptam
929 4166 1108 4235 prodit
1142 4165 1405 4222 Hilarius.
1438 4166 1517 4221 Ex
1552 4183 1663 4238 quo
1702 4167 1862 4224 facile

280 4257 580 4325 colligitur,
613 4257 749 4310 hanc
778 4273 898 4313 esse
933 4257 1054 4312 fidei
1079 4257 1318 4322 ἔκθεσιν,
1345 4259 1509 4328 cujus
1534 4260 1860 4330 approbatio

278 4349 335 4403 vi
383 4364 450 4404 ac
500 4351 788 4404 tormentis
837 4351 904 4404 ab
957 4348 1090 4406 Osio
1139 4360 1224 4406 est
1268 4367 1547 4422 expressa.
1603 4351 1706 4407 Sed
1743 4352 1860 4409 Osii

1957 1888 2059 1943 hoc
2093 1887 2346 1944 dissentit
2375 1904 2506 1955 uno,
2532 1888 2677 1958 quod
2712 1889 2926 1943 tertiam
2961 1886 3085 1941 ﬁdei
3115 1884 3530 1956 professionem,

1957 1979 2043 2034 cui
2084 1994 2229 2035 coss.
2276 1979 2442 2034 additi
2495 1989 2645 2044 sunt,
2692 1989 2850 2051 negat
2895 1981 2948 2034 in
2995 1977 3282 2033 Sirmiensi
3325 1976 3532 2046 synodo

1957 2069 2128 2126 fuisse
2159 2070 2473 2126 conﬂatam.
2507 2070 2692 2140 Itaque
2723 2073 2860 2126 duas
2891 2070 3157 2126 duntaxat
3183 2069 3390 2140 priores
3417 2067 3534 2122 edi-

1958 2172 2042 2218 tas
2068 2170 2182 2217 tum
2210 2176 2331 2218 esse
2355 2173 2702 2228 eenset,cum
2729 2163 2992 2219 adversus
3018 2163 3312 2216 Photinum
3342 2159 3530 2213 Ariani

1957 2263 2353 2311 convenerunt.
2386 2254 2726 2310 Postremam
2755 2271 2884 2310 vero
2916 2253 3104 2310 Sirmii
3135 2254 3279 2308 illam
3311 2251 3533 2323 quidem

1956 2345 2307 2423 editamxsed
2339 2346 2391 2399 in
2425 2344 2650 2400 fortuito
2684 2346 3062 2415 episcoporunt
3097 2358 3392 2405 concursu,
3423 2355 3532 2395 non

1957 2436 2199 2508 legitimo
2243 2437 2557 2506 indictaque
2603 2437 2856 2492 concilio.
2909 2436 3001 2492 Sic
3062 2436 3207 2490 enim
3258 2434 3536 2490 existimat

1960 2531 2012 2583 in
2049 2530 2138 2584 illa
2187 2527 2536 2595 Pratl‘atione,
2590 2545 2755 2600 quam
2808 2527 2999 2582 Hilarii
3051 2527 3366 2596 fragmentis
3398 2541 3536 2597 pra:-

1959 2623 2110 2679 fixit:
2160 2621 2538 2677 Constantium
2571 2623 2768 2677 litteris
2799 2625 2865 2676 ad
2896 2621 3242 2692 Ancyranum
3277 2621 3533 2678 Basilium

1960 2712 2200 2782 scriptis,
2237 2711 2528 2766 mandasse
2555 2721 2616 2764 ut
2637 2710 2704 2764 dc
2733 2710 2852 2764 loco
2893 2709 3149 2786 cogendae
3188 2711 3376 2780 synodi
3408 2726 3532 2765 eunt

1959 2801 2328 2858 Orientalibus
2357 2800 2702 2856 deliberaret.
2741 2799 2845 2855 Sed
2879 2816 3002 2855 eum
3055 2801 3195 2856 inter
3239 2800 3360 2856 illos
3401 2816 3534 2856 eon-

1959 2893 2142 2949 venire
2168 2907 2272 2948 non
2302 2901 2504 2962 posset,
2524 2890 2782 2946 Basilium
2805 2889 2871 2944 ad
2908 2891 3294 2960 imperatorem
3321 2890 3536 2945 venisse

1962 2984 2145 3054 ibique
2203 2981 2447 3036 Marcum
2521 2981 2896 3047 Arethusium,
2945 2979 3226 3036 Valentem
3292 2980 3537 3052 aliosque

1965 3075 2252 3146 reperisse.
2304 3073 2462 3128 Tunc
2487 3073 2704 3129 collatis
2729 3072 2996 3142 capitibus
3021 3080 3074 3127 et
3099 3072 3535 3142 conspirantibutt

1966 3168 2030 3221 ad
2059 3164 2332 3220 Nicarnam
2362 3164 2520 3220 fidem
2550 3164 2900 3220 evertendam
2931 3164 3153 3230 animis,
3196 3164 3455 3219 statuisse
3480 3175 3539 3218 ιιι

1957 3257 2148 3312 Nicaea:
2185 3255 2428 3328 synodus
2477 3255 2784 3311 haberetur.
2829 3254 2961 3310 Post
3006 3270 3130 3310 cum
3177 3255 3422 3310 eamdem
3447 3269 3539 3309 ur-

1961 3349 2080 3402 hem
2107 3357 2265 3403 terrae
2297 3355 2481 3402 motus
2523 3346 2822 3415 atllixisset,
2851 3347 3130 3412 statuisse,
3171 3355 3230 3400 ut
3258 3346 3540 3416 episcopo-

1961 3454 2080 3492 rum
2122 3453 2250 3508 pars
2297 3437 2602 3492 Seleuciam
2642 3452 2764 3493 sese
2810 3436 3103 3492 conferret.
3138 3436 3218 3492 Ac
3261 3453 3358 3507 per
3394 3437 3536 3492 idem

1963 3540 2174 3601 tempus
2203 3529 2388 3584 Sirmii
2420 3544 2612 3584 novam
2645 3544 2710 3585 ac
2749 3529 2961 3584 tertiam
3011 3529 3134 3584 fidei
3181 3528 3471 3583 formulam
3505 3543 3535 3582 τι.

1963 3621 2141 3677 Marco
2185 3621 2480 3676 Arethusio
2530 3619 2700 3677 fuisse
2747 3620 3147 3690 conscriptam;
3201 3628 3261 3673 ttt
3294 3635 3360 3674 ex
3410 3619 3542 3675 Ger-

1963 3714 2113 3767 tninii
2141 3712 2391 3783 epistola,
2419 3726 2541 3782 quze
2573 3712 2624 3766 in
2652 3711 2994 3783 Fragmeutis
3028 3711 3244 3782 legitur,
3279 3709 3536 3767 Nicolaue

1960 3805 2135 3860 Faber
2168 3805 2443 3859 observat.

1962 3897 2242 3968 ιέείείιὶιιιν
2286 3896 2540 3951 historica
2597 3896 2925 3965 superiorum
2979 3895 3213 3948 omnium
3275 3895 3537 3949 narratio.

2031 3987 2157 4043 Fuit
2183 3989 2288 4043 hoc
2319 3988 2482 4058 igitur
2517 3987 2781 4054 hactenus
2806 4001 3128 4056 persuasum
3150 3987 3428 4051 omnibus,
3467 3987 3540 4041 ait

1962 4095 2073 4134 una
2139 4079 2440 4147 eademque
2514 4078 2799 4133 Sirmiensi
2865 4078 3072 4149 synodo
3121 4077 3538 4134 condemnatum

1961 4187 2083 4228 esse
2107 4171 2424 4234 Photinum,
2458 4178 2512 4224 et
2555 4171 2668 4224 sive
2700 4178 2830 4233 tres,
2873 4169 2988 4224 sive
3021 4169 3160 4224 duas
3191 4168 3382 4225 saltem
3413 4169 3540 4224 tidei

1965 4263 2232 4318 formulas
2261 4278 2382 4317 esse
2408 4260 2699 4332 profectas.
2737 4261 2980 4326 Quarum
3017 4261 3279 4316 adversus
3321 4259 3541 4315 Photini

1964 4356 2216 4426 dogmata
2246 4353 2394 4424 prior
2424 4352 2568 4406 edita
2605 4363 2722 4416 est;
2751 4352 2805 4406 in
2837 4367 2944 4422 qua
2983 4350 3093 4406 Deo
3120 4367 3315 4407 nomen
3354 4351 3543 4414 οὐσίας

277 4441 500 4510 lapsum
546 4443 918 4512 compensavit
964 4441 1424 4500 Semiarianorum
1466 4447 1857 4517 propemodum
1894 4453 1936 4508 D
1969 4446 2289 4502 attributum
2320 4452 2424 4507 est,
2459 4459 2622 4512 quant
2675 4459 2850 4512 neque
2892 4442 3164 4507 collatari,
3207 4457 3381 4512 neque
3417 4457 3541 4498 con-

280 4529 622 4584 catholicum
673 4531 953 4585 decretum
1007 4533 1062 4586 in
1126 4532 1419 4604 Ancyrana
1474 4537 1721 4607 synodo,
1772 4541 1861 4592 cui

283 4622 522 4676 Basilius
556 4621 791 4691 prrefuit.
831 4622 886 4678 ln
916 4641 1026 4695 quo
1061 4627 1326 4706 adversus
1377 4627 1708 4682 Sirmianam
1741 4644 1865 4699 per—

279 4713 470 4768 tidiam
507 4713 810 4770 Orientales
846 4714 1079 4784 professi
1113 4728 1258 4784 sunt,
1291 4718 1489 4774 Filium
1523 4735 1622 4790 per
1655 4721 1860 4785 omnia,

276 4806 531 4875 adeoque
578 4805 876 4860 secundum
930 4809 1313 4875 substantiam,
1356 4825 1478 4866 esse
1523 4812 1666 4867 Patri
1709 4813 1864 4867 simi-

279 4897 414 4951 lem.
473 4894 650 4962 Quam
699 4895 1088 4965 professionem
1128 4901 1283 4954 valde
1321 4905 1756 4957 commendatam
1800 4919 1865 4959 ac

279 4988 431 5043 notis
465 4988 791 5042 illustratam
844 4988 898 5042 in
928 4987 1131 5046 Gallias
1157 4991 1306 5046 misit
1355 4988 1615 5048 Hilarius.
1658 4996 1729 5048 At
1757 4994 1862 5048 Ba-

279 5080 443 5133 silius
476 5093 599 5131 cum
639 5075 996 5134 Sentiarianis
1049 5081 1215 5136 sociis
1266 5079 1529 5135 Sirmium
1583 5098 1861 5147 reversus,

279 5181 338 5228 et
391 5188 518 5227 cum
593 5171 853 5239 Valente,
910 5172 1159 5239 Ursacio,
1210 5174 1529 5244 cacterisque
1588 5176 1862 5244 germanis

283 5265 506 5320 Arianis
555 5281 884 5334 congressus
928 5275 1032 5321 est.
1083 5267 1183 5334 Qui
1236 5267 1308 5320 ita
1358 5267 1577 5322 demum
1632 5269 1773 5322 inter
1806 5285 1864 5324 se

280 5355 608 5410 Constantio
661 5358 939 5411 annitente
973 5359 1344 5424 consentiunt,
1381 5369 1441 5414 ut
1470 5362 1683 5415 subluto
1726 5362 1861 5416 sub-

283 5445 501 5500 stantiae
549 5448 788 5510 nomine,
841 5446 1033 5502 Filium
1074 5465 1171 5518 per
1204 5452 1385 5504 omnia
1443 5449 1590 5505 Patri
1627 5453 1862 5506 similem

282 5552 407 5591 esse
459 5536 862 5605 profiterentur.
920 5537 1056 5594 llinc
1097 5542 1252 5595 tertia
1309 5544 1398 5597 illa
1450 5543 1574 5598 fidei
1607 5542 1859 5598 formula

287 5629 548 5691 manavit,
604 5644 764 5697 quam
823 5627 1018 5686 Valens
1065 5633 1130 5686 ad
1166 5632 1512 5690 Arintiuense
1562 5635 1859 5690 concilium

284 5719 497 5786 detulit,
529 5727 588 5774 ut
620 5719 953 5790 Epiphanius
987 5723 1087 5781 hac
1131 5725 1246 5794 ipsa
1292 5729 1343 5780 itt
1380 5729 1567 5784 haeresi
1603 5737 1858 5784 testatur.

1967 4538 2109 4593 trahi
2170 4551 2330 4606 posse
2376 4535 2784 4590 decreverunt:
2833 4549 2996 4603 quam
3052 4534 3216 4588 etiam
3279 4533 3466 4588 Grzere
3511 4549 3542 4587 a

1965 4627 2148 4682 Marco
2185 4625 2476 4681 Arethusio
2511 4625 2766 4692 scriptam
2800 4632 3030 4680 testatur
3064 4625 3317 4680 Socrates
3357 4625 3454 4679 lib.
3479 4641 3539 4689 tt,

1965 4734 2082 4788 cap.
2118 4718 2225 4781 25;
2278 4717 2446 4771 altera
2499 4716 2696 4771 Latino
2743 4731 2996 4772 sermone
3036 4717 3254 4782 tradita,
3297 4715 3540 4781 Valente,

1968 4811 2220 4876 Ursacio,
2261 4808 2564 4875 Germinio,
2613 4824 2678 4864 ac
2707 4811 2917 4864 caeteris
2951 4809 3221 4879 episcopis
3261 4810 3545 4880 prarsenti-

1965 4901 2090 4965 bus,
2125 4910 2182 4955 ut
2216 4899 2501 4968 inscriptio
2542 4899 2660 4968 ipsa
2712 4897 2834 4953 fert.
2866 4897 2923 4951 In
2955 4913 3060 4967 qua
3104 4897 3292 4960 οὐσίας
3343 4914 3540 4953 nomen

1966 5007 2178 5048 necnon
2220 4998 2274 5047 et
2318 4989 2602 5062 ὁμοουσίου
2658 4998 2821 5060 atque
2871 4988 3176 5060 ὁμοιουσίου
3255 4990 3540 5054 voeabula,

1965 5088 2111 5157 quod
2157 5087 2214 5141 in
2266 5086 2438 5142 sacris
2471 5085 2688 5140 Litteris
2737 5100 2847 5139 non
2893 5093 3196 5147 exstarent,
3234 5083 3542 5138 oblitterata

1967 5188 2117 5245 Sunt,
2149 5180 2293 5233 etin
2343 5189 2664 5248 perpetuum
2707 5176 3046 5246 proscripta;
3101 5191 3224 5230 nam
3270 5177 3336 5229 de
3385 5177 3542 5231 tertia

1968 5271 2186 5336 merito,
2239 5277 2298 5323 ut
2354 5279 2541 5340 postea
2579 5270 2906 5332 videbimus,
2961 5267 3216 5322 Ncolaus
3245 5265 3418 5320 Faber
3459 5281 3545 5320 re-

1965 5372 2189 5435 pugnat,
2219 5379 2382 5434 quam
2420 5363 2510 5416 alii
2539 5360 2730 5416 eadem
2767 5361 2856 5414 illa
2882 5359 2936 5414 in
2976 5357 3184 5430 synodo
3209 5364 3400 5427 putant
3423 5368 3544 5409 esse

1968 5457 2356 5526 conscriptam.
2423 5453 2575 5509 llmc
2625 5452 2892 5516 Socratis,
2944 5448 3237 5505 Sozomeni
3284 5447 3536 5501 aliorum-

1967 5562 2094 5616 que,
2125 5557 2184 5602 ut
2219 5563 2342 5601 mox
2388 5545 2684 5610 constabit,
2728 5542 3214 5599 hallucinationetn
3263 5537 3418 5592 novis
3452 5553 3542 5590 er-

1967 5639 2183 5694 roribus
2226 5640 2557 5693 recentiores
2606 5637 2856 5692 historici
2890 5635 3261 5691 cumularunt.
3296 5628 3542 5696 Quorum

1967 5745 2074 5784 non
2111 5730 2368 5785 minimus
2417 5729 2505 5785 illc
2551 5739 2653 5794 est,
2684 5729 2831 5801 quod
2877 5728 3219 5791 Aucyranam
3250 5718 3541 5776 Semiaria-
