  <div class='ocr_page' id='page_1' title='image "/cluster/home/n/w/nwhite01/storage/ocr_20150623/42/hvd.32044011752995/533.png"; bbox 0 0 3874 6322; ppageno 0'>
   <div class='ocr_carea' id='block_1_1' title="bbox 398 333 1958 401">
    <p class='ocr_par' dir='ltr' id='par_1_1' title="bbox 398 333 1958 393">
     <span class='ocr_line' id='line_1_1' title="bbox 398 333 1958 393; baseline -0.003 -1"><span class='ocrx_word' id='word_1_1' title='bbox 398 336 539 393; x_wconf 67' lang='grc'><strong>1065</strong></span> <span class='ocrx_word' id='word_1_2' title='bbox 1542 333 1878 390; x_wconf 72' lang='grc' dir='ltr'><strong>ΑΡΡΕΝθῖΚ</strong></span> <span class='ocrx_word' id='word_1_3' title='bbox 1937 335 1958 389; x_wconf 92' lang='grc'>[</span> 
     </span>
    </p>
   </div>
   <div class='ocr_carea' id='block_1_2' title="bbox 2063 333 3653 401">
    <p class='ocr_par' dir='ltr' id='par_1_2' title="bbox 2063 336 3653 401">
     <span class='ocr_line' id='line_1_2' title="bbox 2063 336 3653 401; baseline 0.006 -9"><span class='ocrx_word' id='word_1_4' title='bbox 2063 336 2557 397; x_wconf 73' lang='grc' dir='ltr'><strong>ΞΕΒΤΛΤΙΟΝΟΜ.</strong></span> <span class='ocrx_word' id='word_1_5' title='bbox 3508 346 3653 401; x_wconf 73' lang='lat' dir='ltr'><strong>met</strong></span> 
     </span>
    </p>
   </div>
   <div class='ocr_carea' id='block_1_3' title="bbox 399 447 3656 522">
    <p class='ocr_par' dir='ltr' id='par_1_3' title="bbox 399 447 3656 522">
     <span class='ocr_line' id='line_1_3' title="bbox 399 447 3656 522; baseline 0.002 -17"><span class='ocrx_word' id='word_1_6' title='bbox 399 464 593 515; x_wconf 87' lang='lat' dir='ltr'><strong>norum</strong></span> <span class='ocrx_word' id='word_1_7' title='bbox 620 448 908 520; x_wconf 78' lang='lat' dir='ltr'><strong>synodum,</strong></span> <span class='ocrx_word' id='word_1_8' title='bbox 940 464 1062 519; x_wconf 70' lang='lat' dir='ltr'><strong>qua:</strong></span> <span class='ocrx_word' id='word_1_9' title='bbox 1084 449 1348 505; x_wconf 79' lang='lat' dir='ltr'><strong>adversus</strong></span> <span class='ocrx_word' id='word_1_10' title='bbox 1374 447 1669 503; x_wconf 90' lang='lat' dir='ltr'><strong>secundam</strong></span> <span class='ocrx_word' id='word_1_11' title='bbox 1706 447 1971 504; x_wconf 89' lang='lat' dir='ltr'><strong>Sirmien-</strong></span> <span class='ocrx_word' id='word_1_12' title='bbox 2001 457 2046 514; x_wconf 77' lang='grc' dir='ltr'>Α</span> <span class='ocrx_word' id='word_1_13' title='bbox 2079 451 2221 519; x_wconf 87' lang='lat' dir='ltr'><strong>apud</strong></span> <span class='ocrx_word' id='word_1_14' title='bbox 2279 449 2646 507; x_wconf 83' lang='lat' dir='ltr'><strong>Sozomenum</strong></span> <span class='ocrx_word' id='word_1_15' title='bbox 2690 452 2783 508; x_wconf 86' lang='lat' dir='ltr'><strong>lib.</strong></span> <span class='ocrx_word' id='word_1_16' title='bbox 2835 469 2913 519; x_wconf 84' lang='lat' dir='ltr'><strong>tv,</strong></span> <span class='ocrx_word' id='word_1_17' title='bbox 2955 466 3076 522; x_wconf 84' lang='lat' dir='ltr'><strong>cap.</strong></span> <span class='ocrx_word' id='word_1_18' title='bbox 3130 452 3195 506; x_wconf 73' lang='lat' dir='ltr'><strong>l2</strong></span> <span class='ocrx_word' id='word_1_19' title='bbox 3234 455 3391 509; x_wconf 82' lang='lat' dir='ltr'><strong>enixe</strong></span> <span class='ocrx_word' id='word_1_20' title='bbox 3431 456 3499 510; x_wconf 85' lang='lat' dir='ltr'><strong>ab</strong></span> <span class='ocrx_word' id='word_1_21' title='bbox 3544 458 3656 511; x_wconf 77' lang='lat' dir='ltr'><strong>im-</strong></span> 
     </span>
    </p>
   </div>
   <div class='ocr_carea' id='block_1_4' title="bbox 397 536 1958 618">
    <p class='ocr_par' dir='ltr' id='par_1_4' title="bbox 397 536 1958 604">
     <span class='ocr_line' id='line_1_4' title="bbox 397 536 1958 604; baseline 0.003 -12"><span class='ocrx_word' id='word_1_22' title='bbox 397 552 512 593; x_wconf 84' lang='lat' dir='ltr'><strong>sem</strong></span> <span class='ocrx_word' id='word_1_23' title='bbox 538 536 824 592; x_wconf 89' lang='lat' dir='ltr'><strong>formulam</strong></span> <span class='ocrx_word' id='word_1_24' title='bbox 860 539 1039 593; x_wconf 85' lang='lat' dir='ltr'><strong>habita</strong></span> <span class='ocrx_word' id='word_1_25' title='bbox 1076 548 1178 604; x_wconf 92' lang='lat' dir='ltr'><strong>est,</strong></span> <span class='ocrx_word' id='word_1_26' title='bbox 1210 539 1263 593; x_wconf 91' lang='lat' dir='ltr'><strong>in</strong></span> <span class='ocrx_word' id='word_1_27' title='bbox 1297 539 1545 594; x_wconf 85' lang='lat' dir='ltr'><strong>eumdem</strong></span> <span class='ocrx_word' id='word_1_28' title='bbox 1594 555 1795 595; x_wconf 91' lang='lat' dir='ltr'><strong>annum</strong></span> <span class='ocrx_word' id='word_1_29' title='bbox 1831 556 1958 596; x_wconf 73' lang='lat' dir='ltr'><strong>con«</strong></span> 
     </span>
    </p>
   </div>
   <div class='ocr_carea' id='block_1_5' title="bbox 2063 536 3655 618">
    <p class='ocr_par' dir='ltr' id='par_1_5' title="bbox 2069 542 3655 618">
     <span class='ocr_line' id='line_1_5' title="bbox 2069 542 3655 618; baseline 0.004 -24"><span class='ocrx_word' id='word_1_30' title='bbox 2069 550 2319 610; x_wconf 88' lang='lat' dir='ltr'><strong>peratore</strong></span> <span class='ocrx_word' id='word_1_31' title='bbox 2360 542 2729 611; x_wconf 84' lang='lat' dir='ltr'><strong>postulantes,</strong></span> <span class='ocrx_word' id='word_1_32' title='bbox 2805 544 2949 599; x_wconf 81' lang='grc' dir='ltr'><strong>ὥστε</strong></span> <span class='ocrx_word' id='word_1_33' title='bbox 3018 548 3244 616; x_wconf 74' lang='grc' dir='ltr'><strong>κρατεῖν</strong></span> <span class='ocrx_word' id='word_1_34' title='bbox 3282 546 3351 598; x_wconf 82' lang='grc' dir='ltr'><strong>τὰ</strong></span> <span class='ocrx_word' id='word_1_35' title='bbox 3395 548 3455 598; x_wconf 82' lang='grc' dir='ltr'>ὲν</span> <span class='ocrx_word' id='word_1_36' title='bbox 3502 550 3655 618; x_wconf 75' lang='grc' dir='ltr'><strong>Σαρ-</strong></span> 
     </span>
    </p>
   </div>
   <div class='ocr_carea' id='block_1_6' title="bbox 393 626 1958 704">
    <p class='ocr_par' dir='ltr' id='par_1_6' title="bbox 393 626 1958 699">
     <span class='ocr_line' id='line_1_6' title="bbox 393 626 1958 699; baseline 0.004 -18"><span class='ocrx_word' id='word_1_37' title='bbox 393 626 622 697; x_wconf 83' lang='lat' dir='ltr'><strong>jiciunt,</strong></span> <span class='ocrx_word' id='word_1_38' title='bbox 674 644 783 699; x_wconf 92' lang='lat' dir='ltr'><strong>quo</strong></span> <span class='ocrx_word' id='word_1_39' title='bbox 840 644 873 683; x_wconf 88' lang='lat' dir='ltr'><strong>a</strong></span> <span class='ocrx_word' id='word_1_40' title='bbox 922 630 1207 684; x_wconf 84' lang='lat' dir='ltr'><strong>Sirmiensi</strong></span> <span class='ocrx_word' id='word_1_41' title='bbox 1257 631 1487 686; x_wconf 84' lang='lat' dir='ltr'><strong>concilio</strong></span> <span class='ocrx_word' id='word_1_42' title='bbox 1537 631 1828 687; x_wconf 90' lang='lat' dir='ltr'><strong>damnatus</strong></span> <span class='ocrx_word' id='word_1_43' title='bbox 1881 640 1958 689; x_wconf 81' lang='lat' dir='ltr'><strong>est</strong></span> 
     </span>
    </p>
   </div>
   <div class='ocr_carea' id='block_1_7' title="bbox 2063 626 3657 704">
    <p class='ocr_par' dir='ltr' id='par_1_7' title="bbox 2064 630 3657 704">
     <span class='ocr_line' id='line_1_7' title="bbox 2064 630 3657 704; baseline 0.005 -20"><span class='ocrx_word' id='word_1_44' title='bbox 2064 630 2187 702; x_wconf 74' lang='grc' dir='ltr'><strong>δικῇ</strong></span> <span class='ocrx_word' id='word_1_45' title='bbox 2212 669 2226 694; x_wconf 91' lang='grc'><strong><em>,</em></strong></span> <span class='ocrx_word' id='word_1_46' title='bbox 2264 632 2358 684; x_wconf 72' lang='grc' dir='ltr'><strong>καὶ</strong></span> <span class='ocrx_word' id='word_1_47' title='bbox 2389 633 2448 685; x_wconf 84' lang='grc' dir='ltr'>ὲν</span> <span class='ocrx_word' id='word_1_48' title='bbox 2483 632 2726 704; x_wconf 74' lang='grc' dir='ltr'><strong>Σιρμίῳ,</strong></span> <span class='ocrx_word' id='word_1_49' title='bbox 2768 633 2864 685; x_wconf 72' lang='grc' dir='ltr'><strong>καὶ</strong></span> <span class='ocrx_word' id='word_1_50' title='bbox 2907 636 2966 687; x_wconf 85' lang='grc' dir='ltr'>ὲν</span> <span class='ocrx_word' id='word_1_51' title='bbox 3008 638 3129 699; x_wconf 78' lang='grc' dir='ltr'><strong>ταῖς</strong></span> <span class='ocrx_word' id='word_1_52' title='bbox 3172 636 3362 700; x_wconf 77' lang='grc' dir='ltr'>ἄλλαις</span> <span class='ocrx_word' id='word_1_53' title='bbox 3407 639 3657 703; x_wconf 74' lang='grc' dir='ltr'><strong>συνόδοις</strong></span> 
     </span>
    </p>
   </div>
   <div class='ocr_carea' id='block_1_8' title="bbox 396 714 1958 794">
    <p class='ocr_par' dir='ltr' id='par_1_8' title="bbox 396 714 1958 788">
     <span class='ocr_line' id='line_1_8' title="bbox 396 714 1958 788; baseline 0.004 -17"><span class='ocrx_word' id='word_1_54' title='bbox 396 714 682 782; x_wconf 92' lang='lat' dir='ltr'><strong>Photinus,</strong></span> <span class='ocrx_word' id='word_1_55' title='bbox 720 732 913 788; x_wconf 85' lang='lat' dir='ltr'><strong>nempe</strong></span> <span class='ocrx_word' id='word_1_56' title='bbox 950 717 1152 774; x_wconf 81' lang='lat' dir='ltr'><strong>Chn’sti</strong></span> <span class='ocrx_word' id='word_1_57' title='bbox 1188 721 1312 775; x_wconf 77' lang='lat'><strong>357.</strong></span> <span class='ocrx_word' id='word_1_58' title='bbox 1352 719 1553 775; x_wconf 87' lang='lat' dir='ltr'><strong>Verum</strong></span> <span class='ocrx_word' id='word_1_59' title='bbox 1582 738 1683 777; x_wconf 91' lang='lat' dir='ltr'><strong>nos</strong></span> <span class='ocrx_word' id='word_1_60' title='bbox 1720 738 1787 777; x_wconf 88' lang='lat' dir='ltr'><strong>ex</strong></span> <span class='ocrx_word' id='word_1_61' title='bbox 1823 724 1958 778; x_wconf 89' lang='lat' dir='ltr'><strong>anti-</strong></span> 
     </span>
    </p>
   </div>
   <div class='ocr_carea' id='block_1_9' title="bbox 2063 714 3653 794">
    <p class='ocr_par' dir='ltr' id='par_1_9' title="bbox 2068 718 3653 794">
     <span class='ocr_line' id='line_1_9' title="bbox 2068 718 3653 794; baseline 0.007 -23"><span class='ocrx_word' id='word_1_62' title='bbox 2068 718 2401 788; x_wconf 73' lang='grc' dir='ltr'>κεκριμέναο</span> <span class='ocrx_word' id='word_1_63' title='bbox 2450 728 2508 772; x_wconf 87' lang='lat' dir='ltr'><strong>ut</strong></span> <span class='ocrx_word' id='word_1_64' title='bbox 2559 737 2625 774; x_wconf 90' lang='lat' dir='ltr'><strong>ea</strong></span> <span class='ocrx_word' id='word_1_65' title='bbox 2667 732 2785 775; x_wconf 86' lang='lat' dir='ltr'><strong>rata</strong></span> <span class='ocrx_word' id='word_1_66' title='bbox 2820 735 3122 788; x_wconf 79' lang='lat' dir='ltr'><strong>manerent,</strong></span> <span class='ocrx_word' id='word_1_67' title='bbox 3173 742 3293 794; x_wconf 66' lang='lat' dir='ltr'><strong>quae</strong></span> <span class='ocrx_word' id='word_1_68' title='bbox 3336 727 3389 779; x_wconf 84' lang='lat' dir='ltr'><strong>in</strong></span> <span class='ocrx_word' id='word_1_69' title='bbox 3451 727 3653 781; x_wconf 83' lang='lat' dir='ltr'><strong>Sardi-</strong></span> 
     </span>
    </p>
   </div>
   <div class='ocr_carea' id='block_1_10' title="bbox 395 808 3652 886">
    <p class='ocr_par' dir='ltr' id='par_1_10' title="bbox 395 808 3652 886">
     <span class='ocr_line' id='line_1_10' title="bbox 395 808 3652 886; baseline 0.004 -24"><span class='ocrx_word' id='word_1_70' title='bbox 395 808 522 878; x_wconf 75' lang='lat' dir='ltr'><strong>quis</strong></span> <span class='ocrx_word' id='word_1_71' title='bbox 571 808 823 864; x_wconf 83' lang='lat' dir='ltr'><strong>Patrihus</strong></span> <span class='ocrx_word' id='word_1_72' title='bbox 861 809 1095 878; x_wconf 86' lang='lat' dir='ltr'><strong>primum</strong></span> <span class='ocrx_word' id='word_1_73' title='bbox 1132 810 1263 864; x_wconf 91' lang='lat' dir='ltr'><strong>illud</strong></span> <span class='ocrx_word' id='word_1_74' title='bbox 1311 809 1519 866; x_wconf 86' lang='lat' dir='ltr'><strong>odorati</strong></span> <span class='ocrx_word' id='word_1_75' title='bbox 1567 826 1796 876; x_wconf 89' lang='lat' dir='ltr'><strong>sumus,</strong></span> <span class='ocrx_word' id='word_1_76' title='bbox 1850 822 1965 867; x_wconf 81' lang='lat' dir='ltr'><strong>tres</strong></span> <span class='ocrx_word' id='word_1_77' title='bbox 2064 809 2243 871; x_wconf 80' lang='lat' dir='ltr'><strong>censi,</strong></span> <span class='ocrx_word' id='word_1_78' title='bbox 2303 826 2369 862; x_wconf 81' lang='lat' dir='ltr'><strong>ac</strong></span> <span class='ocrx_word' id='word_1_79' title='bbox 2413 808 2730 880; x_wconf 86' lang='lat' dir='ltr'><strong>Sirmiensi,</strong></span> <span class='ocrx_word' id='word_1_80' title='bbox 2791 814 3015 886; x_wconf 85' lang='lat' dir='ltr'><strong>aliisque</strong></span> <span class='ocrx_word' id='word_1_81' title='bbox 3072 817 3310 871; x_wconf 75' lang='lat' dir='ltr'><strong>conciliis</strong></span> <span class='ocrx_word' id='word_1_82' title='bbox 3357 821 3652 874; x_wconf 77' lang='lat' dir='ltr'><strong>constituta</strong></span> 
     </span>
    </p>
   </div>
   <div class='ocr_carea' id='block_1_11' title="bbox 394 897 2300 971">
    <p class='ocr_par' dir='ltr' id='par_1_11' title="bbox 394 897 2300 971">
     <span class='ocr_line' id='line_1_11' title="bbox 394 897 2300 971; baseline 0.002 -18"><span class='ocrx_word' id='word_1_83' title='bbox 394 899 621 953; x_wconf 86' lang='lat' dir='ltr'><strong>omnino</strong></span> <span class='ocrx_word' id='word_1_84' title='bbox 646 913 945 957; x_wconf 85' lang='lat' dir='ltr'><strong>conventus</strong></span> <span class='ocrx_word' id='word_1_85' title='bbox 966 900 1347 971; x_wconf 84' lang='lat' dir='ltr'><strong>episcoporum</strong></span> <span class='ocrx_word' id='word_1_86' title='bbox 1376 903 1567 957; x_wconf 88' lang='lat' dir='ltr'><strong>eodem</strong></span> <span class='ocrx_word' id='word_1_87' title='bbox 1599 902 1651 955; x_wconf 93' lang='lat' dir='ltr'><strong>in</strong></span> <span class='ocrx_word' id='word_1_88' title='bbox 1676 901 1963 961; x_wconf 83' lang='lat' dir='ltr'><strong>Sirmiensi</strong></span> <span class='ocrx_word' id='word_1_89' title='bbox 2068 897 2300 966; x_wconf 59' lang='lat' dir='ltr'><strong>Inerant.</strong></span> 
     </span>
    </p>
   </div>
   <div class='ocr_carea' id='block_1_12' title="bbox 395 988 1962 1059">
    <p class='ocr_par' dir='ltr' id='par_1_12' title="bbox 395 988 1962 1059">
     <span class='ocr_line' id='line_1_12' title="bbox 395 988 1962 1059; baseline 0.004 -19"><span class='ocrx_word' id='word_1_90' title='bbox 395 988 594 1057; x_wconf 90' lang='lat' dir='ltr'><strong>oppido</strong></span> <span class='ocrx_word' id='word_1_91' title='bbox 644 1003 749 1042; x_wconf 92' lang='lat' dir='ltr'><strong>non</strong></span> <span class='ocrx_word' id='word_1_92' title='bbox 800 989 989 1044; x_wconf 83' lang='lat' dir='ltr'><strong>iisdem</strong></span> <span class='ocrx_word' id='word_1_93' title='bbox 1034 990 1377 1059; x_wconf 87' lang='lat' dir='ltr'><strong>temporibus</strong></span> <span class='ocrx_word' id='word_1_94' title='bbox 1437 991 1738 1048; x_wconf 87' lang='lat' dir='ltr'><strong>celebratos</strong></span> <span class='ocrx_word' id='word_1_95' title='bbox 1771 991 1962 1048; x_wconf 81' lang='lat' dir='ltr'><strong>fuisse.</strong></span> 
     </span>
    </p>
   </div>
   <div class='ocr_carea' id='block_1_13' title="bbox 393 1078 1959 1152">
    <p class='ocr_par' dir='ltr' id='par_1_13' title="bbox 393 1078 1959 1152">
     <span class='ocr_line' id='line_1_13' title="bbox 393 1078 1959 1152; baseline 0.003 -18"><span class='ocrx_word' id='word_1_96' title='bbox 393 1078 638 1145; x_wconf 88' lang='lat' dir='ltr'><strong>Quorum</strong></span> <span class='ocrx_word' id='word_1_97' title='bbox 690 1080 900 1150; x_wconf 88' lang='lat' dir='ltr'><strong>primus</strong></span> <span class='ocrx_word' id='word_1_98' title='bbox 937 1080 1232 1152; x_wconf 77' lang='lat' dir='ltr'><strong>synodicus</strong></span> <span class='ocrx_word' id='word_1_99' title='bbox 1280 1091 1336 1136; x_wconf 88' lang='lat' dir='ltr'><strong>et</strong></span> <span class='ocrx_word' id='word_1_100' title='bbox 1383 1082 1616 1138; x_wconf 88' lang='lat' dir='ltr'><strong>indictus</strong></span> <span class='ocrx_word' id='word_1_101' title='bbox 1664 1083 1785 1148; x_wconf 86' lang='lat' dir='ltr'><strong>fuit,</strong></span> <span class='ocrx_word' id='word_1_102' title='bbox 1833 1099 1959 1139; x_wconf 91' lang='lat' dir='ltr'><strong>cum</strong></span> 
     </span>
    </p>
   </div>
   <div class='ocr_carea' id='block_1_14' title="bbox 395 1165 1961 1239">
    <p class='ocr_par' dir='ltr' id='par_1_14' title="bbox 395 1165 1961 1239">
     <span class='ocr_line' id='line_1_14' title="bbox 395 1165 1961 1239; baseline 0.006 -19"><span class='ocrx_word' id='word_1_103' title='bbox 395 1166 658 1223; x_wconf 75' lang='lat' dir='ltr'><strong>adversus</strong></span> <span class='ocrx_word' id='word_1_104' title='bbox 686 1165 977 1222; x_wconf 85' lang='lat' dir='ltr'><strong>Photinum</strong></span> <span class='ocrx_word' id='word_1_105' title='bbox 1026 1169 1370 1239; x_wconf 70' lang='lat' dir='ltr'><strong>imperatoris</strong></span> <span class='ocrx_word' id='word_1_106' title='bbox 1402 1170 1598 1227; x_wconf 89' lang='lat' dir='ltr'><strong>litteris</strong></span> <span class='ocrx_word' id='word_1_107' title='bbox 1641 1172 1801 1227; x_wconf 91' lang='lat' dir='ltr'><strong>acciti</strong></span> <span class='ocrx_word' id='word_1_108' title='bbox 1832 1182 1961 1229; x_wconf 90' lang='lat' dir='ltr'><strong>sunt</strong></span> 
     </span>
    </p>
   </div>
   <div class='ocr_carea' id='block_1_15' title="bbox 392 1257 1967 1332">
    <p class='ocr_par' dir='ltr' id='par_1_15' title="bbox 392 1257 1967 1332">
     <span class='ocr_line' id='line_1_15' title="bbox 392 1257 1967 1332; baseline 0.005 -21"><span class='ocrx_word' id='word_1_109' title='bbox 392 1257 671 1327; x_wconf 83' lang='lat' dir='ltr'><strong>episcopi;</strong></span> <span class='ocrx_word' id='word_1_110' title='bbox 710 1259 909 1330; x_wconf 80' lang='lat' dir='ltr'><strong>reliqui</strong></span> <span class='ocrx_word' id='word_1_111' title='bbox 936 1259 1044 1313; x_wconf 92' lang='lat' dir='ltr'><strong>duo</strong></span> <span class='ocrx_word' id='word_1_112' title='bbox 1076 1259 1307 1324; x_wconf 74' lang='lat' dir='ltr'><strong>fortuiti,</strong></span> <span class='ocrx_word' id='word_1_113' title='bbox 1338 1261 1672 1332; x_wconf 88' lang='lat' dir='ltr'><strong>minimeque</strong></span> <span class='ocrx_word' id='word_1_114' title='bbox 1700 1264 1967 1319; x_wconf 86' lang='lat' dir='ltr'><strong>concilio-</strong></span> 
     </span>
    </p>
   </div>
   <div class='ocr_carea' id='block_1_16' title="bbox 392 1348 1958 1423">
    <p class='ocr_par' dir='ltr' id='par_1_16' title="bbox 392 1348 1958 1423">
     <span class='ocr_line' id='line_1_16' title="bbox 392 1348 1958 1423; baseline 0.004 -21"><span class='ocrx_word' id='word_1_115' title='bbox 392 1362 516 1402; x_wconf 90' lang='lat' dir='ltr'><strong>rum</strong></span> <span class='ocrx_word' id='word_1_116' title='bbox 568 1348 690 1404; x_wconf 89' lang='lat' dir='ltr'><strong>loco</strong></span> <span class='ocrx_word' id='word_1_117' title='bbox 737 1364 802 1404; x_wconf 91' lang='lat' dir='ltr'><strong>ac</strong></span> <span class='ocrx_word' id='word_1_118' title='bbox 852 1350 1078 1405; x_wconf 82' lang='lat' dir='ltr'><strong>nomine</strong></span> <span class='ocrx_word' id='word_1_119' title='bbox 1123 1352 1419 1406; x_wconf 82' lang='lat' dir='ltr'><strong>censendi:</strong></span> <span class='ocrx_word' id='word_1_120' title='bbox 1455 1352 1509 1406; x_wconf 92' lang='lat' dir='ltr'><strong>in</strong></span> <span class='ocrx_word' id='word_1_121' title='bbox 1558 1353 1758 1422; x_wconf 90' lang='lat' dir='ltr'><strong>quibus</strong></span> <span class='ocrx_word' id='word_1_122' title='bbox 1803 1354 1958 1423; x_wconf 82' lang='lat' dir='ltr'><strong>pauci</strong></span> 
     </span>
    </p>
   </div>
   <div class='ocr_carea' id='block_1_17' title="bbox 391 1438 1966 1512">
    <p class='ocr_par' dir='ltr' id='par_1_17' title="bbox 391 1438 1966 1512">
     <span class='ocr_line' id='line_1_17' title="bbox 391 1438 1966 1512; baseline 0.006 -21"><span class='ocrx_word' id='word_1_123' title='bbox 391 1438 659 1492; x_wconf 75' lang='lat' dir='ltr'><strong>duntaxat</strong></span> <span class='ocrx_word' id='word_1_124' title='bbox 706 1440 969 1510; x_wconf 80' lang='lat' dir='ltr'><strong>episcopi,</strong></span> <span class='ocrx_word' id='word_1_125' title='bbox 1014 1442 1108 1511; x_wconf 89' lang='lat' dir='ltr'><strong>qui</strong></span> <span class='ocrx_word' id='word_1_126' title='bbox 1155 1442 1289 1497; x_wconf 87' lang='lat' dir='ltr'><strong>forte</strong></span> <span class='ocrx_word' id='word_1_127' title='bbox 1337 1442 1405 1496; x_wconf 88' lang='lat' dir='ltr'><strong>ad</strong></span> <span class='ocrx_word' id='word_1_128' title='bbox 1448 1442 1830 1512; x_wconf 84' lang='lat' dir='ltr'><strong>imperatorem</strong></span> <span class='ocrx_word' id='word_1_129' title='bbox 1865 1461 1966 1501; x_wconf 83' lang='lat' dir='ltr'><strong>ac-</strong></span> 
     </span>
    </p>
   </div>
   <div class='ocr_carea' id='block_1_18' title="bbox 393 1530 1967 1593">
    <p class='ocr_par' dir='ltr' id='par_1_18' title="bbox 393 1530 1967 1593">
     <span class='ocr_line' id='line_1_18' title="bbox 393 1530 1967 1593; baseline 0.007 -12"><span class='ocrx_word' id='word_1_130' title='bbox 393 1536 690 1593; x_wconf 84' lang='lat' dir='ltr'><strong>cesserant,</strong></span> <span class='ocrx_word' id='word_1_131' title='bbox 740 1530 1158 1585; x_wconf 82' lang='lat' dir='ltr'><strong>communicatis</strong></span> <span class='ocrx_word' id='word_1_132' title='bbox 1212 1532 1463 1588; x_wconf 84' lang='lat' dir='ltr'><strong>consiliis</strong></span> <span class='ocrx_word' id='word_1_133' title='bbox 1510 1548 1653 1589; x_wconf 87' lang='lat' dir='ltr'><strong>nova</strong></span> <span class='ocrx_word' id='word_1_134' title='bbox 1710 1535 1834 1591; x_wconf 83' lang='lat' dir='ltr'><strong>fidei</strong></span> <span class='ocrx_word' id='word_1_135' title='bbox 1869 1537 1967 1592; x_wconf 90' lang='lat' dir='ltr'><strong>dc-</strong></span> 
     </span>
    </p>
   </div>
   <div class='ocr_carea' id='block_1_19' title="bbox 392 1617 1961 1692">
    <p class='ocr_par' dir='ltr' id='par_1_19' title="bbox 392 1617 1961 1692">
     <span class='ocr_line' id='line_1_19' title="bbox 392 1617 1961 1692; baseline 0.007 -21"><span class='ocrx_word' id='word_1_136' title='bbox 392 1625 539 1671; x_wconf 90' lang='lat' dir='ltr'><strong>creta</strong></span> <span class='ocrx_word' id='word_1_137' title='bbox 577 1617 951 1674; x_wconf 88' lang='lat' dir='ltr'><strong>conciderunt.</strong></span> <span class='ocrx_word' id='word_1_138' title='bbox 978 1620 1250 1687; x_wconf 82' lang='lat' dir='ltr'><strong>Quocirca</strong></span> <span class='ocrx_word' id='word_1_139' title='bbox 1282 1623 1516 1692; x_wconf 83' lang='lat' dir='ltr'><strong>primum</strong></span> <span class='ocrx_word' id='word_1_140' title='bbox 1548 1627 1792 1682; x_wconf 91' lang='lat' dir='ltr'><strong>omnium</strong></span> <span class='ocrx_word' id='word_1_141' title='bbox 1825 1643 1961 1684; x_wconf 63' lang='lat' dir='ltr'><strong>cono</strong></span> 
     </span>
    </p>
   </div>
   <div class='ocr_carea' id='block_1_20' title="bbox 390 1706 1961 1785">
    <p class='ocr_par' dir='ltr' id='par_1_20' title="bbox 390 1706 1961 1785">
     <span class='ocr_line' id='line_1_20' title="bbox 390 1706 1961 1785; baseline 0.007 -23"><span class='ocrx_word' id='word_1_142' title='bbox 390 1713 475 1764; x_wconf 87' lang='lat' dir='ltr'><strong>tra</strong></span> <span class='ocrx_word' id='word_1_143' title='bbox 504 1706 794 1765; x_wconf 88' lang='lat' dir='ltr'><strong>Photinum</strong></span> <span class='ocrx_word' id='word_1_144' title='bbox 821 1710 1007 1767; x_wconf 87' lang='lat' dir='ltr'><strong>Sirmii</strong></span> <span class='ocrx_word' id='word_1_145' title='bbox 1041 1714 1334 1769; x_wconf 86' lang='lat' dir='ltr'><strong>concilium</strong></span> <span class='ocrx_word' id='word_1_146' title='bbox 1373 1716 1624 1785; x_wconf 85' lang='lat' dir='ltr'><strong>generale</strong></span> <span class='ocrx_word' id='word_1_147' title='bbox 1651 1714 1961 1773; x_wconf 82' lang='lat' dir='ltr'><strong>Constantii</strong></span> 
     </span>
    </p>
   </div>
   <div class='ocr_carea' id='block_1_21' title="bbox 2139 988 3649 1075">
    <p class='ocr_par' dir='ltr' id='par_1_21' title="bbox 2139 988 3649 1075">
     <span class='ocr_line' id='line_1_21' title="bbox 2139 988 3649 1075; baseline 0.012 -32"><span class='ocrx_word' id='word_1_148' title='bbox 2139 988 2405 1047; x_wconf 65' lang='lat' dir='ltr'><strong>Prmterea</strong></span> <span class='ocrx_word' id='word_1_149' title='bbox 2428 991 2664 1050; x_wconf 86' lang='lat' dir='ltr'><strong>Basilius</strong></span> <span class='ocrx_word' id='word_1_150' title='bbox 2685 995 3008 1067; x_wconf 84' lang='lat' dir='ltr'><strong>Aucyrauus</strong></span> <span class='ocrx_word' id='word_1_151' title='bbox 3054 1000 3107 1055; x_wconf 86' lang='lat' dir='ltr'><strong>in</strong></span> <span class='ocrx_word' id='word_1_152' title='bbox 3155 1003 3343 1057; x_wconf 89' lang='lat' dir='ltr'><strong>eadem</strong></span> <span class='ocrx_word' id='word_1_153' title='bbox 3384 1006 3649 1075; x_wconf 14' lang='lat' dir='ltr'><strong>synotfica</strong></span> 
     </span>
    </p>
   </div>
   <div class='ocr_carea' id='block_1_22' title="bbox 2066 1079 3647 1166">
    <p class='ocr_par' dir='ltr' id='par_1_22' title="bbox 2066 1079 3647 1166">
     <span class='ocr_line' id='line_1_22' title="bbox 2066 1079 3647 1166; baseline 0.011 -32"><span class='ocrx_word' id='word_1_154' title='bbox 2066 1079 2340 1152; x_wconf 68' lang='lat' dir='ltr'><strong>Ancyt‘ani</strong></span> <span class='ocrx_word' id='word_1_155' title='bbox 2368 1086 2607 1153; x_wconf 86' lang='lat' dir='ltr'><strong>concilii,</strong></span> <span class='ocrx_word' id='word_1_156' title='bbox 2645 1087 2809 1159; x_wconf 86' lang='lat' dir='ltr'><strong>longo</strong></span> <span class='ocrx_word' id='word_1_157' title='bbox 2838 1100 2959 1158; x_wconf 89' lang='lat' dir='ltr'><strong>post</strong></span> <span class='ocrx_word' id='word_1_158' title='bbox 2983 1089 3337 1148; x_wconf 85' lang='lat' dir='ltr'><strong>Sirmiensem</strong></span> <span class='ocrx_word' id='word_1_159' title='bbox 3368 1097 3647 1166; x_wconf 77' lang='lat' dir='ltr'><strong>synodum</strong></span> 
     </span>
    </p>
   </div>
   <div class='ocr_carea' id='block_1_23' title="bbox 2067 1170 3645 1241">
    <p class='ocr_par' dir='ltr' id='par_1_23' title="bbox 2067 1170 3645 1241">
     <span class='ocr_line' id='line_1_23' title="bbox 2067 1170 3645 1241; baseline 0.01 -16"><span class='ocrx_word' id='word_1_160' title='bbox 2067 1170 2388 1241; x_wconf 83' lang='lat' dir='ltr'><strong>intervallo,</strong></span> <span class='ocrx_word' id='word_1_161' title='bbox 2436 1176 2665 1232; x_wconf 88' lang='lat' dir='ltr'><strong>alteram</strong></span> <span class='ocrx_word' id='word_1_162' title='bbox 2733 1180 2883 1235; x_wconf 85' lang='lat' dir='ltr'><strong>illam</strong></span> <span class='ocrx_word' id='word_1_163' title='bbox 2943 1179 3293 1239; x_wconf 86' lang='lat' dir='ltr'><strong>Sirmiensem</strong></span> <span class='ocrx_word' id='word_1_164' title='bbox 3348 1185 3645 1241; x_wconf 90' lang='lat' dir='ltr'><strong>formulam</strong></span> 
     </span>
    </p>
   </div>
   <div class='ocr_carea' id='block_1_24' title="bbox 2064 1263 3646 1342">
    <p class='ocr_par' dir='ltr' id='par_1_24' title="bbox 2064 1263 3646 1342">
     <span class='ocr_line' id='line_1_24' title="bbox 2064 1263 3646 1342; baseline 0.009 -26"><span class='ocrx_word' id='word_1_165' title='bbox 2064 1263 2344 1319; x_wconf 70' lang='lat' dir='ltr'><strong>exstitisse</strong></span> <span class='ocrx_word' id='word_1_166' title='bbox 2377 1264 2739 1323; x_wconf 84' lang='lat' dir='ltr'><strong>demonstrat.</strong></span> <span class='ocrx_word' id='word_1_167' title='bbox 2780 1268 2991 1329; x_wconf 84' lang='lat' dir='ltr'><strong>Etenim</strong></span> <span class='ocrx_word' id='word_1_168' title='bbox 3030 1282 3147 1342; x_wconf 89' lang='lat' dir='ltr'><strong>post</strong></span> <span class='ocrx_word' id='word_1_169' title='bbox 3178 1271 3477 1330; x_wconf 86' lang='lat' dir='ltr'><strong>Sirmiense</strong></span> <span class='ocrx_word' id='word_1_170' title='bbox 3508 1292 3646 1330; x_wconf 85' lang='lat' dir='ltr'><strong>con-</strong></span> 
     </span>
    </p>
   </div>
   <div class='ocr_carea' id='block_1_25' title="bbox 2066 1353 3644 1430">
    <p class='ocr_par' dir='ltr' id='par_1_25' title="bbox 2066 1353 3644 1430">
     <span class='ocr_line' id='line_1_25' title="bbox 2066 1353 3644 1430; baseline 0.01 -23"><span class='ocrx_word' id='word_1_171' title='bbox 2066 1353 2274 1422; x_wconf 84' lang='lat' dir='ltr'><strong>cilium,</strong></span> <span class='ocrx_word' id='word_1_172' title='bbox 2326 1356 2495 1427; x_wconf 90' lang='lat' dir='ltr'><strong>quod,</strong></span> <span class='ocrx_word' id='word_1_173' title='bbox 2543 1359 2620 1414; x_wconf 89' lang='lat' dir='ltr'><strong>uti</strong></span> <span class='ocrx_word' id='word_1_174' title='bbox 2660 1361 2865 1417; x_wconf 89' lang='lat' dir='ltr'><strong>dictum</strong></span> <span class='ocrx_word' id='word_1_175' title='bbox 2907 1373 3015 1430; x_wconf 82' lang='lat' dir='ltr'><strong>est,</strong></span> <span class='ocrx_word' id='word_1_176' title='bbox 3046 1364 3339 1421; x_wconf 84' lang='lat' dir='ltr'><strong>observare</strong></span> <span class='ocrx_word' id='word_1_177' title='bbox 3380 1383 3447 1423; x_wconf 91' lang='lat' dir='ltr'><strong>ac</strong></span> <span class='ocrx_word' id='word_1_178' title='bbox 3500 1369 3644 1423; x_wconf 87' lang='lat' dir='ltr'><strong>tueri</strong></span> 
     </span>
    </p>
   </div>
   <div class='ocr_carea' id='block_1_26' title="bbox 2064 1444 3643 1523">
    <p class='ocr_par' dir='ltr' id='par_1_26' title="bbox 2064 1444 3643 1523">
     <span class='ocr_line' id='line_1_26' title="bbox 2064 1444 3643 1523; baseline 0.011 -25"><span class='ocrx_word' id='word_1_179' title='bbox 2064 1444 2201 1500; x_wconf 85' lang='lat' dir='ltr'><strong>velle</strong></span> <span class='ocrx_word' id='word_1_180' title='bbox 2234 1446 2527 1519; x_wconf 88' lang='lat' dir='ltr'><strong>significat,</strong></span> <span class='ocrx_word' id='word_1_181' title='bbox 2554 1453 2893 1522; x_wconf 83' lang='lat' dir='ltr'><strong>acquievisse</strong></span> <span class='ocrx_word' id='word_1_182' title='bbox 2928 1470 2991 1511; x_wconf 88' lang='lat' dir='ltr'><strong>se</strong></span> <span class='ocrx_word' id='word_1_183' title='bbox 3022 1456 3232 1523; x_wconf 86' lang='lat' dir='ltr'><strong>scribit,</strong></span> <span class='ocrx_word' id='word_1_184' title='bbox 3259 1460 3431 1514; x_wconf 91' lang='lat' dir='ltr'><strong>donec</strong></span> <span class='ocrx_word' id='word_1_185' title='bbox 3468 1475 3643 1515; x_wconf 76' lang='lat' dir='ltr'><strong>novo-</strong></span> 
     </span>
    </p>
   </div>
   <div class='ocr_carea' id='block_1_27' title="bbox 2066 1538 3645 1620">
    <p class='ocr_par' dir='ltr' id='par_1_27' title="bbox 2066 1538 3645 1620">
     <span class='ocr_line' id='line_1_27' title="bbox 2066 1538 3645 1620; baseline 0.013 -31"><span class='ocrx_word' id='word_1_186' title='bbox 2066 1550 2187 1590; x_wconf 91' lang='lat' dir='ltr'><strong>rum</strong></span> <span class='ocrx_word' id='word_1_187' title='bbox 2219 1538 2602 1596; x_wconf 66' lang='lat' dir='ltr'><strong>haereticorum</strong></span> <span class='ocrx_word' id='word_1_188' title='bbox 2642 1544 3074 1614; x_wconf 84' lang='lat' dir='ltr'><strong>importunitate,</strong></span> <span class='ocrx_word' id='word_1_189' title='bbox 3105 1558 3159 1604; x_wconf 91' lang='lat' dir='ltr'><strong>et</strong></span> <span class='ocrx_word' id='word_1_190' title='bbox 3186 1549 3402 1620; x_wconf 80' lang='lat' dir='ltr'><strong>Georgii</strong></span> <span class='ocrx_word' id='word_1_191' title='bbox 3440 1549 3645 1609; x_wconf 83' lang='lat' dir='ltr'><strong>Laodi-</strong></span> 
     </span>
    </p>
   </div>
   <div class='ocr_carea' id='block_1_28' title="bbox 2064 1626 3645 1711">
    <p class='ocr_par' dir='ltr' id='par_1_28' title="bbox 2064 1626 3645 1711">
     <span class='ocr_line' id='line_1_28' title="bbox 2064 1626 3645 1711; baseline 0.012 -31"><span class='ocrx_word' id='word_1_192' title='bbox 2064 1626 2400 1685; x_wconf 88' lang='lat' dir='ltr'><strong>cenilitteris</strong></span> <span class='ocrx_word' id='word_1_193' title='bbox 2433 1641 2742 1689; x_wconf 91' lang='lat' dir='ltr'><strong>commotus</strong></span> <span class='ocrx_word' id='word_1_194' title='bbox 2783 1636 2847 1690; x_wconf 91' lang='lat' dir='ltr'><strong>ad</strong></span> <span class='ocrx_word' id='word_1_195' title='bbox 2895 1640 3345 1711; x_wconf 80' lang='lat' dir='ltr'><strong>pmpugnandam</strong></span> <span class='ocrx_word' id='word_1_196' title='bbox 3381 1642 3542 1697; x_wconf 79' lang='lat' dir='ltr'><strong>fidem</strong></span> <span class='ocrx_word' id='word_1_197' title='bbox 3582 1660 3645 1701; x_wconf 87' lang='lat' dir='ltr'><strong>se</strong></span> 
     </span>
    </p>
   </div>
   <div class='ocr_carea' id='block_1_29' title="bbox 2066 1720 3642 1802">
    <p class='ocr_par' dir='ltr' id='par_1_29' title="bbox 2066 1720 3642 1802">
     <span class='ocr_line' id='line_1_29' title="bbox 2066 1720 3642 1802; baseline 0.012 -31"><span class='ocrx_word' id='word_1_198' title='bbox 2066 1732 2189 1772; x_wconf 90' lang='lat' dir='ltr'><strong>cum</strong></span> <span class='ocrx_word' id='word_1_199' title='bbox 2221 1720 2336 1776; x_wconf 89' lang='lat' dir='ltr'><strong>suis</strong></span> <span class='ocrx_word' id='word_1_200' title='bbox 2356 1722 2629 1794; x_wconf 89' lang='lat' dir='ltr'><strong>episcopis</strong></span> <span class='ocrx_word' id='word_1_201' title='bbox 2656 1730 2848 1783; x_wconf 80' lang='lat' dir='ltr'><strong>erexit.</strong></span> <span class='ocrx_word' id='word_1_202' title='bbox 2883 1728 3109 1799; x_wconf 86' lang='lat' dir='ltr'><strong>Oportet</strong></span> <span class='ocrx_word' id='word_1_203' title='bbox 3140 1732 3306 1802; x_wconf 80' lang='lat' dir='ltr'><strong>igitur</strong></span> <span class='ocrx_word' id='word_1_204' title='bbox 3347 1733 3491 1789; x_wconf 83' lang='lat' dir='ltr'><strong>inter</strong></span> <span class='ocrx_word' id='word_1_205' title='bbox 3518 1736 3642 1790; x_wconf 82' lang='lat' dir='ltr'><strong>Sir—</strong></span> 
     </span>
    </p>
   </div>
   <div class='ocr_carea' id='block_1_30' title="bbox 386 1799 3644 1893">
    <p class='ocr_par' dir='ltr' id='par_1_30' title="bbox 386 1799 3644 1893">
     <span class='ocr_line' id='line_1_30' title="bbox 386 1799 3644 1893; baseline 0.009 -39"><span class='ocrx_word' id='word_1_206' title='bbox 386 1799 546 1869; x_wconf 84' lang='lat' dir='ltr'><strong>jussu</strong></span> <span class='ocrx_word' id='word_1_207' title='bbox 578 1800 910 1857; x_wconf 87' lang='lat' dir='ltr'><strong>celebratum</strong></span> <span class='ocrx_word' id='word_1_208' title='bbox 937 1821 954 1857; x_wconf 85' lang='lat'><strong><em>:</em></strong></span> <span class='ocrx_word' id='word_1_209' title='bbox 989 1803 1056 1858; x_wconf 92' lang='lat' dir='ltr'><strong>de</strong></span> <span class='ocrx_word' id='word_1_210' title='bbox 1087 1804 1245 1875; x_wconf 80' lang='lat' dir='ltr'><strong>cujus</strong></span> <span class='ocrx_word' id='word_1_211' title='bbox 1273 1821 1419 1861; x_wconf 88' lang='lat' dir='ltr'><strong>anno</strong></span> <span class='ocrx_word' id='word_1_212' title='bbox 1446 1817 1632 1877; x_wconf 88' lang='lat' dir='ltr'><strong>postea</strong></span> <span class='ocrx_word' id='word_1_213' title='bbox 1662 1810 1964 1866; x_wconf 77' lang='lat' dir='ltr'><strong>constitue-</strong></span> <span class='ocrx_word' id='word_1_214' title='bbox 1997 1810 2037 1868; x_wconf 85' lang='grc' dir='ltr'>Β</span> <span class='ocrx_word' id='word_1_215' title='bbox 2065 1809 2329 1867; x_wconf 91' lang='lat' dir='ltr'><strong>miensem</strong></span> <span class='ocrx_word' id='word_1_216' title='bbox 2388 1816 2655 1885; x_wconf 86' lang='lat' dir='ltr'><strong>synodum</strong></span> <span class='ocrx_word' id='word_1_217' title='bbox 2694 1829 2747 1874; x_wconf 92' lang='lat' dir='ltr'><strong>et</strong></span> <span class='ocrx_word' id='word_1_218' title='bbox 2774 1822 3118 1893; x_wconf 83' lang='lat' dir='ltr'><strong>Ancyranum</strong></span> <span class='ocrx_word' id='word_1_219' title='bbox 3153 1799 3442 1880; x_wconf 75' lang='lat' dir='ltr'><strong>concilium</strong></span> <span class='ocrx_word' id='word_1_220' title='bbox 3471 1827 3644 1883; x_wconf 85' lang='lat' dir='ltr'><strong>inter-</strong></span> 
     </span>
    </p>
   </div>
   <div class='ocr_carea' id='block_1_31' title="bbox 391 1890 1964 1972">
    <p class='ocr_par' dir='ltr' id='par_1_31' title="bbox 391 1890 1964 1972">
     <span class='ocr_line' id='line_1_31' title="bbox 391 1890 1964 1972; baseline 0.008 -26"><span class='ocrx_word' id='word_1_221' title='bbox 391 1906 535 1946; x_wconf 84' lang='lat' dir='ltr'><strong>mus.</strong></span> <span class='ocrx_word' id='word_1_222' title='bbox 572 1890 650 1947; x_wconf 88' lang='lat' dir='ltr'><strong>lbi</strong></span> <span class='ocrx_word' id='word_1_223' title='bbox 697 1890 931 1949; x_wconf 87' lang='lat' dir='ltr'><strong>formula</strong></span> <span class='ocrx_word' id='word_1_224' title='bbox 970 1894 1057 1949; x_wconf 87' lang='lat' dir='ltr'><strong>illa</strong></span> <span class='ocrx_word' id='word_1_225' title='bbox 1102 1896 1224 1951; x_wconf 81' lang='lat' dir='ltr'><strong>fidei</strong></span> <span class='ocrx_word' id='word_1_226' title='bbox 1270 1898 1435 1965; x_wconf 92' lang='lat' dir='ltr'><strong>edita,</strong></span> <span class='ocrx_word' id='word_1_227' title='bbox 1471 1900 1538 1955; x_wconf 91' lang='lat' dir='ltr'><strong>de</strong></span> <span class='ocrx_word' id='word_1_228' title='bbox 1564 1916 1689 1971; x_wconf 30' lang='lat' dir='ltr'><strong>qua.</strong></span> <span class='ocrx_word' id='word_1_229' title='bbox 1718 1903 1964 1972; x_wconf 83' lang='lat' dir='ltr'><strong>proxime</strong></span> 
     </span>
    </p>
   </div>
   <div class='ocr_carea' id='block_1_32' title="bbox 388 1979 1964 2058">
    <p class='ocr_par' dir='ltr' id='par_1_32' title="bbox 388 1979 1964 2058">
     <span class='ocr_line' id='line_1_32' title="bbox 388 1979 1964 2058; baseline 0.01 -24"><span class='ocrx_word' id='word_1_230' title='bbox 388 1979 649 2035; x_wconf 79' lang='lat' dir='ltr'><strong>diximus.</strong></span> <span class='ocrx_word' id='word_1_231' title='bbox 698 1980 896 2038; x_wconf 88' lang='lat' dir='ltr'><strong>Deinde</strong></span> <span class='ocrx_word' id='word_1_232' title='bbox 931 1984 1164 2042; x_wconf 84' lang='lat' dir='ltr'><strong>diversis</strong></span> <span class='ocrx_word' id='word_1_233' title='bbox 1208 1990 1543 2058; x_wconf 86' lang='lat' dir='ltr'><strong>temporibus</strong></span> <span class='ocrx_word' id='word_1_234' title='bbox 1578 1992 1699 2047; x_wconf 73' lang='lat' dir='ltr'><strong>alia:</strong></span> <span class='ocrx_word' id='word_1_235' title='bbox 1732 1993 1852 2048; x_wconf 72' lang='lat' dir='ltr'><strong>duae</strong></span> <span class='ocrx_word' id='word_1_236' title='bbox 1895 1996 1964 2050; x_wconf 90' lang='lat' dir='ltr'><strong>ab</strong></span> 
     </span>
    </p>
   </div>
   <div class='ocr_carea' id='block_1_33' title="bbox 389 2067 1965 2154">
    <p class='ocr_par' dir='ltr' id='par_1_33' title="bbox 389 2067 1965 2154">
     <span class='ocr_line' id='line_1_33' title="bbox 389 2067 1965 2154; baseline 0.01 -30"><span class='ocrx_word' id='word_1_237' title='bbox 389 2067 616 2127; x_wconf 86' lang='lat' dir='ltr'><strong>Ursacio</strong></span> <span class='ocrx_word' id='word_1_238' title='bbox 640 2080 693 2127; x_wconf 93' lang='lat' dir='ltr'><strong>et</strong></span> <span class='ocrx_word' id='word_1_239' title='bbox 722 2070 967 2139; x_wconf 73' lang='lat' dir='ltr'><strong>Valente,</strong></span> <span class='ocrx_word' id='word_1_240' title='bbox 1002 2075 1230 2147; x_wconf 90' lang='lat' dir='ltr'><strong>aliisque</strong></span> <span class='ocrx_word' id='word_1_241' title='bbox 1261 2079 1478 2135; x_wconf 86' lang='lat' dir='ltr'><strong>Arianis</strong></span> <span class='ocrx_word' id='word_1_242' title='bbox 1509 2083 1800 2154; x_wconf 88' lang='lat' dir='ltr'><strong>episcopis,</strong></span> <span class='ocrx_word' id='word_1_243' title='bbox 1828 2100 1965 2140; x_wconf 90' lang='lat' dir='ltr'><strong>con-</strong></span> 
     </span>
    </p>
   </div>
   <div class='ocr_carea' id='block_1_34' title="bbox 388 2157 1964 2232">
    <p class='ocr_par' dir='ltr' id='par_1_34' title="bbox 388 2157 1964 2232">
     <span class='ocr_line' id='line_1_34' title="bbox 388 2157 1964 2232; baseline 0.01 -19"><span class='ocrx_word' id='word_1_244' title='bbox 388 2157 507 2213; x_wconf 81' lang='lat' dir='ltr'><strong>scio</strong></span> <span class='ocrx_word' id='word_1_245' title='bbox 539 2159 885 2229; x_wconf 85' lang='lat' dir='ltr'><strong>imperatore,</strong></span> <span class='ocrx_word' id='word_1_246' title='bbox 917 2164 1255 2232; x_wconf 90' lang='lat' dir='ltr'><strong>prodierunt.</strong></span> <span class='ocrx_word' id='word_1_247' title='bbox 1286 2164 1401 2223; x_wconf 80' lang='lat' dir='ltr'><strong>Hoc</strong></span> <span class='ocrx_word' id='word_1_248' title='bbox 1437 2184 1505 2224; x_wconf 93' lang='lat' dir='ltr'><strong>ne</strong></span> <span class='ocrx_word' id='word_1_249' title='bbox 1537 2179 1739 2226; x_wconf 84' lang='lat' dir='ltr'><strong>temere</strong></span> <span class='ocrx_word' id='word_1_250' title='bbox 1773 2182 1964 2228; x_wconf 89' lang='lat' dir='ltr'><strong>contra</strong></span> 
     </span>
    </p>
   </div>
   <div class='ocr_carea' id='block_1_35' title="bbox 388 2252 1964 2322">
    <p class='ocr_par' dir='ltr' id='par_1_35' title="bbox 388 2252 1964 2322">
     <span class='ocr_line' id='line_1_35' title="bbox 388 2252 1964 2322; baseline 0.013 -22"><span class='ocrx_word' id='word_1_251' title='bbox 388 2261 736 2304; x_wconf 89' lang='lat' dir='ltr'><strong>communem</strong></span> <span class='ocrx_word' id='word_1_252' title='bbox 784 2258 862 2305; x_wconf 91' lang='lat' dir='ltr'><strong>tot</strong></span> <span class='ocrx_word' id='word_1_253' title='bbox 890 2252 1217 2322; x_wconf 84' lang='lat' dir='ltr'><strong>scriptorum</strong></span> <span class='ocrx_word' id='word_1_254' title='bbox 1263 2259 1682 2317; x_wconf 83' lang='lat' dir='ltr'><strong>consensionem</strong></span> <span class='ocrx_word' id='word_1_255' title='bbox 1714 2264 1964 2321; x_wconf 88' lang='lat' dir='ltr'><strong>attulisse</strong></span> 
     </span>
    </p>
   </div>
   <div class='ocr_carea' id='block_1_36' title="bbox 388 2336 1963 2426">
    <p class='ocr_par' dir='ltr' id='par_1_36' title="bbox 388 2336 1963 2426">
     <span class='ocr_line' id='line_1_36' title="bbox 388 2336 1963 2426; baseline 0.014 -37"><span class='ocrx_word' id='word_1_256' title='bbox 388 2336 596 2426; x_wconf 90' lang='lat' dir='ltr'><strong>videar,</strong></span> <span class='ocrx_word' id='word_1_257' title='bbox 643 2354 939 2410; x_wconf 84' lang='lat' dir='ltr'><strong>proponam</strong></span> <span class='ocrx_word' id='word_1_258' title='bbox 990 2345 1222 2401; x_wconf 83' lang='lat' dir='ltr'><strong>breviter</strong></span> <span class='ocrx_word' id='word_1_259' title='bbox 1270 2348 1472 2419; x_wconf 88' lang='lat' dir='ltr'><strong>quibus</strong></span> <span class='ocrx_word' id='word_1_260' title='bbox 1516 2352 1568 2407; x_wconf 91' lang='lat' dir='ltr'><strong>id</strong></span> <span class='ocrx_word' id='word_1_261' title='bbox 1624 2357 1963 2426; x_wconf 77' lang='lat' dir='ltr'><strong>argumentis</strong></span> 
     </span>
    </p>
   </div>
   <div class='ocr_carea' id='block_1_37' title="bbox 388 2425 1296 2495">
    <p class='ocr_par' dir='ltr' id='par_1_37' title="bbox 388 2425 1296 2495">
     <span class='ocr_line' id='line_1_37' title="bbox 388 2425 1296 2495; baseline 0.015 -14"><span class='ocrx_word' id='word_1_262' title='bbox 388 2425 562 2483; x_wconf 86' lang='lat' dir='ltr'><strong>fretus</strong></span> <span class='ocrx_word' id='word_1_263' title='bbox 590 2428 857 2487; x_wconf 80' lang='lat' dir='ltr'><strong>allirmare</strong></span> <span class='ocrx_word' id='word_1_264' title='bbox 891 2450 999 2489; x_wconf 92' lang='lat' dir='ltr'><strong>non</strong></span> <span class='ocrx_word' id='word_1_265' title='bbox 1032 2436 1296 2495; x_wconf 86' lang='lat' dir='ltr'><strong>dubitem.</strong></span> 
     </span>
    </p>
   </div>
   <div class='ocr_carea' id='block_1_38' title="bbox 459 2516 1960 2607">
    <p class='ocr_par' dir='ltr' id='par_1_38' title="bbox 459 2516 1960 2607">
     <span class='ocr_line' id='line_1_38' title="bbox 459 2516 1960 2607; baseline 0.015 -36"><span class='ocrx_word' id='word_1_266' title='bbox 459 2516 663 2574; x_wconf 82' lang='lat' dir='ltr'><strong>Horum</strong></span> <span class='ocrx_word' id='word_1_267' title='bbox 703 2520 885 2592; x_wconf 82' lang='lat' dir='ltr'><strong>itaque</strong></span> <span class='ocrx_word' id='word_1_268' title='bbox 927 2526 1161 2594; x_wconf 88' lang='lat' dir='ltr'><strong>primum</strong></span> <span class='ocrx_word' id='word_1_269' title='bbox 1206 2539 1289 2585; x_wconf 90' lang='lat' dir='ltr'><strong>est</strong></span> <span class='ocrx_word' id='word_1_270' title='bbox 1325 2548 1339 2585; x_wconf 90' lang='lat'><strong>:</strong></span> <span class='ocrx_word' id='word_1_271' title='bbox 1384 2533 1532 2602; x_wconf 82' lang='lat' dir='ltr'><strong>quod</strong></span> <span class='ocrx_word' id='word_1_272' title='bbox 1579 2535 1727 2591; x_wconf 90' lang='lat' dir='ltr'><strong>istud</strong></span> <span class='ocrx_word' id='word_1_273' title='bbox 1780 2538 1960 2607; x_wconf 89' lang='lat' dir='ltr'><strong>ipsum</strong></span> 
     </span>
    </p>
   </div>
   <div class='ocr_carea' id='block_1_39' title="bbox 388 2609 1961 2685">
    <p class='ocr_par' dir='ltr' id='par_1_39' title="bbox 388 2609 1961 2685">
     <span class='ocr_line' id='line_1_39' title="bbox 388 2609 1961 2685; baseline 0.013 -21"><span class='ocrx_word' id='word_1_274' title='bbox 388 2609 623 2667; x_wconf 90' lang='lat' dir='ltr'><strong>Basilius</strong></span> <span class='ocrx_word' id='word_1_275' title='bbox 695 2614 1015 2685; x_wconf 83' lang='lat' dir='ltr'><strong>Ancyranus</strong></span> <span class='ocrx_word' id='word_1_276' title='bbox 1088 2634 1155 2674; x_wconf 89' lang='lat' dir='ltr'><strong>ac</strong></span> <span class='ocrx_word' id='word_1_277' title='bbox 1215 2622 1395 2677; x_wconf 70' lang='lat' dir='ltr'><strong>caeteri</strong></span> <span class='ocrx_word' id='word_1_278' title='bbox 1494 2624 1961 2685; x_wconf 88' lang='lat' dir='ltr'><strong>Semiariauorum</strong></span> 
     </span>
    </p>
   </div>
   <div class='ocr_carea' id='block_1_40' title="bbox 387 2704 1961 2790">
    <p class='ocr_par' dir='ltr' id='par_1_40' title="bbox 387 2704 1961 2790">
     <span class='ocr_line' id='line_1_40' title="bbox 387 2704 1961 2790; baseline 0.013 -34"><span class='ocrx_word' id='word_1_279' title='bbox 387 2704 693 2775; x_wconf 77' lang='lat' dir='ltr'><strong>principes,</strong></span> <span class='ocrx_word' id='word_1_280' title='bbox 736 2708 830 2775; x_wconf 93' lang='lat' dir='ltr'><strong>qui</strong></span> <span class='ocrx_word' id='word_1_281' title='bbox 876 2710 1178 2781; x_wconf 76' lang='lat' dir='ltr'><strong>Aueyrante</strong></span> <span class='ocrx_word' id='word_1_282' title='bbox 1226 2715 1439 2785; x_wconf 83' lang='lat' dir='ltr'><strong>synodo</strong></span> <span class='ocrx_word' id='word_1_283' title='bbox 1479 2718 1961 2790; x_wconf 82' lang='lat' dir='ltr'><strong>subscripserunt,</strong></span> 
     </span>
    </p>
   </div>
   <div class='ocr_carea' id='block_1_41' title="bbox 386 2792 1960 2880">
    <p class='ocr_par' dir='ltr' id='par_1_41' title="bbox 386 2792 1960 2880">
     <span class='ocr_line' id='line_1_41' title="bbox 386 2792 1960 2880; baseline 0.012 -33"><span class='ocrx_word' id='word_1_284' title='bbox 386 2794 586 2849; x_wconf 89' lang='lat' dir='ltr'><strong>diserte</strong></span> <span class='ocrx_word' id='word_1_285' title='bbox 640 2799 819 2851; x_wconf 85' lang='lat' dir='ltr'><strong>testati</strong></span> <span class='ocrx_word' id='word_1_286' title='bbox 875 2792 1004 2855; x_wconf 84' lang='lat' dir='ltr'><strong>sunt</strong></span> <span class='ocrx_word' id='word_1_287' title='bbox 1070 2800 1123 2854; x_wconf 91' lang='lat' dir='ltr'><strong>in</strong></span> <span class='ocrx_word' id='word_1_288' title='bbox 1180 2802 1409 2872; x_wconf 89' lang='lat' dir='ltr'><strong>epistola</strong></span> <span class='ocrx_word' id='word_1_289' title='bbox 1465 2808 1751 2877; x_wconf 84' lang='lat' dir='ltr'><strong>synodica,</strong></span> <span class='ocrx_word' id='word_1_290' title='bbox 1795 2827 1960 2880; x_wconf 90' lang='lat' dir='ltr'><strong>quam</strong></span> 
     </span>
    </p>
   </div>
   <div class='ocr_carea' id='block_1_42' title="bbox 385 2880 1963 2963">
    <p class='ocr_par' dir='ltr' id='par_1_42' title="bbox 385 2880 1963 2963">
     <span class='ocr_line' id='line_1_42' title="bbox 385 2880 1963 2963; baseline 0.015 -29"><span class='ocrx_word' id='word_1_291' title='bbox 385 2880 722 2952; x_wconf 81' lang='lat' dir='ltr'><strong>Epiphanius</strong></span> <span class='ocrx_word' id='word_1_292' title='bbox 763 2887 1070 2957; x_wconf 88' lang='lat' dir='ltr'><strong>descripsit.</strong></span> <span class='ocrx_word' id='word_1_293' title='bbox 1115 2890 1289 2957; x_wconf 85' lang='lat' dir='ltr'><strong>Quam</strong></span> <span class='ocrx_word' id='word_1_294' title='bbox 1325 2895 1552 2963; x_wconf 86' lang='lat' dir='ltr'><strong>quidem</strong></span> <span class='ocrx_word' id='word_1_295' title='bbox 1593 2898 1645 2951; x_wconf 91' lang='lat' dir='ltr'><strong>iu</strong></span> <span class='ocrx_word' id='word_1_296' title='bbox 1683 2900 1822 2955; x_wconf 90' lang='lat' dir='ltr'><strong>hanc</strong></span> <span class='ocrx_word' id='word_1_297' title='bbox 1851 2898 1963 2958; x_wconf 83' lang='lat' dir='ltr'><strong>fere</strong></span> 
     </span>
    </p>
   </div>
   <div class='ocr_carea' id='block_1_43' title="bbox 386 2974 1958 3059">
    <p class='ocr_par' dir='ltr' id='par_1_43' title="bbox 386 2974 1958 3059">
     <span class='ocr_line' id='line_1_43' title="bbox 386 2974 1958 3059; baseline 0.013 -33"><span class='ocrx_word' id='word_1_298' title='bbox 386 2974 712 3029; x_wconf 82' lang='lat' dir='ltr'><strong>sententiam</strong></span> <span class='ocrx_word' id='word_1_299' title='bbox 751 2980 932 3034; x_wconf 81' lang='lat' dir='ltr'><strong>exorsi</strong></span> <span class='ocrx_word' id='word_1_300' title='bbox 966 2989 1094 3034; x_wconf 87' lang='lat' dir='ltr'><strong>sunt</strong></span> <span class='ocrx_word' id='word_1_301' title='bbox 1138 2999 1151 3035; x_wconf 89' lang='lat'><strong>:</strong></span> <span class='ocrx_word' id='word_1_302' title='bbox 1193 2991 1420 3051; x_wconf 88' lang='lat' dir='ltr'><strong>optasse</strong></span> <span class='ocrx_word' id='word_1_303' title='bbox 1456 2986 1511 3041; x_wconf 90' lang='lat' dir='ltr'><strong>id</strong></span> <span class='ocrx_word' id='word_1_304' title='bbox 1555 3002 1673 3044; x_wconf 89' lang='lat' dir='ltr'><strong>sese</strong></span> <span class='ocrx_word' id='word_1_305' title='bbox 1716 2991 1958 3059; x_wconf 84' lang='lat' dir='ltr'><strong>quidem,</strong></span> 
     </span>
    </p>
   </div>
   <div class='ocr_carea' id='block_1_44' title="bbox 386 3066 1960 3142">
    <p class='ocr_par' dir='ltr' id='par_1_44' title="bbox 386 3066 1960 3142">
     <span class='ocr_line' id='line_1_44' title="bbox 386 3066 1960 3142; baseline 0.013 -27"><span class='ocrx_word' id='word_1_306' title='bbox 386 3069 448 3115; x_wconf 87' lang='lat' dir='ltr'><strong>ut</strong></span> <span class='ocrx_word' id='word_1_307' title='bbox 472 3073 598 3132; x_wconf 89' lang='lat' dir='ltr'><strong>post</strong></span> <span class='ocrx_word' id='word_1_308' title='bbox 633 3066 1029 3135; x_wconf 85' lang='lat' dir='ltr'><strong>expositionem</strong></span> <span class='ocrx_word' id='word_1_309' title='bbox 1064 3068 1211 3124; x_wconf 87' lang='lat' dir='ltr'><strong>illam</strong></span> <span class='ocrx_word' id='word_1_310' title='bbox 1243 3072 1389 3137; x_wconf 85' lang='lat' dir='ltr'><strong>ﬁdei,</strong></span> <span class='ocrx_word' id='word_1_311' title='bbox 1429 3089 1551 3142; x_wconf 71' lang='lat' dir='ltr'><strong>qua:</strong></span> <span class='ocrx_word' id='word_1_312' title='bbox 1576 3077 1878 3135; x_wconf 62' lang='lat' dir='ltr'><strong>Antiochiae</strong></span> <span class='ocrx_word' id='word_1_313' title='bbox 1905 3082 1960 3137; x_wconf 78' lang='lat' dir='ltr'><strong>in</strong></span> 
     </span>
    </p>
   </div>
   <div class='ocr_carea' id='block_1_45' title="bbox 2066 1902 3646 1987">
    <p class='ocr_par' dir='ltr' id='par_1_45' title="bbox 2066 1902 3646 1987">
     <span class='ocr_line' id='line_1_45' title="bbox 2066 1902 3646 1987; baseline 0.013 -33"><span class='ocrx_word' id='word_1_314' title='bbox 2066 1902 2302 1958; x_wconf 86' lang='lat' dir='ltr'><strong>cessisse</strong></span> <span class='ocrx_word' id='word_1_315' title='bbox 2360 1905 2577 1977; x_wconf 83' lang='lat' dir='ltr'><strong>Georgii</strong></span> <span class='ocrx_word' id='word_1_316' title='bbox 2633 1907 2925 1967; x_wconf 80' lang='lat' dir='ltr'><strong>Laudiceni</strong></span> <span class='ocrx_word' id='word_1_317' title='bbox 2974 1915 3215 1981; x_wconf 88' lang='lat' dir='ltr'><strong>litteras,</strong></span> <span class='ocrx_word' id='word_1_318' title='bbox 3261 1934 3401 1987; x_wconf 90' lang='lat' dir='ltr'><strong>quas</strong></span> <span class='ocrx_word' id='word_1_319' title='bbox 3446 1920 3646 1975; x_wconf 85' lang='lat' dir='ltr'><strong>recitat</strong></span> 
     </span>
    </p>
   </div>
   <div class='ocr_carea' id='block_1_46' title="bbox 2069 1987 3645 2080">
    <p class='ocr_par' dir='ltr' id='par_1_46' title="bbox 2069 1987 3645 2080">
     <span class='ocr_line' id='line_1_46' title="bbox 2069 1987 3645 2080; baseline 0.014 -37"><span class='ocrx_word' id='word_1_320' title='bbox 2069 1987 2287 2045; x_wconf 80' lang='lat' dir='ltr'><strong>Sozom.</strong></span> <span class='ocrx_word' id='word_1_321' title='bbox 2333 1993 2426 2048; x_wconf 91' lang='lat' dir='ltr'><strong>lib.</strong></span> <span class='ocrx_word' id='word_1_322' title='bbox 2490 2011 2575 2062; x_wconf 86' lang='lat' dir='ltr'><strong>tv,</strong></span> <span class='ocrx_word' id='word_1_323' title='bbox 2617 2012 2739 2067; x_wconf 85' lang='lat' dir='ltr'><strong>cap.</strong></span> <span class='ocrx_word' id='word_1_324' title='bbox 2772 2001 2856 2055; x_wconf 72' lang='lat'><strong>12.</strong></span> <span class='ocrx_word' id='word_1_325' title='bbox 2898 2001 3176 2073; x_wconf 87' lang='lat' dir='ltr'><strong>Superiori</strong></span> <span class='ocrx_word' id='word_1_326' title='bbox 3230 2018 3410 2061; x_wconf 91' lang='lat' dir='ltr'><strong>autem</strong></span> <span class='ocrx_word' id='word_1_327' title='bbox 3461 2011 3645 2080; x_wconf 83' lang='lat' dir='ltr'><strong>capite</strong></span> 
     </span>
    </p>
   </div>
   <div class='ocr_carea' id='block_1_47' title="bbox 2068 2081 3643 2162">
    <p class='ocr_par' dir='ltr' id='par_1_47' title="bbox 2068 2081 3643 2162">
     <span class='ocr_line' id='line_1_47' title="bbox 2068 2081 3643 2162; baseline 0.017 -29"><span class='ocrx_word' id='word_1_328' title='bbox 2068 2081 2260 2136; x_wconf 87' lang='lat' dir='ltr'><strong>scribit</strong></span> <span class='ocrx_word' id='word_1_329' title='bbox 2289 2082 2594 2141; x_wconf 79' lang='lat' dir='ltr'><strong>Eudoxium</strong></span> <span class='ocrx_word' id='word_1_330' title='bbox 2616 2128 2631 2151; x_wconf 89' lang='lat'><strong>,</strong></span> <span class='ocrx_word' id='word_1_331' title='bbox 2665 2091 2993 2162; x_wconf 87' lang='lat' dir='ltr'><strong>simulatque</strong></span> <span class='ocrx_word' id='word_1_332' title='bbox 3021 2095 3074 2149; x_wconf 92' lang='lat' dir='ltr'><strong>in</strong></span> <span class='ocrx_word' id='word_1_333' title='bbox 3101 2096 3452 2156; x_wconf 64' lang='lat' dir='ltr'><strong>Antiocheam</strong></span> <span class='ocrx_word' id='word_1_334' title='bbox 3490 2104 3643 2159; x_wconf 83' lang='lat' dir='ltr'><strong>sedis</strong></span> 
     </span>
    </p>
   </div>
   <div class='ocr_carea' id='block_1_48' title="bbox 2067 2173 3645 2263">
    <p class='ocr_par' dir='ltr' id='par_1_48' title="bbox 2067 2173 3645 2263">
     <span class='ocr_line' id='line_1_48' title="bbox 2067 2173 3645 2263; baseline 0.015 -40"><span class='ocrx_word' id='word_1_335' title='bbox 2067 2173 2472 2238; x_wconf 88' lang='lat' dir='ltr'><strong>possessionem</strong></span> <span class='ocrx_word' id='word_1_336' title='bbox 2506 2178 2694 2246; x_wconf 85' lang='lat' dir='ltr'><strong>pedem</strong></span> <span class='ocrx_word' id='word_1_337' title='bbox 2729 2182 2928 2250; x_wconf 89' lang='lat' dir='ltr'><strong>posuit,</strong></span> <span class='ocrx_word' id='word_1_338' title='bbox 2964 2193 3137 2240; x_wconf 87' lang='lat' dir='ltr'><strong>totum</strong></span> <span class='ocrx_word' id='word_1_339' title='bbox 3172 2204 3229 2245; x_wconf 90' lang='lat' dir='ltr'><strong>se</strong></span> <span class='ocrx_word' id='word_1_340' title='bbox 3253 2190 3317 2243; x_wconf 88' lang='lat' dir='ltr'><strong>ad</strong></span> <span class='ocrx_word' id='word_1_341' title='bbox 3351 2190 3490 2245; x_wconf 87' lang='lat' dir='ltr'><strong>Aetii</strong></span> <span class='ocrx_word' id='word_1_342' title='bbox 3518 2210 3645 2263; x_wconf 85' lang='lat' dir='ltr'><strong>pro—</strong></span> 
     </span>
    </p>
   </div>
   <div class='ocr_carea' id='block_1_49' title="bbox 2068 2260 3646 2336">
    <p class='ocr_par' dir='ltr' id='par_1_49' title="bbox 2068 2260 3646 2336">
     <span class='ocr_line' id='line_1_49' title="bbox 2068 2260 3646 2336; baseline 0.016 -25"><span class='ocrx_word' id='word_1_343' title='bbox 2068 2260 2388 2316; x_wconf 87' lang='lat' dir='ltr'><strong>movendam</strong></span> <span class='ocrx_word' id='word_1_344' title='bbox 2439 2264 2721 2333; x_wconf 84' lang='lat' dir='ltr'><strong>perfidiam</strong></span> <span class='ocrx_word' id='word_1_345' title='bbox 2785 2286 2908 2326; x_wconf 90' lang='lat' dir='ltr'><strong>eum</strong></span> <span class='ocrx_word' id='word_1_346' title='bbox 2955 2274 3156 2330; x_wconf 84' lang='lat' dir='ltr'><strong>Acacio</strong></span> <span class='ocrx_word' id='word_1_347' title='bbox 3209 2260 3531 2336; x_wconf 69' lang='lat' dir='ltr'><strong>Caesariensi</strong></span> <span class='ocrx_word' id='word_1_348' title='bbox 3586 2292 3646 2336; x_wconf 85' lang='lat' dir='ltr'><strong>et</strong></span> 
     </span>
    </p>
   </div>
   <div class='ocr_carea' id='block_1_50' title="bbox 2068 2352 3645 2441">
    <p class='ocr_par' dir='ltr' id='par_1_50' title="bbox 2068 2352 3645 2441">
     <span class='ocr_line' id='line_1_50' title="bbox 2068 2352 3645 2441; baseline 0.012 -32"><span class='ocrx_word' id='word_1_349' title='bbox 2068 2352 2274 2409; x_wconf 87' lang='lat' dir='ltr'><strong>Uranio</strong></span> <span class='ocrx_word' id='word_1_350' title='bbox 2326 2355 2453 2427; x_wconf 84' lang='lat' dir='ltr'><strong>Tyri</strong></span> <span class='ocrx_word' id='word_1_351' title='bbox 2497 2359 2754 2431; x_wconf 87' lang='lat' dir='ltr'><strong>episcopo</strong></span> <span class='ocrx_word' id='word_1_352' title='bbox 2787 2365 3123 2433; x_wconf 87' lang='lat' dir='ltr'><strong>contulisse,</strong></span> <span class='ocrx_word' id='word_1_353' title='bbox 3155 2382 3387 2440; x_wconf 90' lang='lat' dir='ltr'><strong>eamque</strong></span> <span class='ocrx_word' id='word_1_354' title='bbox 3428 2387 3540 2441; x_wconf 70' lang='lat' dir='ltr'><strong>pra:</strong></span> <span class='ocrx_word' id='word_1_355' title='bbox 3579 2388 3645 2429; x_wconf 87' lang='lat' dir='ltr'><strong>se</strong></span> 
     </span>
    </p>
   </div>
   <div class='ocr_carea' id='block_1_51' title="bbox 2067 2445 3641 2529">
    <p class='ocr_par' dir='ltr' id='par_1_51' title="bbox 2067 2445 3641 2529">
     <span class='ocr_line' id='line_1_51' title="bbox 2067 2445 3641 2529; baseline 0.012 -32"><span class='ocrx_word' id='word_1_356' title='bbox 2067 2445 2256 2501; x_wconf 80' lang='lat' dir='ltr'><strong>tulisse</strong></span> <span class='ocrx_word' id='word_1_357' title='bbox 2305 2448 2573 2517; x_wconf 79' lang='lat' dir='ltr'><strong>speciem,</strong></span> <span class='ocrx_word' id='word_1_358' title='bbox 2620 2452 2764 2521; x_wconf 91' lang='lat' dir='ltr'><strong>quod</strong></span> <span class='ocrx_word' id='word_1_359' title='bbox 2815 2453 3122 2513; x_wconf 89' lang='lat' dir='ltr'><strong>Occidentis</strong></span> <span class='ocrx_word' id='word_1_360' title='bbox 3169 2460 3411 2529; x_wconf 78' lang='lat' dir='ltr'><strong>episcopi</strong></span> <span class='ocrx_word' id='word_1_361' title='bbox 3459 2462 3641 2516; x_wconf 85' lang='lat' dir='ltr'><strong>eidem</strong></span> 
     </span>
    </p>
   </div>
   <div class='ocr_carea' id='block_1_52' title="bbox 2067 2533 3645 2617">
    <p class='ocr_par' dir='ltr' id='par_1_52' title="bbox 2067 2533 3645 2617">
     <span class='ocr_line' id='line_1_52' title="bbox 2067 2533 3645 2617; baseline 0.013 -30"><span class='ocrx_word' id='word_1_362' title='bbox 2067 2533 2345 2603; x_wconf 75' lang='lat' dir='ltr'><strong>sufl‘ragati</strong></span> <span class='ocrx_word' id='word_1_363' title='bbox 2378 2535 2610 2614; x_wconf 71' lang='lat' dir='ltr'><strong>fuissent</strong></span> <span class='ocrx_word' id='word_1_364' title='bbox 2641 2558 2655 2594; x_wconf 89' lang='lat'><strong>:</strong></span> <span class='ocrx_word' id='word_1_365' title='bbox 2684 2541 2941 2598; x_wconf 87' lang='lat' dir='ltr'><strong>nimirum</strong></span> <span class='ocrx_word' id='word_1_366' title='bbox 2978 2544 3163 2614; x_wconf 86' lang='lat' dir='ltr'><strong>Osius,</strong></span> <span class='ocrx_word' id='word_1_367' title='bbox 3199 2551 3289 2617; x_wconf 93' lang='lat' dir='ltr'><strong>qui</strong></span> <span class='ocrx_word' id='word_1_368' title='bbox 3320 2567 3445 2605; x_wconf 90' lang='lat' dir='ltr'><strong>cum</strong></span> <span class='ocrx_word' id='word_1_369' title='bbox 3477 2550 3645 2607; x_wconf 82' lang='lat' dir='ltr'><strong>Ursa-</strong></span> 
     </span>
    </p>
   </div>
   <div class='ocr_carea' id='block_1_53' title="bbox 2065 2625 3643 2713">
    <p class='ocr_par' dir='ltr' id='par_1_53' title="bbox 2065 2625 3643 2713">
     <span class='ocr_line' id='line_1_53' title="bbox 2065 2625 3643 2713; baseline 0.01 -33"><span class='ocrx_word' id='word_1_370' title='bbox 2065 2625 2151 2680; x_wconf 90' lang='lat' dir='ltr'><strong>cio</strong></span> <span class='ocrx_word' id='word_1_371' title='bbox 2181 2638 2236 2681; x_wconf 88' lang='lat' dir='ltr'><strong>et</strong></span> <span class='ocrx_word' id='word_1_372' title='bbox 2265 2626 2489 2685; x_wconf 78' lang='lat' dir='ltr'><strong>Valente</strong></span> <span class='ocrx_word' id='word_1_373' title='bbox 2519 2632 2723 2689; x_wconf 81' lang='lat' dir='ltr'><strong>invitus</strong></span> <span class='ocrx_word' id='word_1_374' title='bbox 2762 2647 3137 2705; x_wconf 86' lang='lat' dir='ltr'><strong>consenserat,</strong></span> <span class='ocrx_word' id='word_1_375' title='bbox 3173 2652 3233 2695; x_wconf 89' lang='lat' dir='ltr'><strong>ut</strong></span> <span class='ocrx_word' id='word_1_376' title='bbox 3260 2642 3321 2695; x_wconf 82' lang='grc' dir='ltr'><strong>τὸ</strong></span> <span class='ocrx_word' id='word_1_377' title='bbox 3354 2645 3643 2713; x_wconf 71' lang='grc' dir='ltr'><strong>ὁμοούσιον</strong></span> 
     </span>
    </p>
   </div>
   <div class='ocr_carea' id='block_1_54' title="bbox 2064 2717 3643 2794">
    <p class='ocr_par' dir='ltr' id='par_1_54' title="bbox 2064 2717 3643 2794">
     <span class='ocr_line' id='line_1_54' title="bbox 2064 2717 3643 2794; baseline 0.015 -27"><span class='ocrx_word' id='word_1_378' title='bbox 2064 2717 2444 2783; x_wconf 75' lang='grc' dir='ltr'><strong>ειόμοιούσιον</strong></span> <span class='ocrx_word' id='word_1_379' title='bbox 2472 2734 2892 2793; x_wconf 80' lang='lat' dir='ltr'><strong>expungeretur.</strong></span> <span class='ocrx_word' id='word_1_380' title='bbox 2933 2728 3079 2794; x_wconf 86' lang='lat' dir='ltr'><strong>Quas</strong></span> <span class='ocrx_word' id='word_1_381' title='bbox 3112 2746 3234 2786; x_wconf 90' lang='lat' dir='ltr'><strong>cum</strong></span> <span class='ocrx_word' id='word_1_382' title='bbox 3273 2732 3387 2789; x_wconf 83' lang='lat' dir='ltr'><strong>Osii</strong></span> <span class='ocrx_word' id='word_1_383' title='bbox 3426 2735 3643 2791; x_wconf 86' lang='lat' dir='ltr'><strong>litteras</strong></span> 
     </span>
    </p>
   </div>
   <div class='ocr_carea' id='block_1_55' title="bbox 2064 2809 3641 2899">
    <p class='ocr_par' dir='ltr' id='par_1_55' title="bbox 2064 2809 3641 2899">
     <span class='ocr_line' id='line_1_55' title="bbox 2064 2809 3641 2899; baseline 0.014 -39"><span class='ocrx_word' id='word_1_384' title='bbox 2064 2809 2424 2878; x_wconf 85' lang='lat' dir='ltr'><strong>accepissent,</strong></span> <span class='ocrx_word' id='word_1_385' title='bbox 2482 2812 2692 2870; x_wconf 88' lang='lat' dir='ltr'><strong>Valenti</strong></span> <span class='ocrx_word' id='word_1_386' title='bbox 2741 2829 2794 2873; x_wconf 88' lang='lat' dir='ltr'><strong>et</strong></span> <span class='ocrx_word' id='word_1_387' title='bbox 2854 2817 3080 2876; x_wconf 88' lang='lat' dir='ltr'><strong>Ursacio</strong></span> <span class='ocrx_word' id='word_1_388' title='bbox 3137 2826 3339 2894; x_wconf 88' lang='lat' dir='ltr'><strong>gratias</strong></span> <span class='ocrx_word' id='word_1_389' title='bbox 3384 2838 3641 2899; x_wconf 82' lang='lat' dir='ltr'><strong>egerunt,</strong></span> 
     </span>
    </p>
   </div>
   <div class='ocr_carea' id='block_1_56' title="bbox 2064 2901 3638 2987">
    <p class='ocr_par' dir='ltr' id='par_1_56' title="bbox 2064 2901 3638 2987">
     <span class='ocr_line' id='line_1_56' title="bbox 2064 2901 3638 2987; baseline 0.015 -36"><span class='ocrx_word' id='word_1_390' title='bbox 2064 2901 2210 2967; x_wconf 88' lang='lat' dir='ltr'><strong>quod</strong></span> <span class='ocrx_word' id='word_1_391' title='bbox 2262 2901 2478 2958; x_wconf 89' lang='lat' dir='ltr'><strong>illorum</strong></span> <span class='ocrx_word' id='word_1_392' title='bbox 2530 2920 2695 2976; x_wconf 90' lang='lat' dir='ltr'><strong>opera</strong></span> <span class='ocrx_word' id='word_1_393' title='bbox 2750 2906 3060 2968; x_wconf 78' lang='lat' dir='ltr'><strong>Occidentis</strong></span> <span class='ocrx_word' id='word_1_394' title='bbox 3116 2916 3358 2987; x_wconf 83' lang='lat' dir='ltr'><strong>episcopi</strong></span> <span class='ocrx_word' id='word_1_395' title='bbox 3428 2930 3638 2974; x_wconf 78' lang='lat' dir='ltr'><strong>rectam</strong></span> 
     </span>
    </p>
   </div>
   <div class='ocr_carea' id='block_1_57' title="bbox 2064 2989 3643 3068">
    <p class='ocr_par' dir='ltr' id='par_1_57' title="bbox 2064 2989 3643 3068">
     <span class='ocr_line' id='line_1_57' title="bbox 2064 2989 3643 3068; baseline 0.014 -24"><span class='ocrx_word' id='word_1_396' title='bbox 2064 2989 2223 3046; x_wconf 90' lang='lat' dir='ltr'><strong>fidem</strong></span> <span class='ocrx_word' id='word_1_397' title='bbox 2248 3003 2434 3048; x_wconf 86' lang='lat' dir='ltr'><strong>essent</strong></span> <span class='ocrx_word' id='word_1_398' title='bbox 2464 2998 2721 3068; x_wconf 89' lang='lat' dir='ltr'><strong>amplexi.</strong></span> <span class='ocrx_word' id='word_1_399' title='bbox 2757 2998 2971 3067; x_wconf 83' lang='lat' dir='ltr'><strong>Quibus</strong></span> <span class='ocrx_word' id='word_1_400' title='bbox 2994 3003 3155 3059; x_wconf 83' lang='lat' dir='ltr'><strong>rebus</strong></span> <span class='ocrx_word' id='word_1_401' title='bbox 3177 3009 3441 3063; x_wconf 85' lang='lat' dir='ltr'><strong>excitatus</strong></span> <span class='ocrx_word' id='word_1_402' title='bbox 3472 3010 3643 3065; x_wconf 85' lang='lat' dir='ltr'><strong>Geor-</strong></span> 
     </span>
    </p>
   </div>
   <div class='ocr_carea' id='block_1_58' title="bbox 2070 3082 3637 3165">
    <p class='ocr_par' dir='ltr' id='par_1_58' title="bbox 2070 3082 3637 3165">
     <span class='ocr_line' id='line_1_58' title="bbox 2070 3082 3637 3165; baseline 0.013 -31"><span class='ocrx_word' id='word_1_403' title='bbox 2070 3084 2190 3151; x_wconf 82' lang='lat' dir='ltr'><strong>gius</strong></span> <span class='ocrx_word' id='word_1_404' title='bbox 2247 3082 2585 3142; x_wconf 89' lang='lat' dir='ltr'><strong>Laodicenus</strong></span> <span class='ocrx_word' id='word_1_405' title='bbox 2642 3088 3106 3147; x_wconf 86' lang='lat' dir='ltr'><strong>Semiarianorum</strong></span> <span class='ocrx_word' id='word_1_406' title='bbox 3169 3108 3449 3165; x_wconf 80' lang='lat' dir='ltr'><strong>patronus,</strong></span> <span class='ocrx_word' id='word_1_407' title='bbox 3507 3115 3637 3154; x_wconf 87' lang='lat' dir='ltr'><strong>cum</strong></span> 
     </span>
    </p>
   </div>
   <div class='ocr_carea' id='block_1_59' title="bbox 384 3148 1958 3248">
    <p class='ocr_par' dir='ltr' id='par_1_59' title="bbox 384 3151 1958 3248">
     <span class='ocr_line' id='line_1_59' title="bbox 384 3151 1958 3248; baseline 0.014 -41"><span class='ocrx_word' id='word_1_408' title='bbox 384 3151 655 3210; x_wconf 63' lang='lat' dir='ltr'><strong>Enczeniis</strong></span> <span class='ocrx_word' id='word_1_409' title='bbox 687 3158 938 3248; x_wconf 30' lang='lat' dir='ltr'><strong>edita‘est</strong></span> <span class='ocrx_word' id='word_1_410' title='bbox 963 3178 976 3213; x_wconf 88' lang='lat'><strong>:</strong></span> <span class='ocrx_word' id='word_1_411' title='bbox 997 3162 1108 3215; x_wconf 81' lang='grc' dir='ltr'><strong>Καὶ</strong></span> <span class='ocrx_word' id='word_1_412' title='bbox 1139 3164 1281 3233; x_wconf 78' lang='grc' dir='ltr'><strong>μετὰ</strong></span> <span class='ocrx_word' id='word_1_413' title='bbox 1300 3166 1475 3221; x_wconf 80' lang='grc' dir='ltr'><strong>ταῦτα</strong></span> <span class='ocrx_word' id='word_1_414' title='bbox 1500 3170 1642 3224; x_wconf 75' lang='grc' dir='ltr'><strong>κατὰ</strong></span> <span class='ocrx_word' id='word_1_415' title='bbox 1670 3171 1958 3247; x_wconf 82' lang='grc' dir='ltr'><strong>Σαρδικὴν,</strong></span> 
     </span>
    </p>
   </div>
   <div class='ocr_carea' id='block_1_60' title="bbox 2063 3148 3633 3248">
    <p class='ocr_par' dir='ltr' id='par_1_60' title="bbox 2069 3148 3633 3248">
     <span class='ocr_line' id='line_1_60' title="bbox 2069 3148 3633 3248; baseline 0.013 -22"><span class='ocrx_word' id='word_1_416' title='bbox 2069 3148 2171 3228; x_wconf 76' lang='lat' dir='ltr'><strong>sub</strong></span> <span class='ocrx_word' id='word_1_417' title='bbox 2196 3175 2335 3230; x_wconf 90' lang='lat' dir='ltr'><strong>idem</strong></span> <span class='ocrx_word' id='word_1_418' title='bbox 2366 3187 2575 3248; x_wconf 90' lang='lat' dir='ltr'><strong>tempus</strong></span> <span class='ocrx_word' id='word_1_419' title='bbox 2607 3180 2675 3235; x_wconf 90' lang='lat' dir='ltr'><strong>ad</strong></span> <span class='ocrx_word' id='word_1_420' title='bbox 2712 3197 2910 3238; x_wconf 88' lang='lat' dir='ltr'><strong>novam</strong></span> <span class='ocrx_word' id='word_1_421' title='bbox 2943 3148 3299 3242; x_wconf 66' lang='lat' dir='ltr'><strong>dedicandam</strong></span> <span class='ocrx_word' id='word_1_422' title='bbox 3342 3148 3633 3246; x_wconf 74' lang='lat' dir='ltr'><strong>basilicam</strong></span> 
     </span>
    </p>
   </div>
   <div class='ocr_carea' id='block_1_61' title="bbox 384 3242 1963 3331">
    <p class='ocr_par' dir='ltr' id='par_1_61' title="bbox 384 3242 1963 3331">
     <span class='ocr_line' id='line_1_61' title="bbox 384 3242 1963 3331; baseline 0.013 -35"><span class='ocrx_word' id='word_1_423' title='bbox 384 3245 481 3297; x_wconf 80' lang='grc' dir='ltr'><strong>καὶ</strong></span> <span class='ocrx_word' id='word_1_424' title='bbox 508 3244 606 3314; x_wconf 78' lang='grc' dir='ltr'><strong>τὴν</strong></span> <span class='ocrx_word' id='word_1_425' title='bbox 640 3245 756 3299; x_wconf 79' lang='grc' dir='ltr'>ἐκεῖ</span> <span class='ocrx_word' id='word_1_426' title='bbox 787 3242 943 3312; x_wconf 80' lang='grc' dir='ltr'><strong>αὖθις</strong></span> <span class='ocrx_word' id='word_1_427' title='bbox 975 3249 1292 3321; x_wconf 79' lang='grc' dir='ltr'><strong>ἀνθήσασαν</strong></span> <span class='ocrx_word' id='word_1_428' title='bbox 1322 3255 1528 3318; x_wconf 84' lang='grc' dir='ltr'><strong>πίστιν,</strong></span> <span class='ocrx_word' id='word_1_429' title='bbox 1573 3260 1669 3312; x_wconf 80' lang='grc' dir='ltr'><strong>καὶ</strong></span> <span class='ocrx_word' id='word_1_430' title='bbox 1712 3242 1793 3315; x_wconf 65' lang='lat' dir='ltr'><strong>Est</strong></span> <span class='ocrx_word' id='word_1_431' title='bbox 1827 3242 1963 3331; x_wconf 52' lang='grc' dir='ltr'><strong>μεέὰ</strong></span> 
     </span>
    </p>
   </div>
   <div class='ocr_carea' id='block_1_62' title="bbox 383 3336 1962 3422">
    <p class='ocr_par' dir='ltr' id='par_1_62' title="bbox 383 3336 1962 3422">
     <span class='ocr_line' id='line_1_62' title="bbox 383 3336 1962 3422; baseline 0.013 -34"><span class='ocrx_word' id='word_1_432' title='bbox 383 3336 454 3389; x_wconf 73' lang='grc' dir='ltr'><strong>τὰ</strong></span> <span class='ocrx_word' id='word_1_433' title='bbox 477 3338 536 3391; x_wconf 81' lang='grc' dir='ltr'>ὲν</span> <span class='ocrx_word' id='word_1_434' title='bbox 569 3340 783 3413; x_wconf 83' lang='grc' dir='ltr'>Σιρμίῳ</span> <span class='ocrx_word' id='word_1_435' title='bbox 812 3343 904 3395; x_wconf 78' lang='grc' dir='ltr'><strong>ἐπὶ</strong></span> <span class='ocrx_word' id='word_1_436' title='bbox 935 3344 1187 3416; x_wconf 80' lang='grc' dir='ltr'><strong>Φωτεινῷ</strong></span> <span class='ocrx_word' id='word_1_437' title='bbox 1216 3349 1562 3421; x_wconf 72' lang='grc' dir='ltr'><strong>γεγενημένα</strong></span> <span class='ocrx_word' id='word_1_438' title='bbox 1590 3369 1601 3381; x_wconf 93' lang='grc'><strong>·</strong></span> <span class='ocrx_word' id='word_1_439' title='bbox 1624 3364 1741 3422; x_wconf 90' lang='lat' dir='ltr'><strong>post</strong></span> <span class='ocrx_word' id='word_1_440' title='bbox 1768 3353 1962 3408; x_wconf 89' lang='lat' dir='ltr'><strong>Sardi-</strong></span> 
     </span>
    </p>
   </div>
   <div class='ocr_carea' id='block_1_63' title="bbox 384 3432 1963 3512">
    <p class='ocr_par' dir='ltr' id='par_1_63' title="bbox 384 3432 1963 3512">
     <span class='ocr_line' id='line_1_63' title="bbox 384 3432 1963 3512; baseline 0.013 -31"><span class='ocrx_word' id='word_1_441' title='bbox 384 3443 587 3484; x_wconf 81' lang='lat' dir='ltr'><strong>censem</strong></span> <span class='ocrx_word' id='word_1_442' title='bbox 619 3432 745 3501; x_wconf 78' lang='lat' dir='ltr'><strong>ﬁdei</strong></span> <span class='ocrx_word' id='word_1_443' title='bbox 773 3436 1173 3503; x_wconf 76' lang='lat' dir='ltr'><strong>professionem,</strong></span> <span class='ocrx_word' id='word_1_444' title='bbox 1204 3455 1368 3510; x_wconf 79' lang='lat' dir='ltr'><strong>eaque</strong></span> <span class='ocrx_word' id='word_1_445' title='bbox 1400 3458 1519 3512; x_wconf 81' lang='lat' dir='ltr'><strong>qua:</strong></span> <span class='ocrx_word' id='word_1_446' title='bbox 1551 3442 1742 3499; x_wconf 86' lang='lat' dir='ltr'><strong>Sirmii</strong></span> <span class='ocrx_word' id='word_1_447' title='bbox 1777 3457 1963 3502; x_wconf 85' lang='lat' dir='ltr'><strong>contra</strong></span> 
     </span>
    </p>
   </div>
   <div class='ocr_carea' id='block_1_64' title="bbox 391 3518 1960 3606">
    <p class='ocr_par' dir='ltr' id='par_1_64' title="bbox 391 3518 1960 3606">
     <span class='ocr_line' id='line_1_64' title="bbox 391 3518 1960 3606; baseline 0.014 -34"><span class='ocrx_word' id='word_1_448' title='bbox 391 3518 675 3577; x_wconf 69' lang='lat' dir='ltr'><strong>Plautinum</strong></span> <span class='ocrx_word' id='word_1_449' title='bbox 733 3527 942 3581; x_wconf 81' lang='lat' dir='ltr'><strong>decreta</strong></span> <span class='ocrx_word' id='word_1_450' title='bbox 995 3538 1159 3595; x_wconf 90' lang='lat' dir='ltr'><strong>sunt,</strong></span> <span class='ocrx_word' id='word_1_451' title='bbox 1220 3530 1467 3590; x_wconf 88' lang='lat' dir='ltr'><strong>Ecclesia</strong></span> <span class='ocrx_word' id='word_1_452' title='bbox 1528 3537 1960 3606; x_wconf 89' lang='lat' dir='ltr'><strong>conquiesceret.</strong></span> 
     </span>
    </p>
   </div>
   <div class='ocr_carea' id='block_1_65' title="bbox 385 3615 1968 3700">
    <p class='ocr_par' dir='ltr' id='par_1_65' title="bbox 385 3615 1968 3700">
     <span class='ocr_line' id='line_1_65' title="bbox 385 3615 1968 3700; baseline 0.01 -31"><span class='ocrx_word' id='word_1_453' title='bbox 385 3615 528 3670; x_wconf 89' lang='lat' dir='ltr'><strong>Tum</strong></span> <span class='ocrx_word' id='word_1_454' title='bbox 569 3617 779 3688; x_wconf 88' lang='lat' dir='ltr'><strong>aliquot</strong></span> <span class='ocrx_word' id='word_1_455' title='bbox 812 3618 1133 3690; x_wconf 88' lang='lat' dir='ltr'><strong>interjectis,</strong></span> <span class='ocrx_word' id='word_1_456' title='bbox 1173 3636 1235 3676; x_wconf 88' lang='lat' dir='ltr'><strong>ea</strong></span> <span class='ocrx_word' id='word_1_457' title='bbox 1273 3638 1334 3679; x_wconf 87' lang='lat' dir='ltr'><strong>se</strong></span> <span class='ocrx_word' id='word_1_458' title='bbox 1360 3626 1630 3696; x_wconf 89' lang='lat' dir='ltr'><strong>perpolire</strong></span> <span class='ocrx_word' id='word_1_459' title='bbox 1672 3638 1837 3700; x_wconf 89' lang='lat' dir='ltr'><strong>atque</strong></span> <span class='ocrx_word' id='word_1_460' title='bbox 1874 3647 1968 3687; x_wconf 90' lang='lat' dir='ltr'><strong>ex-</strong></span> 
     </span>
    </p>
   </div>
   <div class='ocr_carea' id='block_1_66' title="bbox 384 3709 1962 3790">
    <p class='ocr_par' dir='ltr' id='par_1_66' title="bbox 384 3709 1962 3790">
     <span class='ocr_line' id='line_1_66' title="bbox 384 3709 1962 3790; baseline 0.009 -26"><span class='ocrx_word' id='word_1_461' title='bbox 384 3710 587 3779; x_wconf 85' lang='lat' dir='ltr'><strong>plicare</strong></span> <span class='ocrx_word' id='word_1_462' title='bbox 612 3709 852 3765; x_wconf 88' lang='lat' dir='ltr'><strong>voluisse</strong></span> <span class='ocrx_word' id='word_1_463' title='bbox 874 3711 1285 3779; x_wconf 89' lang='lat' dir='ltr'><strong>demonstrant,</strong></span> <span class='ocrx_word' id='word_1_464' title='bbox 1331 3732 1455 3786; x_wconf 74' lang='lat' dir='ltr'><strong>quae</strong></span> <span class='ocrx_word' id='word_1_465' title='bbox 1499 3718 1555 3772; x_wconf 90' lang='lat' dir='ltr'><strong>in</strong></span> <span class='ocrx_word' id='word_1_466' title='bbox 1588 3722 1962 3790; x_wconf 78' lang='lat' dir='ltr'><strong>superioribus</strong></span> 
     </span>
    </p>
   </div>
   <div class='ocr_carea' id='block_1_67' title="bbox 385 3799 1965 3869">
    <p class='ocr_par' dir='ltr' id='par_1_67' title="bbox 385 3799 1965 3869">
     <span class='ocr_line' id='line_1_67' title="bbox 385 3799 1965 3869; baseline 0.01 -15"><span class='ocrx_word' id='word_1_467' title='bbox 385 3799 607 3869; x_wconf 83' lang='lat' dir='ltr'><strong>synodis</strong></span> <span class='ocrx_word' id='word_1_468' title='bbox 654 3801 949 3855; x_wconf 82' lang='lat' dir='ltr'><strong>constituta</strong></span> <span class='ocrx_word' id='word_1_469' title='bbox 1012 3812 1200 3867; x_wconf 84' lang='lat' dir='ltr'><strong>erant,</strong></span> <span class='ocrx_word' id='word_1_470' title='bbox 1243 3814 1303 3859; x_wconf 89' lang='lat' dir='ltr'><strong>ut</strong></span> <span class='ocrx_word' id='word_1_471' title='bbox 1352 3808 1691 3867; x_wconf 86' lang='lat' dir='ltr'><strong>Antiocheoa</strong></span> <span class='ocrx_word' id='word_1_472' title='bbox 1738 3822 1792 3868; x_wconf 90' lang='lat' dir='ltr'><strong>et</strong></span> <span class='ocrx_word' id='word_1_473' title='bbox 1835 3814 1965 3869; x_wconf 85' lang='lat' dir='ltr'><strong>Sar-</strong></span> 
     </span>
    </p>
   </div>
   <div class='ocr_carea' id='block_1_68' title="bbox 384 3888 1961 3973">
    <p class='ocr_par' dir='ltr' id='par_1_68' title="bbox 384 3888 1961 3973">
     <span class='ocr_line' id='line_1_68' title="bbox 384 3888 1961 3973; baseline 0.011 -31"><span class='ocrx_word' id='word_1_474' title='bbox 384 3888 612 3954; x_wconf 84' lang='lat' dir='ltr'><strong>dicensi,</strong></span> <span class='ocrx_word' id='word_1_475' title='bbox 650 3889 719 3959; x_wconf 74' lang='grc' dir='ltr'>ἦν</span> <span class='ocrx_word' id='word_1_476' title='bbox 760 3889 1054 3962; x_wconf 76' lang='grc' dir='ltr'><strong>ἀνείληφεν</strong></span> <span class='ocrx_word' id='word_1_477' title='bbox 1081 3892 1114 3963; x_wconf 79' lang='grc' dir='ltr'>ἡ</span> <span class='ocrx_word' id='word_1_478' title='bbox 1144 3895 1203 3945; x_wconf 81' lang='grc' dir='ltr'>ὲν</span> <span class='ocrx_word' id='word_1_479' title='bbox 1233 3894 1452 3967; x_wconf 83' lang='grc' dir='ltr'>Σιρμίῳ</span> <span class='ocrx_word' id='word_1_480' title='bbox 1489 3898 1723 3966; x_wconf 81' lang='grc' dir='ltr'><strong>σύνοδος,</strong></span> <span class='ocrx_word' id='word_1_481' title='bbox 1776 3919 1961 3973; x_wconf 84' lang='lat' dir='ltr'><strong>quam,</strong></span> 
     </span>
    </p>
   </div>
   <div class='ocr_carea' id='block_1_69' title="bbox 382 3979 1960 4059">
    <p class='ocr_par' dir='ltr' id='par_1_69' title="bbox 382 3979 1960 4059">
     <span class='ocr_line' id='line_1_69' title="bbox 382 3979 1960 4059; baseline 0.011 -26"><span class='ocrx_word' id='word_1_482' title='bbox 382 3979 666 4049; x_wconf 87' lang='lat' dir='ltr'><strong>inquiunt,</strong></span> <span class='ocrx_word' id='word_1_483' title='bbox 726 3981 1057 4038; x_wconf 82' lang='lat' dir='ltr'><strong>Sardicensis</strong></span> <span class='ocrx_word' id='word_1_484' title='bbox 1128 3986 1343 4041; x_wconf 74' lang='lat' dir='ltr'><strong>concilii</strong></span> <span class='ocrx_word' id='word_1_485' title='bbox 1410 3989 1569 4059; x_wconf 79' lang='lat' dir='ltr'><strong>ﬁdem</strong></span> <span class='ocrx_word' id='word_1_486' title='bbox 1651 3992 1960 4052; x_wconf 83' lang='lat' dir='ltr'><strong>Sirmiensis</strong></span> 
     </span>
    </p>
   </div>
   <div class='ocr_carea' id='block_1_70' title="bbox 382 4073 1962 4149">
    <p class='ocr_par' dir='ltr' id='par_1_70' title="bbox 382 4073 1962 4149">
     <span class='ocr_line' id='line_1_70' title="bbox 382 4073 1962 4149; baseline 0.012 -25"><span class='ocrx_word' id='word_1_487' title='bbox 382 4074 614 4141; x_wconf 74' lang='lat' dir='ltr'><strong>synodus</strong></span> <span class='ocrx_word' id='word_1_488' title='bbox 651 4073 894 4142; x_wconf 77' lang='lat' dir='ltr'><strong>amplexa</strong></span> <span class='ocrx_word' id='word_1_489' title='bbox 934 4083 1034 4140; x_wconf 84' lang='lat' dir='ltr'><strong>est,</strong></span> <span class='ocrx_word' id='word_1_490' title='bbox 1069 4077 1152 4133; x_wconf 88' lang='lat' dir='ltr'><strong>vel</strong></span> <span class='ocrx_word' id='word_1_491' title='bbox 1193 4080 1420 4149; x_wconf 82' lang='lat' dir='ltr'><strong>repetiit.</strong></span> <span class='ocrx_word' id='word_1_492' title='bbox 1464 4080 1646 4149; x_wconf 85' lang='lat' dir='ltr'><strong>Quare</strong></span> <span class='ocrx_word' id='word_1_493' title='bbox 1701 4084 1962 4143; x_wconf 89' lang='lat' dir='ltr'><strong>Sirmien-</strong></span> 
     </span>
    </p>
   </div>
   <div class='ocr_carea' id='block_1_71' title="bbox 382 4160 1958 4247">
    <p class='ocr_par' dir='ltr' id='par_1_71' title="bbox 382 4160 1958 4247">
     <span class='ocr_line' id='line_1_71' title="bbox 382 4160 1958 4247; baseline 0.011 -30"><span class='ocrx_word' id='word_1_494' title='bbox 382 4179 499 4218; x_wconf 84' lang='lat' dir='ltr'><strong>sem</strong></span> <span class='ocrx_word' id='word_1_495' title='bbox 538 4164 805 4236; x_wconf 88' lang='lat' dir='ltr'><strong>synodum</strong></span> <span class='ocrx_word' id='word_1_496' title='bbox 849 4160 1136 4238; x_wconf 86' lang='lat' dir='ltr'><strong>Ancyrana</strong></span> <span class='ocrx_word' id='word_1_497' title='bbox 1180 4170 1270 4226; x_wconf 89' lang='lat' dir='ltr'><strong>illa</strong></span> <span class='ocrx_word' id='word_1_498' title='bbox 1327 4175 1570 4243; x_wconf 82' lang='lat' dir='ltr'><strong>synodus</strong></span> <span class='ocrx_word' id='word_1_499' title='bbox 1614 4180 1958 4247; x_wconf 84' lang='lat' dir='ltr'><strong>approbavit.</strong></span> 
     </span>
    </p>
   </div>
   <div class='ocr_carea' id='block_1_72' title="bbox 385 4253 1957 4339">
    <p class='ocr_par' dir='ltr' id='par_1_72' title="bbox 385 4253 1957 4339">
     <span class='ocr_line' id='line_1_72' title="bbox 385 4253 1957 4339; baseline 0.013 -32"><span class='ocrx_word' id='word_1_500' title='bbox 385 4253 584 4309; x_wconf 82' lang='lat' dir='ltr'><strong>Eadem</strong></span> <span class='ocrx_word' id='word_1_501' title='bbox 630 4271 757 4310; x_wconf 89' lang='lat' dir='ltr'><strong>vero</strong></span> <span class='ocrx_word' id='word_1_502' title='bbox 795 4272 825 4311; x_wconf 90' lang='lat' dir='ltr'><strong>e</strong></span> <span class='ocrx_word' id='word_1_503' title='bbox 868 4260 1147 4315; x_wconf 90' lang='lat' dir='ltr'><strong>contrario</strong></span> <span class='ocrx_word' id='word_1_504' title='bbox 1202 4260 1491 4318; x_wconf 91' lang='lat' dir='ltr'><strong>formulam</strong></span> <span class='ocrx_word' id='word_1_505' title='bbox 1545 4267 1672 4321; x_wconf 86' lang='lat' dir='ltr'><strong>fidei</strong></span> <span class='ocrx_word' id='word_1_506' title='bbox 1706 4270 1957 4339; x_wconf 88' lang='lat' dir='ltr'><strong>alteram,</strong></span> 
     </span>
    </p>
   </div>
   <div class='ocr_carea' id='block_1_73' title="bbox 382 4347 1956 4431">
    <p class='ocr_par' dir='ltr' id='par_1_73' title="bbox 382 4347 1956 4431">
     <span class='ocr_line' id='line_1_73' title="bbox 382 4347 1956 4431; baseline 0.011 -30"><span class='ocrx_word' id='word_1_507' title='bbox 382 4361 548 4416; x_wconf 84' lang='lat' dir='ltr'><strong>quam</strong></span> <span class='ocrx_word' id='word_1_508' title='bbox 568 4347 624 4402; x_wconf 92' lang='lat' dir='ltr'><strong>in</strong></span> <span class='ocrx_word' id='word_1_509' title='bbox 645 4348 930 4404; x_wconf 78' lang='lat' dir='ltr'><strong>Sirmiensi</strong></span> <span class='ocrx_word' id='word_1_510' title='bbox 949 4352 1181 4408; x_wconf 85' lang='lat' dir='ltr'><strong>concilio</strong></span> <span class='ocrx_word' id='word_1_511' title='bbox 1197 4369 1391 4412; x_wconf 89' lang='lat' dir='ltr'><strong>omnes</strong></span> <span class='ocrx_word' id='word_1_512' title='bbox 1413 4358 1614 4413; x_wconf 88' lang='lat' dir='ltr'><strong>editam</strong></span> <span class='ocrx_word' id='word_1_513' title='bbox 1638 4361 1956 4431; x_wconf 90' lang='lat' dir='ltr'><strong>opinantur,</strong></span> 
     </span>
    </p>
   </div>
   <div class='ocr_carea' id='block_1_74' title="bbox 384 4439 1957 4513">
    <p class='ocr_par' dir='ltr' id='par_1_74' title="bbox 384 4439 1957 4513">
     <span class='ocr_line' id='line_1_74' title="bbox 384 4439 1957 4513; baseline 0.013 -22"><span class='ocrx_word' id='word_1_514' title='bbox 384 4452 493 4492; x_wconf 89' lang='lat' dir='ltr'><strong>non</strong></span> <span class='ocrx_word' id='word_1_515' title='bbox 529 4439 690 4495; x_wconf 91' lang='lat' dir='ltr'><strong>modo</strong></span> <span class='ocrx_word' id='word_1_516' title='bbox 715 4456 827 4497; x_wconf 90' lang='lat' dir='ltr'><strong>non</strong></span> <span class='ocrx_word' id='word_1_517' title='bbox 850 4444 1071 4513; x_wconf 90' lang='lat' dir='ltr'><strong>recepit,</strong></span> <span class='ocrx_word' id='word_1_518' title='bbox 1102 4445 1196 4501; x_wconf 91' lang='lat' dir='ltr'><strong>sed</strong></span> <span class='ocrx_word' id='word_1_519' title='bbox 1232 4447 1298 4501; x_wconf 87' lang='lat' dir='ltr'><strong>ad</strong></span> <span class='ocrx_word' id='word_1_520' title='bbox 1351 4462 1472 4503; x_wconf 90' lang='lat' dir='ltr'><strong>eam</strong></span> <span class='ocrx_word' id='word_1_521' title='bbox 1519 4454 1864 4510; x_wconf 89' lang='lat' dir='ltr'><strong>evertendam</strong></span> <span class='ocrx_word' id='word_1_522' title='bbox 1892 4472 1957 4513; x_wconf 92' lang='lat' dir='ltr'><strong>ac</strong></span> 
     </span>
    </p>
   </div>
   <div class='ocr_carea' id='block_1_75' title="bbox 382 4531 1956 4609">
    <p class='ocr_par' dir='ltr' id='par_1_75' title="bbox 382 4531 1956 4609">
     <span class='ocr_line' id='line_1_75' title="bbox 382 4531 1956 4609; baseline 0.014 -26"><span class='ocrx_word' id='word_1_523' title='bbox 382 4531 772 4602; x_wconf 81' lang='lat' dir='ltr'><strong>profligandam</strong></span> <span class='ocrx_word' id='word_1_524' title='bbox 803 4543 888 4589; x_wconf 90' lang='lat' dir='ltr'><strong>est</strong></span> <span class='ocrx_word' id='word_1_525' title='bbox 906 4538 1248 4606; x_wconf 89' lang='lat' dir='ltr'><strong>potissimum</strong></span> <span class='ocrx_word' id='word_1_526' title='bbox 1280 4550 1488 4597; x_wconf 88' lang='lat' dir='ltr'><strong>coacta.</strong></span> <span class='ocrx_word' id='word_1_527' title='bbox 1527 4542 1689 4609; x_wconf 93' lang='lat' dir='ltr'><strong>Quod</strong></span> <span class='ocrx_word' id='word_1_528' title='bbox 1733 4546 1786 4602; x_wconf 87' lang='lat' dir='ltr'><strong>in</strong></span> <span class='ocrx_word' id='word_1_529' title='bbox 1815 4548 1956 4605; x_wconf 88' lang='lat' dir='ltr'><strong>libro</strong></span> 
     </span>
    </p>
   </div>
   <div class='ocr_carea' id='block_1_76' title="bbox 383 4622 1959 4712">
    <p class='ocr_par' dir='ltr' id='par_1_76' title="bbox 383 4622 1959 4712">
     <span class='ocr_line' id='line_1_76' title="bbox 383 4622 1959 4712; baseline 0.013 -35"><span class='ocrx_word' id='word_1_530' title='bbox 383 4622 461 4677; x_wconf 82' lang='lat' dir='ltr'><strong>De</strong></span> <span class='ocrx_word' id='word_1_531' title='bbox 492 4625 705 4692; x_wconf 83' lang='lat' dir='ltr'><strong>synodis</strong></span> <span class='ocrx_word' id='word_1_532' title='bbox 749 4625 909 4683; x_wconf 86' lang='lat' dir='ltr'><strong>docet</strong></span> <span class='ocrx_word' id='word_1_533' title='bbox 948 4626 1236 4686; x_wconf 79' lang='lat' dir='ltr'><strong>Hilarius:</strong></span> <span class='ocrx_word' id='word_1_534' title='bbox 1280 4633 1370 4687; x_wconf 86' lang='lat' dir='ltr'><strong>ubi</strong></span> <span class='ocrx_word' id='word_1_535' title='bbox 1400 4633 1746 4706; x_wconf 85' lang='lat' dir='ltr'><strong>Ancyranam</strong></span> <span class='ocrx_word' id='word_1_536' title='bbox 1793 4657 1959 4712; x_wconf 84' lang='lat' dir='ltr'><strong>syno-</strong></span> 
     </span>
    </p>
   </div>
   <div class='ocr_carea' id='block_1_77' title="bbox 381 4711 1956 4803">
    <p class='ocr_par' dir='ltr' id='par_1_77' title="bbox 381 4711 1956 4803">
     <span class='ocr_line' id='line_1_77' title="bbox 381 4711 1956 4803; baseline 0.015 -38"><span class='ocrx_word' id='word_1_537' title='bbox 381 4711 511 4767; x_wconf 86' lang='lat' dir='ltr'><strong>dum</strong></span> <span class='ocrx_word' id='word_1_538' title='bbox 558 4714 787 4785; x_wconf 85' lang='lat' dir='ltr'><strong>ejusque</strong></span> <span class='ocrx_word' id='word_1_539' title='bbox 826 4716 1124 4787; x_wconf 88' lang='lat' dir='ltr'><strong>decretum,</strong></span> <span class='ocrx_word' id='word_1_540' title='bbox 1167 4720 1477 4790; x_wconf 74' lang='lat' dir='ltr'><strong>cuiusmodi</strong></span> <span class='ocrx_word' id='word_1_541' title='bbox 1516 4727 1604 4783; x_wconf 85' lang='lat' dir='ltr'><strong>hic</strong></span> <span class='ocrx_word' id='word_1_542' title='bbox 1636 4733 1779 4799; x_wconf 91' lang='lat' dir='ltr'><strong>apud</strong></span> <span class='ocrx_word' id='word_1_543' title='bbox 1824 4711 1956 4803; x_wconf 88' lang='lat' dir='ltr'><strong>Epi-</strong></span> 
     </span>
    </p>
   </div>
   <div class='ocr_carea' id='block_1_78' title="bbox 382 4802 1955 4890">
    <p class='ocr_par' dir='ltr' id='par_1_78' title="bbox 382 4802 1955 4890">
     <span class='ocr_line' id='line_1_78' title="bbox 382 4802 1955 4890; baseline 0.017 -35"><span class='ocrx_word' id='word_1_544' title='bbox 382 4802 644 4871; x_wconf 86' lang='lat' dir='ltr'><strong>phanium</strong></span> <span class='ocrx_word' id='word_1_545' title='bbox 719 4808 1073 4877; x_wconf 83' lang='lat' dir='ltr'><strong>exprimitur,</strong></span> <span class='ocrx_word' id='word_1_546' title='bbox 1147 4817 1458 4871; x_wconf 88' lang='lat' dir='ltr'><strong>accuratius</strong></span> <span class='ocrx_word' id='word_1_547' title='bbox 1525 4821 1802 4890; x_wconf 85' lang='lat' dir='ltr'><strong>explicans</strong></span> <span class='ocrx_word' id='word_1_548' title='bbox 1891 4841 1955 4881; x_wconf 88' lang='lat' dir='ltr'><strong>ac</strong></span> 
     </span>
    </p>
   </div>
   <div class='ocr_carea' id='block_1_79' title="bbox 383 4893 1951 4970">
    <p class='ocr_par' dir='ltr' id='par_1_79' title="bbox 383 4893 1951 4970">
     <span class='ocr_line' id='line_1_79' title="bbox 383 4893 1951 4970; baseline 0.017 -28"><span class='ocrx_word' id='word_1_549' title='bbox 383 4893 726 4951; x_wconf 74' lang='lat' dir='ltr'><strong>vehementer</strong></span> <span class='ocrx_word' id='word_1_550' title='bbox 746 4899 1157 4970; x_wconf 87' lang='lat' dir='ltr'><strong>commendans,</strong></span> <span class='ocrx_word' id='word_1_551' title='bbox 1203 4904 1375 4961; x_wconf 83' lang='lat' dir='ltr'><strong>eidem</strong></span> <span class='ocrx_word' id='word_1_552' title='bbox 1408 4905 1763 4966; x_wconf 87' lang='lat' dir='ltr'><strong>Sirmiensem</strong></span> <span class='ocrx_word' id='word_1_553' title='bbox 1801 4913 1951 4970; x_wconf 88' lang='lat' dir='ltr'><strong>illam</strong></span> 
     </span>
    </p>
   </div>
   <div class='ocr_carea' id='block_1_80' title="bbox 378 4984 1950 5065">
    <p class='ocr_par' dir='ltr' id='par_1_80' title="bbox 378 4984 1950 5065">
     <span class='ocr_line' id='line_1_80' title="bbox 378 4984 1950 5065; baseline 0.013 -24"><span class='ocrx_word' id='word_1_554' title='bbox 378 4984 503 5041; x_wconf 76' lang='lat' dir='ltr'><strong>fidei</strong></span> <span class='ocrx_word' id='word_1_555' title='bbox 563 4987 961 5056; x_wconf 89' lang='lat' dir='ltr'><strong>professionem</strong></span> <span class='ocrx_word' id='word_1_556' title='bbox 1029 4996 1290 5065; x_wconf 64' lang='lat' dir='ltr'><strong>praefixit,</strong></span> <span class='ocrx_word' id='word_1_557' title='bbox 1360 5017 1487 5056; x_wconf 89' lang='lat' dir='ltr'><strong>cum</strong></span> <span class='ocrx_word' id='word_1_558' title='bbox 1551 5002 1656 5059; x_wconf 92' lang='lat' dir='ltr'><strong>hoc</strong></span> <span class='ocrx_word' id='word_1_559' title='bbox 1720 5005 1878 5061; x_wconf 90' lang='lat' dir='ltr'><strong>titulo</strong></span> <span class='ocrx_word' id='word_1_560' title='bbox 1936 5025 1950 5062; x_wconf 92' lang='lat'><strong>:</strong></span> 
     </span>
    </p>
   </div>
   <div class='ocr_carea' id='block_1_81' title="bbox 385 5075 1953 5164">
    <p class='ocr_par' dir='ltr' id='par_1_81' title="bbox 385 5075 1953 5164">
     <span class='ocr_line' id='line_1_81' title="bbox 385 5075 1953 5164; baseline 0.015 -35"><span class='ocrx_word' id='word_1_561' title='bbox 385 5075 693 5147; x_wconf 74' lang='lat' dir='ltr'><strong>Exemplum</strong></span> <span class='ocrx_word' id='word_1_562' title='bbox 718 5081 1055 5153; x_wconf 71' lang='lat' dir='ltr'><strong>blasphemia</strong></span> <span class='ocrx_word' id='word_1_563' title='bbox 1082 5090 1224 5159; x_wconf 87' lang='lat' dir='ltr'><strong>apud</strong></span> <span class='ocrx_word' id='word_1_564' title='bbox 1248 5088 1503 5147; x_wconf 83' lang='lat' dir='ltr'><strong>Sirmium</strong></span> <span class='ocrx_word' id='word_1_565' title='bbox 1529 5112 1621 5164; x_wconf 83' lang='lat' dir='ltr'><strong>per</strong></span> <span class='ocrx_word' id='word_1_566' title='bbox 1651 5094 1839 5151; x_wconf 84' lang='lat' dir='ltr'><strong>Osium</strong></span> <span class='ocrx_word' id='word_1_567' title='bbox 1899 5109 1953 5152; x_wconf 89' lang='lat' dir='ltr'><strong>et</strong></span> 
     </span>
    </p>
   </div>
   <div class='ocr_carea' id='block_1_82' title="bbox 379 5165 1955 5246">
    <p class='ocr_par' dir='ltr' id='par_1_82' title="bbox 379 5165 1955 5246">
     <span class='ocr_line' id='line_1_82' title="bbox 379 5165 1955 5246; baseline 0.015 -26"><span class='ocrx_word' id='word_1_568' title='bbox 379 5165 684 5226; x_wconf 78' lang='lat' dir='ltr'><strong>Potamium</strong></span> <span class='ocrx_word' id='word_1_569' title='bbox 705 5177 1046 5246; x_wconf 70' lang='lat' dir='ltr'><strong>conscriptae;</strong></span> <span class='ocrx_word' id='word_1_570' title='bbox 1088 5192 1141 5236; x_wconf 92' lang='lat' dir='ltr'><strong>et</strong></span> <span class='ocrx_word' id='word_1_571' title='bbox 1173 5182 1436 5239; x_wconf 88' lang='lat' dir='ltr'><strong>adversus</strong></span> <span class='ocrx_word' id='word_1_572' title='bbox 1463 5186 1602 5241; x_wconf 90' lang='lat' dir='ltr'><strong>hanc</strong></span> <span class='ocrx_word' id='word_1_573' title='bbox 1629 5187 1751 5243; x_wconf 87' lang='lat' dir='ltr'><strong>fidei</strong></span> <span class='ocrx_word' id='word_1_574' title='bbox 1797 5187 1955 5245; x_wconf 76' lang='grc' dir='ltr'><strong>ἐκϐε-</strong></span> 
     </span>
    </p>
   </div>
   <div class='ocr_carea' id='block_1_83' title="bbox 383 5260 1951 5345">
    <p class='ocr_par' dir='ltr' id='par_1_83' title="bbox 383 5260 1951 5345">
     <span class='ocr_line' id='line_1_83' title="bbox 383 5260 1951 5345; baseline 0.017 -34"><span class='ocrx_word' id='word_1_575' title='bbox 383 5276 467 5313; x_wconf 89' lang='grc' dir='ltr'>σιν</span> <span class='ocrx_word' id='word_1_576' title='bbox 493 5260 794 5324; x_wconf 87' lang='lat' dir='ltr'><strong>Orientales</strong></span> <span class='ocrx_word' id='word_1_577' title='bbox 824 5273 1051 5343; x_wconf 70' lang='lat' dir='ltr'><strong>Aucyra:</strong></span> <span class='ocrx_word' id='word_1_578' title='bbox 1081 5276 1400 5331; x_wconf 89' lang='lat' dir='ltr'><strong>convenisse</strong></span> <span class='ocrx_word' id='word_1_579' title='bbox 1425 5279 1732 5336; x_wconf 81' lang='lat' dir='ltr'><strong>confirmat.</strong></span> <span class='ocrx_word' id='word_1_580' title='bbox 1758 5280 1877 5345; x_wconf 90' lang='lat' dir='ltr'><strong>Qua</strong></span> <span class='ocrx_word' id='word_1_581' title='bbox 1891 5297 1951 5337; x_wconf 92' lang='lat' dir='ltr'><strong>re</strong></span> 
     </span>
    </p>
   </div>
   <div class='ocr_carea' id='block_1_84' title="bbox 380 5355 1952 5439">
    <p class='ocr_par' dir='ltr' id='par_1_84' title="bbox 380 5355 1952 5439">
     <span class='ocr_line' id='line_1_84' title="bbox 380 5355 1952 5439; baseline 0.011 -32"><span class='ocrx_word' id='word_1_582' title='bbox 380 5355 495 5408; x_wconf 90' lang='lat' dir='ltr'><strong>tieri</strong></span> <span class='ocrx_word' id='word_1_583' title='bbox 520 5358 669 5414; x_wconf 87' lang='lat' dir='ltr'><strong>nullo</strong></span> <span class='ocrx_word' id='word_1_584' title='bbox 693 5362 854 5417; x_wconf 91' lang='lat' dir='ltr'><strong>modo</strong></span> <span class='ocrx_word' id='word_1_585' title='bbox 888 5373 1086 5432; x_wconf 89' lang='lat' dir='ltr'><strong>potest,</strong></span> <span class='ocrx_word' id='word_1_586' title='bbox 1132 5376 1191 5420; x_wconf 84' lang='lat' dir='ltr'><strong>ut</strong></span> <span class='ocrx_word' id='word_1_587' title='bbox 1236 5368 1372 5433; x_wconf 62' lang='lat' dir='ltr'><strong>haec,</strong></span> <span class='ocrx_word' id='word_1_588' title='bbox 1413 5384 1579 5439; x_wconf 91' lang='lat' dir='ltr'><strong>quam</strong></span> <span class='ocrx_word' id='word_1_589' title='bbox 1616 5370 1952 5428; x_wconf 83' lang='lat' dir='ltr'><strong>Semiariani</strong></span> 
     </span>
    </p>
   </div>
   <div class='ocr_carea' id='block_1_85' title="bbox 382 5442 1949 5525">
    <p class='ocr_par' dir='ltr' id='par_1_85' title="bbox 382 5442 1949 5525">
     <span class='ocr_line' id='line_1_85' title="bbox 382 5442 1949 5525; baseline 0.015 -27"><span class='ocrx_word' id='word_1_590' title='bbox 382 5442 1094 5525; x_wconf 40' lang='lat' dir='ltr'><strong>tantopere&#39;impugnarunt,</strong></span> <span class='ocrx_word' id='word_1_591' title='bbox 1122 5458 1245 5515; x_wconf 88' lang='lat' dir='ltr'><strong>fidei</strong></span> <span class='ocrx_word' id='word_1_592' title='bbox 1276 5459 1507 5517; x_wconf 92' lang='lat' dir='ltr'><strong>formula</strong></span> <span class='ocrx_word' id='word_1_593' title='bbox 1539 5462 1592 5517; x_wconf 93' lang='lat' dir='ltr'><strong>in</strong></span> <span class='ocrx_word' id='word_1_594' title='bbox 1623 5479 1687 5519; x_wconf 92' lang='lat' dir='ltr'><strong>eo</strong></span> <span class='ocrx_word' id='word_1_595' title='bbox 1712 5466 1949 5522; x_wconf 88' lang='lat' dir='ltr'><strong>concilio</strong></span> 
     </span>
    </p>
   </div>
   <div class='ocr_carea' id='block_1_86' title="bbox 380 5534 1944 5625">
    <p class='ocr_par' dir='ltr' id='par_1_86' title="bbox 380 5534 1944 5625">
     <span class='ocr_line' id='line_1_86' title="bbox 380 5534 1944 5625; baseline 0.015 -36"><span class='ocrx_word' id='word_1_596' title='bbox 380 5534 456 5589; x_wconf 76' lang='lat' dir='ltr'><strong>ait</strong></span> <span class='ocrx_word' id='word_1_597' title='bbox 489 5537 654 5604; x_wconf 86' lang='lat' dir='ltr'><strong>edita,</strong></span> <span class='ocrx_word' id='word_1_598' title='bbox 697 5543 787 5597; x_wconf 89' lang='lat' dir='ltr'><strong>cui</strong></span> <span class='ocrx_word' id='word_1_599' title='bbox 824 5560 933 5601; x_wconf 91' lang='lat' dir='ltr'><strong>non</strong></span> <span class='ocrx_word' id='word_1_600' title='bbox 978 5547 1344 5605; x_wconf 86' lang='lat' dir='ltr'><strong>interfuerunt</strong></span> <span class='ocrx_word' id='word_1_601' title='bbox 1386 5552 1550 5608; x_wconf 87' lang='lat' dir='ltr'><strong>modo</strong></span> <span class='ocrx_word' id='word_1_602' title='bbox 1590 5555 1718 5625; x_wconf 85' lang='lat' dir='ltr'><strong>ipsi,</strong></span> <span class='ocrx_word' id='word_1_603' title='bbox 1753 5572 1944 5611; x_wconf 87' lang='lat' dir='ltr'><strong>verum</strong></span> 
     </span>
    </p>
   </div>
   <div class='ocr_carea' id='block_1_87' title="bbox 380 5626 1946 5714">
    <p class='ocr_par' dir='ltr' id='par_1_87' title="bbox 380 5626 1946 5714">
     <span class='ocr_line' id='line_1_87' title="bbox 380 5626 1946 5714; baseline 0.017 -35"><span class='ocrx_word' id='word_1_604' title='bbox 380 5626 543 5682; x_wconf 89' lang='lat' dir='ltr'><strong>etiam</strong></span> <span class='ocrx_word' id='word_1_605' title='bbox 597 5631 956 5707; x_wconf 67' lang='lat' dir='ltr'><strong>prazfuerunt;</strong></span> <span class='ocrx_word' id='word_1_606' title='bbox 1030 5641 1284 5713; x_wconf 89' lang='lat' dir='ltr'><strong>quodque</strong></span> <span class='ocrx_word' id='word_1_607' title='bbox 1339 5645 1578 5714; x_wconf 87' lang='lat' dir='ltr'><strong>recipere</strong></span> <span class='ocrx_word' id='word_1_608' title='bbox 1626 5662 1690 5702; x_wconf 87' lang='lat' dir='ltr'><strong>ac</strong></span> <span class='ocrx_word' id='word_1_609' title='bbox 1733 5658 1946 5705; x_wconf 85' lang='lat' dir='ltr'><strong>sartum</strong></span> 
     </span>
    </p>
   </div>
   <div class='ocr_carea' id='block_1_88' title="bbox 381 5728 1948 5811">
    <p class='ocr_par' dir='ltr' id='par_1_88' title="bbox 381 5728 1948 5811">
     <span class='ocr_line' id='line_1_88' title="bbox 381 5728 1948 5811; baseline 0.015 -36"><span class='ocrx_word' id='word_1_610' title='bbox 381 5728 582 5777; x_wconf 87' lang='lat' dir='ltr'><strong>tectum</strong></span> <span class='ocrx_word' id='word_1_611' title='bbox 625 5728 765 5783; x_wconf 87' lang='lat' dir='ltr'><strong>tueri</strong></span> <span class='ocrx_word' id='word_1_612' title='bbox 806 5732 942 5789; x_wconf 84' lang='lat' dir='ltr'><strong>velle</strong></span> <span class='ocrx_word' id='word_1_613' title='bbox 984 5750 1105 5791; x_wconf 86' lang='lat' dir='ltr'><strong>sese</strong></span> <span class='ocrx_word' id='word_1_614' title='bbox 1135 5737 1475 5793; x_wconf 88' lang='lat' dir='ltr'><strong>orofitentur.</strong></span> <span class='ocrx_word' id='word_1_615' title='bbox 1507 5739 1647 5795; x_wconf 83' lang='lat' dir='ltr'><strong>Audi</strong></span> <span class='ocrx_word' id='word_1_616' title='bbox 1678 5741 1948 5811; x_wconf 85' lang='lat' dir='ltr'><strong>ipsosmet</strong></span> 
     </span>
    </p>
   </div>
   <div class='ocr_carea' id='block_1_89' title="bbox 2062 3264 3634 3351">
    <p class='ocr_par' dir='ltr' id='par_1_89' title="bbox 2062 3264 3634 3351">
     <span class='ocr_line' id='line_1_89' title="bbox 2062 3264 3634 3351; baseline 0.013 -35"><span class='ocrx_word' id='word_1_617' title='bbox 2062 3264 2289 3337; x_wconf 64' lang='lat' dir='ltr'><strong>Ancyrae</strong></span> <span class='ocrx_word' id='word_1_618' title='bbox 2328 3269 2489 3324; x_wconf 76' lang='lat' dir='ltr'><strong>vicini</strong></span> <span class='ocrx_word' id='word_1_619' title='bbox 2523 3285 2551 3324; x_wconf 89' lang='lat' dir='ltr'><strong>a</strong></span> <span class='ocrx_word' id='word_1_620' title='bbox 2593 3270 2796 3329; x_wconf 89' lang='lat' dir='ltr'><strong>Basilio</strong></span> <span class='ocrx_word' id='word_1_621' title='bbox 2842 3277 3127 3331; x_wconf 83' lang='lat' dir='ltr'><strong>convocati</strong></span> <span class='ocrx_word' id='word_1_622' title='bbox 3158 3288 3340 3334; x_wconf 91' lang='lat' dir='ltr'><strong>essent</strong></span> <span class='ocrx_word' id='word_1_623' title='bbox 3364 3281 3634 3351; x_wconf 84' lang='lat' dir='ltr'><strong>episcopi,</strong></span> 
     </span>
    </p>
   </div>
   <div class='ocr_carea' id='block_1_90' title="bbox 2062 3353 3637 3434">
    <p class='ocr_par' dir='ltr' id='par_1_90' title="bbox 2062 3353 3637 3434">
     <span class='ocr_line' id='line_1_90' title="bbox 2062 3353 3637 3434; baseline 0.011 -30"><span class='ocrx_word' id='word_1_624' title='bbox 2062 3353 2348 3420; x_wconf 87' lang='lat' dir='ltr'><strong>epistolam</strong></span> <span class='ocrx_word' id='word_1_625' title='bbox 2385 3357 2450 3411; x_wconf 89' lang='lat' dir='ltr'><strong>ad</strong></span> <span class='ocrx_word' id='word_1_626' title='bbox 2498 3373 2593 3412; x_wconf 87' lang='lat' dir='ltr'><strong>eos</strong></span> <span class='ocrx_word' id='word_1_627' title='bbox 2626 3362 2867 3431; x_wconf 87' lang='lat' dir='ltr'><strong>scripsit,</strong></span> <span class='ocrx_word' id='word_1_628' title='bbox 2902 3362 3259 3434; x_wconf 88' lang='lat' dir='ltr'><strong>hortatusque</strong></span> <span class='ocrx_word' id='word_1_629' title='bbox 3298 3374 3400 3431; x_wconf 90' lang='lat' dir='ltr'><strong>est,</strong></span> <span class='ocrx_word' id='word_1_630' title='bbox 3438 3376 3497 3420; x_wconf 90' lang='lat' dir='ltr'><strong>ut</strong></span> <span class='ocrx_word' id='word_1_631' title='bbox 3525 3366 3637 3421; x_wconf 77' lang='lat' dir='ltr'><strong>Eu-</strong></span> 
     </span>
    </p>
   </div>
   <div class='ocr_carea' id='block_1_91' title="bbox 2064 3444 3639 3524">
    <p class='ocr_par' dir='ltr' id='par_1_91' title="bbox 2064 3444 3639 3524">
     <span class='ocr_line' id='line_1_91' title="bbox 2064 3444 3639 3524; baseline 0.01 -27"><span class='ocrx_word' id='word_1_632' title='bbox 2064 3444 2212 3499; x_wconf 65' lang='lat' dir='ltr'><strong>doxii</strong></span> <span class='ocrx_word' id='word_1_633' title='bbox 2248 3455 2411 3517; x_wconf 91' lang='lat' dir='ltr'><strong>atque</strong></span> <span class='ocrx_word' id='word_1_634' title='bbox 2446 3448 2583 3504; x_wconf 89' lang='lat' dir='ltr'><strong>Aetii</strong></span> <span class='ocrx_word' id='word_1_635' title='bbox 2622 3461 2962 3521; x_wconf 87' lang='lat' dir='ltr'><strong>grassantem</strong></span> <span class='ocrx_word' id='word_1_636' title='bbox 3012 3453 3340 3524; x_wconf 81' lang='lat' dir='ltr'><strong>impietatem</strong></span> <span class='ocrx_word' id='word_1_637' title='bbox 3390 3461 3639 3514; x_wconf 83' lang='lat' dir='ltr'><strong>auctori-</strong></span> 
     </span>
    </p>
   </div>
   <div class='ocr_carea' id='block_1_92' title="bbox 2064 3540 3637 3616">
    <p class='ocr_par' dir='ltr' id='par_1_92' title="bbox 2064 3540 3637 3616">
     <span class='ocr_line' id='line_1_92' title="bbox 2064 3540 3637 3616; baseline 0.01 -24"><span class='ocrx_word' id='word_1_638' title='bbox 2064 3546 2175 3593; x_wconf 88' lang='lat' dir='ltr'><strong>tate</strong></span> <span class='ocrx_word' id='word_1_639' title='bbox 2204 3553 2302 3593; x_wconf 91' lang='lat' dir='ltr'><strong>sua</strong></span> <span class='ocrx_word' id='word_1_640' title='bbox 2333 3551 2760 3611; x_wconf 88' lang='lat' dir='ltr'><strong>compescerent.</strong></span> <span class='ocrx_word' id='word_1_641' title='bbox 2791 3540 2865 3597; x_wconf 89' lang='lat' dir='ltr'><strong>Ea</strong></span> <span class='ocrx_word' id='word_1_642' title='bbox 2897 3541 3003 3600; x_wconf 90' lang='lat' dir='ltr'><strong>fuit</strong></span> <span class='ocrx_word' id='word_1_643' title='bbox 3035 3544 3307 3616; x_wconf 81' lang='lat' dir='ltr'><strong>Ancyrani</strong></span> <span class='ocrx_word' id='word_1_644' title='bbox 3333 3560 3637 3607; x_wconf 82' lang='lat' dir='ltr'><strong>conventus</strong></span> 
     </span>
    </p>
   </div>
   <div class='ocr_carea' id='block_1_93' title="bbox 2061 3631 3638 3705">
    <p class='ocr_par' dir='ltr' id='par_1_93' title="bbox 2061 3631 3638 3705">
     <span class='ocr_line' id='line_1_93' title="bbox 2061 3631 3638 3705; baseline 0.007 -21"><span class='ocrx_word' id='word_1_645' title='bbox 2061 3631 2282 3685; x_wconf 87' lang='lat' dir='ltr'><strong>occasio</strong></span> <span class='ocrx_word' id='word_1_646' title='bbox 2315 3648 2329 3684; x_wconf 89' lang='lat'><strong>:</strong></span> <span class='ocrx_word' id='word_1_647' title='bbox 2367 3646 2395 3685; x_wconf 89' lang='lat' dir='ltr'><strong>a</strong></span> <span class='ocrx_word' id='word_1_648' title='bbox 2436 3646 2545 3701; x_wconf 92' lang='lat' dir='ltr'><strong>quo</strong></span> <span class='ocrx_word' id='word_1_649' title='bbox 2585 3632 2745 3702; x_wconf 82' lang='lat' dir='ltr'><strong>legati</strong></span> <span class='ocrx_word' id='word_1_650' title='bbox 2784 3633 2851 3689; x_wconf 90' lang='lat' dir='ltr'><strong>ad</strong></span> <span class='ocrx_word' id='word_1_651' title='bbox 2897 3634 3277 3705; x_wconf 89' lang='lat' dir='ltr'><strong>imperatorem</strong></span> <span class='ocrx_word' id='word_1_652' title='bbox 3319 3639 3493 3703; x_wconf 90' lang='lat' dir='ltr'><strong>missi,</strong></span> <span class='ocrx_word' id='word_1_653' title='bbox 3538 3641 3638 3695; x_wconf 54' lang='lat' dir='ltr'><strong>Ba.</strong></span> 
     </span>
    </p>
   </div>
   <div class='ocr_carea' id='block_1_94' title="bbox 2063 3721 3635 3805">
    <p class='ocr_par' dir='ltr' id='par_1_94' title="bbox 2063 3721 3635 3805">
     <span class='ocr_line' id='line_1_94' title="bbox 2063 3721 3635 3805; baseline 0.006 -27"><span class='ocrx_word' id='word_1_654' title='bbox 2063 3721 2220 3779; x_wconf 91' lang='lat' dir='ltr'><strong>silius</strong></span> <span class='ocrx_word' id='word_1_655' title='bbox 2266 3722 2402 3792; x_wconf 88' lang='lat' dir='ltr'><strong>ipse,</strong></span> <span class='ocrx_word' id='word_1_656' title='bbox 2448 3722 2767 3779; x_wconf 87' lang='lat' dir='ltr'><strong>Eustathius</strong></span> <span class='ocrx_word' id='word_1_657' title='bbox 2812 3723 3105 3791; x_wconf 75' lang='lat' dir='ltr'><strong>Sebastite,</strong></span> <span class='ocrx_word' id='word_1_658' title='bbox 3152 3727 3411 3785; x_wconf 86' lang='lat' dir='ltr'><strong>Leontius</strong></span> <span class='ocrx_word' id='word_1_659' title='bbox 3444 3732 3635 3805; x_wconf 75' lang='lat' dir='ltr'><strong>Cyzici</strong></span> 
     </span>
    </p>
   </div>
   <div class='ocr_carea' id='block_1_95' title="bbox 2062 3811 3635 3885">
    <p class='ocr_par' dir='ltr' id='par_1_95' title="bbox 2062 3811 3635 3885">
     <span class='ocr_line' id='line_1_95' title="bbox 2062 3811 3635 3885; baseline 0.008 -20"><span class='ocrx_word' id='word_1_660' title='bbox 2062 3811 2325 3881; x_wconf 89' lang='lat' dir='ltr'><strong>episcopi,</strong></span> <span class='ocrx_word' id='word_1_661' title='bbox 2345 3813 2437 3881; x_wconf 89' lang='lat' dir='ltr'><strong>qui</strong></span> <span class='ocrx_word' id='word_1_662' title='bbox 2460 3815 2778 3867; x_wconf 86' lang='lat' dir='ltr'><strong>nominatim</strong></span> <span class='ocrx_word' id='word_1_663' title='bbox 2800 3814 2901 3870; x_wconf 84' lang='lat' dir='ltr'><strong>hoc</strong></span> <span class='ocrx_word' id='word_1_664' title='bbox 2924 3826 3185 3885; x_wconf 87' lang='lat' dir='ltr'><strong>peterent.</strong></span> <span class='ocrx_word' id='word_1_665' title='bbox 3213 3827 3271 3871; x_wconf 92' lang='lat' dir='ltr'><strong>ut</strong></span> <span class='ocrx_word' id='word_1_666' title='bbox 3289 3817 3635 3877; x_wconf 86' lang='lat' dir='ltr'><strong>Sardiceosis</strong></span> 
     </span>
    </p>
   </div>
   <div class='ocr_carea' id='block_1_96' title="bbox 2064 3899 3631 3966">
    <p class='ocr_par' dir='ltr' id='par_1_96' title="bbox 2064 3899 3631 3966">
     <span class='ocr_line' id='line_1_96' title="bbox 2064 3899 3631 3966; baseline 0.007 -11"><span class='ocrx_word' id='word_1_667' title='bbox 2064 3916 2129 3955; x_wconf 92' lang='lat' dir='ltr'><strong>ac</strong></span> <span class='ocrx_word' id='word_1_668' title='bbox 2160 3899 2418 3956; x_wconf 91' lang='lat' dir='ltr'><strong>Sirmiani</strong></span> <span class='ocrx_word' id='word_1_669' title='bbox 2446 3904 2664 3958; x_wconf 91' lang='lat' dir='ltr'><strong>concilii</strong></span> <span class='ocrx_word' id='word_1_670' title='bbox 2693 3904 2906 3959; x_wconf 88' lang='lat' dir='ltr'><strong>decreta</strong></span> <span class='ocrx_word' id='word_1_671' title='bbox 2944 3916 3313 3963; x_wconf 86' lang='lat' dir='ltr'><strong>servarentur.</strong></span> <span class='ocrx_word' id='word_1_672' title='bbox 3343 3907 3461 3963; x_wconf 72' lang='lat' dir='ltr'><strong>1am</strong></span> <span class='ocrx_word' id='word_1_673' title='bbox 3496 3911 3631 3966; x_wconf 90' lang='lat' dir='ltr'><strong>illud</strong></span> 
     </span>
    </p>
   </div>
   <div class='ocr_carea' id='block_1_97' title="bbox 2060 3994 3626 4065">
    <p class='ocr_par' dir='ltr' id='par_1_97' title="bbox 2060 3994 3626 4065">
     <span class='ocr_line' id='line_1_97' title="bbox 2060 3994 3626 4065; baseline 0.006 -18"><span class='ocrx_word' id='word_1_674' title='bbox 2060 4006 2128 4047; x_wconf 83' lang='lat' dir='ltr'><strong>ex</strong></span> <span class='ocrx_word' id='word_1_675' title='bbox 2179 3994 2550 4063; x_wconf 90' lang='lat' dir='ltr'><strong>superioribus</strong></span> <span class='ocrx_word' id='word_1_676' title='bbox 2604 3994 2915 4059; x_wconf 71' lang='lat' dir='ltr'><strong>didii-imus,</strong></span> <span class='ocrx_word' id='word_1_677' title='bbox 2959 3995 3261 4052; x_wconf 88' lang='lat' dir='ltr'><strong>Eudoxium</strong></span> <span class='ocrx_word' id='word_1_678' title='bbox 3308 4014 3451 4053; x_wconf 87' lang='lat' dir='ltr'><strong>anno</strong></span> <span class='ocrx_word' id='word_1_679' title='bbox 3496 4001 3626 4065; x_wconf 70' lang='lat'><strong>356.</strong></span> 
     </span>
    </p>
   </div>
   <div class='ocr_carea' id='block_1_98' title="bbox 2062 4083 3631 4156">
    <p class='ocr_par' dir='ltr' id='par_1_98' title="bbox 2062 4083 3631 4156">
     <span class='ocr_line' id='line_1_98' title="bbox 2062 4083 3631 4156; baseline 0.006 -17"><span class='ocrx_word' id='word_1_680' title='bbox 2062 4099 2187 4140; x_wconf 86' lang='lat' dir='ltr'><strong>cum</strong></span> <span class='ocrx_word' id='word_1_681' title='bbox 2206 4083 2393 4139; x_wconf 67' lang='lat' dir='ltr'><strong>Romae</strong></span> <span class='ocrx_word' id='word_1_682' title='bbox 2414 4103 2519 4140; x_wconf 92' lang='lat' dir='ltr'><strong>una</strong></span> <span class='ocrx_word' id='word_1_683' title='bbox 2542 4102 2663 4141; x_wconf 88' lang='lat' dir='ltr'><strong>cum</strong></span> <span class='ocrx_word' id='word_1_684' title='bbox 2686 4087 3011 4156; x_wconf 88' lang='lat' dir='ltr'><strong>imperatore</strong></span> <span class='ocrx_word' id='word_1_685' title='bbox 3029 4100 3191 4154; x_wconf 82' lang='lat' dir='ltr'><strong>esset,</strong></span> <span class='ocrx_word' id='word_1_686' title='bbox 3213 4092 3393 4145; x_wconf 89' lang='lat' dir='ltr'><strong>audita</strong></span> <span class='ocrx_word' id='word_1_687' title='bbox 3416 4092 3631 4148; x_wconf 86' lang='lat' dir='ltr'><strong>Leontii</strong></span> 
     </span>
    </p>
   </div>
   <div class='ocr_carea' id='block_1_99' title="bbox 2060 4176 3632 4254">
    <p class='ocr_par' dir='ltr' id='par_1_99' title="bbox 2060 4176 3632 4254">
     <span class='ocr_line' id='line_1_99' title="bbox 2060 4176 3632 4254; baseline 0.008 -25"><span class='ocrx_word' id='word_1_688' title='bbox 2060 4184 2257 4240; x_wconf 90' lang='lat' dir='ltr'><strong>morte,</strong></span> <span class='ocrx_word' id='word_1_689' title='bbox 2319 4176 2665 4233; x_wconf 85' lang='lat' dir='ltr'><strong>Antiochiam</strong></span> <span class='ocrx_word' id='word_1_690' title='bbox 2722 4195 2775 4232; x_wconf 81' lang='lat' dir='ltr'><strong>IV</strong></span> <span class='ocrx_word' id='word_1_691' title='bbox 2820 4178 3048 4235; x_wconf 84' lang='lat' dir='ltr'><strong>Kalend.</strong></span> <span class='ocrx_word' id='word_1_692' title='bbox 3089 4180 3213 4235; x_wconf 85' lang='lat' dir='ltr'><strong>Jun.</strong></span> <span class='ocrx_word' id='word_1_693' title='bbox 3281 4198 3403 4238; x_wconf 90' lang='lat' dir='ltr'><strong>esse</strong></span> <span class='ocrx_word' id='word_1_694' title='bbox 3452 4186 3632 4254; x_wconf 84' lang='lat' dir='ltr'><strong>profe-</strong></span> 
     </span>
    </p>
   </div>
   <div class='ocr_carea' id='block_1_100' title="bbox 2060 4268 3629 4337">
    <p class='ocr_par' dir='ltr' id='par_1_100' title="bbox 2060 4268 3629 4337">
     <span class='ocr_line' id='line_1_100' title="bbox 2060 4268 3629 4337; baseline 0.006 -14"><span class='ocrx_word' id='word_1_695' title='bbox 2060 4278 2230 4324; x_wconf 90' lang='lat' dir='ltr'><strong>ctum.</strong></span> <span class='ocrx_word' id='word_1_696' title='bbox 2262 4268 2381 4337; x_wconf 91' lang='lat' dir='ltr'><strong>Qua</strong></span> <span class='ocrx_word' id='word_1_697' title='bbox 2421 4270 2476 4324; x_wconf 91' lang='lat' dir='ltr'><strong>in</strong></span> <span class='ocrx_word' id='word_1_698' title='bbox 2519 4271 2653 4326; x_wconf 87' lang='lat' dir='ltr'><strong>urbe</strong></span> <span class='ocrx_word' id='word_1_699' title='bbox 2678 4269 2893 4327; x_wconf 89' lang='lat' dir='ltr'><strong>Ursaeii</strong></span> <span class='ocrx_word' id='word_1_700' title='bbox 2937 4279 2991 4326; x_wconf 88' lang='lat' dir='ltr'><strong>et</strong></span> <span class='ocrx_word' id='word_1_701' title='bbox 3018 4272 3260 4329; x_wconf 78' lang='lat' dir='ltr'><strong>Valentis</strong></span> <span class='ocrx_word' id='word_1_702' title='bbox 3300 4275 3511 4331; x_wconf 90' lang='lat' dir='ltr'><strong>litteras</strong></span> <span class='ocrx_word' id='word_1_703' title='bbox 3532 4292 3629 4332; x_wconf 87' lang='lat' dir='ltr'><strong>ac-</strong></span> 
     </span>
    </p>
   </div>
   <div class='ocr_carea' id='block_1_101' title="bbox 2059 4359 3630 4436">
    <p class='ocr_par' dir='ltr' id='par_1_101' title="bbox 2059 4359 3630 4436">
     <span class='ocr_line' id='line_1_101' title="bbox 2059 4359 3630 4436; baseline 0.007 -26"><span class='ocrx_word' id='word_1_704' title='bbox 2059 4359 2202 4429; x_wconf 89' lang='lat' dir='ltr'><strong>cepit</strong></span> <span class='ocrx_word' id='word_1_705' title='bbox 2237 4374 2362 4414; x_wconf 85' lang='lat' dir='ltr'><strong>cum</strong></span> <span class='ocrx_word' id='word_1_706' title='bbox 2401 4359 2524 4417; x_wconf 88' lang='lat' dir='ltr'><strong>fidei</strong></span> <span class='ocrx_word' id='word_1_707' title='bbox 2560 4360 2813 4428; x_wconf 86' lang='lat' dir='ltr'><strong>formula,</strong></span> <span class='ocrx_word' id='word_1_708' title='bbox 2845 4377 2967 4431; x_wconf 64' lang='lat' dir='ltr'><strong>quae</strong></span> <span class='ocrx_word' id='word_1_709' title='bbox 2995 4363 3087 4416; x_wconf 77' lang='grc' dir='ltr'><strong>τοῦ</strong></span> <span class='ocrx_word' id='word_1_710' title='bbox 3126 4364 3410 4435; x_wconf 74' lang='grc' dir='ltr'><strong>ὀμοουσιου</strong></span> <span class='ocrx_word' id='word_1_711' title='bbox 3465 4378 3630 4436; x_wconf 83' lang='lat' dir='ltr'><strong>atque</strong></span> 
     </span>
    </p>
   </div>
   <div class='ocr_carea' id='block_1_102' title="bbox 2057 4449 3631 4524">
    <p class='ocr_par' dir='ltr' id='par_1_102' title="bbox 2057 4449 3631 4524">
     <span class='ocr_line' id='line_1_102' title="bbox 2057 4449 3631 4524; baseline 0.008 -23"><span class='ocrx_word' id='word_1_712' title='bbox 2057 4449 2365 4521; x_wconf 77' lang='grc' dir='ltr'><strong>ὁμοιουσίου</strong></span> <span class='ocrx_word' id='word_1_713' title='bbox 2400 4465 2561 4507; x_wconf 84' lang='lat' dir='ltr'><strong>voces</strong></span> <span class='ocrx_word' id='word_1_714' title='bbox 2587 4452 2888 4508; x_wconf 89' lang='lat' dir='ltr'><strong>oblitterari</strong></span> <span class='ocrx_word' id='word_1_715' title='bbox 2916 4453 3159 4524; x_wconf 75' lang='lat' dir='ltr'><strong>iubebat.</strong></span> <span class='ocrx_word' id='word_1_716' title='bbox 3191 4454 3285 4510; x_wconf 88' lang='lat' dir='ltr'><strong>Est</strong></span> <span class='ocrx_word' id='word_1_717' title='bbox 3320 4465 3525 4521; x_wconf 86' lang='lat' dir='ltr'><strong>autem,</strong></span> <span class='ocrx_word' id='word_1_718' title='bbox 3568 4468 3631 4513; x_wconf 81' lang='lat' dir='ltr'><strong>ut</strong></span> 
     </span>
    </p>
   </div>
   <div class='ocr_carea' id='block_1_103' title="bbox 2058 4539 3626 4619">
    <p class='ocr_par' dir='ltr' id='par_1_103' title="bbox 2058 4539 3626 4619">
     <span class='ocr_line' id='line_1_103' title="bbox 2058 4539 3626 4619; baseline 0.004 -23"><span class='ocrx_word' id='word_1_719' title='bbox 2058 4556 2126 4596; x_wconf 84' lang='lat' dir='ltr'><strong>ex</strong></span> <span class='ocrx_word' id='word_1_720' title='bbox 2152 4539 2357 4596; x_wconf 86' lang='lat' dir='ltr'><strong>Hilario</strong></span> <span class='ocrx_word' id='word_1_721' title='bbox 2387 4545 2834 4609; x_wconf 85' lang='lat' dir='ltr'><strong>monstravimus,</strong></span> <span class='ocrx_word' id='word_1_722' title='bbox 2854 4546 3043 4601; x_wconf 88' lang='lat' dir='ltr'><strong>eadem</strong></span> <span class='ocrx_word' id='word_1_723' title='bbox 3074 4546 3163 4601; x_wconf 89' lang='lat' dir='ltr'><strong>illa</strong></span> <span class='ocrx_word' id='word_1_724' title='bbox 3183 4546 3436 4612; x_wconf 81' lang='lat' dir='ltr'><strong>formula,</strong></span> <span class='ocrx_word' id='word_1_725' title='bbox 3462 4565 3626 4619; x_wconf 88' lang='lat' dir='ltr'><strong>quam</strong></span> 
     </span>
    </p>
   </div>
   <div class='ocr_carea' id='block_1_104' title="bbox 2060 4631 3629 4705">
    <p class='ocr_par' dir='ltr' id='par_1_104' title="bbox 2060 4631 3629 4705">
     <span class='ocr_line' id='line_1_104' title="bbox 2060 4631 3629 4705; baseline 0.004 -20"><span class='ocrx_word' id='word_1_726' title='bbox 2060 4631 2115 4685; x_wconf 89' lang='lat' dir='ltr'><strong>in</strong></span> <span class='ocrx_word' id='word_1_727' title='bbox 2161 4631 2443 4688; x_wconf 88' lang='lat' dir='ltr'><strong>Sirmieusi</strong></span> <span class='ocrx_word' id='word_1_728' title='bbox 2487 4636 2694 4705; x_wconf 84' lang='lat' dir='ltr'><strong>synodo</strong></span> <span class='ocrx_word' id='word_1_729' title='bbox 2736 4636 2979 4690; x_wconf 69' lang='lat' dir='ltr'><strong>secundo</strong></span> <span class='ocrx_word' id='word_1_730' title='bbox 3018 4637 3141 4692; x_wconf 91' lang='lat' dir='ltr'><strong>loco</strong></span> <span class='ocrx_word' id='word_1_731' title='bbox 3186 4637 3445 4693; x_wconf 87' lang='lat' dir='ltr'><strong>dictatam</strong></span> <span class='ocrx_word' id='word_1_732' title='bbox 3488 4641 3629 4693; x_wconf 82' lang='lat' dir='ltr'><strong>arbi-</strong></span> 
     </span>
    </p>
   </div>
   <div class='ocr_carea' id='block_1_105' title="bbox 2058 4726 3623 4799">
    <p class='ocr_par' dir='ltr' id='par_1_105' title="bbox 2058 4726 3623 4799">
     <span class='ocr_line' id='line_1_105' title="bbox 2058 4726 3623 4799; baseline 0.003 -22"><span class='ocrx_word' id='word_1_733' title='bbox 2058 4730 2274 4779; x_wconf 89' lang='lat' dir='ltr'><strong>trantur</strong></span> <span class='ocrx_word' id='word_1_734' title='bbox 2290 4741 2502 4782; x_wconf 90' lang='lat' dir='ltr'><strong>omnes.</strong></span> <span class='ocrx_word' id='word_1_735' title='bbox 2527 4726 2684 4793; x_wconf 90' lang='lat' dir='ltr'><strong>Quod</strong></span> <span class='ocrx_word' id='word_1_736' title='bbox 2716 4727 2759 4783; x_wconf 89' lang='lat' dir='ltr'><strong>si</strong></span> <span class='ocrx_word' id='word_1_737' title='bbox 2789 4742 2932 4782; x_wconf 86' lang='lat' dir='ltr'><strong>anno</strong></span> <span class='ocrx_word' id='word_1_738' title='bbox 2960 4730 3231 4799; x_wconf 88' lang='lat' dir='ltr'><strong>sequenti,</strong></span> <span class='ocrx_word' id='word_1_739' title='bbox 3252 4730 3355 4784; x_wconf 90' lang='lat' dir='ltr'><strong>hoc</strong></span> <span class='ocrx_word' id='word_1_740' title='bbox 3386 4740 3472 4785; x_wconf 89' lang='lat' dir='ltr'><strong>est</strong></span> <span class='ocrx_word' id='word_1_741' title='bbox 3500 4730 3623 4794; x_wconf 79' lang='lat'><strong>557,</strong></span> 
     </span>
    </p>
   </div>
   <div class='ocr_carea' id='block_1_106' title="bbox 2060 4816 3628 4887">
    <p class='ocr_par' dir='ltr' id='par_1_106' title="bbox 2060 4816 3628 4887">
     <span class='ocr_line' id='line_1_106' title="bbox 2060 4816 3628 4887; baseline 0.004 -16"><span class='ocrx_word' id='word_1_742' title='bbox 2060 4816 2360 4873; x_wconf 87' lang='lat' dir='ltr'><strong>Sirmiense</strong></span> <span class='ocrx_word' id='word_1_743' title='bbox 2388 4821 2679 4874; x_wconf 90' lang='lat' dir='ltr'><strong>concilium</strong></span> <span class='ocrx_word' id='word_1_744' title='bbox 2724 4820 2966 4875; x_wconf 88' lang='lat' dir='ltr'><strong>habitum</strong></span> <span class='ocrx_word' id='word_1_745' title='bbox 2997 4830 3100 4887; x_wconf 82' lang='lat' dir='ltr'><strong>est,</strong></span> <span class='ocrx_word' id='word_1_746' title='bbox 3133 4831 3193 4876; x_wconf 90' lang='lat' dir='ltr'><strong>ut</strong></span> <span class='ocrx_word' id='word_1_747' title='bbox 3225 4821 3415 4876; x_wconf 87' lang='lat' dir='ltr'><strong>iisdem</strong></span> <span class='ocrx_word' id='word_1_748' title='bbox 3445 4832 3628 4878; x_wconf 85' lang='lat' dir='ltr'><strong>aucto-</strong></span> 
     </span>
    </p>
   </div>
   <div class='ocr_carea' id='block_1_107' title="bbox 2056 4908 3621 4981">
    <p class='ocr_par' dir='ltr' id='par_1_107' title="bbox 2056 4908 3621 4981">
     <span class='ocr_line' id='line_1_107' title="bbox 2056 4908 3621 4981; baseline 0.004 -18"><span class='ocrx_word' id='word_1_749' title='bbox 2056 4908 2211 4965; x_wconf 90' lang='lat' dir='ltr'><strong>ribus</strong></span> <span class='ocrx_word' id='word_1_750' title='bbox 2234 4910 2432 4980; x_wconf 90' lang='lat' dir='ltr'><strong>placet,</strong></span> <span class='ocrx_word' id='word_1_751' title='bbox 2465 4926 2643 4981; x_wconf 89' lang='lat' dir='ltr'><strong>neque</strong></span> <span class='ocrx_word' id='word_1_752' title='bbox 2676 4912 2977 4978; x_wconf 88' lang='lat' dir='ltr'><strong>Eudoxius,</strong></span> <span class='ocrx_word' id='word_1_753' title='bbox 3007 4914 3238 4969; x_wconf 88' lang='lat' dir='ltr'><strong>Aeacius</strong></span> <span class='ocrx_word' id='word_1_754' title='bbox 3266 4924 3319 4967; x_wconf 90' lang='lat' dir='ltr'><strong>et</strong></span> <span class='ocrx_word' id='word_1_755' title='bbox 3363 4912 3621 4979; x_wconf 83' lang='lat' dir='ltr'><strong>Uranius,</strong></span> 
     </span>
    </p>
   </div>
   <div class='ocr_carea' id='block_1_108' title="bbox 2056 4999 3626 5074">
    <p class='ocr_par' dir='ltr' id='par_1_108' title="bbox 2056 4999 3626 5074">
     <span class='ocr_line' id='line_1_108' title="bbox 2056 4999 3626 5074; baseline 0.004 -21"><span class='ocrx_word' id='word_1_756' title='bbox 2056 5014 2234 5069; x_wconf 90' lang='lat' dir='ltr'><strong>neque</strong></span> <span class='ocrx_word' id='word_1_757' title='bbox 2265 4999 2499 5057; x_wconf 88' lang='lat' dir='ltr'><strong>Basilius</strong></span> <span class='ocrx_word' id='word_1_758' title='bbox 2538 5003 2655 5071; x_wconf 90' lang='lat' dir='ltr'><strong>ipse</strong></span> <span class='ocrx_word' id='word_1_759' title='bbox 2701 5017 2765 5057; x_wconf 90' lang='lat' dir='ltr'><strong>ac</strong></span> <span class='ocrx_word' id='word_1_760' title='bbox 2812 5002 3078 5074; x_wconf 86' lang='lat' dir='ltr'><strong>Georgius</strong></span> <span class='ocrx_word' id='word_1_761' title='bbox 3124 5004 3463 5059; x_wconf 76' lang='lat' dir='ltr'><strong>Lao-licenus</strong></span> <span class='ocrx_word' id='word_1_762' title='bbox 3518 5004 3626 5059; x_wconf 86' lang='lat' dir='ltr'><strong>Sir-</strong></span> 
     </span>
    </p>
   </div>
   <div class='ocr_carea' id='block_1_109' title="bbox 2058 5090 3619 5158">
    <p class='ocr_par' dir='ltr' id='par_1_109' title="bbox 2058 5090 3619 5158">
     <span class='ocr_line' id='line_1_109' title="bbox 2058 5090 3619 5158; baseline 0.004 -15"><span class='ocrx_word' id='word_1_763' title='bbox 2058 5090 2251 5144; x_wconf 91' lang='lat' dir='ltr'><strong>miensi</strong></span> <span class='ocrx_word' id='word_1_764' title='bbox 2279 5091 2488 5158; x_wconf 81' lang='lat' dir='ltr'><strong>synodo</strong></span> <span class='ocrx_word' id='word_1_765' title='bbox 2518 5107 2582 5147; x_wconf 90' lang='lat' dir='ltr'><strong>ac</strong></span> <span class='ocrx_word' id='word_1_766' title='bbox 2604 5092 2821 5148; x_wconf 88' lang='lat' dir='ltr'><strong>Photini</strong></span> <span class='ocrx_word' id='word_1_767' title='bbox 2850 5094 3184 5149; x_wconf 87' lang='lat' dir='ltr'><strong>damnationi</strong></span> <span class='ocrx_word' id='word_1_768' title='bbox 3238 5095 3619 5151; x_wconf 81' lang='lat' dir='ltr'><strong>interfuerunt.</strong></span> 
     </span>
    </p>
   </div>
   <div class='ocr_carea' id='block_1_110' title="bbox 2056 5181 3621 5259">
    <p class='ocr_par' dir='ltr' id='par_1_110' title="bbox 2056 5181 3621 5259">
     <span class='ocr_line' id='line_1_110' title="bbox 2056 5181 3621 5259; baseline 0.004 -24"><span class='ocrx_word' id='word_1_769' title='bbox 2056 5181 2211 5249; x_wconf 90' lang='lat' dir='ltr'><strong>Quod</strong></span> <span class='ocrx_word' id='word_1_770' title='bbox 2242 5182 2308 5238; x_wconf 91' lang='lat' dir='ltr'><strong>de</strong></span> <span class='ocrx_word' id='word_1_771' title='bbox 2338 5182 2539 5240; x_wconf 86' lang='lat' dir='ltr'><strong>Basilio</strong></span> <span class='ocrx_word' id='word_1_772' title='bbox 2573 5200 2706 5241; x_wconf 89' lang='lat' dir='ltr'><strong>sane</strong></span> <span class='ocrx_word' id='word_1_773' title='bbox 2740 5186 3095 5242; x_wconf 84' lang='lat' dir='ltr'><strong>falsissimum</strong></span> <span class='ocrx_word' id='word_1_774' title='bbox 3130 5196 3234 5251; x_wconf 87' lang='lat' dir='ltr'><strong>est,</strong></span> <span class='ocrx_word' id='word_1_775' title='bbox 3280 5188 3371 5258; x_wconf 90' lang='lat' dir='ltr'><strong>qui</strong></span> <span class='ocrx_word' id='word_1_776' title='bbox 3427 5203 3621 5259; x_wconf 81' lang='lat' dir='ltr'><strong>magna</strong></span> 
     </span>
    </p>
   </div>
   <div class='ocr_carea' id='block_1_111' title="bbox 2055 5274 3621 5351">
    <p class='ocr_par' dir='ltr' id='par_1_111' title="bbox 2055 5274 3621 5351">
     <span class='ocr_line' id='line_1_111' title="bbox 2055 5274 3621 5351; baseline 0.004 -23"><span class='ocrx_word' id='word_1_777' title='bbox 2055 5289 2183 5344; x_wconf 91' lang='lat' dir='ltr'><strong>pars</strong></span> <span class='ocrx_word' id='word_1_778' title='bbox 2215 5274 2531 5332; x_wconf 87' lang='lat' dir='ltr'><strong>Sirmiensis</strong></span> <span class='ocrx_word' id='word_1_779' title='bbox 2579 5278 2798 5333; x_wconf 86' lang='lat' dir='ltr'><strong>concilii</strong></span> <span class='ocrx_word' id='word_1_780' title='bbox 2844 5278 2947 5333; x_wconf 83' lang='lat' dir='ltr'><strong>fuit</strong></span> <span class='ocrx_word' id='word_1_781' title='bbox 2981 5302 2991 5335; x_wconf 92' lang='lat'>:</span> <span class='ocrx_word' id='word_1_782' title='bbox 3027 5289 3217 5350; x_wconf 89' lang='lat' dir='ltr'><strong>utputa</strong></span> <span class='ocrx_word' id='word_1_783' title='bbox 3254 5281 3413 5350; x_wconf 87' lang='lat' dir='ltr'><strong>cujus</strong></span> <span class='ocrx_word' id='word_1_784' title='bbox 3462 5297 3621 5351; x_wconf 62' lang='lat' dir='ltr'><strong>opera</strong></span> 
     </span>
    </p>
   </div>
   <div class='ocr_carea' id='block_1_112' title="bbox 2053 5364 3621 5439">
    <p class='ocr_par' dir='ltr' id='par_1_112' title="bbox 2053 5364 3621 5439">
     <span class='ocr_line' id='line_1_112' title="bbox 2053 5364 3621 5439; baseline 0.005 -20"><span class='ocrx_word' id='word_1_785' title='bbox 2053 5364 2333 5421; x_wconf 88' lang='lat' dir='ltr'><strong>convictus</strong></span> <span class='ocrx_word' id='word_1_786' title='bbox 2362 5376 2446 5422; x_wconf 89' lang='lat' dir='ltr'><strong>est</strong></span> <span class='ocrx_word' id='word_1_787' title='bbox 2497 5384 2561 5424; x_wconf 92' lang='lat' dir='ltr'><strong>ac</strong></span> <span class='ocrx_word' id='word_1_788' title='bbox 2588 5380 2879 5439; x_wconf 83' lang='lat' dir='ltr'><strong>sup-ratus</strong></span> <span class='ocrx_word' id='word_1_789' title='bbox 2906 5368 3190 5426; x_wconf 84' lang='lat' dir='ltr'><strong>Photinus.</strong></span> <span class='ocrx_word' id='word_1_790' title='bbox 3219 5370 3361 5437; x_wconf 88' lang='lat' dir='ltr'><strong>Quin</strong></span> <span class='ocrx_word' id='word_1_791' title='bbox 3392 5383 3453 5426; x_wconf 92' lang='lat' dir='ltr'><strong>ut</strong></span> <span class='ocrx_word' id='word_1_792' title='bbox 3475 5373 3621 5427; x_wconf 90' lang='lat' dir='ltr'><strong>omni</strong></span> 
     </span>
    </p>
   </div>
   <div class='ocr_carea' id='block_1_113' title="bbox 2052 5460 3621 5537">
    <p class='ocr_par' dir='ltr' id='par_1_113' title="bbox 2052 5460 3621 5537">
     <span class='ocr_line' id='line_1_113' title="bbox 2052 5460 3621 5537; baseline 0.006 -26"><span class='ocrx_word' id='word_1_793' title='bbox 2052 5472 2119 5513; x_wconf 88' lang='lat' dir='ltr'><strong>ex</strong></span> <span class='ocrx_word' id='word_1_794' title='bbox 2143 5467 2291 5527; x_wconf 89' lang='lat' dir='ltr'><strong>parte</strong></span> <span class='ocrx_word' id='word_1_795' title='bbox 2313 5460 2511 5516; x_wconf 81' lang='lat' dir='ltr'><strong>veritas</strong></span> <span class='ocrx_word' id='word_1_796' title='bbox 2534 5461 2829 5531; x_wconf 89' lang='lat' dir='ltr'><strong>elucescat,</strong></span> <span class='ocrx_word' id='word_1_797' title='bbox 2853 5464 3082 5519; x_wconf 90' lang='lat' dir='ltr'><strong>alterum</strong></span> <span class='ocrx_word' id='word_1_798' title='bbox 3107 5464 3309 5535; x_wconf 87' lang='lat' dir='ltr'><strong>accipe.</strong></span> <span class='ocrx_word' id='word_1_799' title='bbox 3338 5465 3621 5537; x_wconf 83' lang='lat' dir='ltr'><strong>Ancyrana</strong></span> 
     </span>
    </p>
   </div>
   <div class='ocr_carea' id='block_1_114' title="bbox 2053 5550 3620 5628">
    <p class='ocr_par' dir='ltr' id='par_1_114' title="bbox 2053 5550 3620 5628">
     <span class='ocr_line' id='line_1_114' title="bbox 2053 5550 3620 5628; baseline 0.004 -24"><span class='ocrx_word' id='word_1_800' title='bbox 2053 5550 2319 5620; x_wconf 79' lang='lat' dir='ltr'><strong>synodus,</strong></span> <span class='ocrx_word' id='word_1_801' title='bbox 2369 5554 2827 5622; x_wconf 89' lang='lat' dir='ltr'><strong>quemadmodum</strong></span> <span class='ocrx_word' id='word_1_802' title='bbox 2886 5556 3148 5628; x_wconf 88' lang='lat' dir='ltr'><strong>synodica</strong></span> <span class='ocrx_word' id='word_1_803' title='bbox 3204 5556 3350 5612; x_wconf 88' lang='lat' dir='ltr'><strong>illius</strong></span> <span class='ocrx_word' id='word_1_804' title='bbox 3393 5558 3620 5626; x_wconf 81' lang='lat' dir='ltr'><strong>epistola</strong></span> 
     </span>
    </p>
   </div>
   <div class='ocr_carea' id='block_1_115' title="bbox 2052 5642 3623 5719">
    <p class='ocr_par' dir='ltr' id='par_1_115' title="bbox 2052 5642 3623 5719">
     <span class='ocr_line' id='line_1_115' title="bbox 2052 5642 3623 5719; baseline 0.01 -24"><span class='ocrx_word' id='word_1_805' title='bbox 2052 5642 2231 5703; x_wconf 89' lang='lat' dir='ltr'><strong>docet,</strong></span> <span class='ocrx_word' id='word_1_806' title='bbox 2261 5652 2386 5698; x_wconf 89' lang='lat' dir='ltr'><strong>ante</strong></span> <span class='ocrx_word' id='word_1_807' title='bbox 2414 5643 2622 5701; x_wconf 89' lang='lat' dir='ltr'><strong>Pascha</strong></span> <span class='ocrx_word' id='word_1_808' title='bbox 2646 5646 2918 5703; x_wconf 88' lang='lat' dir='ltr'><strong>celebrata</strong></span> <span class='ocrx_word' id='word_1_809' title='bbox 2954 5657 3059 5713; x_wconf 91' lang='lat' dir='ltr'><strong>est,</strong></span> <span class='ocrx_word' id='word_1_810' title='bbox 3089 5648 3191 5717; x_wconf 82' lang='grc' dir='ltr'><strong>τῆς</strong></span> <span class='ocrx_word' id='word_1_811' title='bbox 3220 5647 3379 5716; x_wconf 81' lang='grc' dir='ltr'>ἁγίας</span> <span class='ocrx_word' id='word_1_812' title='bbox 3413 5649 3623 5719; x_wconf 74' lang='grc' dir='ltr'><strong>ἡμέρας</strong></span> 
     </span>
    </p>
   </div>
   <div class='ocr_carea' id='block_1_116' title="bbox 2050 5733 3623 5814">
    <p class='ocr_par' dir='ltr' id='par_1_116' title="bbox 2050 5733 3623 5814">
     <span class='ocr_line' id='line_1_116' title="bbox 2050 5733 3623 5814; baseline 0.006 -28"><span class='ocrx_word' id='word_1_813' title='bbox 2050 5733 2145 5787; x_wconf 78' lang='grc' dir='ltr'><strong>τοῦ</strong></span> <span class='ocrx_word' id='word_1_814' title='bbox 2189 5734 2380 5806; x_wconf 82' lang='grc' dir='ltr'><strong>Πάσχα</strong></span> <span class='ocrx_word' id='word_1_815' title='bbox 2421 5738 2795 5811; x_wconf 62' lang='grc' dir='ltr'><strong>ἐπικειμένης</strong></span> <span class='ocrx_word' id='word_1_816' title='bbox 2842 5741 2908 5796; x_wconf 89' lang='lat' dir='ltr'><strong>ad</strong></span> <span class='ocrx_word' id='word_1_817' title='bbox 2950 5756 3114 5812; x_wconf 90' lang='lat' dir='ltr'><strong>quam</strong></span> <span class='ocrx_word' id='word_1_818' title='bbox 3160 5747 3448 5811; x_wconf 88' lang='lat' dir='ltr'><strong>propterea</strong></span> <span class='ocrx_word' id='word_1_819' title='bbox 3514 5742 3623 5814; x_wconf 84' lang='lat' dir='ltr'><strong>epi-</strong></span> 
     </span>
    </p>
   </div>
  </div>
