3874 6352
239 341 389 399 mes
1066 331 1153 386 ns
1188 328 1534 388 smnrsnsn
1568 325 1656 383 ET
1694 322 2071 382 ANCYRANA
2110 318 2676 380 pssunosrnono.
3212 297 3216 301 ⁴
3364 317 3500 374 loco

238 456 403 525 scopi
439 449 711 523 plerique,
746 446 841 518 qui
887 443 1170 501 convocati
1226 442 1466 508 fuerant,
1513 441 1707 497 adesse
1754 439 1825 494 ob
1852 445 1900 503 Α
1928 436 2126 492 tholica
2170 434 2274 490 fide
2299 442 2680 489 consentaneae
2712 440 2861 496 sunt,
2895 430 3157 525 exponit;
3188 431 3389 502 quibus
3424 435 3498 491 ita

242 522 455 603 hiet—nis
474 541 876 599 inclementiam
906 539 1129 592 minime
1149 545 1462 606 potuerunt.
1492 534 1631 601 Quid
1661 533 1825 603 igitur
1935 528 2191 599 praefatur
2219 544 2233 581 :
2284 525 2509 595 Dignum
2545 535 2721 578 autem
2750 533 2822 578 est
2875 522 3192 576 conscientia
3234 528 3499 578 communi

244 639 383 709 tingi
420 642 602 707 potest
640 630 953 696 absurdius,
986 644 1151 699 quam
1192 630 1430 699 quodex
1460 626 1676 679 illorum
1705 638 1829 678 nar-
1928 617 2089 673 etiam
2137 626 2354 672 crateras
2401 614 2701 669 earumdem
2747 616 3107 684 episcoporum
3145 614 3502 671 Orientalium

248 708 472 780 ratione
507 721 777 792 sequitur,
832 718 1181 789 Ancyranam
1231 716 1501 787 synodum
1544 726 1668 769 ante
1711 711 1830 767 Sir-
1932 710 2149 764 diversis
2181 718 2229 763 et
2279 709 2407 763 locis
2458 718 2507 762 et
2550 708 2864 777 temporibus
2897 709 3216 779 conscriptas
3233 709 3506 769 Fidesno-

246 818 523 871 miensem
574 827 696 868 esse
747 808 1121 867 celebratam?
1175 807 1386 862 Etenim
1440 806 1487 861 si
1532 819 1677 860 anno
1728 803 1833 859 556
1935 819 2096 865 scere,
2125 811 2184 856 ut
2221 819 2312 872 per
2338 806 2513 871 plures
2540 799 2889 870 confessiones
2925 801 3202 856 sinceritas
3236 805 3505 858 conscien-

245 906 540 961 Eudoxius
579 901 976 956 Antiochenam
1018 897 1200 952 sedem
1238 904 1432 951 nactus
1460 903 1565 959 est,
1592 894 1834 965 Ancyra-
1940 896 2030 949 tia:
2056 895 2222 963 possit
2246 892 2494 963 intelligi.
2523 891 2717 947 Subdit
2738 901 2922 961 postea
2952 889 3293 948 Sardicensis
3315 893 3507 949 Orien-

248 1014 390 1053 num
417 1010 548 1051 vero
580 992 873 1059 concilium
898 1004 1045 1044 anno
1070 987 1349 1058 sequenti;
1382 995 1443 1041 ut
1469 986 1660 1041 eodem
1684 998 1831 1037 anno
1947 986 2139 1041 talium
2176 983 2373 1056 synodi
2423 983 2735 1039 formulam.
2779 984 2917 1038 Tum
2952 984 3028 1038 ita
3059 984 3267 1055 pergit:
3308 983 3504 1041 Come-

253 1088 566 1143 Sirmiense
605 1083 899 1139 concilium
929 1081 1191 1135 indictum
1222 1077 1406 1145 fuerit,
1457 1076 1679 1132 nonnisi
1712 1083 1836 1146 post
1933 1092 2093 1147 quens
2132 1086 2304 1129 autem
2334 1083 2445 1141 est,
2494 1085 2551 1128 ut
2589 1090 2706 1128 eam
2751 1090 2889 1129 nunc
2934 1075 3091 1143 fidem
3139 1083 3505 1141 retractemus,

254 1180 520 1244 hiemem,
559 1184 613 1231 et
645 1173 880 1239 Pascha,
904 1172 1149 1242 adeoque
1177 1178 1299 1240 post
1326 1167 1675 1238 Ancyranum
1701 1165 1836 1221 cele-
1934 1182 2051 1238 qua:
2078 1181 2180 1221 non
2210 1165 2333 1219 olim
2361 1174 2506 1231 tunc,
2526 1182 2643 1219 cum
2670 1164 2930 1220 Photinus
2953 1167 3258 1236 episcopatu
3279 1167 3507 1238 dejectus

256 1270 410 1327 brari
437 1269 631 1340 potuit.
666 1266 827 1335 Atqui
853 1263 965 1335 jam
996 1271 1277 1332 peractum
1306 1274 1430 1317 esse
1468 1257 1709 1329 oportuit
1733 1257 1843 1314 :si-
1935 1268 2036 1323 est,
2070 1259 2367 1327 conscripta
2397 1268 2497 1312 est.
2536 1257 2660 1313 Mox
2701 1255 3018 1313 Sirmiensis
3051 1257 3267 1313 conc'.lii
3301 1257 3512 1328 profes-

250 1365 483 1436 quidem
519 1360 664 1416 edita
709 1359 776 1412 ab
807 1356 940 1413 Osio
980 1354 1298 1410 Sirmiensis
1342 1350 1562 1407 concilii
1601 1348 1837 1404 formula
1937 1349 2149 1405 sionem
2183 1349 2464 1405 describit.
2502 1346 2672 1404 Satin‘
2718 1359 2905 1419 aperte
2941 1349 3190 1405 Latinam
3238 1351 3385 1405 illam
3422 1366 3515 1421 pl).

251 1458 372 1529 jam
411 1462 694 1511 emanarat
736 1452 788 1504 in
826 1448 1121 1519 publicum.
1168 1444 1349 1512 Quare
1382 1453 1435 1498 et
1469 1442 1692 1497 absente
1729 1437 1781 1491 B:

1984 1444 2342 1514 Lerioremque
2391 1443 2679 1498 formulam
2722 1443 2792 1498 ab
2845 1441 2996 1509 Osio,
3040 1450 3101 1499 ut
3140 1444 3365 1507 scribit,
3399 1444 3514 1499 edi-

258 1549 412 1614 silio,
437 1562 501 1602 ac
524 1544 751 1615 reliquis
783 1540 1074 1612 episcopis,
1116 1537 1408 1593 damnatus
1444 1533 1731 1599 Photinus,
1774 1545 1837 1584 ac
1940 1542 2073 1600 tam,
2118 1550 2148 1588 a
2190 1533 2481 1590 Sirmiensi
2551 1535 2786 1589 concilio
2835 1542 3084 1603 separat,
3118 1535 3263 1606 quod
3311 1536 3514 1590 diverso

261 1640 567 1697 Sirmiense
591 1634 884 1692 concilium
910 1631 1219 1687 absolutum
1243 1637 1357 1694 est;
1381 1636 1436 1682 et
1460 1633 1679 1696 propter
1705 1622 1791 1677 alit

1986 1643 2171 1696 :mpore
2194 1626 2528 1682 celebratum
2559 1625 2831 1681 allirmat?
2860 1626 2966 1681 Sed
2998 1634 3053 1681 et
3082 1641 3207 1681 cum
3245 1625 3318 1681 ita
3345 1626 3516 1698 loqui-

259 1748 465 1793 causas
496 1731 743 1787 nondum
773 1726 1017 1783 inchoari
1053 1723 1228 1795 potuit
1262 1741 1275 1777 :
1305 1722 1565 1792 quoniam
1597 1719 1839 1789 Ancyra-
1940 1728 2058 1783 tur,
2100 1716 2245 1772 Tunc
2297 1735 2412 1772 cum
2450 1717 2707 1772 Photinus
2762 1718 3067 1788 episcopatu
3113 1718 3343 1789 dejectus
3391 1728 3513 1783 est;

263 1840 395 1880 num
421 1818 711 1877 Sirmiensi
740 1817 899 1871 debet
925 1829 1046 1870 esse
1083 1810 1373 1882 posterius.

1987 1826 2181 1880 emqne
2219 1824 2345 1864 cum
2387 1808 2783 1879 expositionem
2826 1809 2950 1864 fidei
2991 1818 3181 1865 contra
3224 1810 3514 1865 Pbotinum

335 1916 579 1985 Apparet
607 1917 789 1964 autem
820 1915 957 1968 tum,
1001 1917 1126 1959 cum
1162 1898 1482 1954 Sirmiensis
1517 1895 1610 1950 illa
1656 1903 1841 1964 poste-

1982 1901 2203 1969 :riptam
2240 1898 2542 1969 explicans,
2582 1898 2666 1954 bis
2701 1900 2880 1955 verbis
2911 1900 3165 1955 orditur:
3208 1899 3512 1956 Necessitas

264 2007 386 2062 ri0l'
413 2012 499 2059 est
527 2001 731 2056 emissa
759 1995 993 2052 ἵοτῐηυιό
1014 2034 1029 2059 ,
1065 2006 1241 2062 neque
1275 1987 1577 2043 EUdOXium
1600 2025 1615 2051 ν
1666 1998 1842 2055 neque
1941 2002 1989 2047 et
2025 2002 2222 2062 tempus
2277 1991 2553 2045 admonuit
2585 2006 2706 2055 eos,
2762 1991 2851 2061 qui
2884 2000 2991 2045 tum
3037 2004 3381 2048 convenerant
3424 2010 3557 2064 per.

265 2096 535 2153 335mm“
566 2100 663 2147 3‘"-
690 2087 983 2158 θεοτῖἔῖυηῖ
1024 2083 1195 2139 ίυίεεθ
1226 2080 1458 2167 Simili:
1496 2075 1844 2149 (ιιιαηίιοειιιί-
1946 2083 2269 2153 multiplices
2318 2085 2629 2153 qutestiones
2683 2081 2842 2137 latius
2899 2100 2961 2138 ac
3017 2085 3264 2154 cli/fusius
3308 2090 3520 2153 exposi-

266 2193 399 2247 dem
438 2184 726 2242 Ευάοκίυε
769 2189 823 2237 ει
856 2178 947 2234 ³¹ίί
984 2178 1055 2232 οι)
1090 2184 1369 2244 acceptam
1404 2171 1576 2235 illam.
1615 2168 1846 2224 Sirmio-
1948 2177 2136 2231 tionem
2172 2175 2298 2245 ﬁdei
2323 2173 2592 2238 ordinare,
2618 2183 2756 2237 etc.,
2790 2189 2901 2230 non
2929 2177 3161 2233 obscure
3196 2178 3343 2235 aliud
3370 2180 3520 2237 illius

267 2297 379 2355 (Ille
423 2279 649 2335 missam
676 2314 693 2340 9
737 2282 790 2330 ει
825 2289 855 2326 ει
904 2269 1036 2326 εοιίε
1084 2268 1339 2322 Videlicet
1381 2260 1843 2323 OCCidenlalibUS.
1948 2274 2161 2334 tempus
2200 2277 2323 2318 esse
2361 2262 2652 2333 signiﬁcat.
2701 2262 2818 2319 Hoc
2853 2264 2996 2319 enim
3034 2274 3242 2323 attente
3273 2271 3521 2325 conside-

268 2352 508 2440 ideoque
564 2365 759 2421 Latine
809 2369 1163 2430 conceptam,
1223 2356 1425 2428 gratias
1480 2361 1709 2425 egerunt
1752 2366 1798 2420 pi

1990 2356 2057 2409 ari
2089 2355 2341 2409 volumus
2360 2393 2374 2417 ,
2394 2352 2539 2424 quod
2566 2368 2689 2410 cum
2713 2353 2967 2426 deinceps
2985 2366 3200 2412 ceteras
3221 2362 3520 2416 eorumdem

269 2464 484 2519 litteras
515 2478 529 2513 :
566 2458 869 2529 Πρόφασιν,
906 2452 1112 2521 inquit,
1163 2447 1518 2518 ποιούμενος,
1553 2446 1630 2509 ὡς
1666 2443 1762 2497 καὶ

1992 2446 2304 2501 trientalium
2324 2449 2685 2517 episcoporum
2721 2448 2941 2504 diversis
2992 2459 3043 2505 et
3092 2451 3221 2507 locis
3253 2462 3302 2508 et
3327 2463 3522 2525 tempo-

268 2556 378 2610 ἀνὰ
407 2553 570 2607 Δύσιν
599 2551 886 2604 ἐπίσκοποι
914 2545 1086 2599 ταῦτα
1123 2543 1474 2614 ἐψηφίσαντο.
1519 2542 1630 2594 Hoc
1676 2539 1793 2607 ipsu

1993 2538 2095 2593 ibus
2133 2540 2462 2608 conscriptas
2498 2535 2656 2590 Fides
2676 2540 3049 2609 expositurum
3076 2552 3136 2598 se
3168 2558 3288 2599 esse
3319 2545 3523 2601 denun-

269 2650 344 2704 ad
365 2645 650 2717 impietatis
673 2659 784 2698 sua:
805 2641 1157 2712 patrocinium
1177 2636 1433 2706 allegans,
1457 2632 1594 2704 quod
1613 2630 1847 2685 eamdem
1952 2632 2160 2696 tiasset,
2200 2630 2407 2684 nullam
2454 2636 2648 2699 prmte‘r
2682 2627 3058 2688 Sardicensem
3089 2641 3144 2689 et
3170 2634 3525 2692 Sirmiensem

271 2741 436 2809 ﬁdem
460 2724 831 2792 Occidentales
856 2730 1104 2803 professsi
1133 2729 1372 2798 fuissent.
1404 2725 1527 2780 Mox
1555 2742 1567 2778 :
1601 2723 1850 2774 Ἐπιστο-
1951 2733 2139 2779 contra
2161 2721 2457 2778 Pbotinum
2483 2722 2681 2778 editam
2707 2723 3019 2793 subjecerit.
3041 2723 3119 2780 Et
3142 2742 3251 2796 quo
3272 2742 3525 2785 necessa-

270 2834 372 2905 λὴν
398 2830 537 2903 πρδς
562 2827 759 2891 αὐτοὺς
779 2823 1166 2895 διεπέμψαντο,
1197 2820 1460 2875 Οὐάλεντι
1515 2816 1607 2871 καὶ
1636 2816 1800 2905 Οὺρᾳς

2065 2815 2335 2885 sequitur,
2370 2830 2480 2870 non
2517 2816 2697 2870 minus
2720 2815 2904 2883 istam,
2927 2831 3092 2887 quam
3122 2816 3522 2885 Sardicensem,
3574 2870 3578 2873 ,

273 2904 381 2994 xitp
401 2920 497 2974 καὶ
521 2916 808 2991 Γερμανίῳ
830 2916 986 2985 χάριν
1004 2910 1411 2984 ὁμολογοῦντες,
1432 2908 1528 2964 καὶ
1554 2905 1646 2961 τοῦ
1675 2904 1803 2977 6ροιῖ

1995 2919 2129 2961 ;non
2159 2906 2295 2961 locis
2342 2906 2412 2962 ab
2440 2904 2640 2963 Osiana
2674 2916 2728 2962 et
2765 2905 2958 2963 Latina
3000 2911 3303 2979 posteriore
3345 2911 3525 2968 diver-

272 3013 525 3078 δοξάζειν
559 3010 685 3073 τοὺς
709 3009 768 3062 ὲν
802 3009 867 3078 τῇ
889 3004 1048 3058 Δύσει
1082 3004 1180 3067 τὰς
1218 3000 1473 3073 ἀφορμὰς
1503 2999 1687 3064 αὐτοῖς
1720 2998 1802 3051 ἀνι

1991 3000 2052 3063 is.
2096 2999 2433 3069 temporibus
2464 3010 2608 3055 certe
2623 3016 2730 3056 non
2765 3002 2954 3057 iisdem
2985 3017 3108 3059 esse
3135 3006 3521 3076 conscriptam.

271 3104 543 3166 τιθέντες.
564 3100 689 3156 Haec
712 3096 1079 3167 omnia,qnod
1099 3103 1153 3150 et
1178 3095 1245 3149 ab
1262 3092 1356 3149 Oet
1374 3093 1556 3148 idente
1576 3091 1727 3195 etnab
1750 3090 1853 3194 Oc-
1880 3137 1923 3195 ϐ
2027 3087 2308 3195 Postremo
2356 3090 2621 3162 Sulpitius
2658 3091 2893 3149 Severus
2918 3093 3015 3149 lib.
3048 3110 3087 3149 ll
3130 3094 3386 3153 Historia?
3429 3115 3522 3154 sa—

272 3195 647 3255 cidentalibus
672 3191 944 3262 episcopis
976 3188 1129 3254 Osio,
1160 3185 1404 3252 Valente,
1436 3196 1600 3255 atque
1624 3181 1853 3238 Ursacio
1883 3181 1923 3195 "
1958 3196 2081 3247 crte,
2109 3181 2316 3252 liquida
2348 3191 2648 3254 apertaque
2669 3184 2985 3241 narratione
3011 3186 3181 3243 multo
3211 3187 3263 3243 id
3295 3189 3526 3246 validius

278 3289 549 3353 missa,et
587 3285 640 3339 in
671 3280 1101 3338 Occidentalium
1128 3278 1355 3349 gratiam
1385 3276 1693 3344 conscripta
1727 3272 1852 3328 fidei
1958 3275 2264 3330 confirmat.
2303 3273 2511 3347 Scribit
2567 3277 2715 3333 enim
2768 3288 2889 3347 post
2938 3279 3318 3337 Sardicensem
3366 3296 3527 3353 syno-

275 3364 553 3448 expOsitio
568 3368 1210 3435 dicatur,satisindicant
1229 3368 1338 3422 alio
1356 3363 1855 3435 quamSirmicIsis
1960 3367 2113 3432 dum,
2141 3375 2195 3421 et
2220 3364 2433 3422 Ursacii
2466 3382 2529 3423 ac
2550 3366 2792 3424 Valentis
2810 3370 3209 3439 pamitentiam,
3241 3373 3528 3445 interjecto

278 3469 476 3543 synodi
497 3477 742 3536 tempore
764 3462 934 3519 fuisse
956 3468 1284 3518 contextam.
1311 3456 1439 3511 Fuit
1461 3456 1606 3511 enim
1631 3470 1737 3510 non
1763 3469 1854 3510 so-
1959 3459 2156 3515 deinde
2183 3468 2448 3531 tempore,
2474 3477 2599 3517 cum
2625 3463 2961 3521 Athanasius
2983 3464 3320 3532 Marcellum,
3349 3468 3443 3538 qui
3472 3468 3528 3523 in

276 3561 397 3619 .‘um
422 3557 694 3630 generalis
719 3556 822 3611 ista
846 3553 1110 3627 synodus,
1129 3550 1224 3606 sed
1249 3550 1318 3604 ab
1334 3545 1699 3603 Orientalibus
1726 3560 1806 3614 pr:

1995 3552 2273 3608 iardicensi
2326 3555 2560 3610 concilio
2606 3571 2639 3611 a
2692 3557 2979 3613 catholicis
3042 3568 3161 3615 erat
3220 3561 3525 3623 absolutus,

279 3655 504 3717 serlim.
536 3650 852 3719 ϐτεεεὶεειιιθ
888 3646 1203 3701 mmmam!
1248 3658 1278 3698 ³
1307 3642 1506 3711 (litibus
1541 3654 1652 3710 υνδε
1696 3648 1856 3694 οεειθ·
1962 3659 2154 3713 parum
2193 3659 2342 3700 same
2389 3646 2511 3702 tidei
2542 3656 2877 3717 compertum
2913 3664 2945 3703 a
2987 3650 3375 3708 communione
3408 3667 3528 3708 sus-

280 3745 383 3810 τίεν
417 3749 479 3796 υι
507 3740 713 3795 diem")
753 3745 859 3801 οεῑο
897 3734 1119 3789 Ρῗιοῑίηί
1163 3738 1320 3788 erm“
1357 3729 1688 3800 ἀίδριιιθηίιο
1722 3742 1856 3783 00"-
1961 3735 2261 3804 pendisset,
2292 3736 2525 3792 Arianos
2553 3752 2616 3793 ca
2650 3738 2940 3795 occasione
2970 3739 3202 3796 libenter
3230 3757 3381 3804 usos,
3419 3756 3530 3812 quo

284 3838 466 3892 victus
519 3841 622 3889 est.
661 3832 740 3887 Ac
787 3830 835 3887 si
879 3829 1023 3884 inter
1068 3829 1203 3883 Acta
1259 3824 1579 3880 Sirmiensis
1637 3821 1854 3877 concilii
1963 3826 2310 3884 Sardicensis
2373 3829 2567 3900 synodi
2631 3830 2848 3885 decreta
2906 3831 3307 3890 subverterent.
3360 3832 3530 3905 Igitur

283 3926 525 3986 secunda
561 3925 651 3979 illa
691 3921 927 3978 formula
955 3927 1294 3981 censeretur,
1326 3929 1605 3987 nunquam
1641 3913 1855 3969 Semia-
1962 3926 2147 3974 astuto
2208 3919 2445 3975 consilio
2521 3918 2775 3988 Pbotini,
2827 3920 3063 3978 Marcelli
3139 3935 3191 3980 ει
3244 3926 3531 3984 Αιιηηαεκ

282 4020 427 4078 riani
457 4026 554 4074 aut
596 4016 731 4072 illud
766 4016 1106 4077 laudassent,
1140 4022 1237 4068 aut
1277 4021 1457 4066 ratum
1497 4009 1684 4065 haberi
1738 4008 1857 4064 sine
1963 4010 2373 4066 damnationem
2433 4011 2744 4067 miscuisse.
2808 4011 2946 4069 Cum
3024 4016 3168 4070 enim
3246 4020 3531 4089 propalam

289 4111 403 4167 ulla
433 4109 755 4178 exceptione
778 4106 1173 4177 postulassent,
1215 4102 1310 4158 sed
1342 4101 1666 4157 nominatim
1696 4114 1857 4169 repu-
1961 4102 2152 4157 Ariani
2201 4100 2408 4158 erroris
2450 4102 2537 4157 sui
2579 4103 2835 4173 dogmata
2887 4106 3181 4174 praedicare
3227 4124 3332 4163 non
3369 4110 3533 4165 aude.

284 4203 453 4259 diatis
478 4198 895 4270 posterioribus,
925 4197 994 4252 de
1026 4195 1303 4267 prioribus
1333 4194 1452 4264 ejus
1492 4194 1642 4249 Actis
1673 4193 1856 4247 cavis-
1963 4206 2104 4261 rent,
2153 4209 2219 4251 ac
2269 4195 2568 4250 catholicos
2609 4210 2669 4251 se
2722 4206 2991 4266 gererent,
3039 4198 3174 4253 nihil
3224 4201 3378 4270 prius
3424 4204 3530 4259 sibi

284 4306 429 4354 sent.
473 4292 677 4348 Verum
734 4289 865 4362 quid
927 4289 1014 4344 hic
1057 4285 1514 4358 tergiversatnur?
1543 4270 1659 4339 'Est
1709 4284 1854 4339 enim
1964 4288 2231 4357 agendum
2266 4298 2413 4342 ratos
2454 4301 2597 4352 esse,
2636 4302 2802 4357 quam
2843 4299 2902 4344 ut
2932 4291 3290 4347 Athanasium
3320 4294 3391 4351 ab
3438 4295 3532 4351 Ec-

283 4390 514 4447 evidens
562 4393 619 4440 et.
647 4398 780 4440 sane
818 4380 1156 4437 luculentum
1186 4367 1378 4433 Hilarii
1413 4392 1477 4431 ea
1508 4377 1573 4430 de
1610 4390 1669 4431 re
1701 4374 1858 4430 testi-
1963 4379 2129 4435 clesia
2168 4380 2578 4437 submovercnt.
2617 4378 2722 4436 Sed
2763 4394 2888 4437 cum
2930 4381 3137 4439 litteras
3171 4384 3237 4439 de
3267 4384 3359 4441 illa
3388 4386 3532 4442 Plio-

284 4479 578 4536 monium:
631 4473 726 4544 qui
776 4472 833 4527 in
887 4471 1034 4524 libro’
1074 4469 1148 4523 De
1204 4468 1419 4539 synodis
1457 4457 1934 4548 dubitationem'D
1965 4469 2083 4534 tini,
2126 4469 2364 4524 Marcelli
2398 4479 2452 4525 et
2489 4469 2771 4526 Athanasii
2815 4470 3167 4528 damnatione
3224 4473 3528 4541 dedissent,

284 4583 509 4627 omnem
543 4565 754 4622 eximit.
793 4561 1029 4633 Scripsit
1061 4562 1206 4616 hunc
1240 4560 1437 4614 librum
1470 4558 1538 4613 ad
1571 4557 1857 4626 episcopos
1963 4561 2231 4617 restitisse
2276 4561 2577 4618 catholicos
2626 4563 2852 4628 scribit;
2896 4571 3060 4634 atque
3113 4566 3254 4622 inter
3304 4577 3532 4625 caeteros

287 4660 611 4719 Gallicanos
662 4655 904 4710 Hilarius
935 4654 1096 4724 paulo
1145 4662 1272 4706 ante
1300 4650 1702 4705 Ariminensem
1736 4663 1859 4718 syn—
1962 4651 2258 4708 Paulinum
2295 4653 2682 4710 Treverensem
2734 4656 2807 4711 ita
2862 4657 3298 4728 subscripsisse;
3355 4676 3414 4717 se
3476 4662 3530 4716 in

284 4758 494 4812 odum.
553 4765 680 4806 cum
725 4740 955 4803 ab‘illis
1006 4744 1380 4815 interpellatus
1431 4752 1578 4798 essm
1608 4782 1623 4806 ,
1679 4750 1739 4796 ut
1791 4739 1860 4795 de
1961 4744 2183 4802 Pbotini
2213 4756 2376 4818 atque
2409 4745 2648 4802 Marcelli
2678 4747 3091 4805 damnationem
3123 4751 3365 4821 praebere
3401 4767 3533 4809 con-

288 4848 444 4903 Actis
472 4841 749 4915 Ancyrani
779 4838 1139 4894 Orientalium
1177 4846 1495 4899 consessus,
1527 4834 1705 4904 deque
1737 4833 1856 4888 Sir-
1963 4854 2207 4905 sensum,
2259 4839 2325 4894 de
2369 4838 2670 4895 Athanasio
2727 4854 2836 4894 non
2879 4842 3132 4911 probare.
3181 4842 3360 4909 Quare
3404 4858 3528 4900 cum

286 4940 488 4997 ιῐῒίθηω
524 4930 878 5003 maiil’lw't’iﬁﬁ3
915 4927 1264 4984 damnatione
1296 4926 1679 4997 Ρθτεενίῢθτθῑι
1727 4924 1860 4992 Qui-
1964 4930 2180 4985 illorum
2226 4930 2293 4985 de
2338 4928 2637 4985 Athanasio
2667 4932 2937 4986 sententia
2989 4933 3387 5001 repudiaretur,
3418 4936 3533 5005 ple-

284 5032 392 5087 bus
421 5040 631 5084 morem
662 5024 751 5078 ille
790 5037 983 5093 gerens
1013 5018 1280 5091 principio
1317 5015 1676 5073 Sirmiensem
1708 5016 1861 5069 ἕκθε-
1962 5020 2117 5089 rique
2146 5035 2177 5075 a
2200 5018 2524 5075 Constantio
2562 5020 2818 5090 relegati;
2853 5035 2919 5076 ac
2948 5031 3062 5076 tum
3110 5022 3448 5081 Arelatensis
3477 5035 3533 5081 et

288 5139 374 5177 σιν
407 5118 685 5192 proponit,
722 5115 971 5172 eamdem
997 5113 1159 5184 plane
1190 5125 1316 5167 cum
1349 5124 1434 5173 ea,
1464 5124 1628 5180 quam
1660 5109 1859 5163 Socra-
1964 5109 2291 5165 Biterrensis
2347 5109 2540 5180 synodi
2581 5111 2965 5167 celebrantur:
3011 5112 3135 5168 inde
3167 5113 3534 5171 Mediolanen-

288 5227 373 5270 tes
428 5220 483 5267 et
507 5208 840 5264 Athanasius
879 5205 1157 5261 referunt:
1201 5202 1360 5273 cujus
1391 5211 1645 5257 auctores
1671 5200 1858 5255 Osium
1963 5201 2075 5264 sis,
2112 5205 2164 5254 in
2200 5217 2306 5270 qua
2346 5201 2589 5273 insignes
2630 5203 2850 5273 quidam
2883 5205 3123 5274 episcopi
3176 5207 3227 5265 in
3276 5208 3530 5262 exsilium

286 5320 357 5361 ac
398 5301 707 5358 Potamium
763 5296 913 5374 facit.
978 5296 1213 5366 Subjicit
1256 5294 1451 5350 deinde
1499 5293 1857 5347 Orientalium
1963 5292 2129 5363 pulsi,
2163 5292 2458 5364 Dionysius
2504 5293 2961 5360 Mediolanensis,
3010 5294 3281 5352 Eusebius
3324 5297 3534 5354 Vercel-

286 5401 592 5459 decretutn,
631 5390 778 5462 quod
819 5392 1083 5445 adversus
1124 5389 1284 5444 istam
1333 5387 1624 5443 formulam
1666 5386 1719 5441 in
1750 5386 1861 5440 An-
1963 5386 2154 5446 lensis.
2208 5385 2425 5441 Lucifer
2470 5385 2849 5451 Calaritanus;
2895 5388 3146 5445 Liberius
3209 5405 3428 5461 quoque
3478 5402 3533 5444 rt

288 5502 496 5563 cyrano
535 5483 770 5541 concilio
803 5490 1069 5538 statutum
1103 5488 1221 5544 est;
1270 5480 1435 5550 idque
1473 5495 1598 5536 cum
1632 5478 1860 5534 mit-ilice
1965 5476 2224 5535 llilarius.
2255 5477 2386 5545 Quae
2431 5481 2615 5548 omnia
2653 5480 2950 5535 Arbetione
2996 5491 3050 5536 et
3091 5480 3337 5536 Lolliano
3384 5498 3529 5538 coss.

290 5580 583 5654 praedicat,
635 5586 750 5631 tum
802 5574 1045 5645 singulas
1083 5572 1204 5641 ejus
1252 5572 1585 5633 sententias,
1629 5581 1680 5625 et
1730 5586 1861 5625 ana-
1965 5569 2251 5633 factaesse
2296 5571 2506 5626 scribit.
2543 5572 2667 5627 llaec
2705 5574 3022 5629 summatim
3061 5573 3347 5644 Sulpitius.
3392 5574 3530 5641 Qui-

287 5671 670 5729 thematismos
698 5667 974 5722 uberrime
1003 5665 1266 5720 declarat.
1312 5664 1590 5719 Postremo
1624 5663 1860 5732 reliquas
1963 5665 2068 5719 bus
2093 5665 2343 5734 superior
2371 5664 2460 5732 ille
2489 5667 2706 5735 agnitus
2733 5682 2764 5721 a
2792 5667 2948 5722 nobis
2969 5677 3022 5723 et
3049 5667 3351 5739 patefactus
3376 5686 3531 5728 error

287 5767 360 5822 ab
386 5762 755 5821 Orientalibus
789 5760 964 5815 editas
1004 5756 1407 5827 professiones,
1439 5773 1560 5828 quae
1603 5774 1725 5813 cum
1764 5771 1858 5811 ca-
1964 5757 2324 5814 convincitur.
2353 5756 2514 5815 Vides
2540 5761 2686 5816 enim
2710 5772 2831 5832 post
2858 5761 3236 5819 Sardiccnsem
3264 5765 3529 5835 synodum

605 5857 876 5916 ΡΑτιιοι..
911 5856 1027 5915 Gn.
1062 5853 1259 5916 XLII.
1938 5854 1946 5863 “

1938 5854 1946 5863 ⁸
3183 5861 3253 5922 3't
