3832 6220
301 174 444 229 ῘῦὺἹ

1423 170 1765 226 APPENDIX
1805 170 2435 229 DlSSEBTATl()NU.\f.

3454 169 3583 226 loca

311 301 364 346 et
396 300 643 360 receptos
676 288 728 343 in
774 287 1213 344 communionem
1255 284 1542 342 Ursacium
1597 303 1659 342 ac
1701 287 1884 342 Valen-
1913 297 1957 350 Α
1989 290 2186 343 tiaram
2231 305 2450 344 suarum
2495 290 2716 346 decretis
2770 291 3185 345 contradixiue.
3233 285 3472 344 Necesse
3504 302 3586 345 est

302 394 443 444 tem,
493 382 774 452 aliquanto
831 389 1078 448 tempore
1138 378 1464 448 interjecto,
1530 376 1888 432 Sirmiensem

300 476 564 530 adversus
627 473 925 528 Photinum
992 471 1322 527 celebratam
1391 470 1703 541 synodum,
1767 481 1892 524 ante

298 568 667 622 Arelatensem
722 576 776 620 et
806 562 1283 624 Mediolanensem,
1343 576 1552 616 necnon
1599 569 1891 630 antequam

299 658 550 712 Liberius
595 669 753 727 papa,
799 655 1070 712 Eusebius
1111 657 1311 726 aliique
1391 654 1887 724 proscriberentur.

297 751 463 820 Atqui
502 749 924 804 conciliabulum
969 749 1314 812 Arelatense,
1345 747 1488 816 quod
1529 762 1558 800 a
1593 745 1890 799 Saturnino

297 844 635 899 celebratum
689 851 794 906 est,
845 856 992 896 anno
1039 841 1242 895 Christi
1297 840 1402 895 555
1440 839 1705 907 contigit,
1764 853 1890 892 cum

301 933 505 988 Sirmio
557 935 609 987 in
644 932 852 987 Gallias
907 929 1184 1000 profectus
1226 939 1372 985 esset
1420 929 1795 985 Constantius.
1831 937 1890 980 ut

299 1026 354 1078 in
394 1025 690 1079 Antiatibus
718 1024 952 1093 legitur;
990 1021 1394 1076 Mediolanense
1429 1035 1558 1073 vero
1594 1035 1738 1072 anno
1763 1019 1887 1081 555,

249 1164 252 1170 .
297 1118 596 1171 Arbetione
626 1126 676 1170 et
713 1115 963 1169 Lolliano
1000 1130 1144 1169 coss.
1179 1112 1361 1166 Tanto
1406 1113 1572 1181 igitur
1603 1120 1730 1189 ante
1763 1121 1887 1164 tem-

298 1224 432 1281 pore
489 1210 781 1263 damnatus
847 1207 1116 1262 Photinus
1176 1220 1239 1259 ac
1299 1205 1620 1288 Sirmiensis
1671 1213 1889 1272 peracta

299 1303 544 1372 synodus
610 1312 732 1364 est,
797 1315 963 1368 quam
1033 1298 1270 1353 secunda
1339 1297 1461 1350 fidei
1537 1295 1770 1349 formula
1836 1295 1887 1348 in

298 1396 488 1449 eodem
597 1391 886 1447 Sirmirnsi
961 1391 1159 1461 oppido
1211 1391 1278 1443 ab
1350 1388 1614 1448 Ursacio.
1667 1387 1891 1441 Valente

298 1489 540 1558 Usioque
587 1486 868 1556 prodiret,
918 1500 1040 1554 quae
1084 1492 1206 1552 post
1248 1484 1544 1553 relegatum
1597 1479 1886 1543 Hilarium,

299 1594 398 1633 nec
431 1581 588 1647 longe.
620 1585 748 1631 ante
805 1576 1077 1647 synodum
1134 1574 1538 1627 Ariminensem
1591 1574 1734 1627 edita
1770 1571 1885 1636 ‘est,

1994 380 2180 450 itaque
2211 381 2492 451 aliquanto
2526 392 2647 452 post
2670 383 3002 452 publicatam
3035 382 3402 437 Sirmiensem
3428 381 3586 436 ἔκθε-

1995 491 2078 526 σιν
2127 474 2325 545 spatio,
2385 476 2733 546 Ancyranam
2788 491 2818 530 a
2875 474 3079 530 Basilio
3137 475 3415 545 synodum
3466 489 3589 530 esse

1992 564 2298 619 conflatam.
2342 564 2482 632 Quid
2530 566 2677 636 quod
2717 565 2882 621 Osius
2930 565 3079 636 ipse,
3115 580 3146 619 a
3179 580 3292 634 quo
3335 563 3588 618 eamdem

1992 656 2138 709 illam
2169 655 2467 725 profectam
2505 655 2795 711 formulam
2827 645 3019 710 auctor
3066 664 3151 711 est
3193 653 3464 717 Hilarius,
3488 669 3591 706 an-

1992 763 2122 802 num
2175 748 2442 817 integrum
2486 746 2675 802 Sirmii
2722 756 2965 802 retentus
2997 755 3102 809 est,
3146 746 3474 815 priusquam
3521 743 3589 796 ad

1992 856 2324 896 consensum
2377 841 2720 912 adigeretur?
2761 841 2944 908 Quare
2995 857 3114 896 cum
3153 857 3266 896 non
3313 840 3420 895 nisi
3467 849 3592 910 post

1991 929 2211 986 Junium
2240 947 2484 988 mensem
2523 934 2649 988 anni
2679 933 2783 988 556
2835 933 3193 989 Constantius
3247 931 3437 986 Sirmii
3467 947 3594 986 es-e

1990 1029 2248 1097 potuerit,
2298 1043 2642 1099 consequens
2684 1038 2796 1094 est,
2853 1043 2997 1083 anno
3049 1037 3344 1097 sequente,
3389 1027 3592 1080 eodem

1991 1118 2210 1173 circiter
2237 1128 2500 1190 tempore,
2528 1120 2689 1175 istam
2718 1122 2786 1174 ab
2824 1118 2958 1175 Osio
2994 1119 3393 1190 professionem
3432 1118 3594 1171 Aria-

1992 1226 2092 1265 nos
2130 1213 2449 1267 extorsisse.
2514 1211 2677 1282 Atqui
2715 1213 2804 1266 diu
2845 1222 2993 1275 ante,
3040 1211 3298 1266 nimirum
3344 1211 3454 1265 sub
3493 1226 3595 1280 pa-

1995 1301 2179 1357 schale
2207 1310 2442 1372 tempus,
2477 1304 2704 1375 Ancyra:
2734 1319 3039 1359 convenere
3062 1300 3595 1359 SemiarianiNidas

1995 1401 2235 1463 quantus
2267 1393 2339 1448 sit
2371 1395 2512 1463 apud
2545 1395 2666 1449 illos
2695 1395 2970 1449 rationum
3017 1395 3152 1450 inter
3191 1408 3315 1450 sese
3377 1410 3595 1449 sermo-

1991 1482 2185 1552 nisque
2203 1483 2510 1539 couflictus.
2535 1484 2642 1539 Sed
2662 1501 2726 1540 ex
2762 1486 2826 1542 iis
2858 1501 2979 1555 tntae
2995 1501 3157 1556 supra
3174 1487 3591 1552 constituimus,

1991 1590 2224 1644 quaeque
2265 1577 2429 1646 paulo
2465 1585 2585 1646 post
2632 1579 2911 1632 tractanda
2969 1587 3116 1640 sunt,
3161 1588 3387 1649 apparet
3440 1580 3594 1635 aliud

298 1683 358 1724 ut
394 1687 459 1725 ex
497 1670 690 1724 eodem
737 1667 945 1721 Hilario
990 1678 1245 1730 constat;
1296 1683 1472 1735 neque
1515 1674 1691 1734 potest
1738 1679 1883 1719 anno
1917 1647 1959 1709 Β
1989 1665 2291 1735 Ancyrana:
2327 1669 2534 1737 synodo
2569 1677 2783 1737 tempus
2807 1684 2929 1724 esse
2953 1668 3324 1724 tribuendum.

297 1763 402 1817 557
431 1763 730 1818 Sirmiense
754 1761 1045 1816 concilium
1081 1761 1192 1814 ullo
1218 1761 1380 1814 modo
1406 1774 1729 1829 congruere.

369 1854 651 1911 Neminem
681 1848 1040 1908 vetustissimi
1074 1852 1282 1906 erroris
1322 1852 1459 1905 adeo
1497 1859 1740 1904 tenacem
1774 1848 1888 1903 fore

296 1947 532 2008 confido,
568 1945 662 2016 qui
698 1960 808 1999 non
845 1952 922 1998 tot
962 1942 1302 2011 argumentis
1358 1941 1641 1996 convictus
1692 1949 1890 1995 nostrae

298 2043 373 2097 illi
424 2057 528 2095 non
583 2038 848 2109 opinioni,
909 2046 1003 2092 aut
1052 2035 1521 2107 conjecturze,sed
1573 2033 1890 2089 certissimae

296 2137 511 2190 veritati
569 2134 896 2204 suffragetur
927 2175 940 2196 ,
1017 2133 1262 2202 adeoque
1310 2131 1661 2186 vehementer
1703 2129 1891 2184 obstu-

297 2237 504 2296 pesrat,
539 2224 741 2278 nemini
787 2225 1051 2277 hactenus
1089 2221 1405 2276 mortalium
1451 2230 1558 2276 tam
1594 2221 1887 2275 immanem

298 2320 544 2375 historiae
575 2319 753 2372 labem
786 2317 840 2370 in
868 2328 1014 2370 tanta
1053 2315 1428 2372 doctrinarum
1469 2315 1714 2368 omnium
1745 2315 1888 2378 lucc,

296 2421 559 2481 tantaque
590 2409 868 2464 annalium
902 2417 954 2463 et
988 2409 1376 2462 chronicorum
1410 2408 1565 2476 copia
1600 2407 1684 2462 vel
1728 2406 1892 2462 levis-

297 2508 437 2563 sime
464 2503 795 2559 suboluisse.
831 2501 908 2555 Ac
933 2500 1136 2555 nostris
1158 2501 1374 2569 quidem
1404 2499 1676 2554 accuratis
1729 2509 1892 2568 atque

297 2599 530 2654 eruditis
571 2594 886 2650 hominibus
931 2593 1110 2648 danda
1153 2593 1309 2646 venia
1346 2602 1450 2655 est,
1485 2593 1576 2662 qui
1626 2591 1890 2656 Socratis,

299 2689 589 2747 Sozomeni
635 2696 798 2759 atque
858 2689 1208 2756 antiquorum
1247 2685 1473 2756 vestigia
1521 2686 1692 2740 secuti
1723 2694 1887 2741 sunt:

298 2785 420 2840 illos
452 2784 602 2853 ipsos
640 2781 846 2836 erroris
871 2788 1127 2834 auctores
1169 2793 1232 2834 ac
1277 2779 1446 2833 duces
1486 2795 1752 2835 excusare
1779 2795 1888 2834 non

297 2891 550 2947 possum,
579 2874 694 2944 qui,
724 2883 783 2928 ut
813 2874 1030 2927 illorum
1064 2880 1369 2942 temporum
1402 2871 1690 2927 viciniores
1711 2881 1888 2938 erant,

297 2971 377 3026 sic
417 2970 483 3023 ad
523 2982 715 3022 eorum
757 2962 1150 3035 explorandam
1175 2963 1462 3018 historiam
1507 2964 1891 3019 instructiores
1919 3004 1964 3066 C

297 3076 418 3114 esse
446 3059 777 3113 debuerunt.

368 3150 730 3218 Posteaquam
759 3148 1164 3201 firmamentmn
1203 3145 1382 3216 ipsum
1441 3144 1589 3200 falsre
1621 3146 1892 3200 narratio-

297 3239 384 3291 nis
413 3246 467 3291 et
518 3245 684 3306 caput
715 3235 1038 3300 evertimus,
1086 3236 1318 3304 reliqua,
1376 3252 1498 3305 qum
1545 3236 1673 3291 huic
1705 3236 1893 3290 innixa

299 3329 484 3382 minus
518 3327 720 3381 habent
757 3327 1042 3391 momenti,
1086 3326 1292 3382 erroris
1322 3342 1429 3380 non
1466 3327 1670 3391 minus,
1703 3335 1894 3396 suapte

298 3429 492 3488 sponte
521 3418 694 3474 fracta
725 3418 1109 3485 infirmalaque
1147 3418 1456 3474 concident.
1496 3417 1779 3488 Ejusmodi
1810 3425 1893 3472 est

298 3508 443 3577 quod
499 3508 566 3562 de
613 3507 917 3578 Ancyranaa
970 3508 1159 3578 synodi
1210 3517 1454 3578 tempore
1499 3507 1777 3573 definitur,
1836 3509 1892 3561 in

299 3599 550 3653 emndem
604 3615 809 3653 annum
862 3599 1144 3663 incidisse,
1191 3615 1303 3670 quo
1337 3599 1606 3655 Phorinus
1656 3601 1709 3655 in
1763 3593 1914 3654 Sir—'

301 3690 500 3745 niiensi
542 3691 779 3745 concilio
823 3690 1118 3745 damnatus
1154 3699 1256 3756 est,
1313 3706 1510 3760 nempe
1565 3707 1710 3746 anno
1763 3691 1888 3747 357.

301 3783 458 3848 Quod
492 3798 599 3836 non
637 3783 798 3836 modo
841 3781 1038 3836 falsum
1080 3790 1185 3846 est,
1233 3783 1361 3853 quia
1404 3783 1562 3854 longe
1586 3792 1711 3838 ante
1747 3784 1893 3842 hunc

303 3888 509 3926 annum
580 3870 935 3926 Sirmiensem
1001 3872 1148 3926 illam
1218 3872 1488 3943 synodum
1561 3875 1890 3931 celebratam

304 3965 464 4032 paulo
496 3972 621 4018 ante
646 3964 958 4029 docuimus,
994 3964 1087 4019 sed
1112 3963 1276 4018 etiam
1315 3964 1484 4034 quod,
1511 3966 1613 4020 etsi
1643 3967 1746 4021 hoc
1772 3969 1892 4038 ipso

304 4071 452 4108 anno
483 4065 700 4125 peracta
729 4055 817 4119 sit,
856 4071 962 4107 non
997 4063 1174 4124 potest
1200 4055 1252 4108 in
1285 4055 1538 4110 eumdem
1569 4056 1891 4128 Ancyranus

301 4155 605 4202 conventus
637 4146 942 4201 incurrere.
988 4144 1086 4200 llic
1124 4145 1270 4200 enim
1324 4157 1450 4201 ante
1501 4146 1710 4202 Pascha
1745 4151 1890 4203 cele-

301 4239 493 4293 bratns
520 4247 603 4293 est
632 4253 646 4290 :
683 4239 826 4292 unde
859 4247 910 4291 et
941 4237 1188 4307 plerique
1232 4237 1303 4292 ob
1334 4237 1570 4292 hiemem
1608 4237 1888 4293 interclusi

2063 1757 2170 1811 Nec
2193 1757 2378 1813 minus
2405 1761 2551 1828 quod
2577 1760 2651 1813 illi
2685 1769 2794 1814 tam
2831 1762 3030 1816 acriter
3059 1770 3305 1833 pugnant
3339 1763 3589 1817 indidem

1989 1849 2258 1907 refellitur
2291 1870 2304 1906 :
2339 1851 2615 1908 Liberium
2653 1869 2847 1924 papam
2887 1855 3054 1924 priori
3087 1855 3164 1908 illi
3200 1855 3321 1910 fidei
3358 1854 3584 1925 profes-

1991 1943 2134 1998 sioni
2165 1943 2580 2015 subscripsisse,
2613 1962 2734 2016 quae
2759 1948 2813 2001 in
2839 1947 3126 2002 Sirmiensi
3155 1951 3368 2019 synodo
3394 1957 3590 2002 eoatra

1991 2033 2285 2090 Photinqu
2349 2044 2435 2091 est
2477 2037 2701 2093 emissa.
2742 2037 2952 2108 Quippe
3005 2039 3217 2109 aliquot
3257 2040 3420 2093 annis
3471 2056 3584 2093 non

1993 2125 2193 2180 Liberii
2245 2128 2408 2182 modo
2459 2128 2890 2195 restitutionem,
2952 2130 3044 2186 sed
3098 2131 3351 2185 exsilium
3409 2131 3589 2199 ipsum

1991 2214 2317 2271 Photiniana
2360 2219 2641 2274 damnatio
2695 2221 2989 2289 praecessit.
3077 2220 3285 2276 Fecerit
3335 2220 3591 2276 Liberius

1993 2323 2188 2374 necne,
2231 2309 2375 2378 quod
2433 2310 2631 2365 fecisse
2681 2311 2929 2381 plerique
2973 2322 3217 2368 veterum
3247 2313 3496 2377 Patrum,
3532 2327 3592 2368 ut

1993 2399 2353 2464 Athanasius,
2415 2401 2779 2474 Hieronymus
2824 2405 3026 2474 aliique
3055 2408 3426 2471 consentiunt,
3455 2407 3590 2461 nihil

1993 2494 2060 2548 ad
2113 2493 2420 2549 institutam
2471 2495 2896 2566 disputationem
2943 2499 3155 2552 attinet.
3206 2497 3421 2553 Etenim
3468 2501 3589 2554 fieri

1993 2595 2190 2654 potest,
2222 2595 2281 2640 ut
2302 2601 2427 2640 cum
2464 2585 2714 2652 Ursacio,
2743 2587 2964 2644 Valente
3017 2605 3082 2644 ac
3111 2590 3334 2659 reliquis
3367 2591 3587 2648 Arianis

1993 2677 2480 2732 communicaverit
2525 2678 2766 2748 quidem,
2820 2687 2876 2734 et
2929 2679 3294 2736 Athanasium
3350 2682 3587 2736 damna-

1993 2768 2150 2832 verit,
2174 2770 2266 2824 sed
2294 2771 2561 2826 hzereticm
2583 2773 2837 2842 pravitati
2867 2788 3213 2843 nequaquam
3246 2774 3588 2844 subscripse-

1995 2861 2064 2916 rit
2099 2903 2114 2929 ,
2147 2862 2386 2918 hmretici
2417 2879 2565 2929 ,vero
2604 2867 2765 2920 etiam
2815 2867 3224 2934 comprobatam
3260 2867 3330 2920 ab
3356 2866 3449 2920 i'lo
3477 2868 3590 2920 lue—

1995 2954 2141 3009 resin
2174 2954 2312 3010 falso
2337 2955 2688 3025 jactaverint.
2723 2955 2838 3010 Hoc
2882 2973 3012 3012 vero
3055 2958 3429 3012 certissimum
3477 2967 3582 3021 est,

1995 3059 2172 3114 neque
2218 3045 2385 3117 priori
2444 3046 2520 3099 illi
2576 3054 2765 3101 contra
2800 3045 3098 3102 Photinum
3141 3049 3300 3102 edita:
3338 3049 3584 3102 subscri-

1995 3138 2195 3209 psisse,
2237 3147 2310 3206 cl,
2343 3139 2389 3195 si
2433 3153 2496 3192 ex
2540 3139 2719 3193 tribus
2767 3138 3168 3196 Sirmiensibus
3204 3143 3445 3211 aliquam
3486 3143 3584 3195 ad-

1997 3231 2232 3294 miserit,
2267 3246 2374 3285 non
2407 3230 2590 3294 aliam,
2627 3245 2793 3299 quam
2839 3233 3161 3296 secundam,
3196 3233 3282 3286 cui
3327 3242 3377 3285 et
3412 3231 3582 3286 Usius

1996 3337 2258 3378 assensus
2291 3331 2394 3388 est,
2441 3321 2851 3392 comprobasse.
2893 3322 2974 3378 Ac
3015 3323 3150 3377 mihi
3197 3324 3417 3393 quidem
3456 3340 3585 3393 pur-

1995 3414 2156 3484 gandi
2191 3415 2260 3469 ab
2291 3415 2440 3469 omni
2480 3414 2705 3470 haeresis
2736 3414 3052 3484 suspicione
3097 3414 3300 3470 Liberii
3335 3417 3582 3485 expedita

1993 3503 2244 3574 quaedam
2269 3506 2408 3559 ratio
2445 3514 2502 3582 et
2544 3503 2717 3560 facilis
2739 3508 2999 3572 occurrit,
3032 3505 3076 3561 si
3101 3506 3338 3560 oblatam
3362 3507 3581 3576 quidem

1993 3596 2069 3650 illi
2101 3598 2395 3651 secundam
2424 3595 2778 3652 Sirmiensem
2819 3595 3037 3667 ἔκθεσιν
3070 3598 3377 3653 dixerimus
3414 3617 3428 3652 :
3471 3613 3578 3652 non

1993 3689 2258 3758 integram
2291 3699 2495 3756 tamen,
2528 3700 2620 3745 aut
2659 3691 2967 3762 cujusmodi
3002 3691 3146 3761 apud
3189 3691 3496 3754 Socratem,
3525 3702 3580 3745 et

1990 3779 2374 3848 Athanasium,
2417 3789 2582 3852 atque
2622 3780 2885 3835 Hilarium
2928 3782 3151 3851 legitur,
3199 3783 3292 3838 sed
3340 3783 3576 3852 priorem

1991 3859 2108 3940 ejus
2161 3879 2391 3941 partem,
2442 3872 2497 3926 in
2552 3889 2659 3944 qua
2724 3875 2817 3927 τοῦ
2873 3875 3183 3946 ὁμοουσίου,
3241 3884 3296 3930 et
3357 3877 3576 3947 ὁμοιου-

1993 3962 2108 4016 σίου
2165 3964 2429 4018 vocabula
2488 3965 2760 4019 reticenda
2824 3981 2948 4022 esse
3005 3967 3322 4023 decernitur
3371 3984 3383 4020 :
3432 3967 3579 4036 quod

1993 4061 2142 4129 pacis
2194 4076 2258 4116 ac
2315 4062 2516 4132 quietis
2584 4065 2767 4119 studio
2829 4067 3152 4136 complexus
3200 4077 3308 4122 est.
3375 4065 3573 4124 Verum

1993 4153 2184 4206 Ariani
2251 4154 2426 4208 eidem
2494 4153 2741 4212 formula:
2807 4158 3021 4228 reliqua
3083 4160 3433 4229 postmodum
3490 4161 3578 4216 in-

1994 4251 2311 4310 lcxuernnt,
2347 4261 2411 4300 ac
2446 4247 2691 4316 specioso
2720 4247 2954 4302 Romani
2981 4249 3255 4319 pontificis
3280 4251 3500 4306 nomine
3527 4259 3580 4306 et

303 4333 357 4387 in
408 4332 668 4403 synodica
718 4330 949 4401 epistola
1013 4330 1299 4385 dicuntur.
1347 4327 1464 4384 Non
1495 4330 1675 4400 potuit
1723 4330 1890 4402 igitur
1922 4351 1966 4406 Ῑ)
1997 4337 2327 4392 auctoritate
2365 4353 2524 4392 suum
2566 4339 2762 4408 dogma
2806 4339 3178 4395 venditarum.
3228 4340 3416 4396 Dicam
3463 4358 3579 4396 am«

300 4426 492 4480 eodem
530 4438 676 4478 anno
727 4421 1052 4477 Sirmiensis
1101 4421 1344 4492 synodus
1377 4419 1497 4474 fieri
1533 4438 1545 4474 :
1575 4419 1682 4476 nisi
1708 4430 1892 4491 poste-

302 4519 504 4572 riorem
539 4518 679 4570 hanc
707 4513 879 4570 fuisse
909 4514 1047 4568 velis
1069 4554 1082 4579 ,
1114 4513 1260 4582 quod
1312 4512 1471 4584 longe
1501 4525 1584 4567 est
1609 4512 1893 4567 absurdis-

302 4613 501 4665 simum
536 4650 550 4673 ,
613 4607 873 4678 quoniam
929 4606 995 4660 ad
1045 4607 1465 4674 oppugnandam
1533 4603 1891 4661 Sirmiensem

301 4701 450 4756 illam
505 4700 820 4764 formulam,
869 4712 1034 4768 quam
1105 4699 1157 4750 in
1223 4696 1462 4750 concilio
1519 4699 1888 4768 conscriptam

300 4795 640 4857 existimant,
693 4791 980 4863 Ancyrana
1025 4799 1112 4844 est
1165 4789 1408 4860 synodus
1449 4790 1696 4845 collecta.
1746 4791 1890 4857 Quin

300 4888 467 4941 etiam
502 4895 789 4957 postquam
834 4883 951 4938 haec
1005 4881 1128 4936 fidei
1183 4881 1456 4952 professio
1489 4881 1654 4936 allata
1687 4882 1890 4937 Sirmio

299 4991 400 5042 est,
441 4978 689 5035 nonnihil
727 4983 853 5031 ante
882 4975 1178 5030 concilium
1239 4974 1593 5045 Ancyrauum
1627 4977 1891 5045 temporis

302 5071 638 5127 intercessit.
670 5068 805 5123 Nam
841 5065 1084 5128 Hilarius
1116 5066 1208 5120 lib.
1240 5065 1317 5119 De
1348 5066 1583 5136 synodis,
1621 5082 1742 5136 pag.
1763 5065 1887 5130 529,

305 5161 683 5219 Occidentales
709 5161 999 5231 episcopos
1028 5158 1338 5222 collaudat,
1373 5159 1522 5229 quod
1572 5161 1790 5213 missam
1820 5161 1889 5214 ad

297 5273 409 5312 sese
449 5272 514 5310 ex
553 5253 831 5310 Sirmiensi
882 5248 1072 5322 oppido
1120 5251 1351 5320 inﬁdelis
1397 5251 1525 5321 ﬁdei
1569 5253 1889 5321 impietatem

298 5365 404 5402 non
453 5346 607 5401 modo
649 5362 752 5399 non
801 5343 1174 5412 suscepissent,
1216 5343 1306 5397 sed
1376 5345 1677 5398 nuntiatam
1726 5346 1889 5400 etiam

301 5441 764 5510 signiﬁcatamque
830 5437 1195 5490 damnassent.
1266 5435 1388 5503 Quo
1455 5453 1580 5492 cum
1638 5438 1888 5508 exemplo

296 5532 491 5590 scribit
519 5531 782 5585 excitatos
815 5527 1122 5583 Orientales
1166 5528 1453 5601 episcopos
1495 5530 1550 5582 in
1598 5532 1888 5600 Ancyrano

296 5622 532 5680 concilio
567 5619 986 5689 irreligiosorum
1028 5617 1272 5691 audacia:
1317 5615 1638 5690 quibusdam
1673 5631 1884 5676 senten-

1996 4426 2174 4495 plius,
2244 4443 2311 4481 ne
2367 4427 2458 4482 isti
2510 4428 2733 4498 quidem
2792 4429 3126 4500 professioni
3182 4433 3579 4503 subscripsisse

1995 4516 2296 4583 Liberium,
2327 4519 2420 4574 sed
2447 4521 2606 4574 alteri
2635 4521 2874 4588 cuidam,
2901 4538 3007 4592 qua
3053 4523 3103 4577 id
3143 4540 3310 4578 unum
3357 4541 3579 4579 cavere-

1994 4623 2104 4674 tur,
2134 4627 2201 4666 ne
2224 4613 2346 4681 quis
2373 4613 2861 4670 consubstantialis
2907 4616 3175 4671 vocabulo
3211 4616 3264 4670 in
3298 4626 3576 4687 posterum

1994 4712 2260 4758 uteretur.
2291 4702 2446 4771 Quod
2477 4720 2600 4760 cum
2627 4706 2694 4762 de
2719 4707 2987 4762 catholica
3017 4708 3305 4781 severitate
3327 4708 3575 4763 Liberius

1993 4793 2324 4860 remisisset,
2366 4804 2422 4851 et
2457 4797 2742 4852 Athanasii
2793 4798 3018 4869 insuper
3049 4801 3390 4854 damnationi
3433 4814 3575 4854 eon-

1995 4889 2280 4956 sensisset,
2317 4890 2469 4945 visus
2503 4901 2586 4946 est
2633 4893 2686 4945 in
2745 4891 2979 4946 haeresin
3030 4894 3360 4962 prolapsus;
3405 4907 3576 4962 eaque

1994 4985 2337 5053 postmodum
2390 4985 2576 5054 opinio
2626 4986 2960 5040 Arianorum
3015 4985 3305 5042 fraudibus
3358 4995 3413 5042 et
3485 5002 3576 5040 ca-

1994 5071 2218 5126 lumniis
2247 5056 2577 5140 percrebuit,
2623 5089 2748 5129 cum
2801 5075 3157 5131 Sirmiensem
3205 5078 3328 5130 fidei
3374 5077 3573 5132 formu-

1993 5163 2099 5217 lam
2141 5164 2330 5218 eodem
2378 5174 2625 5236 tempore
2660 5168 3034 5237 publicantes,
3085 5183 3205 5222 eam
3259 5169 3454 5239 ipsam.
3487 5169 3571 5225 cui

1992 5272 2255 5312 assensus
2300 5267 2416 5313 erat
2447 5257 2722 5326 Liberius,
2780 5262 2928 5316 illam
2975 5277 3097 5319 esse
3151 5263 3366 5318 mentiti
3423 5269 3571 5316 sunt.

1991 5349 2160 5416 Cujus
2190 5350 2265 5404 rei
2289 5350 2660 5420 conjecturam
2692 5368 2758 5408 ex
2797 5356 3107 5410 Sozomeno
3152 5357 3282 5410 licet
3327 5371 3520 5424 capere
3553 5374 3566 5409 :

1991 5443 2084 5513 qui
2117 5443 2210 5497 lib.
2243 5459 2316 5509 Iv,
2357 5460 2480 5514 cap.
2524 5446 2609 5505 14,
2633 5448 2844 5512 Scribit,
2882 5465 3005 5505 cum
3037 5465 3067 5505 a
3103 5449 3323 5505 Liberio
3379 5448 3488 5504 Val:
3511 5463 3572 5504 ns

1991 5544 2044 5590 et
2074 5533 2339 5592 Ursacius
2363 5541 2782 5595 consensionem
2812 5545 3230 5612 expressissent,
3247 5537 3569 5595 vicissimah

1990 5640 2055 5682 eo
2083 5626 2479 5697 professionem
2513 5629 2790 5701 accepisse
2819 5632 3068 5702 alteram,
3090 5650 3196 5706 qua
3227 5635 3303 5691 illi
3339 5640 3565 5690 damna-
