  <div class='ocr_page' id='page_1' title='image "/cluster/home/n/w/nwhite01/storage/ocr_20150623/42/hvd.32044011752995/536.png"; bbox 0 0 3874 6316; ppageno 0'>
   <div class='ocr_carea' id='block_1_1' title="bbox 256 331 400 394">
    <p class='ocr_par' dir='ltr' id='par_1_1' title="bbox 256 331 400 394">
     <span class='ocr_line' id='line_1_1' title="bbox 256 331 400 394; baseline 0 0"><span class='ocrx_word' id='word_1_1' title='bbox 256 331 400 394; x_wconf 75' lang='lat' dir='ltr'><strong>I069</strong></span> 
     </span>
    </p>
   </div>
   <div class='ocr_carea' id='block_1_2' title="bbox 1071 323 2670 392">
    <p class='ocr_par' dir='ltr' id='par_1_2' title="bbox 1071 323 2670 392">
     <span class='ocr_line' id='line_1_2' title="bbox 1071 323 2670 392; baseline 0.003 -6"><span class='ocrx_word' id='word_1_2' title='bbox 1071 331 1156 386; x_wconf 89' lang='lat' dir='ltr'><strong>DE</strong></span> <span class='ocrx_word' id='word_1_3' title='bbox 1198 323 1538 388; x_wconf 74' lang='lat' dir='ltr'><strong>SIRMIENSI</strong></span> <span class='ocrx_word' id='word_1_4' title='bbox 1574 331 1660 390; x_wconf 85' lang='lat' dir='ltr'><strong>ET</strong></span> <span class='ocrx_word' id='word_1_5' title='bbox 1701 329 2070 390; x_wconf 77' lang='lat' dir='ltr'><strong>ANCYRANA</strong></span> <span class='ocrx_word' id='word_1_6' title='bbox 2111 333 2670 392; x_wconf 61' lang='lat' dir='ltr'><strong>PSElTDOSYNODf).</strong></span> 
     </span>
    </p>
   </div>
   <div class='ocr_carea' id='block_1_3' title="bbox 3373 341 3509 396">
    <p class='ocr_par' dir='ltr' id='par_1_3' title="bbox 3373 341 3509 396">
     <span class='ocr_line' id='line_1_3' title="bbox 3373 341 3509 396; baseline 0.029 -4"><span class='ocrx_word' id='word_1_7' title='bbox 3373 341 3509 396; x_wconf 67' lang='lat'><strong>1070</strong></span> 
     </span>
    </p>
   </div>
   <div class='ocr_carea' id='block_1_4' title="bbox 255 449 3510 522">
    <p class='ocr_par' dir='ltr' id='par_1_4' title="bbox 255 449 3510 522">
     <span class='ocr_line' id='line_1_4' title="bbox 255 449 3510 522; baseline -0.002 -10"><span class='ocrx_word' id='word_1_8' title='bbox 255 465 456 512; x_wconf 86' lang='lat' dir='ltr'><strong>rentur</strong></span> <span class='ocrx_word' id='word_1_9' title='bbox 487 465 702 515; x_wconf 89' lang='lat' dir='ltr'><strong>omnes,</strong></span> <span class='ocrx_word' id='word_1_10' title='bbox 735 449 828 522; x_wconf 99' lang='lat' dir='ltr'><strong>qui</strong></span> <span class='ocrx_word' id='word_1_11' title='bbox 855 465 964 504; x_wconf 91' lang='lat' dir='ltr'><strong>non</strong></span> <span class='ocrx_word' id='word_1_12' title='bbox 1015 449 1318 506; x_wconf 74' lang='lat' dir='ltr'><strong>substantia</strong></span> <span class='ocrx_word' id='word_1_13' title='bbox 1341 451 1657 522; x_wconf 81' lang='lat' dir='ltr'><strong>caeterisque</strong></span> <span class='ocrx_word' id='word_1_14' title='bbox 1688 453 1840 508; x_wconf 89' lang='lat' dir='ltr'><strong>simi-</strong></span> <span class='ocrx_word' id='word_1_15' title='bbox 1869 459 1916 514; x_wconf 81' lang='grc' dir='ltr'>Α</span> <span class='ocrx_word' id='word_1_16' title='bbox 1943 467 2006 505; x_wconf 86' lang='lat' dir='ltr'><strong>ac</strong></span> <span class='ocrx_word' id='word_1_17' title='bbox 2033 449 2292 520; x_wconf 85' lang='lat' dir='ltr'><strong>Nigriauo</strong></span> <span class='ocrx_word' id='word_1_18' title='bbox 2329 465 2657 522; x_wconf 83' lang='lat' dir='ltr'><strong>coss.,auno</strong></span> <span class='ocrx_word' id='word_1_19' title='bbox 2691 449 2892 504; x_wconf 78' lang='lat' dir='ltr'><strong>Christi</strong></span> <span class='ocrx_word' id='word_1_20' title='bbox 2926 449 3050 514; x_wconf 76' lang='lat' dir='ltr'><strong>55f,</strong></span> <span class='ocrx_word' id='word_1_21' title='bbox 3085 450 3226 521; x_wconf 85' lang='lat' dir='ltr'><strong>quod</strong></span> <span class='ocrx_word' id='word_1_22' title='bbox 3257 451 3374 508; x_wconf 86' lang='lat' dir='ltr'><strong>sine</strong></span> <span class='ocrx_word' id='word_1_23' title='bbox 3409 455 3510 510; x_wconf 57' lang='lat' dir='ltr'><strong>du.</strong></span> 
     </span>
    </p>
   </div>
   <div class='ocr_carea' id='block_1_5' title="bbox 255 539 1835 602">
    <p class='ocr_par' dir='ltr' id='par_1_5' title="bbox 255 539 1835 602">
     <span class='ocr_line' id='line_1_5' title="bbox 255 539 1835 602; baseline -0.003 0"><span class='ocrx_word' id='word_1_24' title='bbox 255 547 366 602; x_wconf 78' lang='lat' dir='ltr'><strong>lem</strong></span> <span class='ocrx_word' id='word_1_25' title='bbox 419 543 602 599; x_wconf 91' lang='lat' dir='ltr'><strong>Patris</strong></span> <span class='ocrx_word' id='word_1_26' title='bbox 653 557 777 597; x_wconf 76' lang='lat' dir='ltr'><strong>esse</strong></span> <span class='ocrx_word' id='word_1_27' title='bbox 831 539 1030 596; x_wconf 90' lang='lat' dir='ltr'><strong>Filium</strong></span> <span class='ocrx_word' id='word_1_28' title='bbox 1082 554 1406 598; x_wconf 79' lang='lat' dir='ltr'><strong>assererem.</strong></span> <span class='ocrx_word' id='word_1_29' title='bbox 1461 542 1600 598; x_wconf 89' lang='lat' dir='ltr'><strong>Tum</strong></span> <span class='ocrx_word' id='word_1_30' title='bbox 1649 543 1835 598; x_wconf 87' lang='lat' dir='ltr'><strong>addit:</strong></span> 
     </span>
    </p>
   </div>
   <div class='ocr_carea' id='block_1_6' title="bbox 257 631 1842 704">
    <p class='ocr_par' dir='ltr' id='par_1_6' title="bbox 257 631 1842 704">
     <span class='ocr_line' id='line_1_6' title="bbox 257 631 1842 704; baseline 0 -16"><span class='ocrx_word' id='word_1_31' title='bbox 257 634 577 688; x_wconf 80' lang='lat' dir='ltr'><strong>Eudoxium</strong></span> <span class='ocrx_word' id='word_1_32' title='bbox 651 646 718 686; x_wconf 89' lang='lat' dir='ltr'><strong>ac</strong></span> <span class='ocrx_word' id='word_1_33' title='bbox 753 631 995 700; x_wconf 89' lang='lat' dir='ltr'><strong>reliquos</strong></span> <span class='ocrx_word' id='word_1_34' title='bbox 1027 631 1356 698; x_wconf 73' lang='lat' dir='ltr'><strong>Anomtnos,</strong></span> <span class='ocrx_word' id='word_1_35' title='bbox 1398 631 1490 704; x_wconf 90' lang='lat' dir='ltr'><strong>qui</strong></span> <span class='ocrx_word' id='word_1_36' title='bbox 1541 634 1842 690; x_wconf 79' lang='lat' dir='ltr'><strong>Antiochite</strong></span> 
     </span>
    </p>
   </div>
   <div class='ocr_carea' id='block_1_7' title="bbox 253 725 1844 796">
    <p class='ocr_par' dir='ltr' id='par_1_7' title="bbox 253 725 1844 796">
     <span class='ocr_line' id='line_1_7' title="bbox 253 725 1844 796; baseline 0.001 -16"><span class='ocrx_word' id='word_1_37' title='bbox 253 729 647 792; x_wconf 78' lang='lat' dir='ltr'><strong>versabantur,</strong></span> <span class='ocrx_word' id='word_1_38' title='bbox 674 742 796 782; x_wconf 92' lang='lat' dir='ltr'><strong>cum</strong></span> <span class='ocrx_word' id='word_1_39' title='bbox 827 725 942 781; x_wconf 89' lang='lat' dir='ltr'><strong>Osii</strong></span> <span class='ocrx_word' id='word_1_40' title='bbox 971 727 1276 796; x_wconf 78' lang='lat' dir='ltr'><strong>epistolam,</strong></span> <span class='ocrx_word' id='word_1_41' title='bbox 1317 727 1421 781; x_wconf 92' lang='lat' dir='ltr'><strong>hoc</strong></span> <span class='ocrx_word' id='word_1_42' title='bbox 1460 738 1544 782; x_wconf 89' lang='lat' dir='ltr'><strong>est</strong></span> <span class='ocrx_word' id='word_1_43' title='bbox 1580 727 1844 784; x_wconf 88' lang='lat' dir='ltr'><strong>Sirmien-</strong></span> 
     </span>
    </p>
   </div>
   <div class='ocr_carea' id='block_1_8' title="bbox 257 819 1840 890">
    <p class='ocr_par' dir='ltr' id='par_1_8' title="bbox 257 819 1840 890">
     <span class='ocr_line' id='line_1_8' title="bbox 257 819 1840 890; baseline 0 -16"><span class='ocrx_word' id='word_1_44' title='bbox 257 835 382 874; x_wconf 85' lang='lat' dir='ltr'><strong>sem</strong></span> <span class='ocrx_word' id='word_1_45' title='bbox 417 819 712 874; x_wconf 80' lang='lat' dir='ltr'><strong>formulam</strong></span> <span class='ocrx_word' id='word_1_46' title='bbox 744 820 1106 888; x_wconf 85' lang='lat' dir='ltr'><strong>accepissent,</strong></span> <span class='ocrx_word' id='word_1_47' title='bbox 1141 820 1196 873; x_wconf 92' lang='lat' dir='ltr'><strong>id</strong></span> <span class='ocrx_word' id='word_1_48' title='bbox 1227 820 1280 872; x_wconf 91' lang='lat' dir='ltr'><strong>in</strong></span> <span class='ocrx_word' id='word_1_49' title='bbox 1311 819 1506 890; x_wconf 84' lang='lat' dir='ltr'><strong>vulgus</strong></span> <span class='ocrx_word' id='word_1_50' title='bbox 1551 820 1840 890; x_wconf 82' lang='lat' dir='ltr'><strong>sparsisse,</strong></span> 
     </span>
    </p>
   </div>
   <div class='ocr_carea' id='block_1_9' title="bbox 257 910 1842 983">
    <p class='ocr_par' dir='ltr' id='par_1_9' title="bbox 257 910 1842 983">
     <span class='ocr_line' id='line_1_9' title="bbox 257 910 1842 983; baseline -0.001 -15"><span class='ocrx_word' id='word_1_51' title='bbox 257 913 550 968; x_wconf 84' lang='lat' dir='ltr'><strong>Liberium</strong></span> <span class='ocrx_word' id='word_1_52' title='bbox 595 911 656 966; x_wconf 72' lang='grc' dir='ltr'><strong>τὸ</strong></span> <span class='ocrx_word' id='word_1_53' title='bbox 703 911 989 983; x_wconf 79' lang='grc' dir='ltr'><strong>ὸμοούσιον</strong></span> <span class='ocrx_word' id='word_1_54' title='bbox 1033 910 1372 980; x_wconf 78' lang='lat' dir='ltr'><strong>repudiasse,</strong></span> <span class='ocrx_word' id='word_1_55' title='bbox 1416 926 1482 966; x_wconf 87' lang='lat' dir='ltr'><strong>ac</strong></span> <span class='ocrx_word' id='word_1_56' title='bbox 1521 910 1842 966; x_wconf 88' lang='lat' dir='ltr'><strong>dissimilem</strong></span> 
     </span>
    </p>
   </div>
   <div class='ocr_carea' id='block_1_10' title="bbox 257 1001 1845 1073">
    <p class='ocr_par' dir='ltr' id='par_1_10' title="bbox 257 1001 1845 1073">
     <span class='ocr_line' id='line_1_10' title="bbox 257 1001 1845 1073; baseline 0 -15"><span class='ocrx_word' id='word_1_57' title='bbox 257 1004 452 1060; x_wconf 84' lang='lat' dir='ltr'><strong>Patris</strong></span> <span class='ocrx_word' id='word_1_58' title='bbox 477 1019 824 1060; x_wconf 81' lang='lat' dir='ltr'><strong>asseverasse</strong></span> <span class='ocrx_word' id='word_1_59' title='bbox 853 1002 1074 1058; x_wconf 87' lang='lat' dir='ltr'><strong>Filium.</strong></span> <span class='ocrx_word' id='word_1_60' title='bbox 1097 1001 1362 1068; x_wconf 87' lang='lat' dir='ltr'><strong>Quocirca</strong></span> <span class='ocrx_word' id='word_1_61' title='bbox 1395 1003 1740 1073; x_wconf 88' lang='lat' dir='ltr'><strong>perspicuum</strong></span> <span class='ocrx_word' id='word_1_62' title='bbox 1763 1011 1845 1058; x_wconf 91' lang='lat' dir='ltr'><strong>est</strong></span> 
     </span>
    </p>
   </div>
   <div class='ocr_carea' id='block_1_11' title="bbox 263 1093 1846 1164">
    <p class='ocr_par' dir='ltr' id='par_1_11' title="bbox 263 1093 1846 1164">
     <span class='ocr_line' id='line_1_11' title="bbox 263 1093 1846 1164; baseline 0 -14"><span class='ocrx_word' id='word_1_63' title='bbox 263 1095 576 1150; x_wconf 77' lang='lat' dir='ltr'><strong>Liberium</strong></span> <span class='ocrx_word' id='word_1_64' title='bbox 603 1093 934 1164; x_wconf 76' lang='lat' dir='ltr'><strong>professioni</strong></span> <span class='ocrx_word' id='word_1_65' title='bbox 969 1093 1044 1147; x_wconf 86' lang='lat' dir='ltr'><strong>illi</strong></span> <span class='ocrx_word' id='word_1_66' title='bbox 1083 1093 1389 1160; x_wconf 81' lang='lat' dir='ltr'><strong>Sirmiensi,</strong></span> <span class='ocrx_word' id='word_1_67' title='bbox 1430 1110 1594 1164; x_wconf 85' lang='lat' dir='ltr'><strong>quam</strong></span> <span class='ocrx_word' id='word_1_68' title='bbox 1634 1093 1749 1150; x_wconf 89' lang='lat' dir='ltr'><strong>Osii</strong></span> <span class='ocrx_word' id='word_1_69' title='bbox 1791 1105 1846 1150; x_wconf 88' lang='lat' dir='ltr'><strong>et</strong></span> 
     </span>
    </p>
   </div>
   <div class='ocr_carea' id='block_1_12' title="bbox 259 1183 1846 1254">
    <p class='ocr_par' dir='ltr' id='par_1_12' title="bbox 259 1183 1846 1254">
     <span class='ocr_line' id='line_1_12' title="bbox 259 1183 1846 1254; baseline 0.001 -15"><span class='ocrx_word' id='word_1_70' title='bbox 259 1185 502 1240; x_wconf 86' lang='lat' dir='ltr'><strong>Potamii</strong></span> <span class='ocrx_word' id='word_1_71' title='bbox 559 1185 956 1254; x_wconf 78' lang='lat' dir='ltr'><strong>blasphemiam</strong></span> <span class='ocrx_word' id='word_1_72' title='bbox 1015 1185 1248 1254; x_wconf 88' lang='lat' dir='ltr'><strong>appellat</strong></span> <span class='ocrx_word' id='word_1_73' title='bbox 1298 1183 1566 1252; x_wconf 80' lang='lat' dir='ltr'><strong>Hilarius,</strong></span> <span class='ocrx_word' id='word_1_74' title='bbox 1621 1185 1846 1240; x_wconf 89' lang='lat' dir='ltr'><strong>minime</strong></span> 
     </span>
    </p>
   </div>
   <div class='ocr_carea' id='block_1_13' title="bbox 263 1273 1841 1346">
    <p class='ocr_par' dir='ltr' id='par_1_13' title="bbox 263 1273 1841 1346">
     <span class='ocr_line' id='line_1_13' title="bbox 263 1273 1841 1346; baseline -0.002 -16"><span class='ocrx_word' id='word_1_75' title='bbox 263 1273 700 1344; x_wconf 81' lang='lat' dir='ltr'><strong>subscripsisse,</strong></span> <span class='ocrx_word' id='word_1_76' title='bbox 757 1275 814 1328; x_wconf 91' lang='lat' dir='ltr'><strong>in</strong></span> <span class='ocrx_word' id='word_1_77' title='bbox 872 1288 980 1342; x_wconf 91' lang='lat' dir='ltr'><strong>qua</strong></span> <span class='ocrx_word' id='word_1_78' title='bbox 1033 1273 1354 1328; x_wconf 84' lang='lat' dir='ltr'><strong>nominatim</strong></span> <span class='ocrx_word' id='word_1_79' title='bbox 1394 1274 1456 1327; x_wconf 83' lang='grc' dir='ltr'><strong>τὸ</strong></span> <span class='ocrx_word' id='word_1_80' title='bbox 1501 1274 1841 1346; x_wconf 82' lang='grc' dir='ltr'><strong>ὁμοιούσιον,</strong></span> 
     </span>
    </p>
   </div>
   <div class='ocr_carea' id='block_1_14' title="bbox 261 1365 1844 1436">
    <p class='ocr_par' dir='ltr' id='par_1_14' title="bbox 261 1365 1844 1436">
     <span class='ocr_line' id='line_1_14' title="bbox 261 1365 1844 1436; baseline 0.003 -18"><span class='ocrx_word' id='word_1_81' title='bbox 261 1365 738 1436; x_wconf 84' lang='lat' dir='ltr'><strong>quemadmodum</strong></span> <span class='ocrx_word' id='word_1_82' title='bbox 767 1373 820 1420; x_wconf 88' lang='lat' dir='ltr'><strong>et</strong></span> <span class='ocrx_word' id='word_1_83' title='bbox 853 1365 914 1418; x_wconf 83' lang='grc' dir='ltr'><strong>τὺ</strong></span> <span class='ocrx_word' id='word_1_84' title='bbox 944 1365 1250 1436; x_wconf 78' lang='grc' dir='ltr'><strong>ὁμοούσιον,</strong></span> <span class='ocrx_word' id='word_1_85' title='bbox 1301 1366 1562 1435; x_wconf 84' lang='lat' dir='ltr'><strong>rejecturn</strong></span> <span class='ocrx_word' id='word_1_86' title='bbox 1595 1376 1706 1432; x_wconf 91' lang='lat' dir='ltr'><strong>est;</strong></span> <span class='ocrx_word' id='word_1_87' title='bbox 1735 1367 1844 1422; x_wconf 89' lang='lat' dir='ltr'><strong>imo</strong></span> 
     </span>
    </p>
   </div>
   <div class='ocr_carea' id='block_1_15' title="bbox 263 1455 1846 1526">
    <p class='ocr_par' dir='ltr' id='par_1_15' title="bbox 263 1455 1846 1526">
     <span class='ocr_line' id='line_1_15' title="bbox 263 1455 1846 1526; baseline 0 -16"><span class='ocrx_word' id='word_1_88' title='bbox 263 1469 400 1512; x_wconf 65' lang='lat' dir='ltr'><strong>vero</strong></span> <span class='ocrx_word' id='word_1_89' title='bbox 421 1455 685 1519; x_wconf 70' lang='grc' dir='ltr'><strong>θιούσιας</strong></span> <span class='ocrx_word' id='word_1_90' title='bbox 715 1469 914 1510; x_wconf 88' lang='lat' dir='ltr'><strong>nomen</strong></span> <span class='ocrx_word' id='word_1_91' title='bbox 955 1455 1170 1526; x_wconf 90' lang='lat' dir='ltr'><strong>ipsum;</strong></span> <span class='ocrx_word' id='word_1_92' title='bbox 1218 1470 1280 1512; x_wconf 89' lang='lat' dir='ltr'><strong>ac</strong></span> <span class='ocrx_word' id='word_1_93' title='bbox 1313 1469 1572 1525; x_wconf 72' lang='lat' dir='ltr'><strong>prmterea</strong></span> <span class='ocrx_word' id='word_1_94' title='bbox 1603 1472 1846 1526; x_wconf 85' lang='lat' dir='ltr'><strong>pronun-</strong></span> 
     </span>
    </p>
   </div>
   <div class='ocr_carea' id='block_1_16' title="bbox 265 1549 1846 1622">
    <p class='ocr_par' dir='ltr' id='par_1_16' title="bbox 265 1549 1846 1622">
     <span class='ocr_line' id='line_1_16' title="bbox 265 1549 1846 1622; baseline 0.001 -18"><span class='ocrx_word' id='word_1_95' title='bbox 265 1551 464 1604; x_wconf 88' lang='lat' dir='ltr'><strong>tiatum</strong></span> <span class='ocrx_word' id='word_1_96' title='bbox 521 1572 532 1604; x_wconf 92' lang='lat'>:</span> <span class='ocrx_word' id='word_1_97' title='bbox 587 1549 800 1606; x_wconf 88' lang='lat' dir='ltr'><strong>Patrem</strong></span> <span class='ocrx_word' id='word_1_98' title='bbox 853 1551 1094 1614; x_wconf 89' lang='lat' dir='ltr'><strong>honore,</strong></span> <span class='ocrx_word' id='word_1_99' title='bbox 1147 1551 1432 1622; x_wconf 79' lang='lat' dir='ltr'><strong>dignitate,</strong></span> <span class='ocrx_word' id='word_1_100' title='bbox 1501 1551 1748 1606; x_wconf 74' lang='lat' dir='ltr'><strong>claritate</strong></span> <span class='ocrx_word' id='word_1_101' title='bbox 1793 1564 1846 1606; x_wconf 89' lang='lat' dir='ltr'><strong>et</strong></span> 
     </span>
    </p>
   </div>
   <div class='ocr_carea' id='block_1_17' title="bbox 265 1641 1846 1713">
    <p class='ocr_par' dir='ltr' id='par_1_17' title="bbox 265 1641 1846 1713">
     <span class='ocr_line' id='line_1_17' title="bbox 265 1641 1846 1713; baseline 0 -17"><span class='ocrx_word' id='word_1_102' title='bbox 265 1643 558 1711; x_wconf 83' lang='lat' dir='ltr'><strong>majestate</strong></span> <span class='ocrx_word' id='word_1_103' title='bbox 589 1641 852 1710; x_wconf 84' lang='lat' dir='ltr'><strong>majorem</strong></span> <span class='ocrx_word' id='word_1_104' title='bbox 877 1657 998 1698; x_wconf 91' lang='lat' dir='ltr'><strong>esse</strong></span> <span class='ocrx_word' id='word_1_105' title='bbox 1037 1641 1198 1708; x_wconf 84' lang='lat' dir='ltr'><strong>Filio,</strong></span> <span class='ocrx_word' id='word_1_106' title='bbox 1223 1645 1319 1713; x_wconf 91' lang='lat' dir='ltr'><strong>qui</strong></span> <span class='ocrx_word' id='word_1_107' title='bbox 1341 1642 1484 1696; x_wconf 85' lang='lat' dir='ltr'><strong>Patri</strong></span> <span class='ocrx_word' id='word_1_108' title='bbox 1517 1659 1642 1696; x_wconf 92' lang='lat' dir='ltr'><strong>cum</strong></span> <span class='ocrx_word' id='word_1_109' title='bbox 1669 1643 1846 1698; x_wconf 60' lang='lat' dir='ltr'><strong>omni.</strong></span> 
     </span>
    </p>
   </div>
   <div class='ocr_carea' id='block_1_18' title="bbox 264 1733 1846 1804">
    <p class='ocr_par' dir='ltr' id='par_1_18' title="bbox 264 1733 1846 1804">
     <span class='ocr_line' id='line_1_18' title="bbox 264 1733 1846 1804; baseline 0 -16"><span class='ocrx_word' id='word_1_110' title='bbox 264 1733 374 1788; x_wconf 86' lang='lat' dir='ltr'><strong>bus</strong></span> <span class='ocrx_word' id='word_1_111' title='bbox 395 1735 466 1788; x_wconf 91' lang='lat' dir='ltr'><strong>ab</strong></span> <span class='ocrx_word' id='word_1_112' title='bbox 497 1749 562 1788; x_wconf 91' lang='lat' dir='ltr'><strong>eo</strong></span> <span class='ocrx_word' id='word_1_113' title='bbox 583 1734 688 1790; x_wconf 87' lang='lat' dir='ltr'><strong>sibi</strong></span> <span class='ocrx_word' id='word_1_114' title='bbox 712 1734 972 1804; x_wconf 83' lang='lat' dir='ltr'><strong>subjectis</strong></span> <span class='ocrx_word' id='word_1_115' title='bbox 995 1735 1066 1790; x_wconf 92' lang='lat' dir='ltr'><strong>sit</strong></span> <span class='ocrx_word' id='word_1_116' title='bbox 1093 1735 1206 1804; x_wconf 90' lang='lat' dir='ltr'><strong>ipse</strong></span> <span class='ocrx_word' id='word_1_117' title='bbox 1232 1733 1530 1804; x_wconf 84' lang='lat' dir='ltr'><strong>subjectus.</strong></span> <span class='ocrx_word' id='word_1_118' title='bbox 1562 1733 1846 1800; x_wconf 83' lang='lat' dir='ltr'><strong>Quomodo</strong></span> 
     </span>
    </p>
   </div>
   <div class='ocr_carea' id='block_1_19' title="bbox 1945 541 3510 614">
    <p class='ocr_par' dir='ltr' id='par_1_19' title="bbox 1945 541 3510 614">
     <span class='ocr_line' id='line_1_19' title="bbox 1945 541 3510 614; baseline 0.003 -16"><span class='ocrx_word' id='word_1_119' title='bbox 1945 543 2036 598; x_wconf 86' lang='lat' dir='ltr'><strong>bio</strong></span> <span class='ocrx_word' id='word_1_120' title='bbox 2073 557 2138 598; x_wconf 79' lang='lat' dir='ltr'><strong>ex</strong></span> <span class='ocrx_word' id='word_1_121' title='bbox 2167 543 2316 598; x_wconf 80' lang='lat' dir='ltr'><strong>Actis</strong></span> <span class='ocrx_word' id='word_1_122' title='bbox 2339 543 2552 598; x_wconf 85' lang='lat' dir='ltr'><strong>concilii</strong></span> <span class='ocrx_word' id='word_1_123' title='bbox 2587 541 2904 598; x_wconf 87' lang='lat' dir='ltr'><strong>Sirmiensis</strong></span> <span class='ocrx_word' id='word_1_124' title='bbox 2933 553 3268 614; x_wconf 85' lang='lat' dir='ltr'><strong>compertum</strong></span> <span class='ocrx_word' id='word_1_125' title='bbox 3299 545 3510 602; x_wconf 86' lang='lat' dir='ltr'><strong>habue-</strong></span> 
     </span>
    </p>
   </div>
   <div class='ocr_carea' id='block_1_20' title="bbox 1945 629 3512 706">
    <p class='ocr_par' dir='ltr' id='par_1_20' title="bbox 1945 629 3512 706">
     <span class='ocr_line' id='line_1_20' title="bbox 1945 629 3512 706; baseline 0.004 -22"><span class='ocrx_word' id='word_1_126' title='bbox 1945 639 2088 686; x_wconf 88' lang='lat' dir='ltr'><strong>rant.</strong></span> <span class='ocrx_word' id='word_1_127' title='bbox 2123 629 2238 685; x_wconf 87' lang='lat' dir='ltr'><strong>Hoc</strong></span> <span class='ocrx_word' id='word_1_128' title='bbox 2259 631 2404 685; x_wconf 91' lang='lat' dir='ltr'><strong>enim</strong></span> <span class='ocrx_word' id='word_1_129' title='bbox 2435 646 2466 686; x_wconf 90' lang='lat' dir='ltr'><strong>e</strong></span> <span class='ocrx_word' id='word_1_130' title='bbox 2489 631 2863 700; x_wconf 86' lang='lat' dir='ltr'><strong>superioribus</strong></span> <span class='ocrx_word' id='word_1_131' title='bbox 2896 632 3240 700; x_wconf 88' lang='lat' dir='ltr'><strong>abstulimus,</strong></span> <span class='ocrx_word' id='word_1_132' title='bbox 3281 651 3512 706; x_wconf 71' lang='lat' dir='ltr'><strong>prteser-</strong></span> 
     </span>
    </p>
   </div>
   <div class='ocr_carea' id='block_1_21' title="bbox 1945 719 3514 792">
    <p class='ocr_par' dir='ltr' id='par_1_21' title="bbox 1945 719 3514 792">
     <span class='ocr_line' id='line_1_21' title="bbox 1945 719 3514 792; baseline 0.006 -20"><span class='ocrx_word' id='word_1_133' title='bbox 1945 719 2043 772; x_wconf 91' lang='lat' dir='ltr'><strong>tim</strong></span> <span class='ocrx_word' id='word_1_134' title='bbox 2079 734 2143 774; x_wconf 80' lang='lat' dir='ltr'><strong>ex</strong></span> <span class='ocrx_word' id='word_1_135' title='bbox 2179 720 2405 774; x_wconf 85' lang='lat' dir='ltr'><strong>historia</strong></span> <span class='ocrx_word' id='word_1_136' title='bbox 2446 719 2684 789; x_wconf 90' lang='lat' dir='ltr'><strong>Sulpitii,</strong></span> <span class='ocrx_word' id='word_1_137' title='bbox 2733 723 3000 792; x_wconf 82' lang='lat' dir='ltr'><strong>synodum</strong></span> <span class='ocrx_word' id='word_1_138' title='bbox 3044 725 3190 778; x_wconf 88' lang='lat' dir='ltr'><strong>illam</strong></span> <span class='ocrx_word' id='word_1_139' title='bbox 3227 737 3350 781; x_wconf 86' lang='lat' dir='ltr'><strong>ante</strong></span> <span class='ocrx_word' id='word_1_140' title='bbox 3381 727 3514 783; x_wconf 54' lang='lat' dir='ltr'><strong>Are-</strong></span> 
     </span>
    </p>
   </div>
   <div class='ocr_carea' id='block_1_22' title="bbox 1947 810 3511 884">
    <p class='ocr_par' dir='ltr' id='par_1_22' title="bbox 1947 810 3511 884">
     <span class='ocr_line' id='line_1_22' title="bbox 1947 810 3511 884; baseline 0.003 -20"><span class='ocrx_word' id='word_1_141' title='bbox 1947 810 2155 866; x_wconf 89' lang='lat' dir='ltr'><strong>latense</strong></span> <span class='ocrx_word' id='word_1_142' title='bbox 2203 819 2257 864; x_wconf 82' lang='lat' dir='ltr'><strong>et</strong></span> <span class='ocrx_word' id='word_1_143' title='bbox 2299 812 2604 868; x_wconf 83' lang='lat' dir='ltr'><strong>Biterrense</strong></span> <span class='ocrx_word' id='word_1_144' title='bbox 2647 813 2940 868; x_wconf 84' lang='lat' dir='ltr'><strong>concilium</strong></span> <span class='ocrx_word' id='word_1_145' title='bbox 2995 817 3251 873; x_wconf 88' lang='lat' dir='ltr'><strong>indictam</strong></span> <span class='ocrx_word' id='word_1_146' title='bbox 3309 818 3511 884; x_wconf 76' lang='lat' dir='ltr'><strong>fuisse;</strong></span> 
     </span>
    </p>
   </div>
   <div class='ocr_carea' id='block_1_23' title="bbox 1947 903 3513 976">
    <p class='ocr_par' dir='ltr' id='par_1_23' title="bbox 1947 903 3513 976">
     <span class='ocr_line' id='line_1_23' title="bbox 1947 903 3513 976; baseline 0.006 -20"><span class='ocrx_word' id='word_1_147' title='bbox 1947 903 2053 956; x_wconf 89' lang='lat' dir='ltr'><strong>hoc</strong></span> <span class='ocrx_word' id='word_1_148' title='bbox 2091 911 2173 956; x_wconf 90' lang='lat' dir='ltr'><strong>cst</strong></span> <span class='ocrx_word' id='word_1_149' title='bbox 2215 916 2342 958; x_wconf 85' lang='lat' dir='ltr'><strong>ante</strong></span> <span class='ocrx_word' id='word_1_150' title='bbox 2383 919 2588 958; x_wconf 90' lang='lat' dir='ltr'><strong>annum</strong></span> <span class='ocrx_word' id='word_1_151' title='bbox 2635 905 2759 960; x_wconf 78' lang='grc'><strong>555.</strong></span> <span class='ocrx_word' id='word_1_152' title='bbox 2815 905 2980 976; x_wconf 89' lang='lat' dir='ltr'><strong>Igitur</strong></span> <span class='ocrx_word' id='word_1_153' title='bbox 3021 909 3074 960; x_wconf 94' lang='lat' dir='ltr'><strong>in</strong></span> <span class='ocrx_word' id='word_1_154' title='bbox 3113 924 3315 964; x_wconf 93' lang='lat' dir='ltr'><strong>annum</strong></span> <span class='ocrx_word' id='word_1_155' title='bbox 3361 912 3513 964; x_wconf 90' lang='lat' dir='ltr'><strong>illum</strong></span> 
     </span>
    </p>
   </div>
   <div class='ocr_carea' id='block_1_24' title="bbox 1947 993 3514 1064">
    <p class='ocr_par' dir='ltr' id='par_1_24' title="bbox 1947 993 3514 1064">
     <span class='ocr_line' id='line_1_24' title="bbox 1947 993 3514 1064; baseline 0.006 -17"><span class='ocrx_word' id='word_1_156' title='bbox 1947 993 2222 1058; x_wconf 89' lang='lat' dir='ltr'><strong>convenit,</strong></span> <span class='ocrx_word' id='word_1_157' title='bbox 2255 1009 2416 1064; x_wconf 82' lang='lat' dir='ltr'><strong>quem</strong></span> <span class='ocrx_word' id='word_1_158' title='bbox 2445 995 2688 1050; x_wconf 91' lang='lat' dir='ltr'><strong>historici</strong></span> <span class='ocrx_word' id='word_1_159' title='bbox 2723 1005 2932 1052; x_wconf 87' lang='lat' dir='ltr'><strong>veteres</strong></span> <span class='ocrx_word' id='word_1_160' title='bbox 2957 998 3304 1052; x_wconf 66' lang='lat' dir='ltr'><strong>adnotat-unt.</strong></span> <span class='ocrx_word' id='word_1_161' title='bbox 3331 998 3434 1054; x_wconf 87' lang='lat' dir='ltr'><strong>Sed</strong></span> <span class='ocrx_word' id='word_1_162' title='bbox 3461 1002 3514 1056; x_wconf 92' lang='lat' dir='ltr'><strong>in</strong></span> 
     </span>
    </p>
   </div>
   <div class='ocr_carea' id='block_1_25' title="bbox 1947 1085 3518 1160">
    <p class='ocr_par' dir='ltr' id='par_1_25' title="bbox 1947 1085 3518 1160">
     <span class='ocr_line' id='line_1_25' title="bbox 1947 1085 3518 1160; baseline 0.006 -22"><span class='ocrx_word' id='word_1_163' title='bbox 1947 1098 2014 1138; x_wconf 90' lang='lat' dir='ltr'><strong>eo</strong></span> <span class='ocrx_word' id='word_1_164' title='bbox 2048 1085 2362 1140; x_wconf 87' lang='lat' dir='ltr'><strong>hallucinati</strong></span> <span class='ocrx_word' id='word_1_165' title='bbox 2393 1095 2540 1152; x_wconf 89' lang='lat' dir='ltr'><strong>sunt,</strong></span> <span class='ocrx_word' id='word_1_166' title='bbox 2581 1087 2724 1157; x_wconf 90' lang='lat' dir='ltr'><strong>quod</strong></span> <span class='ocrx_word' id='word_1_167' title='bbox 2757 1105 2878 1143; x_wconf 89' lang='lat' dir='ltr'><strong>cum</strong></span> <span class='ocrx_word' id='word_1_168' title='bbox 2925 1089 3116 1160; x_wconf 80' lang='lat' dir='ltr'><strong>triplex</strong></span> <span class='ocrx_word' id='word_1_169' title='bbox 3157 1089 3342 1146; x_wconf 88' lang='lat' dir='ltr'><strong>Sirtnii</strong></span> <span class='ocrx_word' id='word_1_170' title='bbox 3373 1093 3518 1148; x_wconf 86' lang='lat' dir='ltr'><strong>edita</strong></span> 
     </span>
    </p>
   </div>
   <div class='ocr_carea' id='block_1_26' title="bbox 1948 1176 3519 1252">
    <p class='ocr_par' dir='ltr' id='par_1_26' title="bbox 1948 1176 3519 1252">
     <span class='ocr_line' id='line_1_26' title="bbox 1948 1176 3519 1252; baseline 0.006 -22"><span class='ocrx_word' id='word_1_171' title='bbox 1948 1185 2093 1230; x_wconf 78' lang='lat' dir='ltr'><strong>esset</strong></span> <span class='ocrx_word' id='word_1_172' title='bbox 2123 1176 2244 1230; x_wconf 82' lang='lat' dir='ltr'><strong>fidei</strong></span> <span class='ocrx_word' id='word_1_173' title='bbox 2279 1178 2570 1246; x_wconf 89' lang='lat' dir='ltr'><strong>professio,</strong></span> <span class='ocrx_word' id='word_1_174' title='bbox 2607 1195 2716 1234; x_wconf 91' lang='lat' dir='ltr'><strong>uno</strong></span> <span class='ocrx_word' id='word_1_175' title='bbox 2758 1180 3058 1250; x_wconf 84' lang='lat' dir='ltr'><strong>eodemque</strong></span> <span class='ocrx_word' id='word_1_176' title='bbox 3109 1192 3352 1252; x_wconf 84' lang='lat' dir='ltr'><strong>tempore</strong></span> <span class='ocrx_word' id='word_1_177' title='bbox 3394 1195 3446 1239; x_wconf 89' lang='lat' dir='ltr'><strong>et</strong></span> <span class='ocrx_word' id='word_1_178' title='bbox 3487 1201 3519 1238; x_wconf 85' lang='lat' dir='ltr'><strong>a</strong></span> 
     </span>
    </p>
   </div>
   <div class='ocr_carea' id='block_1_27' title="bbox 1949 1269 3518 1339">
    <p class='ocr_par' dir='ltr' id='par_1_27' title="bbox 1949 1269 3518 1339">
     <span class='ocr_line' id='line_1_27' title="bbox 1949 1269 3518 1339; baseline 0.004 -15"><span class='ocrx_word' id='word_1_179' title='bbox 1949 1269 2160 1339; x_wconf 89' lang='lat' dir='ltr'><strong>synodo</strong></span> <span class='ocrx_word' id='word_1_180' title='bbox 2204 1269 2450 1324; x_wconf 87' lang='lat' dir='ltr'><strong>decretas</strong></span> <span class='ocrx_word' id='word_1_181' title='bbox 2500 1285 2690 1326; x_wconf 85' lang='lat' dir='ltr'><strong>omnes</strong></span> <span class='ocrx_word' id='word_1_182' title='bbox 2743 1273 3143 1328; x_wconf 73' lang='lat' dir='ltr'><strong>existimarunt.</strong></span> <span class='ocrx_word' id='word_1_183' title='bbox 3173 1273 3242 1327; x_wconf 80' lang='lat' dir='ltr'><strong>At</strong></span> <span class='ocrx_word' id='word_1_184' title='bbox 3281 1275 3330 1328; x_wconf 91' lang='lat' dir='ltr'><strong>id</strong></span> <span class='ocrx_word' id='word_1_185' title='bbox 3361 1292 3518 1332; x_wconf 83' lang='lat' dir='ltr'><strong>secus</strong></span> 
     </span>
    </p>
   </div>
   <div class='ocr_carea' id='block_1_28' title="bbox 1948 1357 3520 1434">
    <p class='ocr_par' dir='ltr' id='par_1_28' title="bbox 1948 1357 3520 1434">
     <span class='ocr_line' id='line_1_28' title="bbox 1948 1357 3520 1434; baseline 0.005 -24"><span class='ocrx_word' id='word_1_186' title='bbox 1948 1371 2068 1412; x_wconf 89' lang='lat' dir='ltr'><strong>sese</strong></span> <span class='ocrx_word' id='word_1_187' title='bbox 2104 1357 2300 1425; x_wconf 85' lang='lat' dir='ltr'><strong>habet;</strong></span> <span class='ocrx_word' id='word_1_188' title='bbox 2341 1375 2463 1414; x_wconf 88' lang='lat' dir='ltr'><strong>nam</strong></span> <span class='ocrx_word' id='word_1_189' title='bbox 2501 1362 2552 1414; x_wconf 89' lang='lat' dir='ltr'><strong>in</strong></span> <span class='ocrx_word' id='word_1_190' title='bbox 2589 1362 2824 1416; x_wconf 90' lang='lat' dir='ltr'><strong>concilio</strong></span> <span class='ocrx_word' id='word_1_191' title='bbox 2855 1363 3138 1418; x_wconf 80' lang='lat' dir='ltr'><strong>Sirmieusi</strong></span> <span class='ocrx_word' id='word_1_192' title='bbox 3173 1367 3344 1434; x_wconf 88' lang='lat' dir='ltr'><strong>prima</strong></span> <span class='ocrx_word' id='word_1_193' title='bbox 3377 1367 3520 1420; x_wconf 82' lang='lat' dir='ltr'><strong>dun-</strong></span> 
     </span>
    </p>
   </div>
   <div class='ocr_carea' id='block_1_29' title="bbox 1950 1451 3522 1524">
    <p class='ocr_par' dir='ltr' id='par_1_29' title="bbox 1950 1451 3522 1524">
     <span class='ocr_line' id='line_1_29' title="bbox 1950 1451 3522 1524; baseline 0.008 -22"><span class='ocrx_word' id='word_1_194' title='bbox 1950 1457 2100 1504; x_wconf 80' lang='lat' dir='ltr'><strong>taxat</strong></span> <span class='ocrx_word' id='word_1_195' title='bbox 2167 1451 2256 1505; x_wconf 88' lang='lat' dir='ltr'><strong>illa</strong></span> <span class='ocrx_word' id='word_1_196' title='bbox 2317 1453 2520 1507; x_wconf 88' lang='lat' dir='ltr'><strong>dictata</strong></span> <span class='ocrx_word' id='word_1_197' title='bbox 2585 1463 2687 1522; x_wconf 88' lang='lat' dir='ltr'><strong>est,</strong></span> <span class='ocrx_word' id='word_1_198' title='bbox 2751 1471 2856 1524; x_wconf 91' lang='lat' dir='ltr'><strong>qua</strong></span> <span class='ocrx_word' id='word_1_199' title='bbox 2924 1455 3235 1512; x_wconf 87' lang='lat' dir='ltr'><strong>Photiniani</strong></span> <span class='ocrx_word' id='word_1_200' title='bbox 3309 1475 3522 1514; x_wconf 86' lang='lat' dir='ltr'><strong>errores</strong></span> 
     </span>
    </p>
   </div>
   <div class='ocr_carea' id='block_1_30' title="bbox 1949 1542 3522 1616">
    <p class='ocr_par' dir='ltr' id='par_1_30' title="bbox 1949 1542 3522 1616">
     <span class='ocr_line' id='line_1_30' title="bbox 1949 1542 3522 1616; baseline 0.006 -20"><span class='ocrx_word' id='word_1_201' title='bbox 1949 1542 2298 1610; x_wconf 86' lang='lat' dir='ltr'><strong>damnantur,</strong></span> <span class='ocrx_word' id='word_1_202' title='bbox 2319 1559 2592 1616; x_wconf 89' lang='lat' dir='ltr'><strong>quarnqne</strong></span> <span class='ocrx_word' id='word_1_203' title='bbox 2615 1555 2672 1600; x_wconf 94' lang='lat' dir='ltr'><strong>ut</strong></span> <span class='ocrx_word' id='word_1_204' title='bbox 2701 1547 2840 1616; x_wconf 90' lang='lat' dir='ltr'><strong>piam</strong></span> <span class='ocrx_word' id='word_1_205' title='bbox 2863 1563 2926 1602; x_wconf 89' lang='lat' dir='ltr'><strong>ac</strong></span> <span class='ocrx_word' id='word_1_206' title='bbox 2959 1550 3282 1604; x_wconf 78' lang='lat' dir='ltr'><strong>catholicam</strong></span> <span class='ocrx_word' id='word_1_207' title='bbox 3315 1552 3522 1606; x_wconf 83' lang='lat' dir='ltr'><strong>descri-</strong></span> 
     </span>
    </p>
   </div>
   <div class='ocr_carea' id='block_1_31' title="bbox 1949 1635 3518 1710">
    <p class='ocr_par' dir='ltr' id='par_1_31' title="bbox 1949 1635 3518 1710">
     <span class='ocr_line' id='line_1_31' title="bbox 1949 1635 3518 1710; baseline 0.008 -25"><span class='ocrx_word' id='word_1_208' title='bbox 1949 1635 2058 1703; x_wconf 87' lang='lat' dir='ltr'><strong>psit</strong></span> <span class='ocrx_word' id='word_1_209' title='bbox 2091 1647 2254 1705; x_wconf 87' lang='lat' dir='ltr'><strong>atque</strong></span> <span class='ocrx_word' id='word_1_210' title='bbox 2291 1637 2579 1706; x_wconf 76' lang='lat' dir='ltr'><strong>explicavit</strong></span> <span class='ocrx_word' id='word_1_211' title='bbox 2609 1637 2864 1694; x_wconf 79' lang='lat' dir='ltr'><strong>Hilarius.</strong></span> <span class='ocrx_word' id='word_1_212' title='bbox 2895 1639 3216 1710; x_wconf 81' lang='lat' dir='ltr'><strong>Quanquam</strong></span> <span class='ocrx_word' id='word_1_213' title='bbox 3245 1644 3298 1696; x_wconf 90' lang='lat' dir='ltr'><strong>in</strong></span> <span class='ocrx_word' id='word_1_214' title='bbox 3331 1644 3518 1698; x_wconf 87' lang='lat' dir='ltr'><strong>eadem</strong></span> 
     </span>
    </p>
   </div>
   <div class='ocr_carea' id='block_1_32' title="bbox 1951 1728 3522 1803">
    <p class='ocr_par' dir='ltr' id='par_1_32' title="bbox 1951 1728 3522 1803">
     <span class='ocr_line' id='line_1_32' title="bbox 1951 1728 3522 1803; baseline 0.005 -21"><span class='ocrx_word' id='word_1_215' title='bbox 1951 1728 2162 1798; x_wconf 83' lang='lat' dir='ltr'><strong>synodo</strong></span> <span class='ocrx_word' id='word_1_216' title='bbox 2192 1728 2456 1784; x_wconf 86' lang='lat' dir='ltr'><strong>adversus</strong></span> <span class='ocrx_word' id='word_1_217' title='bbox 2491 1730 2848 1786; x_wconf 82' lang='lat' dir='ltr'><strong>Athanasium</strong></span> <span class='ocrx_word' id='word_1_218' title='bbox 2897 1732 3098 1802; x_wconf 85' lang='lat' dir='ltr'><strong>aliquid</strong></span> <span class='ocrx_word' id='word_1_219' title='bbox 3144 1745 3402 1803; x_wconf 67' lang='lat' dir='ltr'><strong>praeterea</strong></span> <span class='ocrx_word' id='word_1_220' title='bbox 3426 1735 3522 1790; x_wconf 86' lang='lat' dir='ltr'><strong>dc-</strong></span> 
     </span>
    </p>
   </div>
   <div class='ocr_carea' id='block_1_33' title="bbox 263 1805 3520 1896">
    <p class='ocr_par' dir='ltr' id='par_1_33' title="bbox 263 1805 3520 1896">
     <span class='ocr_line' id='line_1_33' title="bbox 263 1805 3520 1896; baseline 0.002 -19"><span class='ocrx_word' id='word_1_221' title='bbox 263 1824 415 1878; x_wconf 88' lang='lat' dir='ltr'><strong>enim</strong></span> <span class='ocrx_word' id='word_1_222' title='bbox 481 1825 598 1880; x_wconf 74' lang='lat' dir='ltr'><strong>hazc</strong></span> <span class='ocrx_word' id='word_1_223' title='bbox 655 1825 946 1894; x_wconf 83' lang='lat' dir='ltr'><strong>approbari</strong></span> <span class='ocrx_word' id='word_1_224' title='bbox 995 1839 1024 1878; x_wconf 92' lang='lat' dir='ltr'><strong>a</strong></span> <span class='ocrx_word' id='word_1_225' title='bbox 1079 1823 1294 1880; x_wconf 89' lang='lat' dir='ltr'><strong>Liberio</strong></span> <span class='ocrx_word' id='word_1_226' title='bbox 1352 1834 1686 1894; x_wconf 83' lang='lat' dir='ltr'><strong>potuerunt,</strong></span> <span class='ocrx_word' id='word_1_227' title='bbox 1748 1826 1848 1896; x_wconf 85' lang='lat' dir='ltr'><strong>qui</strong></span> <span class='ocrx_word' id='word_1_228' title='bbox 1880 1805 1921 1859; x_wconf 67' lang='grc' dir='ltr'><strong>Β</strong></span> <span class='ocrx_word' id='word_1_229' title='bbox 1955 1831 2166 1875; x_wconf 76' lang='lat' dir='ltr'><strong>cretum</strong></span> <span class='ocrx_word' id='word_1_230' title='bbox 2203 1822 2270 1876; x_wconf 88' lang='lat' dir='ltr'><strong>ab</strong></span> <span class='ocrx_word' id='word_1_231' title='bbox 2301 1822 2521 1878; x_wconf 86' lang='lat' dir='ltr'><strong>Arianis</strong></span> <span class='ocrx_word' id='word_1_232' title='bbox 2567 1831 2795 1879; x_wconf 88' lang='lat' dir='ltr'><strong>testatur</strong></span> <span class='ocrx_word' id='word_1_233' title='bbox 2836 1823 3125 1892; x_wconf 89' lang='lat' dir='ltr'><strong>Sulpitius.</strong></span> <span class='ocrx_word' id='word_1_234' title='bbox 3158 1828 3362 1881; x_wconf 84' lang='lat' dir='ltr'><strong>Auctor</strong></span> <span class='ocrx_word' id='word_1_235' title='bbox 3391 1841 3520 1882; x_wconf 88' lang='lat' dir='ltr'><strong>vero</strong></span> 
     </span>
    </p>
   </div>
   <div class='ocr_carea' id='block_1_34' title="bbox 263 1916 1842 1991">
    <p class='ocr_par' dir='ltr' id='par_1_34' title="bbox 263 1916 1842 1991">
     <span class='ocr_line' id='line_1_34' title="bbox 263 1916 1842 1991; baseline 0 -19"><span class='ocrx_word' id='word_1_236' title='bbox 263 1917 550 1987; x_wconf 88' lang='lat' dir='ltr'><strong>conceptis</strong></span> <span class='ocrx_word' id='word_1_237' title='bbox 595 1917 775 1972; x_wconf 83' lang='lat' dir='ltr'><strong>verbis</strong></span> <span class='ocrx_word' id='word_1_238' title='bbox 833 1916 978 1971; x_wconf 84' lang='lat' dir='ltr'><strong>Patri</strong></span> <span class='ocrx_word' id='word_1_239' title='bbox 1037 1933 1133 1986; x_wconf 90' lang='lat' dir='ltr'><strong>per</strong></span> <span class='ocrx_word' id='word_1_240' title='bbox 1196 1918 1415 1984; x_wconf 89' lang='lat' dir='ltr'><strong>omnia,</strong></span> <span class='ocrx_word' id='word_1_241' title='bbox 1479 1919 1722 1988; x_wconf 85' lang='lat' dir='ltr'><strong>adeoque</strong></span> <span class='ocrx_word' id='word_1_242' title='bbox 1775 1923 1842 1991; x_wconf 83' lang='grc' dir='ltr'>τῇ</span> 
     </span>
    </p>
   </div>
   <div class='ocr_carea' id='block_1_35' title="bbox 263 2008 1844 2082">
    <p class='ocr_par' dir='ltr' id='par_1_35' title="bbox 263 2008 1844 2082">
     <span class='ocr_line' id='line_1_35' title="bbox 263 2008 1844 2082; baseline 0.004 -21"><span class='ocrx_word' id='word_1_243' title='bbox 263 2008 430 2082; x_wconf 76' lang='grc' dir='ltr'><strong>οὐσίᾳ</strong></span> <span class='ocrx_word' id='word_1_244' title='bbox 467 2009 702 2063; x_wconf 91' lang='lat' dir='ltr'><strong>similem</strong></span> <span class='ocrx_word' id='word_1_245' title='bbox 757 2023 880 2064; x_wconf 88' lang='lat' dir='ltr'><strong>esse</strong></span> <span class='ocrx_word' id='word_1_246' title='bbox 909 2008 1106 2063; x_wconf 85' lang='lat' dir='ltr'><strong>Filium</strong></span> <span class='ocrx_word' id='word_1_247' title='bbox 1141 2011 1403 2066; x_wconf 83' lang='lat' dir='ltr'><strong>edixerit?</strong></span> <span class='ocrx_word' id='word_1_248' title='bbox 1441 2010 1546 2068; x_wconf 86' lang='lat' dir='ltr'><strong>Sed</strong></span> <span class='ocrx_word' id='word_1_249' title='bbox 1583 2013 1844 2068; x_wconf 90' lang='lat' dir='ltr'><strong>nimirum</strong></span> 
     </span>
    </p>
   </div>
   <div class='ocr_carea' id='block_1_36' title="bbox 266 2100 1844 2174">
    <p class='ocr_par' dir='ltr' id='par_1_36' title="bbox 266 2100 1844 2174">
     <span class='ocr_line' id='line_1_36' title="bbox 266 2100 1844 2174; baseline 0.003 -20"><span class='ocrx_word' id='word_1_250' title='bbox 266 2100 576 2170; x_wconf 87' lang='lat' dir='ltr'><strong>simplicem</strong></span> <span class='ocrx_word' id='word_1_251' title='bbox 611 2101 680 2154; x_wconf 90' lang='lat' dir='ltr'><strong>ab</strong></span> <span class='ocrx_word' id='word_1_252' title='bbox 727 2115 794 2155; x_wconf 92' lang='lat' dir='ltr'><strong>eo</strong></span> <span class='ocrx_word' id='word_1_253' title='bbox 841 2100 1182 2156; x_wconf 88' lang='lat' dir='ltr'><strong>controversi</strong></span> <span class='ocrx_word' id='word_1_254' title='bbox 1215 2101 1462 2156; x_wconf 82' lang='lat' dir='ltr'><strong>vocabuli</strong></span> <span class='ocrx_word' id='word_1_255' title='bbox 1497 2105 1844 2174; x_wconf 88' lang='lat' dir='ltr'><strong>suppressio-</strong></span> 
     </span>
    </p>
   </div>
   <div class='ocr_carea' id='block_1_37' title="bbox 267 2191 1842 2266">
    <p class='ocr_par' dir='ltr' id='par_1_37' title="bbox 267 2191 1842 2266">
     <span class='ocr_line' id='line_1_37' title="bbox 267 2191 1842 2266; baseline 0.004 -21"><span class='ocrx_word' id='word_1_256' title='bbox 267 2208 392 2247; x_wconf 89' lang='lat' dir='ltr'><strong>nem</strong></span> <span class='ocrx_word' id='word_1_257' title='bbox 415 2208 542 2248; x_wconf 92' lang='lat' dir='ltr'><strong>cum</strong></span> <span class='ocrx_word' id='word_1_258' title='bbox 565 2191 944 2258; x_wconf 84' lang='lat' dir='ltr'><strong>extorsissent,</strong></span> <span class='ocrx_word' id='word_1_259' title='bbox 965 2203 1158 2248; x_wconf 70' lang='lat' dir='ltr'><strong>czetera</strong></span> <span class='ocrx_word' id='word_1_260' title='bbox 1187 2193 1254 2248; x_wconf 87' lang='lat' dir='ltr'><strong>ad</strong></span> <span class='ocrx_word' id='word_1_261' title='bbox 1280 2195 1426 2248; x_wconf 88' lang='lat' dir='ltr'><strong>illam</strong></span> <span class='ocrx_word' id='word_1_262' title='bbox 1447 2195 1842 2266; x_wconf 85' lang='lat' dir='ltr'><strong>adjunxerunt;</strong></span> 
     </span>
    </p>
   </div>
   <div class='ocr_carea' id='block_1_38' title="bbox 267 2285 1842 2355">
    <p class='ocr_par' dir='ltr' id='par_1_38' title="bbox 267 2285 1842 2355">
     <span class='ocr_line' id='line_1_38' title="bbox 267 2285 1842 2355; baseline 0.003 -16"><span class='ocrx_word' id='word_1_263' title='bbox 267 2299 446 2354; x_wconf 86' lang='lat' dir='ltr'><strong>eaque</strong></span> <span class='ocrx_word' id='word_1_264' title='bbox 487 2298 594 2350; x_wconf 88' lang='lat' dir='ltr'><strong>res,</strong></span> <span class='ocrx_word' id='word_1_265' title='bbox 637 2286 708 2340; x_wconf 92' lang='lat' dir='ltr'><strong>ob</strong></span> <span class='ocrx_word' id='word_1_266' title='bbox 741 2285 983 2340; x_wconf 88' lang='lat' dir='ltr'><strong>damnati</strong></span> <span class='ocrx_word' id='word_1_267' title='bbox 1017 2286 1314 2355; x_wconf 66' lang='lat' dir='ltr'><strong>praesertim</strong></span> <span class='ocrx_word' id='word_1_268' title='bbox 1361 2287 1644 2344; x_wconf 85' lang='lat' dir='ltr'><strong>Athanasii</strong></span> <span class='ocrx_word' id='word_1_269' title='bbox 1700 2290 1842 2343; x_wconf 64' lang='lat' dir='ltr'><strong>invi-</strong></span> 
     </span>
    </p>
   </div>
   <div class='ocr_carea' id='block_1_39' title="bbox 267 2376 1846 2447">
    <p class='ocr_par' dir='ltr' id='par_1_39' title="bbox 267 2376 1846 2447">
     <span class='ocr_line' id='line_1_39' title="bbox 267 2376 1846 2447; baseline 0.005 -19"><span class='ocrx_word' id='word_1_270' title='bbox 267 2377 442 2441; x_wconf 83' lang='lat' dir='ltr'><strong>diam,</strong></span> <span class='ocrx_word' id='word_1_271' title='bbox 495 2377 654 2432; x_wconf 83' lang='lat' dir='ltr'><strong>fidem</strong></span> <span class='ocrx_word' id='word_1_272' title='bbox 697 2377 840 2447; x_wconf 89' lang='lat' dir='ltr'><strong>apud</strong></span> <span class='ocrx_word' id='word_1_273' title='bbox 887 2376 1120 2432; x_wconf 88' lang='lat' dir='ltr'><strong>Arianos</strong></span> <span class='ocrx_word' id='word_1_274' title='bbox 1163 2377 1384 2447; x_wconf 86' lang='lat' dir='ltr'><strong>perinde</strong></span> <span class='ocrx_word' id='word_1_275' title='bbox 1431 2394 1494 2433; x_wconf 89' lang='lat' dir='ltr'><strong>ac</strong></span> <span class='ocrx_word' id='word_1_276' title='bbox 1545 2381 1846 2436; x_wconf 86' lang='lat' dir='ltr'><strong>catholicos</strong></span> 
     </span>
    </p>
   </div>
   <div class='ocr_carea' id='block_1_40' title="bbox 263 2467 528 2520">
    <p class='ocr_par' dir='ltr' id='par_1_40' title="bbox 263 2467 528 2520">
     <span class='ocr_line' id='line_1_40' title="bbox 263 2467 528 2520; baseline 0 0"><span class='ocrx_word' id='word_1_277' title='bbox 263 2467 528 2520; x_wconf 84' lang='lat' dir='ltr'><strong>obtinuit.</strong></span> 
     </span>
    </p>
   </div>
   <div class='ocr_carea' id='block_1_41' title="bbox 343 2551 1844 2632">
    <p class='ocr_par' dir='ltr' id='par_1_41' title="bbox 343 2551 1844 2632">
     <span class='ocr_line' id='line_1_41' title="bbox 343 2551 1844 2632; baseline 0.007 -27"><span class='ocrx_word' id='word_1_278' title='bbox 343 2551 444 2607; x_wconf 57' lang='lat' dir='ltr'><strong>[ibe</strong></span> <span class='ocrx_word' id='word_1_279' title='bbox 477 2553 612 2608; x_wconf 90' lang='lat' dir='ltr'><strong>mihi</strong></span> <span class='ocrx_word' id='word_1_280' title='bbox 646 2569 757 2624; x_wconf 77' lang='lat' dir='ltr'><strong>pra:</strong></span> <span class='ocrx_word' id='word_1_281' title='bbox 787 2555 996 2610; x_wconf 81' lang='lat' dir='ltr'><strong>caeteris</strong></span> <span class='ocrx_word' id='word_1_282' title='bbox 1029 2554 1218 2611; x_wconf 83' lang='lat' dir='ltr'><strong>Hilarii</strong></span> <span class='ocrx_word' id='word_1_283' title='bbox 1261 2560 1644 2615; x_wconf 86' lang='lat' dir='ltr'><strong>auctoritatem</strong></span> <span class='ocrx_word' id='word_1_284' title='bbox 1683 2562 1844 2632; x_wconf 90' lang='lat' dir='ltr'><strong>objici</strong></span> 
     </span>
    </p>
   </div>
   <div class='ocr_carea' id='block_1_42' title="bbox 269 2645 1848 2716">
    <p class='ocr_par' dir='ltr' id='par_1_42' title="bbox 269 2645 1848 2716">
     <span class='ocr_line' id='line_1_42' title="bbox 269 2645 1848 2716; baseline 0.006 -19"><span class='ocrx_word' id='word_1_285' title='bbox 269 2659 435 2713; x_wconf 86' lang='lat' dir='ltr'><strong>posse</strong></span> <span class='ocrx_word' id='word_1_286' title='bbox 461 2645 640 2710; x_wconf 86' lang='lat' dir='ltr'><strong>video,</strong></span> <span class='ocrx_word' id='word_1_287' title='bbox 675 2647 768 2715; x_wconf 91' lang='lat' dir='ltr'><strong>qui</strong></span> <span class='ocrx_word' id='word_1_288' title='bbox 802 2647 854 2700; x_wconf 91' lang='lat' dir='ltr'><strong>in</strong></span> <span class='ocrx_word' id='word_1_289' title='bbox 887 2645 1208 2716; x_wconf 78' lang='lat' dir='ltr'><strong>fragmentis</strong></span> <span class='ocrx_word' id='word_1_290' title='bbox 1237 2665 1266 2704; x_wconf 93' lang='lat' dir='ltr'><strong>a</strong></span> <span class='ocrx_word' id='word_1_291' title='bbox 1295 2649 1520 2705; x_wconf 80' lang='lat' dir='ltr'><strong>Nicolao</strong></span> <span class='ocrx_word' id='word_1_292' title='bbox 1543 2651 1718 2706; x_wconf 83' lang='lat' dir='ltr'><strong>Fabro</strong></span> <span class='ocrx_word' id='word_1_293' title='bbox 1741 2654 1848 2708; x_wconf 83' lang='lat' dir='ltr'><strong>edi-</strong></span> 
     </span>
    </p>
   </div>
   <div class='ocr_carea' id='block_1_43' title="bbox 267 2737 1844 2812">
    <p class='ocr_par' dir='ltr' id='par_1_43' title="bbox 267 2737 1844 2812">
     <span class='ocr_line' id='line_1_43' title="bbox 267 2737 1844 2812; baseline 0.004 -20"><span class='ocrx_word' id='word_1_294' title='bbox 267 2739 346 2794; x_wconf 88' lang='lat' dir='ltr'><strong>tis</strong></span> <span class='ocrx_word' id='word_1_295' title='bbox 379 2739 625 2807; x_wconf 82' lang='lat' dir='ltr'><strong>epistolae</strong></span> <span class='ocrx_word' id='word_1_296' title='bbox 653 2737 878 2802; x_wconf 83' lang='lat' dir='ltr'><strong>Liber-ii,</strong></span> <span class='ocrx_word' id='word_1_297' title='bbox 928 2755 1092 2809; x_wconf 82' lang='lat' dir='ltr'><strong>quam</strong></span> <span class='ocrx_word' id='word_1_298' title='bbox 1145 2741 1214 2795; x_wconf 88' lang='lat' dir='ltr'><strong>ad</strong></span> <span class='ocrx_word' id='word_1_299' title='bbox 1254 2739 1559 2798; x_wconf 87' lang='lat' dir='ltr'><strong>Orientales</strong></span> <span class='ocrx_word' id='word_1_300' title='bbox 1603 2744 1844 2812; x_wconf 89' lang='lat' dir='ltr'><strong>scripsit,</strong></span> 
     </span>
    </p>
   </div>
   <div class='ocr_carea' id='block_1_44' title="bbox 265 2829 1844 2905">
    <p class='ocr_par' dir='ltr' id='par_1_44' title="bbox 265 2829 1844 2905">
     <span class='ocr_line' id='line_1_44' title="bbox 265 2829 1844 2905; baseline 0.006 -23"><span class='ocrx_word' id='word_1_301' title='bbox 265 2846 492 2900; x_wconf 86' lang='lat' dir='ltr'><strong>quaque</strong></span> <span class='ocrx_word' id='word_1_302' title='bbox 511 2847 568 2885; x_wconf 89' lang='lat' dir='ltr'><strong>se</strong></span> <span class='ocrx_word' id='word_1_303' title='bbox 590 2847 620 2884; x_wconf 90' lang='lat' dir='ltr'><strong>a</strong></span> <span class='ocrx_word' id='word_1_304' title='bbox 648 2829 968 2900; x_wconf 88' lang='lat' dir='ltr'><strong>Demophilo</strong></span> <span class='ocrx_word' id='word_1_305' title='bbox 999 2831 1156 2886; x_wconf 83' lang='lat' dir='ltr'><strong>fidem</strong></span> <span class='ocrx_word' id='word_1_306' title='bbox 1182 2834 1530 2898; x_wconf 88' lang='lat' dir='ltr'><strong>catholicam,</strong></span> <span class='ocrx_word' id='word_1_307' title='bbox 1556 2851 1679 2905; x_wconf 69' lang='lat' dir='ltr'><strong>qua:</strong></span> <span class='ocrx_word' id='word_1_308' title='bbox 1702 2836 1844 2905; x_wconf 89' lang='lat' dir='ltr'><strong>apud</strong></span> 
     </span>
    </p>
   </div>
   <div class='ocr_carea' id='block_1_45' title="bbox 269 2920 1842 2998">
    <p class='ocr_par' dir='ltr' id='par_1_45' title="bbox 269 2920 1842 2998">
     <span class='ocr_line' id='line_1_45' title="bbox 269 2920 1842 2998; baseline 0.006 -24"><span class='ocrx_word' id='word_1_309' title='bbox 269 2920 542 2976; x_wconf 86' lang='lat' dir='ltr'><strong>Sirmium</strong></span> <span class='ocrx_word' id='word_1_310' title='bbox 560 2924 774 2992; x_wconf 89' lang='lat' dir='ltr'><strong>prodita</strong></span> <span class='ocrx_word' id='word_1_311' title='bbox 802 2931 906 2988; x_wconf 88' lang='lat' dir='ltr'><strong>est,</strong></span> <span class='ocrx_word' id='word_1_312' title='bbox 925 2923 1184 2980; x_wconf 86' lang='lat' dir='ltr'><strong>didicisse</strong></span> <span class='ocrx_word' id='word_1_313' title='bbox 1211 2935 1416 2992; x_wconf 89' lang='lat' dir='ltr'><strong>narrat,</strong></span> <span class='ocrx_word' id='word_1_314' title='bbox 1452 2927 1555 2982; x_wconf 91' lang='lat' dir='ltr'><strong>ista</strong></span> <span class='ocrx_word' id='word_1_315' title='bbox 1581 2929 1800 2998; x_wconf 87' lang='lat' dir='ltr'><strong>subjicit</strong></span> <span class='ocrx_word' id='word_1_316' title='bbox 1829 2947 1842 2983; x_wconf 92' lang='lat'><strong>:</strong></span> 
     </span>
    </p>
   </div>
   <div class='ocr_carea' id='block_1_46' title="bbox 273 3013 1844 3088">
    <p class='ocr_par' dir='ltr' id='par_1_46' title="bbox 273 3013 1844 3088">
     <span class='ocr_line' id='line_1_46' title="bbox 273 3013 1844 3088; baseline 0.001 -17"><span class='ocrx_word' id='word_1_317' title='bbox 273 3016 568 3084; x_wconf 71' lang='lat' dir='ltr'><strong>Perﬁdiam</strong></span> <span class='ocrx_word' id='word_1_318' title='bbox 615 3025 792 3068; x_wconf 84' lang='lat' dir='ltr'><strong>autent</strong></span> <span class='ocrx_word' id='word_1_319' title='bbox 831 3013 972 3081; x_wconf 83' lang='lat' dir='ltr'><strong>apud</strong></span> <span class='ocrx_word' id='word_1_320' title='bbox 1006 3013 1264 3069; x_wconf 81' lang='lat' dir='ltr'><strong>Sirmium</strong></span> <span class='ocrx_word' id='word_1_321' title='bbox 1297 3016 1640 3086; x_wconf 79' lang='lat' dir='ltr'><strong>descriptam,</strong></span> <span class='ocrx_word' id='word_1_322' title='bbox 1685 3035 1844 3088; x_wconf 81' lang='lat' dir='ltr'><strong>quant</strong></span> 
     </span>
    </p>
   </div>
   <div class='ocr_carea' id='block_1_47' title="bbox 265 3104 1844 3176">
    <p class='ocr_par' dir='ltr' id='par_1_47' title="bbox 265 3104 1844 3176">
     <span class='ocr_line' id='line_1_47' title="bbox 265 3104 1844 3176; baseline -0.002 -13"><span class='ocrx_word' id='word_1_323' title='bbox 265 3111 402 3162; x_wconf 72' lang='lat' dir='ltr'><strong>cici!</strong></span> <span class='ocrx_word' id='word_1_324' title='bbox 441 3105 679 3159; x_wconf 80' lang='lat' dir='ltr'><strong>Liberius</strong></span> <span class='ocrx_word' id='word_1_325' title='bbox 730 3104 1042 3158; x_wconf 74' lang='lat' dir='ltr'><strong>catholicam</strong></span> <span class='ocrx_word' id='word_1_326' title='bbox 1071 3123 1102 3157; x_wconf 90' lang='lat' dir='ltr'><strong>a</strong></span> <span class='ocrx_word' id='word_1_327' title='bbox 1135 3104 1441 3174; x_wconf 80' lang='lat' dir='ltr'><strong>Demophilo</strong></span> <span class='ocrx_word' id='word_1_328' title='bbox 1483 3107 1585 3160; x_wconf 84' lang='lat' dir='ltr'><strong>sibi</strong></span> <span class='ocrx_word' id='word_1_329' title='bbox 1631 3109 1844 3176; x_wconf 73' lang='lat' dir='ltr'><strong>exposi-</strong></span> 
     </span>
    </p>
   </div>
   <div class='ocr_carea' id='block_1_48' title="bbox 269 3193 1846 3265">
    <p class='ocr_par' dir='ltr' id='par_1_48' title="bbox 269 3193 1846 3265">
     <span class='ocr_line' id='line_1_48' title="bbox 269 3193 1846 3265; baseline -0.001 -13"><span class='ocrx_word' id='word_1_330' title='bbox 269 3211 404 3264; x_wconf 87' lang='lat' dir='ltr'><strong>tam,</strong></span> <span class='ocrx_word' id='word_1_331' title='bbox 433 3197 487 3250; x_wconf 87' lang='lat' dir='ltr'><strong>lti</strong></span> <span class='ocrx_word' id='word_1_332' title='bbox 511 3203 632 3250; x_wconf 83' lang='lat' dir='ltr'><strong>sunt</strong></span> <span class='ocrx_word' id='word_1_333' title='bbox 660 3195 748 3265; x_wconf 84' lang='lat' dir='ltr'><strong>qui</strong></span> <span class='ocrx_word' id='word_1_334' title='bbox 774 3197 1192 3262; x_wconf 82' lang='lat' dir='ltr'><strong>conscripserunt</strong></span> <span class='ocrx_word' id='word_1_335' title='bbox 1223 3211 1240 3247; x_wconf 92' lang='lat'><strong><em>:</em></strong></span> <span class='ocrx_word' id='word_1_336' title='bbox 1275 3193 1582 3258; x_wconf 84' lang='lat' dir='ltr'><strong>Narcissus,</strong></span> <span class='ocrx_word' id='word_1_337' title='bbox 1610 3196 1846 3250; x_wconf 85' lang='lat' dir='ltr'><strong>Theodo-</strong></span> 
     </span>
    </p>
   </div>
   <div class='ocr_carea' id='block_1_49' title="bbox 269 3285 1842 3358">
    <p class='ocr_par' dir='ltr' id='par_1_49' title="bbox 269 3285 1842 3358">
     <span class='ocr_line' id='line_1_49' title="bbox 269 3285 1842 3358; baseline -0.003 -14"><span class='ocrx_word' id='word_1_338' title='bbox 269 3307 386 3357; x_wconf 74' lang='lat' dir='ltr'><strong>rus,</strong></span> <span class='ocrx_word' id='word_1_339' title='bbox 441 3287 704 3352; x_wconf 81' lang='lat' dir='ltr'><strong>Basilius,</strong></span> <span class='ocrx_word' id='word_1_340' title='bbox 759 3285 1056 3350; x_wconf 67' lang='lat' dir='ltr'><strong>Eudozius,</strong></span> <span class='ocrx_word' id='word_1_341' title='bbox 1121 3286 1479 3355; x_wconf 83' lang='lat' dir='ltr'><strong>Demophilus,</strong></span> <span class='ocrx_word' id='word_1_342' title='bbox 1541 3287 1842 3358; x_wconf 83' lang='lat' dir='ltr'><strong>Cecropius,</strong></span> 
     </span>
    </p>
   </div>
   <div class='ocr_carea' id='block_1_50' title="bbox 269 3376 1846 3452">
    <p class='ocr_par' dir='ltr' id='par_1_50' title="bbox 269 3376 1846 3452">
     <span class='ocr_line' id='line_1_50' title="bbox 269 3376 1846 3452; baseline 0 -18"><span class='ocrx_word' id='word_1_343' title='bbox 269 3381 556 3452; x_wconf 78' lang='lat' dir='ltr'><strong>Syluanus,</strong></span> <span class='ocrx_word' id='word_1_344' title='bbox 595 3378 870 3442; x_wconf 82' lang='lat' dir='ltr'><strong>Ursacius,</strong></span> <span class='ocrx_word' id='word_1_345' title='bbox 919 3376 1129 3438; x_wconf 81' lang='lat' dir='ltr'><strong>Valens,</strong></span> <span class='ocrx_word' id='word_1_346' title='bbox 1169 3377 1532 3443; x_wconf 78' lang='lat' dir='ltr'><strong>Macedonius,</strong></span> <span class='ocrx_word' id='word_1_347' title='bbox 1577 3389 1681 3434; x_wconf 88' lang='lat' dir='ltr'><strong>etc.</strong></span> <span class='ocrx_word' id='word_1_348' title='bbox 1741 3378 1846 3434; x_wconf 80' lang='lat' dir='ltr'><strong>Sed</strong></span> 
     </span>
    </p>
   </div>
   <div class='ocr_carea' id='block_1_51' title="bbox 269 3468 1846 3542">
    <p class='ocr_par' dir='ltr' id='par_1_51' title="bbox 269 3468 1846 3542">
     <span class='ocr_line' id='line_1_51' title="bbox 269 3468 1846 3542; baseline 0.001 -18"><span class='ocrx_word' id='word_1_349' title='bbox 269 3472 544 3542; x_wconf 74' lang='lat' dir='ltr'><strong>quidquid</strong></span> <span class='ocrx_word' id='word_1_350' title='bbox 590 3472 656 3526; x_wconf 90' lang='lat' dir='ltr'><strong>de</strong></span> <span class='ocrx_word' id='word_1_351' title='bbox 707 3468 1030 3540; x_wconf 68' lang='lat' dir='ltr'><strong>fragmentis</strong></span> <span class='ocrx_word' id='word_1_352' title='bbox 1075 3470 1181 3524; x_wconf 88' lang='lat' dir='ltr'><strong>illis</strong></span> <span class='ocrx_word' id='word_1_353' title='bbox 1218 3470 1560 3525; x_wconf 88' lang='lat' dir='ltr'><strong>sentiendum</strong></span> <span class='ocrx_word' id='word_1_354' title='bbox 1592 3472 1683 3534; x_wconf 81' lang='lat' dir='ltr'><strong>sit,</strong></span> <span class='ocrx_word' id='word_1_355' title='bbox 1734 3471 1846 3525; x_wconf 66' lang='lat' dir='ltr'><strong>haec</strong></span> 
     </span>
    </p>
   </div>
   <div class='ocr_carea' id='block_1_52' title="bbox 269 3558 1846 3635">
    <p class='ocr_par' dir='ltr' id='par_1_52' title="bbox 269 3558 1846 3635">
     <span class='ocr_line' id='line_1_52' title="bbox 269 3558 1846 3635; baseline -0.003 -17"><span class='ocrx_word' id='word_1_356' title='bbox 269 3561 526 3635; x_wconf 84' lang='lat' dir='ltr'><strong>profecto</strong></span> <span class='ocrx_word' id='word_1_357' title='bbox 572 3561 903 3630; x_wconf 84' lang='lat' dir='ltr'><strong>subscriptio</strong></span> <span class='ocrx_word' id='word_1_358' title='bbox 944 3561 1012 3614; x_wconf 90' lang='lat' dir='ltr'><strong>ab</strong></span> <span class='ocrx_word' id='word_1_359' title='bbox 1043 3558 1230 3614; x_wconf 90' lang='lat' dir='ltr'><strong>Hilarii</strong></span> <span class='ocrx_word' id='word_1_360' title='bbox 1265 3577 1427 3615; x_wconf 87' lang='lat' dir='ltr'><strong>manu</strong></span> <span class='ocrx_word' id='word_1_361' title='bbox 1467 3577 1590 3616; x_wconf 87' lang='lat' dir='ltr'><strong>esse</strong></span> <span class='ocrx_word' id='word_1_362' title='bbox 1621 3577 1727 3616; x_wconf 89' lang='lat' dir='ltr'><strong>non</strong></span> <span class='ocrx_word' id='word_1_363' title='bbox 1761 3563 1846 3615; x_wconf 87' lang='lat' dir='ltr'><strong>vi-</strong></span> 
     </span>
    </p>
   </div>
   <div class='ocr_carea' id='block_1_53' title="bbox 271 3647 1847 3721">
    <p class='ocr_par' dir='ltr' id='par_1_53' title="bbox 271 3647 1847 3721">
     <span class='ocr_line' id='line_1_53' title="bbox 271 3647 1847 3721; baseline -0.001 -14"><span class='ocrx_word' id='word_1_364' title='bbox 271 3653 454 3716; x_wconf 87' lang='lat' dir='ltr'><strong>detur,</strong></span> <span class='ocrx_word' id='word_1_365' title='bbox 509 3649 602 3704; x_wconf 91' lang='lat' dir='ltr'><strong>sed</strong></span> <span class='ocrx_word' id='word_1_366' title='bbox 647 3649 882 3720; x_wconf 89' lang='lat' dir='ltr'><strong>imperiti</strong></span> <span class='ocrx_word' id='word_1_367' title='bbox 929 3647 1237 3718; x_wconf 87' lang='lat' dir='ltr'><strong>cujusdam,</strong></span> <span class='ocrx_word' id='word_1_368' title='bbox 1287 3652 1378 3721; x_wconf 90' lang='lat' dir='ltr'><strong>qui</strong></span> <span class='ocrx_word' id='word_1_369' title='bbox 1428 3651 1642 3705; x_wconf 75' lang='lat' dir='ltr'><strong>Ariarne</strong></span> <span class='ocrx_word' id='word_1_370' title='bbox 1687 3661 1847 3706; x_wconf 76' lang='lat' dir='ltr'><strong>sectae</strong></span> 
     </span>
    </p>
   </div>
   <div class='ocr_carea' id='block_1_54' title="bbox 271 3741 1846 3812">
    <p class='ocr_par' dir='ltr' id='par_1_54' title="bbox 271 3741 1846 3812">
     <span class='ocr_line' id='line_1_54' title="bbox 271 3741 1846 3812; baseline -0.001 -14"><span class='ocrx_word' id='word_1_371' title='bbox 271 3743 510 3798; x_wconf 88' lang='lat' dir='ltr'><strong>divortia</strong></span> <span class='ocrx_word' id='word_1_372' title='bbox 541 3757 650 3797; x_wconf 91' lang='lat' dir='ltr'><strong>non</strong></span> <span class='ocrx_word' id='word_1_373' title='bbox 671 3743 806 3798; x_wconf 84' lang='lat' dir='ltr'><strong>satis</strong></span> <span class='ocrx_word' id='word_1_374' title='bbox 827 3753 1198 3812; x_wconf 81' lang='lat' dir='ltr'><strong>perspexerat.</strong></span> <span class='ocrx_word' id='word_1_375' title='bbox 1227 3741 1440 3796; x_wconf 86' lang='lat' dir='ltr'><strong>Etenim</strong></span> <span class='ocrx_word' id='word_1_376' title='bbox 1467 3743 1700 3798; x_wconf 81' lang='lat' dir='ltr'><strong>Basilius</strong></span> <span class='ocrx_word' id='word_1_377' title='bbox 1747 3743 1846 3798; x_wconf 89' lang='lat' dir='ltr'><strong>iste</strong></span> 
     </span>
    </p>
   </div>
   <div class='ocr_carea' id='block_1_55' title="bbox 271 3832 1846 3904">
    <p class='ocr_par' dir='ltr' id='par_1_55' title="bbox 271 3832 1846 3904">
     <span class='ocr_line' id='line_1_55' title="bbox 271 3832 1846 3904; baseline -0.001 -16"><span class='ocrx_word' id='word_1_378' title='bbox 271 3850 340 3888; x_wconf 89' lang='lat' dir='ltr'><strong>ac</strong></span> <span class='ocrx_word' id='word_1_379' title='bbox 368 3833 623 3888; x_wconf 82' lang='lat' dir='ltr'><strong>Silvanus</strong></span> <span class='ocrx_word' id='word_1_380' title='bbox 644 3873 658 3897; x_wconf 89' lang='lat'><strong>,</strong></span> <span class='ocrx_word' id='word_1_381' title='bbox 687 3848 898 3888; x_wconf 90' lang='lat' dir='ltr'><strong>necnon</strong></span> <span class='ocrx_word' id='word_1_382' title='bbox 930 3843 985 3888; x_wconf 88' lang='lat' dir='ltr'><strong>et</strong></span> <span class='ocrx_word' id='word_1_383' title='bbox 1010 3832 1362 3888; x_wconf 82' lang='lat' dir='ltr'><strong>Macedonius</strong></span> <span class='ocrx_word' id='word_1_384' title='bbox 1417 3833 1486 3888; x_wconf 89' lang='lat' dir='ltr'><strong>ab</strong></span> <span class='ocrx_word' id='word_1_385' title='bbox 1543 3834 1846 3904; x_wconf 84' lang='lat' dir='ltr'><strong>Epiphanio</strong></span> 
     </span>
    </p>
   </div>
   <div class='ocr_carea' id='block_1_56' title="bbox 271 3924 1840 3995">
    <p class='ocr_par' dir='ltr' id='par_1_56' title="bbox 271 3924 1840 3995">
     <span class='ocr_line' id='line_1_56' title="bbox 271 3924 1840 3995; baseline -0.002 -14"><span class='ocrx_word' id='word_1_386' title='bbox 271 3927 603 3994; x_wconf 66' lang='lat' dir='ltr'><strong>ueterisque</strong></span> <span class='ocrx_word' id='word_1_387' title='bbox 651 3924 1120 3980; x_wconf 89' lang='lat' dir='ltr'><strong>Semiarianorum</strong></span> <span class='ocrx_word' id='word_1_388' title='bbox 1175 3925 1450 3995; x_wconf 87' lang='lat' dir='ltr'><strong>principes</strong></span> <span class='ocrx_word' id='word_1_389' title='bbox 1505 3935 1840 3980; x_wconf 86' lang='lat' dir='ltr'><strong>censentur:</strong></span> 
     </span>
    </p>
   </div>
   <div class='ocr_carea' id='block_1_57' title="bbox 271 3995 1842 4084">
    <p class='ocr_par' dir='ltr' id='par_1_57' title="bbox 271 3995 1842 4084">
     <span class='ocr_line' id='line_1_57' title="bbox 271 3995 1842 4084; baseline -0.001 -16"><span class='ocrx_word' id='word_1_390' title='bbox 271 3995 512 4084; x_wconf 84' lang='lat' dir='ltr'><strong>quorum</strong></span> <span class='ocrx_word' id='word_1_391' title='bbox 553 4013 818 4070; x_wconf 87' lang='lat' dir='ltr'><strong>adversus</strong></span> <span class='ocrx_word' id='word_1_392' title='bbox 857 4013 1212 4070; x_wconf 89' lang='lat' dir='ltr'><strong>Sirmiensem</strong></span> <span class='ocrx_word' id='word_1_393' title='bbox 1259 4015 1404 4068; x_wconf 91' lang='lat' dir='ltr'><strong>illam</strong></span> <span class='ocrx_word' id='word_1_394' title='bbox 1451 4013 1842 4084; x_wconf 88' lang='lat' dir='ltr'><strong>professionem</strong></span> 
     </span>
    </p>
   </div>
   <div class='ocr_carea' id='block_1_58' title="bbox 271 4103 1846 4174">
    <p class='ocr_par' dir='ltr' id='par_1_58' title="bbox 271 4103 1846 4174">
     <span class='ocr_line' id='line_1_58' title="bbox 271 4103 1846 4174; baseline 0 -14"><span class='ocrx_word' id='word_1_395' title='bbox 271 4107 544 4162; x_wconf 88' lang='lat' dir='ltr'><strong>acerrima</strong></span> <span class='ocrx_word' id='word_1_396' title='bbox 573 4105 754 4160; x_wconf 88' lang='lat' dir='ltr'><strong>studia</strong></span> <span class='ocrx_word' id='word_1_397' title='bbox 780 4120 844 4160; x_wconf 91' lang='lat' dir='ltr'><strong>ac</strong></span> <span class='ocrx_word' id='word_1_398' title='bbox 879 4105 1260 4160; x_wconf 87' lang='lat' dir='ltr'><strong>contentiones</strong></span> <span class='ocrx_word' id='word_1_399' title='bbox 1283 4105 1628 4160; x_wconf 75' lang='lat' dir='ltr'><strong>exstiterunt.</strong></span> <span class='ocrx_word' id='word_1_400' title='bbox 1659 4103 1846 4174; x_wconf 86' lang='lat' dir='ltr'><strong>Neque</strong></span> 
     </span>
    </p>
   </div>
   <div class='ocr_carea' id='block_1_59' title="bbox 273 4193 1843 4260">
    <p class='ocr_par' dir='ltr' id='par_1_59' title="bbox 273 4193 1843 4260">
     <span class='ocr_line' id='line_1_59' title="bbox 273 4193 1843 4260; baseline 0.001 -11"><span class='ocrx_word' id='word_1_401' title='bbox 273 4211 406 4250; x_wconf 87' lang='lat' dir='ltr'><strong>vero</strong></span> <span class='ocrx_word' id='word_1_402' title='bbox 441 4203 582 4259; x_wconf 88' lang='lat' dir='ltr'><strong>tum,</strong></span> <span class='ocrx_word' id='word_1_403' title='bbox 620 4210 744 4252; x_wconf 94' lang='lat' dir='ltr'><strong>cum</strong></span> <span class='ocrx_word' id='word_1_404' title='bbox 773 4209 836 4249; x_wconf 90' lang='lat' dir='ltr'><strong>ea</strong></span> <span class='ocrx_word' id='word_1_405' title='bbox 873 4203 958 4250; x_wconf 89' lang='lat' dir='ltr'><strong>est</strong></span> <span class='ocrx_word' id='word_1_406' title='bbox 1002 4193 1170 4260; x_wconf 92' lang='lat' dir='ltr'><strong>edita,</strong></span> <span class='ocrx_word' id='word_1_407' title='bbox 1225 4193 1412 4250; x_wconf 90' lang='lat' dir='ltr'><strong>Sirmii</strong></span> <span class='ocrx_word' id='word_1_408' title='bbox 1457 4209 1578 4250; x_wconf 89' lang='lat' dir='ltr'><strong>esse</strong></span> <span class='ocrx_word' id='word_1_409' title='bbox 1611 4194 1843 4250; x_wconf 89' lang='lat' dir='ltr'><strong>Basilius</strong></span> 
     </span>
    </p>
   </div>
   <div class='ocr_carea' id='block_1_60' title="bbox 273 4285 1846 4358">
    <p class='ocr_par' dir='ltr' id='par_1_60' title="bbox 273 4285 1846 4358">
     <span class='ocr_line' id='line_1_60' title="bbox 273 4285 1846 4358; baseline 0 -18"><span class='ocrx_word' id='word_1_410' title='bbox 273 4289 488 4358; x_wconf 86' lang='lat' dir='ltr'><strong>potuit;</strong></span> <span class='ocrx_word' id='word_1_411' title='bbox 518 4288 630 4342; x_wconf 90' lang='lat' dir='ltr'><strong>imo</strong></span> <span class='ocrx_word' id='word_1_412' title='bbox 665 4301 765 4342; x_wconf 90' lang='lat' dir='ltr'><strong>nec</strong></span> <span class='ocrx_word' id='word_1_413' title='bbox 799 4285 1084 4340; x_wconf 84' lang='lat' dir='ltr'><strong>Eudoxius</strong></span> <span class='ocrx_word' id='word_1_414' title='bbox 1119 4287 1255 4356; x_wconf 88' lang='lat' dir='ltr'><strong>ipse,</strong></span> <span class='ocrx_word' id='word_1_415' title='bbox 1283 4285 1378 4357; x_wconf 90' lang='lat' dir='ltr'><strong>qui</strong></span> <span class='ocrx_word' id='word_1_416' title='bbox 1411 4285 1552 4340; x_wconf 90' lang='lat' dir='ltr'><strong>hanc</strong></span> <span class='ocrx_word' id='word_1_417' title='bbox 1577 4285 1647 4340; x_wconf 86' lang='lat' dir='ltr'><strong>ab</strong></span> <span class='ocrx_word' id='word_1_418' title='bbox 1677 4285 1846 4342; x_wconf 84' lang='lat' dir='ltr'><strong>Ursa-</strong></span> 
     </span>
    </p>
   </div>
   <div class='ocr_carea' id='block_1_61' title="bbox 271 4377 1842 4442">
    <p class='ocr_par' dir='ltr' id='par_1_61' title="bbox 271 4377 1842 4442">
     <span class='ocr_line' id='line_1_61' title="bbox 271 4377 1842 4442; baseline -0.001 -7"><span class='ocrx_word' id='word_1_419' title='bbox 271 4382 360 4435; x_wconf 91' lang='lat' dir='ltr'><strong>cio</strong></span> <span class='ocrx_word' id='word_1_420' title='bbox 404 4389 462 4434; x_wconf 91' lang='lat' dir='ltr'><strong>et</strong></span> <span class='ocrx_word' id='word_1_421' title='bbox 495 4377 720 4434; x_wconf 80' lang='lat' dir='ltr'><strong>Valente</strong></span> <span class='ocrx_word' id='word_1_422' title='bbox 769 4379 992 4434; x_wconf 92' lang='lat' dir='ltr'><strong>missam</strong></span> <span class='ocrx_word' id='word_1_423' title='bbox 1028 4379 1352 4442; x_wconf 65' lang='lat' dir='ltr'><strong>Antiochiae,</strong></span> <span class='ocrx_word' id='word_1_424' title='bbox 1409 4379 1502 4434; x_wconf 91' lang='lat' dir='ltr'><strong>ubi</strong></span> <span class='ocrx_word' id='word_1_425' title='bbox 1557 4391 1670 4434; x_wconf 89' lang='lat' dir='ltr'><strong>tum</strong></span> <span class='ocrx_word' id='word_1_426' title='bbox 1719 4395 1842 4434; x_wconf 88' lang='lat' dir='ltr'><strong>cum</strong></span> 
     </span>
    </p>
   </div>
   <div class='ocr_carea' id='block_1_62' title="bbox 1952 1909 3518 1980">
    <p class='ocr_par' dir='ltr' id='par_1_62' title="bbox 1952 1909 3518 1980">
     <span class='ocr_line' id='line_1_62' title="bbox 1952 1909 3518 1980; baseline 0.004 -16"><span class='ocrx_word' id='word_1_427' title='bbox 1952 1909 2270 1966; x_wconf 84' lang='lat' dir='ltr'><strong>Sirmiensis</strong></span> <span class='ocrx_word' id='word_1_428' title='bbox 2309 1911 2456 1967; x_wconf 90' lang='lat' dir='ltr'><strong>illius</strong></span> <span class='ocrx_word' id='word_1_429' title='bbox 2501 1913 2767 1976; x_wconf 70' lang='lat' dir='ltr'><strong>formulae,</strong></span> <span class='ocrx_word' id='word_1_430' title='bbox 2785 1929 2893 1968; x_wconf 93' lang='lat' dir='ltr'><strong>non</strong></span> <span class='ocrx_word' id='word_1_431' title='bbox 2933 1915 3145 1972; x_wconf 86' lang='lat' dir='ltr'><strong>Marcus</strong></span> <span class='ocrx_word' id='word_1_432' title='bbox 3171 1915 3518 1980; x_wconf 87' lang='lat' dir='ltr'><strong>Arethusius,</strong></span> 
     </span>
    </p>
   </div>
   <div class='ocr_carea' id='block_1_63' title="bbox 1951 2002 3520 2074">
    <p class='ocr_par' dir='ltr' id='par_1_63' title="bbox 1951 2002 3520 2074">
     <span class='ocr_line' id='line_1_63' title="bbox 1951 2002 3520 2074; baseline 0.006 -18"><span class='ocrx_word' id='word_1_433' title='bbox 1951 2002 2044 2056; x_wconf 89' lang='lat' dir='ltr'><strong>sed</strong></span> <span class='ocrx_word' id='word_1_434' title='bbox 2085 2003 2326 2074; x_wconf 87' lang='lat' dir='ltr'><strong>synodus</strong></span> <span class='ocrx_word' id='word_1_435' title='bbox 2353 2004 2494 2072; x_wconf 89' lang='lat' dir='ltr'><strong>ipsa,</strong></span> <span class='ocrx_word' id='word_1_436' title='bbox 2533 2015 2593 2058; x_wconf 91' lang='lat' dir='ltr'><strong>ut</strong></span> <span class='ocrx_word' id='word_1_437' title='bbox 2623 2003 2859 2060; x_wconf 82' lang='lat' dir='ltr'><strong>llilarrus</strong></span> <span class='ocrx_word' id='word_1_438' title='bbox 2889 2007 3096 2072; x_wconf 91' lang='lat' dir='ltr'><strong>innuit;</strong></span> <span class='ocrx_word' id='word_1_439' title='bbox 3131 2024 3252 2064; x_wconf 90' lang='lat' dir='ltr'><strong>nam</strong></span> <span class='ocrx_word' id='word_1_440' title='bbox 3283 2025 3312 2063; x_wconf 92' lang='lat' dir='ltr'><strong>a</strong></span> <span class='ocrx_word' id='word_1_441' title='bbox 3337 2010 3520 2065; x_wconf 82' lang='lat' dir='ltr'><strong>Marco</strong></span> 
     </span>
    </p>
   </div>
   <div class='ocr_carea' id='block_1_64' title="bbox 1951 2094 3522 2174">
    <p class='ocr_par' dir='ltr' id='par_1_64' title="bbox 1951 2094 3522 2174">
     <span class='ocr_line' id='line_1_64' title="bbox 1951 2094 3522 2174; baseline 0.008 -27"><span class='ocrx_word' id='word_1_442' title='bbox 1951 2094 2130 2158; x_wconf 87' lang='lat' dir='ltr'><strong>tertia,</strong></span> <span class='ocrx_word' id='word_1_443' title='bbox 2175 2105 2236 2149; x_wconf 92' lang='lat' dir='ltr'><strong>ut</strong></span> <span class='ocrx_word' id='word_1_444' title='bbox 2295 2111 2396 2151; x_wconf 81' lang='lat' dir='ltr'><strong>suo</strong></span> <span class='ocrx_word' id='word_1_445' title='bbox 2447 2096 2564 2152; x_wconf 92' lang='lat' dir='ltr'><strong>loco</strong></span> <span class='ocrx_word' id='word_1_446' title='bbox 2606 2098 2836 2163; x_wconf 89' lang='lat' dir='ltr'><strong>dicetur,</strong></span> <span class='ocrx_word' id='word_1_447' title='bbox 2878 2111 2960 2154; x_wconf 89' lang='lat' dir='ltr'><strong>est</strong></span> <span class='ocrx_word' id='word_1_448' title='bbox 3009 2101 3336 2174; x_wconf 87' lang='lat' dir='ltr'><strong>conscripta.</strong></span> <span class='ocrx_word' id='word_1_449' title='bbox 3391 2102 3522 2160; x_wconf 78' lang='lat' dir='ltr'><strong>Post</strong></span> 
     </span>
    </p>
   </div>
   <div class='ocr_carea' id='block_1_65' title="bbox 1953 2185 3520 2270">
    <p class='ocr_par' dir='ltr' id='par_1_65' title="bbox 1953 2185 3520 2270">
     <span class='ocr_line' id='line_1_65' title="bbox 1953 2185 3520 2270; baseline 0.01 -33"><span class='ocrx_word' id='word_1_450' title='bbox 1953 2185 2249 2241; x_wconf 86' lang='lat' dir='ltr'><strong>Sirmiense</strong></span> <span class='ocrx_word' id='word_1_451' title='bbox 2297 2189 2609 2256; x_wconf 87' lang='lat' dir='ltr'><strong>concilium,</strong></span> <span class='ocrx_word' id='word_1_452' title='bbox 2660 2191 3080 2262; x_wconf 86' lang='lat' dir='ltr'><strong>convictumque</strong></span> <span class='ocrx_word' id='word_1_453' title='bbox 3123 2197 3192 2248; x_wconf 87' lang='lat' dir='ltr'><strong>ab</strong></span> <span class='ocrx_word' id='word_1_454' title='bbox 3231 2197 3520 2270; x_wconf 55' lang='lat' dir='ltr'><strong>Ancyram</strong></span> 
     </span>
    </p>
   </div>
   <div class='ocr_carea' id='block_1_66' title="bbox 1949 2277 3517 2354">
    <p class='ocr_par' dir='ltr' id='par_1_66' title="bbox 1949 2277 3517 2354">
     <span class='ocr_line' id='line_1_66' title="bbox 1949 2277 3517 2354; baseline 0.009 -24"><span class='ocrx_word' id='word_1_455' title='bbox 1949 2277 2172 2342; x_wconf 88' lang='lat' dir='ltr'><strong>Basilio,</strong></span> <span class='ocrx_word' id='word_1_456' title='bbox 2206 2287 2260 2334; x_wconf 89' lang='lat' dir='ltr'><strong>et</strong></span> <span class='ocrx_word' id='word_1_457' title='bbox 2291 2280 2360 2334; x_wconf 90' lang='lat' dir='ltr'><strong>ab</strong></span> <span class='ocrx_word' id='word_1_458' title='bbox 2389 2281 2644 2336; x_wconf 91' lang='lat' dir='ltr'><strong>omnibus</strong></span> <span class='ocrx_word' id='word_1_459' title='bbox 2673 2281 2988 2338; x_wconf 85' lang='lat' dir='ltr'><strong>damnatum</strong></span> <span class='ocrx_word' id='word_1_460' title='bbox 3031 2283 3343 2354; x_wconf 88' lang='lat' dir='ltr'><strong>Photiuum,</strong></span> <span class='ocrx_word' id='word_1_461' title='bbox 3395 2307 3517 2344; x_wconf 89' lang='lat' dir='ltr'><strong>cum</strong></span> 
     </span>
    </p>
   </div>
   <div class='ocr_carea' id='block_1_67' title="bbox 1945 2369 3518 2448">
    <p class='ocr_par' dir='ltr' id='par_1_67' title="bbox 1945 2369 3518 2448">
     <span class='ocr_line' id='line_1_67' title="bbox 1945 2369 3518 2448; baseline 0.006 -24"><span class='ocrx_word' id='word_1_462' title='bbox 1945 2369 2056 2438; x_wconf 86' lang='lat' dir='ltr'><strong>jam</strong></span> <span class='ocrx_word' id='word_1_463' title='bbox 2091 2369 2434 2441; x_wconf 83' lang='lat' dir='ltr'><strong>Magnentius</strong></span> <span class='ocrx_word' id='word_1_464' title='bbox 2464 2385 2494 2426; x_wconf 92' lang='lat' dir='ltr'><strong>a</strong></span> <span class='ocrx_word' id='word_1_465' title='bbox 2525 2373 2831 2428; x_wconf 84' lang='lat' dir='ltr'><strong>Constantii</strong></span> <span class='ocrx_word' id='word_1_466' title='bbox 2859 2374 3049 2444; x_wconf 81' lang='lat' dir='ltr'><strong>legatis</strong></span> <span class='ocrx_word' id='word_1_467' title='bbox 3081 2377 3328 2434; x_wconf 87' lang='lat' dir='ltr'><strong>devictus</strong></span> <span class='ocrx_word' id='word_1_468' title='bbox 3351 2391 3518 2448; x_wconf 81' lang='lat' dir='ltr'><strong>esset,</strong></span> 
     </span>
    </p>
   </div>
   <div class='ocr_carea' id='block_1_68' title="bbox 1949 2461 3520 2534">
    <p class='ocr_par' dir='ltr' id='par_1_68' title="bbox 1949 2461 3520 2534">
     <span class='ocr_line' id='line_1_68' title="bbox 1949 2461 3520 2534; baseline 0.008 -19"><span class='ocrx_word' id='word_1_469' title='bbox 1949 2461 2243 2530; x_wconf 90' lang='lat' dir='ltr'><strong>imperator</strong></span> <span class='ocrx_word' id='word_1_470' title='bbox 2272 2477 2416 2518; x_wconf 88' lang='lat' dir='ltr'><strong>anno</strong></span> <span class='ocrx_word' id='word_1_471' title='bbox 2437 2465 2542 2518; x_wconf 80' lang='lat'><strong>355</strong></span> <span class='ocrx_word' id='word_1_472' title='bbox 2567 2465 2617 2520; x_wconf 91' lang='lat' dir='ltr'><strong>in</strong></span> <span class='ocrx_word' id='word_1_473' title='bbox 2645 2463 2848 2520; x_wconf 86' lang='lat' dir='ltr'><strong>Gallias</strong></span> <span class='ocrx_word' id='word_1_474' title='bbox 2877 2465 3151 2534; x_wconf 87' lang='lat' dir='ltr'><strong>profectus</strong></span> <span class='ocrx_word' id='word_1_475' title='bbox 3177 2478 3280 2524; x_wconf 93' lang='lat' dir='ltr'><strong>est.</strong></span> <span class='ocrx_word' id='word_1_476' title='bbox 3304 2472 3380 2526; x_wconf 89' lang='lat' dir='ltr'><strong>Ac</strong></span> <span class='ocrx_word' id='word_1_477' title='bbox 3405 2482 3520 2528; x_wconf 89' lang='lat' dir='ltr'><strong>tum</strong></span> 
     </span>
    </p>
   </div>
   <div class='ocr_carea' id='block_1_69' title="bbox 1948 2550 3519 2630">
    <p class='ocr_par' dir='ltr' id='par_1_69' title="bbox 1948 2550 3519 2630">
     <span class='ocr_line' id='line_1_69' title="bbox 1948 2550 3519 2630; baseline 0.009 -28"><span class='ocrx_word' id='word_1_478' title='bbox 1948 2550 2266 2606; x_wconf 88' lang='lat' dir='ltr'><strong>Arelatense</strong></span> <span class='ocrx_word' id='word_1_479' title='bbox 2293 2553 2714 2608; x_wconf 88' lang='lat' dir='ltr'><strong>conciliabulum</strong></span> <span class='ocrx_word' id='word_1_480' title='bbox 2745 2555 3074 2620; x_wconf 87' lang='lat' dir='ltr'><strong>celebratur,</strong></span> <span class='ocrx_word' id='word_1_481' title='bbox 3109 2558 3164 2612; x_wconf 92' lang='lat' dir='ltr'><strong>in</strong></span> <span class='ocrx_word' id='word_1_482' title='bbox 3204 2575 3314 2629; x_wconf 92' lang='lat' dir='ltr'><strong>quo</strong></span> <span class='ocrx_word' id='word_1_483' title='bbox 3351 2562 3519 2630; x_wconf 89' lang='lat' dir='ltr'><strong>pleri-</strong></span> 
     </span>
    </p>
   </div>
   <div class='ocr_carea' id='block_1_70' title="bbox 1949 2643 3522 2722">
    <p class='ocr_par' dir='ltr' id='par_1_70' title="bbox 1949 2643 3522 2722">
     <span class='ocr_line' id='line_1_70' title="bbox 1949 2643 3522 2722; baseline 0.009 -26"><span class='ocrx_word' id='word_1_484' title='bbox 1949 2657 2054 2710; x_wconf 91' lang='lat' dir='ltr'><strong>que</strong></span> <span class='ocrx_word' id='word_1_485' title='bbox 2111 2643 2364 2698; x_wconf 89' lang='lat' dir='ltr'><strong>catholici</strong></span> <span class='ocrx_word' id='word_1_486' title='bbox 2419 2645 2682 2714; x_wconf 70' lang='lat' dir='ltr'><strong>prtesules</strong></span> <span class='ocrx_word' id='word_1_487' title='bbox 2732 2648 2986 2702; x_wconf 79' lang='lat' dir='ltr'><strong>exsulare</strong></span> <span class='ocrx_word' id='word_1_488' title='bbox 3032 2649 3194 2718; x_wconf 91' lang='lat' dir='ltr'><strong>jussi,</strong></span> <span class='ocrx_word' id='word_1_489' title='bbox 3239 2663 3522 2722; x_wconf 85' lang='lat' dir='ltr'><strong>grassante</strong></span> 
     </span>
    </p>
   </div>
   <div class='ocr_carea' id='block_1_71' title="bbox 1951 2734 2506 2805">
    <p class='ocr_par' dir='ltr' id='par_1_71' title="bbox 1951 2734 2506 2805">
     <span class='ocr_line' id='line_1_71' title="bbox 1951 2734 2506 2805; baseline 0.005 -16"><span class='ocrx_word' id='word_1_490' title='bbox 1951 2734 2230 2790; x_wconf 89' lang='lat' dir='ltr'><strong>Saturnini</strong></span> <span class='ocrx_word' id='word_1_491' title='bbox 2263 2737 2506 2805; x_wconf 82' lang='lat' dir='ltr'><strong>perfidia.</strong></span> 
     </span>
    </p>
   </div>
   <div class='ocr_carea' id='block_1_72' title="bbox 2021 2826 3518 2902">
    <p class='ocr_par' dir='ltr' id='par_1_72' title="bbox 2021 2826 3518 2902">
     <span class='ocr_line' id='line_1_72' title="bbox 2021 2826 3518 2902; baseline 0.01 -22"><span class='ocrx_word' id='word_1_492' title='bbox 2021 2826 2148 2881; x_wconf 89' lang='lat' dir='ltr'><strong>Inde</strong></span> <span class='ocrx_word' id='word_1_493' title='bbox 2175 2843 2319 2882; x_wconf 90' lang='lat' dir='ltr'><strong>anno</strong></span> <span class='ocrx_word' id='word_1_494' title='bbox 2351 2829 2454 2884; x_wconf 80' lang='grc'><strong>555</strong></span> <span class='ocrx_word' id='word_1_495' title='bbox 2491 2829 2782 2887; x_wconf 83' lang='lat' dir='ltr'><strong>Arbetione</strong></span> <span class='ocrx_word' id='word_1_496' title='bbox 2813 2842 2866 2888; x_wconf 91' lang='lat' dir='ltr'><strong>et</strong></span> <span class='ocrx_word' id='word_1_497' title='bbox 2917 2834 3162 2891; x_wconf 87' lang='lat' dir='ltr'><strong>Lolliano</strong></span> <span class='ocrx_word' id='word_1_498' title='bbox 3196 2851 3360 2902; x_wconf 84' lang='lat' dir='ltr'><strong>coss.,</strong></span> <span class='ocrx_word' id='word_1_499' title='bbox 3393 2855 3518 2895; x_wconf 90' lang='lat' dir='ltr'><strong>cum</strong></span> 
     </span>
    </p>
   </div>
   <div class='ocr_carea' id='block_1_73' title="bbox 1943 2916 3522 3000">
    <p class='ocr_par' dir='ltr' id='par_1_73' title="bbox 1943 2916 3522 3000">
     <span class='ocr_line' id='line_1_73' title="bbox 1943 2916 3522 3000; baseline 0.01 -31"><span class='ocrx_word' id='word_1_500' title='bbox 1943 2916 2056 2986; x_wconf 88' lang='lat' dir='ltr'><strong>jarn</strong></span> <span class='ocrx_word' id='word_1_501' title='bbox 2087 2917 2442 2974; x_wconf 87' lang='lat' dir='ltr'><strong>Constantius</strong></span> <span class='ocrx_word' id='word_1_502' title='bbox 2471 2919 2838 2978; x_wconf 77' lang='lat' dir='ltr'><strong>Mediolanum</strong></span> <span class='ocrx_word' id='word_1_503' title='bbox 2881 2927 3236 2994; x_wconf 83' lang='lat' dir='ltr'><strong>pervenisset,</strong></span> <span class='ocrx_word' id='word_1_504' title='bbox 3278 2932 3522 3000; x_wconf 86' lang='lat' dir='ltr'><strong>synodus</strong></span> 
     </span>
    </p>
   </div>
   <div class='ocr_carea' id='block_1_74' title="bbox 1949 3008 3521 3088">
    <p class='ocr_par' dir='ltr' id='par_1_74' title="bbox 1949 3008 3521 3088">
     <span class='ocr_line' id='line_1_74' title="bbox 1949 3008 3521 3088; baseline 0.011 -28"><span class='ocrx_word' id='word_1_505' title='bbox 1949 3008 2148 3064; x_wconf 88' lang='lat' dir='ltr'><strong>ibidem</strong></span> <span class='ocrx_word' id='word_1_506' title='bbox 2183 3019 2268 3066; x_wconf 89' lang='lat' dir='ltr'><strong>est</strong></span> <span class='ocrx_word' id='word_1_507' title='bbox 2299 3011 2506 3078; x_wconf 91' lang='lat' dir='ltr'><strong>habita,</strong></span> <span class='ocrx_word' id='word_1_508' title='bbox 2538 3022 2844 3085; x_wconf 71' lang='lat' dir='ltr'><strong>creteraque</strong></span> <span class='ocrx_word' id='word_1_509' title='bbox 2871 3029 3042 3086; x_wconf 84' lang='lat' dir='ltr'><strong>gesta,</strong></span> <span class='ocrx_word' id='word_1_510' title='bbox 3076 3035 3196 3088; x_wconf 76' lang='lat' dir='ltr'><strong>quae</strong></span> <span class='ocrx_word' id='word_1_511' title='bbox 3221 3035 3252 3074; x_wconf 89' lang='lat' dir='ltr'><strong>a</strong></span> <span class='ocrx_word' id='word_1_512' title='bbox 3287 3021 3521 3078; x_wconf 86' lang='lat' dir='ltr'><strong>Baronio</strong></span> 
     </span>
    </p>
   </div>
   <div class='ocr_carea' id='block_1_75' title="bbox 1949 3099 3519 3178">
    <p class='ocr_par' dir='ltr' id='par_1_75' title="bbox 1949 3099 3519 3178">
     <span class='ocr_line' id='line_1_75' title="bbox 1949 3099 3519 3178; baseline 0.008 -24"><span class='ocrx_word' id='word_1_513' title='bbox 1949 3099 2236 3170; x_wconf 80' lang='lat' dir='ltr'><strong>diligenter</strong></span> <span class='ocrx_word' id='word_1_514' title='bbox 2269 3103 2632 3172; x_wconf 78' lang='lat' dir='ltr'><strong>explicantur.</strong></span> <span class='ocrx_word' id='word_1_515' title='bbox 2667 3105 2736 3160; x_wconf 89' lang='lat' dir='ltr'><strong>-ln</strong></span> <span class='ocrx_word' id='word_1_516' title='bbox 2787 3107 3013 3178; x_wconf 88' lang='lat' dir='ltr'><strong>reliquis</strong></span> <span class='ocrx_word' id='word_1_517' title='bbox 3047 3121 3240 3166; x_wconf 90' lang='lat' dir='ltr'><strong>nutant</strong></span> <span class='ocrx_word' id='word_1_518' title='bbox 3268 3117 3519 3168; x_wconf 66' lang='lat' dir='ltr'><strong>Annales.</strong></span> 
     </span>
    </p>
   </div>
   <div class='ocr_carea' id='block_1_76' title="bbox 2019 3193 3522 3274">
    <p class='ocr_par' dir='ltr' id='par_1_76' title="bbox 2019 3193 3522 3274">
     <span class='ocr_line' id='line_1_76' title="bbox 2019 3193 3522 3274; baseline 0.013 -30"><span class='ocrx_word' id='word_1_519' title='bbox 2019 3193 2177 3246; x_wconf 80' lang='lat' dir='ltr'><strong>Anno</strong></span> <span class='ocrx_word' id='word_1_520' title='bbox 2204 3193 2306 3246; x_wconf 82' lang='lat'><strong>557</strong></span> <span class='ocrx_word' id='word_1_521' title='bbox 2340 3193 2547 3260; x_wconf 89' lang='lat' dir='ltr'><strong>Sirmii,</strong></span> <span class='ocrx_word' id='word_1_522' title='bbox 2587 3213 2696 3267; x_wconf 89' lang='lat' dir='ltr'><strong>quo</strong></span> <span class='ocrx_word' id='word_1_523' title='bbox 2733 3199 3029 3268; x_wconf 88' lang='lat' dir='ltr'><strong>imperator</strong></span> <span class='ocrx_word' id='word_1_524' title='bbox 3063 3217 3207 3256; x_wconf 90' lang='lat' dir='ltr'><strong>anno</strong></span> <span class='ocrx_word' id='word_1_525' title='bbox 3241 3209 3522 3274; x_wconf 83' lang='lat' dir='ltr'><strong>superiore</strong></span> 
     </span>
    </p>
   </div>
   <div class='ocr_carea' id='block_1_77' title="bbox 1950 3285 3522 3362">
    <p class='ocr_par' dir='ltr' id='par_1_77' title="bbox 1950 3285 3522 3362">
     <span class='ocr_line' id='line_1_77' title="bbox 1950 3285 3522 3362; baseline 0.011 -26"><span class='ocrx_word' id='word_1_526' title='bbox 1950 3298 2066 3338; x_wconf 75' lang='lat' dir='ltr'><strong>sese</strong></span> <span class='ocrx_word' id='word_1_527' title='bbox 2098 3285 2422 3352; x_wconf 90' lang='lat' dir='ltr'><strong>contulerat,</strong></span> <span class='ocrx_word' id='word_1_528' title='bbox 2455 3303 2594 3342; x_wconf 86' lang='lat' dir='ltr'><strong>nova</strong></span> <span class='ocrx_word' id='word_1_529' title='bbox 2621 3289 2743 3345; x_wconf 81' lang='lat' dir='ltr'><strong>fidei</strong></span> <span class='ocrx_word' id='word_1_530' title='bbox 2772 3293 3042 3362; x_wconf 87' lang='lat' dir='ltr'><strong>expositio</strong></span> <span class='ocrx_word' id='word_1_531' title='bbox 3063 3297 3252 3362; x_wconf 90' lang='lat' dir='ltr'><strong>paucis</strong></span> <span class='ocrx_word' id='word_1_532' title='bbox 3273 3299 3341 3352; x_wconf 91' lang='lat' dir='ltr'><strong>ab</strong></span> <span class='ocrx_word' id='word_1_533' title='bbox 3365 3299 3522 3354; x_wconf 87' lang='lat' dir='ltr'><strong>Aria-</strong></span> 
     </span>
    </p>
   </div>
   <div class='ocr_carea' id='block_1_78' title="bbox 1949 3377 3522 3459">
    <p class='ocr_par' dir='ltr' id='par_1_78' title="bbox 1949 3377 3522 3459">
     <span class='ocr_line' id='line_1_78' title="bbox 1949 3377 3522 3459; baseline 0.012 -31"><span class='ocrx_word' id='word_1_534' title='bbox 1949 3377 2035 3430; x_wconf 88' lang='lat' dir='ltr'><strong>nis</strong></span> <span class='ocrx_word' id='word_1_535' title='bbox 2073 3377 2364 3447; x_wconf 80' lang='lat' dir='ltr'><strong>episcOpis,</strong></span> <span class='ocrx_word' id='word_1_536' title='bbox 2416 3383 2716 3447; x_wconf 70' lang='lat' dir='ltr'><strong>praesertim</strong></span> <span class='ocrx_word' id='word_1_537' title='bbox 2763 3381 3222 3452; x_wconf 89' lang='lat' dir='ltr'><strong>Occidentalibus,</strong></span> <span class='ocrx_word' id='word_1_538' title='bbox 3267 3391 3522 3459; x_wconf 88' lang='lat' dir='ltr'><strong>produci-</strong></span> 
     </span>
    </p>
   </div>
   <div class='ocr_carea' id='block_1_79' title="bbox 1947 3470 3518 3539">
    <p class='ocr_par' dir='ltr' id='par_1_79' title="bbox 1947 3470 3518 3539">
     <span class='ocr_line' id='line_1_79' title="bbox 1947 3470 3518 3539; baseline 0.011 -22"><span class='ocrx_word' id='word_1_539' title='bbox 1947 3474 2056 3528; x_wconf 88' lang='lat' dir='ltr'><strong>tur,</strong></span> <span class='ocrx_word' id='word_1_540' title='bbox 2089 3483 2322 3535; x_wconf 90' lang='lat' dir='ltr'><strong>quornm</strong></span> <span class='ocrx_word' id='word_1_541' title='bbox 2361 3470 2636 3539; x_wconf 81' lang='lat' dir='ltr'><strong>principes</strong></span> <span class='ocrx_word' id='word_1_542' title='bbox 2682 3481 2836 3527; x_wconf 87' lang='lat' dir='ltr'><strong>erant</strong></span> <span class='ocrx_word' id='word_1_543' title='bbox 2891 3473 3150 3533; x_wconf 85' lang='lat' dir='ltr'><strong>Ursacius</strong></span> <span class='ocrx_word' id='word_1_544' title='bbox 3203 3488 3258 3534; x_wconf 93' lang='lat' dir='ltr'><strong>et</strong></span> <span class='ocrx_word' id='word_1_545' title='bbox 3297 3479 3518 3536; x_wconf 74' lang='lat' dir='ltr'><strong>Valens.</strong></span> 
     </span>
    </p>
   </div>
   <div class='ocr_carea' id='block_1_80' title="bbox 1947 3554 3518 3636">
    <p class='ocr_par' dir='ltr' id='par_1_80' title="bbox 1947 3554 3518 3636">
     <span class='ocr_line' id='line_1_80' title="bbox 1947 3554 3518 3636; baseline 0.011 -28"><span class='ocrx_word' id='word_1_546' title='bbox 1947 3554 2045 3608; x_wconf 84' lang='lat' dir='ltr'><strong>Cui</strong></span> <span class='ocrx_word' id='word_1_547' title='bbox 2079 3571 2202 3609; x_wconf 87' lang='lat' dir='ltr'><strong>mox</strong></span> <span class='ocrx_word' id='word_1_548' title='bbox 2237 3559 2438 3613; x_wconf 89' lang='lat' dir='ltr'><strong>invitus</strong></span> <span class='ocrx_word' id='word_1_549' title='bbox 2473 3575 2534 3614; x_wconf 81' lang='lat' dir='ltr'><strong>ac</strong></span> <span class='ocrx_word' id='word_1_550' title='bbox 2573 3563 2814 3618; x_wconf 90' lang='lat' dir='ltr'><strong>renitens</strong></span> <span class='ocrx_word' id='word_1_551' title='bbox 2849 3565 2974 3620; x_wconf 88' lang='lat' dir='ltr'><strong>licet</strong></span> <span class='ocrx_word' id='word_1_552' title='bbox 3011 3568 3305 3625; x_wconf 81' lang='lat' dir='ltr'><strong>subscribit</strong></span> <span class='ocrx_word' id='word_1_553' title='bbox 3334 3569 3518 3636; x_wconf 87' lang='lat' dir='ltr'><strong>Osins,</strong></span> 
     </span>
    </p>
   </div>
   <div class='ocr_carea' id='block_1_81' title="bbox 1949 3650 3514 3732">
    <p class='ocr_par' dir='ltr' id='par_1_81' title="bbox 1949 3650 3514 3732">
     <span class='ocr_line' id='line_1_81' title="bbox 1949 3650 3514 3732; baseline 0.013 -35"><span class='ocrx_word' id='word_1_554' title='bbox 1949 3661 2054 3698; x_wconf 93' lang='lat' dir='ltr'><strong>nou</strong></span> <span class='ocrx_word' id='word_1_555' title='bbox 2085 3655 2264 3702; x_wconf 89' lang='lat' dir='ltr'><strong>tamen</strong></span> <span class='ocrx_word' id='word_1_556' title='bbox 2294 3650 2652 3706; x_wconf 87' lang='lat' dir='ltr'><strong>Athanasium</strong></span> <span class='ocrx_word' id='word_1_557' title='bbox 2675 3663 2732 3708; x_wconf 91' lang='lat' dir='ltr'><strong>ut</strong></span> <span class='ocrx_word' id='word_1_558' title='bbox 2759 3657 3043 3714; x_wconf 89' lang='lat' dir='ltr'><strong>damnaret</strong></span> <span class='ocrx_word' id='word_1_559' title='bbox 3080 3661 3274 3717; x_wconf 88' lang='lat' dir='ltr'><strong>adduci</strong></span> <span class='ocrx_word' id='word_1_560' title='bbox 3304 3665 3472 3732; x_wconf 89' lang='lat' dir='ltr'><strong>potuit</strong></span> <span class='ocrx_word' id='word_1_561' title='bbox 3503 3681 3514 3718; x_wconf 89' lang='lat'>:</span> 
     </span>
    </p>
   </div>
   <div class='ocr_carea' id='block_1_82' title="bbox 1948 3735 3514 3816">
    <p class='ocr_par' dir='ltr' id='par_1_82' title="bbox 1948 3735 3514 3816">
     <span class='ocr_line' id='line_1_82' title="bbox 1948 3735 3514 3816; baseline 0.013 -30"><span class='ocrx_word' id='word_1_562' title='bbox 1948 3735 2088 3804; x_wconf 90' lang='lat' dir='ltr'><strong>quod</strong></span> <span class='ocrx_word' id='word_1_563' title='bbox 2125 3739 2176 3790; x_wconf 92' lang='lat' dir='ltr'><strong>in</strong></span> <span class='ocrx_word' id='word_1_564' title='bbox 2213 3737 2384 3808; x_wconf 83' lang='lat' dir='ltr'><strong>Epist.</strong></span> <span class='ocrx_word' id='word_1_565' title='bbox 2423 3741 2490 3792; x_wconf 88' lang='lat' dir='ltr'><strong>ad</strong></span> <span class='ocrx_word' id='word_1_566' title='bbox 2516 3741 2662 3796; x_wconf 82' lang='lat' dir='ltr'><strong>salit.</strong></span> <span class='ocrx_word' id='word_1_567' title='bbox 2695 3743 3027 3800; x_wconf 85' lang='lat' dir='ltr'><strong>Athanasius</strong></span> <span class='ocrx_word' id='word_1_568' title='bbox 3063 3747 3176 3816; x_wconf 87' lang='lat' dir='ltr'><strong>ipse</strong></span> <span class='ocrx_word' id='word_1_569' title='bbox 3205 3750 3514 3806; x_wconf 82' lang='lat' dir='ltr'><strong>continuat.</strong></span> 
     </span>
    </p>
   </div>
   <div class='ocr_carea' id='block_1_83' title="bbox 1947 3821 3516 3905">
    <p class='ocr_par' dir='ltr' id='par_1_83' title="bbox 1947 3821 3516 3905">
     <span class='ocr_line' id='line_1_83' title="bbox 1947 3821 3516 3905; baseline 0.014 -31"><span class='ocrx_word' id='word_1_570' title='bbox 1947 3821 2188 3894; x_wconf 83' lang='lat' dir='ltr'><strong>Contigit</strong></span> <span class='ocrx_word' id='word_1_571' title='bbox 2215 3826 2331 3880; x_wconf 68' lang='lat' dir='ltr'><strong>ham</strong></span> <span class='ocrx_word' id='word_1_572' title='bbox 2357 3825 2468 3882; x_wconf 87' lang='lat' dir='ltr'><strong>Osii</strong></span> <span class='ocrx_word' id='word_1_573' title='bbox 2511 3831 2794 3887; x_wconf 87' lang='lat' dir='ltr'><strong>calamitas</strong></span> <span class='ocrx_word' id='word_1_574' title='bbox 2830 3833 3025 3888; x_wconf 72' lang='lat' dir='ltr'><strong>affecto</strong></span> <span class='ocrx_word' id='word_1_575' title='bbox 3049 3835 3162 3905; x_wconf 86' lang='lat' dir='ltr'><strong>jam</strong></span> <span class='ocrx_word' id='word_1_576' title='bbox 3191 3853 3336 3893; x_wconf 91' lang='lat' dir='ltr'><strong>anno</strong></span> <span class='ocrx_word' id='word_1_577' title='bbox 3362 3841 3464 3895; x_wconf 75' lang='lat'><strong>557</strong></span> <span class='ocrx_word' id='word_1_578' title='bbox 3503 3861 3516 3896; x_wconf 87' lang='lat'><strong>:</strong></span> 
     </span>
    </p>
   </div>
   <div class='ocr_carea' id='block_1_84' title="bbox 1949 3912 3521 3993">
    <p class='ocr_par' dir='ltr' id='par_1_84' title="bbox 1949 3912 3521 3993">
     <span class='ocr_line' id='line_1_84' title="bbox 1949 3912 3521 3993; baseline 0.013 -29"><span class='ocrx_word' id='word_1_579' title='bbox 1949 3912 2150 3982; x_wconf 88' lang='lat' dir='ltr'><strong>quippe</strong></span> <span class='ocrx_word' id='word_1_580' title='bbox 2185 3924 2307 3983; x_wconf 93' lang='lat' dir='ltr'><strong>post</strong></span> <span class='ocrx_word' id='word_1_581' title='bbox 2333 3931 2537 3971; x_wconf 88' lang='lat' dir='ltr'><strong>annum</strong></span> <span class='ocrx_word' id='word_1_582' title='bbox 2575 3920 2866 3991; x_wconf 80' lang='lat' dir='ltr'><strong>integrum,</strong></span> <span class='ocrx_word' id='word_1_583' title='bbox 2898 3941 3058 3993; x_wconf 88' lang='lat' dir='ltr'><strong>quam</strong></span> <span class='ocrx_word' id='word_1_584' title='bbox 3100 3925 3284 3984; x_wconf 90' lang='lat' dir='ltr'><strong>Sirmii</strong></span> <span class='ocrx_word' id='word_1_585' title='bbox 3323 3946 3349 3983; x_wconf 90' lang='lat' dir='ltr'><strong>a</strong></span> <span class='ocrx_word' id='word_1_586' title='bbox 3379 3931 3521 3987; x_wconf 83' lang='lat' dir='ltr'><strong>COn-</strong></span> 
     </span>
    </p>
   </div>
   <div class='ocr_carea' id='block_1_85' title="bbox 1949 4005 3520 4088">
    <p class='ocr_par' dir='ltr' id='par_1_85' title="bbox 1949 4005 3520 4088">
     <span class='ocr_line' id='line_1_85' title="bbox 1949 4005 3520 4088; baseline 0.015 -33"><span class='ocrx_word' id='word_1_587' title='bbox 1949 4005 2153 4058; x_wconf 88' lang='lat' dir='ltr'><strong>stantio</strong></span> <span class='ocrx_word' id='word_1_588' title='bbox 2189 4006 2439 4063; x_wconf 76' lang='lat' dir='ltr'><strong>detentus</strong></span> <span class='ocrx_word' id='word_1_589' title='bbox 2469 4019 2606 4076; x_wconf 90' lang='lat' dir='ltr'><strong>erat,</strong></span> <span class='ocrx_word' id='word_1_590' title='bbox 2646 4013 2864 4068; x_wconf 63' lang='lat' dir='ltr'><strong>Arianae</strong></span> <span class='ocrx_word' id='word_1_591' title='bbox 2893 4015 3224 4088; x_wconf 74' lang='lat' dir='ltr'><strong>professioni</strong></span> <span class='ocrx_word' id='word_1_592' title='bbox 3262 4025 3520 4079; x_wconf 88' lang='lat' dir='ltr'><strong>assentiri</strong></span> 
     </span>
    </p>
   </div>
   <div class='ocr_carea' id='block_1_86' title="bbox 1948 4097 3520 4171">
    <p class='ocr_par' dir='ltr' id='par_1_86' title="bbox 1948 4097 3520 4171">
     <span class='ocr_line' id='line_1_86' title="bbox 1948 4097 3520 4171; baseline 0.013 -23"><span class='ocrx_word' id='word_1_593' title='bbox 1948 4103 2170 4150; x_wconf 84' lang='lat' dir='ltr'><strong>coactus</strong></span> <span class='ocrx_word' id='word_1_594' title='bbox 2192 4103 2294 4152; x_wconf 89' lang='lat' dir='ltr'><strong>est.</strong></span> <span class='ocrx_word' id='word_1_595' title='bbox 2314 4099 2382 4152; x_wconf 88' lang='lat' dir='ltr'><strong>At</strong></span> <span class='ocrx_word' id='word_1_596' title='bbox 2407 4097 2758 4156; x_wconf 89' lang='lat' dir='ltr'><strong>Constantius</strong></span> <span class='ocrx_word' id='word_1_597' title='bbox 2773 4101 2955 4171; x_wconf 76' lang='lat' dir='ltr'><strong>Iunio,</strong></span> <span class='ocrx_word' id='word_1_598' title='bbox 2985 4107 3066 4160; x_wconf 90' lang='lat' dir='ltr'><strong>vel</strong></span> <span class='ocrx_word' id='word_1_599' title='bbox 3091 4107 3236 4163; x_wconf 88' lang='lat' dir='ltr'><strong>Julio</strong></span> <span class='ocrx_word' id='word_1_600' title='bbox 3251 4112 3520 4168; x_wconf 77' lang='lat' dir='ltr'><strong>duntaxat</strong></span> 
     </span>
    </p>
   </div>
   <div class='ocr_carea' id='block_1_87' title="bbox 1949 4191 3517 4274">
    <p class='ocr_par' dir='ltr' id='par_1_87' title="bbox 1949 4191 3517 4274">
     <span class='ocr_line' id='line_1_87' title="bbox 1949 4191 3517 4274; baseline 0.013 -33"><span class='ocrx_word' id='word_1_601' title='bbox 1949 4203 2135 4242; x_wconf 90' lang='lat' dir='ltr'><strong>mense</strong></span> <span class='ocrx_word' id='word_1_602' title='bbox 2171 4191 2300 4244; x_wconf 89' lang='lat' dir='ltr'><strong>anni</strong></span> <span class='ocrx_word' id='word_1_603' title='bbox 2339 4192 2636 4260; x_wconf 88' lang='lat' dir='ltr'><strong>superioris</strong></span> <span class='ocrx_word' id='word_1_604' title='bbox 2665 4191 2848 4248; x_wconf 84' lang='lat' dir='ltr'><strong>Sirmii</strong></span> <span class='ocrx_word' id='word_1_605' title='bbox 2883 4211 3004 4252; x_wconf 89' lang='lat' dir='ltr'><strong>esse</strong></span> <span class='ocrx_word' id='word_1_606' title='bbox 3035 4201 3230 4267; x_wconf 84' lang='lat' dir='ltr'><strong>potuit,</strong></span> <span class='ocrx_word' id='word_1_607' title='bbox 3267 4211 3326 4256; x_wconf 90' lang='lat' dir='ltr'><strong>ut</strong></span> <span class='ocrx_word' id='word_1_608' title='bbox 3351 4219 3517 4274; x_wconf 83' lang='lat' dir='ltr'><strong>supra</strong></span> 
     </span>
    </p>
   </div>
   <div class='ocr_carea' id='block_1_88' title="bbox 1947 4280 3520 4359">
    <p class='ocr_par' dir='ltr' id='par_1_88' title="bbox 1947 4280 3520 4359">
     <span class='ocr_line' id='line_1_88' title="bbox 1947 4280 3520 4359; baseline 0.013 -30"><span class='ocrx_word' id='word_1_609' title='bbox 1947 4280 2235 4347; x_wconf 90' lang='lat' dir='ltr'><strong>probatum</strong></span> <span class='ocrx_word' id='word_1_610' title='bbox 2265 4289 2366 4336; x_wconf 80' lang='lat' dir='ltr'><strong>est.</strong></span> <span class='ocrx_word' id='word_1_611' title='bbox 2405 4281 2584 4347; x_wconf 91' lang='lat' dir='ltr'><strong>Quare</strong></span> <span class='ocrx_word' id='word_1_612' title='bbox 2629 4284 2772 4338; x_wconf 89' lang='lat' dir='ltr'><strong>circa</strong></span> <span class='ocrx_word' id='word_1_613' title='bbox 2815 4285 2956 4340; x_wconf 89' lang='lat' dir='ltr'><strong>idem</strong></span> <span class='ocrx_word' id='word_1_614' title='bbox 3006 4297 3219 4359; x_wconf 91' lang='lat' dir='ltr'><strong>tempus</strong></span> <span class='ocrx_word' id='word_1_615' title='bbox 3254 4307 3398 4348; x_wconf 92' lang='lat' dir='ltr'><strong>anno</strong></span> <span class='ocrx_word' id='word_1_616' title='bbox 3429 4309 3520 4350; x_wconf 87' lang='lat' dir='ltr'><strong>se-</strong></span> 
     </span>
    </p>
   </div>
   <div class='ocr_carea' id='block_1_89' title="bbox 1948 4373 3542 4448">
    <p class='ocr_par' dir='ltr' id='par_1_89' title="bbox 1948 4373 3542 4448">
     <span class='ocr_line' id='line_1_89' title="bbox 1948 4373 3542 4448; baseline 0.011 -25"><span class='ocrx_word' id='word_1_617' title='bbox 1948 4381 2147 4442; x_wconf 86' lang='lat' dir='ltr'><strong>quente</strong></span> <span class='ocrx_word' id='word_1_618' title='bbox 2186 4383 2398 4428; x_wconf 84' lang='lat' dir='ltr'><strong>extorta</strong></span> <span class='ocrx_word' id='word_1_619' title='bbox 2439 4375 2652 4429; x_wconf 85' lang='lat' dir='ltr'><strong>videtur</strong></span> <span class='ocrx_word' id='word_1_620' title='bbox 2691 4378 2759 4430; x_wconf 89' lang='lat' dir='ltr'><strong>ab</strong></span> <span class='ocrx_word' id='word_1_621' title='bbox 2787 4377 2917 4432; x_wconf 89' lang='lat' dir='ltr'><strong>Osio</strong></span> <span class='ocrx_word' id='word_1_622' title='bbox 2949 4381 3234 4448; x_wconf 82' lang='lat' dir='ltr'><strong>perfidiosa</strong></span> <span class='ocrx_word' id='word_1_623' title='bbox 3267 4385 3355 4440; x_wconf 87' lang='lat' dir='ltr'><strong>illa</strong></span> <span class='ocrx_word' id='word_1_624' title='bbox 3387 4373 3542 4442; x_wconf 39' lang='lat' dir='ltr'><strong>con:</strong></span> 
     </span>
    </p>
   </div>
   <div class='ocr_carea' id='block_1_90' title="bbox 272 4464 3520 4546">
    <p class='ocr_par' dir='ltr' id='par_1_90' title="bbox 272 4464 3520 4546">
     <span class='ocr_line' id='line_1_90' title="bbox 272 4464 3520 4546; baseline 0.002 -20"><span class='ocrx_word' id='word_1_625' title='bbox 272 4472 392 4526; x_wconf 86' lang='lat' dir='ltr'><strong>suis</strong></span> <span class='ocrx_word' id='word_1_626' title='bbox 425 4471 770 4534; x_wconf 85' lang='lat' dir='ltr'><strong>versabatur,</strong></span> <span class='ocrx_word' id='word_1_627' title='bbox 804 4471 1030 4540; x_wconf 85' lang='lat' dir='ltr'><strong>accepit,</strong></span> <span class='ocrx_word' id='word_1_628' title='bbox 1066 4480 1121 4525; x_wconf 86' lang='lat' dir='ltr'><strong>et</strong></span> <span class='ocrx_word' id='word_1_629' title='bbox 1167 4487 1196 4526; x_wconf 89' lang='lat' dir='ltr'><strong>a</strong></span> <span class='ocrx_word' id='word_1_630' title='bbox 1238 4470 1371 4526; x_wconf 91' lang='lat' dir='ltr'><strong>solis</strong></span> <span class='ocrx_word' id='word_1_631' title='bbox 1405 4469 1846 4526; x_wconf 87' lang='lat' dir='ltr'><strong>Occidentalibus</strong></span> <span class='ocrx_word' id='word_1_632' title='bbox 1881 4487 1922 4542; x_wconf 82' lang='grc' dir='ltr'>υ</span> <span class='ocrx_word' id='word_1_633' title='bbox 1949 4465 2134 4521; x_wconf 72' lang='lat' dir='ltr'><strong>fessio.</strong></span> <span class='ocrx_word' id='word_1_634' title='bbox 2169 4464 2264 4521; x_wconf 67' lang='lat' dir='ltr'><strong>Esi</strong></span> <span class='ocrx_word' id='word_1_635' title='bbox 2288 4475 2466 4520; x_wconf 69' lang='lat' dir='ltr'><strong>autem</strong></span> <span class='ocrx_word' id='word_1_636' title='bbox 2500 4483 2562 4521; x_wconf 73' lang='lat' dir='ltr'><strong>ea</strong></span> <span class='ocrx_word' id='word_1_637' title='bbox 2593 4467 2807 4532; x_wconf 72' lang='grc' dir='ltr'><strong>ἔκθεσις</strong></span> <span class='ocrx_word' id='word_1_638' title='bbox 2835 4469 3128 4538; x_wconf 76' lang='lat' dir='ltr'><strong>Sirmiana.</strong></span> <span class='ocrx_word' id='word_1_639' title='bbox 3149 4491 3312 4546; x_wconf 84' lang='lat' dir='ltr'><strong>quam</strong></span> <span class='ocrx_word' id='word_1_640' title='bbox 3332 4493 3520 4534; x_wconf 87' lang='lat' dir='ltr'><strong>secun-</strong></span> 
     </span>
    </p>
   </div>
   <div class='ocr_carea' id='block_1_91' title="bbox 272 4561 1838 4632">
    <p class='ocr_par' dir='ltr' id='par_1_91' title="bbox 272 4561 1838 4632">
     <span class='ocr_line' id='line_1_91' title="bbox 272 4561 1838 4632; baseline 0 -16"><span class='ocrx_word' id='word_1_641' title='bbox 272 4562 642 4632; x_wconf 87' lang='lat' dir='ltr'><strong>conscriptam</strong></span> <span class='ocrx_word' id='word_1_642' title='bbox 669 4577 790 4616; x_wconf 86' lang='lat' dir='ltr'><strong>esse</strong></span> <span class='ocrx_word' id='word_1_643' title='bbox 817 4562 960 4618; x_wconf 87' lang='lat' dir='ltr'><strong>datis</strong></span> <span class='ocrx_word' id='word_1_644' title='bbox 991 4561 1060 4616; x_wconf 89' lang='lat' dir='ltr'><strong>ad</strong></span> <span class='ocrx_word' id='word_1_645' title='bbox 1083 4562 1206 4618; x_wconf 89' lang='lat' dir='ltr'><strong>illos</strong></span> <span class='ocrx_word' id='word_1_646' title='bbox 1239 4563 1438 4618; x_wconf 89' lang='lat' dir='ltr'><strong>litteris</strong></span> <span class='ocrx_word' id='word_1_647' title='bbox 1471 4571 1705 4618; x_wconf 89' lang='lat' dir='ltr'><strong>testatus</strong></span> <span class='ocrx_word' id='word_1_648' title='bbox 1733 4571 1838 4620; x_wconf 89' lang='lat' dir='ltr'><strong>est.</strong></span> 
     </span>
    </p>
   </div>
   <div class='ocr_carea' id='block_1_92' title="bbox 271 4655 1846 4723">
    <p class='ocr_par' dir='ltr' id='par_1_92' title="bbox 271 4655 1846 4723">
     <span class='ocr_line' id='line_1_92' title="bbox 271 4655 1846 4723; baseline 0.001 -15"><span class='ocrx_word' id='word_1_649' title='bbox 271 4655 409 4721; x_wconf 75' lang='lat' dir='ltr'><strong>Quae</strong></span> <span class='ocrx_word' id='word_1_650' title='bbox 435 4655 620 4709; x_wconf 91' lang='lat' dir='ltr'><strong>omnia</strong></span> <span class='ocrx_word' id='word_1_651' title='bbox 655 4669 819 4723; x_wconf 87' lang='lat' dir='ltr'><strong>supra</strong></span> <span class='ocrx_word' id='word_1_652' title='bbox 852 4655 1072 4723; x_wconf 87' lang='lat' dir='ltr'><strong>copiose</strong></span> <span class='ocrx_word' id='word_1_653' title='bbox 1107 4655 1378 4708; x_wconf 86' lang='lat' dir='ltr'><strong>declarata</strong></span> <span class='ocrx_word' id='word_1_654' title='bbox 1410 4664 1557 4710; x_wconf 89' lang='lat' dir='ltr'><strong>sunt.</strong></span> <span class='ocrx_word' id='word_1_655' title='bbox 1589 4655 1659 4711; x_wconf 92' lang='lat' dir='ltr'><strong>De</strong></span> <span class='ocrx_word' id='word_1_656' title='bbox 1685 4657 1846 4710; x_wconf 88' lang='lat' dir='ltr'><strong>tertia</strong></span> 
     </span>
    </p>
   </div>
   <div class='ocr_carea' id='block_1_93' title="bbox 273 4743 1846 4813">
    <p class='ocr_par' dir='ltr' id='par_1_93' title="bbox 273 4743 1846 4813">
     <span class='ocr_line' id='line_1_93' title="bbox 273 4743 1846 4813; baseline -0.001 -12"><span class='ocrx_word' id='word_1_657' title='bbox 273 4745 399 4802; x_wconf 76' lang='lat' dir='ltr'><strong>fidei</strong></span> <span class='ocrx_word' id='word_1_658' title='bbox 443 4743 788 4813; x_wconf 79' lang='lat' dir='ltr'><strong>expositione</strong></span> <span class='ocrx_word' id='word_1_659' title='bbox 839 4743 965 4811; x_wconf 90' lang='lat' dir='ltr'><strong>quid</strong></span> <span class='ocrx_word' id='word_1_660' title='bbox 1000 4745 1346 4800; x_wconf 89' lang='lat' dir='ltr'><strong>statuendum</strong></span> <span class='ocrx_word' id='word_1_661' title='bbox 1381 4745 1472 4808; x_wconf 85' lang='lat' dir='ltr'><strong>sit,</strong></span> <span class='ocrx_word' id='word_1_662' title='bbox 1507 4745 1752 4800; x_wconf 90' lang='lat' dir='ltr'><strong>dicemus</strong></span> <span class='ocrx_word' id='word_1_663' title='bbox 1778 4745 1846 4800; x_wconf 89' lang='lat' dir='ltr'><strong>ad</strong></span> 
     </span>
    </p>
   </div>
   <div class='ocr_carea' id='block_1_94' title="bbox 271 4835 696 4893">
    <p class='ocr_par' dir='ltr' id='par_1_94' title="bbox 271 4835 696 4893">
     <span class='ocr_line' id='line_1_94' title="bbox 271 4835 696 4893; baseline 0 -1"><span class='ocrx_word' id='word_1_664' title='bbox 271 4852 566 4893; x_wconf 87' lang='lat' dir='ltr'><strong>numerum</strong></span> <span class='ocrx_word' id='word_1_665' title='bbox 604 4835 696 4892; x_wconf 71' lang='lat'><strong>22.</strong></span> 
     </span>
    </p>
   </div>
   <div class='ocr_carea' id='block_1_95' title="bbox 273 4945 1850 5032">
    <p class='ocr_par' dir='ltr' id='par_1_95' title="bbox 273 4945 1850 5032">
     <span class='ocr_line' id='line_1_95' title="bbox 273 4945 1850 5032; baseline -0.001 -24"><span class='ocrx_word' id='word_1_666' title='bbox 273 4951 430 5008; x_wconf 80' lang='lat' dir='ltr'><strong>Noua</strong></span> <span class='ocrx_word' id='word_1_667' title='bbox 475 4949 720 5023; x_wconf 67' lang='lat' dir='ltr'><strong>quadam</strong></span> <span class='ocrx_word' id='word_1_668' title='bbox 759 4963 824 5004; x_wconf 81' lang='lat' dir='ltr'><strong>ea:</strong></span> <span class='ocrx_word' id='word_1_669' title='bbox 871 4959 1098 5030; x_wconf 66' lang='lat' dir='ltr'><strong>ceterum</strong></span> <span class='ocrx_word' id='word_1_670' title='bbox 1133 4945 1358 5032; x_wconf 71' lang='lat' dir='ltr'><strong>Patrum</strong></span> <span class='ocrx_word' id='word_1_671' title='bbox 1407 4951 1716 5006; x_wconf 81' lang='lat' dir='ltr'><strong>testimoniis</strong></span> <span class='ocrx_word' id='word_1_672' title='bbox 1773 4953 1850 5006; x_wconf 86' lang='lat' dir='ltr'><strong>rei</strong></span> 
     </span>
    </p>
   </div>
   <div class='ocr_carea' id='block_1_96' title="bbox 723 5029 1394 5089">
    <p class='ocr_par' dir='ltr' id='par_1_96' title="bbox 723 5029 1394 5089">
     <span class='ocr_line' id='line_1_96' title="bbox 723 5029 1394 5089; baseline -0.001 -15"><span class='ocrx_word' id='word_1_673' title='bbox 723 5029 880 5089; x_wconf 71' lang='lat' dir='ltr'><strong>gesta:</strong></span> <span class='ocrx_word' id='word_1_674' title='bbox 910 5029 1070 5074; x_wconf 79' lang='lat' dir='ltr'><strong>series</strong></span> <span class='ocrx_word' id='word_1_675' title='bbox 1094 5029 1394 5089; x_wconf 76' lang='lat' dir='ltr'><strong>exponitur.</strong></span> 
     </span>
    </p>
   </div>
   <div class='ocr_carea' id='block_1_97' title="bbox 343 5109 1844 5184">
    <p class='ocr_par' dir='ltr' id='par_1_97' title="bbox 343 5109 1844 5184">
     <span class='ocr_line' id='line_1_97' title="bbox 343 5109 1844 5184; baseline -0.001 -16"><span class='ocrx_word' id='word_1_676' title='bbox 343 5109 576 5184; x_wconf 78' lang='lat' dir='ltr'><strong>Pergam</strong></span> <span class='ocrx_word' id='word_1_677' title='bbox 605 5110 674 5168; x_wconf 89' lang='lat' dir='ltr'><strong>de</strong></span> <span class='ocrx_word' id='word_1_678' title='bbox 707 5111 952 5168; x_wconf 86' lang='lat' dir='ltr'><strong>historiis</strong></span> <span class='ocrx_word' id='word_1_679' title='bbox 1017 5121 1072 5168; x_wconf 90' lang='lat' dir='ltr'><strong>et</strong></span> <span class='ocrx_word' id='word_1_680' title='bbox 1123 5111 1412 5167; x_wconf 88' lang='lat' dir='ltr'><strong>annalibus</strong></span> <span class='ocrx_word' id='word_1_681' title='bbox 1455 5111 1844 5169; x_wconf 87' lang='lat' dir='ltr'><strong>ecclesiasticis</strong></span> 
     </span>
    </p>
   </div>
   <div class='ocr_carea' id='block_1_98' title="bbox 271 5202 1844 5274">
    <p class='ocr_par' dir='ltr' id='par_1_98' title="bbox 271 5202 1844 5274">
     <span class='ocr_line' id='line_1_98' title="bbox 271 5202 1844 5274; baseline -0.001 -13"><span class='ocrx_word' id='word_1_682' title='bbox 271 5206 414 5261; x_wconf 87' lang='lat' dir='ltr'><strong>bene</strong></span> <span class='ocrx_word' id='word_1_683' title='bbox 455 5202 672 5269; x_wconf 87' lang='lat' dir='ltr'><strong>mereri,</strong></span> <span class='ocrx_word' id='word_1_684' title='bbox 717 5217 782 5257; x_wconf 87' lang='lat' dir='ltr'><strong>ac</strong></span> <span class='ocrx_word' id='word_1_685' title='bbox 814 5203 1268 5273; x_wconf 88' lang='lat' dir='ltr'><strong>quemadmodum</strong></span> <span class='ocrx_word' id='word_1_686' title='bbox 1300 5202 1458 5274; x_wconf 87' lang='lat' dir='ltr'><strong>dirigi</strong></span> <span class='ocrx_word' id='word_1_687' title='bbox 1499 5203 1742 5260; x_wconf 86' lang='lat' dir='ltr'><strong>veritatis</strong></span> <span class='ocrx_word' id='word_1_688' title='bbox 1775 5207 1844 5260; x_wconf 91' lang='lat' dir='ltr'><strong>ad</strong></span> 
     </span>
    </p>
   </div>
   <div class='ocr_carea' id='block_1_99' title="bbox 272 5294 1848 5364">
    <p class='ocr_par' dir='ltr' id='par_1_99' title="bbox 272 5294 1848 5364">
     <span class='ocr_line' id='line_1_99' title="bbox 272 5294 1848 5364; baseline -0.001 -13"><span class='ocrx_word' id='word_1_689' title='bbox 272 5295 539 5351; x_wconf 86' lang='lat' dir='ltr'><strong>amussim</strong></span> <span class='ocrx_word' id='word_1_690' title='bbox 577 5294 828 5358; x_wconf 89' lang='lat' dir='ltr'><strong>debeant,</strong></span> <span class='ocrx_word' id='word_1_691' title='bbox 869 5307 1169 5364; x_wconf 87' lang='lat' dir='ltr'><strong>pr0ponam</strong></span> <span class='ocrx_word' id='word_1_692' title='bbox 1201 5295 1304 5349; x_wconf 91' lang='lat' dir='ltr'><strong>hoc</strong></span> <span class='ocrx_word' id='word_1_693' title='bbox 1335 5295 1453 5348; x_wconf 92' lang='lat' dir='ltr'><strong>loco</strong></span> <span class='ocrx_word' id='word_1_694' title='bbox 1492 5295 1746 5362; x_wconf 88' lang='lat' dir='ltr'><strong>breviter,</strong></span> <span class='ocrx_word' id='word_1_695' title='bbox 1787 5305 1848 5350; x_wconf 91' lang='lat' dir='ltr'><strong>ut</strong></span> 
     </span>
    </p>
   </div>
   <div class='ocr_carea' id='block_1_100' title="bbox 274 5383 1845 5454">
    <p class='ocr_par' dir='ltr' id='par_1_100' title="bbox 274 5383 1845 5454">
     <span class='ocr_line' id='line_1_100' title="bbox 274 5383 1845 5454; baseline -0.001 -13"><span class='ocrx_word' id='word_1_696' title='bbox 274 5390 380 5441; x_wconf 90' lang='lat' dir='ltr'><strong>hac</strong></span> <span class='ocrx_word' id='word_1_697' title='bbox 401 5383 704 5440; x_wconf 72' lang='lat' dir='ltr'><strong>offensione</strong></span> <span class='ocrx_word' id='word_1_698' title='bbox 725 5385 960 5448; x_wconf 88' lang='lat' dir='ltr'><strong>sublata,</strong></span> <span class='ocrx_word' id='word_1_699' title='bbox 989 5393 1194 5440; x_wconf 89' lang='lat' dir='ltr'><strong>rectam</strong></span> <span class='ocrx_word' id='word_1_700' title='bbox 1224 5384 1476 5454; x_wconf 89' lang='lat' dir='ltr'><strong>deinceps</strong></span> <span class='ocrx_word' id='word_1_701' title='bbox 1495 5385 1633 5439; x_wconf 86' lang='lat' dir='ltr'><strong>viam</strong></span> <span class='ocrx_word' id='word_1_702' title='bbox 1654 5401 1845 5440; x_wconf 90' lang='lat' dir='ltr'><strong>omnes</strong></span> 
     </span>
    </p>
   </div>
   <div class='ocr_carea' id='block_1_101' title="bbox 269 5475 1846 5547">
    <p class='ocr_par' dir='ltr' id='par_1_101' title="bbox 269 5475 1846 5547">
     <span class='ocr_line' id='line_1_101' title="bbox 269 5475 1846 5547; baseline -0.001 -14"><span class='ocrx_word' id='word_1_703' title='bbox 269 5478 549 5534; x_wconf 85' lang='lat' dir='ltr'><strong>insistant.</strong></span> <span class='ocrx_word' id='word_1_704' title='bbox 569 5475 788 5532; x_wconf 88' lang='lat' dir='ltr'><strong>Initium</strong></span> <span class='ocrx_word' id='word_1_705' title='bbox 813 5492 844 5532; x_wconf 85' lang='lat' dir='ltr'><strong>a</strong></span> <span class='ocrx_word' id='word_1_706' title='bbox 869 5475 1100 5532; x_wconf 90' lang='lat' dir='ltr'><strong>concilio</strong></span> <span class='ocrx_word' id='word_1_707' title='bbox 1125 5476 1412 5532; x_wconf 89' lang='lat' dir='ltr'><strong>Sirrniensi</strong></span> <span class='ocrx_word' id='word_1_708' title='bbox 1443 5479 1675 5547; x_wconf 86' lang='lat' dir='ltr'><strong>capiam,</strong></span> <span class='ocrx_word' id='word_1_709' title='bbox 1699 5478 1846 5545; x_wconf 87' lang='lat' dir='ltr'><strong>quod</strong></span> 
     </span>
    </p>
   </div>
   <div class='ocr_carea' id='block_1_102' title="bbox 269 5567 1846 5638">
    <p class='ocr_par' dir='ltr' id='par_1_102' title="bbox 269 5567 1846 5638">
     <span class='ocr_line' id='line_1_102' title="bbox 269 5567 1846 5638; baseline -0.003 -12"><span class='ocrx_word' id='word_1_710' title='bbox 269 5577 464 5626; x_wconf 82' lang='lat' dir='ltr'><strong>contra</strong></span> <span class='ocrx_word' id='word_1_711' title='bbox 491 5569 876 5626; x_wconf 88' lang='lat' dir='ltr'><strong>Photinianum</strong></span> <span class='ocrx_word' id='word_1_712' title='bbox 916 5569 1113 5638; x_wconf 81' lang='lat' dir='ltr'><strong>dogma</strong></span> <span class='ocrx_word' id='word_1_713' title='bbox 1141 5567 1428 5624; x_wconf 90' lang='lat' dir='ltr'><strong>collectum</strong></span> <span class='ocrx_word' id='word_1_714' title='bbox 1465 5585 1494 5624; x_wconf 91' lang='lat' dir='ltr'><strong>a</strong></span> <span class='ocrx_word' id='word_1_715' title='bbox 1525 5568 1846 5624; x_wconf 85' lang='lat' dir='ltr'><strong>Constantio</strong></span> 
     </span>
    </p>
   </div>
   <div class='ocr_carea' id='block_1_103' title="bbox 269 5660 1846 5734">
    <p class='ocr_par' dir='ltr' id='par_1_103' title="bbox 269 5660 1846 5734">
     <span class='ocr_line' id='line_1_103' title="bbox 269 5660 1846 5734; baseline -0.001 -17"><span class='ocrx_word' id='word_1_716' title='bbox 269 5671 378 5718; x_wconf 84' lang='lat' dir='ltr'><strong>est.</strong></span> <span class='ocrx_word' id='word_1_717' title='bbox 411 5661 486 5718; x_wconf 86' lang='lat' dir='ltr'><strong>De</strong></span> <span class='ocrx_word' id='word_1_718' title='bbox 511 5678 624 5734; x_wconf 88' lang='lat' dir='ltr'><strong>quo</strong></span> <span class='ocrx_word' id='word_1_719' title='bbox 653 5663 996 5718; x_wconf 89' lang='lat' dir='ltr'><strong>verissimum</strong></span> <span class='ocrx_word' id='word_1_720' title='bbox 1027 5673 1146 5714; x_wconf 88' lang='lat' dir='ltr'><strong>esse</strong></span> <span class='ocrx_word' id='word_1_721' title='bbox 1181 5668 1382 5724; x_wconf 85' lang='lat' dir='ltr'><strong>statuo,</strong></span> <span class='ocrx_word' id='word_1_722' title='bbox 1415 5661 1560 5731; x_wconf 91' lang='lat' dir='ltr'><strong>quod</strong></span> <span class='ocrx_word' id='word_1_723' title='bbox 1590 5660 1846 5716; x_wconf 88' lang='lat' dir='ltr'><strong>Socrates</strong></span> 
     </span>
    </p>
   </div>
   <div class='ocr_carea' id='block_1_104' title="bbox 245 5749 1846 5824">
    <p class='ocr_par' dir='ltr' id='par_1_104' title="bbox 245 5749 1846 5824">
     <span class='ocr_line' id='line_1_104' title="bbox 245 5749 1846 5824; baseline -0.003 -13"><span class='ocrx_word' id='word_1_724' title='bbox 245 5772 334 5812; x_wconf 76' lang='lat' dir='ltr'><strong>.ac</strong></span> <span class='ocrx_word' id='word_1_725' title='bbox 363 5755 701 5811; x_wconf 83' lang='lat' dir='ltr'><strong>Sozotnenus</strong></span> <span class='ocrx_word' id='word_1_726' title='bbox 735 5755 1072 5824; x_wconf 85' lang='lat' dir='ltr'><strong>scripserunt</strong></span> <span class='ocrx_word' id='word_1_727' title='bbox 1105 5767 1118 5804; x_wconf 84' lang='lat'><strong>:</strong></span> <span class='ocrx_word' id='word_1_728' title='bbox 1147 5751 1478 5806; x_wconf 79' lang='lat' dir='ltr'><strong>Celebratum</strong></span> <span class='ocrx_word' id='word_1_729' title='bbox 1511 5767 1630 5809; x_wconf 85' lang='lat' dir='ltr'><strong>esse</strong></span> <span class='ocrx_word' id='word_1_730' title='bbox 1657 5749 1846 5822; x_wconf 82' lang='lat' dir='ltr'><strong>Sergio</strong></span> 
     </span>
    </p>
   </div>
   <div class='ocr_carea' id='block_1_105' title="bbox 1951 4559 3518 4641">
    <p class='ocr_par' dir='ltr' id='par_1_105' title="bbox 1951 4559 3518 4641">
     <span class='ocr_line' id='line_1_105' title="bbox 1951 4559 3518 4641; baseline 0.01 -29"><span class='ocrx_word' id='word_1_731' title='bbox 1951 4559 2074 4612; x_wconf 87' lang='lat' dir='ltr'><strong>dam</strong></span> <span class='ocrx_word' id='word_1_732' title='bbox 2103 4573 2292 4613; x_wconf 89' lang='lat' dir='ltr'><strong>omnes</strong></span> <span class='ocrx_word' id='word_1_733' title='bbox 2323 4569 2631 4623; x_wconf 88' lang='lat' dir='ltr'><strong>numerant,</strong></span> <span class='ocrx_word' id='word_1_734' title='bbox 2667 4577 2896 4631; x_wconf 59' lang='lat' dir='ltr'><strong>quaeque</strong></span> <span class='ocrx_word' id='word_1_735' title='bbox 2930 4565 3000 4620; x_wconf 87' lang='lat' dir='ltr'><strong>ab</strong></span> <span class='ocrx_word' id='word_1_736' title='bbox 3033 4563 3239 4622; x_wconf 87' lang='lat' dir='ltr'><strong>Hilario</strong></span> <span class='ocrx_word' id='word_1_737' title='bbox 3265 4569 3518 4641; x_wconf 86' lang='lat' dir='ltr'><strong>blasphe-</strong></span> 
     </span>
    </p>
   </div>
   <div class='ocr_carea' id='block_1_106' title="bbox 1951 4643 3520 4729">
    <p class='ocr_par' dir='ltr' id='par_1_106' title="bbox 1951 4643 3520 4729">
     <span class='ocr_line' id='line_1_106' title="bbox 1951 4643 3520 4729; baseline 0.01 -26"><span class='ocrx_word' id='word_1_738' title='bbox 1951 4653 2058 4705; x_wconf 90' lang='lat' dir='ltr'><strong>mia</strong></span> <span class='ocrx_word' id='word_1_739' title='bbox 2103 4652 2212 4706; x_wconf 90' lang='lat' dir='ltr'><strong>Osii</strong></span> <span class='ocrx_word' id='word_1_740' title='bbox 2249 4643 2314 4706; x_wconf 87' lang='lat' dir='ltr'><strong>ac</strong></span> <span class='ocrx_word' id='word_1_741' title='bbox 2343 4650 2572 4706; x_wconf 90' lang='lat' dir='ltr'><strong>Potamii</strong></span> <span class='ocrx_word' id='word_1_742' title='bbox 2615 4655 2947 4712; x_wconf 85' lang='lat' dir='ltr'><strong>nominatur.</strong></span> <span class='ocrx_word' id='word_1_743' title='bbox 2995 4656 3168 4729; x_wconf 90' lang='lat' dir='ltr'><strong>Hujus</strong></span> <span class='ocrx_word' id='word_1_744' title='bbox 3206 4677 3330 4717; x_wconf 91' lang='lat' dir='ltr'><strong>cum</strong></span> <span class='ocrx_word' id='word_1_745' title='bbox 3361 4664 3520 4720; x_wconf 84' lang='lat' dir='ltr'><strong>Aria-</strong></span> 
     </span>
    </p>
   </div>
   <div class='ocr_carea' id='block_1_107' title="bbox 1950 4744 3521 4818">
    <p class='ocr_par' dir='ltr' id='par_1_107' title="bbox 1950 4744 3521 4818">
     <span class='ocr_line' id='line_1_107' title="bbox 1950 4744 3521 4818; baseline 0.011 -22"><span class='ocrx_word' id='word_1_746' title='bbox 1950 4759 2050 4798; x_wconf 94' lang='lat' dir='ltr'><strong>nos</strong></span> <span class='ocrx_word' id='word_1_747' title='bbox 2087 4753 2278 4813; x_wconf 84' lang='lat' dir='ltr'><strong>postea</strong></span> <span class='ocrx_word' id='word_1_748' title='bbox 2327 4744 2704 4814; x_wconf 80' lang='lat' dir='ltr'><strong>paenituisset,</strong></span> <span class='ocrx_word' id='word_1_749' title='bbox 2753 4763 2974 4818; x_wconf 89' lang='lat' dir='ltr'><strong>operam</strong></span> <span class='ocrx_word' id='word_1_750' title='bbox 3029 4752 3293 4810; x_wconf 89' lang='lat' dir='ltr'><strong>dederunt</strong></span> <span class='ocrx_word' id='word_1_751' title='bbox 3341 4766 3398 4812; x_wconf 93' lang='lat' dir='ltr'><strong>ut</strong></span> <span class='ocrx_word' id='word_1_752' title='bbox 3453 4773 3521 4814; x_wconf 91' lang='lat' dir='ltr'><strong>ea</strong></span> 
     </span>
    </p>
   </div>
   <div class='ocr_carea' id='block_1_108' title="bbox 1949 4835 3520 4917">
    <p class='ocr_par' dir='ltr' id='par_1_108' title="bbox 1949 4835 3520 4917">
     <span class='ocr_line' id='line_1_108' title="bbox 1949 4835 3520 4917; baseline 0.011 -29"><span class='ocrx_word' id='word_1_753' title='bbox 1949 4835 2150 4905; x_wconf 89' lang='lat' dir='ltr'><strong>ubique</strong></span> <span class='ocrx_word' id='word_1_754' title='bbox 2173 4837 2616 4906; x_wconf 88' lang='lat' dir='ltr'><strong>supprirneretur,</strong></span> <span class='ocrx_word' id='word_1_755' title='bbox 2635 4838 2956 4910; x_wconf 87' lang='lat' dir='ltr'><strong>interposita</strong></span> <span class='ocrx_word' id='word_1_756' title='bbox 2978 4845 3142 4899; x_wconf 90' lang='lat' dir='ltr'><strong>etiam</strong></span> <span class='ocrx_word' id='word_1_757' title='bbox 3175 4845 3520 4917; x_wconf 81' lang='lat' dir='ltr'><strong>imperatoris</strong></span> 
     </span>
    </p>
   </div>
   <div class='ocr_carea' id='block_1_109' title="bbox 1949 4927 3522 5006">
    <p class='ocr_par' dir='ltr' id='par_1_109' title="bbox 1949 4927 3522 5006">
     <span class='ocr_line' id='line_1_109' title="bbox 1949 4927 3522 5006; baseline 0.011 -28"><span class='ocrx_word' id='word_1_758' title='bbox 1949 4933 2232 4996; x_wconf 86' lang='lat' dir='ltr'><strong>potestate,</strong></span> <span class='ocrx_word' id='word_1_759' title='bbox 2251 4927 2344 4997; x_wconf 91' lang='lat' dir='ltr'><strong>qui</strong></span> <span class='ocrx_word' id='word_1_760' title='bbox 2367 4927 2692 4997; x_wconf 90' lang='lat' dir='ltr'><strong>supplicium</strong></span> <span class='ocrx_word' id='word_1_761' title='bbox 2723 4931 2920 5002; x_wconf 90' lang='lat' dir='ltr'><strong>iis,qui</strong></span> <span class='ocrx_word' id='word_1_762' title='bbox 2949 4935 3094 4988; x_wconf 90' lang='lat' dir='ltr'><strong>illam</strong></span> <span class='ocrx_word' id='word_1_763' title='bbox 3115 4951 3281 5006; x_wconf 89' lang='lat' dir='ltr'><strong>penes</strong></span> <span class='ocrx_word' id='word_1_764' title='bbox 3313 4954 3371 4994; x_wconf 91' lang='lat' dir='ltr'><strong>se</strong></span> <span class='ocrx_word' id='word_1_765' title='bbox 3389 4942 3522 4995; x_wconf 90' lang='lat' dir='ltr'><strong>reti-</strong></span> 
     </span>
    </p>
   </div>
   <div class='ocr_carea' id='block_1_110' title="bbox 1949 5019 3516 5094">
    <p class='ocr_par' dir='ltr' id='par_1_110' title="bbox 1949 5019 3516 5094">
     <span class='ocr_line' id='line_1_110' title="bbox 1949 5019 3516 5094; baseline 0.01 -23"><span class='ocrx_word' id='word_1_766' title='bbox 1949 5026 2160 5081; x_wconf 90' lang='lat' dir='ltr'><strong>nerent,</strong></span> <span class='ocrx_word' id='word_1_767' title='bbox 2219 5019 2599 5075; x_wconf 85' lang='lat' dir='ltr'><strong>interminatus</strong></span> <span class='ocrx_word' id='word_1_768' title='bbox 2647 5029 2774 5076; x_wconf 86' lang='lat' dir='ltr'><strong>est:</strong></span> <span class='ocrx_word' id='word_1_769' title='bbox 2809 5033 2998 5079; x_wconf 84' lang='lat' dir='ltr'><strong>auctor</strong></span> <span class='ocrx_word' id='word_1_770' title='bbox 3047 5025 3300 5084; x_wconf 84' lang='lat' dir='ltr'><strong>Socrates</strong></span> <span class='ocrx_word' id='word_1_771' title='bbox 3327 5030 3420 5086; x_wconf 93' lang='lat' dir='ltr'><strong>lib.</strong></span> <span class='ocrx_word' id='word_1_772' title='bbox 3455 5049 3516 5094; x_wconf 82' lang='grc' dir='ltr'>ιι.</span> 
     </span>
    </p>
   </div>
   <div class='ocr_carea' id='block_1_111' title="bbox 1948 5109 3522 5192">
    <p class='ocr_par' dir='ltr' id='par_1_111' title="bbox 1948 5109 3522 5192">
     <span class='ocr_line' id='line_1_111' title="bbox 1948 5109 3522 5192; baseline 0.01 -29"><span class='ocrx_word' id='word_1_773' title='bbox 1948 5124 2067 5180; x_wconf 90' lang='lat' dir='ltr'><strong>cap.</strong></span> <span class='ocrx_word' id='word_1_774' title='bbox 2088 5111 2176 5164; x_wconf 76' lang='lat'><strong>25.</strong></span> <span class='ocrx_word' id='word_1_775' title='bbox 2211 5109 2312 5164; x_wconf 88' lang='lat' dir='ltr'><strong>Per</strong></span> <span class='ocrx_word' id='word_1_776' title='bbox 2345 5111 2484 5166; x_wconf 84' lang='lat' dir='ltr'><strong>idem</strong></span> <span class='ocrx_word' id='word_1_777' title='bbox 2513 5121 2726 5182; x_wconf 91' lang='lat' dir='ltr'><strong>tempus</strong></span> <span class='ocrx_word' id='word_1_778' title='bbox 2761 5113 3010 5172; x_wconf 85' lang='lat' dir='ltr'><strong>Liberius</strong></span> <span class='ocrx_word' id='word_1_779' title='bbox 3037 5119 3298 5188; x_wconf 81' lang='lat' dir='ltr'><strong>pontifex,</strong></span> <span class='ocrx_word' id='word_1_780' title='bbox 3331 5121 3424 5192; x_wconf 91' lang='lat' dir='ltr'><strong>qui</strong></span> <span class='ocrx_word' id='word_1_781' title='bbox 3463 5123 3522 5180; x_wconf 91' lang='lat' dir='ltr'><strong>in</strong></span> 
     </span>
    </p>
   </div>
   <div class='ocr_carea' id='block_1_112' title="bbox 1949 5199 3521 5274">
    <p class='ocr_par' dir='ltr' id='par_1_112' title="bbox 1949 5199 3521 5274">
     <span class='ocr_line' id='line_1_112' title="bbox 1949 5199 3521 5274; baseline 0.009 -20"><span class='ocrx_word' id='word_1_782' title='bbox 1949 5199 2336 5256; x_wconf 80' lang='lat' dir='ltr'><strong>Mcdiolauensi</strong></span> <span class='ocrx_word' id='word_1_783' title='bbox 2369 5203 2601 5258; x_wconf 85' lang='lat' dir='ltr'><strong>concilio</strong></span> <span class='ocrx_word' id='word_1_784' title='bbox 2627 5213 2754 5259; x_wconf 89' lang='lat' dir='ltr'><strong>ante</strong></span> <span class='ocrx_word' id='word_1_785' title='bbox 2795 5205 3094 5274; x_wconf 90' lang='lat' dir='ltr'><strong>biennium,</strong></span> <span class='ocrx_word' id='word_1_786' title='bbox 3127 5214 3228 5264; x_wconf 87' lang='lat' dir='ltr'><strong>hoc</strong></span> <span class='ocrx_word' id='word_1_787' title='bbox 3258 5219 3342 5267; x_wconf 91' lang='lat' dir='ltr'><strong>est</strong></span> <span class='ocrx_word' id='word_1_788' title='bbox 3373 5227 3521 5268; x_wconf 92' lang='lat' dir='ltr'><strong>anno</strong></span> 
     </span>
    </p>
   </div>
   <div class='ocr_carea' id='block_1_113' title="bbox 1949 5291 3522 5370">
    <p class='ocr_par' dir='ltr' id='par_1_113' title="bbox 1949 5291 3522 5370">
     <span class='ocr_line' id='line_1_113' title="bbox 1949 5291 3522 5370; baseline 0.007 -22"><span class='ocrx_word' id='word_1_789' title='bbox 1949 5293 2073 5356; x_wconf 73' lang='lat'><strong>353,</strong></span> <span class='ocrx_word' id='word_1_790' title='bbox 2121 5291 2368 5349; x_wconf 67' lang='lat' dir='ltr'><strong>Beroeam</strong></span> <span class='ocrx_word' id='word_1_791' title='bbox 2417 5295 2810 5362; x_wconf 85' lang='lat' dir='ltr'><strong>gloriosissime</strong></span> <span class='ocrx_word' id='word_1_792' title='bbox 2846 5299 3116 5370; x_wconf 81' lang='lat' dir='ltr'><strong>relegatus</strong></span> <span class='ocrx_word' id='word_1_793' title='bbox 3141 5301 3336 5367; x_wconf 88' lang='lat' dir='ltr'><strong>fuerat,</strong></span> <span class='ocrx_word' id='word_1_794' title='bbox 3369 5303 3522 5359; x_wconf 86' lang='lat' dir='ltr'><strong>Con-</strong></span> 
     </span>
    </p>
   </div>
   <div class='ocr_carea' id='block_1_114' title="bbox 1949 5383 3520 5454">
    <p class='ocr_par' dir='ltr' id='par_1_114' title="bbox 1949 5383 3520 5454">
     <span class='ocr_line' id='line_1_114' title="bbox 1949 5383 3520 5454; baseline 0.006 -16"><span class='ocrx_word' id='word_1_795' title='bbox 1949 5385 2136 5438; x_wconf 88' lang='lat' dir='ltr'><strong>stantii</strong></span> <span class='ocrx_word' id='word_1_796' title='bbox 2173 5383 2518 5454; x_wconf 84' lang='lat' dir='ltr'><strong>imperatoris</strong></span> <span class='ocrx_word' id='word_1_797' title='bbox 2547 5395 2602 5441; x_wconf 92' lang='lat' dir='ltr'><strong>et</strong></span> <span class='ocrx_word' id='word_1_798' title='bbox 2634 5387 2962 5444; x_wconf 85' lang='lat' dir='ltr'><strong>Arianorum</strong></span> <span class='ocrx_word' id='word_1_799' title='bbox 3001 5389 3281 5446; x_wconf 86' lang='lat' dir='ltr'><strong>fraudibus</strong></span> <span class='ocrx_word' id='word_1_800' title='bbox 3311 5407 3374 5446; x_wconf 91' lang='lat' dir='ltr'><strong>ac</strong></span> <span class='ocrx_word' id='word_1_801' title='bbox 3409 5401 3520 5448; x_wconf 85' lang='lat' dir='ltr'><strong>ter-</strong></span> 
     </span>
    </p>
   </div>
   <div class='ocr_carea' id='block_1_115' title="bbox 1949 5476 3522 5556">
    <p class='ocr_par' dir='ltr' id='par_1_115' title="bbox 1949 5476 3522 5556">
     <span class='ocr_line' id='line_1_115' title="bbox 1949 5476 3522 5556; baseline 0.006 -26"><span class='ocrx_word' id='word_1_802' title='bbox 1949 5478 2165 5532; x_wconf 86' lang='lat' dir='ltr'><strong>roribus</strong></span> <span class='ocrx_word' id='word_1_803' title='bbox 2195 5476 2480 5545; x_wconf 88' lang='lat' dir='ltr'><strong>infractus,</strong></span> <span class='ocrx_word' id='word_1_804' title='bbox 2499 5478 2660 5534; x_wconf 85' lang='lat' dir='ltr'><strong>simul</strong></span> <span class='ocrx_word' id='word_1_805' title='bbox 2689 5483 3070 5552; x_wconf 69' lang='lat' dir='ltr'><strong>recuperanda:</strong></span> <span class='ocrx_word' id='word_1_806' title='bbox 3091 5483 3236 5539; x_wconf 85' lang='lat' dir='ltr'><strong>sedis</strong></span> <span class='ocrx_word' id='word_1_807' title='bbox 3259 5495 3312 5539; x_wconf 90' lang='lat' dir='ltr'><strong>et</strong></span> <span class='ocrx_word' id='word_1_808' title='bbox 3332 5485 3522 5556; x_wconf 67' lang='lat' dir='ltr'><strong>patria!</strong></span> 
     </span>
    </p>
   </div>
   <div class='ocr_carea' id='block_1_116' title="bbox 1948 5569 3518 5635">
    <p class='ocr_par' dir='ltr' id='par_1_116' title="bbox 1948 5569 3518 5635">
     <span class='ocr_line' id='line_1_116' title="bbox 1948 5569 3518 5635; baseline 0.006 -13"><span class='ocrx_word' id='word_1_809' title='bbox 1948 5571 2238 5635; x_wconf 88' lang='lat' dir='ltr'><strong>desiderio,</strong></span> <span class='ocrx_word' id='word_1_810' title='bbox 2273 5569 2532 5626; x_wconf 90' lang='lat' dir='ltr'><strong>Sirmium</strong></span> <span class='ocrx_word' id='word_1_811' title='bbox 2564 5584 2820 5629; x_wconf 85' lang='lat' dir='ltr'><strong>evocatus</strong></span> <span class='ocrx_word' id='word_1_812' title='bbox 2859 5575 3138 5630; x_wconf 89' lang='lat' dir='ltr'><strong>Athanasii</strong></span> <span class='ocrx_word' id='word_1_813' title='bbox 3181 5577 3518 5634; x_wconf 83' lang='lat' dir='ltr'><strong>damnationi</strong></span> 
     </span>
    </p>
   </div>
   <div class='ocr_carea' id='block_1_117' title="bbox 1949 5661 3518 5740">
    <p class='ocr_par' dir='ltr' id='par_1_117' title="bbox 1949 5661 3518 5740">
     <span class='ocr_line' id='line_1_117' title="bbox 1949 5661 3518 5740; baseline 0.009 -28"><span class='ocrx_word' id='word_1_814' title='bbox 1949 5661 2304 5730; x_wconf 84' lang='lat' dir='ltr'><strong>subscripsit,</strong></span> <span class='ocrx_word' id='word_1_815' title='bbox 2351 5679 2566 5734; x_wconf 87' lang='lat' dir='ltr'><strong>unaque</strong></span> <span class='ocrx_word' id='word_1_816' title='bbox 2599 5665 2722 5720; x_wconf 85' lang='lat' dir='ltr'><strong>ﬁdei</strong></span> <span class='ocrx_word' id='word_1_817' title='bbox 2771 5667 3167 5738; x_wconf 86' lang='lat' dir='ltr'><strong>professionem</strong></span> <span class='ocrx_word' id='word_1_818' title='bbox 3213 5669 3378 5730; x_wconf 89' lang='lat' dir='ltr'><strong>dedit,</strong></span> <span class='ocrx_word' id='word_1_819' title='bbox 3407 5685 3518 5740; x_wconf 67' lang='lat' dir='ltr'><strong>qua</strong></span> 
     </span>
    </p>
   </div>
   <div class='ocr_carea' id='block_1_118' title="bbox 1949 5751 3518 5832">
    <p class='ocr_par' dir='ltr' id='par_1_118' title="bbox 1949 5751 3518 5832">
     <span class='ocr_line' id='line_1_118' title="bbox 1949 5751 3518 5832; baseline 0.01 -28"><span class='ocrx_word' id='word_1_820' title='bbox 1949 5751 2040 5804; x_wconf 73' lang='grc' dir='ltr'><strong>τοῦ</strong></span> <span class='ocrx_word' id='word_1_821' title='bbox 2067 5751 2349 5822; x_wconf 57' lang='lat' dir='ltr'><strong>euacuatos</strong></span> <span class='ocrx_word' id='word_1_822' title='bbox 2387 5759 2710 5813; x_wconf 79' lang='lat' dir='ltr'><strong>vocabulum</strong></span> <span class='ocrx_word' id='word_1_823' title='bbox 2739 5759 3042 5816; x_wconf 68' lang='lat' dir='ltr'><strong>concordiae</strong></span> <span class='ocrx_word' id='word_1_824' title='bbox 3067 5761 3237 5832; x_wconf 79' lang='lat' dir='ltr'><strong>gratia</strong></span> <span class='ocrx_word' id='word_1_825' title='bbox 3269 5763 3518 5819; x_wconf 82' lang='lat' dir='ltr'><strong>reticere-</strong></span> 
     </span>
    </p>
   </div>
  </div>
