3874 6352
299 249 440 305 ἸΕΠ

1501 250 1844 306 ΑΡΡΕΝΒΙΧ
1885 247 2511 307 DISSERTATIONUM.

3430 249 3589 306 1072

315 382 423 436 tur,
475 368 600 423 licet
645 367 842 424 Filium
886 368 1035 424 Patri
1070 368 1398 436 substantia,
1439 371 1804 443 omnibusque
1837 371 1890 426 in
1921 376 1964 432 Α
1995 386 2024 424 e
2060 368 2284 424 Socrate
2311 386 2474 438 supra
2507 369 2816 435 retulimus,
2842 369 3270 439 utimperatoris
3305 370 3588 423 mandato

309 461 476 517 rebus
509 461 744 516 similem
776 477 898 518 esse
936 461 1269 518 defenderet.
1318 462 1492 528 Quam
1539 466 1883 520 occasionem

315 549 508 608 Valens
547 562 599 606 ct
643 550 904 608 Ursacius
933 554 1100 622 nacti,
1142 555 1434 609 secundam
1475 555 1622 609 illam
1648 557 1884 626 perlidire

309 644 524 714 plenam
551 645 672 700 lidei
696 644 1114 715 professionem,
1140 653 1400 715 tanquam
1427 662 1455 700 a
1491 647 1734 703 Romano
1756 663 1885 718 pon-

305 736 455 791 tilice
509 736 943 804 comprobatam,
1001 737 1200 805 ubique
1245 736 1694 803 dissemlnarunt,
1741 748 1796 793 et
1829 739 1883 793 in

309 826 499 895 primis
526 825 591 880 ad
621 824 926 881 Eudoxium
955 827 1182 896 ejusque
1209 826 1424 881 sodales
1455 828 1750 884 Anomteos
1772 829 1885 883 An-

308 917 567 972 tiochiam
627 918 917 973 miserunt.
977 917 1094 984 Qua
1144 933 1203 974 re
1251 918 1573 974 audaciores
1628 920 1702 974 illi
1756 921 1882 976 facti

307 1007 596 1060 Aetianum
647 1007 864 1078 dogma,
921 1007 1067 1078 quod
1118 1009 1306 1064 timide
1346 1009 1608 1066 hactenus
1647 1011 1888 1067 dilliden-

310 1107 500 1167 terque
525 1098 914 1168 przedirabant,
949 1101 1128 1170 palam
1161 1101 1442 1171 divulgare
1469 1114 1749 1174 cmierunt
1775 1123 1787 1157 :
1817 1120 1884 1159 cx

307 1202 418 1256 quo
467 1202 664 1257 magna
705 1203 801 1256 per
835 1186 1111 1244 Orientem
1172 1205 1237 1244 ac
1287 1187 1497 1261 Syriam
1547 1192 1884 1261 perturbatio

307 1288 622 1333 consecuta.
665 1277 835 1346 Cujus
884 1282 1056 1350 gratia
1102 1281 1369 1354 GeOrgius
1402 1283 1744 1339 Laodicerrus
1770 1286 1884 1354 epi-

305 1371 502 1424 stolam
531 1370 749 1439 scripsit
779 1371 846 1423 ad
872 1372 1139 1425 Basiliam
1166 1374 1527 1443 Ancyranum,
1559 1379 1652 1444 qui
1687 1377 1750 1430 ad
1794 1393 1883 1431 ec-

306 1462 507 1528 clesia,
558 1477 721 1532 quam
766 1478 940 1532 nuper
973 1480 1002 1518 a
1047 1463 1415 1521 fundamentis
1453 1469 1735 1531 extitavat,
1774 1469 1881 1521 En-

299 1553 477 1609 caenia
506 1553 768 1609 linitimos
801 1558 1089 1623 ep?scopos
1122 1555 1435 1610 conciverat
1468 1557 1791 1622 admonens,
1825 1568 1883 1612 ut

300 1634 431 1700 cum
467 1645 688 1714 collegis
722 1645 838 1700 suis
866 1656 1208 1715 grassantem
1254 1645 1646 1702 Anomoeorum
1684 1649 1881 1718 impie-

1991 458 2191 515 Osiana
2233 461 2358 523 illa,
2393 461 2507 514 sive
2561 457 2800 513 secunda
2831 457 3151 514 Sirmiensis
3206 459 3588 526 abrogari-tur

1991 547 2271 612 formula,
2331 563 2454 603 cum
2519 547 2753 601 Basilius
2811 546 3280 601 Semiarianorum
3337 545 3584 616 signifer

1991 641 2283 710 plurimum
2330 639 2472 709 apud
2501 640 2880 708 imperatorem
2917 638 3090 706 gratia
3134 647 3192 692 et
3238 639 3585 692 auctoritate

1991 742 2197 803 posset.
2233 733 2410 801 Atque
2441 731 2506 785 ad
2533 730 2846 786 Orientales
2872 731 2996 786 illos
3024 730 3308 792 tumultus,
3342 746 3586 801 novam-

1991 839 2096 894 que
2131 822 2380 877 hteresim
2430 822 2933 885 exterminandam,
2985 819 3344 875 Constantius
3403 836 3584 891 syno-

1991 914 2119 970 dum
2148 922 2368 968 auctore
2388 912 2595 967 Basilio
2615 911 2992 968 Nicomediam
3031 913 3245 966 indixit.
3275 912 3411 978 Qum
3438 928 3579 966 cum

1990 1015 2150 1062 terrae
2185 1015 2334 1061 motu
2380 1006 2748 1070 concidisset,
2785 1022 2850 1061 ac
2882 1006 3114 1061 subinde
3152 1005 3425 1067 Nicaeam,
3453 1020 3580 1073 quo

1991 1098 2279 1167 episcopos
2335 1097 2626 1152 convocari
2683 1099 3001 1166 placuerat,
3038 1097 3224 1152 eadem
3279 1100 3579 1152 calamitas

1988 1189 2308 1244 alllixisset:
2345 1189 2560 1242 tandem
2579 1188 2814 1248 Basilius
2846 1190 3186 1260 imperatoris
3218 1191 3414 1244 litteris
3438 1206 3578 1245 cum

1989 1280 2263 1351 episcopis
2317 1280 2439 1334 altis
2487 1279 2554 1334 de
2594 1281 2788 1335 idoneo
2830 1281 2957 1335 loco
2999 1281 3300 1336 deliberare
3349 1280 3574 1347 jussus.

1991 1389 2113 1427 cum
2147 1373 2286 1427 inter
2342 1372 2466 1426 illos
2520 1373 2744 1425 minime
2797 1372 3151 1435 conveniret,
3186 1371 3450 1427 Sirmium
3495 1373 3575 1426 ad

1992 1465 2371 1535 imperatorem
2414 1464 2649 1519 advolat.
2698 1464 2774 1519 lbi
2818 1465 3052 1530 Arianos
3081 1465 3368 1534 episcopos
3413 1481 3577 1534 repe-

1993 1558 2086 1620 rit,
2119 1557 2360 1611 Marcum
2390 1557 2767 1622 Aretltusium,
2797 1556 3086 1627 Georgium
3110 1557 3571 1621 Alexandrinum,

1992 1647 2270 1702 Valentem
2335 1655 2390 1700 et
2442 1657 2688 1702 caeteros.
2728 1648 2972 1713 Quorum
3043 1650 3288 1702 omnium
3327 1650 3574 1703 oonsilio

301 1744 471 1792 tatem
526 1737 788 1808 synodico
829 1737 1047 1792 decreto
1086 1737 1381 1808 jugularc’t.
1419 1737 1495 1793 Ex
1535 1741 1602 1794 iis
1630 1741 1736 1794 labi
1768 1740 1888 1797 illos
1918 1749 1960 1804 Β
1991 1740 2342 1795 Constantius
2378 1739 2681 1794 Seleuciam
2719 1740 2769 1793 in
2804 1741 3025 1795 Isauria
3060 1741 3125 1794 ad
3167 1743 3437 1811 Synotlnm
3470 1744 3576 1794 de,—

305 1827 563 1897 Opinionc
590 1834 826 1890 constat,
857 1827 951 1896 qui
993 1841 1059 1881 ex
1104 1825 1446 1882 Theodoreto
1481 1828 1761 1898 colligunt,
1794 1827 1884 1880 Li-

305 1919 515 1973 berium
551 1918 620 1972 ab
640 1918 833 1973 exsilio
862 1928 1175 1974 revocatum
1208 1934 1351 1982 esse,
1380 1919 1568 1973 eodem
1597 1919 1689 1974 illo
1717 1934 1882 1985 anno,

302 2024 415 2080 quo
453 2009 813 2064 Constantius
863 2007 1052 2064 Romte
1100 2009 1304 2078 degens
1344 2025 1374 2063 a
1410 2013 1677 2066 matronis
1726 2010 1888 2066 inter-

304 2100 538 2170 pellatus
567 2108 683 2154 est:
708 2099 978 2170 siquidem
1005 2100 1226 2155 nonnisi
1251 2110 1374 2170 post
1393 2100 1695 2165 biennium,
1720 2117 1884 2172 quam

295 2194 514 2263 ejectus
542 2192 741 2258 fuerat,
773 2193 1062 2250 restitutus
1097 2201 1180 2248 est
1211 2191 1482 2247 Liberius.
1519 2191 1589 2245 At
1614 2207 1758 2246 anno
1780 2193 1886 2248 555

307 2283 618 2350 Mediolani,
657 2283 734 2340 uti
763 2283 968 2338 dictum
1007 2295 1113 2354 est,
1147 2285 1443 2353 imperator
1472 2282 1792 2337 sententiam
1830 2286 1883 2338 in

306 2376 459 2430 illum
490 2378 651 2441 dixit,
686 2387 741 2433 et
789 2387 910 2448 post
946 2375 1061 2431 Osii
1106 2378 1318 2446 lapsum
1375 2375 1635 2432 Sirmium
1681 2379 1886 2435 accitus

289 2476 409 2523 est.
460 2468 641 2536 Quare
688 2470 763 2524 ita
800 2469 1179 2524 Theodoretus
1218 2470 1658 2538 interpretandus
1690 2483 1791 2535 est,
1827 2480 1888 2526 ut

307 2571 420 2616 tum
454 2561 673 2632 quidem
701 2559 1060 2616 Constantius
1087 2562 1352 2614 matronis
1383 2576 1530 2629 spem
1564 2560 1705 2616 illius
1733 2562 1888 2617 resti-

305 2653 494 2709 tuendi
539 2651 777 2718 fecerit,
817 2651 910 2706 sed
959 2649 1012 2706 id
1055 2651 1226 2706 altero
1271 2650 1466 2705 deinde
1504 2665 1647 2705 anno
1678 2652 1888 2720 przesti-

295 2744 453 2803 terit.

380 2838 539 2892 Anno
587 2834 693 2892 558
725 2835 961 2892 Basilius
1015 2835 1340 2904 Ancyranus
1395 2834 1630 2904 acceptis
1668 2833 1885 2903 Georgii

299 2927 503 2984 litteris
527 2967 542 2992 ,
582 2928 928 2999 cognitisque
972 2942 1094 2997 qua:
1152 2925 1338 2981 Sirmii
1373 2944 1402 2982 a
1438 2927 1661 2982 Valente
1697 2937 1751 2983 et
1780 2925 1886 2982 Ur-

308 3019 462 3076 sacio
499 3026 648 3090 gesta
697 3017 950 3084 fuerant,
989 3033 1114 3072 cum
1146 3019 1212 3072 ad
1255 3018 1499 3074 ecclesiae
1525 3057 1540 3082 ,
1574 3019 1650 3072 uti
1682 3018 1884 3073 dictum

1989 1833 2137 1903 legit.
2194 1832 2392 1887 Verum
2439 1831 2706 1896 Eudoxii,
2741 1832 2960 1894 Acacii,
3015 1831 3296 1897 Valentis,
3351 1832 3572 1889 Ursacii

1990 1926 2382 1980 Anomoeorum
2408 1940 2572 1994 opera
2611 1923 2814 1978 factum
2841 1934 2923 1978 est
2947 1962 2964 1988 ,
2998 1934 3086 1991 ut,
3121 1925 3313 1980 divisis
3350 1927 3576 1995 episco-

1989 2015 2096 2086 pis,
2139 2015 2519 2071 Occidentales
2549 2015 2768 2084 quidem
2804 2015 3068 2079 Arimini,
3099 2014 3403 2071 Orientales
3436 2033 3572 2072 vero

1988 2107 2249 2162 Seleuciae
2283 2113 2770 2178 congregarentur.
2817 2104 2875 2158 in
2912 2106 3014 2160 hoc
3045 2107 3374 2161 Arianorum
3412 2109 3574 2176 prin—

1987 2200 2169 2270 cipum
2198 2214 2494 2270 congressu
2536 2197 2773 2264 accidit,
2829 2197 2974 2266 quod
3013 2197 3252 2253 llilarius
3291 2199 3436 2252 libro
3488 2199 3574 2252 De

1986 2292 2202 2363 synodis
2245 2298 2468 2357 narrat,
2506 2301 2565 2346 ttt
2606 2289 2910 2346 Orientales
2961 2290 3200 2359 episc0pi
3229 2331 3244 2356 ,
3302 2292 3398 2359 qui
3448 2289 3572 2343 Sir-

1988 2382 2182 2437 miensi
2217 2380 2568 2450 blasphemia:
2615 2382 2948 2445 restiterant,
2981 2389 3232 2434 auctores
3265 2379 3388 2448 ejus
3415 2396 3572 2435 com-

1987 2472 2288 2542 pellerent,
2327 2480 2386 2522 ut
2417 2469 2812 2524 subscribendo
2841 2469 3205 2533 damnarent,
3236 2470 3384 2538 quod
3431 2468 3573 2523 fece-

1987 2570 2129 2617 rant.
2163 2561 2304 2628 Quin
2334 2562 2498 2616 etiam
2541 2576 2604 2615 ex
2636 2562 2825 2615 eodem
2859 2559 3062 2614 Hilario
3087 2561 3382 2630 colligitur,
3412 2572 3570 2631 post-

1986 2666 2216 2722 eaquam
2275 2650 2441 2705 dividi
2501 2650 2766 2721 synodum
2833 2650 3060 2719 placuit,
3117 2651 3388 2720 principio
3453 2652 3571 2704 An-

1987 2757 2170 2814 cyram
2207 2741 2274 2797 ad
2309 2740 2664 2797 Orientalium
2708 2756 3026 2797 consessum
3065 2743 3325 2797 delectam
3374 2740 3569 2798 fuisse.

1991 2836 2194 2891 Scribit
2219 2835 2364 2890 enim
2392 2834 2479 2890 his
2505 2835 2685 2889 verbis
2713 2851 2726 2886 :
2761 2833 2864 2888 Sed
2883 2835 3110 2888 maxime
3135 2851 3254 2888 cum
3282 2836 3570 2902 comperis-

1988 2943 2096 2984 sem
2125 2926 2354 2996 synodos
2417 2927 2475 2979 in
2514 2925 2726 2995 Ancyra
2779 2935 2934 2995 alque
2970 2926 3210 2978 Arimino
3245 2941 3571 2996 congregan-

1989 3017 2086 3071 das
2112 3057 2126 3080 ,
2154 3025 2204 3070 et
2245 3031 2310 3071 ea:
2348 3015 2570 3086 singulis
2618 3016 2900 3085 provinciis
2942 3012 3230 3070 Gallicanis
3271 3015 3442 3080 binos,
3489 3016 3569 3070 vel

309 3116 412 3174 est,
443 3107 916 3164 consecrationem
951 3114 1281 3162 conventum
1325 3105 1551 3159 haberet
1602 3105 1886 3174 episcopo-
1912 3083 1954 3142 (ἶ
1989 3105 2224 3175 singulos
2256 3121 2315 3159 ea
2343 3121 2454 3160 esse
2485 3115 2751 3160 uenturos.

311 3216 429 3256 rum
457 3239 470 3263 ,
510 3205 856 3268 Ancyranam
901 3196 1170 3267 synodum
1221 3195 1496 3259 celebrat,
1545 3195 1602 3248 in
1640 3208 1744 3263 qua
1773 3192 1887 3246 Sir-

311 3287 754 3346 miensisOsiiac
777 3285 1020 3341 Valentis
1073 3294 1128 3340 et
1175 3291 1497 3340 caeterorum
1526 3283 1884 3338 condemnata

313 3381 436 3437 fidei
475 3379 711 3435 formula
736 3386 858 3444 est;
906 3386 1282 3453 statutumque
1305 3416 1320 3442 ,
1351 3373 1495 3430 Patri
1529 3373 1726 3428 Filium
1761 3373 1891 3429 sub-

311 3474 512 3531 stantia
536 3486 656 3527 esse
685 3471 940 3526 similem.
969 3468 1087 3535 Qua
1117 3483 1183 3523 ex
1217 3467 1429 3539 synodo
1453 3467 1642 3521 litterae
1673 3467 1890 3536 scriptae

301 3575 441 3622 sunt
469 3566 537 3621 ad
571 3563 860 3620 thnices
929 3572 984 3616 et
1037 3560 1237 3632 Syros,
1273 3560 1364 3617 ubi
1418 3559 1646 3614 Eudoxii
1694 3559 1890 3612 Antio-

313 3656 474 3712 cheni
513 3655 696 3712 studio
725 3652 1115 3708 Anomteorum
1147 3651 1370 3722 perfidia
1419 3650 1716 3722 ﬂagrabat:
1754 3665 1892 3719 quas

314 3735 655 3818 Epiphanius
689 3744 903 3800 recitat.
939 3742 1145 3798 Deinde
1193 3742 1353 3812 legati
1387 3742 1453 3796 ad
1508 3743 1890 3811 imperatorem

313 3839 580 3894 Sirmium
615 3836 796 3901 missi,
831 3833 1072 3889 Basilius
1099 3833 1236 3903 ipse,
1281 3831 1598 3887 Eustathius
1637 3831 1890 3887 Sehastc-

316 3947 457 3995 nus,
493 3930 754 3985 Leontius
780 3927 1116 3998 Cyzieemts,
1166 3925 1257 3995 qui
1296 3925 1738 3980 Eudoxianorum
1781 3924 1893 3980 illic

309 4022 640 4078 disturbatis
690 4021 936 4078 consiliis
961 4059 974 4083 ,
1017 4020 1398 4088 imperatorem
1429 4017 1801 4088 perpulerunt,
1832 4024 1895 4072 ut

318 4117 584 4172 adversus
609 4113 918 4168 Eudoxium
983 4120 1038 4166 et
1071 4111 1372 4166 Anomteos
1409 4111 1475 4166 ad
1525 4109 1895 4166 Antiochenos

319 4210 605 4268 scriberet.
631 4207 771 4264 Tum
803 4213 1009 4272 autem,
1036 4203 1142 4262 nisi
1167 4204 1344 4270 fallor,
1373 4203 1572 4260 accidit
1591 4203 1721 4258 illud
1750 4201 1896 4272 quod

2059 3198 2171 3252 Cur
2205 3204 2385 3250 autem
2417 3195 2471 3248 in
2521 3211 2725 3250 annum
2779 3193 2905 3260 558,
2953 3211 3062 3249 non
3095 3195 3433 3265 superiorem
3462 3239 3477 3263 ,
3509 3206 3569 3252 ut

1989 3288 2167 3342 caeteri
2187 3301 2401 3354 omnes,
2431 3286 2775 3356 Ancyranam
2801 3286 3265 3341 Semiarianorum
3296 3289 3568 3357 synodum

1990 3377 2312 3432 contulerim
2337 3418 2352 3444 ,
2403 3375 2678 3431 docebunt
2725 3377 2899 3431 allatae
2937 3392 2968 3430 a
3017 3393 3103 3432 me
3140 3387 3265 3432 ante
3307 3379 3565 3444 rationes,

1991 3485 2058 3525 ex
2105 3469 2305 3538 quibus
2339 3470 2651 3526 necessario
2705 3471 2820 3525 haec
2853 3480 3159 3540 temporum
3204 3472 3430 3541 partitio
3477 3473 3569 3527 de-

1996 3557 2252 3617 ducitur.’
2629 3575 2648 3584 ‘

2069 3654 2227 3707 Anno
2260 3654 2478 3709 demum
2505 3651 2610 3708 559
2641 3652 2798 3706 tertia
2846 3653 2938 3708 illa
2989 3653 3305 3710 Sirmiensis
3337 3654 3569 3710 formula

1997 3763 2026 3800 a
2084 3746 2260 3800 Marco
2326 3745 2663 3810 Arethusio,
2730 3746 3197 3801 consentientibus
3272 3745 3570 3801 Semiaria-

1998 3837 2084 3892 nis
2115 3876 2130 3900 ,
2169 3836 2314 3891 edita
2368 3845 2452 3891 est
2500 3837 2577 3890 uti
2638 3835 2886 3905 pluribus
2945 3844 3134 3905 postea
3184 3835 3565 3891 declarabitur.

2002 3927 2122 3996 Qua
2156 3928 2507 3998 conscripta,
2558 3926 2760 3982 Valens
2817 3927 2886 3982 ad
2940 3928 3340 3981 Ariminensem
3405 3941 3566 3998 syno-

1999 4019 2130 4074 dum
2178 4032 2299 4072 eam
2341 4016 2563 4080 detulit,
2597 4031 2718 4086 quae
2767 4015 2872 4071 hoc
2919 4032 3064 4071 anno
3109 4017 3179 4071 ab
3206 4015 3570 4072 Occidentali-

2001 4110 2107 4166 bus
2158 4109 2340 4164 habita
2367 4151 2381 4172 ,
2416 4125 2540 4164 cum
2587 4107 2888 4164 Orientales
2947 4107 3210 4164 Seleucia:
3255 4109 3309 4163 in
3363 4107 3568 4162 Isauria

2003 4200 2404 4256 convenissent.

335 4411 3548 4440 MM
1067 4438 1074 4440 _
1079 4427 3548 4440 __——————-—————————-————'—“

335 4427 1872 4440 ______________ﬁ,,i,s
1899 4427 1932 4428 η
2019 4427 2032 4429 ἡ
2087 4427 2098 4428 ,
2139 4427 2144 4428 ,

963 4569 1069 4630 DE
1114 4566 1565 4630 VETERIBUS
1619 4563 2084 4640 QUIBUSDAM
2135 4552 2537 4626 ECCL'ESUE
2601 4566 2932 4629 RlTIBUS.

1313 4744 1318 4746 ’
1355 4759 1429 4809 Ad
1479 4754 1890 4828 Expositionem
1936 4749 2080 4817 fidei,
2124 4751 2228 4806 col.
2270 4752 2376 4806 884
2405 4767 2558 4824 seqq.

379 5029 514 5087 Col.
535 5029 638 5085 884
661 5029 726 5084 Α.
745 5030 855 5083 Καὶ
886 5028 1117 5098 πρῶτον
1140 5029 1255 5097 μὲν
1281 5031 1515 5096 κρηπίς.
1531 5027 1775 5084 Primum
1807 5028 1889 5084 Ecl

2086 5028 2160 5084 De
2194 5027 2492 5098 virginibus
2546 5027 2843 5098 praesertim
2896 5026 3112 5083 feminis
3162 5036 3289 5082 nota
3333 5043 3423 5084 res
3474 5039 3569 5094 est,

317 5126 507 5183 cies-ite
534 5124 732 5194 veteris
762 5123 1088 5188 institutum,
1121 5122 1263 5191 quod
1290 5121 1555 5192 hodieque
1584 5121 1636 5176 in
1656 5121 1901 5176 Romana

325 5217 613 5280 retinetur,
651 5215 702 5268 in
729 5212 992 5284 graduum
1025 5211 1384 5281 ordinumque
1413 5211 1728 5267 discrimine
1756 5211 1904 5281 posi-

329 5318 445 5362 tum
485 5316 587 5362 est.
611 5304 744 5359 Nam
779 5305 1027 5374 princeps
1057 5302 1298 5357 omnium
1341 5317 1403 5356 ac
1426 5302 1907 5372 przestantissimus

329 5407 415 5453 cst
447 5398 716 5468 virginum
761 5395 916 5459 ordo,
949 5394 1041 5465 qui
1086 5394 1138 5448 in
1177 5403 1406 5463 utroque
1452 5409 1581 5449 sexu
1629 5393 1903 5450 cernitur:

327 5504 570 5559 quocum
601 5489 960 5543 monasticam
993 5487 1114 5542 vitae
1143 5503 1313 5558 genus
1337 5486 1699 5558 conjungitur.
1725 5486 1912 5542 Proxi-

326 5595 456 5634 mus
505 5578 633 5633 huic
659 5577 1005 5633 continentiae
1048 5579 1246 5649 gradus
1284 5587 1385 5645 est,
1413 5587 1524 5633 tum
1559 5578 1812 5644 viduitas,
1845 5591 1909 5631 ac

326 5682 609 5743 pastremo
635 5673 752 5727 loco
783 5671 1115 5740 coniugium,
1313 5669 1316 5672 ί

2010 5137 2171 5190 quam
2209 5121 2467 5189 antiquus
2511 5120 2562 5173 in
2595 5119 2855 5182 Ecclesia,
2889 5136 3161 5190 quamque
3203 5121 3459 5189 copiosus
3493 5122 3571 5176 ille

2014 5211 2148 5264 ordo
2178 5208 2359 5264 fuerit.
2395 5209 2644 5264 Justinus
2682 5208 2900 5279 Apolog.
2928 5208 2969 5261 ll
3008 5227 3021 5264 :
3053 5210 3163 5263 Kal.
3185 5209 3368 5262 πολ).οε
3415 5226 3568 5274 τινες,

2013 5301 2107 5354 καὶ
2138 5300 2329 5353 πολλαὶ
2357 5299 2757 5371 ἑξηκοντοῦται,
2785 5301 2879 5354 καὶ
2910 5301 3412 5371 ἑὸδομηκοντοῦται,
3439 5303 3488 5354 οἳ
3516 5303 3573 5354 ἐκ

2013 5394 2218 5447 παίδων
2254 5392 2698 5464 ὲμαθητεύθησαν
2734 5394 2812 5464 τῷ
2851 5394 3089 5466 Χριστῷ,
3135 5395 3354 5466 ἄφθοροι
3396 5394 3572 5461 Erant-

2013 5503 2179 5540 νουσι.
2213 5484 2349 5540 Hinc
2387 5485 2621 5541 Fattstus
2662 5485 2750 5541 ille
2793 5484 3122 5540 Manichteus
3151 5487 3290 5555 apud
3326 5485 3574 5556 Augusti-

2011 5592 2142 5631 num
2179 5577 2270 5630 li'h.
2305 5591 2411 5629 xxx
2453 5591 2578 5630 cum
2624 5576 2918 5630 catholicos
2970 5575 3405 5646 reprehenderet,
3437 5575 3572 5644 quod

2013 5666 2416 5722 matrimonium
2473 5665 2812 5732 damnarent,
2843 5666 3082 5722 vicissim
3124 5664 3391 5719 infinitum
3441 5663 3571 5734 apud
