3874 6334
281 342 432 401 1073

1087 354 1176 412 DE
1220 355 1607 415 VETERIBUS
1644 348 2045 427 QUIBUSDAM
2087 359 2441 419 ECCLESIIE
2478 359 2771 416 RITIBUS.

3417 358 3439 411 1
3451 355 3571 412 07t-

276 461 411 519 i'llos
441 463 712 535 virginum
766 481 1058 523 numerum
1109 473 1414 541 opponebat
1446 492 1460 529 :
1498 472 1565 528 Ut
1604 491 1731 544 pene
1751 474 1868 545 jam
1898 482 1943 538 Λ
1978 475 2121 539 sint,
2177 491 2339 545 neque
2391 454 2781 529 clandestinum
2841 470 3237 525 matrimonium
3304 471 3516 526 inierint
3540 510 3572 538 ,.

276 556 485 625 major,
513 554 711 627 inquit,
753 557 810 611 in
861 557 1111 615 Ecclesiis
1155 565 1397 618 ontnibus
1430 567 1689 637 virginum
1738 567 1880 637 apud

230 691 235 695 .
274 662 394 713 vos,
420 663 581 718 quam
606 649 886 704 mulierum
904 652 1254 708 numerositas
1276 652 1552 711 habeatur.
1577 657 1679 712 Cui
1698 658 1877 728 plane,

279 747 348 792 ut
407 754 512 793 nos
543 734 813 795 limreticis
838 740 1120 799 bodiernis
1153 745 1415 809 solemus,
1444 748 1741 816 respondet
1770 749 1883 802 Au-

276 828 540 897 gustinus
568 871 583 896 ,
619 828 692 885 ita
727 830 1091 903 virginitatem
1113 835 1164 887 in
1208 833 1452 890 Ecclesia
1483 838 1879 905 commendari,

279 922 365 976 uti
424 922 634 992 nuptiae
697 939 1042 995 nequaquam
1112 927 1506 997 improbentur.
1557 930 1880 986 Ammianus

278 1010 642 1070 Marcellinus
684 1025 878 1071 auctor
931 1017 1185 1074 ethnicus
1230 1019 1283 1073 in
1318 1020 1467 1075 calce
1520 1020 1615 1075 lib.
1645 1038 1774 1076 svnt
1809 1022 1881 1077 De

278 1102 490 1173 Sapore
520 1121 540 1160 :
576 1104 827 1162 Inventas
892 1117 1064 1161 tamen
1115 1109 1253 1164 alias
1301 1111 1524 1180 virgines
1577 1112 1880 1169 Christiano

280 1197 393 1249 ritu
432 1197 606 1251 cultui
654 1197 831 1252 divino
856 1209 1119 1267 sacratas,
1147 1203 1405 1257 custodiri
1437 1204 1686 1271 intactas,
1721 1215 1770 1260 et
1802 1222 1883 1259 re—

278 1284 471 1358 ligioni
513 1290 705 1345 servire
743 1290 896 1344 solito
937 1309 1114 1358 more,
1182 1293 1327 1348 nullo
1357 1305 1582 1362 vetante,
1613 1297 1877 1367 praecipit.

280 1377 437 1433 Pleni
468 1388 598 1435 sunt
642 1379 989 1448 Tertulliani,
1034 1381 1313 1455 Cypriani,
1360 1386 1607 1440 omnium
1643 1387 1881 1458 denique

278 1470 780 1527 vetustissimorum
829 1471 1053 1529 Patrum
1115 1475 1238 1529 libri
1282 1515 1297 1540 ,
1378 1486 1435 1531 ut
1487 1476 1878 1550 Augustinum,

281 1560 700 1635 Hieronymum,
733 1566 1085 1621 Ambrosium
1150 1568 1395 1639 aliosque
1427 1580 1765 1639 praeteream,
1792 1588 1883 1628 sa-

279 1672 505 1713 crarum
539 1660 818 1715 mentione
859 1659 1156 1730 virginum,
1186 1677 1325 1740 quas
1374 1661 1486 1718 Deo
1530 1675 1880 1722 consecratas

279 1761 334 1805 et
381 1761 511 1805 voto
561 1751 726 1807 etiam
780 1752 1097 1818 obstrictas,
1149 1752 1245 1809 Dei
1297 1766 1462 1828 atque
1514 1755 1773 1812 Ecclesiae
1821 1772 1881 1812 se

1932 610 1939 619 .
1980 566 2172 637 exiguo
2236 577 2463 638 tempore
2518 565 2832 635 interlapso,
2895 572 3171 635 postquam
3218 563 3455 633 precibus
3510 572 3564 620 et

1974 654 2195 727 jejuniis
2221 660 2541 725 vacaverint,
2566 646 2864 714 communio
2893 657 3002 712 illis
3036 655 3391 727 indulgeatur.
3423 652 3561 712 Neo-

1981 746 2302 805 caesariense
2341 765 2492 814 vero,
2545 765 2677 805 can.
2717 750 2747 803 7
2784 767 2797 803 :
2844 747 3217 821 Πρεσϐύτερον
3240 748 3319 811 είς
3351 746 3565 818 γάμους

1981 838 2355 912 διγαμούντων
2380 841 2455 914 μὴ
2482 840 2764 895 ἑστιᾶσθαι
2783 856 2799 872 ο
2826 840 2948 892 ἐπεὶ
2966 839 3254 911 μετάνοιαν
3286 838 3559 901 αἰτοῦντος

1980 930 2075 985 τοῦ
2112 931 2377 1004 διγάμου,
2422 932 2507 997 τίς
2554 931 2706 986 ἔσται
2751 932 2779 986 ὁ
2825 930 3228 1003 πρεσϐύτερος,
3274 931 3302 984 ὁ
3341 928 3430 982 διὰ
3463 928 3565 1000 τῆς

1983 1022 2275 1089 ἑστιάσεως
2300 1022 2825 1095 συγκατατιθέμενος
2850 1026 2962 1086 τοῖς
2990 1023 3189 1093 γάμοις
3210 1038 3223 1086 ;
3247 1017 3400 1075 Vetat
3438 1034 3565 1091 pre-

1982 1116 2260 1186 sbyterum
2290 1117 2630 1187 digamorum
2674 1115 2881 1185 nuptiis
2912 1116 3197 1180 interesse,
3229 1127 3296 1167 ne
3326 1127 3567 1183 praesen-

1981 1207 2055 1261 tia
2098 1224 2194 1265 sua
2237 1209 2348 1265 illis
2386 1209 2674 1280 suffragari
2720 1209 2987 1264 videatur.
3019 1205 3101 1262 Ad
3135 1208 3250 1262 haec
3280 1208 3569 1278 Ancyrana

1983 1301 2222 1372 synodus
2253 1316 2377 1356 can.
2425 1301 2493 1356 i9
2533 1300 2728 1372 jubet,
2761 1307 2823 1356 ut
2854 1299 2946 1371 qui
2985 1298 3372 1370 virginitatem,
3400 1313 3564 1367 quam

1985 1392 2096 1446 Deo
2142 1392 2583 1463 spoponderant,
2630 1391 2908 1455 violarint,
2966 1391 3154 1447 eadem
3204 1405 3311 1461 qua
3364 1388 3568 1459 digami

1982 1498 2146 1552 pinna
2206 1491 2577 1537 coerceantur.
2629 1482 2867 1553 Apparet
2921 1482 3087 1551 igitur
3133 1481 3382 1552 digamos
3436 1479 3568 1536 olim

1982 1574 2282 1644 ignominia
2337 1582 2570 1637 notatos,
2618 1584 2670 1629 et
2724 1573 2789 1628 ad
2844 1574 3117 1643 publicam
3166 1572 3568 1644 paenitentiam,

1983 1664 2077 1719 sed
2133 1678 2254 1719 eam
2307 1664 2622 1734 perbrevem
2679 1679 2744 1718 ac
2795 1663 3211 1718 tolerabiliorem
3238 1700 3254 1726 ,
3311 1661 3572 1718 astrictos

1984 1753 2175 1810 fuisse.
2225 1752 2344 1808 Jam
2391 1768 2556 1823 supra
2608 1753 2845 1809 vidimus
2891 1767 3059 1823 quam
3112 1766 3302 1808 severa
3350 1750 3569 1806 concilii

279 1843 566 1914 obsequiis
623 1844 900 1899 addixisse
923 1851 1210 1900 testantur.
1260 1845 1317 1901 In
1361 1848 1651 1919 Ancyranu
1689 1848 1877 1902 conci-
1909 1837 1952 1892 B
1981 1842 2300 1898 Eliberitani
2336 1844 2547 1899 sanctio
2578 1842 2762 1908 fuerit,
2791 1860 2913 1900 eum
2936 1878 2941 1881 τ
2968 1843 3023 1897 in
3063 1840 3317 1912 praesenti
3346 1838 3569 1895 naufra-

280 1937 377 1997 lio,
404 1952 527 1990 can.
572 1935 641 2001 19
672 1955 687 1991 ;
720 1937 875 1991 Ὅσοι
910 1938 1211 2010 παρθενίαν
1252 1939 1714 2010 ἐπαγγελλόμενοι
1759 1938 1883 1994 ἀθε-

279 2024 438 2078 τοῦσι
502 2024 601 2097 τὴν
658 2027 1023 2096 ὲπαγγελλίαν
1048 2069 1063 2094 ,
1132 2028 1224 2082 τὸν
1281 2028 1390 2082 τῶν
1450 2028 1696 2101 διγάμων
1752 2030 1879 2102 ὅρον

280 2118 766 2188 ἑκπληρούτωσαν.
825 2118 1269 2176 Chalcedonense
1331 2137 1503 2187 vero,
1560 2137 1682 2177 can.
1748 2122 1816 2178 i6
1864 2142 1878 2179 :

283 2207 561 2281 Παρθένον
603 2210 799 2282 ἑαυτὴν
824 2211 1117 2266 ἀναθεῖσαν
1158 2211 1237 2283 τῷ
1262 2213 1507 2285 Δεσπότῃ
1535 2210 1677 2286 Θεῷ,
1706 2214 1883 2269 ὡσαύ-

280 2317 394 2365 τως
421 2300 478 2354 δὲ
502 2303 597 2355 καὶ
625 2300 945 2373 μονάζοντα,
976 2304 1071 2357 καὶ
1102 2304 1177 2375 μὴ
1200 2303 1400 2370 ἐξεῖναι
1422 2306 1585 2378 γάμῳ
1618 2324 1883 2379 προσομι-

250 2392 426 2447 -λείνο
465 2396 514 2448 εί
567 2394 622 2447 δέ
660 2412 724 2464 γε
775 2394 1048 2466 εὑρεθεῖεν
1079 2395 1240 2450 τοῦτο
1291 2398 1591 2465 ποιοῦντες,
1637 2399 1880 2453 ἔστωσαν

283 2485 663 2559 ἁκοινὼνητοι.
707 2485 1041 2558 Epiphanius
1090 2500 1274 2544 noster
1326 2491 1380 2543 in
1419 2490 1691 2559 Angelieis
1743 2490 1877 2546 hair.

284 2580 376 2647 60,
410 2597 466 2635 n.
497 2580 552 2645 7,
580 2580 738 2636 docet
770 2580 1028 2652 virgines,
1064 2596 1094 2636 a
1121 2580 1321 2652 quibus
1356 2582 1682 2650 virginitatis
1717 2598 1883 2652 spnn-

285 2672 395 2737 sio,
427 2687 592 2741 quam
626 2672 915 2744 ὁμολογίαν
956 2673 1224 2740 nominat,
1259 2674 1461 2728 violata
1510 2674 1615 2738 sit,
1661 2674 1882 2730 consul-

284 2764 396 2819 tius
440 2764 639 2829 facere,
676 2765 722 2821 si
757 2780 815 2821 se
860 2765 1118 2835 legitimis
1145 2766 1350 2835 nuptiis
1406 2765 1632 2836 illigent,
1664 2775 1722 2821 ut
1758 2770 1884 2837 post

287 2855 606 2911 diuturnam
631 2858 1010 2927 paenitentiam
1041 2859 1296 2914 Ecclesia:
1316 2843 1755 2915 communionem
1783 2862 1882 2914 im-

287 2957 529 3019 petrent.
560 2946 811 3004 Nondum
846 2950 1052 3006 scilicet
1084 2964 1149 3004 ea
1186 2951 1410 3019 sponsio
1458 2959 1621 3005 tantae
1665 2951 1877 3023 religio-

290 3041 381 3094 nis
406 3049 544 3106 erat,
574 3050 633 3095 ut
666 3040 880 3095 irritum
915 3040 1325 3095 matrimonium
1357 3040 1581 3096 faceret.
1613 3040 1747 3097 Vide
1776 3040 1883 3114 Cy-

288 3129 546 3199 prianum
584 3128 756 3199 Epist.
794 3131 864 3184 ad
898 3130 1270 3199 Pomponium,
1301 3131 1461 3201 cujus
1500 3132 1714 3186 initium
1746 3143 1832 3188 est
1864 3151 1877 3188 :

290 3219 539 3292 Legimus
565 3222 773 3276 litteras
807 3234 946 3277 tuas.
978 3222 1069 3277 Sic
1087 3220 1433 3278 Valentinum
1459 3225 1746 3280 concilium
1777 3224 1881 3280 sub

291 3307 550 3376 Damaso,
577 3326 698 3366 can.
727 3313 783 3377 2,
853 3310 1114 3383 Virgines,
1143 3330 1260 3383 quia
1304 3331 1357 3368 se
1395 3314 1503 3369 Deo
1534 3327 1800 3380 voverunt,
1832 3317 1880 3371 si

293 3399 364 3454 ad
402 3411 639 3457 terrenas
695 3405 905 3474 nuptias
952 3405 1281 3473 transierint,
1332 3408 1693 3475 paenitentiam
1729 3423 1881 3478 agere

289 3490 466 3564 jubet.
496 3493 586 3548 Ea:
615 3511 777 3565 porro
809 3499 877 3551 ab
906 3497 1163 3568 epiScopo
1192 3499 1673 3554 consecrabantur.
1721 3500 1881 3568 Quod

293 3600 366 3640 ne
418 3587 732 3642 sacerdotes
779 3602 1126 3658 usurparent,
1175 3591 1374 3660 saepius
1429 3590 1794 3659 interdictum,
1822 3601 1883 3647 ut

293 3676 553 3747 Carthag.
595 3693 634 3732 tt
680 3687 734 3733 et
786 3696 864 3733 tu.
891 3679 1124 3736 Basilius
1180 3680 1262 3734 Ad
1295 3680 1549 3751 Amp/aL,
1602 3699 1725 3738 can.
1791 3684 1877 3750 18,

294 3766 512 3822 illarum
564 3769 854 3840 ὁμολογίαν
895 3772 1067 3841 excipi
1113 3771 1267 3841 jubet
1320 3788 1463 3827 anno
1497 3774 1673 3829 anatis
1707 3774 1772 3828 16
1799 3774 1882 3830 vel

296 3859 386 3913 17.
418 3857 673 3915 Severius
700 3860 1006 3930 Agathense
1032 3862 1258 3928 concil.,
1290 3878 1411 3918 can.
1444 3864 1547 3919 l9:
1584 3863 1883 3919 Sam-limo-

295 3950 485 4019 niales,
534 3953 914 4021 quantumlibet
961 3954 1067 4007 vita
1119 3971 1303 4008 earum
1344 3965 1393 4009 et
1452 3972 1621 4010 mores
1674 3957 1883 4027 probati

295 4043 425 4105 sint,
461 4051 582 4095 ante
616 4059 815 4096 annum
847 4045 1019 4098 (etatis
1048 4061 1158 4099 sua?
1189 4046 1259 4100 40
1289 4064 1389 4100 non
1417 4049 1667 4101 velentur.

367 4132 486 4187 Col.
508 4131 612 4187 884
634 4136 695 4186 A.
719 4137 784 4188 El
810 4134 877 4188 δέ
892 4153 980 4200 τις
1001 4135 1479 4205 τελευτησάσης.
1498 4136 1556 4192 lu
1576 4138 1768 4195 haeresi
1791 4140 1881 4203 59,

295 4242 355 4281 n.
390 4224 477 4289 14,
514 4226 733 4280 tolerari
762 4227 1117 4283 nihilominus
1153 4228 1271 4284 illos
1296 4229 1350 4283 in
1380 4229 1622 4286 Ecclesia
1647 4226 1879 4294 dixerat,

295 4316 392 4388 qui
423 4324 547 4386 post
577 4316 867 4372 divortium
895 4318 1028 4374 alias
1072 4336 1269 4375 uxores
1298 4319 1402 4375 sibi
1444 4322 1778 4391 copularent.
1808 4321 1883 4377 De

295 4426 409 4479 q-uo
431 4408 497 4462 ad
522 4407 670 4462 illum
696 4409 872 4463 locum
909 4413 1166 4466 nonnulla
1190 4413 1531 4484 scripsimus.
1554 4411 1652 4469 Hic
1677 4422 1879 4478 autem,

1995 1934 2068 2006 gii
2107 1935 2410 2004 mortisque
2435 1934 2677 2005 periculo
2710 1952 2740 1990 a
2770 1948 3099 2006 quocunque
3145 1931 3409 2001 baptizari
3440 1945 3568 2001 per-

1982 2025 2168 2088 mittit,
2202 2024 2435 2096 digamis
2464 2025 2727 2080 duntaxat
2758 2025 3023 2095 exceptis.
3062 2022 3166 2079 Sed
3212 2021 3569 2078 nihilominus

1983 2119 2038 2173 in
2070 2116 2368 2174 Ecclesiam
2419 2118 2619 2188 recepti
2669 2126 2793 2174 sunt
2843 2115 3066 2188 digatni,
3115 2126 3168 2171 et
3214 2116 3306 2187 qui
3341 2131 3465 2171 cum
3500 2113 3570 2171 iis

1984 2210 2396 2266 communicare
2423 2210 2625 2265 nollent
2658 2224 2755 2279 pro
2787 2209 3057 2265 haereticis
3088 2207 3279 2263 habiti.
3316 2206 3453 2262 Hinc
3483 2204 3571 2261 Ni-

1983 2316 2219 2363 caanum,
2258 2316 2376 2356 can.
2422 2300 2478 2367 8,
2519 2317 2644 2357 cum
2673 2299 2989 2356 Novatiauis
3039 2299 3309 2355 hatreticis
3355 2298 3573 2370 profes-

1984 2391 2158 2447 sionis
2187 2390 2477 2447 formulam
2509 2392 2829 2463 praascribit,
2875 2393 3176 2448 secundum
3223 2407 3386 2462 quam
3421 2407 3572 2448 rece-

1982 2490 2109 2553 ptus
2146 2482 2255 2538 illis
2311 2483 2377 2537 ad
2429 2483 2729 2539 Ecclesiam
2788 2490 2968 2553 pateat
3020 2505 3033 2539 ;
3085 2482 3200 2556 Πρδ
3247 2482 3463 2537 πάντων
3513 2482 3571 2535 δὲ

1981 2570 2163 2633 τοῦτο,
2214 2570 2412 2640 inquit,
2443 2570 2777 2643 ὁμολογῆσαι
2831 2572 3029 2635 αὐτοὺς
3080 2571 3372 2644 ἐγγράφως
3411 2588 3574 2643 προσ-

1982 2663 2127 2736 ήκει,
2160 2663 2241 2717 ὅτι
2287 2663 2637 2736 συνθήσονται
2702 2663 2796 2718 καὶ
2831 2662 3257 2735 ἀκολουθήσουσι
3305 2666 3417 2728 τοῖς
3472 2664 3572 2735 τῆς

1986 2753 2284 2826 καθολικῆς
2345 2755 2442 2809 καὶ
2504 2755 2869 2825 ἁποστολικῆς
2927 2754 3251 2827 Ἐκκλησίας
3298 2754 3567 2826 δόγμασι,

1981 2846 2223 2901 τουτέστι
2260 2848 2354 2902 καὶ
2383 2847 2635 2918 διγάμοις
2673 2850 2980 2912 κοινωνεῖν,
3018 2849 3248 2912 καὶτοῖς
3293 2848 3350 2902 ὲν
3386 2847 3464 2918 τῷ
3500 2846 3572 2901 δι-

1982 2938 2155 3009 ωγμῷ
2186 2939 2683 3011 παραπεπτωκόσιν
2707 2957 2720 2970 ·
2747 2939 2884 2994 Ante
2905 2940 3084 2994 omnia
3106 2941 3302 3010 scripto
3333 2940 3570 3010 proﬁteri

1983 3030 2103 3084 illos
2133 3042 2355 3101 oportet,
2391 3048 2732 3087 consensuros
2766 3048 2819 3086 se
2881 3041 3037 3102 atque
3098 3036 3433 3102 amplexuros
3480 3049 3573 3086 ca-

1986 3122 2193 3177 tltoliete
2245 3132 2295 3177 et
2340 3122 2646 3193 apostolica:
2686 3121 2939 3179 Ecclesia:
2987 3124 3238 3194 dogmata
3269 3142 3287 3179 :
3318 3126 3572 3180 nimirum

1984 3221 2044 3267 ut
2085 3230 2203 3267 cum
2249 3214 2475 3283 digamis
2518 3215 2919 3280 communicent,
2954 3215 3119 3285 iisque
3162 3214 3253 3285 qui
3298 3214 3350 3267 in
3395 3230 3571 3284 perse-

1982 3307 2188 3360 cutione
2218 3304 2359 3375 lapsi
2387 3317 2531 3360 sunt.
2576 3306 2683 3362 Sed
2736 3306 2961 3377 quinam
3008 3306 3210 3376 digami
3261 3305 3339 3360 illi
3369 3303 3571 3361 fuerint

1982 3399 2263 3467 quaeritur.
2294 3396 2431 3452 Nam
2453 3398 2885 3468 jurisconsultus
2911 3398 3155 3468 quidam,
3188 3399 3282 3468 qui
3314 3398 3370 3452 in
3398 3412 3569 3454 cano-

1982 3508 2112 3547 num
2150 3491 2408 3548 Ecclesia
2428 3492 2670 3548 codicem
2702 3502 2858 3548 notas
2884 3493 3075 3558 edidit,
3098 3494 3260 3565 vulgo
3284 3494 3397 3549 fere
3424 3495 3573 3565 igno-

1982 3593 2095 3640 turn
2132 3600 2254 3641 esse
2284 3584 2435 3640 dicit.
2491 3582 2609 3654 Ipse
2655 3595 2837 3640 autem
2900 3593 3008 3642 tres
3064 3586 3316 3656 digamize
3360 3586 3570 3656 species

1982 3676 2213 3746 explicat
2256 3694 2269 3730 :
2320 3676 2494 3746 prima
2539 3684 2641 3739 est,
2698 3691 2825 3732 cum
2876 3676 3068 3732 eodem
3119 3685 3361 3747 tempore
3411 3676 3571 3733 binas

1982 3782 2181 3822 uxores
2212 3767 2489 3838 quispiam
2542 3768 2724 3833 habet,
2755 3768 2900 3838 quod
2933 3768 3064 3823 olim
3097 3766 3299 3824 Iudaeis
3336 3768 3569 3838 licitum,

1983 3857 2247 3914 Romanis
2299 3859 2508 3929 legibus
2558 3859 2891 3929 prohibitum
2938 3859 3076 3928 fuit;
3127 3860 3296 3916 altera
3328 3870 3567 3929 est,cum

1983 3952 2108 4020 quis
2139 3962 2311 4006 morte
2337 3952 2534 4021 prioris
2568 3950 2819 4022 conjugis
2863 3952 3045 4007 soluto
3077 3952 3451 4016 matrimonio,
3482 3967 3572 4008 se-

1984 4042 2190 4097 cundas
2221 4041 2437 4112 nuptias
2466 4044 2775 4110 contrahit;
2808 4043 2987 4109 tertia,
3020 4059 3185 4113 quam
3223 4044 3386 4115 vulgo
3413 4046 3571 4116 igno-

1987 4140 2093 4186 tam
2126 4147 2248 4187 esse
2290 4132 2498 4196 statuit,
2536 4141 2618 4187 rst
2659 4148 2806 4196 cum,
2854 4144 3007 4188 extra
3033 4149 3254 4189 causam
3296 4134 3566 4200 adulterii,

1985 4223 2267 4296 repudiata
2296 4223 2547 4291 conjuge,
2575 4223 2744 4277 altera
2772 4224 3232 4294 superinducitur.
3256 4222 3392 4279 Cum
3419 4222 3568 4279 enim

1984 4316 2149 4369 varia:
2178 4314 2395 4370 divortii
2423 4330 2603 4370 causze
2631 4316 2765 4370 citra
2788 4314 3113 4370 adulterium
3145 4315 3329 4370 saeculi
3359 4315 3569 4386 legibus

1985 4406 2114 4461 olim
2148 4414 2374 4475 recept:e
2400 4403 2622 4471 fuerint,
2654 4421 2934 4476 nunquam
2976 4406 3218 4461 Ecclesia
3245 4405 3366 4461 illas
3395 4406 3570 4461 admi-

296 4516 423 4554 cum
459 4500 730 4570 legitimos
760 4502 966 4556 scilicet
1001 4511 1055 4557 et
1090 4512 1334 4574 receptos
1362 4505 1430 4559 ab
1455 4503 1697 4561 Ecclesia
1729 4506 1878 4561 ordi-
1912 4510 1956 4566 ι)
1985 4499 2075 4553 sit.
2104 4496 2369 4564 Quocirca
2398 4496 2491 4567 qui
2528 4497 2650 4552 aliis
2681 4497 2748 4552 dc
2788 4497 2993 4561 εαυεὶε,
3026 4492 3189 4567 quam
3216 4508 3433 4569 propter
3470 4497 3570 4554 ad“

298 4609 398 4648 nes
438 4600 492 4646 ct
529 4592 729 4663 gradus
776 4605 1139 4663 parcet-seret,
1173 4598 1457 4667 diligenter
1482 4599 1786 4653 cautionem
1821 4599 1883 4653 il-

298 4682 407 4737 lam
445 4683 715 4752 apposuit,
747 4685 962 4739 nonnisi
997 4694 1117 4754 post
1149 4688 1343 4756 prioris
1378 4688 1623 4760 conjugis
1651 4698 1881 4745 mortem

299 4773 573 4828 secundas
605 4774 825 4844 nuptias
877 4777 1190 4845 approbari,
1220 4780 1346 4842 etsi,
1381 4780 1459 4834 uti
1505 4780 1766 4847 diximus,
1802 4783 1884 4837 al—

300 4865 470 4920 terius
501 4866 711 4934 generis
742 4875 1018 4938 utcunque
1061 4869 1381 4925 tolerentur.
1424 4871 1748 4945 Quanquam
1784 4874 1883 4930 ad-

297 4972 496 5012 versus
541 4957 805 5028 digamos,
842 4959 957 5028 qui,
994 4960 1174 5028 priore
1220 4974 1452 5027 mortua,
1482 4965 1705 5019 alteram
1745 4982 1883 5020 uxo-

300 5062 418 5101 rem
469 5046 749 5110 ducerent,
804 5049 1045 5123 severior
1087 5049 1227 5117 apud
1283 5050 1536 5120 antiquos
1597 5052 1884 5122 disciplina

303 5135 427 5196 fuit.
479 5134 612 5190 Nam
658 5152 813 5191 conc.
851 5135 1044 5203 Laod.,
1078 5155 1200 5193 can.
1254 5140 1302 5203 1,
1352 5141 1424 5195 ita
1466 5143 1644 5197 sanxit
1686 5162 1700 5198 :
1752 5145 1886 5216 Περὶ

303 5229 397 5283 τοῦ
453 5229 562 5282 δεῖν
613 5230 753 5283 κατὰ
796 5230 885 5284 τὸν
939 5232 1390 5302 ἐκκλησιαστικὸν
1460 5235 1697 5298 κανόνα,
1760 5240 1887 5301 τοὺς

304 5318 600 5391 ἐλευθέρως
638 5319 733 5372 καὶ
772 5321 1013 5390 νομίμως
1050 5323 1417 5392 συναφθέντας
1477 5324 1749 5397 δευτέροις
1788 5328 1888 5395 γά-

307 5427 462 5482 μοις,
525 5409 598 5481 μὴ
647 5409 1024 5481 λαθρογαμίαν
1076 5417 1405 5485 ποιήσαντας
1455 5416 1636 5485 ὀλίγου
1695 5417 1886 5489 χρόνου

306 5500 687 5571 παρελθόντος,
717 5502 811 5555 καὶ⁹
860 5503 1233 5573 σχολασάντων
1266 5510 1384 5571 ταῖς
1422 5512 1752 5579 προσευχαῖς
1795 5510 1888 5564 καὶ

305 5593 601 5664 νηστείαις,
641 5596 783 5648 κατὰ
832 5596 1159 5668 συγγνώμην
1197 5600 1541 5656 ἀποδίδοσθαι
1569 5603 1751 5666 αὐτοῖς
1790 5604 1889 5675 τὴν

304 5688 590 5742 κοινωνίαν
628 5688 943 5761 ὡρίσαμεντ
985 5690 1055 5744 Ut
1100 5692 1387 5746 secundum
1431 5692 1681 5750 Ecclesia:
1727 5712 1888 5749 cano-

302 5793 424 5834 nent
470 5781 561 5852 qui
598 5780 757 5838 libere
796 5799 857 5838 ac
895 5783 1124 5855 legitime
1163 5786 1405 5841 secundis
1452 5788 1653 5856 nuptiis
1695 5787 1891 5859 illigati

1987 4591 2264 4654 ulterinm,
2306 4603 2476 4645 uxore
2512 4590 2761 4655 dimissa,
2813 4606 2938 4646 cum
2991 4591 3092 4645 alia
3128 4591 3441 4661 conjugium
3478 4606 3569 4646 so-

1984 4683 2174 4747 ύλη-ιιι,
2211 4683 2317 4745 hic,
2351 4684 2425 4737 ait
2451 4683 2882 4753 jurisconsultus
2931 4685 3041 4750 ille,
3083 4688 3335 4757 digamus
3372 4701 3570 4742 cense-

1984 4773 2166 4838 batur,
2200 4775 2358 4845 eique
2389 4774 2652 4830 canonica
2683 4775 2772 4829 illa
2805 4776 2994 4840 multa,
3060 4778 3218 4848 cujus
3256 4775 3565 4833 Neocmsar.

1986 4852 2291 4922 et'Laodic.
2334 4866 2725 4931 meminerunt,
2772 4868 3135 4939 irrogabatur.
3175 4868 3252 4923 Ex
3288 4886 3395 4940 qua
3440 4884 3569 4926 ora-

1988 4959 2134 5013 tione
2160 4959 2425 5030 sequitur,
2459 4961 2705 5032 digamos
2736 4959 2880 5028 illos,
2916 4962 3032 5033 qui,
3069 4973 3282 5017 mortua
3314 4964 3565 5033 conjuge,

1987 5051 2140 5106 alteri
2174 5067 2234 5107 se
2266 5053 2602 5122 copularent,
2670 5055 2851 5109 multa:
2889 5055 3051 5125 hujus
3081 5066 3330 5125 expertes
3375 5055 3565 5113 fuisse.

1990 5145 2094 5201 Sed
2137 5148 2250 5202 haec
2296 5147 2553 5219 digamiaz'
2578 5165 2772 5220 genera
2824 5150 2923 5204 tria
2972 5165 3147 5220 neque
3195 5150 3377 5221 ignota
3407 5152 3569 5222 vulgo

1988 5250 2165 5303 erant,
2195 5255 2371 5309 neque
2404 5240 2469 5294 ad
2506 5257 2615 5294 rem
2644 5241 2933 5309 pertinent,
2988 5250 3308 5311 constatque
3358 5242 3424 5296 ad
3466 5258 3566 5312 po-

1990 5341 2225 5386 stremos
2248 5331 2370 5384 illos
2394 5330 2641 5401 digamos
2668 5340 2777 5385 tres
2806 5330 2926 5385 illos
2954 5329 3175 5384 totidem
3207 5330 3566 5384 conciliorum

1989 5424 2183 5480 citatos
2214 5439 2449 5478 canones
2496 5424 2778 5486 pertinere.
2830 5420 2964 5477 Nam
3016 5420 3379 5476 Laodicenum
3412 5420 3564 5491 diga-

1991 5530 2110 5569 mos
2140 5529 2257 5578 eos,
2313 5515 2380 5568 de
2431 5514 2630 5584 quibus
2675 5514 2934 5584 loquitur,
2990 5512 3223 5583 appellat
3268 5510 3572 5583 ἐλευθέρως

1992 5605 2085 5658 καὶ
2110 5605 2354 5677 νομίμως
2379 5605 2745 5675 συναφθέντας
2777 5605 3050 5676 δευτέροις
3081 5603 3279 5674 γάμοις
3298 5643 3310 5665 ,
3340 5602 3570 5673 legitime

1994 5715 2056 5750 ac
2096 5698 2253 5752 libere
2284 5698 2522 5751 secundis
2562 5698 2770 5771 nuptiis
2811 5696 3070 5769 illigatos,
3109 5697 3210 5752 hoc
3246 5705 3328 5749 est
3375 5694 3465 5766 qui
3500 5694 3571 5749 li-

1995 5790 2170 5844 centia
2204 5799 2256 5844 ct
2299 5788 2551 5846 facultate
2592 5790 2692 5845 sibi
2727 5806 2756 5845 a
2795 5789 3013 5846 Christo
3057 5799 3109 5844 et
3156 5784 3393 5843 Ecclesia
3438 5799 3570 5841 cou-
