3832 6220
315 269 458 330 1075

1451 272 1790 330 APPENDIX
1826 273 2449 332 DISSERTATIONUM.

3453 278 3591 334 10Ἰὸ

313 401 470 443 cessa
498 385 584 442 usi
628 385 825 452 forent,
854 387 1059 457 quique
1117 388 1170 443 id
1226 389 1461 461 legitime
1517 391 1792 448 fecissent.
1838 393 1895 447 ln
1926 399 1975 457 Α
2005 393 2080 449 illi
2114 395 2349 449 districti
2371 393 2597 449 fuerint.
2629 391 2740 450 Nec
2773 395 2929 450 aliter
2959 394 3212 452 Balsamo
3236 409 3304 450 ac
3348 393 3596 453 Zonaras

313 491 425 552 quo
471 475 702 532 ridicula
759 485 843 532 est
883 477 1262 548 iurisconsulti
1319 482 1610 551 expositio,
1659 485 1906 556 νομίμως

315 571 458 628 idem
505 585 627 626 esse
673 585 738 626 ac
792 571 1082 625 secundum
1133 572 1266 642 legis
1317 574 1564 629 humanm
1615 575 1901 632 licentiam.

311 661 502 732 Neque
549 663 695 717 enim
741 663 1148 720 ecclesiasticus
1201 666 1292 720 ille
1334 665 1557 720 Patrum
1608 681 1907 724 consessus

313 751 563 823 νομίμως
616 752 744 807 iniri
791 752 1013 823 nuptias
1066 753 1188 808 illas
1241 754 1516 821 ediceret,
1562 769 1699 824 quas
1753 757 1906 810 nullo

311 846 477 903 modo
518 846 698 909 licitas
746 863 923 916 neque
955 856 1099 902 ratas
1130 863 1252 903 esse
1287 858 1663 918 cognosceret.
1691 848 1904 904 Etenim

313 939 408 1016 qui
439 939 579 995 citra
611 940 961 1003 adulterium,
989 941 1125 996 alias
1160 941 1230 996 oh
1262 957 1480 1008 causas,
1518 951 1740 1013 prepter
1767 958 1906 1013 quas

313 1032 606 1087 divortium
646 1032 822 1088 facere
859 1034 1202 1103 imperatoris
1249 1033 1460 1104 legibus
1508 1033 1589 1088 las
1632 1041 1735 1098 est,
1770 1049 1906 1088 uxo-

265 1139 268 1143 '
313 1137 429 1180 rem
479 1123 750 1179 dimiserit
801 1125 1077 1195 aliamque
1129 1126 1369 1190 duxerit,
1428 1131 1483 1181 in
1540 1125 1729 1180 eadem
1777 1139 1902 1179 cum

315 1213 576 1270 adulteris
629 1229 794 1271 causa
851 1215 1107 1272 Ecclesiae
1149 1217 1357 1287 judicio
1405 1218 1732 1288 decretoque
1781 1233 1904 1272 ver-

314 1313 507 1373 satur;
574 1321 751 1378 neque
806 1317 901 1363 aut
956 1310 1058 1364 levi
1112 1310 1432 1380 poenitentia
1478 1310 1700 1380 defungi
1738 1321 1906 1383 pote-

312 1405 419 1461 rat,
453 1407 546 1453 aut
581 1399 738 1454 aliter
785 1416 949 1472 quam
1003 1403 1216 1459 dissuto
1255 1403 1556 1472 posteriore
1604 1404 1905 1473 illicitoque

315 1492 694 1557 contubernio,
743 1493 890 1546 illam
946 1494 1118 1563 ipsam
1172 1497 1464 1566 impetrare
1505 1497 1900 1564 pmniteutiam.

299 1582 784 1660 Quemadmodum
824 1585 1047 1648 devotae,
1087 1588 1187 1640 hoc
1221 1597 1324 1653 est,
1357 1603 1477 1657 quae
1522 1603 1581 1641 se
1621 1587 1728 1640 Deo
1763 1601 1897 1641 cou-

313 1684 682 1741 secraverant,
715 1677 953 1743 virgines
999 1687 1093 1732 aut
1130 1679 1325 1744 viduae,
1368 1679 1414 1730 si
1454 1680 1706 1733 maritum
1750 1695 1901 1731 acce-

313 1766 534 1838 pissent,
569 1783 667 1820 non
701 1767 1111 1821 admittebantur
1139 1769 1206 1820 atl
1244 1768 1626 1836 pwnitentiam,
1660 1769 1763 1821 nisi
1807 1768 1904 1821 ad-
1934 1735 1978 1794 Β

313 1859 414 1917 huc
433 1859 542 1927 ipso
559 1859 753 1912 vivente
772 1860 985 1923 marito,
1005 1868 1143 1912 caste
1157 1861 1320 1912 vivere
1341 1862 1631 1928 coepissent,
1651 1869 1743 1912 aut
1758 1868 1903 1929 post-

313 1969 474 2076 φηῗὲ
535 1952 646 2022 ipse
693 1952 1034 2020 decessisset,
1087 1952 1163 2006 ait
1212 1951 1531 2007 Toletanum
1576 1968 1614 2016 ι,
1657 1967 1779 2006 can.
1833 1952 1901 2006 16

313 2032 368 2076 et
471 2063 484 2076 .

313 2032 368 2080 et
398 2032 484 2076 19.

386 2113 550 2184 Atqui
583 2113 828 2185 digamos
855 2115 987 2170 istos
1017 2115 1385 2170 Laodicenmn
1428 2116 1719 2170 concilium
1754 2114 1900 2170 brevi

317 2215 560 2274 tempore
599 2207 974 2275 paenitentiam
1008 2207 1161 2260 obire
1204 2208 1424 2271 statuit;
1462 2205 1740 2260 Nicmnum
1774 2222 1903 2259 vero

312 2297 650 2366 Novatianis,
704 2308 760 2354 ut
819 2315 942 2354 cum
983 2299 1092 2355 illis
1144 2299 1464 2355 nominatim
1526 2297 1901 2352 communica-

313 2401 468 2448 turos
519 2404 579 2444 se
624 2404 746 2444 esse
785 2390 1156 2459 profiteantur,
1215 2391 1396 2444 edicit.
1451 2389 1604 2456 Quod
1657 2388 1902 2458 proiecto

315 2495 424 2535 non
457 2478 684 2542 faceret,
715 2480 761 2534 si
793 2481 1134 2550 digamorum
1183 2481 1403 2535 nomine
1441 2481 1744 2553 ﬂagitiosus
1777 2481 1898 2536 illos

314 2589 379 2628 ac
418 2573 622 2643 judicio
647 2573 899 2629 Ecclesiae
922 2575 1172 2629 adulterii
1196 2575 1485 2629 damnatos
1523 2574 1897 2628 intellexisset.

314 2663 602 2727 Praeterea,
628 2675 685 2720 ut
716 2682 878 2735 quam
905 2667 1140 2721 absurda
1173 2669 1243 2722 sit
1272 2668 1651 2738 jurisconsulti
1694 2676 1904 2723 sentcn-

313 2755 389 2808 tia
415 2754 722 2810 evidentius
741 2767 996 2826 appareat
1025 2776 1036 2812 :
1068 2757 1112 2812 si
1138 2758 1190 2811 in
1217 2757 1310 2812 illo
1332 2756 1535 2812 Nicaeni
1561 2757 1774 2813 concilii
1806 2773 1903 2813 ca-

315 2861 460 2906 none
488 2846 691 2917 digami
717 2859 864 2910 sunt,
895 2850 986 2916 qui
1011 2859 1202 2904 contra
1231 2849 1632 2904 ecclesiasticas
1659 2849 1899 2904 sanctio-

314 2953 412 2991 nes
445 2976 459 3000 ,
497 2937 603 2992 hoc
642 2950 744 3005 est,
794 2949 852 2992 ut
892 2940 1004 3007 ipse
1053 2955 1176 2992 cmn
1220 2939 1554 2993 Calvinianis
1601 2939 1899 3004 existimat,

315 3031 451 3085 citra
502 3046 725 3086 causam
774 3030 1046 3094 adulterii,
1091 3031 1162 3084 ob
1214 3047 1306 3085 cas
1340 3046 1560 3094 causas,
1592 3030 1660 3084 de
1699 3030 1901 3100 quibus

251 3105 268 3132 ”
313 3121 609 3177 divortium
643 3123 825 3177 saeculi
863 3123 1006 3192 leges
1044 3123 1343 3193 indulgent,
1378 3123 1662 3192 repudiata
1694 3122 1898 3192 priore,
1929 3105 1972 3162 C

315 3216 542 3270 alteram
605 3215 709 3270 sibi
764 3215 1051 3284 conjugem
1110 3216 1405 3280 asciscunt,
1465 3231 1574 3270 non
1618 3214 1723 3268 alia
1769 3223 1901 3284 puto

315 3308 628 3364 condltione
658 3308 991 3363 Novatianos
1023 3311 1087 3364 ad
1107 3310 1440 3380 jungendam
1471 3324 1595 3364 cum
1625 3309 1732 3365 illis
1757 3324 1903 3363 com-

314 3401 633 3454 munionem
691 3402 886 3470 coegit.
936 3417 1102 3471 quam
1147 3410 1207 3456 ut
1273 3403 1540 3457 dissoluto
1600 3403 1902 3473 posteriore

315 3493 408 3547 illo
435 3493 725 3563 conjugio,
761 3494 1113 3549 fmdissimam
1153 3495 1299 3548 illam
1332 3495 1601 3550 maculam
1634 3495 1902 3564 paeniten-

316 3587 389 3643 tia
428 3587 716 3642 diluerent.
747 3587 910 3657 Atqui
945 3602 1050 3641 non
1083 3589 1254 3658 magis
1286 3597 1345 3643 ut
1369 3603 1493 3644 cum
1521 3588 1625 3643 hoc
1652 3597 1903 3658 peccato-

313 3695 437 3733 rum
468 3695 684 3749 genere,
714 3690 838 3750 post
859 3682 1258 3750 pmnitcntiam,
1291 3696 1455 3750 qttam
1489 3693 1547 3735 ut
1585 3697 1710 3736 cum
1739 3691 1899 3736 crete-

315 3774 396 3824 ris
451 3773 920 3828 communicarent
977 3774 1264 3839 erunibus,
1327 3774 1411 3827 lex
1460 3774 1561 3828 ista
1613 3775 1902 3844 cautioque

316 3862 447 3919 ferri
483 3860 800 3917 Novatianis
839 3863 1043 3921 debuit.
1081 3862 1199 3917 Non
1235 3865 1380 3916 enim
1411 3864 1682 3933 ejusmodi
1723 3865 1898 3918 solum

317 3955 586 4024 digamos,
618 3955 712 4011 sed
744 3970 1103 4024 quoscunque
1153 3954 1334 4009 delicti
1372 3956 1641 4024 gravioris
1675 3971 1798 4011 reos
1833 3957 1902 4010 ah

317 4047 467 4100 omni
492 4062 587 4116 spe
610 4047 1014 4101 communionis
1063 4049 1431 4102 excluserant.
1478 4047 1591 4102 Cur
1629 4049 1793 4118 igitur
1835 4049 1902 4104 dc

317 4141 551 4209 digamis
591 4140 720 4207 illis,
767 4141 952 4208 utique
1006 4141 1223 4195 nonnisi
1273 4153 1396 4212 post
1430 4143 1806 4212 pmnitentiam
1848 4151 1902 4197 et

315 4233 487 4288 illiciti
538 4233 776 4304 conjugii
827 4233 1240 4301 diremptionem
1285 4234 1654 4301 admittendis,
1703 4236 1901 4289 diserte

315 4326 747 4396 nominatimque
804 4324 1019 4380 Nic-mna
1064 4325 1305 4396 synodus
1350 4337 1638 4397 exceptum
1699 4325 1901 4380 voluit?

2011 486 2211 556 aliique
2243 485 2568 555 interpretes
2607 501 2844 542 canones
2874 486 2996 541 illos
3019 487 3315 556 explicant.

2079 575 2198 631 Col.
2212 576 2316 630 884
2332 575 2393 631 Β.
2408 576 2680 646 Στεφάνη
2695 576 2762 630 δὲ
2771 579 2999 631 τούτων
3009 577 3273 640 πάντων,
3287 578 3592 644 ὠςεῑπεῖν.

2009 666 2086 722 De
2111 668 2431 722 clericorum
2456 669 2787 724 continentia
2814 685 2876 724 ac
2901 669 3090 725 caelibe
3120 670 3233 723 vita
3252 669 3485 724 illustris
3507 670 3598 724 hic

2008 756 2297 826 Epiphauii
2327 758 2479 812 locus
2510 767 2614 812 est.
2663 756 2770 813 Sed
2815 758 2870 812 in
2907 757 3274 814 Catbarorum
3307 759 3505 814 heresi
3527 759 3597 813 59

2007 867 2163 905 num.
2195 851 2228 905 4
2258 852 2415 920 longe
2447 851 2690 920 apertius
2748 860 2916 922 atque
2943 852 3217 923 insignius
3250 853 3598 907 ecclesiasti-

2008 957 2128 998 cam
2165 943 2265 997 hac
2298 943 2351 996 in
2390 960 2446 998 re
2475 945 2928 998 consuetudinem
2955 946 3231 1014 exposuit.
3259 945 3433 1000 Docet
3448 944 3599 999 enim

2012 1034 2280 1103 inprimis
2314 1034 2659 1104 episcopum,
2697 1044 2791 1088 aut
2820 1036 3224 1106 presbyterum,
3266 1045 3364 1090 aut
3409 1037 3598 1091 diaco-

2008 1142 2138 1181 num
2165 1142 2229 1182 ex
2255 1126 2490 1198 digamis
2515 1128 2758 1181 ordinari
2785 1130 3080 1183 neminem.
3105 1127 3245 1183 Tum
3273 1144 3452 1198 neque
3472 1128 3595 1192 hos,

2008 1233 2186 1287 neque
2218 1217 2619 1273 subdiaconum
2680 1219 2838 1272 aliter
2893 1221 3230 1284 consecrari,
3291 1235 3461 1289 quam
3511 1218 3614 1273 vel-

2007 1309 2210 1381 priore,
2260 1324 2432 1380 eaque
2483 1311 2666 1374 unica,
2709 1311 2944 1382 conjuge
2971 1319 3210 1379 mortua,
3239 1312 3325 1366 vel
3355 1313 3426 1366 ab
3446 1312 3599 1381 ejus-

2007 1402 2130 1456 dem
2164 1401 2392 1456 viventis
2432 1402 2711 1456 consortio
2754 1418 2819 1458 ac
2849 1404 3248 1458 consuetudine
3277 1404 3597 1469 distractos,

2008 1492 2113 1547 nisi
2140 1493 2378 1563 virgines
2419 1495 2646 1549 omnino
2691 1495 2836 1550 sint:
2870 1497 3173 1565 praesertim
3209 1496 3306 1551 ubi
3333 1496 3600 1551 ecclesia-

2008 1586 2128 1639 stici
2154 1601 2395 1641 canones
2423 1599 2680 1642 accurate
2715 1596 3036 1654 servantur;
3063 1604 3189 1641 nam
3215 1589 3363 1656 quod
3386 1588 3444 1642 in
3473 1588 3600 1656 qui-

2008 1675 2239 1732 busdam
2280 1677 2415 1732 locis
2475 1678 2798 1748 presbyteri,
2835 1679 3051 1733 diaconi
3085 1692 3139 1733 et
3172 1679 3503 1733 subdiaconi
3540 1678 3602 1731 li-

2006 1768 2170 1823 heros
2212 1769 2392 1824 adhuc
2431 1768 2770 1841 suscipiant,
2824 1769 2876 1823 id
2927 1770 3192 1824 abusione
3241 1771 3482 1840 quadam
3531 1784 3599 1822 ac

2006 1860 2306 1930 disciplinae
2358 1862 2668 1931 corruptela
2717 1862 2864 1929 fieri;
2914 1871 3010 1915 aut
3056 1877 3185 1916 vero
3241 1861 3594 1926 necessitate,

2008 1954 2100 2008 ubi
2136 1969 2234 2023 pro
2272 1954 2476 2024 ingenti
2513 1954 2842 2024 populorum
2895 1953 3264 2020 multitudine,
3311 1955 3600 2008 ministro-

2008 2065 2128 2104 rum
2163 2050 2315 2118 copia
2350 2064 2460 2103 non
2495 2047 2769 2118 suppetis;
2808 2063 2933 2102 nam
2971 2048 3174 2113 alioqui
3209 2047 3474 2103 Ecclesia:
3507 2048 3599 2101 de-

2005 2149 2155 2194 creto
2209 2140 2538 2196 clericorum
2578 2141 2863 2196 ordinibus
2910 2141 3032 2196 istis
3079 2141 3420 2196 continentia
3459 2156 3598 2210 pite-

2005 2235 2270 2303 scribitur
2301 2252 2314 2287 :
2341 2251 2448 2304 qua
2494 2232 2782 2305 Epiphauii
2824 2235 3151 2288 auctoritate
3192 2234 3340 2286 nulla
3374 2243 3472 2287 aut
3504 2249 3598 2286 ex-

2005 2325 2267 2395 pressior,
2319 2334 2415 2380 aut
2465 2325 2706 2380 sanctior
2740 2325 2927 2379 haberi
2959 2334 3158 2394 potest.
3212 2322 3351 2377 lluic
3382 2339 3481 2392 par
3510 2333 3595 2376 est

2005 2432 2070 2470 ac
2099 2417 2377 2486 geminum
2411 2415 2729 2491 Hieronymi
2759 2415 3134 2470 testimonium
3163 2416 3294 2470 illud
3325 2415 3593 2468 adversus

2005 2506 2382 2578 Vigilantiam,
2419 2509 2535 2578 qui,
2573 2517 2632 2563 ut
2667 2508 2770 2562 hoc
2801 2517 3046 2579 tempore
3091 2517 3367 2562 nostrates
3417 2507 3592 2559 htcre-

2008 2600 2121 2664 tici,
2174 2600 2502 2654 clericorum
2560 2599 2942 2654 castimoniam
3009 2600 3379 2670 oppugnabat.
3451 2598 3592 2663 Quid

2006 2691 2227 2760 facient,
2267 2691 2464 2760 inquit,
2503 2689 2737 2744 Orientis
2771 2689 3069 2744 Ecclesiw?
3116 2690 3258 2754 Quid
3289 2689 3512 2759 Aigypti
3543 2699 3594 2741 et

2003 2782 2142 2834 sedis
2174 2779 2498 2851 apostolicw,
2532 2795 2650 2851 qum
2687 2790 2778 2833 aut
2806 2781 3032 2850 virgines
3055 2780 3270 2832 clericos
3299 2783 3589 2848 accipiunt,

2006 2886 2098 2929 aut
2130 2878 2471 2938 continentes,
2499 2885 2571 2938 et,
2613 2875 2658 2926 si
2706 2890 2894 2928 uxores
2944 2874 3246 2938 habuerint,
3276 2877 3460 2927 mariti
3482 2889 3593 2927 esse

2003 2969 2319 3024 desierunt?
2353 2969 2531 3038 Atque
2568 2969 2671 3023 hoc
2703 2968 2924 3037 quidem
2959 2968 3043 3020 vel
3076 2967 3412 3021 recentiores
3438 2965 3588 3020 Cra:-

2006 3068 2114 3121 culi
2152 3066 2412 3128 fatentur,
2463 3072 2586 3134 post
2636 3072 2921 3132 susceptos
2970 3076 3159 3117 sacros
3209 3060 3332 3114 illos
3370 3060 3590 3114 ordines

2006 3171 2234 3212 uxorem
2264 3154 2467 3210 nemini
2498 3137 2698 3209 ducere
2729 3153 2970 3207 licuisse.
2990 3151 3147 3217 Quod
3168 3153 3236 3205 ad
3259 3166 3383 3205 can.
3407 3163 3587 3220 apost.

2001 3249 2093 3314 26,
2129 3247 2381 3303 Balsamo
2421 3255 2475 3301 et
2504 3245 2749 3301 Zonaras
2781 3253 3113 3316 agnoscunt.
3150 3243 3394 3297 (Latronis
3428 3241 3589 3296 verba

2005 3351 2134 3402 suut
2167 3365 2176 3398 :
2215 3341 2336 3395 Τῶν
2369 3342 2449 3404 εἰς
2484 3341 2688 3412 κλῆρον
2719 3338 3092 3411 προελθόντων
3117 3336 3348 3406 ἀγάμων
3373 3333 3592 3388 κελεύο-

2007 3452 2105 3506 μεν
2161 3433 2519 3504 βουλομένους
2565 3434 2763 3503 γαμεῖν
2809 3428 3188 3498 ἁναγνώστας,
3242 3429 3336 3480 καὶ
3381 3427 3591 3496 ψάλτας

2008 3528 2220 3597 μόνους.
2274 3523 2354 3580 Ad
2405 3540 2528 3594 quae
2557 3522 2812 3578 Balsamo
2844 3521 2989 3576 istud
3014 3523 3273 3576 observat
3301 3539 3315 3574 :
3349 3530 3472 3573 ante
3500 3535 3591 3573 or-

2003 3619 2337 3674 dinatioaem
2368 3617 2739 3688 presbyteros,
2775 3616 3038 3670 diaconos
3069 3623 3126 3668 et
3177 3612 3591 3685 hypodiaconos

2005 3711 2260 3780 copulare
2286 3710 2524 3780 nuptias,
2560 3717 2725 3778 atque
2757 3707 2830 3762 ita
2864 3707 3108 3762 ordinari
3142 3706 3387 3775 potuisse
3421 3723 3436 3758 :
3469 3713 3591 3772 post

2003 3803 2428 3868 ordinationem,
2481 3801 2615 3855 solis
2670 3801 2773 3854 hoc
2816 3799 3114 3854 lectoribus
3169 3807 3224 3852 et
3271 3796 3590 3850 cantoribus

2005 3895 2300 3952 indultum.
2333 3895 2494 3950 Addit
2529 3893 2798 3960 Zonaras,
2829 3903 2956 3948 ante
2989 3890 3394 3946 ordinationem
3430 3887 3591 3940 inter-

2003 3983 2183 4054 rogari
2230 3983 2601 4054 presbyteros,
2635 3982 2897 4036 diaconos
2952 3991 3007 4035 ct
3049 3979 3485 4051 bypodiaconos,
3519 3992 3586 4030 an

2003 4074 2344 4130 continenter
2392 4081 2446 4127 et
2493 4082 2642 4128 caste
2677 4073 2875 4128 vellent
2907 4073 3110 4126 vivere.
3147 4070 3305 4137 Quod
3344 4071 3389 4125 si
3425 4086 3590 4137 nega-

2003 4167 2201 4229 verint,
2234 4165 2477 4234 permitti
2511 4173 2570 4218 ut
2601 4175 2726 4219 ante
2755 4165 3229 4219 consecrationem
3266 4177 3466 4215 uxores
3498 4161 3591 4214 du-

2003 4267 2148 4314 cant.
2186 4255 2330 4310 Sane
2379 4257 2434 4310 in
2465 4258 2780 4327 Aucyrano,
2833 4271 2957 4309 can.
3013 4255 3181 4318 10,de
3228 4253 3479 4308 diaconis
3517 4253 3590 4306 ita

2003 4351 2277 4407 sancitum
2314 4349 2532 4418 legitur,
2567 4359 2626 4403 ut
2657 4348 2751 4419 qui
2780 4348 2899 4418 ipso
2923 4347 3291 4403 ordinationis
3322 4362 3436 4400 suae
3465 4357 3592 4400 tem-

316 4417 480 4484 Quid,
513 4417 759 4486 inquam,
795 4417 847 4470 in
882 4417 976 4471 illo
1019 4417 1265 4471 criminis
1317 4418 1676 4488 adulteriique
1704 4434 1900 4489 genere
1933 4447 1976 4501 ι)
2008 4456 2138 4512 pore
2182 4417 2474 4496 comesiali
2524 4441 2652 4505 sim,
2675 4417 2759 4494 ’δε
2796 4417 3003 4508 humus
3034 4453 3224 4493 carere
3257 4452 3366 4491 ηοη
3405 4453 3587 4507 posse,

315 4511 495 4565 inesse
542 4519 717 4580 potest
756 4511 1021 4582 mysterii,
1067 4521 1123 4564 ut
1148 4527 1270 4565 cum
1328 4510 1417 4575 iis,
1453 4511 1548 4580 qui
1598 4513 1896 4580 negandam

314 4603 554 4672 peccatis
579 4602 835 4657 omnibus
862 4603 1223 4680 atrocioribus
1251 4603 1626 4672 paenitentiam
1654 4617 1901 4658 commu-

316 4697 644 4763 nionemque
675 4706 1022 4760 censuerant,
1069 4695 1269 4749 NiCiBlli
1317 4694 1506 4750 Patres
1543 4696 1609 4749 de
1650 4712 1760 4750 uno
1807 4695 1900 4750 illo

316 4786 686 4857 stipulentur?
715 4785 850 4861 Nam
881 4787 1026 4856 quod
1058 4802 1225 4841 unum
1262 4785 1456 4840 afferre
1485 4794 1683 4859 potest,
1715 4787 1897 4841 saeculi

315 4881 528 4952 legibus
555 4880 802 4934 adulterii
837 4895 1007 4949 genus
1039 4879 1170 4933 illud
1208 4878 1378 4933 fuisse
1406 4893 1750 4946 concessum,
1781 4880 1900 4933 ideo

315 4983 653 5029 momentum
713 4972 872 5026 habet
923 4970 1152 5036 nullum,
1210 4971 1506 5040 quoniam,
1560 4983 1620 5024 ut
1673 4970 1900 5039 ipsemet

315 5067 532 5133 asserit,
563 5081 840 5136 nunquam
867 5065 920 5119 id
959 5064 1218 5119 Ecclesia:
1252 5063 1563 5134 persuaderi
1614 5062 1811 5132 potuit,
1842 5073 1900 5116 ut

315 5161 535 5214 divortii
570 5177 766 5215 causas
794 5159 914 5213 illas
951 5159 1296 5228 approbaret,
1331 5166 1424 5211 aut
1461 5155 1617 5210 aliter
1645 5155 1711 5210 de
1745 5155 1898 5223 diga-

317 5253 422 5307 mis
453 5251 571 5308 istis
601 5267 764 5323 quam
795 5252 862 5306 de
892 5250 1152 5309 adulteris
1181 5260 1460 5304 statueret.
1494 5247 1672 5313 Quare
1707 5246 1896 5301 eadem

319 5346 536 5409 lim-um,
577 5361 698 5415 qua:
754 5355 806 5399 ct
864 5345 1233 5399 adulterorum
1279 5352 1620 5402 caeterorum,
1667 5349 1720 5392 ct
1753 5341 1897 5410 quod

316 5437 382 5496 ad
419 5433 845 5490 Novatianorum
878 5435 1152 5503 negotium
1184 5440 1409 5502 spectat,
1450 5447 1615 5500 quam
1650 5443 1898 5499 peccato-

317 5546 438 5588 rum
475 5529 714 5582 omnium
749 5529 885 5588 ratio
920 5527 1103 5582 haberi
1137 5544 1164 5579 a
1191 5525 1444 5582 Patribus
1473 5524 1676 5580 debuit.
1713 5525 1898 5594 Itaque

319 5624 544 5677 dubium
584 5622 786 5676 nullum
822 5632 920 5686 cst,
962 5624 1092 5692 quin
1141 5621 1401 5675 adversus
1433 5620 1774 5689 digamortun
1806 5636 1898 5686 ge-

325 5731 424 5777 nus
461 5716 676 5774 tertium
710 5731 737 5770 a
769 5715 1041 5774 veteribus
1078 5713 1322 5778 conciliis
1371 5712 1674 5770 severitatis
1723 5711 1896 5773 aculei

2008 4533 2240 4603 ideoque
2266 4541 2389 4602 post
2415 4531 2813 4586 ordinationem
2847 4545 3049 4584 uxores
3067 4529 3351 4593 duxerint,
3382 4531 3449 4584 de
3482 4541 3590 4583 sta-

2003 4633 2060 4676 tu
2093 4637 2195 4677 suo
2231 4637 2338 4675 non
2369 4621 2773 4685 dimoveantur,
2815 4623 2961 4688 quod
2995 4621 3065 4674 ab
3098 4622 3359 4689 episcopo
3394 4621 3446 4674 id
3487 4622 3590 4675 illis

2003 4727 2324 4767 concessum
2357 4711 2518 4765 fuerit
2547 4727 2559 4763 :
2590 4708 2761 4762 Τοῦτο
2802 4710 2881 4775 δὲ,
2924 4710 2977 4763 εἴ
3011 4727 3156 4773 τινες
3187 4711 3588 4782 σιωπήσαντες,

2003 4806 2098 4858 καὶ
2132 4803 2557 4872 καταδεξάμενοι
2599 4803 2657 4855 ἐν
2699 4803 2765 4872 τῇ
2816 4801 3121 4874 χειροτονίᾳ
3163 4801 3348 4872 μένειν
3391 4802 3586 4864 οὕτως,

2007 4899 2142 4970 μετὰ
2172 4898 2344 4951 ταῦτα
2365 4892 2529 4966 ἦλθον
2562 4897 2654 4948 ἐπὶ
2681 4895 2880 4965 γάμον,
2921 4895 3236 4948 πεπαῦσθαι
3267 4896 3464 4958 αὐτοὺς
3492 4897 3588 4964 τῆς

2000 4989 2294 5051 διακονίας.
2336 4987 2454 5040 Iloc
2490 5004 2628 5048 vero,
2677 4986 2875 5058 inquit,
2912 4988 2958 5041 si
3001 4988 3092 5055 qui
3128 4989 3268 5056 forte
3302 4993 3587 5051 tacuerint,

1999 5092 2048 5136 et
2077 5085 2127 5136 in
2154 5081 2485 5134 ordinatione
2515 5096 2819 5149 permanere
2853 5082 2905 5133 in
2937 5081 3049 5151 ipso
3077 5080 3454 5149 (continentiae
3483 5087 3589 5136 sci-

2001 5173 2146 5242 licet)
2177 5184 2320 5227 statu
2347 5173 2725 5238 consenserint,
2757 5188 2875 5225 cum
2900 5171 3088 5225 deinde
3110 5176 3330 5242 nuptias
3355 5174 3582 5239 inierint,

2002 5284 2033 5319 a
2065 5267 2351 5320 diaconatu
2381 5263 2725 5334 repellantur.
2755 5263 2876 5330 Quo
2903 5279 2970 5318 ex
3002 5280 3216 5320 canone
3247 5265 3382 5320 illud
3413 5268 3588 5322 evinci

2000 5368 2200 5429 potest,
2239 5358 2560 5412 clericorum
2614 5357 2910 5428 majorum,
2966 5358 3030 5412 ad
3081 5359 3350 5413 diaconos
3395 5361 3586 5414 saltem

2002 5467 2195 5521 usque,
2219 5453 2685 5506 consecrationem
2719 5451 3069 5522 implicitum,
3100 5463 3162 5507 ut
3195 5453 3373 5516 aiunt,
3403 5463 3585 5507 votum

1995 5547 2108 5622 jam
2139 5557 2250 5598 tum
2286 5545 2544 5599 habuisse
2571 5546 2952 5612 continentiae,
2981 5561 3106 5598 nam
3136 5561 3263 5599 cum
3303 5560 3426 5599 eam
3460 5561 3586 5599 cono

2002 5640 2262 5696 ditionem
2300 5637 2544 5708 apponit,
2587 5637 2640 5692 εἴ
2677 5655 2820 5700 τινες
2861 5639 3260 5709 σιωπήςαντες,
3291 5638 3386 5690 καὶ
3416 5654 3585 5691 καταο

2003 5731 2283 5810 δεξάμενοι
2311 5732 2367 5787 ὲν
2399 5733 2464 5807 τῇ
2492 5730 2797 5809 χειροτονίᾳ
2828 5729 3009 5806 μένειν
3037 5730 3233 5797 οὕτως,
3270 5732 3462 5803 prowl
3483 5731 3581 5785 tiu-
