3832 6220
244 369 388 425 1077

1027 364 1118 428 DE
1151 361 1533 420 VETERIBUS
1575 361 1974 430 QUIBUSDAM
2014 361 2371 420 ECCLESl.-E
2409 362 2704 421 RlTlllUS.

3371 367 3515 422 illi!

240 486 338 540 bio
369 482 659 554 significat,
683 496 806 538 cum
831 482 1175 538 ordinatione
1199 482 1313 552 ipsa
1338 481 1670 550 implicatam
1701 493 1823 534 esse
1852 481 1900 538 Α
1927 495 2102 546 canes,
2158 480 2528 546 subdiacones,
2581 486 2681 542 vet.
2704 482 2964 551 deinceps.
3018 482 3207 553 quibus
3280 486 3509 541 ducendi

244 579 469 632 tacitam
520 575 859 632 castimonia:
904 575 1100 648 legem,
1150 591 1271 645 quae
1311 575 1528 630 nonnisi
1564 580 1826 642 concepta

242 670 572 726 nominatim
597 667 995 724 contestatione
1013 667 1246 723 devitari
1269 675 1470 738 posset.
1500 665 1827 736 Cujusmodi

240 772 300 817 et
327 763 382 816 in
415 762 731 832 episcopatu
761 760 1112 831 suscipiendo
1149 759 1318 816 fuisse
1345 774 1411 814 ex
1446 757 1661 830 Synesii
1692 772 1828 812 cau-

243 855 458 908 satione
483 851 791 923 liquet,‘qui
821 854 979 923 epist.
1002 852 1258 915 105,cum
1287 868 1318 907 a
1341 850 1828 908 Ptolemaeensibus

243 946 301 1001 in
337 947 651 1015 episcopum
684 954 1018 1014 posceretur,
1054 944 1350 1014 praedicere
1401 959 1463 1000 se
1515 960 1581 1000 ac
1636 943 1829 1000 testar-i

245 1035 394 1089 istud
427 1043 726 1100 asseverat,
770 1033 912 1088 nolle
959 1048 991 1088 a
1029 1033 1262 1105 conjuge
1307 1034 1569 1104 separari.
1613 1031 1720 1090 Sed
1761 1031 1830 1090 de

243 1125 522 1196 episc0pis
551 1126 777 1182 ridicule
807 1141 839 1180 a
864 1124 1069 1182 Graecis
1095 1127 1374 1183 bodiernis
1396 1127 1686 1197 excipitur,
1713 1126 1832 1198 qui-

245 1219 355 1274 bus
383 1219 517 1273 solis
551 1218 758 1288 nuptiis
808 1217 1159 1273 interdicunt.
1205 1218 1314 1274 Nec
1359 1219 1543 1274 minus
1578 1219 1757 1290 inepte
1789 1234 1830 1274 ιι

245 1311 472 1366 concilii
510 1310 768 1381 Cartliag.
817 1326 993 1366 canon
1054 1311 1144 1366 ille
1188 1309 1223 1366 ὅ
1268 1312 1579 1382 accipitur:
1615 1311 1831 1367 Placuit

243 1405 538 1474 episcopos,
561 1415 610 1458 et
635 1406 984 1474 presbyteros,
1004 1414 1053 1460 et
1091 1407 1363 1471 diaconos,
1398 1407 1684 1461 set-undam
1708 1423 1832 1475 pro-

243 1497 371 1566 pria
419 1497 511 1567 (al.
541 1496 750 1568 priora)
797 1506 1001 1552 statuta
1039 1498 1199 1552 etiam
1246 1498 1312 1551 ab
1359 1500 1611 1555 uxoribus
1660 1502 1832 1554 conti-

245 1605 394 1654 nere,
439 1597 544 1644 etc.
600 1587 657 1643 In
708 1603 821 1658 quo
854 1604 1064 1644 canone
1105 1591 1433 1661 jampridem
1482 1592 1681 1646 eruditi
1729 1591 1831 1647 viri

242 1679 562 1736 Graecorum
591 1690 754 1750 atque
785 1681 1165 1737 haereticorum
1191 1682 1462 1739 inscitiam
1490 1684 1828 1740 refutarunt:

242 1778 302 1822 et
325 1767 668 1827 Balsamonis
703 1771 756 1825 in
789 1772 998 1840 primis,
1031 1774 1124 1843 qui
1154 1773 1221 1828 ad
1256 1789 1379 1830 can.
1411 1776 1445 1829 4
1468 1777 1661 1848 synodi
1692 1776 1829 1832 Car-

245 1860 419 1929 thag.,
449 1876 569 1930 quae
605 1863 841 1916 SPCllnda
896 1865 1056 1934 vulgo
1111 1875 1384 1929 censetur.
1442 1883 1616 1938 nugas
1650 1885 1831 1926 meras

241 1949 468 2006 eﬂ'utiit.
505 1954 670 2023 Atqui
701 1970 970 2010 canonum
998 1971 1060 2010 ιιι
1103 1965 1156 2010 ct
1184 1973 1237 2012 iv
1268 1958 1524 2030 Carthag.
1563 1961 1710 2015 illius
1736 1975 1829 2033 sy-

244 2041 410 2107 nodi,
459 2043 550 2113 qui
603 2045 674 2098 ab
713 2045 1007 2118 episcopis,
1063 2048 1399 2120 presbyteris
1478 2059 1533 2128 et
1579 2052 1828 2108 diaconis

244 2137 644 2193 continentiam
679 2141 923 2209 exigunt,
957 2153 1068 2196 tam
1099 2144 1303 2214 liquida
1330 2160 1702 2215 expressaque
1731 2163 1830 2202 au-

242 2230 478 2286 ctoritas
503 2240 605 2296 est,
639 2240 694 2286 ut
725 2232 1151 2290 ludillcationem
1181 2251 1245 2292 ac
1274 2235 1458 2292 fucum
1494 2253 1712 2295 omnem
1746 2257 1832 2296 re-

244 2331 435 2390 spuat.
460 2319 668 2386 Placet,
698 2323 874 2394 inquit
893 2326 1150 2399 Carthag.
1182 2344 1219 2383 ιι
1244 2345 1442 2384 canon.
1469 2329 1524 2394 2,
1550 2342 1607 2384 ut
1638 2334 1832 2401 episco-

240 2414 324 2480 pi,
360 2412 649 2484 presbyteri
683 2427 732 2470 et
766 2417 1000 2486 diaconi,
1050 2422 1126 2475 vel
1154 2422 1245 2491 qui
1272 2432 1606 2478 sacramenta
1631 2434 1833 2481 contre-

241 2512 420 2568 ctant,
447 2506 718 2574 pudicitia
748 2511 1007 2575 custodes,
1035 2514 1197 2566 etiam
1219 2514 1284 2568 ab
1309 2515 1560 2570 uxoribus
1585 2533 1639 2570 se
1659 2518 1829 2570 absti-

243 2603 428 2650 neant.
451 2597 528 2652 Ab
563 2601 805 2656 omnibus
829 2601 1032 2657 dictum
1059 2615 1170 2660 est:
1201 2605 1380 2662 Placet
1408 2620 1461 2662 ut
1497 2611 1552 2663 in
1589 2609 1830 2664 omnibus

242 2698 296 2740 et
334 2688 400 2740 ab
430 2692 671 2746 omnibus
700 2696 960 2761 pudicitia
989 2699 1340 2766 custodiatur,
1369 2703 1458 2771 qui
1476 2701 1639 2756 altari
1653 2703 1831 2757 deser-

241 2780 419 2834 aiunt.
441 2783 652 2838 Accidit
673 2795 725 2841 et
744 2786 1000 2844 Chalced.
1025 2806 1222 2848 canon.
1251 2794 1315 2848 14
1341 2813 1353 2848 :
1383 2795 1600 2866 Ἐπειδὴ
1618 2794 1674 2849 ἐν
1691 2814 1832 2852 τισιν

243 2872 544 2943 ἐπαρχίαις
580 2878 996 2952 συγκεχώρηται
1021 2885 1134 2947 τοῖς
1168 2885 1545 2954 ἀναγνώσταις
1571 2889 1666 2942 καὶ
1695 2888 1832 2958 ψάλ-

242 2978 374 3026 ταις
403 2968 619 3034 γαμεῖν,
653 2967 852 3038 ὥρισεν
888 2972 920 3040 ή
954 2971 1086 3040 ἁγία
1125 2973 1360 3042 σύνοδος,
1397 2976 1471 3048 μὴ
1501 2975 1699 3042 ἐξεῖναί
1727 2995 1832 3032 τινι

245 3055 431 3111 αὐτῶν
463 3059 768 3129 ὲτερόδοξον
789 3065 1021 3131 γυναῖκα
1051 3064 1370 3136 λαμϐάνειν.
1394 3068 1526 3123 Cum
1551 3070 1604 3123 in
1627 3071 1834 3140 quibus-

241 3149 377 3202 dam
406 3153 690 3220 provinciis
715 3169 1018 3209 concessum
1051 3157 1117 3210 sit
1146 3157 1429 3215 lectoribus
1454 3171 1502 3216 et
1526 3164 1830 3218 curatoribus

244 3258 443 3297 uxores
476 3243 685 3299 ducere.
714 3245 829 3302 Non
860 3248 1026 3320 igitur
1057 3251 1268 3307 caeteris
1301 3253 1500 3308 licebat
1523 3256 1828 3320 ordinibus,

244 3333 492 3389 maxime
542 3335 932 3405 subdiaconis,
978 3355 1042 3394 ac
1084 3357 1152 3396 ne
1184 3341 1474 3399 lectoribus
1519 3345 1737 3415 quidem
1781 3358 1836 3403 et

243 3426 568 3483 cantoribus
604 3428 827 3499 ubique,
873 3431 966 3486 sed
1010 3433 1064 3487 in
1098 3435 1264 3488 certis
1303 3435 1568 3491 duntaxat
1608 3441 1833 3508 provin-

245 3514 374 3569 ciis.
423 3515 749 3588 Quanquam
789 3521 856 3575 de
901 3523 1272 3591 subdiaconis,
1329 3541 1438 3580 non
1489 3543 1555 3582 ex
1605 3530 1834 3586 canonis

247 3607 421 3664 ullius
463 3609 703 3676 decreto,
746 3622 805 3666 ut
835 3615 911 3668 ait
940 3613 1301 3686 Epiphanius,
1352 3619 1448 3673 sed
1491 3635 1555 3674 ex
1592 3623 1831 3691 quadam

244 3699 589 3772 indulgentia
619 3712 674 3758 et
709 3706 1012 3779 οἰκονομίᾳ,
1053 3711 1344 3765 remissum
1369 3711 1666 3781 aliquando
1692 3715 1836 3770 vide-

246 3805 375 3860 tur;
401 3811 526 3851 nam
555 3806 608 3853 et
637 3797 1148 3871 Cartliagineusium
1178 3805 1536 3861 conciliorum
1568 3823 1830 3874 canones,

244 3888 454 3956 quibus
505 3889 708 3947 diserte
759 3893 1098 3949 continentia
1152 3897 1486 3968 praecipitur,
1540 3901 1833 3972 episcopos

244 3977 520 4035 duntaxat
553 3991 608 4037 et
643 3985 986 4056 presbyteros
1015 4002 1080 4042 ac
1102 3987 1363 4045 diaconos
1385 3992 1654 4062 complexi
1680 4003 1827 4047 sunt.

242 4069 722 4138 Quemadmodum
754 4086 804 4132 et
833 4079 1152 4136 Arelatense
1194 4086 1386 4148 Ii,ran.
1423 4086 1456 4138 '5
1489 4105 1501 4140 :
1532 4085 1590 4140 Si
1617 4089 1736 4156 quis
1769 4087 1831 4142 de

242 4165 460 4218 clericis
491 4182 524 4218 a
555 4170 726 4237 gradu
749 4169 1069 4224 diaconatus
1106 4172 1162 4225 in
1196 4172 1390 4228 solatio
1425 4192 1521 4229 suo
1557 4178 1829 4231 mulierem

241 4267 444 4325 prteter
472 4259 667 4325 aviam,
703 4271 946 4325 matrem,
983 4280 1237 4332 sororem,
1283 4266 1453 4336 ﬁliam
1492 4279 1717 4338 neptem,
1755 4272 1830 4324 vel

242 4369 556 4408 conversam
607 4372 784 4408 secum
837 4373 1056 4412 uxorem
1105 4359 1292 4414 habere
1333 4365 1751 4432 prwsumpserit,
1796 4383 1828 4418 a

242 4447 618 4500 communione
648 4448 855 4504 alienus
891 4450 1178 4516 habeatur;
1204 4468 1328 4506 nam
1356 4469 1682 4510 conversam
1723 4473 1824 4526 ap-

1930 587 2120 626 uxores
2148 573 2365 627 licentia
2405 592 2507 628 non
2536 584 2634 638 est,
2680 576 2837 628 etiam
2872 577 3168 630 alienarum
3199 579 3508 646 nuptiarum

1927 667 2120 721 evitent
2150 669 2438 721 consortia.
2468 667 2542 722 De
2571 670 2742 723 tribus
2764 670 3048 726 ordinibus
3074 671 3283 726 accedit
3310 680 3362 725 et
3386 687 3510 726 con-

1928 759 2021 814 cil.
2043 759 2288 815 Eliberit.
2309 775 2433 814 can.
2465 760 2566 829 55;
2598 771 2650 816 et
2675 762 2930 833 Carthag.
2964 779 3024 828 ιι,
3055 781 3176 821 can.
3196 765 3250 826 ‘2,
3279 776 3505 834 aposto-

1929 848 2087 904 licam
2131 851 2274 906 lianc
2319 850 2716 907 institutionem
2756 868 2878 908 esse
2920 852 3192 924 signiﬁcat
3224 873 3236 909 :
3270 853 3336 909 Ut
3364 855 3505 926 quod

1929 940 2157 1009 apostoli
2186 947 2498 1008 docuerunt,
2537 943 2738 1014 inquit,
2777 955 2827 999 et
2868 945 2985 1014 ipsa
3020 947 3246 1000 servavit
3276 949 3507 1016 antiqui-

1931 1037 2038 1092 tas,
2065 1045 2159 1083 nos
2187 1045 2388 1101 quoque
2424 1033 2811 1089 custodiamus.
2857 1033 2983 1090 llaec
3021 1051 3123 1092 nos
3165 1052 3235 1092 ex
3276 1038 3505 1094 inﬁnitis

1929 1133 2125 1189 pauca,
2151 1135 2274 1191 quae
2299 1122 2352 1175 in
2381 1123 2710 1180 adversariis
2737 1127 3048 1192 exstabant,
3081 1127 3149 1182 de
3179 1127 3505 1184 clericorum

1931 1211 2180 1266 caelibatu
2209 1213 2516 1284 selegimus.
2557 1214 2764 1270 Caetera
2795 1217 2849 1270 in
2883 1217 3192 1273 Annalibus
3216 1220 3410 1275 eccles.
3439 1220 3510 1275 ad

1932 1319 2134 1359 annum
2169 1305 2238 1361 58
2271 1316 2384 1362 tum
2415 1307 2484 1362 ab
2516 1307 2660 1373 aliis,
2694 1309 2788 1380 qui
2821 1309 3085 1366 adversus
3115 1309 3354 1366 haereses
3381 1312 3512 1367 scri-

1929 1407 2178 1466 pserunt,
2202 1399 2270 1452 ad
2309 1398 2453 1454 idem
2485 1410 2866 1471 argumentum
2898 1402 3175 1473 disputata
3210 1406 3470 1475 reperies.

2001 1492 2118 1547 Col.
2133 1491 2238 1547 884
2255 1491 2314 1548 Β.
2336 1494 2777 1564 Δευτερόγαμον
2786 1495 2854 1549 δὲ
2864 1497 2974 1549 οὐκ
2988 1497 3191 1558 ἔξεστι
3205 1498 3507 1568 δέχεσθαι.

1931 1582 2209 1654 Digatnum
2223 1596 2330 1638 non
2346 1582 2520 1638 solum
2536 1583 2601 1638 ab
2615 1584 2906 1656 episcopali
2929 1586 3273 1650 munere,sed
3298 1592 3458 1646 etiam
3477 1607 3510 1648 a

1933 1676 2106 1730 sacris
2131 1677 2385 1734 omnibus
2420 1683 2997 1742 ordinibusexclusum
3014 1689 3185 1744 fuisse
3221 1692 3506 1752 perpetuo.

1933 1765 2028 1836 qui
2080 1768 2310 1838 probare
2346 1769 2494 1832 velit,
2530 1770 2576 1824 is
2608 1772 2721 1825 otio
2765 1781 2820 1825 et
2853 1773 3041 1826 charta
3082 1773 3507 1844 intemperanter

1863 1837 1905 1892 Β
1933 1837 2210 1915 abutatur.
2235 1859 2310 1917 De
2339 1861 2608 1931 episcopis
2640 1862 2791 1918 locus
2812 1873 2895 1918 est
2919 1866 3164 1934 Apostoli
3193 1866 3212 1919 Ι
3242 1837 3382 1922 'l‘ini.
3410 1884 3467 1922 ιιι
3492 1887 3508 1924 :

1937 1951 2157 2021 Oportet
2194 1953 2494 2022 episcopum
2541 1970 2651 2008 esse
2697 1955 2852 2007 unius
2895 1956 3079 2010 uxoris
3119 1957 3328 2020 virum;
3363 1942 3512 2028 quod

1934 2044 2077 2098 idem
2116 2054 2169 2099 et
2196 2045 2264 2099 ad
2292 2046 2472 2100 Titum
2501 2061 2621 2115 cap.
2653 2063 2691 2112 ι,
2717 2048 2768 2113 7,
2801 2049 3012 2118 repetit.
3041 2048 3251 2116 Quibus
3285 2051 3339 2105 in
3377 2052 3511 2108 locis

1934 2132 2096 2199 Beza,
2129 2143 2192 2203 et
2219 2135 2458 2190 haeretici
2490 2151 2699 2200 omnes,
2725 2139 3023 2207 praesertim
3052 2137 3337 2195 Molinaeus
3366 2141 3416 2195 in
3441 2143 3510 2210 ﬁ-

1936 2228 2018 2282 dei
2049 2226 2240 2290 Scuto,
2310 2243 2519 2284 necnon
2567 2237 2622 2284 et
2650 2229 3081 2299 iurisconsultus
3115 2233 3202 2287 ille
3230 2249 3392 2303 supra
3425 2249 3514 2288 re-

1934 2315 2141 2372 futatus
2177 2333 2206 2372 a
2243 2320 2432 2385 nobis,
2463 2321 2530 2375 de
2564 2321 2800 2392 digamis
2845 2324 2950 2380 illis
2986 2325 3308 2394 Apostolum
3345 2329 3516 2383 inter-

1933 2418 2251 2479 pretantur,
2301 2411 2395 2480 qui
2445 2413 2581 2467 citra
2634 2414 2928 2485 legitimam
2975 2431 3231 2482 causam,
3275 2418 3380 2474 hoc
3431 2430 3518 2474 est

1933 2512 2125 2570 praeter
2154 2503 2404 2559 adulterii
2435 2507 2674 2576 culpam,
2704 2509 2986 2577 repudiata
3021 2511 3252 2582 conjuge
3283 2513 3513 2567 alteram

1933 2596 2230 2652 duxissent.
2285 2597 2486 2654 Verum
2531 2603 2744 2657 tametsi
2796 2603 3118 2673 hoc-ipsum
3169 2606 3512 2676 digamoruui

1935 2703 2106 2757 genus
2136 2690 2325 2744 eodem
2358 2691 2604 2761 Apostoli
2633 2695 2853 2750 decreto
2877 2698 3385 2766 comprehenditur,
3417 2699 3516 2754 ab-

1935 2782 2320 2837 surdissimum
2359 2794 2540 2840 tamen
2569 2795 2687 2851 est,
2721 2804 2829 2842 non
2865 2803 2960 2843 eos
2991 2804 3210 2858 quoque
3245 2789 3514 2844 contineri

1936 2871 2174 2939 credere,
2207 2874 2301 2944 qui
2323 2915 2338 2940 ,
2370 2891 2542 2931 uxore
2574 2885 2813 2942 mortua,
2848 2877 3008 2932 aliam
3041 2879 3168 2946 sibi,
3200 2890 3252 2933 et.
3293 2880 3515 2949 quidem

1935 2963 2263 3034 legitimam,
2296 2967 2584 3037 conjugem
2627 2969 2942 3024 asc’iverint.
2987 2967 3062 3024 De
3101 2985 3214 3039 quo
3269 2970 3516 3024 luculen-

1938 3056 2210 3112 tissimum
2234 3057 2340 3114 hoc
2363 3059 2416 3112 in
2446 3058 2566 3113 loco
2593 3059 2962 3114 testiinonium
2989 3060 3157 3116 babes
3183 3060 3469 3130 Epiphanii
3495 3078 3511 3117 :

1936 3167 2146 3207 necnon
2181 3159 2237 3206 et
2297 3152 2350 3206 in
2374 3151 2737 3207 Catharorum
2772 3153 2964 3207 haeres.
2999 3151 3088 3218 59,
3123 3169 3277 3207 num.
3319 3153 3375 3216 4,
3419 3155 3512 3208 ubi

1938 3244 2138 3300 diserte
2173 3255 2334 3315 negat
2377 3261 2564 3302 sacros
2606 3247 2673 3300 ad
2715 3246 2934 3301 ordines
2971 3246 3124 3301 illum
3165 3247 3368 3318 recipi,
3418 3247 3514 3317 qui

1937 3336 2120 3407 priore
2150 3338 2383 3409 conjuge
2414 3349 2623 3394 mortua
2662 3340 2889 3394 alteram
2915 3339 3152 3396 duxerit.
3189 3339 3344 3424 Quod
3375 3342 3512 3396 ade.»

1936 3446 2124 3485 verum
2153 3441 2256 3497 est,
2287 3441 2344 3486 ut
2369 3448 2437 3487 ne
2465 3432 2655 3487 Ariani
2692 3433 2912 3503 quidem
2947 3442 3139 3488 contra
3165 3449 3511 3488 communem

1938 3523 2082 3578 illam
2159 3532 2543 3594 receptamque
2625 3524 3077 3581 consuetudinem
3141 3525 3329 3580 venire
3391 3526 3514 3579 ausi

1938 3615 2158 3671 fuerint.
2191 3614 2327 3670 Nam
2374 3617 2428 3670 in
2466 3615 2839 3672 Ebionitarum
2887 3617 3084 3672 haeresi
3128 3617 3219 3680 30,
3271 3633 3424 3672 num.
3458 3617 3514 3682 5,

1936 3704 2206 3776 Josephus
2233 3722 2440 3771 comes,
2476 3723 2600 3761 cum
2630 3708 2839 3774 Ariani,
2877 3718 2936 3763 ut
2961 3709 3028 3762 ad
3067 3717 3248 3778 partes
3281 3723 3412 3763 suas
3450 3708 3515 3762 ιι-

1937 3796 2050 3850 lum
2108 3800 2419 3865 traherent,
2461 3800 2838 3870 episcopatum
2876 3801 2926 3854 ei
2975 3802 3393 3871 pollicerentur,
3447 3816 3516 3855 ue

1936 3888 2139 3945 invitus
2171 3891 2240 3945 ab
2273 3891 2379 3946 illis
2410 3893 2776 3959 ordinaretur,
2823 3893 3005 3963 priore
3043 3893 3271 3964 conjuge
3319 3892 3515 3947 defun-

1936 3991 2054 4044 cta,
2087 3983 2352 4038 secundas
2389 3986 2609 4052 nuptias
2658 3985 2800 4038 iniit.
2852 3983 3148 4050 Quaesitum
3205 3984 3336 4039 olim
3390 3984 3512 4050 fuit,

1936 4082 2118 4125 utrum
2166 4075 2259 4142 qui
2307 4081 2432 4126 ante
2477 4072 2808 4142 baptismum
2861 4073 3148 4142 conjugem
3205 4074 3512 4141 habuisset,

1933 4163 2184 4234 digamus
2217 4163 2487 4235 ejusmodi
2515 4174 2852 4230 censeretur,
2885 4167 2976 4235 qui
3010 4168 3080 4222 ab
3125 4165 3513 4222 ecclesiasticis

1933 4257 2216 4312 ordinibus
2269 4268 2564 4314 arceretur.
2610 4257 2728 4326 Qua
2772 4258 2838 4313 de
2869 4275 2926 4314 re
2973 4275 3162 4330 parum
3189 4260 3512 4330 ’probabilis

1934 4347 2250 4421 Hieronymi
2288 4353 2555 4406 sententia
2590 4359 2769 4406 exstat
2814 4351 2868 4406 in
2902 4351 3074 4422 Epist.
3113 4352 3182 4406 ad
3214 4351 3508 4418 Oceanum,

1931 4457 2054 4512 qua:
2083 4451 2169 4499 est
2204 4443 2293 4498 8'5.
2339 4442 2439 4497 Cui
2485 4445 2757 4500 contraria
2809 4454 2892 4501 est
2947 4446 3234 4516 Augustini
3286 4447 3380 4502 lib.
3435 4448 3511 4500 De

241 4537 434 4606 pellat,
457 4552 578 4607 qua:
601 4548 792 4607 Sponte
815 4555 875 4595 se
909 4556 940 4595 a
959 4542 1059 4597 viri
1085 4544 1480 4600 consuetudine
1506 4548 1823 4616 segregarit,

1935 4535 2066 4589 bono
2094 4537 2348 4607 coniugii,
2377 4551 2497 4607 cap.
2527 4538 2614 4602 18,
2643 4538 2985 4608 aliorumque
3016 4539 3236 4593 Patrum
3276 4539 3461 4609 opinio
3493 4557 3506 4593 :

243 4630 326 4684 uti
356 4644 568 4686 canone
603 4634 924 4700 praecedenti
962 4653 974 4688 :
1013 4636 1224 4690 Assumi
1271 4637 1501 4707 aliquem
1545 4641 1614 4692 ad
1649 4657 1828 4692 sacer-

240 4722 456 4775 dotium
485 4739 588 4777 non
631 4740 784 4794 posse
815 4728 871 4779 in
902 4728 1111 4781 vinculo
1151 4731 1386 4801 conjugii
1436 4735 1824 4797 constitutum;

242 4816 354 4869 nisi
378 4815 637 4884 promissa
675 4821 834 4886 fuerit
862 4823 1152 4882 conversio,
1201 4837 1304 4874 non
1341 4833 1566 4891 oportet.
1597 4827 1665 4878 At
1697 4841 1830 4878 conv

239 4906 340 4962 cil.
379 4904 552 4962 Tolet.
588 4922 625 4974 ι,
653 4924 776 4964 can.
800 4910 1146 4984 4,1lecrevit:
1185 4911 1252 4966 Ut
1295 4914 1647 4969 subdiaconus
1687 4933 1825 4972 uxo-

238 5015 357 5053 rem
387 4999 612 5054 alterum
654 5003 848 5056 ducens
889 5003 1029 5056 inter
1055 5005 1305 5058 ostiarius
1347 5007 1425 5059 vel
1479 5007 1696 5061 lectores
1730 5010 1827 5062 Ita-

240 5090 454 5144 beatur.
489 5090 644 5155 Quod
665 5093 712 5145 si
746 5092 959 5145 tertiam
992 5093 1225 5159 duxerit,
1257 5096 1396 5164 quod
1424 5111 1515 5149 nec
1545 5097 1826 5150 dicendum

233 5191 345 5245 est,
387 5181 660 5236 abstentus
690 5186 898 5239 biennio
930 5197 1115 5256 postea
1152 5189 1288 5240 inter
1319 5187 1485 5242 laicos
1519 5191 1827 5246 reconcilia-

245 5283 337 5327 tus
371 5285 483 5342 post
515 5278 876 5344 paenitentiam
917 5280 1281 5333 communicet.
1337 5281 1417 5335 Ad
1451 5282 1564 5336 luec
1596 5283 1827 5341 Siricius

242 5379 389 5434 papa
423 5366 476 5418 in
501 5368 752 5434 epistola,
783 5386 906 5439 quae
937 5371 992 5424 in
1035 5369 1248 5428 Telensi
1279 5374 1514 5428 concilio
1547 5376 1682 5430 lecta
1719 5385 1823 5441 est,

243 5470 376 5512 can.
411 5459 482 5524 9;
527 5456 874 5516 Innocentius
919 5463 1082 5532 epist.
1151 5465 1206 5530 2,
1253 5480 1371 5535 cap.
1417 5465 1472 5533 9,
1497 5475 1551 5520 ct
1575 5468 1734 5537 epist.
1768 5468 1822 5533 3,

247 5569 375 5623 cap.
400 5553 452 5621 l,
479 5554 827 5626 presbyteros
866 5551 1132 5614 duntaxat
1158 5568 1212 5614 et
1236 5559 1496 5616 diaconos
1525 5563 1673 5616 coire
1699 5577 1824 5616 cum

242 5649 516 5705 uxoribus
545 5650 830 5720 prohibent
852 5668 1114 5722 :quorum
1140 5653 1357 5709 decreta
1381 5655 1669 5709 confirmat
1685 5656 1827 5726 Aga-

235 5741 439 5796 thense
474 5758 630 5798 conc.
677 5759 800 5800 can.
850 5746 902 5800 9.
950 5745 1106 5812 Quod
1143 5749 1321 5816 ipsum
1371 5760 1552 5802 tamen
1598 5764 1719 5803 can.
1755 5749 1824 5804 59

243 5833 618 5892 subdiaconus
647 5838 810 5892 etiam
857 5838 1269 5910 comprehcndit
1297 5859 1308 5894 :
1348 5839 1668 5912 Presbyteri,
1701 5841 1820 5895 dia-

1935 4628 2024 4682 cui
2062 4629 2432 4684 ecclesiastica
2475 4631 2694 4685 traditio
2745 4646 2807 4686 ac
2874 4635 3212 4687 consuetudo
3251 4631 3511 4702 sull‘raga-

1935 4729 2043 4776 tur.
2074 4721 2190 4789 Qua
2217 4724 2283 4778 de
2309 4739 2366 4779 re
2401 4722 2667 4780 Valentini
2697 4725 2936 4792 concilii,
2966 4725 3112 4794 quod
3140 4726 3244 4780 sub
3273 4724 3511 4780 Damaso

1934 4815 2262 4870 celebratum
2313 4825 2398 4873 est
2423 4857 2438 4881 ,
2473 4833 2644 4874 canon
2678 4819 2889 4888 primus
2933 4819 3004 4872 ita
3042 4819 3230 4872 statuit
3261 4836 3274 4873 :
3317 4817 3408 4872 Uti
3435 4819 3511 4870 di-

1932 4911 2076 4980 gami
2126 4925 2188 4962 ne
2222 4912 2530 4964 ordinentur
2561 4912 2779 4976 clerici,
2828 4911 3040 4965 etiamsi
3069 4911 3288 4980 gentiles
3336 4910 3510 4961 adhuc

1931 5004 2030 5057 hac
2063 5019 2116 5056 se
2143 5003 2373 5072 infelicis
2401 5004 2560 5056 sortis
2591 5006 2900 5056 necessitate
2933 5001 3332 5055 maculaverint.
3374 5000 3510 5055 Vide

1933 5097 2120 5151 lnnoc.
2148 5095 2188 5160 Ι,
2205 5095 2363 5163 epist.
2383 5095 2436 5158 2,
2455 5111 2502 5150 c.
2526 5095 2578 5149 6.
2598 5094 2738 5162 Quin
2756 5105 2810 5150 et
2838 5094 3091 5149 Zosimus
3119 5108 3255 5164 papa
3279 5093 3438 5162 epist.
3478 5094 3500 5146 l

1930 5203 2038 5243 non
2067 5188 2228 5242 modo
2253 5187 2597 5256 episcopum,
2643 5195 2736 5242 aut
2762 5189 3051 5243 diaconum
3099 5203 3162 5241 ac
3219 5187 3507 5242 subdiaco-

1930 5294 2080 5344 num,
2113 5278 2206 5334 sed
2242 5293 2311 5332 ne
2341 5277 2596 5333 lectorem
2629 5277 2873 5346 quidem,
2899 5287 2994 5332 aut
3017 5278 3347 5332 exorcistam
3383 5278 3500 5332 ﬁeri

1929 5373 2132 5442 patitur
2161 5387 2310 5436 eum,
2343 5371 2436 5440 qui
2469 5370 2642 5424 viduae
2673 5371 2741 5424 sit
2770 5371 3022 5427 maritus.
3057 5370 3241 5426 lledeo
3264 5371 3331 5426 ad
3364 5372 3504 5442 Apo-

1929 5464 2053 5520 smli
2081 5465 2260 5519 locum
2293 5464 2442 5516 illum
2474 5461 2493 5515 l
2524 5463 2591 5517 ad
2615 5461 2869 5536 Tim.,iu.
2903 5462 3099 5531 Quem,
3129 5465 3206 5518 uti
3232 5465 3366 5531 dixi,
3388 5481 3499 5519 non

1931 5557 2239 5627 negandum
2279 5565 2363 5611 est
2395 5557 2462 5611 ad
2498 5556 2620 5610 illos
2654 5558 2929 5626 pertinere
2966 5574 3188 5628 quoque
3221 5557 3495 5628 digamos.

1928 5652 2022 5722 qui
2066 5650 2347 5720 repudiata
2387 5662 2664 5720 utcunque
2692 5650 2922 5721 conjuge
2950 5666 3118 5706 novas
3163 5653 3382 5721 nuptias
3413 5671 3507 5707 eo—
3536 5658 3543 5665 ‘

1929 5743 2172 5815 pulariut
2205 5762 2218 5798 :
2254 5760 2365 5813 quo
2413 5759 2577 5798 sensu
2625 5743 3052 5816 Chrysostomus
3107 5746 3502 5815 interpretatus

1930 5849 2034 5906 est,
2079 5839 2171 5911 qui
2206 5849 2260 5895 et
2294 5840 2407 5910 ipse
2441 5848 2619 5895 tamen
2651 5840 2876 5897 alterius
2901 5841 3240 5913 digamoruui
3269 5842 3501 5912 generis.
