3832 6220
379 238 520 298 1079

1508 251 1849 308 APPENDIX
1902 255 2533 318 DlSSERTATlONUM.

372 372 426 414 ct
459 362 680 430 quidem
709 377 899 418 eorum
923 407 935 429 ,
985 367 1079 436 qui
1127 377 1249 436 post
1297 368 1538 437 priorum
1573 374 1780 428 obitum
1818 376 1928 430 alia:

2059 378 2322 450 ράκοντα,
2358 383 2450 434 καὶ
2482 381 2684 453 ταύτην
2728 383 2864 452 μετὰ
2895 385 3156 455 ἀκριϐοῦς
3180 385 3538 456 δοκιμασίας.
3575 385 3644 441 De

370 452 692 516 duxissent,
730 455 999 510 meminit.
1034 457 1190 520 Τινὲς
1230 457 1314 522 δὲ,
1348 460 1555 530 inquit,
1592 463 1680 517 ἵνα
1723 467 1786 518 ἐκ
1824 469 1952 537 μιᾶς

369 544 627 611 γυναικὸς
655 541 720 616 ᾖ,
755 548 886 615 φασὶ
914 546 1072 601 τοῦτο
1105 549 1376 621 εἰρῆσθαι.
1419 551 1648 618 Quidam
1694 557 1810 611 ideo
1863 560 1950 613 tli-

369 644 517 688 ctum
565 635 662 690 hoc
693 637 757 690 ab
789 638 1042 707 Apostolo
1072 652 1300 706 censent,
1339 653 1396 696 ut
1437 644 1500 695 ab
1541 661 1649 698 una
1683 664 1847 703 uxore
1879 650 1949 704 sit

367 728 621 785 (ntortua
679 728 888 784 scilicet
921 729 961 800 ).
1006 732 1221 787 Clarius
1252 735 1304 788 in
1342 735 1634 792 Comment.
1667 741 1736 794 ad
1773 740 1949 797 Titum

366 817 516 872 hom.
547 817 603 884 2,
629 819 720 874 ubi
747 836 968 877 causam
1011 823 1153 881 hanc
1176 827 1488 896 apostolicae
1541 831 1838 888 sanctionis
1863 835 1949 888 af-

366 908 478 964 fert
518 929 531 965 :
585 910 644 964 Ὀ
692 911 800 984 γὰρ
850 915 985 986 πρὸς
1020 916 1117 987 τὴν
1150 918 1492 975 ἀπελθοῦσαν
1537 923 1806 995 μηδεμίαν
1847 945 1950 996 φυ-

365 1000 533 1068 λάξας
585 1003 840 1071 εὔνοιαν,
894 1007 1010 1072 πῶς
1063 1010 1130 1065 ἂν
1179 1006 1330 1076 οὗτος
1377 1014 1586 1082 γένοιτο
1636 1021 1947 1090 προστάτης

365 1093 564 1162 καλός;
609 1094 714 1162 Qui
758 1099 1020 1167 defuncta:
1077 1105 1233 1156 uxori
1283 1105 1688 1161 benevolentiam
1740 1111 1944 1165 nullam

363 1201 596 1241 servasse
626 1188 1071 1258 deprehenditur,
1107 1210 1333 1265 quonam
1376 1208 1532 1266 pacto
1564 1201 1648 1252 In'c
1691 1199 1945 1258 Ecclesia:

362 1293 585 1346 prwesse
639 1283 882 1350 poterit?
935 1285 1304 1342 Ἀπελθοῦσαν
1354 1291 1588 1360 appellat
1633 1304 1940 1364 mortuam,

364 1387 472 1425 non
507 1388 653 1438 eam,
686 1391 809 1444 quae
849 1379 1125 1446 repudiata
1149 1381 1392 1438 discessit
1433 1426 1444 1448 ,
1485 1396 1542 1440 ut
1576 1387 1824 1457 imperite
1851 1388 1943 1458 ju-

361 1464 731 1521 risconsultus
765 1470 961 1536 vertit;
1011 1487 1135 1526 nam
1186 1484 1239 1528 et
1280 1477 1422 1545 apud
1473 1477 1938 1551 'l‘heophylactum

359 1554 550 1608 eadem
579 1555 960 1627 Cbrysostomi
988 1562 1154 1618 verba
1190 1563 1263 1619 ita
1293 1567 1595 1622 redduntur
1623 1588 1636 1623 ε
1673 1569 1777 1636 Qui
1801 1574 1941 1626 enim

359 1642 567 1696 nullam
606 1648 832 1701 servavit
879 1645 1289 1707 benevolentiam
1323 1672 1447 1728 erga
1485 1675 1637 1725 eam,
1684 1679 1802 1731 qua:
1848 1665 1939 1717 ob-

2055 487 2122 527 XL
2158 473 2318 528 annis
2342 474 2815 543 idemAgathense
2841 476 3080 531 decrevit
3105 494 3230 531 catt.
3270 477 3356 531 i9.
3394 479 3642 546 lgnatius

2051 566 2212 635 epist.
2247 566 2280 621 9
2310 581 2322 617 :
2369 565 2713 638 Ἀσπάζομαι
2753 569 2852 632 τὰς
2882 571 3155 640 φρουροὺς
3183 570 3295 623 τῶν
3337 572 3512 638 ἁγίων
3553 587 3642 622 1w-

2051 655 2258 721 λώνων,
2295 658 2393 721 τὰς
2439 659 2497 711 ὲν
2535 659 2756 731 Χριστῷ
2782 661 3081 727 διακόνους.
3120 663 3447 733 Epaunense
3479 678 3643 732 porro

2051 764 2174 802 can.
2223 749 2286 804 21
2347 751 2690 807 diaconissas
2736 754 2997 809 sustulit:
3053 751 3380 818 Viduarum,
3425 755 3637 823 inquit,

2050 843 2496 896 consecrationem
2516 883 2530 907 ,
2577 860 2710 914 quas
2737 847 2990 900 diaconus
3021 857 3240 912 vocant,
3273 849 3340 901 ab
3372 849 3521 900 omni
3558 865 3640 900 re-

2048 935 2198 1003 gione
2230 945 2414 988 nostra
2446 935 2652 1003 penitus
2683 936 3027 1007 abrogamus,
3059 939 3228 991 solam
3267 939 3345 992 eis
3376 939 3639 1002 paeniten-

2049 1025 2138 1076 tia:
2164 1022 2575 1078 benedictionem
2596 1063 2611 1090 ,
2646 1026 2692 1079 si
2721 1028 2951 1080 converti
2984 1027 3260 1093 ambiunt,
3291 1028 3636 1097 imponendo.

2048 1113 2161 1169 lmo
2207 1124 2262 1170 et
2313 1116 2681 1171 Laodicenum
2729 1133 2798 1172 ex
2843 1134 2906 1171 ca
2954 1129 3105 1186 parte
3149 1119 3379 1182 saltem,
3421 1128 3482 1172 ut
3512 1119 3638 1173 aliis

2045 1207 2371 1262 mulieribus
2402 1209 2627 1264 minime
2654 1221 2971 1278 praeessent,
3003 1225 3101 1264 nec
3127 1225 3320 1266 earum
3351 1211 3636 1266 docenda-

2044 1313 2166 1354 rum
2194 1315 2395 1355 munus
2424 1311 2780 1370 usurparent,
2808 1312 2869 1357 ut
2897 1301 3142 1359 Zonaras
3169 1312 3224 1358 et
3252 1302 3516 1359 Balsama
3541 1304 3634 1357 de.

2043 1393 2255 1448 clarant
2278 1395 2344 1448 ad
2374 1409 2498 1449 can.
2531 1395 2616 1448 ti.
2651 1395 2824 1464 Cujus
2856 1395 2974 1451 haec
3000 1396 3162 1450 verba
3189 1408 3320 1452 sunt
3349 1414 3362 1448 :
3397 1397 3492 1466 Μὴ
3512 1396 3626 1448 δεῖν

2039 1484 2139 1549 τὰς
2177 1484 2476 1556 λεγομένας
2509 1486 2901 1557 πρεσϐύτιδας,
2938 1489 3057 1560 ἦτοι
3089 1489 3544 1559 προκαθημένας,
3578 1491 3633 1541 ὲν

2053 1577 2352 1651 Ἐκκλησία
2383 1579 2769 1636 καθίστασθαι.
2799 1579 2932 1647 Quae
2964 1581 3034 1636 ita
3060 1593 3216 1638 vetus
3241 1581 3414 1637 editio
3437 1580 3632 1635 Latina

2039 1670 2322 1740 concipit:
2376 1671 2663 1738 Mulieres,
2711 1690 2828 1743 qua:
2872 1675 3013 1733 apud
3055 1672 3267 1728 Graecos
3309 1675 3632 1743 presbytero!

358 1735 444 1797 iit,
465 1745 570 1791 etc.
592 1735 775 1804 Quare
793 1742 1078 1834 posterius
1115 1744 1244 1801 illud
1275 1761 1337 1801 ac
1365 1749 1665 1818 legitimum
1693 1754 1938 1824 digamo—
1969 1749 2011 1805 B
2041 1735 2398 1832 appellantur,
2450 1765 2590 1834 apud
2634 1735 2734 1821 nos
2775 1775 2952 1820 autem
2984 1768 3158 1822 vidua:
3203 1735 3493 1831 seniores:
3511 1767 3632 1824 uni-

358 1843 482 1917 rrnn
537 1844 709 1900 genus
757 1831 826 1888 ab
872 1837 1174 1905 apostolico
1226 1839 1320 1894 illo
1375 1843 1596 1899 decreto
1656 1861 1934 1917 nunquam

355 1916 784 1991 Chrysostomus
827 1927 1080 1984 exclusit.
1137 1929 1290 1988 Unus
1337 1932 1748 2004 Theodoretus,
1787 1916 1938 2010 quod

355 2013 514 2068 valde
541 2017 738 2084 miror,
757 2020 907 2077 solos
931 2022 1309 2095 digamos,qui
1339 2029 1524 2097 plures
1545 2032 1709 2087 simul
1739 2049 1938 2090 uxores

356 2106 650 2178 haberent,
686 2112 756 2166 ah
789 2113 1055 2184 Apostolo
1109 2121 1428 2189 repudiatos
1461 2125 1669 2181 sentire
1698 2126 1933 2182 videtur.

353 2197 411 2254 in
447 2215 555 2268 quo
585 2203 893 2261 audiendus
926 2222 1033 2262 non
1063 2219 1147 2264 est
1171 2252 1184 2276 ,
1227 2217 1510 2284 multoque
1539 2218 1724 2273 minus
1767 2219 1938 2274 haere-

355 2293 470 2359 tici,
520 2295 599 2350 uti
646 2294 785 2352 Beza
819 2301 1133 2371 caeterique,
1178 2306 1271 2374 qui
1306 2307 1359 2360 in
1391 2310 1712 2378 apostolicis
1757 2313 1937 2368 verbis

353 2395 685 2455 praeceptum
717 2391 985 2447 contineri
1013 2404 1246 2463 putant,
1279 2401 1426 2469 quod
1469 2401 1680 2457 nullum
1715 2404 1782 2459 ad
1821 2405 1937 2474 epi-

354 2487 672 2546 scopatum,
703 2481 807 2536 nisi
846 2499 1016 2539 uxore
1057 2487 1220 2543 ducta
1243 2529 1256 2553 ,
1293 2495 1602 2560 promoveri
1633 2497 1929 2567 permittat.

352 2568 509 2634 Quod
537 2571 858 2641 jamdudum
895 2576 1334 2652 TheOpltylactus
1361 2585 1577 2643 refellit.

420 2662 540 2718 Col.
560 2663 738 2722 884C.
752 2669 821 2722 Et
837 2667 904 2721 δὲ
915 2670 1036 2724 εἷεν
1051 2675 1265 2729 ἱκανοί.
1282 2663 1750 2744 Quemadmodum
1769 2702 1799 2742 e
1817 2703 1933 2742 mo--

349 2756 542 2813 nachis
560 2758 788 2830 eligendi
802 2762 910 2817 sint
927 2766 1130 2831 clerici,
1144 2769 1300 2825 docet
1315 2773 1650 2844 Augustinus
1663 2779 1818 2847 epist.
1839 2781 1926 2836 76.

421 2847 554 2905 Ibid.
584 2852 691 2907 Kal
713 2852 1093 2913 διακόνισσαι
1115 2859 1182 2912 δὲ
1205 2864 1611 2925 καθίστανται.
1648 2869 1930 2930 Diaconis-

350 2955 534 2997 sarum
574 2958 731 3000 usum
776 2955 829 3000 et
859 2947 1164 3004 institutum
1190 2953 1409 3009 uberius
1437 2957 1927 3030 Collyridianorum

351 3031 543 3089 han'esi
565 3035 824 3099 declarat,
846 3054 967 3107 quae
991 3050 1074 3095 est
1093 3041 1178 3106 79,
1208 3061 1357 3101 num.
1382 3047 1416 3100 5
1442 3050 1564 3105 etii.
1591 3052 1689 3107 Ubi
1717 3057 1780 3108 ad
1804 3073 1926 3111 ntu—

347 3122 568 3189 lierum,
587 3142 706 3195 quae
729 3127 1093 3197 baptizantur,
1122 3133 1402 3204 obsequia,
1420 3139 1664 3212 aliasque
1688 3145 1737 3198 id
1759 3163 1928 3215 genus

346 3213 656 3269 functiones
702 3216 887 3285 deligi,
938 3219 1101 3290 idque
1157 3239 1187 3276 e
1233 3226 1518 3282 viduarum
1579 3213 1924 3300 potissimum

347 3306 562 3370 ordine,
588 3307 799 3392 scribit.
824 3307 978 3366 Unde
999 3323 1054 3367 et
1081 3315 1252 3370 vidua:
1287 3327 1340 3373 et
1374 3321 1698 3393 presbylides
1742 3329 1926 3397 appel-

347 3398 552 3453 Lntur.
586 3397 700 3454 Hoc
723 3417 852 3458 vero
881 3404 1003 3458 loco
1052 3421 1158 3461 non
1193 3409 1368 3464 solum
1402 3414 1616 3478 viduas,
1643 3417 1735 3472 sed
1761 3421 1926 3474 etiam

345 3504 645 3562 perpetuas
677 3496 798 3565 capi
830 3497 1072 3567 virgines
1102 3501 1390 3571 signiﬁcat.
1430 3505 1674 3565 Zonaras
1717 3520 1770 3566 et
1801 3511 1926 3567 Bal-

344 3598 500 3636 samo
524 3584 830 3641 Comment.
856 3589 923 3643 ad
958 3605 1082 3644 can.
1112 3593 1179 3646 19
1213 3591 1445 3651 Nicasnaz
1468 3602 1924 3674 synodi,virgines

343 3674 616 3743 pt'aaciptte
659 3676 897 3733 delectas
941 3695 1062 3736 esse
1104 3683 1346 3739 docent:
1395 3689 1665 3759 Παρθένοι
1710 3694 1926 3765 (inquit

344 3765 618 3837 Zonaras)
660 3767 720 3821 τὸ
753 3769 982 3825 παλαιὸν
1012 3777 1351 3846 προσήγοντο
1387 3779 1465 3850 τῷ
1499 3782 1619 3854 Θεῷ
1673 3786 1922 3853 ἁγνεύειν

339 3856 722 3926 δμολογοῦσαι,
756 3859 822 3924 ἃς
866 3863 916 3914 οἱ
966 3864 1254 3920 ἐπίσκοποι
1305 3869 1588 3941 καθιέρονν
1642 3879 1783 3933 κατὰ
1831 3881 1920 3934 τὸν

342 3951 396 4011 ς’
439 3948 640 4004 κανόνα
672 3951 771 4022 τῆς
808 3953 866 4004 ὲν
901 3954 1232 4032 Καρθαγένῃ
1271 3962 1486 4015 συνόδου
1507 4004 1520 4027 ,
1553 3967 1644 4019 καὶ
1673 3968 1774 4039 τῆς
1803 3971 1921 4024 τού-

338 4056 447 4092 των
479 4040 796 4112 ἐφρόντιζον
845 4044 1091 4117 φυλακῆς
1140 4050 1282 4104 κατὰ
1329 4053 1418 4105 τὸν
1467 4056 1547 4126 μδ⁹
1590 4061 1790 4114 κανόνα
1821 4063 1920 4134 τῆς

337 4130 510 4200 αὐτῆς
544 4131 760 4184 συνόδου
782 4148 796 4162 ·
839 4132 898 4196 ἐξ
936 4127 1010 4188 ὧν
1037 4137 1101 4208 δὴ
1145 4139 1429 4209 παρθένων
1460 4146 1554 4198 καὶ
1581 4127 1917 4205 διακόνισσαι

336 4225 771 4296 ἐχειροτονοῦντο
826 4227 966 4280 κατὰ
1009 4229 1100 4281 τὸν
1155 4233 1344 4302 καιρὸν
1401 4235 1492 4288 τὸν
1540 4242 1912 4310 προσήκοντα,

336 4320 505 4388 ἤγουν
553 4320 640 4372 ὅτε
682 4320 818 4374 ἑτῶν
852 4322 1102 4389 ἐγένοντο
1145 4333 1226 4395 μ’·
1261 4329 1317 4380 αἱ
1354 4328 1411 4381 δὲ
1453 4331 1697 4388 τοιαῦται
1739 4337 1831 4389 καί
1864 4355 1915 4390 τι

2040 1857 2169 1911 υἱνω
2205 1868 2252 1910 et
2279 1856 2668 1912 matricttlaria:
2720 1861 3086 1922 nominantur,
3118 1859 3172 1912 in
3209 1857 3477 1922 Ecclesia,
3519 1869 3632 1910 tan-

2038 1965 2195 2018 quam
2234 1950 2532 2016 ordinatas,
2568 1952 2818 2004 constitui
2872 1968 2974 2004 non
3000 1951 3204 2005 debere.
3238 1951 3316 2006 De
3349 1951 3631 2005 diaconis-

2038 2044 2114 2097 sis
2153 2052 2389 2112 nugatur
2432 2043 2888 2100 Pseudodiataxis
2918 2045 3096 2101 Clem.
3130 2045 3228 2100 lib.
3262 2062 3330 2107 tt,
3361 2061 3490 2114 cap.
3533 2045 3626 2108 26,

2039 2132 2130 2186 ubi
2175 2133 2474 2202 episcopum
2511 2133 2605 2188 Dei
2656 2135 2830 2191 Patris
2867 2136 3044 2191 instar
3069 2152 3192 2191 esse
3222 2137 3392 2199 dicit,
3437 2138 3629 2190 diaco-

2037 2241 2164 2277 num
2209 2224 2412 2280 Christi
2479 2224 2730 2292 Domini,
2781 2228 3142 2282 diaconissam
3197 2244 3329 2283 vero
3384 2229 3627 2298 Spiritus

2037 2317 2233 2370 sancti.
2285 2316 2523 2371 Proinde
2558 2318 2636 2370 uti
2667 2317 2903 2386 Spiritus
2933 2329 3158 2375 sanctus
3203 2321 3342 2374 nihil
3373 2337 3402 2374 a
3442 2323 3627 2390 seipse

2032 2408 2166 2462 dicit
2228 2407 2442 2471 facitve,
2497 2409 2635 2462 ἀλλὰ
2667 2408 2904 2474 δοξάζων
2937 2411 3028 2464 τὸν
3069 2413 3305 2482 Χριστὸν
3337 2418 3626 2486 περιμένει

2033 2500 2094 2553 τὸ
2141 2500 2351 2554 ἐκείνου
2385 2501 2597 2572 θέλημα
2621 2543 2635 2567 ,
2669 2502 2743 2556 ita
2781 2503 3109 2559 diaconissze
3154 2505 3294 2558 nihil
3329 2507 3453 2560 sine
3496 2508 3623 2560 dia-

2033 2610 2174 2650 cono
2199 2595 2398 2650 debent
2427 2597 2727 2666 suscipere.
2761 2595 2892 2662 Quae
2923 2606 3054 2651 sunt
3082 2593 3338 2667 γραὼδη,
3370 2609 3425 2653 et
3453 2601 3628 2655 haere-

2033 2688 2138 2743 sim
2169 2699 2428 2756 praeterea
2457 2686 2563 2740 τῶν
2600 2687 3080 2756 Πνευματομάχων
3110 2687 3376 2742 redolent.

2102 2779 2222 2836 Col.
2241 2780 2346 2835 885
2367 2781 2431 2833 A.
2451 2777 2571 2835 ΕΜ
2593 2780 2741 2848 ἑξῆς
2756 2781 2983 2834 τούτων
3009 2780 3381 2848 ἐπορκισταί.
3410 2779 3620 2835 Horum

2031 2875 2275 2930 omnium
2293 2884 2346 2928 et
2369 2873 2785 2944 prmeedentinm
2809 2873 3060 2926 ordinum
3083 2873 3271 2927 crebra
3290 2882 3374 2927 est
3395 2872 3450 2926 in
3473 2882 3622 2926 vete-

2031 2970 2182 3024 ribus
2206 2968 2430 3039 synodis
2453 2977 2507 3022 et
2529 2967 2671 3036 apud
2696 2967 2950 3035 antiquos
2974 2965 3161 3020 Patres
3187 2966 3410 3020 mentio.
3431 2964 3488 3018 in
3506 2966 3622 3034 pri-

2031 3063 2135 3116 mis
2147 3060 2407 3130 Carthag.
2427 3075 2479 3114 tv
2497 3058 2741 3130 singulos
2765 3059 2962 3128 gradus
2979 3057 3391 3112 accuratissime
3408 3057 3620 3111 descri-

2033 3151 2130 3214 bit,
2155 3159 2333 3218 etquo
2357 3149 2589 3218 quisque
2611 3150 2718 3202 ritu
2740 3149 2811 3204 sit
2837 3148 3138 3201 initiandus
3164 3147 3425 3202 declarat.
3455 3146 3617 3215 Apud

2035 3243 2300 3312 lguatium
2333 3256 2457 3295 cum
2493 3242 2544 3294 in
2579 3239 2704 3295 aliis
2729 3239 3009 3309 epistolis,
3041 3247 3156 3293 tum
3186 3238 3238 3292 in
3257 3243 3613 3310 postrema9,

2031 3345 2226 3405 printer
2253 3339 2491 3404 majores
2521 3333 2645 3388 illos
2674 3340 3175 3387 commemorantur
3212 3328 3609 3397 Ἀναγνῶσται,

2029 3427 2262 3493 metm,
2309 3426 2590 3498 Πυλωροὶ,
2638 3427 2687 3478 οἱ
2733 3425 3071 3489 Κοπιῶντες,
3107 3423 3480 3494 Ἐπορκισταὶ.
3534 3421 3611 3475 De

2027 3521 2228 3591 quibus
2247 3519 2503 3574 omnibus
2523 3518 2761 3572 Annales
2791 3516 3049 3571 Ecclesiae
3077 3517 3322 3571 consule.

2097 3611 2232 3666 ibid.
2254 3610 2313 3664 Β.
2335 3609 2632 3674 Συνάξεις
2656 3608 2725 3661 δὲ
2740 3610 3210 3677 ἐπιτελούμεναι.
3236 3606 3469 3677 Synaxis
3491 3621 3612 3675 pro-

2025 3702 2143 3772 prie.
2168 3715 2355 3757 sacros
2377 3710 2702 3767 conventus,
2731 3709 2782 3755 ct
2814 3701 2959 3769 quod
2992 3701 3045 3752 in
3071 3699 3178 3754 illis
3199 3716 3228 3752 a
3254 3699 3501 3753 ﬁdelibus
3517 3713 3606 3752 ce-

2024 3795 2286 3860 lebratur,
2303 3793 2545 3848 divinum
2566 3793 2798 3849 olIicium
2821 3791 3122 3862 signiticet;
3142 3791 3287 3860 quod
3321 3805 3605 3845 sacrarum

2024 3887 2356 3942 Litterarum
2383 3887 2693 3950 lectionem,
2723 3884 3106 3953 psalmodiam,
3141 3894 3457 3947 tractatum,
3490 3886 3606 3937 sive

2023 3994 2330 4035 sermonem
2377 3979 2444 4034 ad
2495 3978 2784 4048 populum,
2836 3992 2900 4032 ac
2927 3976 3170 4040 demum,
3205 3976 3297 4030 ubi
3331 3992 3471 4045 opus
3498 3983 3604 4040 est,

2022 4073 2334 4126 divinorum
2384 4069 2767 4140 mysteriorum
2819 4069 3246 4123 celebrationem
3292 4066 3607 4137 complecti-

2021 4175 2132 4227 tur,
2183 4166 2258 4218 uti
2319 4163 2524 4216 Fronto
2575 4161 2806 4217 Ducaeus
2856 4170 3042 4216 noster
3101 4160 3169 4214 ad
3224 4159 3603 4231 Cltrysostomi

2022 4267 2160 4310 orat.
2202 4256 2236 4309 2
2263 4256 2316 4308 in
2356 4253 2574 4309 Judazos
2609 4254 2910 4308 adnotavit.
2945 4251 3351 4322 Nonnunquam
3395 4263 3600 4316 tamen,

2019 4359 2082 4404 ut
2114 4350 2257 4419 apud
2291 4347 2632 4419 Dionysium,
2668 4347 2968 4416 praesertim
3002 4347 3142 4400 libro
3175 4344 3253 4400 De
3278 4345 3464 4398 eccles.
3490 4345 3602 4396 hie-

337 4413 522 4482 σχῆμα
557 4413 830 4468 ἐνεδύοντο
860 4417 1010 4486 παρὰ
1034 4418 1142 4470 τῶν
1173 4420 1484 4475 ἐπισκόπων
1517 4426 1574 4478 ἐν
1599 4425 1676 4496 τῷ
1711 4436 1786 4481 κε’
1811 4431 1915 4482 ἐνι-

2029 4456 2289 4512 rar.,cap.
2320 4441 2374 4506 5,
2399 4454 2499 4510 pro
2529 4438 2646 4508 ipsa
2677 4438 3084 4499 communione,
3108 4437 3192 4490 vel
3221 4438 3404 4490 missa:
3431 4436 3604 4488 sacri-

335 4504 486 4576 αυτῷ
517 4506 620 4578 τῆς
647 4507 862 4577 ἡλικίας
897 4510 1097 4566 αὐτῶν.
1133 4510 1505 4572 Tertullianus
1538 4533 1670 4572 vero
1701 4521 1797 4578 lib.
1844 4523 1916 4578 De

334 4594 574 4649 vetandis
608 4598 800 4667 virgin.
829 4615 948 4669 cap.
979 4602 1032 4665 9,
1053 4601 1244 4658 viduas
1275 4605 1341 4658 ad
1369 4607 1638 4676 ejusmodi
1665 4612 1914 4669 ministe-

334 4686 416 4738 ria
442 4688 771 4743 constitutas
802 4689 972 4746 luisse
1004 4707 1070 4746 ex
1099 4695 1345 4763 Apostoli
1373 4701 1700 4757 auctoritate
1741 4705 1914 4774 signi-

332 4775 483 4842 ticat,
516 4789 572 4832 et
619 4781 869 4849 queritur
915 4783 983 4836 ab
1009 4785 1268 4855 episcopo
1303 4791 1541 4857 quodam
1578 4794 1775 4850 alicubi
1808 4801 1914 4853 vir-

334 4872 508 4939 ginem
549 4873 604 4926 in
644 4874 864 4928 viduata
895 4876 960 4928 ab
989 4881 1144 4933 annis
1176 4882 1409 4935 nondum
1455 4886 1641 4955 viginti
1683 4891 1914 4946 colloca-

336 4971 465 5019 tam.
493 4964 926 5038 Carthaginense
958 4987 1030 5035 IV,
1058 4988 1177 5042 cap.
1204 4974 1288 5039 12,
1314 4976 1380 5031 de
1412 4979 1603 5033 harum
1635 4982 1809 5038 ollieio
1842 4986 1914 5040 ita

333 5056 579 5127 loquitur
615 5079 628 5116 :
688 5059 870 5117 Vidua:
892 5103 905 5127 ,
955 5066 1031 5118 vel
1061 5070 1493 5125 sanctimoniales
1514 5114 1528 5135 ,
1561 5091 1679 5144 qua:
1709 5078 1778 5130 ad
1819 5080 1915 5132 mi-

334 5151 612 5205 nisterium
643 5153 1090 5222 baptizandarum
1133 5161 1412 5218 mulierum
1459 5165 1759 5237 eligantur,
1802 5183 1912 5225 tam

334 5241 610 5297 instructa:
636 5245 740 5298 sint
775 5246 844 5299 ad
901 5249 1159 5318 ofﬁcium,
1200 5264 1258 5306 ut
1286 5257 1491 5323 possint
1529 5270 1650 5328 apto
1688 5272 1736 5314 et
1778 5280 1911 5318 sano

334 5349 571 5388 sermone
599 5336 785 5392 docere
816 5341 1090 5409 imperitas
1138 5354 1189 5398 et
1236 5349 1464 5402 rusticas
1496 5353 1744 5408 mulieres
1785 5366 1915 5410 tem.

345 5440 474 5491 pore
495 5443 594 5494 quo
627 5429 959 5497 baptizandw
981 5446 1120 5502 sunt,
1146 5440 1378 5507 qualiter
1413 5445 1736 5512 baptizatori
1758 5450 1916 5502 inter-

334 5526 533 5584 rogata.-
589 5523 960 5589 respondeant,
993 5535 1043 5582 et
1073 5529 1302 5600 qualiter
1335 5543 1546 5604 accepto
1595 5537 1911 5606 baptismate

333 5606 528 5663 vivant.
566 5609 870 5670 Concilium
915 5619 1359 5679 Chalcedonense
1399 5642 1523 5681 can.
1576 5630 1641 5683 15
1673 5649 1686 5685 :
1723 5633 1912 5686 Διακό-

333 5715 524 5758 νισσαν
559 5703 633 5776 μὴ
671 5713 1086 5778 χειροτονεῖσθαι
1114 5720 1345 5785 γυναῖκα
1393 5721 1498 5792 πρὸ
1545 5723 1679 5777 ἐτῶν
1722 5743 1912 5780 τεσσα-

2019 4534 2144 4588 licio
2169 4533 2426 4588 sumitur.
2454 4530 2590 4586 Nam
2626 4531 2698 4585 ibi
2732 4546 2955 4585 causam
2993 4530 3242 4599 inquirit,
3275 4545 3378 4584 cur
3413 4547 3603 4582 κοινω-

2017 4626 2137 4688 νίας
2167 4633 2221 4679 et
2270 4624 2545 4690 συνάξεως
2589 4624 2880 4694 appellatio
2929 4625 3112 4679 divino
3150 4625 3226 4677 illi
3274 4624 3603 4695 augustissi-

2017 4732 2218 4785 moque
2241 4724 2602 4780 sacramento,
2639 4731 2800 4784 quam
2833 4714 3056 4785 τελετὴν
3073 4713 3302 4766 τελετῶν
3333 4715 3598 4775 nominat,

2017 4812 2288 4880 pratcipue
2319 4809 2607 4872 tribuatur,
2640 4823 2764 4861 cum
2817 4817 3136 4862 caeterorum
3169 4822 3231 4860 ea
3265 4823 3487 4875 quoque
3521 4807 3601 4859 vis

2017 4902 2108 4963 sit,
2154 4910 2214 4953 ut
2255 4898 2514 4970 μεριστάς
2538 4898 2697 4968 ἡμῶν
2721 4897 2866 4962 ζωὰς
2903 4900 2982 4961 εἰς
3011 4898 3217 4967 ὲνοειδῆ
3248 4897 3444 4950 θέωσιν
3476 4915 3599 4949 συν-

2015 4993 2195 5060 άγειν,
2243 4992 2347 5045 hoc
2377 4999 2481 5055 est,
2519 4990 2841 5046 consociare
2873 4990 3110 5061 possint.
3139 4989 3370 5057 Proprie
3394 4999 3594 5048 tamen.

2019 5095 2078 5139 ut
2116 5100 2216 5140 nos
2257 5084 2521 5147 diximus,
2547 5083 2767 5150 σύναξις
2811 5093 3143 5138 conventum
3175 5098 3397 5137 sacrum
3427 5092 3482 5136 et
3510 5084 3594 5134 di-

2014 5177 2224 5240 vinum,
2271 5176 2419 5245 quod
2466 5176 2518 5230 in
2564 5191 2630 5230 eo
2665 5177 2964 5248 peragitur,
3001 5175 3238 5232 cilicium
3291 5185 3473 5230 sonat.
3507 5173 3597 5228 Sic

2015 5268 2352 5338 Epiphanius
2401 5268 2454 5322 in
2492 5269 2685 5324 haeres.
2715 5268 2952 5339 69,qu2e
2991 5278 3076 5324 est
3105 5270 3592 5334 Ariomanitarum,

2013 5362 2080 5414 de
2101 5361 2232 5414 Ario
2261 5362 2583 5430 ueterisque
2615 5364 2949 5433 presbyteris
2995 5379 3091 5432 per
3146 5363 3383 5417 urbanas
3417 5362 3591 5416 eccle-

2015 5451 2126 5505 sias
2153 5451 2494 5506 Alexandria:
2519 5452 2826 5506 distributis
2861 5453 3154 5516 ;⁹⁷Εκαστος
3183 5453 3241 5506 δὲ
3270 5453 3476 5506 τούτων
3502 5453 3594 5522 δῆ-

2013 5543 2103 5597 λον
2126 5543 2266 5597 κατὰ
2292 5543 2389 5615 τὴν
2417 5544 2732 5616 εἰθισμένην
2755 5546 2971 5611 σύναξιν
2996 5546 3088 5599 τὸν
3114 5546 3266 5617 αὐτῷ
3295 5563 3591 5599 πεπιστευ-

2017 5635 2177 5705 μένον
2218 5634 2344 5688 λαὸν
2379 5634 2643 5689 διδάσκων
2689 5639 2746 5690 ὲν
2792 5639 2907 5700 ταῖς
2949 5637 3266 5708 ἑξηγήσεσι,
3304 5649 3412 5693 etc.
3443 5637 3591 5691 Hanc

2013 5727 2192 5785 Latini
2225 5729 2516 5800 collectam,
2544 5732 2625 5789 vel
2651 5731 2887 5801 missam,
2917 5740 2977 5788 ut
2999 5731 3145 5788 idem
3173 5730 3378 5790 Fronto
3405 5739 3591 5790 nocte!
