3832 6220
198 297 335 355 1081

972 294 1060 350 DE
1099 294 1489 353 VETERIBUS
1525 293 1927 362 QUIBUSDAM
1963 294 2318 354 ECCLESIAL’
2355 295 2649 353 RlTlBUS.

3312 288 3451 348 1082

197 386 476 469 observat.
522 411 792 479 appellare
835 418 1257 465 consueverunt.
1297 409 1369 464 At
1413 411 1771 465 Casaubonus
1800 414 1847 470 Α
1874 412 2067 468 axibus
2094 410 2438 467 Dominicum
2467 425 2667 481 corpus
2686 416 2779 463 aut
2818 407 3166 470 oﬁ‘erebatur,
3198 414 3293 467 aut
3314 386 3350 460 ia
3381 407 3449 460 tl-

197 496 437 552 Exercit.
474 494 562 557 l6,
594 511 649 548 n.
676 493 765 559 42,
794 494 925 548 ιΙιιιη
958 493 1291 551 Parisiensis
1330 495 1585 550 editionis
1612 503 1773 550 notas

195 589 255 642 in
306 586 759 658 Chrysostomum
799 585 1099 656 redarguit,
1153 586 1504 653 castigandus
1553 596 1608 641 et
1659 588 1774 657 ipse

195 680 376 745 venit;
427 693 552 734 nam
601 677 859 747 pleraque
904 679 1202 734 oscitanter
1246 679 1444 750 attigit.
1496 678 1774 749 Inprimis

192 771 623 843 Chrysostomus
654 769 837 824 ﬁdeles
865 770 1186 838 adhortans,
1220 780 1280 827 ut
1322 787 1422 843 pro
1452 787 1510 827 se
1542 772 1775 841 quisque

196 864 487 933 captandis
517 878 581 917 ac
606 861 1012 918 lucrifaciendis
1040 864 1307 934 proximis
1355 864 1658 927 incumbat,
1688 864 1774 919 his

195 955 385 1009 verbis
427 954 726 1024 alloquitur
757 972 772 1008 :
808 953 873 1006 Τί
910 953 1053 1025 μέγα
1086 954 1223 1008 αἰτῶ
1257 956 1387 1025 παρ’
1419 954 1596 1025 ὑμῶν,
1638 955 1776 1023 ἁγα-

195 1045 366 1115 πητοε
385 1063 401 1111 ;
423 1044 696 1108 ’Ἕκαστος
727 1043 882 1114 ὑμῶν
909 1044 1005 1098 ενα
1039 1062 1129 1116 μοι
1155 1044 1263 1099 τῶν
1290 1044 1532 1114 ἀδελφῶν
1561 1045 1774 1097 ἀνασω-

199 1140 383 1201 σάτω,
435 1136 921 1209 περιεργασάσθω,
981 1134 1599 1208 πολυπραγμονησάσθω
1629 1151 1642 1165 ο
1689 1135 1776 1188 ἵνα

194 1229 281 1290 εἰς
321 1227 422 1298 τὴν
459 1225 718 1279 ἐπιοῦσαν
762 1224 981 1290 σύναξιν
1033 1224 1170 1295 μετὰ
1220 1224 1419 1295 πολλῆς
1463 1224 1775 1295 παρρησίας

193 1318 627 1389 ἀπαντήσωμεν,
667 1315 815 1388 δῶρα
843 1315 920 1387 τῷ
946 1314 1066 1385 Θεῷ
1093 1314 1431 1386 κομίζοντες,
1460 1313 1608 1386 δῶρα
1638 1314 1784 1392 πάντ

194 1426 311 1463 των
332 1408 650 1480 τιμιώτερα,
672 1406 772 1472 τὰς
808 1407 984 1479 ψυχὰς
1004 1407 1114 1461 τῶν
1136 1407 1563 1478 πεπλανημένων
1609 1407 1776 1460 ὲπαν-

192 1501 519 1570 αγαγόντες.
553 1498 652 1556 Hic
675 1500 937 1556 Erasmus
963 1500 1125 1554 verba
1153 1499 1245 1554 illa
1274 1500 1353 1563 εἰς
1383 1498 1481 1570 τὴν
1516 1497 1775 1553 ἐπιοῦσαν

195 1593 423 1659 σύναξιν
452 1601 706 1659 verterat,
729 1593 785 1645 in
809 1592 1044 1646 crastina
1071 1592 1454 1647 communione.
1475 1590 1632 1658 Quod
1663 1606 1776 1647 me-

194 1686 312 1740 rito
342 1684 733 1755 reprehensum
780 1697 812 1738 a
849 1681 1126 1739 Frontone
1165 1690 1374 1747 nostro,
1397 1698 1605 1755 proque
1631 1698 1775 1737 com-

1874 501 2085 558 delibus
2118 502 2501 572 usurpabatur.
2523 499 2683 566 Quod
2707 516 2774 554 ex
2800 497 3024 553 Socrate
3048 498 3304 567 primum,
3327 496 3450 552 loco

1875 594 1987 660 illo,
2021 608 2181 662 quem
2213 592 2374 662 paulo
2398 599 2524 645 ante
2553 590 2865 655 citavimus,
2897 586 3235 657 intelligitur,
3267 586 3358 641 ubi
3380 588 3446 658 τῇ

1873 680 2092 757 τετράδι
2147 686 2241 740 καὶ
2297 665 2621 756 παρασκεὶιῇ
2681 696 2913 753 synaxes
2954 680 3293 735 Alexandriae
3330 678 3445 734 ﬁeri

1876 778 2085 842 scribit,
2118 776 2242 847 δίχα
2270 776 2370 847 τῆς
2398 776 2505 829 τῶν
2537 773 2850 845 μυστηρίων
2886 772 3130 841 τελετῆς.

1947 869 2086 925 Tum
2110 868 2362 924 universe
2383 868 2449 922 de
2467 865 2837 922 Orientalibus
2860 879 2924 920 ac
2946 863 3149 919 Graecis
3178 861 3251 916 ita
3270 868 3451 931 potest

1876 960 2091 1017 conﬁci.
2132 960 2347 1015 Etenim
2378 973 2475 1028 per
2500 958 2774 1013 solemnes
2809 954 3143 1025 jejuniorttm
3172 955 3290 1009 dies
3328 969 3447 1024 my-

1877 1052 2042 1108 steria
2074 1050 2237 1105 'nulla
2282 1058 2337 1105 et
2385 1048 2654 1104 sacriﬁcia
2684 1048 3111 1118 peragebantur,
3144 1060 3321 1115 neque
3350 1060 3451 1114 pu-

1876 1142 2015 1197 blice
2039 1157 2107 1199 ac
2134 1142 2373 1212 legitime
2402 1139 2882 1194 communicabant
2902 1137 3087 1194 ﬁdeles
3114 1155 3128 1192 :
3157 1152 3282 1192 nam
3310 1136 3451 1192 Lao-

1876 1235 2131 1290 dicenum
2161 1233 2458 1289 concilium
2481 1246 2692 1286 canone
2719 1231 2789 1286 49
2823 1239 2970 1285 vetat
2993 1228 3449 1299 quadragesima“

1879 1329 2118 1390 tempore
2168 1336 2362 1390 panem
2414 1320 2644 1384 oti‘erre,
2707 1330 3060 1389 praeterquam
3108 1320 3161 1373 in
3213 1319 3451 1374 Sabbato

1877 1422 2040 1482 atque
2067 1410 2348 1466 Dominica
2382 1428 2397 1466 :
2427 1411 2550 1464 Ὀτι
2570 1410 2631 1463 οὐ
2657 1409 2739 1463 δεῖ
2763 1413 2831 1482 τῇ
2854 1413 3262 1482 τεσσαρακοστῇ
3289 1411 3452 1481 ἄρτον

1877 1502 2227 1574 προσφέρειν,
2268 1502 2317 1555 εἰ
2346 1500 2422 1573 μὴ
2451 1503 2509 1555 ὲν
2540 1499 2802 1570 Σαϐϐάτῳ
2840 1499 2935 1553 καὶ
2972 1501 3229 1571 Κυριακῇ
3269 1499 3447 1569 μόνον.

1877 1593 2050 1661 Quem
2080 1608 2343 1649 canonem
2369 1593 2614 1663 plerique
2643 1607 2752 1647 non
2786 1604 2933 1647 recte
2962 1591 3030 1646 de
3060 1592 3311 1661 eu|0giis,
3336 1591 3451 1647 sive

1880 1679 2201 1740 fermentato
2224 1698 2361 1754 pane
2383 1683 2722 1754 interpretati
2748 1691 2914 1750 sunt;
2947 1682 3015 1738 de
3038 1697 3147 1752 quo
3175 1683 3284 1753 agit
3308 1682 3451 1738 idem

194 1747 468 1831 munionis
496 1775 760 1831 vocabulo
802 1776 1096 1830 constituta
1139 1791 1246 1831 vox
1291 1747 1546 1831 collectis.
1580 1776 1778 1845 Displi-
1804 1747 1850 1804 Β
1880 1776 2101 1832 Laodic.
2127 1747 2253 1832 cati.
2295 1776 2383 1842 li,
2422 1782 2478 1830 et
2515 1747 2858 1830 Innocentius
2886 1747 2929 1842 ι,
2975 1747 3136 1844 epist.
3169 1747 3366 1844 t,'cap.
3393 1774 3447 1830 5.

195 1870 317 1923 cuit
345 1870 459 1923 hare
470 1866 776 1923 emendatio
788 1866 1136 1932 Casaubono,
1152 1867 1244 1936 qui
1262 1882 1386 1922 cum
1400 1865 1630 1923 Erasmo
1652 1867 1779 1921 σύν-

196 1957 327 2022 αξιν
352 1958 463 2011 illic
491 1956 930 2011 communionem
959 1970 1080 2012 esse
1104 1954 1369 2021 defendit,
1393 1971 1459 2011 eo
1488 1956 1659 2013 fretus
1689 1973 1778 2012 ar-

196 2056 485 2117 gumento,
519 2046 665 2116 quod
693 2046 964 2100 donorum
1008 2046 1233 2112 oblatio,
1260 2046 1328 2102 de
1366 2047 1567 2117 quibus
1598 2047 1774 2118 loqui-

195 2148 299 2193 tur
325 2139 772 2210 Chrysostomus,
797 2136 1195 2193 Eucharistiam
1221 2140 1484 2209 designet.
1509 2140 1613 2196 Sed
1638 2141 1776 2196 mira

194 2240 287 2286 est
313 2230 487 2285 critici
521 2228 668 2285 illius
700 2227 997 2301 ἀπροσεξία
1016 2244 1032 2260 ο
1063 2244 1189 2283 nam
1216 2228 1365 2301 δῶρα
1388 2231 1493 2286 ista
1517 2246 1623 2286 non
1650 2241 1778 2288 sunt

198 2323 366 2393 patris
395 2333 448 2377 et
472 2322 684 2389 vinum,
719 2337 841 2391 qua:
869 2322 935 2377 ad
983 2321 1384 2376 Eucharistiam
1420 2323 1773 2387 adhibentur,

196 2425 303 2471 aut
332 2414 672 2470 Eucharistia
707 2414 844 2484 ipsa,
869 2414 963 2469 sed
992 2414 1248 2469 nimirum
1285 2415 1515 2469 fratrum
1538 2423 1592 2469 et
1612 2415 1776 2469 Chri-

196 2512 507 2565 stianorum
528 2510 743 2572 animae,
779 2508 977 2578 quibus
1000 2508 1067 2563 ad
1108 2509 1334 2581 synaxin
1367 2508 1697 2564 adducendis
1722 2516 1777 2563 et

202 2602 600 2657 conservandis
618 2610 678 2655 ut
693 2601 964 2665 studeant,
979 2601 1253 2656 auditores
1270 2617 1398 2657 suos
1416 2601 1765 2657 admonebat.

273 2693 567 2749 Proximus
597 2703 679 2749 est
700 2693 987 2763 Epiphanii
1017 2693 1107 2747 ille
1135 2694 1249 2763 ipse
1276 2693 1452 2758 locus,
1480 2708 1640 2762 quem
1664 2708 1776 2763 pra:

199 2785 462 2838 manibus
490 2783 752 2837 habemus
779 2800 792 2837 :
818 2783 871 2837 in
897 2796 1006 2852 quo
1031 2794 1264 2853 synaxes
1287 2782 1364 2837 ait
1388 2797 1451 2837 ex
1478 2782 1775 2852 apostolica

195 2876 498 2931 traditione
546 2875 600 2929 in
645 2874 833 2929 feriam
877 2883 1151 2944 quartam,
1196 2883 1250 2930 et
1294 2873 1671 2940 Parascevem,
1712 2887 1777 2928 ac

198 2968 543 3023 Dominicam
588 2969 847 3025 incidere.
873 2967 975 3022 Hic
999 2977 1167 3038 potest
1189 2969 1425 3023 dubitari
1449 2969 1779 3040 (Casauboni

1875 1870 2051 1938 Atque
2076 1868 2219 1923 hunc
2245 1867 2453 1923 idcirco
2482 1873 2677 1937 putant
2707 1864 2893 1920 oﬁ‘erri
2922 1880 3017 1935 per
3048 1865 3172 1920 illos
3205 1865 3322 1921 dies
3348 1866 3453 1920 mi-

1877 1960 2023 2016 nime
2048 1959 2293 2024 licuisse,
2325 1973 2395 2014 ne
2420 1974 2484 2014 ea
2517 1957 2765 2013 solvendi
2785 1958 2983 2029 jejunii
3008 1967 3156 2014 esset
3186 1958 3407 2014 occasio
3434 1974 3449 2013 :

1876 2054 2035 2123 cujus
2075 2052 2389 2109 lalsissimae
2434 2051 2899 2121 interpretationis
2926 2060 3179 2108 auctores
3219 2051 3302 2106 vis
3334 2051 3449 2120 ipsa

1875 2144 2025 2201 verbi
2051 2143 2384 2217 προσφέρειν
2417 2158 2482 2198 ac
2515 2152 2758 2212 potestas
2785 2140 3002 2207 refellit,
3032 2157 3156 2211 quat
3188 2141 3256 2196 de
3277 2141 3452 2196 sacri-

1877 2235 2002 2292 ﬁcio
2023 2244 2078 2292 et
2105 2235 2378 2290 oblatione
2403 2234 2544 2289 solet
2565 2233 2757 2303 accipi,
2785 2242 2842 2287 ut
2880 2232 2935 2286 in
2969 2230 3192 2287 Nicasno
3215 2248 3336 2287 can.
3359 2230 3447 2287 l8.

1878 2328 1973 2383 Est
2011 2326 2176 2397 igitur
2205 2324 2535 2397 προσφέρειν
2575 2325 2762 2396 ἄρτον,
2806 2338 3005 2393 panem
3038 2324 3215 2392 ipsum
3250 2338 3451 2392 repre-

1878 2426 2116 2483 sentare,
2143 2430 2209 2470 ex
2233 2430 2341 2485 quo
2362 2414 2570 2470 Christi
2600 2429 2803 2484 corpus
2835 2415 3249 2469 consecratione
3277 2414 3450 2468 ﬁeret.

1877 2507 2034 2575 Quod
2061 2508 2259 2580 partim
2291 2522 2322 2561 a
2352 2505 2731 2562 sacerdotibus
2761 2505 2895 2575 ipsis
2926 2506 2980 2559 in
3011 2520 3292 2561 sacrorum
3328 2504 3452 2560 fur.-

1878 2603 2057 2657 ctione
2092 2617 2157 2656 ac
2192 2601 2383 2672 τελετῇ
2412 2599 2639 2670 geritur,
2667 2599 2866 2669 partim
2904 2608 3029 2654 ante
3062 2600 3447 2671 mysteriorum

1878 2694 2298 2750 celebrationem
2335 2708 2365 2747 a
2398 2692 2672 2747 ﬁdelibus.
2715 2690 2887 2745 Nemo
2918 2691 3064 2745 enim
3094 2692 3230 2746 citra
3264 2700 3450 2745 notam

1878 2786 2117 2855 aliquam
2152 2782 2480 2855 ἀσύμϐολος,
2509 2791 2563 2838 et
2594 2784 2715 2838 sine
2750 2783 3026 2839 oblatione
3054 2784 3267 2853 propria
3302 2799 3451 2837 com-

1877 2878 2213 2941 municabat,
2257 2877 2352 2932 sed
2401 2891 2594 2945 panem
2640 2891 2800 2930 suum
2843 2892 2906 2931 ac
2934 2876 3121 2931 vinum
3165 2877 3448 2933 oﬁ‘erebat.

1878 2968 2016 3026 Hinc
2060 2971 2352 3025 vehemens
2382 2969 2475 3023 illa
2523 2968 2781 3040 Cypriani
2829 2971 3049 3039 querela
3077 2970 3143 3025 de
3187 2980 3452 3026 matronis

196 3060 367 3114 verba
398 3060 545 3123 sunt)
574 3077 641 3113 an
664 3059 974 3127 simpliciter
1004 3069 1281 3114 conventus
1312 3063 1452 3114 sacri
1479 3061 1777 3131 intelligan-
1804 3078 1850 3138 α
1884 3062 2241 3132 locupletibus
2291 3061 2385 3115 lib.
2431 3060 2506 3114 De
2544 3076 2697 3129 opere
2731 3071 2779 3114 et
2806 3060 3086 3116 eleemos.:
3120 3061 3372 3131 Locuples
3402 3075 3452 3118 et

197 3160 314 3217 tur,
348 3155 417 3204 ad
451 3154 659 3204 verbum
689 3150 1031 3214 audiendam,
1065 3160 1115 3204 et
1161 3151 1458 3215 orandum;
1509 3169 1576 3205 an
1621 3154 1782 3206 etiam

196 3244 268 3297 de
320 3259 477 3297 eremi:
527 3242 740 3296 Domini
784 3242 1136 3296 celebratione
1173 3245 1393 3297 senserit
1422 3242 1772 3313 Epiphanius.

198 3334 365 3389 Ratio
395 3334 676 3389 dubitandi
715 3337 883 3389 oritur
916 3350 981 3389 ea:
1015 3335 1372 3389 observatione
1401 3336 1608 3389 diversa
1645 3346 1780 3390 rete-

199 3443 324 3479 rum
357 3425 748 3491 Ecclesiarum;
769 3443 913 3491 nam,
948 3436 1004 3480 ut
1034 3435 1261 3481 testatur
1296 3425 1567 3491 Socrates,
1596 3426 1783 3496 plem-

196 3537 303 3590 que
328 3537 504 3574 omnes
545 3521 683 3575 orbis
710 3534 969 3576 terrarum
1001 3521 1272 3587 Ecclesiae,
1306 3531 1356 3577 et
1382 3523 1462 3576 Itis
1490 3523 1694 3587 diebus,
1730 3533 1780 3578 et

199 3611 459 3667 Sabbatis
484 3613 643 3667 etiam
678 3614 747 3665 ad
792 3629 1018 3683 synaxes
1053 3613 1444 3678 conveniebant,
1490 3615 1545 3668 in
1594 3615 1781 3685 quibus

199 3703 461 3773 mysteria
507 3703 923 3759 celebrabantur.
959 3703 1082 3760 llaec
1124 3705 1232 3761 ille.
1264 3706 1368 3761 Sed
1399 3707 1543 3777 quod
1586 3706 1783 3763 Socra-

201 3803 316 3848 tem
356 3792 624 3848 alﬁrmare
654 3792 868 3860 dicit,in
905 3794 1183 3866 plerisque
1211 3797 1470 3852 omnibus
1505 3807 1779 3854 terrarum

200 3884 359 3939 orbis
419 3882 681 3940 Ecclesiis
722 3901 952 3956 synaxes
996 3896 1050 3941 et
1096 3889 1354 3959 mysteria
1396 3888 1528 3944 feria
1563 3900 1778 3959 quarta,

200 3985 385 4039 sexta,
418 3983 474 4030 et
519 3975 759 4031 Sabbato
808 3977 1095 4041 celebrari.
1145 3979 1499 4035 falsissimum
1547 3990 1650 4036 est.
1701 3979 1781 4035 De

200 4066 465 4123 Sabbatis
498 4068 550 4122 id
581 4068 798 4137 quidem
848 4078 962 4125 toto
1007 4071 1139 4127 orbe
1172 4072 1592 4129 usitatissimum
1629 4089 1774 4141 esse,

197 4160 246 4216 si
281 4159 588 4215 Romanam
612 4158 908 4216 Ecclesium
940 4172 993 4217 et
1022 4164 1445 4220 Alexandrinam
1477 4166 1777 4236 exceperis,

197 4252 365 4307 docet
395 4251 533 4306 libro
554 4252 668 4316 illo,
699 4268 860 4323 quem
887 4251 1245 4312 Casaubonus
1275 4258 1428 4322 citat,
1446 4256 1702 4314 Historia:
1723 4277 1777 4325 v,

198 4357 326 4412 cap.
354 4342 448 4397 2i.
482 4343 635 4409 Quod
678 4353 858 4398 autem
907 4345 1039 4400 feria
1070 4358 1265 4416 quarta
1302 4359 1518 4405 sextave
1545 4367 1778 4422 synaxes

1881 3152 2025 3205 dives
2053 3167 2130 3215 es,
2161 3160 2211 3203 et
2239 3148 2581 3203 Dominicum
2614 3149 2880 3204 celebrare
2906 3162 2956 3205 te
2978 3152 3173 3216 credis,
3197 3168 3314 3221 qua:
3344 3167 3454 3206 cor-

1881 3242 2069 3296 bonam
2101 3242 2311 3295 omnino
2342 3257 2445 3295 non
2472 3242 2731 3310 respicis;
2757 3257 2877 3311 qua:
2898 3242 2953 3295 in
2980 3241 3317 3297 Dominicum
3338 3244 3453 3299 sine

1880 3333 2151 3402 sacriﬁcio
2188 3332 2327 3386 renis
2355 3346 2374 3385 :
2396 3348 2514 3401 qua:
2549 3333 2605 3385 in
2642 3342 2847 3402 partem
2884 3332 2948 3387 de
2988 3334 3280 3403 sacri/icio,
3311 3336 3451 3405 quoa

1881 3441 2084 3496 pauper
2118 3423 2336 3489 obtulit,
2388 3406 2576 3477 sumis.
2631 3423 2971 3494 Augustinus
3019 3439 3185 3479 serm.
3227 3424 3333 3479 215
3376 3424 3455 3480 De

1883 3526 2156 3585 tempore:
2192 3514 2520 3578 Oblationes,
2552 3531 2671 3585 qua:
2719 3517 2774 3568 in
2812 3515 3011 3568 altario
3056 3524 3452 3579 consecrantur,

1881 3608 2085 3676 o/ferte.
2126 3605 2449 3661 Erubescere
2473 3607 2619 3660 debet
2648 3606 2802 3660 homo
2833 3607 3075 3673 idoneus,
3106 3608 3153 3661 si
3189 3608 3254 3661 de
3279 3608 3457 3662 aliena

1882 3696 2147 3750 oblatione
2177 3696 2553 3749 communicat.
2603 3695 2758 3761 Quod
2802 3696 2946 3750 idem
2976 3705 3031 3751 et
3062 3697 3313 3767 sequenti
3342 3712 3458 3752 ser-

1881 3802 2045 3843 mone
2093 3787 2307 3857 rcpetit.
2355 3785 2628 3853 Quoniam
2682 3787 2847 3856 igitur
2906 3787 3001 3857 qui
3051 3789 3457 3846 communionis

1876 3880 2001 3949 jure
2035 3879 2294 3949 prieditus
2322 3889 2461 3945 erat,
2501 3879 2643 3933 idem
2675 3889 2768 3934 aut
2798 3878 3100 3945 auferebat,
3131 3889 3227 3936 aut
3257 3880 3458 3938 oﬁ‘erre

1880 3984 2048 4039 certe,
2089 3973 2231 4028 unde
2274 3973 2785 4028 communicaturus
2822 3980 2987 4040 esset,
3034 3982 3292 4043 poterat;
3329 3976 3459 4030 hinc

1879 4062 2077 4117 vetusti
2109 4077 2350 4117 canones
2379 4076 2495 4128 eos,
2520 4062 2613 4131 qui
2640 4062 2694 4115 in
2727 4070 2972 4115 extremo
2996 4062 3167 4131 gradu
3198 4064 3462 4131 paeniten-

1880 4153 2016 4206 tium
2070 4151 2361 4214 hatrerent,
2405 4165 2570 4219 quam
2623 4148 2881 4203 σύστασιν
2933 4149 3312 4212 nominabant,
3363 4148 3459 4218 qui

1879 4260 2003 4300 cum
2040 4243 2287 4298 ﬁdelibus
2327 4243 2635 4297 orationum
2666 4241 2935 4295 duntaxat
2958 4248 3115 4293 erant
3140 4240 3457 4309 participes,

1883 4354 2002 4401 nec,
2030 4336 2158 4391 dum
2192 4335 2537 4389 Dominicunt
2571 4349 2771 4403 corpus
2797 4333 3154 4402 usurpabant,
3187 4334 3460 4385 κοινωνεῖν

196 4446 254 4491 et
300 4436 562 4507 mysteria
606 4435 871 4491 celebrata
923 4438 1154 4502 fuerint,
1199 4456 1469 4510 nusquam
1520 4416 1776 4511 prodidit.

1883 4430 2134 4485 dicebant
2166 4429 2293 4483 ἄνευ
2325 4429 2666 4499 προσφορᾶς,
2700 4434 2759 4480 ιιι
2778 4437 2863 4481 est
2888 4426 2940 4479 in
2970 4424 3257 4496 Ancyrano
3285 4439 3407 4480 can.
3427 4423 3461 4479 5
3486 4416 3487 4419 “

196 4526 348 4594 Quin
385 4527 564 4595 potius
594 4527 660 4582 de
689 4528 821 4583 solis
852 4527 1241 4586 Alexandrinis
1272 4532 1324 4586 id
1357 4532 1542 4597 refert,
1594 4536 1777 4589 omnia

197 4620 349 4689 apud
389 4618 533 4682 illos,
561 4634 683 4688 quae
719 4620 773 4672 in
808 4620 1103 4691 synaxibus
1136 4623 1250 4693 geri
1299 4640 1419 4679 mos
1446 4634 1549 4688 est,
1584 4634 1779 4695 praeter

198 4712 469 4784 mysteria
498 4726 560 4765 ac
598 4712 886 4777 sacriﬁcia,
916 4713 1081 4768 biduo
1115 4714 1208 4769 illo
1232 4717 1439 4785 perﬁci.
1476 4716 1657 4783 Quare
1684 4735 1779 4775 ne-

197 4818 312 4873 que
341 4817 409 4855 ex
446 4799 763 4870 Epiphanio,
799 4817 978 4872 neque
1002 4818 1064 4856 ex
1099 4802 1324 4859 Socrate
1353 4805 1548 4860 conﬁci
1578 4814 1776 4875 potest,

196 4894 341 4951 feria
371 4902 568 4964 quarta
609 4902 661 4948 et
686 4892 990 4949 Parasceve
1018 4894 1366 4953 Christianos
1391 4900 1779 4968 augustissima

196 4989 293 5045 illa
317 4985 587 5041 Dominici
618 4988 864 5057 corporis
890 5003 1046 5043 sacra
1076 4990 1398 5044 celebrasse.
1419 4989 1574 5055 Quod
1597 5001 1778 5046 utrum

197 5076 426 5133 aliunde
447 5075 627 5147 colligi
649 5078 842 5147 pbssit,
869 5087 1162 5149 antequam
1186 5079 1426 5148 disputo,
1454 5080 1606 5149 prius
1627 5095 1782 5135 error

196 5172 294 5227 ille
325 5168 683 5237 castigandus
711 5178 815 5234 est,
843 5184 1003 5241 quem
1052 5184 1162 5224 non
1190 5170 1368 5226 solum
1401 5169 1779 5239 Casaubonus,

197 5257 299 5313 sed
342 5264 398 5309 et
430 5256 517 5309 alii
554 5256 760 5326 pridem
778 5256 859 5326 pii
890 5265 945 5312 et
969 5257 1168 5313 eruditi
1209 5259 1457 5315 homines
1502 5261 1782 5318 imbibisse

195 5347 462 5401 videntur
492 5365 505 5400 :
534 5346 588 5401 in
614 5348 871 5403 omnibus
897 5350 1197 5420 synaxibus
1232 5351 1612 5422 mysteriorum
1643 5354 1786 5408 cele-

197 5440 514 5495 brationem
589 5455 655 5496 ac
716 5442 1188 5512 participationem
1255 5445 1435 5498 locum
1503 5445 1780 5502 habuisse.

198 5532 360 5599 Quod
392 5546 550 5587 secus
582 5548 639 5587 se
676 5532 867 5599 habet;
900 5549 1022 5588 nam
1062 5549 1090 5588 a
1126 5537 1509 5605 mysteriorum
1543 5537 1783 5592 celebra-

198 5625 353 5679 tione
377 5638 441 5677 ac
471 5624 854 5679 communione
883 5624 1102 5695 synaxis
1128 5626 1350 5696 perinde
1380 5627 1574 5693 diﬁ'ert,
1610 5636 1668 5682 ut
1689 5645 1781 5699 ge-

203 5733 316 5775 nus
344 5733 375 5772 a
409 5715 579 5772 forma
608 5734 619 5771 :
649 5727 929 5786 propterea
960 5716 1105 5788 quod
1132 5733 1240 5773 non
1267 5720 1522 5776 omnibus
1577 5720 1632 5775 in
1666 5736 1785 5793 syn-

1885 4520 2056 4577 etﬂt.
2105 4522 2149 4573 A
2193 4535 2305 4589 quo
2342 4520 2561 4575 demum
2606 4518 2799 4573 ordine
2846 4518 2913 4572 ad
2966 4517 3275 4572 absolutum
3323 4515 3463 4571 inte-

1886 4601 2405 4684 grutnque‘statum
2467 4608 2962 4674 transferebantur,
3024 4622 3184 4679 quam
3241 4607 3463 4679 μέθεξιν

1884 4703 1991 4759 τῶν
2011 4702 2180 4772 ἁγίων
2214 4711 2268 4758 et
2306 4702 2365 4755 τὸ
2386 4701 2592 4755 τέλειον
2623 4700 2919 4770 appellant,
2947 4714 3072 4755 cum
3107 4699 3314 4756 scilicet
3338 4714 3463 4769 pcr-

1886 4798 2012 4853 inde
2051 4796 2118 4852 ad
2150 4796 2455 4852 oblationes
2488 4794 2770 4852 iaciendas
2817 4804 2980 4865 atque
3022 4794 3091 4849 ad
3136 4793 3465 4864 participan-

1886 4892 2011 4947 dam
2038 4890 2441 4946 Eucharistiam
2475 4888 2914 4943 admitterentur.
2950 4883 3137 4955 Neque
3161 4885 3304 4939 enim
3333 4898 3466 4952 quo-

1886 4998 2227 5053 rumcunque
2254 4982 2558 5036 oblationes
2592 4987 2820 5049 recepta:
2851 4988 3001 5041 sunt,
3048 4976 3143 5032 sed
3173 4976 3464 5030 scelerato-

1887 5092 2009 5131 rum
2052 5074 2360 5137 hominum,
2412 5088 2477 5127 ac
2525 5072 2931 5141 pmnitentium.
2972 5078 3027 5123 et
3067 5068 3318 5124 universe
3353 5068 3463 5121 τῶν

1887 5166 2125 5222 ἀδέκτων
2175 5166 2269 5219 καὶ
2291 5165 2666 5235 ἁκοινωνήτων
2693 5162 2926 5233 rcjectzc.
2955 5160 3031 5215 De
3056 5175 3166 5231 quo
3193 5160 3316 5215 vide
3331 5159 3467 5215 Con-

1888 5262 2004 5314 stit.
2037 5269 2208 5328 apost.
2250 5258 2347 5313 lib.
2390 5273 2472 5320 ιιι,
2506 5271 2627 5325 cap.
2678 5256 2731 5310 5.
2786 5254 2852 5309 Et
2896 5253 3136 5310 Vasense
3171 5253 3463 5309 concilium

1890 5366 2013 5405 can.
2045 5349 2080 5404 2
2117 5349 2288 5418 iubet,
2324 5366 2379 5403 ut
2414 5348 2801 5415 paenitentiam,
2833 5347 2923 5416 qui
2958 5346 3072 5400 sine
3100 5348 3467 5402 communione

1888 5444 2160 5512 inopinato
2189 5443 2418 5496 transitu
2443 5443 2494 5494 in
2525 5442 2667 5510 agris
2709 5448 2801 5492 aut
2834 5438 3110 5493 itineribus
3137 5439 3468 5508 praveniun-

1893 5546 2002 5599 tur,
2033 5534 2325 5589 oblationes
2358 5536 2704 5602 recipiantur.

1962 5625 2389 5682 Excutiebantur
2416 5628 2598 5696 itaque
2623 5626 2860 5696 primum
2894 5623 3199 5679 oblationes
3224 5638 3254 5677 a
3283 5623 3469 5678 diaco—

1893 5722 2014 5789 nis;
2063 5728 2226 5791 atque
2275 5728 2456 5774 utrum
2516 5719 2786 5791 ejusmodi
2812 5727 3016 5790 essent
3067 5717 3467 5790 inquirebatur,
