3832 6220
372 291 515 382 1085

1467 289 1808 347 APPENDIX
1853 289 2479 347 DlSSERTATlONUM.

3509 271 3644 328 ιοει

375 424 498 478 quae
526 405 904 477 repraesentari
937 406 1002 461 ad
1030 407 1200 462 altare
1239 417 1480 478 possent.
1518 409 1688 480 Igitur
1721 411 1773 464 in
1805 408 1947 464 Lao-
1976 413 2024 471 Α
2052 410 2260 464 ri0rum
2310 403 2609 462 celebratio
2655 419 2719 460 ac
2767 402 3115 473 participatio
3148 399 3269 455 sine
3300 409 3436 466 pace
3479 409 3644 447 oscu-

373 503 567 555 diceno
594 499 829 554 concilio
855 500 888 569 ἠ
925 499 1210 570 προσφορά
1229 499 1296 553 de
1321 508 1552 570 utroque
1580 516 1775 570 genere
1800 501 1952 555 obla-

374 591 543 645 tionis
569 597 750 659 potest
785 589 1033 659 intelligi,
1065 599 1174 644 tam
1199 605 1259 647 ea
1286 607 1406 660 qua:
1432 607 1463 645 a
1491 591 1760 658 ﬁdelibus,
1786 607 1950 662 quam

374 695 496 748 quae
523 693 553 732 a
589 678 967 733 sacerdotibus
1003 679 1186 732 ﬁebat.
1219 677 1333 734 Nec
1371 681 1571 745 obstat,
1602 681 1746 750 quod
1777 699 1949 754 προσ-

376 770 564 842 φέρειν
603 769 788 841 ἄρτον,
833 771 1094 840 scriptum
1126 780 1209 826 est
1244 772 1296 825 in
1331 787 1540 827 canone
1573 791 1587 827 :
1621 789 1742 842 quae
1783 774 1953 831 fuisse

373 877 538 917 causa
577 863 812 926 videtur,
859 864 930 918 ob
973 878 1135 931 quam
1182 865 1436 920 catholici
1472 865 1572 920 viri
1613 867 1680 921 de
1716 867 1951 939 eulogiis

373 953 554 1022 potius
580 969 744 1023 quam
769 955 835 1009 de
862 953 1205 1010 Eucharistia
1236 955 1442 1010 dictum
1472 956 1605 1012 illud
1633 957 1953 1027 interpreta-

376 1053 588 1098 rentur.
616 1043 752 1098 Nam
803 1045 886 1099 vel
931 1045 1094 1122 άρτος
1146 1045 1214 1099 ad
1262 1046 1316 1100 id
1365 1045 1620 1111 refertur,
1652 1048 1796 1116 quod
1827 1057 1952 1103 ante

374 1136 846 1190 consecrationem
876 1133 1008 1198 fuit;
1045 1143 1140 1188 aut
1165 1150 1363 1204 corpus
1390 1136 1570 1205 ipsum
1609 1135 1823 1192 Domini
1854 1153 1952 1206 pa-

376 1227 458 1278 nis
496 1226 698 1281 usitata
731 1240 854 1280 cum
884 1227 936 1280 in
972 1225 1289 1294 Scripturis,
1325 1234 1438 1279 tum
1473 1226 1612 1296 apud
1637 1225 1828 1282 Patres
1857 1243 1953 1296 ap-

317 1331 320 1333 ·
374 1315 671 1384 pellatione
696 1315 916 1370 dicitur.
959 1315 1050 1369 Sic
1100 1316 1153 1368 in
1195 1315 1452 1383 Carthag.
1515 1316 1750 1370 concilio
1807 1317 1951 1385 apud

377 1405 646 1460 Zonaram
689 1415 745 1460 et
781 1405 1017 1460 Balsam.
1051 1419 1174 1458 can.
1204 1403 1274 1458 40
1306 1423 1317 1458 :
1350 1405 1483 1476 Περὶ
1521 1405 1615 1457 τοῦ
1646 1405 1720 1475 μὴ
1753 1403 1950 1469 ἐξεῖναι

375 1497 687 1568 περαιτέρω
711 1495 899 1567 ἄρτου,
922 1496 1018 1548 καὶ
1041 1495 1182 1548 οἴνου
1197 1494 1346 1547 ὕδατι
1365 1496 1726 1566 μεμιγμένου,
1745 1497 1798 1548 τί
1821 1513 1952 1549 ποτε

375 1591 434 1642 ὲν
464 1591 576 1652 τοῖς
609 1588 786 1658 ἁγίοις
824 1586 1177 1657 προσφέρειν,
1223 1586 1312 1639 ἵνα
1349 1588 1406 1638 ὲν
1436 1590 1546 1649 τοῖς
1582 1588 1754 1656 ἁγίοις
1787 1589 1951 1659 μηδὲν

374 1679 538 1732 πλέον
579 1679 675 1732 τοῦ
728 1678 980 1749 σώματος
1029 1676 1122 1730 καὶ
1175 1676 1268 1730 τοῦ
1322 1679 1551 1747 αἵματος
1605 1678 1696 1732 τοῦ
1743 1679 1948 1750 Κυρίου

2050 500 2212 570 loque
2271 498 2648 570 peragebatur.
2712 493 2918 549 Horum
2970 493 3212 563 primum
3259 486 3642 544 Tertullianus

2051 591 2147 646 lib.
2178 591 2250 645 De
2275 601 2414 644 orat.
2449 587 2552 644 sub
2574 585 2738 642 ﬁnem
2774 585 2980 641 indicat
3009 584 3096 639 his
3124 581 3335 636 verbis:
3359 578 3452 633 Sic
3477 587 3529 629 et
3559 576 3644 628 die

2051 684 2299 749 Paschw,
2339 698 2441 754 quo
2467 681 2761 735 communis
2791 689 2840 734 et
2889 678 3042 749 quasi
3085 675 3296 746 publica
3319 671 3528 743 jejunii
3561 685 3642 722 re-

2051 776 2179 847 ligio
2211 786 2310 842 est,
2357 775 2544 828 merito
2577 773 2888 843 deponimus
2923 766 3184 831 osculum,
3218 762 3357 816 nihil
3386 769 3640 814 curantes

2050 871 2114 925 de
2146 869 2454 934 osculando,
2486 866 2625 938 quod
2656 880 2774 919 cum
2803 861 3041 916 omnibus
3073 857 3361 928 faciamus.

2121 958 2178 1014 lu
2223 955 2655 1028 publicis'igitur
2683 951 3129 1018 solemnibusque
3157 943 3387 1016 jejuniis
3416 954 3645 1011 pacem,

2052 1051 2158 1106 hoc
2194 1058 2276 1104 est
2313 1047 2586 1109 osculum,
2639 1043 2745 1099 sibi
2788 1050 2980 1098 mutuo
3026 1038 3213 1093 ﬁdeles
3259 1051 3372 1090 non
3407 1033 3642 1087 dabant.

2052 1141 2208 1209 Quod
2254 1154 2378 1195 cum
2425 1138 2479 1191 in
2520 1135 2747 1206 privatis
2794 1142 2851 1188 et
2890 1130 3170 1185 voluntate
3203 1123 3483 1192 susceptis
3517 1135 3646 1189 pcr-

2052 1235 2178 1290 inde
2209 1233 2278 1288 ab
2307 1232 2414 1286 illis
2437 1231 2844 1289 observaretur,
2873 1223 3038 1294 paulo
3069 1229 3196 1275 ante
3219 1218 3368 1273 idem
3399 1212 3643 1269 Tertull.

2053 1326 2327 1397 improbat
2353 1343 2367 1379 :
2395 1325 2518 1378 Alia
2538 1322 2678 1393 jam,
2703 1320 2899 1389 inquit,
2930 1313 3254 1370 consuetudo
3276 1310 3531 1366 int-aluit.
3555 1305 3649 1359 Je-

2041 1419 2317 1489 junantes,
2343 1415 2524 1468 habita
2567 1413 2805 1466 oratione
2853 1425 2972 1463 cum
2999 1405 3276 1476 fratribus,
3310 1401 3647 1489 subtralruut

2053 1483 2289 1562 osculum
2317 1505 2486 1575 pacis,
2515 1501 2654 1572 quod
2687 1509 2762 1554 est
2795 1495 3132 1568 signaculum
3160 1490 3449 1545 orationis.
3483 1483 3645 1540 Unde

2053 1602 2174 1656 illos
2208 1599 2483 1660 admonet,
2514 1604 2572 1648 ut
2603 1607 2728 1647 cum
2755 1590 3008 1659 privatim
3044 1585 3143 1655 ipsi
3179 1585 3450 1654 jejuuaut,
3493 1580 3644 1631 domi

2052 1691 2283 1762 quidem,
2313 1689 2450 1740 inter
2477 1700 2606 1755 quos
2640 1682 2803 1734 latere
2824 1677 3088 1748 jejunium
3118 1676 3172 1727 in
3207 1683 3379 1726 totum
3411 1686 3516 1723 non
3555 1670 3627 1719 da

372 1746 822 1843 προσενεχθείηο⁷
849 1770 925 1833 ὡς
976 1769 1070 1822 καὶ
1111 1769 1271 1832 αὐτὸς
1310 1772 1337 1821 ὁ
1368 1746 1573 1840 Κύριος
1612 1746 1947 1839 παρέδωιιεν,

2057 1746 2162 1846 lur,
2182 1746 2359 1850 pacem
2377 1746 2657 1845 cli/ferant;
2680 1781 2736 1827 at
2763 1746 2978 1841 publice
3006 1777 3059 1823 et
3092 1767 3148 1820 in
3175 1763 3446 1826 Ecclesia,
3471 1759 3630 1814 dissi-

370 1863 619 1918 τουτέστι
658 1863 846 1934 ἄρτου,
897 1863 990 1916 καὶ
1030 1854 1174 1915 οἴνου
1224 1862 1374 1916 ὕδατι
1408 1863 1766 1932 μεμιγμένου.
1797 1862 1953 1929 Quod

372 1957 516 2025 apud
550 1956 774 2010 Latinos
809 1970 932 2008 can.
957 1955 1026 2007 24
1053 1956 1271 2010 concilii
1302 1971 1360 2008 ιιι
1384 1953 1571 2009 Carth.
1606 1957 1680 2009 ita
1716 1956 1950 2023 legitur:

377 2049 445 2103 Ut
476 2051 530 2104 iu
565 2049 912 2102 sacramentis
941 2049 1176 2116 corporis
1206 2058 1252 2100 et
1280 2048 1552 2116 sanguinis
1577 2046 1792 2101 Domini
1823 2048 1956 2102 nihil

372 2141 602 2210 amplius
637 2141 916 2209 o/feratur,
957 2157 1114 2210 quant
1159 2140 1269 2209 ipse
1300 2140 1557 2193 Dominus
1585 2143 1830 2204 tradidit,
1857 2142 1953 2194 hoc

371 2246 449 2286 est
482 2234 658 2302 panis,
695 2243 744 2285 et
775 2233 953 2286 vinum
985 2248 1123 2300 aqua
1154 2233 1387 2285 mistum.
1416 2230 1649 2286 Proinde
1672 2233 1807 2286 nihil
1836 2248 1953 2288 cer—

374 2323 486 2376 tius
521 2331 628 2387 est,
667 2335 832 2390 quam
874 2321 928 2373 in
963 2319 1274 2375 Laodiceno
1310 2337 1520 2376 canone
1549 2322 1847 2390 prohiberi,
1886 2338 1954 2378 ne

373 2430 470 2484 per
498 2414 774 2468 solemnes
793 2413 988 2482 jejunii
1015 2414 1129 2467 dies
1161 2413 1465 2467 oblationes
1492 2423 1546 2467 et
1572 2415 1840 2468 sacrilicia
1870 2430 1955 2470 ce-

372 2503 668 2560 lebrentur.
718 2503 936 2573 Excipit
979 2504 1276 2558 Sabbatum
1325 2521 1389 2560 ac
1434 2503 1795 2569 Dominicam,
1827 2507 1951 2574 qui-

373 2596 476 2650 bus
511 2595 564 2648 in
598 2595 822 2651 Oriente
857 2597 1108 2666 jejunare
1151 2595 1304 2651 nefas
1333 2597 1757 2650 arbitrabantur.
1795 2596 1952 2663 Quod

361 2698 436 2744 ex
471 2686 731 2744 Trullana
756 2689 966 2760 synodo
995 2689 1334 2757 comprobari
1358 2697 1557 2757 potest,
1593 2704 1714 2757 quae
1735 2705 1857 2742 can.
1885 2689 1953 2744 52

374 2785 448 2837 ita
484 2783 666 2837 sanxit
701 2801 714 2836 :
753 2782 840 2836 Ἐν
873 2783 1074 2845 πάσαις
1112 2783 1235 2844 ταῖς
1276 2781 1376 2851 τῆς
1420 2782 1578 2850 ἁγίας
1609 2783 1951 2853 Ἱέσσοιροικο⁸

375 2875 505 2946 στῆς
531 2875 638 2929 τῶν
661 2875 926 2947 νηστειῶν
945 2877 1205 2946 ἡμέραις,
1237 2875 1509 2947 παρεκτὸς
1538 2875 1953 2938 Σαϐϐάτου,καὶ

374 2968 681 3039 Κυριακῆς,
716 2969 809 3021 καὶ
835 2968 933 3037 τῆς
962 2968 1121 3036 ἁγίας
1143 2966 1236 3019 τοῦ
1268 2968 1681 3038 Εὐαγγελισμοῦ
1715 2967 1949 3040 ἡμέρας,

372 3059 605 3128 γινέσθω
635 3063 668 3132 ὴ
703 3060 811 3113 τῶν
844 3060 1303 3132 προηγιασμένων
1357 3062 1477 3132 ἱερὰ
1523 3061 1850 3131 λειτουργία·
1884 3060 1950 3114 In

375 3153 617 3206 omnibus
673 3155 1152 3224 quadragesimulis
1201 3154 1397 3223 jejunii
1454 3154 1672 3218 diebus,
1737 3166 1950 3224 eat-cepto

375 3241 628 3308 Sabbata,
679 3260 740 3296 ac
771 3243 1070 3311 Dominica,
1108 3253 1157 3298 et
1190 3261 1342 3298 sacro
1377 3245 1812 3298 Annuntiationis
1844 3247 1950 3312 die,

374 3333 664 3387 celebretur
699 3345 939 3388 sanctum
983 3346 1104 3389 ante
1144 3346 1566 3389 consecratorum
1603 3336 1950 3403 sacriﬁcium.

374 3424 547 3491 Quem
592 3428 655 3481 ad
701 3442 963 3481 canouem
1015 3427 1256 3483 Zonaras
1297 3429 1410 3483 haec
1451 3431 1673 3482 adnotat
1702 3448 1712 3482 :
1746 3429 1810 3481 Ai
1844 3429 1952 3481 τῶν

373 3519 636 3587 νηστειῶν
663 3518 864 3590 ἡμέραι
892 3519 1120 3584 πένθους
1157 3515 1294 3572 εἶναι
1326 3521 1631 3590 ἐτάχθησαν
1658 3523 1752 3575 καὶ
1787 3538 1953 3575 κατα-

373 3610 574 3675 νύξεως
605 3613 682 3673 είς
709 3606 971 3681 ἐξίλασμοὶ
1003 3612 1110 3663 τῶν
1139 3611 1371 3664 ἑκάστου
1413 3614 1768 3683 σφαλμάτων·
1808 3616 1868 3668 τὸ
1896 3615 1952 3668 δὲ

372 3699 450 3769 τῷ
481 3700 600 3770 Θεῷ
639 3702 931 3771 προσάγειν
979 3701 1190 3765 Θυσίας,
1239 3704 1630 3774 πανηγυρίζειν
1675 3708 1809 3770 ἐστί,
1846 3719 1948 3763 etc.

374 3791 474 3844 Διὰ
498 3789 656 3843 τοῦτο
683 3792 738 3842 έν
771 3791 868 3859 μὲν
896 3790 1079 3855 ἄλλαις
1107 3792 1206 3861 τῆς
1238 3793 1693 3865 Τεσσαρακοστῆς
1717 3797 1954 3867 ἡμέραις

375 3879 408 3949 ἡ
448 3877 557 3932 τῶν
608 3879 1062 3949 προηγιασμένων
1093 3879 1302 3947 γίνεται
1349 3880 1681 3952 λειτουργία,
1729 3885 1789 3935 οὐ
1832 3885 1953 3937 τότε

373 3970 664 4039 γινομένης
707 3969 806 4040 τῆς
855 3971 1196 4052 ᾀναιμάκτου
1246 3971 1458 4034 θυσίας,
1523 3973 1657 4039 ἀλλὰ
1700 3975 1800 4044 τῆς
1851 3977 1950 4048 ἤδη

375 4059 797 4130 προσαχθείσης,
827 4061 920 4112 καὶ
952 4060 1297 4132 τελεσθείσης
1324 4058 1478 4125 αὖϋις
1511 4065 1949 4135 προσαγομένης,

371 4149 532 4203 Κατὰ
557 4145 618 4202 δὲ
646 4144 715 4200 τὰ
751 4150 1002 4203 Σάϐϐατα
1035 4152 1128 4204 καὶ
1156 4151 1253 4213 τὰς
1280 4152 1582 4228 Κυριακρις,
1610 4155 1730 4205 ἐπεὶ
1756 4154 1952 4206 ἐνταύ-

373 4256 494 4303 ταις
528 4240 809 4311 νηστεύειν
860 4242 1253 4312 ἀπηγόρευται,
1302 4241 1567 4294 ἐνδέδοται
1619 4245 1710 4296 καὶ
1761 4243 1952 4298 θυσίαν

373 4331 724 4402 προσφέρειν,
783 4332 877 4384 καὶ
931 4332 1142 4386 τελείαν
1194 4333 1529 4405 λειτουργεῖν
1588 4335 1948 4405 λειτουργίαν.

2054 1874 2265 1929 mulato
2313 1869 2546 1940 jejunio,
2598 1861 2983 1921 consuetudini
3039 1857 3303 1913 serviant.
3350 1851 3641 1906 Posterius

2053 1982 2207 2028 vero,
2242 1977 2437 2032 nempe
2469 1974 2595 2016 cum
2648 1953 2908 2027 mysteria
2950 1950 3396 2030 celebrarentur.
3443 1959 3642 2015 pacem

2055 2073 2216 2129 atque
2243 2058 2491 2112 osculum
2519 2069 2547 2108 ιι
2574 2051 2825 2106 ﬁdelibus
2855 2048 3101 2101 oblatum
3131 2043 3324 2106 fuisse,
3349 2041 3442 2094 vix
3469 2049 3562 2094 est
3586 2044 3640 2092 ut

2053 2128 2272 2220 probari
2309 2159 2534 2201 necesse
2567 2143 2657 2196 sit.
2690 2138 2800 2194 Res
2831 2137 2976 2192 extim
3029 2142 3113 2188 est
3165 2133 3476 2202 perspicua.
3535 2128 3641 2182 Sed

2054 2243 2266 2312 aliquot
2288 2235 2648 2292 nihilominus
2679 2239 2926 2285 veterum
2951 2225 3264 2282 testimonia
3294 2223 3601 2293 producam
3630 2237 3638 2242 '

2052 2335 2295 2406 primunt
2343 2329 2712 2383 Laodicenum
2750 2337 2908 2378 conc.
2949 2335 3074 2375 can.
3112 2318 3179 2373 19
3212 2317 3265 2370 in
3313 2315 3559 2384 liturgiis
3590 2323 3639 2368 et

2054 2423 2357 2487 svnaxibus
2408 2421 2554 2473 hunc
2593 2413 2898 2487 prazscribit
2934 2410 3202 2465 ordinem.
3252 2407 3385 2461 Post
3423 2406 3639 2460 habitos

2054 2486 2122 2569 ab
2153 2512 2410 2582 episcopo
2436 2486 2737 2568 sermones,
2761 2502 3279 2558 catechumenorum
3310 2496 3639 2552 succedebat

2055 2606 2251 2661 oratio.
2281 2601 2492 2668 Quibus
2522 2597 2804 2669 digressis,
2831 2609 2996 2665 super
3027 2594 3351 2663 pcenitentes
3378 2588 3639 2642 orabant.

2056 2695 2094 2749 li
2129 2694 2231 2750 sub
2259 2708 2453 2746 manus
2487 2691 2785 2746 subeuntes
2823 2686 2916 2740 ubi
2945 2691 3313 2744 recesserant,
3351 2689 3468 2734 tum
3503 2679 3630 2732 lide-

2054 2790 2186 2844 lium
2232 2787 2427 2856 triplex
2473 2783 2653 2837 oratio
2700 2779 3153 2849 concipiebatur:
3186 2770 3301 2828 EiG‘
3328 2772 3505 2836 οὕτως
3538 2771 3638 2840 τὴν

2055 2881 2278 2954 εἰρήνην
2310 2876 2546 2930 δίδοσθαι
2583 2876 2739 2944 jubet
2783 2873 2919 2928 ικαὶ
2955 2869 3094 2942 μετὰ
3124 2870 3185 2922 τὸ
3228 2866 3636 2938 πρεσϐυτέρους

2053 2973 2234 3026 δοῦναι
2263 2970 2340 3042 τῷ
2373 2969 2656 3038 ὲπισκόπῳ
2691 2966 2788 3036 τὴν
2822 2966 3066 3036 εἰρήνην,
3106 2960 3225 3016 τότε
3256 2963 3384 3024 τοὺς
3414 2960 3636 3021 labro“);

2053 3069 2152 3140 τὴν
2183 3066 2404 3138 εἰρήνην
2439 3064 2655 3118 διδόναι·
2689 3061 2784 3115 καὶ
2813 3058 2954 3112 οὕτω
2991 3060 3090 3130 τὴν
3123 3058 3283 3124 ἁγίαν
3317 3054 3635 3127 προσφορὰν

2055 3157 2443 3213 ἐπιτελεῖσθαι.
2499 3155 2631 3209 Tum
2683 3171 2808 3224 pax,
2856 3153 3053 3220 inquit,
3101 3149 3314 3214 danda;
3354 3164 3510 3218 quam
3548 3147 3635 3198 ubi

2054 3255 2295 3321 episcopo
2339 3249 2635 3305 sacerdotes
2677 3245 3065 3314 imper-(ierint,
3101 3241 3229 3294 laici
3271 3240 3372 3292 sibi
3417 3240 3634 3291 invicem

2055 3344 2288 3406 dabunt;
2314 3341 2600 3396 secundum
2632 3354 2749 3408 qua:
2783 3337 3097 3407 perﬁciatur
3125 3333 3350 3387 oblatio.
3377 3332 3450 3383 At
3477 3329 3626 3383 lnno

2054 3439 2266 3492 centius
2299 3435 2458 3504 epist.
2489 3449 2502 3487 ι
2536 3431 2604 3484 ad
2641 3431 2850 3484 Decent.
2888 3444 3010 3496 cap.
3043 3427 3092 3491 l,
3143 3441 3336 3496 pacem
3386 3424 3633 3493 prohibet

2055 3537 2180 3580 ante
2211 3527 2360 3579 [inita
2401 3521 2658 3593 mysteria
2705 3521 2841 3573 dari.
2891 3518 3084 3570 Pacem
3117 3531 3239 3584 ergo
3283 3515 3500 3576 asseris,
3548 3513 3633 3566 iu-

2055 3615 2194 3685 quit,
2235 3624 2352 3666 ante
2378 3612 2616 3681 confecta
2651 3610 2899 3678 mysteria
2937 3609 3195 3677 quosdam
3234 3604 3444 3673 populis
3477 3604 3637 3670 imp:-

2056 3724 2195 3774 rare,
2249 3706 2326 3761 vel
2373 3705 2472 3758 sibi
2528 3705 2667 3757 inter
2715 3702 3011 3755 sacerdotes
3059 3699 3293 3760 tradere,
3348 3713 3466 3748 cum
3519 3705 3635 3764 post

2057 3801 2253 3862 omnia,
2283 3814 2400 3868 qum
2433 3798 2639 3866 aperire
2666 3811 2764 3848 non
2791 3794 2969 3856 debeo,
2994 3806 3100 3860 pax
3130 3791 3197 3842 sit
3231 3790 3527 3842 necessario
3554 3791 3636 3840 in-

2056 3892 2299 3957 dicenda,
2333 3907 2423 3960 per
2454 3907 2611 3960 quam
2660 3897 2858 3941 constet
2895 3884 3147 3954 populum
3177 3883 3249 3935 ad
3290 3884 3492 3943 omnia,
3521 3896 3638 3950 qua

2055 3986 2112 4038 in
2141 3985 2403 4054 mysteriis
2434 3992 2688 4052 aguntur.
2729 3992 2886 4050 atque
2920 3979 2974 4032 in
3009 3975 3255 4031 Ecclesia
3286 3976 3636 4036 celebrantur,

2055 4076 2284 4148 pra’bcre
2313 4091 2644 4129 consensum.

2127 4169 2338 4237 Quibus
2383 4167 2665 4222 subductis
2699 4164 2985 4227 omnibus,
3018 4162 3189 4230 liquet
3234 4157 3638 4212 vetustissimos

2055 4262 2218 4316 etiam
2251 4261 2596 4316 Christianos
2643 4259 2696 4311 in
2731 4257 3032 4328 synaxibus
3063 4253 3178 4307 suis
3230 4267 3337 4304 non
3380 4258 3639 4319 perpetuo

2057 4354 2534 4414 communicasse,
2580 4351 2793 4420 publice
2857 4349 3050 4403 saltem
3109 4359 3173 4399 ac
3219 4343 3480 4413 legitime.
3531 4339 3637 4392 Nec

373 4417 641 4484 Quocirca
691 4423 1021 4476 sacritieium
1075 4439 1418 4494 nequaquam
1469 4444 1564 4497 per
1604 4429 1792 4498 jejunii
1839 4431 1951 4485 dies

2063 4446 2282 4499 interim
2313 4459 2575 4513 negamus
2608 4441 2859 4511 privatim
2895 4438 3065 4502 domi,
3096 4436 3181 4491 vel
3220 4447 3376 4488 extra
3405 4432 3634 4503 synaxin

373 4519 615 4571 oblatum
655 4528 759 4580 est,
799 4519 892 4573 sed
933 4535 994 4573 ea
1037 4523 1492 4587 retractahantur,
1527 4540 1646 4593 quae
1671 4524 1782 4593 jam
1824 4535 1950 4579 ante

371 4621 692 4662 consecrata
725 4608 962 4672 fuerant,
988 4614 1064 4664 uti
1098 4627 1258 4666 sacro
1285 4611 1612 4670 Parasceves
1637 4631 1845 4685 magna:
1867 4618 1954 4672 die

373 4699 514 4767 apud
564 4715 664 4754 nos
708 4703 822 4754 lieri
865 4704 1167 4756 consuevit.
1223 4703 1451 4757 Exstant
1506 4706 1610 4760 ilhe
1662 4707 1770 4759 τῶν
1818 4725 1949 4778 προ-

371 4790 726 4861 ηγιασμένων
757 4791 1084 4864 λειτουργίαι
1113 4804 1241 4848 tom.
1268 4793 1331 4848 Vl
1353 4795 1607 4850 Biblioth.
1636 4813 1759 4851 cum
1780 4799 1956 4853 Gene-

371 4881 559 4937 brardi
596 4881 943 4951 Praefatione,
979 4886 1030 4938 in
1067 4902 1174 4954 qua
1221 4885 1533 4941 Graecorum
1581 4888 1745 4943 ritum
1799 4890 1950 4944 illum

373 4978 640 5033 adversus
667 4979 968 5033 catholicos
1016 4979 1281 5049 quosdam
1327 4981 1577 5035 doctores
1608 4993 1946 5053 propugnat;

370 5080 641 5141 negatque
670 5081 954 5141 propterea
989 5071 1360 5128 damnandum
1387 5089 1528 5137 esse,
1558 5075 1701 5145 quod
1729 5076 1873 5130 nulla
1899 5077 1952 5129 in

372 5163 440 5217 iis
476 5165 711 5232 liturgiis
737 5181 912 5235 neque
939 5167 1304 5232 consecratio,
1341 5183 1514 5237 neque
1547 5168 1860 5223 distributio
1889 5185 1954 5225 ac

371 5261 688 5313 communio
726 5261 1120 5316 contineretur.
1168 5261 1406 5330 Apparet
1440 5272 1644 5325 autem,
1687 5263 1952 5331 quemad-

373 5348 682 5404 modumin
734 5353 1056 5423 synaxibus,
1104 5369 1224 5422 qua:
1275 5369 1371 5423 per
1416 5354 1538 5408 illos
1586 5355 1701 5409 dics
1733 5355 1950 5422 ﬁebant,

372 5441 585 5496 nullum
608 5453 691 5497 est
711 5445 950 5498 oblatum
979 5447 1332 5510 sacriﬁcium,
1371 5447 1441 5500 ita
1475 5447 1676 5501 nullam
1713 5448 1951 5503 ﬁdelium

371 5537 815 5590 communionem
869 5539 1162 5592 exstitisse.
1209 5537 1365 5605 Quod
1421 5551 1678 5611 praeterea
1729 5541 1837 5595 alio
1883 5555 1951 5595 ex

373 5635 698 5692 argumento
722 5627 1013 5696 colligitur.
1042 5629 1253 5683 Etenim
1279 5631 1776 5700 nequejejunantes
1798 5647 1950 5687 oscu-

374 5713 487 5769 lum
520 5715 672 5784 pacis
706 5717 966 5773 lratribus
1015 5731 1211 5788 impart
1237 5721 1488 5788 cbantur,
1535 5738 1708 5791 neque
1749 5733 1947 5795 myste-

2057 4534 2465 4588 Communicare
2497 4532 2713 4600 aliquos
2751 4528 3017 4600 potuisse,
3051 4542 3173 4581 cum
3210 4524 3634 4591 Eucharistiam,

2055 4639 2219 4693 quam
2259 4640 2285 4676 a
2324 4624 2604 4678 sacerdote
2651 4623 2820 4678 semel
2867 4627 3218 4688 acceperant,
3261 4615 3409 4670 domi
3459 4629 3635 4668 reser-

2056 4726 2235 4770 vatam
2273 4718 2514 4785 reliquos
2546 4717 2599 4769 in
2655 4717 2771 4770 dies
2795 4714 3111 4781 dispensare
3137 4710 3394 4764 solerent.
3427 4706 3502 4760 De
3528 4721 3636 4775 quo

2054 4808 2177 4863 vide
2206 4824 2327 4879 quin
2361 4807 2595 4861 Basilius
2642 4805 2800 4874 epist.
2837 4803 2944 4858 989
2990 4803 3059 4854 ad
3106 4800 3400 4856 Ca‘sariam
3451 4797 3631 4851 Patri-

2054 4904 2191 4956 cium
2232 4899 2462 4965 scribit;
2513 4909 2623 4951 tum
2672 4895 2963 4948 Annalium
2998 4903 3281 4946 auctorem
3321 4890 3388 4943 ad
3430 4905 3631 4942 annum

2057 4991 2146 5046 57.
2190 4979 2372 5042 Redeo
2415 4988 2527 5057 jam
2562 4987 2628 5041 ad
2663 5001 2897 5056 synaxes
2949 4985 3094 5048 illas,
3132 4998 3271 5051 quas
3302 4980 3631 5050 Epiphanius

2057 5081 2124 5135 ab
2153 5079 2415 5147 apostolis
2460 5078 2630 5132 fuisse
2667 5078 2892 5131 traditas
2933 5074 3186 5139 allirrnat,
3230 5072 3379 5125 feriae
3405 5080 3628 5140 quartae.

2057 5171 2410 5234 Parascevcs,
2441 5180 2494 5223 et
2520 5168 2839 5223 Dominicae.
2878 5165 3023 5220 Inter
3052 5182 3191 5236 quas
3228 5166 3456 5218 miretur
3487 5165 3629 5232 quis-

2054 5265 2199 5333 piam
2235 5263 2459 5317 Sabbati
2493 5265 2824 5317 mentionem
2860 5263 3066 5315 nullam
3100 5277 3221 5315 esse
3252 5259 3452 5312 factam
3485 5275 3498 5309 :
3533 5257 3628 5309 hoc

2057 5354 2202 5407 enim
2234 5355 2322 5407 die
2365 5369 2598 5424 synaxes
2629 5354 2853 5408 Oriente
2889 5352 3004 5407 fere
3051 5361 3162 5406 toto
3200 5350 3527 5408 celebratas,
3569 5361 3626 5399 ac

2054 5445 2398 5516 frequentata
2446 5449 2700 5517 mysteria
2746 5456 2977 5501 testatur
3014 5445 3274 5499 Socrates
3324 5443 3418 5496 llb.
3455 5441 3547 5494 illo
3574 5455 3622 5501 ν,

2054 5554 2105 5595 c.
2129 5538 2216 5592 2‘2.
2244 5537 2565 5608 Quanquam
2599 5541 2704 5604 hic,
2737 5548 2796 5593 ut
2829 5549 2881 5594 et
2931 5539 3149 5592 Sozom.
3183 5536 3278 5590 lib.
3309 5550 3406 5597 vn,
3452 5549 3502 5588 c.
3532 5530 3613 5591 19,

2055 5633 2457 5688 Alexandrinos
2511 5642 2565 5688 et
2595 5633 2873 5688 Romanos
2915 5631 3154 5699 excipit:
3187 5629 3310 5681 Τῶν
3343 5625 3451 5697 γὰρ
3493 5641 3618 5677 παν-

2054 5724 2217 5796 ταχοῦ
2252 5725 2345 5796 τῆς
2370 5725 2700 5798 οἰκουμένης
2740 5724 2894 5778 Ἐκκ)
2914 5725 3076 5796 ησιὼν
3119 5723 3176 5776 ἐν
3204 5721 3388 5794 ἡμέρᾳ
3414 5717 3616 5774 Σαὸὖὰο
