3832 6220
145 279 170 334 Ι
183 279 296 336 085

939 275 1030 332 DE
1065 277 1454 335 VETERIBUS
1489 279 1892 348 QUIBUSDAM
1931 281 2290 338 ECCLESIAS
2328 279 2626 337 RlTlBL‘S.

3278 270 3418 332 ιοεα

137 413 262 450 των
289 393 432 449 κατὰ
463 395 647 448 πᾶσαν
678 392 968 464 ἑϐδομάδος
992 394 1242 466 περίοδον
1271 395 1634 450 ἐπιτελουσῶν
1665 395 1732 450 τὰ

1845 415 2013 461 τινος·
2052 397 2167 452 Nos
2196 405 2384 466 quater
2429 397 2482 452 in
2511 411 2714 466 quaque
2751 392 3080 449 Itebdomada
3125 393 3416 445 communi-

145 486 456 559 μυστήρια,
476 485 528 538 οἱ
557 485 614 536 ὲν
641 487 707 554 τῇ
737 483 1114 556 Ἀλεξανδρείᾳ
1147 484 1242 538 καὶ⁵
1279 487 1327 537 οἱ
1361 487 1419 538 ὲν
1452 487 1518 556 τῇ
1549 485 1738 558 Ῥώμῃ

143 577 218 632 εκ
245 593 396 641 τινος
428 576 663 648 ἀρχαίας
685 575 1040 647 παραδόσεως
1069 575 1227 629 τοῦτο
1267 579 1440 631 ποιεῖν
1479 579 1734 652 παρῃτή-

147 687 344 724 σαντο.
388 667 521 724 Cum
565 666 704 723 enim
739 684 914 722 omnes
944 669 1104 722 totius
1139 669 1280 723 orbis
1321 668 1572 724 Ecclesia:
1601 669 1737 725 Sab-

147 763 298 816 batis
343 761 584 816 omnibus
615 777 708 830 per
740 777 1163 832 unamquamque
1207 761 1586 816 hebdomadam
1619 779 1736 833 my-

143 853 322 907 steria
361 851 644 918 celebrent,
703 853 1054 906 Alexandrini
1099 861 1148 906 et
1194 852 1416 906 Roman.
1464 869 1528 906 ea:
1571 865 1738 906 vetere

151 944 396 1014 quadam
449 945 738 999 traditione
781 945 838 998 id
884 957 1048 1014 agere
1089 943 1465 998 detrectarunt.
1511 943 1588 998 lta
1631 959 1736 998 non

149 1033 402 1090 Orientis
435 1036 620 1102 modo,
663 1035 758 1090 sed
787 1043 842 1090 et
880 1035 1048 1089 totius
1091 1035 1242 1090 orbis
1282 1034 1735 1090 consuetudinem

149 1126 334 1182 fuisse
373 1126 594 1192 scribit;
638 1125 785 1196 quod
826 1139 928 1194 ego
959 1139 1150 1178 verum
1177 1140 1288 1177 non
1320 1122 1578 1177 arbitror.
1613 1120 1740 1176 Fuit

151 1219 308 1272 enim
373 1217 612 1272 Orientis
673 1217 784 1272 fere
818 1217 1012 1272 solius.
1071 1214 1129 1268 ln
1179 1214 1478 1285 Responsis
1523 1215 1734 1270 Canon.

150 1308 432 1364 Timothei
487 1310 752 1364 Alexand.
812 1309 956 1379 apud
1017 1309 1282 1375 Balsam.,
1318 1308 1578 1379 lnterrog.
1639 1325 1737 1363 xm

153 1405 452 1473 quaesitum
487 1411 572 1458 est
609 1421 622 1456 :
661 1402 862 1472 quibus
912 1402 1104 1456 diebus
1155 1399 1419 1470 conjuges
1449 1401 1741 1456 continere

153 1495 436 1550 debeant?
483 1492 794 1564 Respondet
859 1491 1178 1548 Timotheus
1226 1493 1452 1546 omnino
1498 1491 1739 1546 Sabbato

155 1603 228 1643 ac
265 1587 551 1642 Dominica
597 1587 1043 1656 temperandum,
1085 1584 1172 1638 διὰ
1202 1584 1262 1636 τὸ
1305 1585 1362 1636 ὲν
1405 1585 1595 1648 αὑταῖς
1642 1583 1739 1655 τὴν

153 1675 538 1748 πνευματικὴν
567 1675 758 1729 θυσίαν
796 1675 1166 1746 ἀναφέρεσθαι
1200 1673 1280 1746 τῷ
1315 1676 1524 1746 Κυρίῳ.
1569 1673 1740 1744 Igitur

1839 506 2057 554 camus;
2080 487 2384 556 Dominica,
2409 489 2544 558 feria
2572 496 2784 558 quarta,
2804 485 3118 548 Parasceue,
3147 481 3412 542 Sabbato;

1839 581 1930 636 sed
1959 592 2006 635 et
2032 580 2214 634 diebus
2250 583 2475 646 steteris,
2515 581 2569 634 in
2599 595 2726 650 quas
2752 578 3008 632 memoria
3037 576 3288 645 martyris
3313 574 3416 630 ali-

1840 674 1992 740 cuius
2040 673 2248 728 incidit.
2303 669 2458 726 Unde
2506 671 2650 740 quod
2681 671 2746 725 de
2788 669 2996 740 jejunio
3041 669 3244 723 dictum
3304 676 3412 731 est,

1839 765 2050 821 nullum
2083 764 2138 819 in
2178 779 2244 818 eo
2284 761 2614 818 celebratum
2645 759 2815 814 fuisse
2853 757 3194 830 mysterium,
3234 755 3412 812 nerui-

1840 873 2076 929 nemque
2116 855 2552 912 communicasse
2605 851 2879 914 ﬁdelium,
2911 850 2978 902 de
3015 847 3132 904 solo
3169 846 3414 913 Quadra-

1842 948 2090 1022 gesimali
2139 963 2239 1018 par
2269 955 2352 1001 est
2393 943 2602 1013 accipi,
2653 942 2697 996 si
2745 937 3145 993 Alexandrinos
3185 935 3415 999 eximus,

1839 1057 2076 1112 quorum
2107 1039 2251 1094 velut
2279 1037 2556 1108 singulare
2589 1033 2732 1087 istud
2766 1047 2796 1085 a
2829 1029 3054 1084 Socrate
3079 1039 3418 1082 commemo-

1841 1143 2018 1198 ratur,
2047 1131 2192 1202 quod
2235 1130 2370 1184 feria
2400 1136 2592 1198 quarta
2625 1137 2790 1195 atque
2810 1133 2977 1202 sexta
3012 1121 3196 1176 omnia
3225 1128 3419 1190 praeter

1839 1229 2066 1300 τελετήν
2097 1241 2376 1298 synaxeon
2407 1223 2631 1294 propria
2665 1201 3036 1294 prwstiterint.
3057 1215 3134 1272 De
3156 1230 3265 1286 quo
3293 1229 3420 1286 pro-

1843 1321 1989 1376 xime
2023 1318 2349 1374 videbimus.

1911 1409 2155 1481 Denique
2193 1409 2337 1482 quod
2391 1404 2727 1476 Epiphanius
2784 1402 3078 1457 admonet:
3135 1397 3419 1466 Triplicem

1839 1505 1988 1560 illam
2020 1503 2244 1574 synaxin
2289 1500 2496 1554 dierum
2525 1495 2740 1550 totidem
2763 1495 2826 1547 ab
2873 1489 3126 1562 apostolis
3166 1505 3277 1544 esse
3307 1499 3420 1548 tra-

1839 1597 2044 1660 ditam,
2088 1591 2234 1648 baud
2287 1589 2407 1644 scio
2454 1603 2522 1642 an
2575 1586 2708 1642 satis
2747 1592 2900 1639 certo
2933 1588 3199 1638 constare
3228 1589 3415 1650 queat.

1839 1687 1974 1742 Nam
2019 1685 2209 1756 primis
2257 1681 2518 1738 Ecclesiae
2579 1677 2921 1748 temporibus
2966 1689 3111 1728 unus
3153 1673 3422 1728 duntaxat

157 1769 416 1824 Sabbatis
465 1767 812 1822 Alexandria:
863 1769 1136 1822 Celebrate
1177 1767 1488 1838 mysteria,
1545 1776 1738 1821 contra

1845 1779 2161 1834 Dominicus
2192 1775 2311 1831 dies
2347 1774 2413 1828 ad
2443 1786 2564 1828 eam
2599 1785 2714 1824 rem
2740 1768 3062 1823 observatos
3095 1765 3330 1826 videtur,
3359 1769 3420 1816 ut

155 1875 328 1930 quam
375 1858 618 1913 Socratis
681 1865 840 1911 mtate
909 1856 1110 1912 factum
1164 1867 1267 1912 est.
1317 1857 1480 1926 Atqui
1525 1855 1736 1910 forlean

153 1951 344 2023 Cyprii
369 1951 542 2020 (apud
574 1964 714 2019 quos
744 1949 848 2004 ista
882 1948 1102 2017 scripsit
1129 1947 1503 2022 Epiphanius)
1534 1949 1739 2004 [torna-

153 2059 286 2106 nos,
307 2051 402 2096 aut
427 2042 637 2095 vicinos
669 2055 801 2095 suos
821 2039 1218 2094 Alexandrinos
1251 2041 1471 2102 imitati,
1503 2055 1737 2110 synaxes

153 2135 342 2190 nullas
371 2131 625 2187 Sabbatis
668 2131 1018 2186 instituerunt
1047 2147 1061 2184 :
1098 2131 1323 2200 reliquis
1346 2145 1497 2194 vero,
1526 2129 1630 2184 hoc
1656 2139 1739 2184 est

153 2238 358 2299 quarta
398 2236 616 2282 scxtave
662 2225 818 2290 l'eria,
853 2224 998 2279 nulla
1027 2223 1082 2277 in
1133 2223 1434 2296 synaxibus
1479 2223 1738 2294 mysteria

153 2322 532 2376 celebrarunt.
587 2318 662 2374 De
701 2317 976 2388 mysteriis
1026 2322 1172 2370 certe
1213 2315 1420 2368 mentio
1465 2329 1735 2384 nusquam

154 2413 250 2467 hic
302 2412 562 2474 habetur,
644 2417 832 2464 contra
893 2420 1057 2478 quam
1116 2403 1477 2459 Casaubonus
1540 2403 1740 2472 aliique

153 2512 368 2558 temere
399 2500 780 2571 prodiderunt.

231 2595 290 2648 lu
345 2595 598 2664 sequenti
654 2606 924 2656 numero,
987 2589 1323 2661 Epiphanius
1380 2589 1448 2643 de
1516 2585 1740 2642 Sabbali

155 2689 462 2762 synaxibus
505 2689 578 2742 ita
601 2687 860 2756 loquitur.
889 2695 948 2740 ut
979 2687 1034 2740 in
1065 2685 1310 2740 Ecclesia
1335 2700 1432 2740 sua
1463 2684 1740 2738 institutas

155 2796 360 2852 negare
388 2781 654 2834 videatur.
673 2777 874 2834 Scribit
899 2779 1042 2834 enim
1065 2797 1078 2833 :
1099 2780 1197 2830 Ἔν
1225 2795 1334 2829 τισι
1360 2777 1415 2830 δὲ
1438 2766 1624 2838 τόποις
1647 2775 1740 2828 καὶ

155 2877 218 2930 ἐν
263 2877 378 2938 τοῖς
425 2873 666 2928 Σάϐϐασι
707 2871 953 2938 συνάξεις
1015 2869 1372 2923 ἐπιτελοῦσιν.
1428 2867 1542 2921 Non
1579 2868 1742 2938 igitur

155 2967 212 3020 in
269 2965 490 3036 Cypro;
552 2977 616 3019 ac
681 2962 909 3032 proinde
948 2960 1230 3015 verissima
1289 2967 1372 3012 est
1428 2957 1739 3026 conjectura

1838 1891 1904 1929 ex
1933 1871 2194 1942 Apostolo
2219 1867 2238 1922 1
2263 1868 2330 1924 ad
2359 1867 2487 1922 Cor.
2515 1880 2634 1935 cap.
2657 1879 2746 1918 xu
2769 1861 3059 1930 colligitur.
3091 1856 3234 1924 Quin
3252 1856 3418 1910 etiam

1836 1967 2085 2022 Justinus
2134 1963 2338 2034 Martyr
2385 1959 2542 2030 Apol.
2573 1957 2642 2024 2,
2701 1971 2826 2010 cum
2863 1953 2931 2008 de
2979 1950 3418 2007 Christianorum

1842 2057 2197 2114 conventibus
2248 2053 2394 2124 agit,
2435 2050 2609 2106 solius
2661 2044 2957 2101 Dominica:
2989 2041 3274 2104 meminit,
3320 2037 3420 2110 τὴν

1838 2151 1896 2205 δὲ
1943 2148 2036 2203 τοῦ
2083 2147 2238 2220 ἡλίου
2272 2143 2485 2215 ἡμέραν
2536 2141 2689 2209 κοινῇ
2725 2137 2925 2198 πάντες
2965 2133 3065 2205 τὴν
3109 2130 3418 2185 συνέλευσιν

1839 2245 2162 2318 ποιούμεθα.
2215 2241 2396 2308 Quare
2453 2237 2628 2307 magis
2685 2234 2738 2288 id
2771 2249 2836 2288 ex
2897 2231 3108 2300 privato
3163 2224 3422 2282 Ecclesia:

1839 2340 2109 2410 cujusque
2161 2335 2300 2400 ritu,
2355 2345 2520 2402 quam
2577 2343 2644 2382 ex
2695 2323 2972 2380 communi
3043 2319 3422 2390 apostolorum

1839 2437 2156 2510 praescripto
2199 2430 2504 2486 derivatum
2551 2421 2831 2486 existimo,
2857 2427 2917 2472 ut
2959 2421 3154 2486 quarta
3200 2419 3422 2466 sextave

1837 2531 1996 2592 feria,
2053 2537 2148 2582 aut
2201 2523 2366 2600 etiam
2435 2519 2673 2576 Sabbato
2725 2525 2960 2584 synaxes
3009 2511 3424 2570 conventusque

1839 2627 2052 2680 tierent.
2089 2621 2262 2688 Quam
2292 2597 2347 2671 in
2375 2631 2488 2670 rem
2513 2610 2764 2681 egregius
2802 2615 2886 2661 est
2931 2599 3223 2672 Augustini
3271 2597 3424 2650 locus

1839 2717 1996 2787 epist.
2029 2685 2150 2778 Ηέ,
2183 2711 2276 2781 qui
2311 2707 2446 2764 mihi
2483 2706 2570 2759 hic
2603 2697 2963 2756 ascribendus
2997 2693 3212 2747 videtur
3241 2707 3255 2743 :
3297 2685 3424 2740 Alia

1841 2784 1961 2862 vero
1980 2845 1996 2867 ,
2025 2801 2224 2872 inquit,
2257 2814 2374 2868 qua:
2402 2811 2492 2866 per
2519 2794 2634 2846 loca
2669 2802 2930 2842 terrarum
2963 2784 3296 2854 regionesque
3327 2793 3422 2828 oa-

1841 2903 2070 2960 riantur,
2105 2867 2277 2948 sicuti
2313 2899 2390 2944 est
2427 2885 2564 2957 quod
2612 2883 2710 2936 alii
2749 2881 2998 2950 jejunant
3039 2872 3290 2934 Sabbato,
3325 2867 3424 2920 alii

1839 3007 1958 3047 vero
1985 3003 2127 3042 non:
2165 2984 2259 3038 alii
2282 2981 2516 3053 quotidie
2543 2975 2932 3030 communicant
2970 2965 3174 3036 corpori
3216 2972 3264 3016 et
3298 2976 3424 3015 san-

157 3069 398 3160 nosuaf
441 3055 672 3127 Cypnos
712 3052 1212 3160 θ’θκτῗυδῖίηθνυφ
1251 3067 1479 3160 "forem,
1503 3051 1740 3104 inﬁmos
1769 3101 1811 3160 ς,
1845 3083 1994 3155 guini
2045 3051 2362 3139 Dominica;
2401 3071 2498 3126 alii
2533 3069 2687 3123 certis
2731 3063 2914 3118 diebus
2955 3059 3250 3126 accipiunt;
3291 3051 3421 3105 alibi

155 3168 300 3208 esse.
327 3151 407 3204 Ac
433 3165 558 3204 cum
603 3147 763 3216 paulo
791 3155 915 3199 ante
953 3145 1389 3199 demonstratum
1437 3144 1543 3208 sit,
1603 3159 1741 3213 qua-

157 3241 544 3314 dragesimalis
597 3237 790 3310 jejunii
821 3229 1066 3306 tempore
1099 3235 1248 3288 nulla
1301 3236 1354 3288 in
1405 3235 1576 3289 sacris
1608 3249 1742 3288 con-

161 3337 423 3393 ventibus
490 3333 762 3390 celebrata
835 3330 1004 3384 luisse
1060 3327 1356 3399 mysteria,
1417 3327 1484 3380 de
1545 3335 1741 3394 quarta

161 3437 434 3497 sextaque
495 3423 629 3479 feria
681 3423 824 3477 idem
877 3418 1048 3474 videri
1113 3418 1314 3487 possit,
1360 3399 1484 3470 cum
1533 3415 1586 3468 in
1637 3415 1742 3468 illis

159 3522 415 3578 solemne
482 3537 734 3593 peraeque
767 3512 1040 3584 jejunium
1087 3509 1394 3572 exstitisse,
1439 3517 1630 3562 auctor
1671 3509 1743 3562 sit

157 3609 528 3682 Epiphanius.
581 3606 686 3660 Sed
729 3621 795 3659 ne
835 3603 976 3658 istud
1024 3617 1438 3664 asseveremns,
1489 3601 1743 3671 prohibet

155 3705 214 3762 In
244 3704 442 3774 primis
474 3702 626 3764 illud,
649 3701 794 3770 quod
823 3702 856 3770 ἡ
884 3699 992 3753 τῶν
1021 3695 1476 3770 προηγιασμὲνων
1499 3693 1742 3765 λειτουρ-

1842 3141 2021 3229 nullus
2070 3169 2178 3221 dies
2224 3161 2593 3218 intermittitur
2623 3173 2724 3228 quo
2768 3171 2869 3209 non
2933 3151 3228 3220 offeratur;
3291 3141 3424 3197 alibi

1843 3264 2076 3320 Sabbato
2127 3267 2334 3313 tantum
2367 3263 2416 3308 et
2463 3251 2772 3312 Dominica;
2821 3245 2950 3300 alibi
2989 3251 3194 3296 tantunt
3239 3234 3424 3290 Darni-

1843 3358 2072 3418 nico;et
2113 3337 2314 3420 si\quid
2360 3346 2509 3400 aliud
2551 3340 2811 3412 ejusmodi
2847 3333 3196 3391 animadverti
3233 3337 3424 3399 potest,

1845 3455 2012 3498 totum
2054 3443 2150 3494 hoc
2187 3419 2347 3510 genus
2381 3451 2558 3489 rerum
2599 3431 2793 3484 liberas
2829 3427 2982 3479 habet
3015 3419 3422 3476 observationes.

1843 3535 2194 3591 Innocentius
2245 3545 2410 3600 porro
2457 3526 2616 3595 epist.
2661 3521 2702 3588 Ι,
2731 3535 2852 3589 cap.
2887 3519 2943 3582 4,
2991 3514 3124 3570 feria
3173 3523 3324 3566 Sexta
3373 3517 3428 3562 et

1845 3627 2084 3682 Sabbato
2135 3627 2476 3676 sacramenta
2515 3615 2738 3668 minime
2785 3607 3050 3666 celebrari
3097 3603 3310 3666 scribit,
3339 3600 3424 3654 his

1842 3716 2024 3770 verbis
2057 3731 2070 3765 :
2116 3711 2268 3776 Quod
2301 3710 2476 3778 utique
2509 3723 2610 3758 non
2635 3701 2852 3755 dubiant
2885 3707 2983 3762 est,
3014 3697 3070 3748 in
3101 3703 3304 3748 tantum
3336 3705 3423 3744 eos

155 3796 256 3864 Ὺία
292 3795 396 3850 5°“
429 3791 872 3859 Quadragcsm‘w
928 3789 1139 3858 jejumo
1193 3789 1249 3841 i"
1291 3785 1568 3842 "aeribus
1612 3799 1744 3838 ⁰⁰¹¹⁶
1835 3807 2109 3876 jejunasse
2138 3803 2235 3872 (de
2271 3795 2535 3868 apostolis
2590 3789 2863 3860 loquitur)
2909 3785 3068 3838 biduo
3113 3787 3425 3842 memorato,

155 3891 311 3948 ciliis
339 3899 396 3942 et
429 3886 698 3956 liturgicis
729 3881 1054 3938 ascribatur.
1106 3881 1331 3936 Accedit
1364 3887 1418 3934 et
1447 3877 1744 3934 disertissi-

155 3999 288 4039 mus
336 3978 658 4036 Tertulliani
715 3977 901 4040 locus;
933 3975 1026 4045 qui
1083 3975 1140 4028 in
1185 3974 1281 4028 lib.
1335 3972 1412 4027 De
1457 3981 1593 4027 orat.
1641 3971 1744 4026 sub

153 4081 332 4136 ﬁnem
367 4073 626 4134 ostendit,
673 4070 804 4140 ipsis
852 4071 1150 4122 stationum
1192 4066 1406 4132 diebus,
1447 4080 1568 4135 quae
1608 4063 1742 4118 feria

153 4177 358 4242 quarta
400 4175 662 4234 sertaque
693 4177 818 4218 cum
851 4159 1077 4232 jejuniis
1120 4159 1266 4213 obiri
1321 4164 1740 4220 consueverant,

151 4267 220 4312 ut
253 4255 421 4325 paulo
451 4261 574 4322 post
605 4252 845 4316 dicetur,
896 4248 1165 4304 sacriﬁcia
1208 4247 1496 4310 celebrari,
1531 4262 1596 4301 ac
1631 4245 1742 4298 Do-

153 4349 433 4406 minicum
479 4361 682 4415 corpus
717 4345 772 4397 in
821 4342 1008 4398 ﬁdeles
1053 4339 1308 4396 distribui
1349 4341 1546 4394 solere.
1577 4337 1744 4408 Simi-

1845 3909 1900 3953 ut
1936 3895 2155 3950 traditio
2201 3890 2452 3945 Ecclesia:
2491 3885 2706 3944 habeat,
2743 3883 2844 3934 isto
2882 3877 3041 3932 biduo
3092 3880 3426 3927 sacramenta

1843 3989 2048 4058 penitus
2079 4000 2182 4038 non
2215 3978 2487 4034 celebrari.
2515 3977 2570 4030 in
2605 3967 2995 4026 Mediolanensi
3021 3964 3258 4019 Ecclesia
3286 3975 3428 4031 quo--

1846 4079 1973 4134 tidie
2007 4072 2336 4131 sacriﬁcium
2375 4067 2618 4122 oblatum
2645 4079 2705 4116 es
2739 4059 3026 4115 AmbrOsio
3049 4060 3299 4116 constat;
3331 4049 3426 4119 qui

1845 4184 2012 4226 scrm.
2061 4165 2132 4220 54
2173 4163 2246 4218 ita
2276 4158 2562 4230 loquitur:
2615 4153 2800 4208 Moneo
2839 4151 3020 4210 etiam,
3054 4157 3108 4200 ut
3146 4144 3236 4214 qui
3263 4143 3428 4212 juxta

1847 4257 2144 4312 Ecclesium
2190 4261 2301 4314 est,
2337 4258 2386 4304 et
2444 4249 2554 4302 sine
2603 4245 2752 4316 gravi
2801 4240 3169 4308 impedimento
3223 4241 3426 4303 potest,

1846 4347 2079 4420 quotidie
2127 4343 2310 4397 audiat
2371 4340 2622 4401 missam;
2649 4346 2697 4388 et
2731 4335 2820 4404 qui
2853 4339 3040 4402 potest,
3085 4327 3227 4380 omni
3279 4333 3428 4376 nocte

153 4443 304 4501 liter,
333 4437 530 4508 inquit,
553 4438 618 4490 de
641 4437 928 4490 stationum
952 4433 1133 4487 diebus
1163 4449 1264 4485 non
1295 4441 1484 4502 putant
1508 4431 1741 4500 plerique
1775 4441 1818 4495 ι)
1847 4417 1916 4494 ad
1947 4436 2265 4491 ηιαιυιίηηηι
2293 4433 2485 4486 veniat,
2529 4427 2593 4482 Ει
2623 4427 2783 4497 paulo
2813 4431 2936 4494 post
2963 4440 2976 4476 ε
3021 4419 3084 4472 ιη
3117 4417 3429 4484 Quam-age-

149 4532 552 4600 sacriﬁciorum
580 4527 908 4582 orationibus
950 4524 1400 4580 interveniendum
1425 4539 1444 4588 ;
1472 4522 1608 4593 quod
1636 4531 1750 4576 sta-

154 4627 236 4680 tio
262 4621 516 4678 solvenda
549 4623 622 4674 sit
650 4629 860 4689 accepto
890 4633 1104 4688 corpore
1133 4615 1368 4669 Domini.
1415 4613 1556 4684 Ergo
1588 4613 1746 4666 devo-

154 4728 274 4772 tum
322 4715 436 4769 Deo
473 4715 776 4783 obsequium
820 4711 1163 4766 Eucharistia
1207 4709 1439 4776 resolvit,
1481 4725 1549 4763 un
1577 4708 1746 4779 magis

151 4811 274 4868 Deo
306 4807 552 4878 obligat?
594 4805 786 4859 Nonne
813 4805 1096 4858 solemnior
1141 4805 1240 4857 erit
1275 4802 1436 4856 statio
1475 4811 1585 4866 tua,
1621 4801 1668 4854 si
1699 4809 1747 4854 et

151 4899 228 4954 ad
273 4915 428 4952 aram
469 4897 567 4952 Dei
609 4897 815 4951 steteris
841 4897 866 4949 1’
895 4897 1119 4964 Accepto
1165 4909 1380 4962 corpore
1429 4889 1668 4956 Domini,
1698 4899 1748 4943 et

151 4999 454 5052 reservato,
491 4999 770 5057 utrumque
813 4986 1018 5040 salvum
1061 4994 1160 5052 est,
1189 4993 1238 5038 et
1270 4983 1608 5054 participatio
1655 5000 1748 5035 sa-

153 5083 388 5154 criﬁcii,
419 5093 466 5137 et
504 5083 770 5136 exsecutio
805 5081 976 5150 ofﬁcii.
1007 5078 1112 5145 Qui
1142 5079 1292 5132 locus
1325 5077 1487 5147 paulo
1515 5092 1562 5130 a-
1588 5075 1746 5130 nobis

151 5187 358 5248 postea
391 5173 776 5229 declarabitur.
833 5171 915 5226 Ad
963 5172 1078 5225 huic
1119 5169 1355 5225 Basilius
1399 5170 1454 5223 in
1503 5167 1746 5238 Epistola

153 5268 230 5320 ad
263 5265 585 5344 Cursor-iam.
611 5265 767 5333 cujus
797 5279 962 5334 supra
1001 5263 1372 5326 meminimus,
1405 5276 1528 5314 cum
1561 5261 1745 5330 quoti-

153 5359 384 5413 dianam
433 5357 878 5412 communionem
928 5355 1226 5425 plurimum
1265 5353 1740 5418 commendasset,

154 5451 270 5506 ista
315 5449 578 5517 subjicit:
627 5447 820 5520 Ἡμεῖς
862 5449 1047 5519 μέντοι
1082 5463 1145 5514 γε
1185 5446 1442 5516 τέταρτον
1473 5435 1746 5498 καθ’ἑκά-

157 5561 296 5614 στην
337 5541 612 5613 ἑϐδομάδα
657 5540 1041 5612 κοινωνοῦμεν,
1069 5541 1126 5592 ὲν
1166 5542 1230 5610 τῇ
1279 5541 1562 5610 κυριακῇ,
1595 5541 1651 5591 ὲν
1679 5541 1744 5609 τῇ

153 5635 409 5707 τετράδι,
439 5633 536 5688 καὶ
590 5637 648 5688 ὲν
689 5635 754 5706 τῇ
801 5633 1161 5706 Πιρασκευῇ,
1193 5634 1286 5684 καὶ
1337 5632 1416 5702 τῷ
1459 5631 1742 5702 Σαϐϐάτῳ,

153 5741 256 5792 και
296 5729 358 5785 ὲν
387 5729 506 5796 ταῖς
535 5725 723 5792 ἄλλαις
751 5725 1006 5802 ἡμέραις,
1041 5725 1135 5779 ἐὰν
1248 5726 1434 5800 μνήμη
1473 5726 1746 5800 μάρτυρός

1849 4533 1984 4586 sima
2027 4543 2144 4582 vero
2173 4540 2371 4588 moneo,
2405 4531 2462 4576 ut
2496 4521 2582 4574 die
2622 4518 2784 4583 omni,
2819 4524 2910 4568 aut
2938 4513 3149 4576 saltent,
3192 4519 3249 4561 ut
3290 4504 3426 4568 dixi,

1849 4620 2150 4686 Dominica,
2176 4615 2412 4685 offeratis
2471 4621 2520 4667 et
2574 4605 2988 4664 communicetis.
3057 4601 3216 4656 Varia
3265 4599 3430 4668 igitur

1851 4713 2142 4780 admodum
2191 4723 2286 4779 per
2319 4705 2592 4762 Ecclesias
2623 4699 2968 4760 consuetudo
3017 4695 3144 4750 fuit.
3188 4692 3308 4746 Non
3362 4691 3430 4744 de

1849 4791 2238 4863 uetustissimis
2289 4801 2627 4870 temporibus
2649 4841 2664 4864 ,
2699 4799 2876 4866 deque
2915 4789 3280 4848 Orientalibus
3315 4799 3432 4840 ma-

1851 4898 2014 4961 xime,
2045 4911 2168 4965 (pne
2205 4893 2467 4955 diximus,
2504 4889 2733 4958 intelligi
2767 4887 3040 4940 volumus.

1921 4990 1996 5044 Ex
2021 4990 2110 5042 illo
2137 5001 2266 5040 vero
2303 4997 2579 5055 postremo
2622 4979 2898 5035 Ambrosii
2945 4979 3064 5030 loco
3115 4975 3290 5044 liquet
3323 4968 3424 5024 lal-

1850 5081 2128 5136 sissimum
2157 5093 2300 5144 esse,
2323 5077 2470 5146 quod
2511 5074 2784 5128 haereticis
2829 5067 3158 5140 quibusdam
3195 5063 3424 5118 nimium

1849 5173 2044 5228 stolide
2073 5185 2394 5240 persuasum
2431 5183 2552 5222 esse
2592 5165 2747 5218 video
2781 5173 3099 5230 :nuuquam
3151 5157 3206 5210 in
3249 5164 3430 5210 vetere

1849 5266 2092 5322 Ecclesia
2125 5266 2344 5318 missam
2378 5261 2616 5316 auditam
2647 5274 2678 5312 a
2711 5255 2960 5311 ﬁdelibus
2991 5267 3133 5316 esse,
3163 5249 3296 5318 quin
3319 5261 3428 5302 una

1849 5359 2334 5416 connnunicarent.
2388 5353 2508 5419 Quo
2549 5353 2602 5406 in
2654 5365 2840 5404 errore
2890 5362 3018 5402 sane
3051 5341 3430 5414 stupidissima

1848 5461 2097 5506 versatur
2145 5448 2502 5502 Casaubonus
2547 5443 2786 5498 Exercit.
2835 5441 2900 5494 16
2936 5439 3004 5492 ad
3052 5454 3178 5490 ann.
3221 5435 3424 5490 Baron.

1851 5561 1905 5598 η.
1941 5543 2028 5596 58.
2065 5541 2149 5608 Et,
2185 5541 2332 5610 quod
2361 5540 2558 5592 mirmn
2593 5547 2696 5600 est,
2740 5536 2885 5590 hunc
2921 5530 3103 5598 ipsum
3151 5527 3428 5584 Ambrosii

1850 5637 2028 5692 locmn
2067 5636 2232 5698 citat;
2287 5649 2387 5688 nec
2423 5633 2656 5686 advertit
2695 5629 2972 5693 eumdem,
3014 5641 3138 5682 cum
3178 5620 3428 5696 quotidie

1853 5732 2050 5790 missas
2078 5729 2286 5798 audire,
2312 5727 2364 5782 in
2389 5724 2820 5798 Quadragcsima
2839 5737 2988 5791 vero,
3020 5721 3064 5778 si
3087 5720 3202 5778 ﬁeri
3225 5720 3426 5790 potest.
