3832 6220
404 270 541 328 1087

1506 259 1848 328 ΑΡῬΕΝΒΙΧ
1883 267 2518 326 DISSERTATIONUM.

3528 252 3552 305 Ι
3565 249 3668 303 088

402 391 563 443 ειῖειηι
591 388 991 443 communicare
1017 388 1227 458 jubeat,
1271 391 1403 444 satis
1461 390 1709 456 innuero,
1766 405 1972 460 nequa-
1997 397 2048 452 Α
2076 387 2398 456 Cujusmodi
2451 399 2619 457 porro
2656 381 2924 438 stationes
2969 379 3074 434 illa:
3117 375 3347 438 fuerint,
3396 383 3451 426 et
3486 380 3671 422 utrum

400 493 564 550 quam
589 479 851 548 quotidie,
890 479 1102 534 caeteris
1134 480 1329 534 saltem
1375 489 1569 549 praeter
1608 478 1977 550 Quadragesi-

401 586 547 624 mam
601 571 817 634 diebus,
873 571 1342 625 communicatum
1392 569 1583 626 fuisse.
1617 572 1772 640 Apud
1805 571 1976 626 Euse-

399 662 547 715 bium
576 661 670 716 lib.
703 678 777 717 vu
812 661 1018 718 Hister.
1045 678 1166 732 cap.
1205 663 1257 728 9,
1282 664 1334 716 in
1381 663 1607 718 historia
1665 664 1974 733 cujusdam,

399 754 492 820 qui
521 753 589 808 ab
629 753 898 808 haereticis
930 754 1258 821 baptismum
1291 762 1599 823 acceperat,
1628 755 1701 808 ita
1736 755 1973 824 legitur:

400 845 765 916 Εὐχαριστίας
787 844 896 914 γὰρ
925 843 1326 908 ἐπακούσαντα,
1357 844 1452 897 καὶ
1482 843 1980 914 συνεπιφθεγξαμέ-

399 955 487 992 νον
503 941 585 1007 τὸ,
605 935 793 1007 Ἀμὴν,
818 938 912 990 καὶ
940 935 1191 1008 τραπέζῃ
1231 935 1607 1007 παραστάντα,
1647 937 1742 988 καὶ
1791 939 1978 1008 χεῖρας

401 1030 480 1092 εἰς
533 1027 797 1100 ὑποδοχὴν
844 1029 944 1100 τῆς
989 1028 1148 1097 ἁγίας
1201 1028 1412 1098 τροφῆς
1461 1027 1832 1099 προτείνοντα,
1869 1039 1975 1082 etc.

399 1120 764 1176 Casaubonus
789 1128 850 1175 ut
879 1121 1066 1174 audire
1089 1121 1304 1173 missam
1339 1121 1480 1174 idem
1514 1135 1635 1174 esse
1660 1119 1801 1188 quod
1833 1135 1978 1173 com-

403 1215 674 1267 municare
731 1213 1036 1279 conﬁrmet,
1091 1213 1238 1268 hunc
1292 1211 1512 1267 Eusebii
1567 1211 1746 1266 locum
1801 1210 1976 1275 affert,

403 1321 514 1376 quo
548 1306 683 1360 nihil
714 1315 799 1361 est
829 1306 1090 1372 alienius;
1123 1321 1250 1358 nam
1297 1320 1362 1360 ex
1409 1304 1600 1358 eodem
1631 1304 1749 1374 ipso
1783 1304 1980 1374 proba-

403 1405 513 1458 tur,
579 1395 853 1476 diversugn
915 1410 979 1449 ac
1026 1394 1343 1449 distinctum
1400 1408 1522 1449 esse
1570 1393 1829 1462 quiddam
1878 1393 1979 1446 ὲπ-

402 1487 623 1541 ακούειν
638 1487 737 1558 τῆς
754 1486 1123 1559 εὐχαριστίας,
1153 1495 1205 1540 et
1222 1487 1544 1556 participare
1571 1485 1842 1539 Dominico
1865 1502 1982 1539 cor-

401 1577 549 1644 pori;
576 1575 826 1643 quamvis
849 1575 960 1628 duo
988 1573 1104 1628 haec
1131 1581 1244 1627 tum
1272 1574 1341 1627 ab
1369 1574 1462 1627 illo
1494 1574 1732 1643 praestita
1754 1571 1976 1628 fuerint.

404 1667 459 1721 In
489 1667 787 1738 Agathensi
816 1681 945 1721 vero
980 1665 1236 1728 concilio,
1274 1665 1417 1734 quod
1451 1681 1513 1720 ex
1551 1665 1814 1720 Gratiano
1851 1665 1981 1719 citat

2077 479 2283 550 jejunia
2312 479 2430 546 ipsa
2458 476 2726 532 stationes
2757 473 3041 544 appellatae
3073 470 3204 533 sint,
3243 465 3413 537 paulo
3447 471 3530 517 est
3568 462 3672 514 hoc

2083 571 2203 625 loco
2253 568 2566 638 diligentius
2613 564 3026 636 inquirendum.
3082 561 3192 616 Res
3239 557 3393 614 enim
3441 562 3522 608 est
3559 567 3674 606 non

2083 662 2268 715 minus
2320 660 2504 715 studio
2546 658 2730 726 digna,
2785 671 2950 728 quam
3000 663 3225 724 propter
3279 646 3673 717 antiquitatem

2083 755 2337 815 obseura,
2367 767 2542 823 neque
2575 751 2738 820 vulgo
2767 749 2901 805 satis
2934 748 3174 819 cognita.

2157 846 2433 900 Stationes
2471 843 2638 916 igitur
2672 851 2846 897 statos
2890 840 3230 911 jejuniorum
3265 850 3395 891 esse
3423 834 3538 887 dies
3567 831 3674 885 Pa-

2085 938 2282 992 melius
2319 937 2386 992 ad
2432 936 2526 991 lib.
2571 936 2649 989 De
2692 950 2887 987 corona
2932 932 3070 995 mil.,
3104 945 3227 999 cap.
3282 928 3341 982 11
3374 969 3391 991 ,
3442 924 3673 979 scribit:

2081 1029 2394 1098 Metaphora
2416 1045 2448 1081 a
2475 1027 2733 1081 militibus
2761 1035 2900 1085 orta,
2929 1023 3068 1094 quod
3097 1021 3337 1092 quandiu
3366 1020 3424 1071 in
3449 1019 3678 1070 statione

2084 1128 2236 1174 erant
2272 1118 2519 1188 jejunare
2553 1132 2641 1171 eos
2666 1115 2956 1185 oportebat.
3006 1111 3162 1178 Quod
3210 1119 3269 1165 et
3307 1108 3444 1163 alibi
3471 1108 3672 1176 passim

2085 1211 2297 1280 repetit.
2335 1212 2413 1265 Ac
2451 1208 2724 1289 jejunium
2773 1205 2994 1276 quidem
3056 1202 3354 1257 stationem
3413 1214 3536 1253 cum
3579 1200 3676 1253 alii

2085 1303 2330 1374 plerique
2359 1311 2575 1366 vocant,
2599 1309 2712 1353 tum
2742 1297 2972 1353 Hermas
3004 1296 3099 1349 lib.
3127 1310 3209 1359 Ill,
3238 1292 3414 1348 simil.
3449 1289 3500 1356 5,
3531 1290 3674 1355 Quid

2085 1405 2182 1461 est,
2224 1393 2436 1464 inquit,
2475 1393 2682 1448 statio?
2725 1389 2795 1444 Et
2849 1389 2986 1451 dixi,
3029 1386 3320 1456 jejunium.
3375 1382 3675 1437 Bhabanus

2086 1486 2310 1541 Maurus
2341 1485 2434 1539 lib.
2478 1501 2516 1538 ll
2571 1483 2644 1536 De
2666 1482 2838 1535 instit.
2884 1479 3220 1547 cleric.,cap.
3277 1475 3371 1539 18,
3425 1488 3493 1528 ex
3538 1490 3677 1543 quo-

2087 1579 2336 1635 rumdam
2375 1575 2642 1633 sententia
2684 1574 2825 1628 inter
2865 1573 3135 1642 jejunium
3191 1578 3246 1623 et
3287 1568 3583 1623 stationem
3621 1566 3674 1619 id

2088 1671 2352 1725 interesse
2390 1667 2600 1732 scribit,
2624 1665 2768 1735 quod
2794 1663 3064 1734 jejunium
3100 1661 3473 1729 indifferenter
3499 1660 3665 1727 cujus

404 1759 787 1823 Casaubonus,
831 1765 1044 1810 tantum
1085 1757 1258 1822 abest,
1296 1765 1355 1810 ut
1388 1755 1602 1826 aliquid
1642 1755 1708 1810 ad
1738 1769 1978 1809 errorem
2010 1753 2053 1808 B
2082 1763 2207 1816 [iber
2249 1762 2354 1814 diei
2398 1761 2466 1813 sit
2515 1758 2861 1824 abstinentia,
2897 1772 3000 1809 ηοη
3036 1771 3128 1824 per
3155 1753 3344 1823 legem,
3369 1753 3465 1805 ,τά
3493 1768 3671 1805 δίειμι.

404 1849 557 1904 illum
598 1847 992 1903 sublevandam
1025 1848 1300 1902 decretum
1333 1844 1516 1911 fuerit,
1556 1854 1616 1899 ut
1644 1844 1978 1900 contrarium

405 1939 585 2009 potius
616 1938 906 1992 manifeste
959 1937 1142 2008 colligi
1197 1938 1389 2007 possit.
1445 1937 1659 1992 Etenim
1715 1952 1837 1992 eam
1888 1936 1978 2002 47,

405 2031 594 2086 Patres
618 2031 690 2084 ita
721 2029 1044 2099 prtecipittnt
1071 2046 1083 2082 :
1119 2028 1312 2083 Missas
1343 2030 1426 2083 die
1450 2028 1729 2082 Dominica
1758 2027 1980 2083 siccata-

405 2122 548 2174 ribus
575 2130 746 2174 tenere
775 2119 998 2189 speciali
1028 2120 1210 2172 ordine
1233 2119 1596 2188 praecipimus,
1639 2119 1718 2171 ita
1763 2126 1819 2170 ut
1861 2125 1983 2170 ante

409 2212 823 2267 benedictionem
864 2211 1156 2265 sacerdotis
1179 2211 1380 2280 regredi
1400 2209 1623 2280 populus
1659 2225 1758 2262 non
1790 2224 1986 2276 pracsu—

405 2314 540 2356 mat.
567 2302 672 2368 Qui
705 2305 752 2357 si
775 2302 1014 2372 fecerint,
1044 2302 1108 2356 ab
1134 2305 1374 2371 episcopo
1420 2301 1626 2371 publice
1663 2302 1988 2370 confundan-

408 2406 515 2450 tur.
562 2397 726 2465 Atqui
787 2410 910 2449 can.
955 2395 1022 2449 18
1076 2395 1152 2449 ita
1220 2396 1409 2450 statuit
1455 2413 1468 2449 :
1533 2392 1846 2460 Stecnlares,
1896 2396 1985 2464 qui

409 2489 463 2541 in
507 2487 697 2541 Natali
733 2486 967 2548 Domini,
1012 2484 1245 2549 Pascha,
1276 2485 1585 2540 Pentecoste
1613 2502 1717 2539 non
1750 2502 1985 2539 commu-

411 2582 726 2646 nicaverint,
756 2578 1004 2632 catholici
1036 2595 1139 2631 non
1185 2579 1488 2641 credantur,
1517 2594 1609 2631 nec
1641 2579 1779 2630 inter
1808 2576 1988 2631 catho-

409 2672 537 2726 licos
582 2672 892 2724 habeantur.
928 2669 1028 2724 Hic
1055 2670 1227 2724 tribus
1252 2669 1518 2724 duntaxat
1540 2670 1732 2724 diebus
1765 2680 1990 2739 quotan-

411 2764 498 2818 nis
550 2764 736 2818 ﬁdeles
784 2764 851 2817 ad
905 2763 1347 2817 communionem
1389 2762 1707 2832 compellit:
1741 2763 1850 2816 illic
1885 2762 1991 2816 Do-

411 2855 628 2909 minicis
691 2855 920 2925 singulis
975 2854 1132 2924 jubet
1194 2855 1384 2909 audire
1442 2855 1688 2909 missam.
1749 2853 1866 2908 Non
1909 2865 1992 2909 est

410 2946 577 3014 igitur
619 2946 759 3000 idem
801 2947 988 2999 audire
1043 2947 1283 3008 missam,
1338 2961 1403 3000 ae
1449 2948 1864 3011 communicare;
1892 2961 1992 3001 nec

414 3039 580 3092 ambo
611 3037 698 3091 illa
736 3037 974 3092 fidelium
1003 3054 1102 3092 usu
1161 3037 1529 3108 Eeclesiaeque
1564 3039 1766 3092 veteris
1800 3054 1991 3108 perpe-

416 3139 511 3184 tuo
538 3127 688 3182 fuere
715 3129 1026 3197 conjuncta.

485 3220 601 3276 Col.
633 3222 736 3275 885
759 3220 818 3276 Β.
855 3220 1090 3289 Tarpeiae
1115 3221 1182 3274 δὲ
1198 3221 1294 3273 καὶ
1324 3222 1395 3274 ἐν
1417 3220 1822 3290 προσαϐϐιὶτῳ.
1843 3223 1993 3275 Anti-

413 3311 679 3382 quissima
693 3321 774 3366 est
790 3313 1068 3382 utriusque
1080 3312 1272 3382 jejunii
1289 3311 1493 3382 religio,
1513 3313 1670 3381 cujus
1683 3321 1734 3366 et
1749 3313 1800 3365 in
1815 3312 1994 3365 Aeria-

416 3403 503 3457 nis
530 3419 693 3471 supra
725 3403 1053 3457 mentionem
1080 3403 1207 3472 egit.
1234 3404 1288 3456 In
1310 3416 1505 3458 canon.
1537 3404 1727 3472 Apost.
1747 3403 1838 3466 (59,
1870 3417 1993 3455 eum

415 3495 892 3565 quadragesimali,
929 3495 1187 3566 τετράδος
1241 3504 1295 3548 et
1338 3496 1692 3566 παρασκευῆς
1718 3493 1989 3564 jejunium

415 3589 603 3643 eadem
655 3590 938 3643 sanctione
1006 3569 1339 3657 praccipitur.
1391 3587 1471 3641 Ad
1518 3604 1680 3656 quem
1741 3588 1993 3643 Balsamo

417 3680 564 3735 istud
595 3681 819 3734 adnotat
850 3700 862 3734 ε
895 3679 1117 3748 perinde
1147 3679 1362 3732 duabus
1407 3678 1512 3732 illis
1544 3677 1714 3741 feriis,
1740 3689 1905 3747 atque
1941 3679 1994 3732 in

417 3770 867 3841 Quatlragcsima,
890 3769 1224 3841 ξηροφαγίαν
1257 3769 1553 3837 praescribi.
1587 3767 1726 3822 Tum
1764 3784 1829 3824 ne
1860 3784 1998 3838 pra:-

419 3863 558 3917 senti
611 3863 829 3933 quidem
881 3863 1075 3917 mortis
1121 3861 1176 3914 in
1240 3860 1482 3930 periculo
1536 3861 1796 3915 carnibus
1850 3860 1995 3916 vesci

418 3955 602 4009 licere.
648 3953 890 4024 lgnatius
929 3955 1089 4024 epist.
1124 3954 1249 4007 ὅσα
1294 3951 1527 4021 Philipp.
1575 3953 1817 4021 ejusdem
1860 3969 1996 4022 prte-

420 4047 564 4116 cepti
603 4046 873 4100 meminit.
904 4044 958 4098 In
991 4045 1219 4099 Constit.
1263 4054 1434 4114 apost.
1469 4045 1562 4097 lib.
1602 4061 1700 4109 vn,
1753 4061 1876 4113 cap.
1903 4045 1992 4108 24,

419 4154 585 4196 causa
634 4154 732 4194 cur
784 4138 998 4211 τετράδι
1043 4139 1399 4208 jcjunandum
1447 4140 1516 4191 sit
1569 4139 1681 4192 hate
1725 4139 1993 4192 affertur:

419 4232 566 4302 quod
597 4240 650 4286 et
677 4231 810 4286 feria
850 4241 1045 4301 quarta
1089 4232 1451 4285 deliberatum
1493 4246 1522 4284 a
1551 4229 1755 4285 Judaeis
1803 4240 1887 4285 est
1931 4231 1996 4285 de

421 4323 799 4379 interficiendo
827 4324 1069 4387 Christo,
1110 4334 1163 4378 et
1191 4321 1361 4378 Judas
1395 4339 1614 4393 Operam
1659 4337 1814 4379 suam
1837 4324 1996 4378 detu-

2083 1855 2209 1907 dum
2251 1850 2521 1922 propriam
2556 1849 2878 1903 voluntatem
2909 1865 2928 1902 :
2967 1847 3155 1913 statio,
3203 1846 3512 1899 observatio
3559 1853 3672 1896 sta-

2085 1955 2322 2021 tutorpm
2355 1943 2582 2010 dierum,
2623 1949 2906 2012 utquarta:
2928 1953 2977 1994 et
3020 1948 3184 1993 sextis
3219 1937 3394 2006 ferite,
3431 1937 3510 1989 rel
3535 1937 3676 2002 Qua-

2084 2036 2417 2108 dragesimae.
2453 2034 2706 2088 Citantur
2748 2041 2803 2086 et
2844 2032 2960 2086 haec
2999 2031 3138 2101 apud
3190 2029 3500 2084 Pamelium
3543 2031 3673 2081 Am-

2085 2129 2253 2185 brosii
2299 2126 2462 2182 verba
2492 2141 2659 2182 serm.
2689 2123 2758 2179 ’56
2789 2142 2802 2179 :
2849 2122 3116 2177 Stationes
3157 2131 3421 2176 vocantur
3447 2120 3672 2188 jejuuia,

2085 2221 2224 2293 quod
2269 2228 2469 2274 stantes
2530 2227 2579 2273 et
2626 2224 3012 2271 commorantes
3051 2216 3108 2266 in
3139 2213 3216 2267 eis
3263 2212 3512 2265 inimicos
3544 2212 3678 2263 insi.

2087 2313 2294 2366 diantes
2350 2309 2672 2380 repellimus:
2739 2306 2942 2362 Verum
2995 2321 3171 2375 neque
3224 2320 3328 2374 ego
3375 2301 3672 2358 stationem

2088 2404 2228 2457 idem
2261 2416 2382 2456 esse
2428 2416 2554 2456 eum
2579 2399 2791 2469 jejunio
2830 2396 3090 2459 arbitror,
3127 2409 3330 2464 neque,
3370 2401 3432 2445 ut
3467 2393 3680 2445 intersit

2087 2491 2316 2562 aliquid,
2344 2491 2649 2546 discrimen
2677 2486 2807 2542 illud
2835 2487 3032 2557 probo,
3082 2484 3230 2553 quod
3266 2483 3414 2552 apud
3451 2480 3674 2534 Rhaba-

2089 2585 2472 2655 num‘legitur.
2507 2582 2664 2649 Quod
2709 2582 2854 2636 enim
2910 2595 2940 2634 a
2986 2578 3201 2649 jejunio
3248 2577 3550 2646 diserepet,
3603 2589 3670 2628 ex

2092 2678 2426 2734 Tertulliano
2452 2677 2658 2747 liquet;
2689 2675 2784 2746 qui
2816 2673 2912 2728 lib.
2957 2689 2994 2726 ιι
3035 2671 3118 2725 Ad
3168 2686 3417 2735 uxorem,
3460 2683 3585 2736 cap.
3624 2667 3675 2728 4,

2092 2771 2164 2826 ita
2189 2771 2462 2840 loquitur:
2492 2767 2560 2823 Ut
2590 2770 2636 2822 si
2662 2768 2822 2822 statio
2849 2765 3093 2835 facienda
3119 2772 3219 2824 est,
3243 2761 3476 2814 maritus
3501 2759 3569 2812 de
3597 2760 3680 2810 die

2093 2863 2334 2916 candicat
2382 2861 2451 2914 ad
2500 2860 2748 2924 balneas;
2799 2859 2847 2913 si
2888 2857 3100 2926 jejunia
3144 2853 3475 2908 observanda
3534 2863 3676 2913 sunt,

2095 2955 2326 3008 maritus
2357 2953 2542 3008 eadem
2585 2953 2669 3005 die
2718 2949 3011 3004 convivium
3051 2956 3311 3000 exerceat.
3337 2943 3482 3010 Quin
3514 2943 3678 2997 etiam

2096 3048 2216 3102 loco
2240 3047 2332 3100 illo
2358 3047 2523 3100 citato
2555 3059 2619 3100 ex
2649 3043 2742 3096 lib.
2793 3053 2977 3094 contra
3025 3038 3219 3108 Psych.
3249 3051 3370 3105 cap.
3419 3035 3512 3097 Li,
3572 3044 3681 3088 sta-

2099 3139 2275 3192 tiones
2302 3135 2574 3206 ajejuniis
2603 3132 2874 3196 secernit;
2906 3145 3031 3184 cum
3060 3126 3394 3183 stationibus
3427 3133 3678 3193 quartam

2095 3237 2148 3282 et
2174 3237 2382 3282 sextam
2426 3225 2652 3279 Sabbati
2697 3223 2930 3277 dicatam
2965 3235 3086 3276 esse
3135 3217 3291 3283 dicit,
3323 3215 3678 3269 Parasccvem

2091 3320 2337 3390 jejuniis.
2369 3317 2572 3372 Contra
2602 3316 2694 3370 lib.
2727 3315 2800 3368 De
2835 3330 3029 3367 corona
3058 3311 3173 3365 mil.
3213 3326 3336 3379 cap.
3377 3310 3468 3366 ll.
3493 3307 3678 3362 statio-

2096 3427 2194 3465 nos
2215 3409 2560 3479 projejuniis
2591 3406 2844 3473 usurpari
2879 3404 3155 3459 Pamelius
3185 3401 3492 3466 existimat,
3520 3400 3607 3454 his
3629 3400 3678 3452 in

2095 3498 2277 3551 verbis
2313 3515 2324 3550 :
2356 3494 2481 3549 1am
2503 3505 2553 3549 et
2587 3497 2839 3550 stationes
2866 3503 2958 3546 aut
2990 3494 3089 3546 alii
3114 3493 3281 3562 magis
3319 3493 3678 3559 Iaciet,quam

2098 3587 2346 3643 Christo?
2386 3595 2479 3641 aut
2511 3596 2557 3642 et
2594 3585 2874 3640 Dominico
2914 3585 3020 3647 die,
3053 3585 3269 3648 quando
3311 3599 3405 3636 nec
3436 3581 3678 3635 Christo!

2097 3680 2164 3734 Et
2190 3681 2361 3734 multo
2380 3678 2722 3734 manifestius
2757 3679 2849 3732 lib.
2886 3677 2962 3731 De
2984 3677 3187 3740 anima,
3223 3690 3344 3744 cap.
3383 3674 3454 3728 48
3488 3691 3501 3725 :
3541 3674 3676 3736 Quia

2095 3785 2143 3826 et
2180 3772 2369 3825 Daniel
2409 3772 2565 3824 trium
2597 3769 2981 3824 hebdomadam
3011 3768 3246 3820 statione
3277 3767 3425 3817 aruit
3467 3767 3675 3817 rictum.

2176 3865 2280 3920 Sed
2314 3880 2415 3935 ego
2447 3865 2737 3919 stationem
2764 3861 2908 3931 apud
2935 3860 3335 3914 Tertullianum
3371 3856 3673 3926 prmsertim

2097 3956 2413 4028 religiosum
2461 3954 2595 4010 illud
2655 3969 2777 4009 esse
2833 3953 3073 4006 ﬁdelium
3105 3949 3366 4003 -oﬁicium
3423 3947 3675 4010 arbitror,

2097 4067 2208 4121 quo
2239 4051 2404 4106 certis
2441 4049 2634 4104 diebus
2685 4048 2750 4101 ad
2785 4048 3013 4116 synaxin
3057 4047 3344 4104 adeuntes,
3376 4041 3581 4094 ibidem
3619 4039 3678 4091 ad

2099 4159 2300 4198 nonam
2357 4156 2532 4211 usque
2588 4139 3045 4209 perseverabant,
3102 4136 3170 4190 ad
3239 4149 3408 4203 quam
3464 4134 3680 4201 insoper

2094 4235 2301 4306 jejunia
2334 4234 2727 4305 producebant.
2782 4229 2936 4285 Unde
2970 4238 3024 4283 et
3045 4244 3145 4297 pro
3174 4225 3535 4280 multitudine
3573 4224 3678 4293 ipsa

2101 4340 2484 4398 convcnluque
2514 4341 2910 4394 nonnunquam
2951 4322 3089 4377 solet
3118 4320 3315 4389 accipi.
3349 4317 3472 4373 Non
3508 4332 3678 4382 secus,

421 4414 502 4470 lit.
527 4415 627 4469 Cui
662 4417 990 4485 astipulatur
1014 4426 1067 4469 et
1087 4414 1284 4470 Petrus
1314 4415 1721 4469 Alexandrinus
1750 4431 1873 4482 can.
1908 4415 1988 4468 l5.
2026 4432 2072 4492 υ
2099 4421 2313 4490 opinor,
2355 4437 2419 4473 ac
2457 4418 2712 4473 militaris
2740 4417 2906 4471 statio
2932 4424 3039 4468 tam
3071 4428 3171 4483 pro
3207 4412 3352 4478 loco,
3381 4426 3552 4481 quam
3591 4425 3680 4479 pro

423 4505 486 4560 Et
524 4507 740 4576 quidem
772 4506 1068 4575 probabilis
1099 4515 1182 4560 est
1207 4506 1309 4560 ista
1346 4506 1506 4560 ratio.
1546 4504 1722 4572 Quam
1752 4521 1882 4560 vero
1911 4506 1997 4558 hic

422 4597 761 4667 Epiphanius
789 4597 985 4660 reddit,
1014 4596 1150 4651 falsa
1177 4605 1280 4661 est,
1322 4605 1376 4650 et
1409 4596 1737 4666 evangelicae
1779 4595 1998 4650 veritati

422 4690 720 4756 contraria.
776 4689 904 4743 Vult
954 4689 1099 4742 enim
1156 4687 1437 4742 Christum
1500 4687 1796 4741 Dominum
1861 4685 1998 4741 feria

352 4842 358 4848 _
424 4792 620 4852 quarta
637 4782 1114 4850 comprehensum.
1137 4779 1292 4846 Quod
1321 4781 1372 4834 in
1398 4780 1646 4834 Diatriba
1671 4781 1732 4834 de
1757 4782 1999 4848 passione

424 4874 638 4936 Domini
690 4888 853 4944 supra
917 4872 1228 4927 discussum
1273 4888 1337 4927 ac
1389 4871 1684 4927 refutatum
1741 4883 1846 4928 est.
1923 4870 1999 4927 De

421 4968 616 5022 iisdem
672 4967 898 5037 jejuniis
949 4967 1282 5020 mentionem
1336 4966 1465 5020 facit
1494 4982 1601 5020 non
1642 4983 1750 5021 uno
1784 4968 1837 5021 in
1881 4967 2002 5020 loco

425 5058 896 5125 Tertullianus,et
945 5058 1208 5114 stationes
1265 5059 1372 5114 illis
1424 5059 1558 5128 ipsis
1621 5060 1814 5113 diebus
1862 5058 2001 5112 obiri

425 5151 778 5208 eonsuevisse
808 5151 1076 5220 signiﬁcat
1113 5169 1126 5205 :
1159 5160 1218 5204 ut
1245 5151 1299 5204 in
1336 5151 1431 5206 lib.
1476 5151 1788 5221 Dejejuniis
1816 5161 2001 5204 contra

426 5242 713 5315 Psychicos
766 5257 784 5296 :
832 5242 940 5298 Cur
1010 5245 1326 5297 stationibus
1400 5256 1645 5314 quartam
1699 5255 1745 5296 et
1797 5255 2004 5297 sextam

426 5331 648 5389 Sabbati
675 5335 934 5400 dicamus,
970 5348 1016 5389 et
1032 5336 1252 5404 jejuniis
1285 5336 1667 5391 Parascettem?
1692 5337 1755 5389 Et
1778 5353 1896 5406 cap.
1929 5339 1962 5388 2
1988 5357 2000 5390 :

428 5427 521 5482 Sic
548 5438 596 5482 et
621 5429 887 5498 apostolos
922 5429 1243 5493 observasse,
1267 5431 1471 5483 nullum
1507 5431 1654 5483 aliud
1686 5441 2004 5500 tmponentes

419 5522 609 5592 jugum
657 5535 938 5576 certorum.
988 5533 1034 5578 ct
1075 5526 1129 5576 in
1173 5541 1444 5578 commune
1471 5526 1711 5578 omnibus
1742 5527 2006 5578 obeundo-

429 5629 546 5666 rum
574 5614 895 5683 jejuniorum
920 5632 937 5669 :
959 5617 1175 5684 proinde
1202 5634 1292 5670 nec
1324 5620 1633 5683 stationum,
1665 5637 1781 5688 ante
1803 5629 1850 5673 et
1883 5621 2009 5688 ipsa!

429 5723 552 5762 suos
598 5709 807 5778 quidem
844 5709 952 5763 dies
995 5709 1240 5774 habeant,
1291 5722 1494 5780 quarta:
1533 5712 1678 5781 feria:
1721 5724 1764 5767 et
1821 5691 2001 5766 sca‘tw.

2100 4513 2281 4567 standi
2307 4523 2358 4566 et
2385 4509 2688 4566 excubandi
2715 4507 2995 4562 iunctione
3019 4549 3032 4570 ,
3069 4507 3181 4560 itno
3207 4513 3262 4558 et
3300 4519 3402 4572 pro
3441 4504 3566 4572 ipsa
3588 4503 3681 4555 mi-

2098 4607 2241 4661 litari
2327 4622 2491 4660 manu
2576 4603 2718 4673 apud
2788 4602 3011 4655 Latinos
3088 4607 3412 4666 usurpatur.
3505 4594 3680 4648 Livius

2098 4701 2193 4754 lib.
2262 4715 2466 4752 ηιμ-ιιι
2529 4718 2540 4751 ;
2592 4696 2945 4758 Pabulatores
3015 4692 3410 4763 lignatoresque
3466 4688 3678 4741 Romani

2100 4795 2154 4846 in
2184 4810 2298 4847 eam
2351 4803 2574 4861 partem,
2635 4792 2689 4843 in.
2735 4807 2837 4860 qua
2888 4789 3210 4857 colloquium
3254 4787 3503 4855 futurum
3551 4794 3677 4849 erat,

2101 4886 2247 4938 ducti
2290 4894 2432 4947 sunt,
2480 4884 2645 4936 tutius
2693 4883 2746 4934 id
2800 4882 3039 4950 futurum
3091 4880 3316 4933 tribunis
3363 4880 3525 4942 ratis,
3563 4879 3678 4947 quia

2101 4993 2235 5030 coss.
2265 4976 2569 5045 prtvsidiunt
2591 4984 2637 5027 et
2663 4974 2833 5040 ipsum
2857 4989 2950 5041 pro
2977 4973 3202 5024 statione
3227 4971 3464 5024 habituri
3492 4982 3637 5024 erant
3661 4986 3676 5023 :

2101 5086 2257 5123 suam
2318 5079 2490 5120 tamen
2529 5067 2755 5118 alterunt
2809 5065 3094 5117 stationem
3140 5063 3359 5132 propius
3404 5074 3580 5116 castra
3619 5077 3679 5116 DC

2104 5164 2337 5235 equitum
2395 5171 2700 5230 posuerunt.
2737 5158 2902 5212 Erant
2949 5157 3169 5220 milites,
3210 5156 3304 5226 qui
3342 5156 3623 5225 aliquanto
3648 5171 3676 5208 a

2105 5255 2300 5312 castris
2363 5253 2646 5307 intervallo
2702 5251 2767 5306 ad
2809 5265 3000 5305 eorum
3048 5247 3275 5302 tutelam
3314 5247 3672 5302 excubabant.

2107 5346 2308 5401 Eodem
2356 5346 2517 5399 modo
2559 5343 3001 5398 Christianorum
3045 5339 3316 5396 stationes
3370 5347 3484 5394 tam
3522 5352 3676 5393 sacra:

2106 5440 2212 5493 illac
2247 5438 2442 5493 diebus
2469 5437 2630 5491 certis
2661 5433 3073 5493 exeubationcs,
3109 5445 3274 5500 quam
3304 5429 3530 5499 ipsimet
3559 5428 3673 5480 ﬁde-

2108 5531 2237 5585 lium
2276 5538 2574 5585 conventus
2607 5527 2884 5597 appellati.
2929 5522 3156 5577 Tertull.
3203 5523 3256 5574 in
3303 5522 3452 5574 calce
3484 5520 3576 5574 lib.
3610 5515 3673 5570 De

2111 5633 2246 5676 orat.
2279 5639 2295 5674 .'
2331 5620 2386 5674 Si
2420 5621 2581 5673 statio
2615 5618 2677 5671 de
2718 5616 2940 5670 militari
2973 5612 3204 5680 exemplo
3254 5627 3449 5665 nomen
3501 5608 3672 5678 accipit

2113 5714 2255 5784 (nam
2290 5724 2336 5766 et
2381 5714 2576 5766 militia
2624 5711 2719 5766 Dei
2766 5709 2995 5776 sumus),
3043 5708 3220 5776 utique
3271 5703 3427 5757 nulla
3483 5699 3673 5764 lectilis,
