3874 6316
186 256 321 314 £089

963 256 1054 312 DE
1093 242 1485 318 VETERIBUS
1520 262 1920 330 QUIBUSDAM
1959 270 2314 330 ECCLESIIE
2355 274 2646 332 RITIBUS.

3300 283 3441 343 1090

183 372 286 425 sire
334 367 565 422 tristitia
635 366 916 424 obveniens
969 372 1164 427 castris
1234 374 1486 430 stationes
1535 379 1763 433 militum
1792 385 1837 442 A
1867 385 2186 452 stationum,
2222 388 2299 442 uti
2350 403 2449 443 nec
2495 392 2760 446 stationes
2807 391 2969 460 ipsa},
3030 392 3252 448 minime
3297 399 3436 454 ultra

183 460 460 515 rescindit.
503 459 718 527 Quibus
766 461 951 518 verbis
994 464 1336 521 demonstrat
1380 481 1758 539 nequaquam,

179 552 321 622 quod
368 551 537 621 vulgo
590 567 919 623 persuasum
972 565 1123 621 erat,
1175 557 1442 613 stationes
1492 558 1761 616 Dominici

180 640 427 708 corporis
475 641 867 697 communione
898 643 1148 711 dissolvi,
1191 648 1451 716 quoniam
1495 651 1761 720 quidquid

179 729 232 783 in
263 730 465 784 castris
499 729 732 795 accidat,
760 730 876 785 sive
903 746 1254 803 prosperum,
1290 735 1407 790 sive
1446 736 1622 800 triste,
1657 739 1763 792 mi-

177 818 355 872 litaris
412 817 777 873 nihilominus
840 821 1006 875 statio
1074 832 1406 890 perseverat.
1468 823 1759 893 Perperam

184 907 354 976 igitur
411 905 714 962 Rhabanus
778 907 894 963 haec
950 912 1257 979 posteriora
1309 931 1323 967 :
1384 915 1565 983 utique
1608 916 1758 971 nulla

175 996 396 1061 ltetitia,
445 998 554 1052 sire
603 998 847 1062 tristitia,
898 1010 1029 1065 etc.,
1082 1000 1231 1056 velut
1281 1017 1501 1057 causam
1556 1006 1755 1073 attulit,

173 1105 275 1145 cur
298 1090 749 1146 Christianorum
772 1091 936 1145 statio
966 1107 996 1145 a
1027 1091 1251 1146 militari
1292 1110 1489 1149 nomen
1524 1098 1760 1166 accepis-

172 1193 275 1238 set.
307 1182 434 1248 Quo
465 1184 657 1238 eodem
693 1198 881 1238 errore
910 1183 1187 1240 Pamelius
1224 1188 1293 1240 ad
1321 1187 1413 1241 lib.
1443 1189 1523 1242 De
1558 1207 1756 1245 corona

171 1273 287 1326 init.
335 1288 461 1342 cap.
519 1274 607 1337 ll,
659 1275 951 1327 stationem
992 1275 1125 1329 dicit
1180 1292 1277 1346 per
1321 1280 1692 1349 metaphoram
1725 1297 1757 1335 a

172 1364 511 1418 militaribus
550 1364 881 1420 stationibus
934 1368 1223 1435 usurpari;
1260 1371 1399 1437 quod
1436 1372 1670 1440 quandiu
1701 1373 1755 1425 in

170 1455 620 1511 stationeﬁnilites
643 1467 819 1523 erant,
835 1457 1085 1526 jejunare
1118 1459 1237 1513 illos
1262 1462 1531 1527 oportebat
1561 1479 1579 1516 :
1611 1466 1755 1532 quod

169 1562 304 1603 sane
338 1549 632 1603 ridiculum
681 1561 788 1605 est.
821 1550 1008 1620 Neque
1062 1567 1190 1606 vero
1236 1555 1421 1608 tandin
1475 1554 1756 1613 famelicos

171 1655 296 1695 esse
348 1638 720 1709 praesidiarios
770 1641 894 1696 illos
942 1650 996 1696 et
1049 1645 1415 1712 excubitores,
1484 1650 1755 1705 exercitus

1864 491 2065 530 nonam
2122 478 2572 535 observabantur.
2609 484 2790 546 Quare
2846 494 3046 538 merito
3094 500 3122 539 a
3153 489 3437 561 catholicis

1863 569 2123 638 castigata
2158 568 2614 626 Montanistarum
2648 572 2739 626 illa
2774 575 2990 630 novitas
3016 586 3119 640 est,
3155 579 3297 647 quod
3326 591 3435 636 sta-

1864 659 2045 713 tiones
2075 669 2128 715 et
2151 660 2359 730 jejunia
2410 662 2556 727 aliis,
2584 679 2745 732 quam
2782 680 2903 733 qua:
2928 666 2997 719 ab
3033 666 3272 724 Ecclesia
3309 687 3440 739 prae-

1862 749 2065 818 scripta
2083 759 2282 815 essent.
2310 755 2645 822 temporibus
2667 756 2735 808 ad
2753 772 3032 827 veSpet-am
3054 762 3432 818 extenderent:

1863 854 1989 894 nam
2024 841 2156 895 feria
2183 852 2375 910 quarta
2411 856 2673 916 sextoque
2703 847 2771 900 ad
2802 863 3002 903 nonam
3026 851 3292 906 duntaxat
3315 869 3437 920 per-

1860 945 2139 989 severasse
2181 935 2234 989 in
2271 936 2503 992 statione
2546 937 2906 996 Montanistas
2946 942 3136 996 eodem
3175 945 3264 997 illo
3297 946 3435 1001 libro

1860 1038 1980 1094 cap.
2011 1024 2079 1079 10
2112 1024 2337 1081 Tertull.
2368 1028 2571 1084 indicat
2600 1049 2612 1083 :
2644 1029 2764 1086 Non
2800 1035 2953 1102 quasi
2980 1051 3285 1103 respuamus
3335 1055 3432 1090 no-

1862 1133 2005 1179 nam,
2029 1118 2223 1188 inquit,
2247 1120 2331 1173 cui
2356 1132 2403 1175 et
2429 1135 2621 1191 quarta
2647 1121 2889 1190 Subbati,
2908 1135 2955 1179 et
2980 1136 3126 1180 sexta
3147 1130 3435 1195 plurimum

1860 1208 2152 1277 fungimur.
2185 1209 2475 1281 Propterea
2507 1228 2635 1268 vero
2662 1215 2956 1268 stationum
2985 1214 3192 1285 jejunia
3224 1219 3311 1271 illa
3353 1236 3435 1272 se-

1860 1298 2137 1368 mijeiunia
2162 1301 2229 1356 ab
2257 1303 2447 1357 eodem
2483 1314 2705 1359 auctore
2739 1305 3120 1373 nominantur,
3160 1324 3277 1378 cap.
3316 1309 3381 1363 l3
3417 1329 3430 1363 :

1860 1388 1997 1443 Ecce
2031 1392 2169 1445 enim
2201 1391 2311 1461 (ait
2349 1393 2608 1448 adversus
2637 1394 2973 1465 catholicos)
2998 1400 3241 1452 convenio
3269 1416 3353 1451 vos
3383 1410 3433 1453 et

1857 1487 2051 1545 pra'ter
2104 1477 2309 1533 Pascha
2358 1480 2684 1550 jejunantes,
2720 1486 2855 1538 citra
2904 1486 3024 1539 illos
3065 1490 3197 1554 dies,
3243 1490 3431 1559 quibus

1859 1566 2067 1621 ablatus
2097 1580 2172 1622 est
2197 1586 2455 1638 sponsus;
2484 1582 2530 1625 et
2566 1573 2855 1628 stationum
2895 1578 3230 1647 semijcjunia
3266 1581 3430 1633 inter-

1858 1671 2124 1728 ponentes.

171 1729 353 1801 ipsius
411 1740 574 1800 atque
604 1732 947 1802 imperatoris
980 1734 1244 1789 interluit.
1276 1734 1380 1791 Sed
1415 1753 1514 1792 nec
1540 1754 1568 1792 a
1599 1742 1754 1797 statis
1785 1736 1828 1793 B
1929 1748 2035 1805 sed
2100 1750 2530 1808 obscurissimas
2588 1761 2672 1809 εει
2733 1754 2925 1810 iisdem
2986 1758 3051 1813 de
3103 1761 3431 1817 stationibus

168 1823 519 1892 temporibus
580 1824 847 1887 stationes
892 1826 1185 1880 nominatae
1230 1827 1501 1892 videntur,
1547 1829 1641 1884 sed
1685 1830 1753 1884 ab

167 1913 288 1984 ipsa
326 1914 645 1980 assistendi,
687 1917 790 1971 hoc
830 1925 913 1971 est
954 1918 1310 1971 conveniendi
1346 1921 1750 1975 commorandi-

164 2018 275 2074 que
333 2003 653 2069 iunctione;
711 2008 856 2076 quod
919 2007 1060 2061 ultra
1127 2007 1429 2076 legitimum
1473 2025 1751 2080 synaxeon

164 2105 408 2165 tempus,
461 2098 712 2152 videlicet
744 2099 1098 2165 matutinum,
1129 2100 1374 2155 divinum
1408 2101 1643 2157 otlicium
1683 2103 1750 2159 ad

162 2202 372 2242 nonam
420 2204 593 2259 usque
643 2193 1031 2261 producerent,
1083 2202 1137 2247 et
1168 2194 1538 2251 dinturniores
1574 2197 1628 2251 in
1656 2212 1749 2252 ec-

162 2278 330 2333 etesia
367 2295 551 2335 moras
592 2292 834 2351 agerent.
880 2283 1037 2353 Apud
1081 2283 1411 2355 Cyprianum
1455 2287 1617 2355 epist.
1655 2287 1747 2354 εΗ,

158 2369 244 2425 Ad
290 2370 601 2425 Cornelium
633 2374 1101 2442 papam,stationis
1133 2391 1331 2431 nomen
1375 2385 1483 2431 tam
1518 2382 1584 2433 de
1620 2395 1752 2434 con-

158 2471 329 2517 ventu
365 2463 509 2533 ipso,
547 2481 712 2534 quam
743 2466 809 2520 de
840 2480 1083 2535 tempore
1124 2483 1189 2524 ac
1231 2468 1318 2525 die
1366 2480 1541 2539 potest
1586 2473 1746 2527 intel-

158 2553 287 2624 ligi;
325 2569 452 2608 cum
491 2556 559 2609 de
597 2554 889 2612 Novatiani
939 2559 1133 2629 legatis
1175 2560 1228 2615 in
1280 2561 1520 2615 Africam
1565 2564 1747 2620 missis

159 2662 335 2718 agens
370 2665 385 2701 :
419 2647 524 2712 Qui
553 2666 671 2702 cum
701 2650 755 2704 in
782 2653 1032 2717 statione,
1071 2654 1269 2725 inquit,
1308 2656 1582 2711 invidiosis
1614 2674 1747 2727 quo-

159 2754 259 2808 que
317 2741 569 2795 conviciis
641 2753 690 2796 et
755 2743 1076 2800 clamoribus
1138 2748 1453 2803 turbulentis
1525 2767 1747 2820 prorue-

158 2839 311 2894 runt,
347 2841 455 2886 etc.

226 2922 607 2988 Quamobrem
643 2926 908 2982 stationes
938 2942 1047 2983 non
1078 2928 1287 2999 jejunia
1325 2940 1441 3001 ipsa
1474 2946 1620 2999 sunt,
1652 2936 1745 2990 sed

155 3030 289 3068 eum
318 3014 549 3085 jejuniis
575 3015 891 3085 conjuncta.
924 3016 1249 3090 Quanquam
1273 3022 1473 3093 duplex
1508 3025 1748 3095 jejunio-

153 3120 285 3159 rum
313 3121 490 3176 genus
519 3108 661 3176 apud
690 3109 949 3179 antiquos
976 3109 1080 3165 fuit
1112 3131 1124 3166 :
1157 3129 1281 3167 nam
1317 3115 1463 3171 aliud
1509 3119 1747 3188 exquisi-

152 3199 271 3253 tius
303 3206 445 3261 erat,
479 3199 623 3268 quod
651 3200 887 3271 longius,
926 3202 1028 3257 hoc
1052 3214 1137 3259 est
1160 3206 1227 3260 ad
1251 3222 1535 3278 vesperam
1572 3226 1747 3279 usque

149 3288 588 3359 prorogabatur,
625 3290 705 3343 uti
755 3293 1229 3364 quadragesimale
1268 3297 1560 3367 jejunium.
1618 3299 1749 3371 Ερίυ

148 3381 403 3453 phanius
449 3381 593 3435 enim
641 3379 807 3448 intra,
838 3382 1025 3438 eodem
1074 3385 1181 3440 isto
1232 3402 1482 3451 numero,
1510 3404 1746 3460 synaxes

148 3472 686 3544 quadragesimales,
717 3473 785 3528 ab
811 3475 945 3529 hora
974 3490 1121 3530 nona
1158 3477 1224 3531 ad
1262 3493 1543 3548 vesperam
1573 3495 1748 3549 usque

150 3565 432 3623 celebrari
469 3565 630 3622 docet
657 3582 672 3619 :
704 3573 831 3621 ante
852 3581 992 3635 quas
1019 3568 1251 3639 synaxes
1273 3568 1482 3639 jejunia
1521 3572 1745 3628 minime

152 3657 542 3714 solvebantur.
568 3657 731 3712 Aliud
762 3666 880 3713 erat
899 3658 1063 3728 paulo
1087 3659 1374 3717 remissius
1404 3677 1468 3717 ac
1502 3663 1743 3732 brevius,

151 3749 309 3819 quod
339 3748 409 3804 ad
442 3765 643 3804 nonam
671 3750 935 3805 duntaxat
963 3751 1359 3822 produceretur
1384 3774 1398 3811 :
1433 3756 1744 3827 cujusmodi

153 3841 314 3897 terim
373 3850 583 3911 quartae
638 3851 912 3912 sextaeque
957 3844 1227 3914 jejunium
1276 3849 1551 3907 exstitisse
1598 3851 1742 3906 idem

152 3930 503 4002 Epiphanius
543 3933 776 3988 asserit:
809 3934 1037 4004 Τετράδι
1056 3936 1136 4001 δὲ,
1164 3938 1258 3992 καὶ
1282 3939 1339 3992 ὲν
1370 3938 1736 4012 προσαϐὅάτῳ

153 4028 217 4080 ὲν
253 4025 479 4097 νηστείᾳ
510 4025 616 4090 ἕως
651 4024 803 4098 ὧρας
832 4026 1047 4099 ἐνάτης.
1092 4026 1230 4083 Hinc
1257 4038 1363 4093 est,
1400 4032 1563 4100 quod,
1592 4042 1652 4086 ut
1675 4048 1742 4088 ex

158 4115 511 4172 Tertulliano
544 4117 905 4186 conspicuum
930 4127 1036 4182 est,
1068 4119 1333 4177 stationes
1354 4136 1461 4176 non
1488 4123 1631 4178 ultra
1650 4140 1743 4178 no-

157 4223 288 4263 nam
317 4205 759 4267 extenderentur.
793 4207 914 4274 Quo
948 4210 1171 4266 nomine
1205 4226 1236 4265 a
1263 4212 1570 4276 catholicis.
1601 4230 1745 4283 Quos

155 4295 462 4368 Psycbicos
485 4298 739 4367 appellat,
765 4297 1105 4355 Montanistae
1124 4303 1442 4371 reprehensi
1472 4314 1619 4367 sunt,
1639 4321 1739 4375 pro

1856 1848 2068 1910 quarta:
2120 1849 2395 1912 sextzeque
2440 1841 2589 1898 feriae
2622 1843 2936 1899 Tertulliani
2969 1846 3122 1903 locus
3160 1865 3279 1919 cap.
3319 1850 3379 1902 Li
3414 1868 3426 1904 :

1854 1929 1963 1985 Cur
1994 1933 2330 1998 stationibus,
2364 1934 2558 2003 inquit,
2605 1946 2850 2004 quartam
2896 1946 2945 1990 et
2970 1948 3171 1992 sextam
3207 1939 3430 1994 Subbati

1854 2023 2119 2091 dicamus,
2166 2033 2216 2078 et
2263 2025 2480 2095 jejuniis
2527 2025 2895 2082 Parasceven?
2940 2028 3073 2084 Nam
3132 2031 3430 2088 Parasceve

1851 2115 1983 2187 quid
2011 2116 2155 2170 aliud
2187 2124 2270 2171 est
2302 2134 2467 2188 qnam
2502 2130 2649 2174 sexta
2681 2119 2937 2175 Sabbati?
2978 2121 3245 2179 Praeterea
3285 2125 3429 2194 Μαι

1851 2209 2004 2263 nium
2042 2207 2343 2264 Parasceve
2396 2210 2497 2264 soli
2558 2211 2767 2276 tribuit,
2817 2215 2973 2283 quasi
3029 2231 3133 2272 non
3185 2228 3234 2272 et
3294 2218 3426 2274 feria

1851 2310 2044 2370 quarta
2078 2309 2135 2356 ut
2162 2304 2348 2366 statio,
2379 2303 2451 2356 ita
2472 2302 2746 2373 jejunium
2779 2306 3021 2361 solemne
3052 2307 3232 2361 fuerit.
3254 2307 3428 2379 llnjns

1850 2391 1903 2445 in
1958 2392 2061 2446 loci
2116 2392 2560 2463 interpretatione
2629 2397 2829 2449 mirum
2889 2397 3017 2465 quid
3080 2396 3320 2453 Pamelio
3371 2401 3426 2454 in

1848 2493 2087 2538 mentem
2142 2485 2370 2549 venerit,
2426 2502 2548 2540 cum
2604 2485 2944 2541 Parasceven
3000 2503 3031 2541 a
3089 2487 3428 2545 Tertulliano

1848 2591 1990 2631 nove
2042 2574 2340 2630 Sabbatum
2392 2578 2650 2646 appellari
2695 2579 2945 2632 credidit.
2997 2579 3303 2647 Stationes,
3341 2582 3426 2634 in-

1848 2668 1986 2737 quit,
2026 2667 2255 2737 appellat
2284 2678 2490 2738 quarta:
2534 2679 2582 2722 et
2624 2678 2787 2722 sexta:
2832 2668 2981 2737 feria:
3022 2670 3250 2738 jejunio,
3285 2672 3425 2740 quod

1846 2769 2047 2813 statuta
2080 2769 2249 2814 essent
2285 2760 2392 2814 illis
2416 2760 2597 2814 diebus
2615 2761 2845 2829 jejunio,
2878 2778 2980 2815 non
3005 2763 3125 2815 item
3154 2763 3241 2816 die
3263 2762 3426 2816 Para-

1846 2867 2034 2915 sceves,
2062 2867 2178 2921 qua:
2217 2860 2369 2909 erant
2414 2852 2735 2906 voluntaria.
2766 2850 2830 2904 Et
2866 2868 3091 2906 numero
3118 2862 3377 2922 sequente
3406 2872 3420 2908 :

1847 2945 2173 2998 Parasceven
2236 2945 2311 2998 ait
2349 2960 2460 2998 esse
2503 2943 2797 2999 Sabbatum
2825 2982 2841 3009 ,
2902 2945 3039 3014 quod
3088 2944 3422 2999 Dominicam

1848 3037 2179 3106 praecederet.
2212 3036 2327 3102 Quo
2359 3038 2443 3091 die
2468 3036 2735 3106 jejunium
2761 3053 2855 3106 pro
2875 3037 3125 3107 cujusque
3154 3038 3421 3093 voluntate

1847 3138 2109 3182 servatum
2139 3140 2238 3182 est.
2271 3125 2415 3182 Nihil
2451 3137 2543 3183 aut
2571 3128 2884 3191 absurdius,
2928 3140 3020 3183 aut
3050 3131 3193 3199 quod
3226 3146 3257 3184 a
3288 3129 3413 3185 Ter-

1847 3219 2059 3273 tulliani
2114 3229 2296 3275 mente
2352 3221 2526 3291 magis
2577 3220 2933 3285 abhorreret,
2987 3220 3168 3275 alferri
3218 3221 3417 3290 potuit.

1846 3309 2079 3366 Tantum
2110 3311 2257 3366 enim
2306 3310 2476 3376 abest,
2509 3320 2566 3365 ut
2604 3308 2971 3365 Tertullianus
3012 3309 3308 3366 Sabbatum
3336 3310 3421 3381 je-

1839 3403 2011 3473 juniis
2055 3403 2295 3458 dicatum
2323 3412 2443 3459 esse
2470 3403 2921 3472 pronuntiaverit,
2956 3410 3015 3457 ut
3045 3402 3112 3457 de
3145 3417 3210 3456 eo
3234 3403 3419 3459 statim

1843 3495 1948 3550 ista
1974 3495 2233 3565 subjiciat
2266 3513 2280 3549 :
2317 3494 2634 3565 Quanquam
2675 3509 2763 3547 vos
2807 3494 2969 3546 etiam
3013 3492 3324 3558 Sabbatum,
3371 3496 3420 3548 si

1842 3587 2072 3659 quando,
2105 3586 2447 3652 continuatis,
2490 3601 2756 3655 nunquam
2801 3585 2906 3638 nisi
2947 3585 3001 3638 in
3030 3582 3239 3639 Pascha
3274 3586 3421 3655 jeju-

1844 3679 2098 3742 nandum,
2127 3678 2412 3731 secundum
2443 3678 2700 3731 rationem
2729 3675 2859 3730 alibi
2894 3676 3172 3730 redditam.
3201 3675 3256 3731 Si
3281 3694 3421 3732 nun-

1842 3786 2006 3841 quam
2032 3768 2273 3825 Sabbato
2298 3767 2679 3840 jejunandum,
2716 3783 2825 3823 uno
2856 3766 3126 3822 duntaxat
3167 3776 3413 3838 excepto,

1843 3863 2120 3933 quomodo
2150 3863 2390 3917 dicatum
2416 3878 2447 3917 a
2484 3861 2626 3929 suis,
2659 3860 2882 3932 perinde
2910 3876 2972 3915 ac
2999 3861 3303 3924 catholicis,
3330 3861 3415 3931 je-

1838 3956 1997 4025 junio
2024 3954 2320 4009 Sabbatum
2344 3954 2715 4009 Tertullianus
2738 3954 2920 4009 dicere
2949 3954 3164 4023 potuit?
3184 3953 3417 4008 Aliunde

1842 4048 2009 4116 igitur
2039 4047 2327 4115 quaerenda
2368 4056 2451 4101 est
2496 4046 2601 4100 loci
2642 4045 2789 4102 illius
2836 4046 3145 4115 explicatio.
3176 4046 3307 4112 Quae
3345 4061 3413 4100 an

1842 4136 2111 4207 ejusmodi
2138 4136 2310 4205 possit
2334 4150 2474 4196 esse,
2523 4135 2978 4190 considerandum
3007 4144 3091 4189 est
3115 4153 3128 4189 :
3154 4134 3413 4188 nimirum

1843 4225 2162 4280 Tertulliani
2194 4235 2456 4294 tempore,
2486 4239 2611 4281 cum
2661 4225 2923 4279 stationes
2968 4222 3098 4278 feria
3133 4231 3327 4293 quarta
3358 4229 3414 4277 et

1842 4326 1993 4373 sexta
2023 4319 2231 4378 tierent,
2266 4317 2439 4371 ambae
2464 4317 2681 4386 quidem
2707 4314 2774 4370 ad
2804 4330 3003 4370 nonam
3033 4315 3297 4369 duntaxat
3321 4314 3413 4368 ho-

155 4403 227 4443 εο
280 4387 431 4457 (ὶυοά
484 4391 752 4445 “amnes
803 4405 934 4447 ⁸³³9
982 4392 1049 4446 ad
1098 4407 1380 4463 vesperam
1413 4396 1734 4464 Prorel'l'em-
1769 4435 1813 4491 Ι)
1842 4425 1957 4464 ram
1991 4416 2291 4478 prorogata:
2336 4415 2492 4474 sunt;
2530 4406 2635 4461 sed-
2674 4405 2805 4460 feria
2848 4400 3257 4474 quarta'statim
3288 4412 3414 4473 post

156 4478 486 4535 Tertulliani
515 4482 676 4536 verba
713 4490 843 4536 sunt
866 4482 957 4539 lib.
977 4481 1051 4537 De
1061 4483 1284 4553 jejuniis
1310 4497 1495 4541 contra
1520 4486 1735 4557 Page/1.:

156 4569 342 4640 Eque
367 4572 626 4627 stationes
659 4581 890 4636 nostras,
921 4583 978 4625 ut
997 4573 1253 4644 indignas
1271 4591 1291 4639 ;
1334 4575 1595 4638 quasdam
1621 4594 1741 4632 vero

152 4671 206 4716 et
229 4663 288 4715 in
301 4678 477 4715 serum
495 4664 809 4717 constitutas
834 4664 1082 4718 novitatis
1101 4667 1310 4721 nomine
1335 4667 1580 4722 incusant
1603 4682 1620 4721 :
1643 4669 1741 4722 hoc

154 4769 365 4824 quoque
391 4770 580 4809 munus
604 4766 651 4810 et
674 4770 741 4810 ea:
769 4755 992 4809 arbitrio
1018 4757 1313 4812 obeundum
1348 4776 1460 4814 esse
1487 4761 1737 4826 dicentes,

154 4854 206 4900 et
230 4861 338 4900 non
363 4844 511 4900 ultra
539 4862 735 4902 nonam
761 4847 1122 4915 detinendam,
1141 4849 1204 4903 de
1232 4866 1329 4903 suo
1350 4850 1550 4906 scilicet
1573 4869 1735 4908 more.

156 4934 366 4991 Ibidem
396 4944 655 5003 praeterea
691 4956 705 4993 :
738 4940 982 5010 Arguunt
1011 4956 1105 4995 nos
1138 4942 1276 5011 quod
1291 4941 1503 5012 jejunio
1522 4947 1739 5015 propria

154 5027 546 5093 custodiamus,
587 5032 725 5099 quod
758 5034 1011 5089 stationes
1032 5035 1338 5108 plerumque
1375 5037 1431 5090 in
1474 5054 1739 5105 vesperam

154 5121 535 5192 producamus.
582 5119 704 5187 Quo
753 5125 807 5180 in
858 5126 981 5182 loco
1014 5143 1122 5183 non
1152 5127 1340 5184 leviter
1373 5128 1740 5185 hallucinatus

153 5222 244 5270 est
287 5210 606 5279 Pamelius,
657 5213 785 5269 dum
834 5215 1228 5274 Tertullianum
1260 5234 1354 5288 per
1403 5221 1735 5276 calumniam

157 5307 278 5360 llth
330 5305 387 5359 in
434 5304 767 5361 orthodoxos
813 5306 997 5376 jacere
1035 5310 1245 5375 scribit,
1280 5311 1425 5382 quod
1470 5322 1736 5383 negarent

156 5396 448 5463 stationes.
486 5398 592 5454 hoc
619 5409 701 5455 est
722 5398 932 5473 jejunia
963 5402 1104 5458 ultra
1132 5419 1331 5459 nonam
1363 5408 1733 5477 propaganda,

158 5504 310 5554 cum,
341 5498 401 5543 ut
429 5504 493 5545 ex
530 5491 758 5549 inﬁnitis
785 5500 1025 5548 veterum
1052 5496 1383 5553 testimoniis
1407 5508 1642 5563 constat,
1667 5499 1733 5553 ad

156 5581 295 5636 solis
365 5596 623 5639 occasum
693 5601 865 5655 usque
923 5584 1131 5655 jejunia
1183 5588 1562 5657 produxerim.
1627 5590 1733 5645 Sed

157 5672 303 5728 aliud
334 5673 584 5732 videlicet
604 5677 767 5734 statio
789 5686 890 5744 cst,
920 5694 1084 5749 quam
1107 5679 1406 5751 jejunium;
1434 5692 1489 5739 et
1514 5681 1724 5754 jejunia

1841 4498 2097 4555 stationis
2121 4499 2325 4553 exitum
2354 4499 2658 4565 horamque
2682 4511 2881 4550 nonam
2900 4495 3169 4565 jejunium
3201 4496 3412 4551 solvere

1840 4590 2044 4647 licitum
2076 4589 2207 4645 luit:
2239 4599 2389 4644 sexta
2411 4602 2541 4643 vero
2574 4588 2728 4655 feria,
2752 4588 2963 4658 expleto
2993 4587 3246 4643 stationis
3274 4597 3412 4642 tem-

1840 4695 1991 4750 pore,
2032 4696 2139 4734 non
2175 4680 2361 4735 statim
2407 4678 2492 4735 l'as
2521 4687 2639 4734 erat
2670 4678 2838 4742 vesci,
2881 4677 2974 4734 sed
3021 4678 3089 4733 ad
3127 4693 3409 4747 vesperam

1840 4779 2049 4825 tantum
2084 4788 2098 4825 :
2131 4770 2273 4825 unde
2320 4769 2455 4825 feria
2502 4780 2692 4841 quarta
2717 4769 3143 4841 semijejunium,
3178 4779 3240 4825 ut
3272 4768 3408 4825 Ter-

1839 4862 2101 4917 tullianus
2152 4870 2330 4925 vocat,
2365 4862 2712 4918 observatum
2760 4870 2863 4926 est,
2903 4871 3053 4916 sexta
3117 4859 3407 4930 jejunium.

1839 4952 1917 5008 Ita
1956 4954 2234 5010 nonnullis
2264 4957 2317 5008 in
2346 4953 2504 5020 locis,
2534 4962 2594 5007 ut
2632 4952 2807 5022 paulo)
2840 4960 2960 5021 post
3002 4959 3229 5005 testatur
3280 4949 3411 5019 Epi-

1838 5048 2097 5118 phanius,
2129 5047 2258 5103 feria
2287 5048 2477 5118 quinta
2509 5046 2733 5117 majoris
2759 5045 3111 5100 hebdomadas
3139 5058 3263 5099 cum
3300 5051 3412 5098 sta-

1840 5141 2018 5196 tiones
2062 5147 2116 5195 et
2157 5154 2391 5210 synaxes
2414 5137 2480 5193 ad
2507 5137 2698 5192 horam
2742 5151 2943 5191 nonam
2986 5135 3407 5199 celebrarentur,

1838 5246 1944 5286 non
1998 5239 2182 5286 tamen
2229 5229 2460 5286 subinde
2510 5228 2719 5299 jejunia
2771 5227 3143 5282 solvebantur.
3182 5224 3245 5278 Et
3282 5241 3411 5280 vero

1838 5322 2072 5378 arctiore
2110 5321 2322 5392 jejunio
2372 5335 2437 5376 ac
2488 5320 2832 5376 diuturniore
2877 5318 3055 5374 inedia
3086 5316 3407 5373 celebranda

1837 5415 1954 5471 dies
2004 5414 2096 5469 illa
2136 5414 2335 5478 fuerat,
2366 5427 2487 5484 qua:
2528 5412 2827 5468 Dominica:
2855 5410 3105 5466 Passieni
3139 5408 3412 5479 praecipue

1837 5517 2211 5563 consecratur.
2234 5505 2496 5576 Equidem
2522 5520 2632 5559 non
2660 5505 2818 5559 video
2841 5504 2970 5574 quid
3009 5503 3075 5557 de
3093 5500 3409 5555 Tertulliani

1837 5599 1958 5653 loco
1992 5599 2083 5653 illo
2114 5598 2218 5652 dici
2246 5597 2584 5668 probabilius
2613 5597 2807 5667 possit.
2841 5594 2958 5649 Jam
2994 5609 3122 5650 vero
3161 5608 3255 5664 per
3288 5592 3409 5646 illos

1839 5691 2133 5748 stationum
2171 5690 2311 5758 dies,
2338 5706 2459 5763 quze
2491 5705 2616 5746 cum
2654 5688 2864 5760 jejunio
2889 5687 3195 5759 conjuncta:
3224 5693 3407 5752 erant,
