3874 6316
456 314 591 372 ".31

1586 306 1928 366 APPENDIX
1972 297 2595 361 DISSEBTATIONUM.

3580 296 3723 357 “19-3

447 442 639 489 contra
670 439 832 500 atque
863 429 915 483 in
949 427 1488 499 majoribusjejuniis
1516 426 1772 495 usurpari
1801 439 2029 480 consue-

2140 431 2324 476 ratur:
2374 420 2442 472 Εἴ
2467 437 2551 483 τις
2593 417 2849 491 κληρικὸς
2878 412 3075 489 εὑρεθῇ
3120 417 3216 489 τὴν
3251 415 3545 487 Κυριακὴν
3579 417 3722 485 ἠμέ-

449 532 622 588 verat,
649 523 834 577 divina
873 521 1126 593 mysteria
1181 533 1235 575 et
1282 520 1553 576 sacrilicia
1604 519 2025 588 peragebantur,

448 615 740 670 distributa
768 630 987 682 quoque
1017 613 1069 667 in
1103 613 1286 667 ﬁdeles
1318 611 1668 667 Eucharistia
1697 628 1711 664 ε
1745 623 1908 678 quam
1945 617 2028 661 ta-

449 719 573 758 men
607 720 714 757 non
745 703 974 758 subinde
1028 704 1079 756 in
1109 719 1170 758 os
1202 703 1399 773 trajici,
1433 703 1526 757 sed
1561 702 1827 755 reservari
1867 714 2031 768 opor-

451 805 563 851 tere
603 795 970 849 Tertullianus
1001 795 1276 856 admonet,
1323 795 1378 848 in
1421 795 1568 850 calce
1602 793 1696 846 lib.
1744 791 1821 844 De
1865 799 2028 853 orat.,

447 890 625 942 donec
653 888 904 942 absoluta
930 888 1000 942 sit
1026 887 1208 941 statio.
1241 885 1426 956 Neque
1462 895 1574 940 tum
1606 884 2030 954 prmtermissum

448 981 666 1034 videtur
695 982 843 1049 pacis
873 980 1146 1042 osculum,
1176 977 1319 1048 quod
1357 992 1467 1032 uno
1499 976 1724 1030 Pascha:
1765 973 1852 1029 die
1888 991 2034 1028 com-

448 1072 687 1124 muniter
724 1071 791 1124 ab
832 1070 1089 1123 omnibus
1123 1069 1392 1122 omissum
1427 1067 1568 1120 idem
1599 1077 1789 1118 auctor
1824 1062 2031 1133 signiﬁ-

449 1173 558 1218 cat.
599 1164 704 1217 Sed
736 1165 802 1217 de
830 1163 997 1217 variis
1023 1161 1391 1215 Ecclesiarum
1438 1159 1632 1213 ritibus
1656 1157 1880 1212 consule
1911 1170 2031 1225 quae

450 1256 503 1308 in
540 1256 820 1324 superiore
851 1265 976 1307 nota
1009 1271 1071 1308 ex
1097 1254 1399 1323 Augustino
1426 1259 1478 1305 et
1506 1250 1821 1304 lunocrntio
1849 1248 2033 1302 decla-

449 1347 715 1401 ravimus.
751 1345 912 1398 Plura
959 1345 1026 1398 de
1061 1327 1161 1398 hoc
1197 1345 1493 1397 stationum
1549 1341 1654 1394 ritu
1700 1339 2034 1407 antiquitatis

449 1440 832 1494 ecclesiasticae
877 1437 1108 1492 studiosi
1167 1435 1538 1504 pervestigare
1579 1443 1866 1502 poterunt;
1909 1445 2031 1484 cum

449 1541 500 1586 tt
546 1548 645 1585 nos
689 1531 942 1600 pleraque
976 1530 1228 1583 consulto
1257 1527 1702 1597 pt'tetet'ierimus,
1738 1534 1882 1578 utea
1918 1523 2032 1577 sola

447 1625 963 1692 cmnplecterentur,
990 1637 1224 1690 quorutn
1257 1620 1569 1674 obscuritas
1592 1617 1770 1672 lucem
1793 1617 2032 1686 aliquam

450 1722 648 1765 nostra:
677 1712 1064 1780 disputationis
1094 1712 1353 1779 exigeret.

2135 531 2232 586 ραν
2267 511 2558 582 νηστεύων,
2593 511 2625 580 ἢ
2652 510 2712 563 τὸ
2739 509 3013 564 Σαϐϐαῖον
3035 508 3196 579 (πλὴν
3230 509 3323 561 τοῦ
3359 508 3479 571 ἐνὸς
3505 507 3721 576 μόνον),

2130 604 2527 674 καθαιρείσθω·
2582 605 2628 654 εἰ
2680 601 2737 654 δὲ
2782 601 3004 664 λαῖκὸς,
3049 599 3421 671 ἀφοριζέσθωο
3477 599 3724 652 Clericus

2130 699 2220 768 qui
2263 696 2539 749 Dominico
2581 694 2705 757 die,
2741 693 2819 746 vel
2867 690 3099 746 Sabbato
3155 694 3279 761 (uno
3321 691 3586 743 duntaxat
3631 707 3726 744 ετ-

2132 788 2298 858 cepto)
2347 789 2592 856 jejunare
2629 785 2975 854 deprehensus
3025 787 3127 847 sit,
3175 785 3501 852 deponatur;
3551 784 3723 836 laicus

2131 881 2632 934 excommunicetur.
2677 877 2796 930 Non
2828 885 3004 946 potest
3037 877 3140 930 hoc
3173 877 3240 929 ab
3269 877 3540 945 apostolis
3569 891 3724 928 eom-

2133 973 2284 1026 nmni
2312 988 2432 1025 esse
2469 970 2687 1024 decreto
2739 969 3122 1023 constitutum.
3150 969 3255 1021 Aut
3287 969 3330 1022 si
3366 969 3725 1036 Apostolic-us

2133 1065 2236 1118 iste
2277 1080 2452 1118 canon
2487 1073 2606 1127 est,
2654 1062 2770 1116 lucc
2807 1061 3001 1126 verba,
3037 1060 3070 1130 ἢ
3122 1061 3182 1113 τὸ
3227 1061 3510 1114 Σάὄϐατον
3534 1101 3551 1123 ,
3582 1062 3727 1132 πλὴν

2133 1155 2226 1210 τοῦ
2272 1156 2387 1219 ἑνὸς
2422 1156 2583 1226 μόνου
2609 1195 2624 1219 ,
2673 1155 2741 1209 ab
2790 1153 2980 1208 otiosis
3022 1152 3282 1207 Grieculis
3314 1154 3526 1206 intexta
3573 1163 3723 1207 sunt.

2133 1249 2243 1303 Nec
2297 1249 2539 1302 melioris
2601 1257 2742 1300 nota:
2792 1254 2958 1310 sunt,
3001 1258 3122 1313 quae
3180 1244 3233 1296 in
3275 1245 3463 1312 Apost.
3503 1245 3722 1298 constit.

2135 1345 2382 1413 leguntur
2418 1343 2510 1395 lib.
2556 1357 2659 1403 rtt,
2685 1356 2804 1410 cap.
2836 1339 2942 1402 2-1,
2973 1340 3062 1392 ubi
3091 1338 3159 1392 τὰ
3181 1336 3437 1391 Σάϐϐατα
3480 1337 3580 1390 καὶ
3625 1339 3724 1401 τὰς

2135 1416 2420 1507 Κυρτακόις
2454 1434 2729 1504 ἑορτάζειν
2753 1432 3014 1502 prtecipit.
3048 1431 3201 1498 Quod
3232 1433 3301 1485 ab
3330 1433 3602 1501 apostolis
3630 1431 3724 1486 toti

2135 1529 2393 1585 Ecclesize
2424 1545 2701 1596 nunquam
2741 1543 2861 1580 esse
2896 1527 3288 1595 praescriptum,
3331 1526 3722 1579 sanctissimo-

2137 1638 2255 1674 rum
2291 1621 2509 1674 Patrum
2559 1634 2862 1673 enusensus
2890 1618 3227 1686 approbarit.
3260 1618 3381 1671 Alia
3419 1627 3508 1670 est
3535 1615 3723 1686 lgnatii

2136 1713 2298 1777 ratio,
2328 1712 2419 1781 qui
2459 1711 2524 1765 ad
2560 1708 2936 1779 Philippenses
2959 1710 3206 1763 scribens
3235 1749 3249 1772 ,
3287 1724 3395 1761 non
3427 1707 3724 1763 universali

519 1805 634 1860 Col.
657 1795 2036 1874 888A.Alzapdmcztjcﬂermxoo'zﬁc.Vichi-
2070 1783 2110 1837 Β
2139 1803 2396 1858 Ecclesia.
2433 1803 2548 1863 iura
2581 1803 2940 1865 constituens,
2962 1803 3121 1868 epist.
3153 1803 3207 1863 4,
3234 1799 3336 1852 ista
3373 1800 3719 1868 pronuntiat:

451 1913 662 1953 cantum
699 1913 962 1952 canouem
991 1898 1114 1961 ult.,
1136 1896 1463 1951 Cassianum
1487 1895 1666 1948 collat.
1691 1893 1749 1946 2|
1767 1931 1781 1954 ,
1804 1907 1921 1960 cap.
1946 1891 2030 1944 11.

521 1992 656 2045 lbid.
676 1990 735 2043 B.
759 1991 903 2044 Οὔτε
918 1990 974 2042 ἐν
1001 1988 1076 2058 τῇ
1100 1989 1289 2058 ἡμέρᾳ
1305 1988 1425 2041 τῶν
1449 1985 1834 2054 Ἐπιφανίων.
1856 1983 2034 2036 Multis

452 2085 614 2155 igitur
647 2085 822 2138 modis
841 2084 1159 2138 admirabile
1188 2083 1567 2137 estdecretqu
1593 2079 1720 2132 illud
1748 2076 2034 2146 Theophili

451 2177 807 2234 Alexandrini
869 2176 1151 2245 episcopi,
1219 2175 1366 2245 quod
1444 2173 1588 2243 apud
1653 2171 2036 2226 Balsamouem

452 2280 630 2326 exstat
677 2287 799 2340 pag.
833 2268 1003 2334 1067,
1053 2269 1111 2322 in
1161 2283 1272 2338 quo
1305 2277 1358 2322 et
1382 2266 1734 2335 Theophania
1774 2265 2036 2335 νήστιμον

452 2362 664 2432 ἡμέραν
696 2375 816 2415 esse
846 2360 1015 2414 dicit:
1045 2369 1119 2424 et,
1151 2360 1410 2428 quoniam
1460 2358 1553 2412 illo
1583 2371 1726 2412 anno
1767 2355 1819 2409 itt
1852 2354 2038 2407 Domi-

453 2453 632 2506 nicatn
667 2451 954 2515 inciderat,
1008 2451 1197 2520 paucis
1230 2450 1605 2503 tantummodo
1636 2447 1863 2518 dactylis
1891 2446 2035 2499 vesci

449 2544 638 2614 jubet,
671 2559 782 2612 quo
836 2543 904 2596 ab
940 2543 1208 2597 haereticis
1239 2542 1518 2611 sejunctas
1564 2556 1623 2596 se
1666 2554 1787 2594 esse
1818 2539 2037 2608 proﬁte-

453 2644 667 2701 rentur,
699 2635 792 2704 qui
824 2633 1119 2688 l)omiuic."e
1153 2633 1573 2688 resurrectionis
1620 2632 1765 2686 diem
1802 2646 1907 2683 non
1941 2644 2037 2683 co«

454 2727 659 2792 lerent,
721 2737 774 2782 et
832 2727 937 2781 hoc
993 2728 1130 2795 ipso,
1187 2725 1336 2796 quod
1395 2725 1756 2795 vespertinam
1808 2722 2034 2794 synaxiu

453 2820 922 2890 praastolarentur,
970 2819 1161 2888 jejunii
1224 2816 1473 2887 religioni
1535 2815 1940 2881 satisfacerent;
1975 2827 2038 2866 ac

453 2920 730 2982 postremo
767 2927 1002 2986 synaxes
1042 2910 1110 2965 ab
1144 2909 1277 2964 hora
1328 2923 1473 2962 nona
1500 2906 1850 2961 celebrandas
1899 2905 2038 2960 indi-

458 3001 552 3058 cit.
613 3001 776 3071 Atqui
837 3000 1135 3056 Dominicis
1199 2999 1393 3055 dieltus
1463 3013 1696 3070 synaxes
1759 2997 2039 3051 matutinae

459 3110 649 3149 omnes
678 3103 863 3161 erant;
888 3103 942 3148 et
970 3092 1115 3162 quod
1139 3108 1342 3162 paucos
1361 3091 1602 3162 dactylos
1631 3090 1732 3144 sub
1755 3102 2035 3159 vesperam
2068 3121 2111 3181 ο

455 3185 845 3249 comederent,
888 3185 1024 3238 nihil
1077 3185 1365 3246 obstabat,
1423 3181 1714 3250 quominus
1769 3181 2038 3251 jejunium

455 3289 603 3332 esset
636 3277 939 3347 ejusmodi,
973 3277 1135 3346 quale
1185 3275 1487 3330 Dominicis
1539 3275 1732 3328 diebus
1785 3274 2040 3328 omnibus

457 3364 806 3419 interdictum
844 3364 1016 3420 fuisse
1044 3381 1167 3419 cum
1214 3364 1554 3435 Epiphanius
1596 3365 1699 3418 hoc
1733 3363 1887 3427 loco,
1925 3373 2039 3418 tum

457 3457 549 3510 alii
606 3465 818 3512 veteres
866 3473 1058 3512 omnes
1107 3457 1394 3512 alIirutant.
1447 3457 1713 3512 Caeterum
1761 3456 1900 3511 idem
1953 3457 2042 3512 ille

459 3548 747 3619 Theophili
777 3551 930 3605 locus
976 3550 1231 3605 admonet
1261 3568 1274 3604 :
1305 3550 1348 3605 si
1393 3548 1744 3619 Tlteophania
1775 3549 1942 3603 alium
1985 3549 2040 3604 in

458 3641 621 3705 diem,
657 3657 820 3711 quam
853 3640 1224 3706 Dominicum,
1263 3641 1642 3704 incurrissent,
1672 3641 2038 3712 xerOpbagiis,

459 3732 564 3785 hoc
593 3741 677 3785 est
705 3747 865 3800 pauc,
899 3749 1022 3787 cum
1057 3733 1168 3788 sale
1196 3742 1250 3787 et
1270 3748 1431 3803 aqua,
1468 3733 1815 3803 transigenda
1852 3732 2037 3789 fuisse.

460 3814 620 3878 Nunc
654 3823 725 3876 ob
754 3823 860 3878 diei
892 3824 1212 3893 religionem
1249 3840 1453 3894 paucos
1480 3824 1723 3896 dactylos
1747 3826 2037 3880 remissos:

459 3928 600 3983 quos
625 3922 826 3978 tamen,
860 3922 918 3967 ut
945 3913 1139 3983 jejunii
1167 3915 1308 3970 ratio
1339 3915 1648 3979 haberetur,
1674 3924 1799 3972 ante
1824 3932 2042 3988 vesper-

465 4001 631 4058 tinam
662 4004 893 4074 synaxin
933 4005 1220 4074 degustare
1250 4007 1436 4060 vetuit.

532 4093 666 4149 Ibid.
718 4096 826 4161 Τὰς
866 4094 935 4148 δὲ
974 4097 1270 4166 Κῳιακὰς
1317 4097 1578 4165 ἁπάσας.
1612 4097 1688 4152 De
1741 4085 2036 4154 Dominicis

461 4187 614 4253 solis,
643 4203 752 4242 non
782 4190 910 4242 item
936 4187 1210 4257 Sabbatis,
1245 4192 1538 4259 prudenter
1563 4193 1665 4246 hoc
1696 4193 1948 4258 advertit,
1980 4202 2041 4246 ιιι.

461 4288 516 4334 et
539 4278 740 4349 Gangr.
765 4281 1006 4351 synodus
1035 4297 1157 4336 can.
1185 4283 1252 4337 18
1276 4282 1567 4352 dejejunio
1585 4283 1878 4339 Dominicis
1898 4285 2040 4339 dun-

475 4380 626 4425 taxat
657 4371 965 4438 interdixit;
996 4388 1101 4427 non
1133 4374 1277 4427 enim
1306 4374 1504 4442 ubique
1524 4413 1538 4436 ,
1581 4389 1680 4427 nec
1715 4374 1767 4428 in
1795 4383 1905 4429 tota
1937 4374 2039 4430 Ec-

2137 1895 2204 1947 Ei’
2245 1911 2329 1956 τις
2355 1892 2665 1964 Κυριακὴν,
2707 1891 2739 1961 ἦ
2790 1890 3065 1943 Σαϐϐατον
3115 1889 3387 1960 νηστεύει,
3434 1890 3582 1961 πλὴν
3613 1892 3723 1953 ἑνὸς

2137 1985 2416 2038 Σαϐὅὰτου
2445 2024 2460 2047 ,
2506 1979 2661 2046 οὗτος
2702 1983 3093 2055 Χριστοκτόνος
3131 1981 3297 2035 ἐστίν.
3342 1981 3723 2036 Graculorum

2137 2095 2265 2134 vero
2300 2093 2430 2132 sane
2472 2077 2827 2130 intolerabilis
2865 2085 2950 2130 est
3000 2074 3207 2140 fastus;
3246 2075 3340 2144 qui
3395 2076 3450 2127 in
3494 2075 3726 2145 pseudo-

2138 2170 2346 2239 synodo
2399 2166 2653 2221 'l‘rnllana
2726 2183 2847 2221 can.
2905 2166 2993 2230 55,
3051 2165 3352 2220 Romanam
3415 2166 3723 2222 Eeclesiam

2137 2263 2417 2325 damnant,
2453 2261 2595 2330 quod
2637 2276 2732 2329 per
2762 2259 3243 2330 Quadragesimam
3281 2259 3543 2316 Sabbatis
3585 2261 3727 2330 jeju-

2139 2364 2348 2408 narent.
2384 2354 2548 2423 Atqui
2585 2352 2839 2407 Socrates
2868 2353 2961 2406 lib.
2997 2369 3050 2415 v,
3078 2369 3207 2422 cap.
3237 2352 3328 2416 22,
3373 2351 3568 2406 Romae
3592 2353 3727 2408 scri-

2139 2448 2217 2502 bit
2252 2447 2504 2502 Sabbatis
2547 2449 2598 2501 in
2626 2447 3052 2517 Quadragesima
3095 2447 3398 2516 jejuuatum
3434 2462 3548 2501 non
3581 2462 3723 2502 esse.

2141 2539 2244 2595 Sed
2275 2541 2532 2594 nimiruut
2563 2540 2922 2594 halluciuatus
2952 2548 3166 2602 est,aut
3197 2540 3262 2592 ad
3283 2554 3476 2594 vocem
3510 2539 3726 2613 Ῥώμῃ,

2139 2632 2496 2702 adjiciendum
2524 2639 2607 2687 est
2632 2631 2759 2701 νέᾳ,
2788 2640 2847 2684 ιιι
2874 2630 2998 2683 νέαν
3031 2628 3246 2700 Ῥώμην
3263 2630 3730 2703 Constantinopo-

2141 2727 2232 2780 lim
2269 2725 2521 2794 appellet.
2568 2721 2703 2776 Nam
2740 2723 2972 2777 subinde
3007 2721 3172 2777 refert
3215 2725 3322 2776 πᾶν
3356 2724 3639 2778 Σαϐϐατον
3668 2727 3728 2778 ὲν

2150 2814 2336 2885 Ῥώμῃ
2365 2812 2737 2885 νηστεύεσοαι.
2763 2811 2839 2867 De
2878 2811 3098 2867 Sabbati
3126 2813 3333 2882 jejunio
3361 2824 3585 2870 exstant
3618 2815 3729 2871 Oc-

2141 2907 2492 2962 cidentalium
2525 2905 2860 2975 synodorum
2893 2921 3162 2969 canones,
3200 2917 3257 2960 ut
3298 2905 3623 2968 Eliberitaui
3657 2908 3728 2963 26

2140 3006 2195 3052 et
2224 2997 2421 3066 Agath.
2456 2995 2544 3063 12,
2605 3010 2816 3050 necnon
2857 3004 2910 3049 et
2956 2993 3253 3050 Innocentii
3283 2997 3444 3066 primi
3476 2998 3641 3066 epist.
3687 3015 3725 3063 ι,

2142 3109 2261 3163 cap.
2302 3093 2356 3148 4.
2398 3092 2570 3158 Quem
2621 3092 2838 3162 quidem
2880 3091 3110 3147 ridicule
3150 3093 3446 3147 admodum
3482 3093 3727 3164 Scaliger

2143 3185 2238 3242 lib.
2270 3199 2346 3238 vtt
2385 3184 2456 3240 De
2485 3184 2689 3238 emend.
2741 3194 2876 3252 temp
2931 3199 3053 3255 pag.
3087 3184 3182 3238 611
3208 3225 3223 3249 ,
3256 3185 3448 3238 scribit
3482 3187 3726 3254 primum

2140 3280 2385 3333 omnium
2416 3277 2722 3333 instituisse
2745 3317 2759 3340 ,
2797 3288 2856 3332 ut
2888 3276 3126 3331 Sabbato
3151 3279 3516 3346 jejuuaretur.
3549 3278 3723 3344 Quasi

2138 3385 2268 3426 vero
2301 3377 2450 3424 tanto
2481 3378 2606 3423 ante
2639 3368 3014 3423 Innocentium
3056 3385 3163 3423 non
3192 3369 3321 3423 illud
3345 3371 3724 3427 Occidentales

2139 3463 2551 3527 consuetudine,
2588 3477 2710 3532 quae
2743 3462 2918 3516 tacitae
2955 3461 3089 3531 legis
3127 3462 3300 3516 instar
3331 3473 3497 3527 esset,
3533 3465 3722 3518 obser-

2139 3554 2402 3609 vaverint.
2428 3551 2613 3624 Neque
2662 3568 2792 3608 vero
2837 3553 3184 3608 Innocentius
3214 3564 3323 3608 tam
3372 3555 3442 3610 de
3495 3555 3722 3610 Sabbati

2133 3645 2346 3716 jejunio
2369 3646 2656 3716 praecepit,
2689 3661 2850 3714 quam
2881 3660 3079 3700 causas
3113 3647 3312 3711 attulit,
3349 3662 3447 3702 cur
3477 3646 3721 3703 Sabbato

2135 3739 2492 3808 jejuuandum
2546 3738 2816 3793 videatur.
2858 3739 2939 3793 Ad
2995 3747 3294 3793 extremum
3321 3777 3336 3801 ,
3378 3740 3447 3794 de
3497 3739 3721 3796 Sabbati

2143 3829 2402 3899 religione
2463 3830 2604 3882 inter
2655 3828 3110 3897 pseudodiataxcs
3158 3829 3490 3898 apostolieas
3543 3840 3724 3889 exstat

2140 3919 2284 3974 Petri
2314 3935 2378 3973 ac
2406 3917 2558 3973 Pauli
2611 3920 2831 3974 nomine
2859 3919 3002 3974 edita
3055 3920 3267 3974 sanctio
3302 3919 3396 3972 lib.
3433 3935 3556 3985 vui,
3599 3936 3720 3990 cap.

2140 4013 2241 4066 55:
2279 4011 2345 4065 Ut
2375 4029 2433 4066 eo
2455 4011 2539 4064 die
2569 4028 2630 4065 ac
2656 4011 2932 4065 Domiuico
2955 4010 3088 4064 servi
3115 4010 3178 4064 ab
3205 4027 3356 4079 opere
3385 4011 3570 4079 feriati
3595 4013 3720 4065 sint.

2153 4101 2604 4172 Ἐργαζέσθωσαν
2627 4103 2677 4154 οἱ
2704 4101 2877 4154 δοῦλοι
2900 4101 3057 4154 πέντε
3097 4100 3330 4172 ἡμέρας,
3366 4101 3647 4154 Σάδδατον
3667 4102 3722 4154 δὲ

2140 4197 2235 4250 καὶ
2273 4197 2556 4266 Κυριακὴν
2606 4193 3013 4266 σχολαζέτωσαν
3059 4195 3118 4247 ὲν
3170 4197 3236 4266 τῇ
3291 4195 3593 4268 Ἐκκλησία
3639 4197 3722 4250 διὰ

2139 4289 2239 4361 τὴν
2279 4288 2626 4342 διδασκαλίαν
2652 4289 2749 4359 τῆς
2797 4287 3100 4350 εὐσεϐείας.
3132 4286 3246 4342 1100
3278 4302 3405 4341 vero
3441 4304 3721 4358 nunquam

2142 4384 2210 4438 ab
2240 4382 2501 4452 apostolis
2534 4396 2783 4448 manasse
2806 4381 3083 4434 decretum
3108 4388 3331 4450 apparet
3355 4395 3422 4433 ex
3455 4396 3544 4442 eo,
3579 4381 3722 4450 quod

465 4461 629 4516 clesia
658 4459 952 4516 Sabbatum
979 4463 1173 4532 jejunii
1217 4480 1410 4535 expers
1453 4463 1574 4519 fuit.
1604 4463 1714 4520 Nec
1759 4465 2036 4536 ignorabat

2145 4476 2477 4532 Laodicense
2504 4477 2700 4530 concil.
2753 4490 2876 4530 can.
2932 4474 3001 4529 29
3050 4475 3252 4530 diserte
3283 4483 3433 4528 vetat
3484 4475 3722 4530 Sabbato

465 4553 801 4624 Epiphanius
824 4555 979 4610 aliter
1005 4555 1193 4610 Romae
1243 4565 1297 4610 et
1342 4557 1395 4610 in
1426 4556 1702 4627 plerisque
1727 4556 2039 4614 Occidentis

461 4648 796 4718 regionibus,
831 4662 995 4716 quam
1032 4647 1086 4700 in
1129 4646 1350 4703 Oriente
1380 4649 1633 4717 usurpari
1666 4651 2036 4725 consuevisse.

463 4739 674 4794 Etenim
708 4737 963 4804 Romani,
987 4739 1132 4808 quod
1162 4741 1417 4794 Socrates
1442 4741 1532 4794 lib.
1561 4757 1612 4801 v,
1655 4757 1774 4810 cap.
1803 4741 1873 4794 92
1903 4741 2042 4796 scri-

461 4832 576 4898 bit,
614 4833 723 4885 πᾶν
753 4832 1031 4885 Σάϐϐατον
1080 4831 1420 4902 νηστεύουσι.
1474 4833 1548 4888 De
1600 4850 1710 4902 quo
1764 4833 2042 4890 fusissimo

463 4923 706 4994 disputat
733 4923 966 4992 August.
999 4922 1158 4993 epist.
1201 4921 1270 4976 86
1307 4932 1360 4977 et
1392 4923 1552 4992 epist.
1588 4923 1687 4977 118
1713 4963 1727 4985 ,
1760 4933 1812 4977 et
1843 4924 1894 4977 in
1924 4922 2038 4976 An-

463 5016 675 5072 nalibus
727 5015 995 5069 Barouius
1042 5015 1108 5068 ad
1158 5030 1249 5069 an.
1286 5014 1376 5070 58.
1417 5017 1594 5080 Quare
1647 5017 1794 5069 nulla
1839 5023 1923 5070 est
1971 5015 2040 5069 ab

464 5109 729 5178 apostolis
755 5107 898 5162 edita
927 5110 1140 5162 sanctio
1161 5149 1176 5173 ,
1205 5123 1310 5176 qua
1338 5108 1604 5178 jejunium
1635 5124 1700 5161 eo
1735 5110 1821 5162 die
1855 5108 2041 5178 prohi-

466 5205 702 5266 beretur,
740 5211 799 5256 ut
848 5202 1187 5270 Augustinus
1235 5203 1431 5257 asserit
1463 5202 1620 5272 epist.
1661 5203 1761 5255 118
1788 5245 1800 5267 ,
1845 5203 1934 5257 tibi
1984 5204 2038 5258 in

463 5294 626 5349 rebus
659 5293 972 5363 hujusmodi
1000 5302 1159 5364 negat
1186 5293 1481 5363 quidquam
1506 5309 1627 5350 esse
1650 5294 1726 5349 vel
1749 5294 2040 5364 Scriptum

459 5401 662 5442 sancta:
712 5389 1033 5442 auctoritate
1057 5429 1074 5457 ,
1107 5389 1186 5442 vel
1231 5391 1544 5444 universalis
1588 5389 1836 5445 Ecclesiw
1868 5392 2040 5445 tradi-

461 5483 602 5537 tione
622 5483 1068 5548 determinatum;
1096 5483 1188 5536 sed
1218 5483 1364 5552 ejus,
1397 5485 1448 5536 iu
1489 5499 1594 5554 qua
1632 5485 1864 5539 verseris
1886 5525 1902 5550 ,
1933 5483 2039 5538 Ec-

461 5573 641 5627 clesia:
668 5574 1048 5627 consuetudini
1079 5574 1560 5644 obtemperandum
1595 5592 1734 5632 esse.
1773 5575 1890 5643 Qua
1918 5578 2041 5647 qui—

459 5665 584 5721 dem
642 5667 1048 5734 praasCtiptione
1104 5677 1362 5736 tanquam
1425 5669 1645 5738 spurius
1706 5678 1759 5723 et
1825 5671 2038 5726 alienus

456 5771 637 5816 canon
667 5757 754 5811 ille
795 5758 1057 5828 rejicitur,
1085 5760 1179 5829 qui
1213 5761 1353 5816 inter
1393 5762 1724 5832 apostolicos
1754 5761 1822 5818 68
1852 5778 2038 5820 nume-

2144 4569 2354 4623 oriosos
2393 4581 2513 4621 esse
2554 4566 2917 4621 Christianos.
2973 4565 3097 4619 Ὅτι
3141 4565 3203 4618 οὐ
3240 4563 3321 4617 δεῖ
3362 4565 3724 4637 Χριστιανοὺς

2157 4659 2497 4724 Ἰουδαΐζειν,
2546 4659 2640 4712 καὶ
2686 4659 2743 4710 ἐν
2792 4657 2869 4728 τῷ
2920 4657 3184 4730 Σαϐϐάτῳ
3225 4659 3544 4731 σχολάζειν,
3586 4659 3722 4712 ἀλλὰ

2143 4748 2471 4822 ἐργάζεσθαι
2520 4750 2717 4812 αὐτοὺς
2769 4750 2826 4801 ὲν
2868 4753 2935 4820 τῇ
2971 4751 3106 4820 αὐτῇ
3139 4751 3323 4823 ἡμέρᾳ
3346 4790 3361 4814 ,
3397 4751 3497 4821 τὴν
3521 4751 3588 4823 δὴ
3615 4754 3722 4805 Κυ-

2147 4841 2341 4914 ριακὴν
2370 4841 2777 4911 προτιμῶντας,
2809 4842 2862 4894 et
2902 4858 2966 4907 γε
3016 4840 3263 4896 δύναιντο
3302 4841 3588 4913 σχολάζειν
3608 4883 3622 4908 ,
3651 4843 3723 4906 ὡς

2142 4934 2454 5004 Χριστιανοί
2481 4949 2494 4962 ⁶
2533 4936 2581 4987 εἰ
2628 4933 2684 4986 δὲ
2715 4933 2984 5004 εὑρεθεῖεν
3053 4934 3370 4989 Ἰουδαϊσταὶ
3396 4973 3412 4999 ,
3477 4933 3722 4988 ἔστωσαν

2141 5024 2385 5095 ἀνάθεμα
2414 5028 2565 5098 παρὰ
2593 5025 2832 5096 Χριστῷ.
2859 5025 3155 5082 Dominicis
3187 5027 3370 5096 potius
3391 5041 3557 5096 quam
3587 5025 3724 5080 Sab-

2142 5120 2283 5174 batis
2315 5135 2508 5174 vacare
2535 5119 2719 5190 jubet:
2746 5131 2802 5175 et
2838 5120 2984 5175 addit
3009 5131 3211 5182 tamen,
3243 5119 3290 5174 si
3321 5119 3537 5173 illorum
3571 5134 3721 5173 com-

2142 5211 2307 5266 modo
2341 5213 2456 5266 licri
2497 5221 2692 5281 potest.
2728 5210 2800 5266 Ut
2838 5213 3082 5266 nondum
3133 5211 3240 5265 illis
3281 5210 3620 5279 temporibus
3655 5211 3721 5262 ab

2142 5305 2291 5360 omni
2317 5321 2479 5374 opere
2509 5304 2734 5360 feriatos
2759 5320 2880 5360 esse
2902 5305 3118 5374 penitus
3149 5303 3508 5358 constitutum
3539 5301 3717 5364 fuerit,

2143 5398 2217 5453 uti
2235 5396 2477 5452 Zonaras
2493 5407 2545 5451 et
2560 5398 2812 5470 Balsama
2834 5397 2899 5452 ad
2925 5399 3074 5451 illum
3090 5412 3350 5452 eauonem
3369 5397 3655 5451 adnotant.

2213 5489 2344 5544 Ibid.
2368 5489 2486 5557 Τὴν
2499 5489 2565 5542 δὲ
2583 5489 3107 5559 Τεσσαρακοστήν.
3125 5490 3202 5543 Ad
3232 5487 3716 5559 quadragesiutalis

2140 5580 2330 5649 jejunii
2387 5580 2836 5636 consuetudinem
2892 5583 2960 5635 ab
3016 5581 3394 5636 luereticorum
3449 5579 3712 5635 calumnia

2142 5671 2529 5725 vindicandum
2606 5671 2838 5741 insignis
2893 5671 2980 5726 ltic
3051 5670 3334 5740 l‘lpipltanii
3402 5668 3561 5723 locus
3616 5678 3707 5721 est.

2143 5767 2464 5834 Quanquam
2495 5779 2558 5818 ea
2619 5779 2706 5820 res
2741 5764 2968 5820 infinitis
3001 5765 3348 5834 antiquorum
3389 5759 3504 5816 Pati
3521 5777 3608 5816 um
3657 5773 3710 5813 at
