3832 6220
97 251 234 307 1093

873 251 962 306 DE
997 247 1392 308 VETERIBUS
1423 247 1825 316 QUIBUSDAM
1867 249 2224 306 ECCLESUE
2264 249 2564 310 EITIBUS.

3227 251 3366 307 1095

97 369 456 425 conciliorum
496 366 824 422 testimoniis
851 347 1134 438 explorata
1189 367 1326 423 adeo
1371 376 1490 434 est,
1547 367 1682 422 nihil
1711 372 1758 428 Α
1785 366 1872 420 vel
1905 374 2152 422 extremo
2183 368 2307 423 vita:
2349 368 2616 439 periculo,
2643 369 2790 423 vesci
2839 367 3018 424 liceat.
3073 368 3226 440 Apud
3263 369 3366 428 So-

101 471 158 515 ut
187 459 556 529 impudentius
603 461 671 514 ab
705 459 987 514 hodiernis
1019 459 1290 515 hmreticis
1338 457 1550 514 irrideri
1593 473 1682 513 re-

99 553 424 624 pudiarique
463 553 652 609 soleat.
687 551 926 607 Consule
955 539 1096 622 qua!
1123 553 1177 606 in
1211 552 1424 624 magnis
1459 549 1684 606 Annali-

99 647 222 711 bus,
277 655 443 714 atque
472 645 541 700 ab
569 644 690 700 aliis
717 646 959 700 studiose
1012 645 1238 700 collecta
1267 654 1428 710 sunt,
1461 646 1554 715 qui
1588 643 1685 699 ad-

101 753 293 794 versus
323 737 605 792 haereticos
635 736 990 806 scripserunt.
1025 735 1132 790 Sed
1177 736 1312 790 mira
1344 738 1589 806 quaedam
1627 739 1682 791 in

101 827 592 898 quadragesimalis
618 827 810 896 jejunii
847 827 1110 897 religione
1135 827 1376 882 varietas
1403 831 1543 897 apud
1585 845 1684 882 an-

102 923 284 992 liquos
310 921 539 984 exstitit,
565 919 633 974 de
667 935 774 989 qua
803 919 1041 974 lrenmus
1074 919 1216 990 apud
1259 919 1551 975 Eusebium
1585 923 1680 976 lib.

101 1032 152 1076 γ,
180 1029 303 1082 cap.
335 1013 428 1080 24,
468 1021 524 1068 et
561 1011 814 1068 Socrates
853 1012 948 1066 lib.
981 1028 1036 1078 ν,
1067 1028 1188 1082 cap.
1219 1011 1310 1066 22.
1335 1012 1437 1078 Qui
1464 1014 1681 1082 quidem

103 1107 388 1177 insigniter
417 1105 654 1170 aberrat,
679 1105 806 1160 dum
838 1103 1024 1158 Roma:
1057 1105 1250 1160 scribit
1281 1115 1392 1159 tres
1421 1106 1688 1162 duntaxat

103 1201 470 1256 hebdomadas
509 1210 634 1254 ante
691 1199 899 1254 Pascha
949 1199 1213 1254 continuo
1267 1197 1544 1268 jejunari,
1592 1215 1688 1252 ex-

101 1305 258 1363 cepto
299 1293 538 1348 Sabhato
565 1307 628 1346 ac
653 1291 956 1347 Dominica.
983 1290 1138 1358 Quod
1169 1305 1334 1360 supra
1390 1289 1684 1345 refutatum

103 1395 202 1440 est.
254 1383 490 1454 Subjicit
526 1383 720 1439 deinde
755 1398 848 1437 sex
898 1382 965 1437 ab
997 1383 1120 1436 aliis
1153 1381 1524 1436 hebdomadas
1563 1390 1688 1436 ante

105 1477 338 1542 Pascha,
389 1477 457 1531 ab
482 1477 605 1532 aliis
641 1483 844 1545 septem
865 1515 882 1540 ,
925 1475 1138 1545 jejunio
1170 1475 1518 1540 consecrari;
1551 1474 1687 1528 alios

105 1586 170 1622 xv
195 1569 346 1624 solos
377 1569 494 1624 dies
543 1583 642 1637 per
689 1583 762 1622 vn
798 1566 1173 1622 hebdomadas
1203 1567 1556 1636 dispensare:
1592 1565 1686 1635 qui

103 1677 298 1716 omnes
340 1675 500 1716 suum
549 1660 700 1714 illum
743 1659 954 1714 dierum
1009 1673 1295 1713 numerum
1346 1676 1686 1731 τεσσαρακο-

1784 467 1985 514 cratem
2039 469 2218 516 tamen
2247 461 2342 516 lib.
2382 477 2432 528 v,
2462 478 2582 530 cap.
2611 461 2702 527 22,
2740 457 2828 516 ubi
2865 461 3095 518 diversas
3129 464 3366 531 quadra-

1785 553 2062 622 gesimalis
2104 553 2302 624 jejunii
2366 555 2792 610 consuetudines
2841 555 3202 624 explicantur,
3253 571 3366 611 non

1785 661 1976 700 omnes
2017 645 2394 715 xer0phagiam
2443 646 2792 700 adhibebant.
2829 647 2932 701 Sed
2973 647 3064 702 alii
3123 647 3368 717 piscibus

1787 737 2168 792 tantummodo
2197 781 2210 803 ,
2259 739 2348 792 alii
2397 740 2589 792 avibus
2622 739 2846 807 insuper
2881 741 3192 804 utebantur,
3225 754 3367 809 quos

1785 845 1852 882 ex
1891 844 2030 898 aqua
2075 841 2390 900 procreatos
2433 832 2657 901 perinde
2692 847 2756 886 ac
2789 833 2966 902 pisces
2995 831 3207 904 Illoysrs
3243 849 3368 886 nar-

1787 931 1892 977 rat.
1929 923 2032 976 Alii
2069 923 2336 980 fructibus
2364 927 2592 994 orisque
2616 925 2888 989 contenti;
2929 925 3019 978 alii
3048 941 3184 994 pane
3213 926 3363 992 solo;

1788 1015 1880 1068 alii
1915 1031 1984 1068 ne
2021 1015 2163 1070 hunc
2195 1017 2414 1086 quidem
2453 1019 2556 1071 sibi
2593 1018 2999 1087 permittebant.
3025 1019 3068 1070 Α
3104 1018 3366 1072 carnibus

1787 1107 2005 1178 quidem
2030 1111 2316 1164 universos
2339 1111 2672 1164 abstinuisse
2701 1121 2895 1179 praeter
2923 1121 3148 1166 enati-ros
3173 1113 3363 1181 Augu-

1790 1201 1972 1254 stinus
2021 1211 2204 1255 contra
2237 1200 2500 1254 Faustum
2531 1201 2720 1255 scribit
2749 1202 2842 1256 lib.
2879 1219 3004 1256 xxx.
3036 1203 3082 1254 Α
3111 1205 3370 1258 carnibus

1790 1301 1845 1347 et
1874 1292 2021 1358 vino,
2057 1295 2340 1363 Chrysost.
2377 1293 2564 1346 homil.
2597 1293 2630 1346 8
2675 1297 2752 1346 De
2775 1295 2956 1363 paruit.
3009 1293 3081 1349 De
3108 1297 3370 1350 carnibus

1790 1385 1956 1440 etiam
2009 1385 2332 1454 Spiridionis
2373 1385 2514 1454 apud
2549 1383 2768 1440 Sozom.
2805 1387 3030 1440 historia
3081 1389 3372 1442 continuat

1795 1475 1890 1528 ιιι).
1924 1489 1981 1538 1,
2017 1489 2136 1542 cap.
2175 1473 2234 1526 ll
2263 1515 2278 1539 ,
2313 1483 2370 1526 ut
2400 1484 2592 1528 caetera
2625 1475 3056 1544 praetermittam,
3087 1493 3208 1546 quia:
3241 1485 3370 1532 sunt

1791 1565 2098 1620 innumera.
2145 1563 2444 1619 Postremis
2477 1567 2660 1634 itaque
2703 1565 3146 1636 Quadragesiune
3175 1571 3368 1626 diebus

1791 1673 1886 1712 sex
1943 1658 2274 1728 xerophagia
2348 1659 2465 1728 lege
2524 1661 2760 1728 quadam
2821 1662 3078 1716 omnibus
3143 1663 3365 1718 imlicta.

107 1753 236 1820 στῆν
285 1751 643 1820 appellabant.
703 1747 849 1805 Sane
891 1751 1034 1820 apud
1066 1749 1322 1804 Photium
1375 1729 1533 1804 num.
1584 1749 1683 1804 1οῖ
1715 1729 1760 1785 Β
1789 1747 1920 1814 Quae
1944 1750 2072 1819 quid
2106 1751 2196 1814 sit,
2225 1751 2465 1806 declarat
2499 1741 2726 1808 Tertull.
2767 1755 2906 1810 libro
2939 1755 3138 1810 Contra
3169 1757 3368 1826 [ιδεμ-[ι.

103 1841 340 1898 Basilius
381 1842 519 1896 Cilix
545 1840 904 1897 Nestorianus
962 1842 1226 1898 adversus
1257 1841 1522 1897 Joannem
1555 1841 1688 1914 Scy-

105 1933 502 2003 thopolitanum
550 1933 795 1987 scribens
820 1971 835 1995 ,
889 1932 1076 2001 objicit
1116 1933 1256 1986 inter
1299 1943 1529 1989 cmtera:
1566 1935 1686 1987 Ὅτι

103 2023 200 2094 τὴν
257 2024 414 2092 ἁγίαν
443 2023 884 2095 τεσσαρακοστὴν
929 2027 1008 2087 εἰς
1035 2029 1182 2096 τρεῖς
1226 2025 1526 2096 ἑϐδομάδας
1557 2043 1688 2096 συγ-

104 2116 330 2181 κλεῐων,
375 2116 494 2170 οὐδὲ
528 2119 585 2170 ὲν
629 2117 856 2181 ταύταις
905 2117 1004 2188 τῆς
1041 2117 1150 2172 τῶν
1185 2118 1404 2190 πτηνῶν
1443 2137 1690 2192 κρεωφα·

103 2210 230 2278 γίας
270 2209 548 2280 ἀπείχετο.
598 2207 728 2264 Fuit
758 2209 902 2264 enim
959 2227 1064 2265 non
1119 2211 1302 2266 minor
1336 2214 1392 2267 in
1439 2213 1684 2268 ciborum

103 2297 318 2350 delectu
366 2297 804 2367 abstinentiaque
869 2299 1192 2366 diversitas,
1250 2301 1316 2356 de
1379 2319 1488 2373 qua
1545 2303 1686 2359 idern

107 2385 382 2442 Socrates.
417 2387 546 2442 Vide
585 2398 639 2444 et
682 2389 1004 2446 Cassianum
1051 2393 1248 2450 Collat.
1292 2394 1398 2463 2t;
1452 2395 1688 2452 Ambro-

103 2479 248 2534 sium
305 2495 469 2536 serm.
513 2481 584 2534 25
627 2491 682 2535 et
725 2483 1120 2552 sequentibus;
1163 2485 1380 2542 Sozom.
1438 2488 1534 2542 lib.
1587 2505 1684 2554 vn,

103 2587 223 2642 cap.
267 2573 355 2628 l9.
397 2573 731 2642 Epiphanius
763 2591 928 2644 porro
981 2593 1078 2646 per
1125 2579 1264 2633 ἑπτὰ
1325 2582 1537 2652 ἡμέρας
1588 2584 1683 2636 τοῦ

103 2665 332 2734 Πάσχα,
363 2675 486 2720 ante
523 2683 662 2736 quas
689 2667 788 2739 τὴν
820 2674 1268 2742 τεσσαρακοστήν
1301 2676 1564 2730 celebrari
1597 2679 1682 2732 di-

103 2757 208 2818 cit,
255 2771 364 2810 non
415 2772 534 2810 eam
567 2759 956 2814 hebdomadem
997 2761 1249 2831 intelligit
1277 2804 1291 2824 ,
1323 2781 1445 2834 qum
1477 2765 1681 2822 Pascha

101 2849 360 2918 praecedit
387 2892 402 2916 ,
429 2851 507 2904 uti
541 2859 730 2921 postea
777 2867 900 2908 cum
929 2853 1026 2918 τὰς
1052 2854 1110 2919 ἓξ
1139 2857 1351 2928 ἡμέρας
1374 2859 1468 2912 τοῦ
1495 2861 1686 2932 Πάσχα

103 2941 392 3006 nominat,
429 2943 522 2996 sed
577 2943 644 2997 de
691 2945 1038 3014 paschalibus
1094 2964 1164 3002 vn
1206 2949 1358 3006 feriis
1399 2951 1640 3021 loquitur
1669 2993 1684 3018 ,

101 3047 238 3099 quas
315 3034 582 3088 antecedit
633 3037 1100 3108 quadragesimale
1152 3039 1446 3110 jejunium.
1493 3041 1681 3098 Utrum

99 3140 230 3178 vero
265 3127 408 3195 apud
439 3125 703 3198 Cyprios,
757 3129 848 3187 ubi
890 3131 1004 3186 lucc
1032 3133 1302 3187 scribebat
1327 3133 1678 3204 Epiphanius,

103 3215 342 3271 Sabhata
385 3219 949 3288 quadragesimalibus
987 3223 1212 3292 jejuniis
1257 3237 1508 3294 exempta
1550 3229 1680 3292 sint,

101 3323 208 3362 non
273 3309 410 3364 satis
475 3319 720 3380 apparet.
775 3313 854 3366 Ac
905 3313 1157 3368 videntur
1207 3331 1272 3370 ex
1313 3316 1682 3374 Romanorum

99 3401 448 3470 aliorumque
475 3401 868 3457 consuetudine
925 3405 1087 3458 etiam
1143 3405 1334 3460 diebus
1387 3407 1492 3462 illis
1541 3408 1683 3477 jeju-

101 3505 265 3545 nasse
287 3532 302 3554 ,
331 3507 457 3544 cum
487 3491 635 3546 solos
668 3491 982 3548 Dominicos
1011 3494 1126 3548 dies
1150 3497 1399 3566 excipiat.
1433 3497 1682 3552 Profecto

98 3581 240 3634 enim
286 3581 358 3635 de
413 3579 667 3636 Sabbatis
719 3583 944 3638 minime
1007 3585 1310 3641 tacuisset:
1367 3603 1680 3658 quanquam

101 3673 468 3727 Sabbatorum
503 3673 630 3728 ideo
675 3673 908 3730 fortasse
939 3691 1046 3730 non
1081 3679 1348 3742 meminit,
1393 3681 1538 3748 quod
1571 3696 1680 3735 non

99 3765 350 3819 eamdem
398 3766 542 3835 apud
583 3781 773 3822 omnes
801 3766 1074 3824 Ecclesias
1117 3767 1346 3825 formam
1387 3787 1511 3828 esse
1549 3788 1682 3828 con-

99 3851 558 3930 suetudinemque
596 3869 878 3928 cerneret,
936 3877 1113 3931 neque
1171 3864 1468 3932 quidquam
1517 3881 1683 3935 super

97 3967 156 4005 ea
213 3967 276 4006 re
337 3951 505 4006 sciret
555 3953 624 4006 ab
659 3955 920 4022 apostolis
967 3970 1088 4010 esse
1134 3957 1530 4025 praescriptum.
1582 3956 1682 4014 Hic

97 4053 279 4098 autem
315 4045 456 4100 ritus
503 4059 598 4100 eos
646 4047 794 4100 solos
826 4049 1110 4117 complecti
1167 4049 1369 4112 voluit,
1428 4064 1566 4118 quos
1612 4049 1681 4103 ab

97 4137 366 4206 apostolis
399 4137 496 4192 toti
527 4139 784 4194 Ecclesia:
816 4141 1064 4204 traditos,
1097 4157 1203 4195 non
1233 4151 1504 4196 certorum
1535 4142 1682 4196 loco-

95 4247 218 4284 rum
269 4231 580 4301 peculiares
614 4247 736 4289 esse
782 4235 1046 4290 crederet.
1085 4235 1374 4305 Perperam
1420 4252 1549 4290 vero
1577 4235 1680 4290 Pa-

95 4325 294 4380 tnelius
328 4325 402 4378 ad
451 4323 675 4380 Tertull.
705 4326 898 4380 librant
931 4329 1180 4382 adversus
1228 4327 1422 4399 Psycli.
1453 4345 1572 4398 cap.
1611 4330 1679 4384 15

1787 1857 1906 1911 cap.
1939 1842 1964 1894 l
2002 1859 2015 1894 :
2057 1843 2301 1914 Arguunt
2330 1861 2453 1906 nos,
2486 1844 2698 1916 inquit,
2735 1847 2875 1916 quod
2908 1847 3068 1900 etiam
3115 1848 3372 1916 τετορήσ-

1787 1935 1898 2004 gias
1947 1937 2299 1999 observemus,
2335 1937 2592 1991 siccantes
2620 1937 2794 1991 cibum
2821 1939 2884 1992 ab
2929 1941 3071 1992 onuri
3099 1956 3288 2006 carne,
3319 1949 3370 1994 et

1789 2028 1931 2080 omni
1965 2027 2285 2096 jurulentia,
2316 2039 2361 2082 et
2393 2030 2736 2086 viridioribus
2763 2031 3050 2103 quibusque
3079 2034 3270 2102 pomis,
3305 2051 3369 2088 ne

1786 2118 1914 2189 quid
1953 2120 2255 2172 ninositatis
2297 2119 2377 2173 vel
2423 2123 2676 2186 edamus,
2728 2121 2805 2175 vel
2846 2135 3114 2192 potamus;
3164 2123 3369 2177 lavacri

1786 2226 1988 2279 quoque
2022 2210 2398 2263 abstinentiam
2443 2219 2810 2280 congruentem
2851 2212 3004 2265 arido
3027 2211 3207 2266 uictui.
3243 2210 3370 2268 Pas-

1788 2303 1890 2357 sim
1934 2318 2064 2357 vero
2113 2311 2222 2356 toto
2281 2302 2376 2357 illo
2419 2303 2558 2356 libro
2599 2303 2958 2374 xerophagias
2999 2319 3029 2358 a
3079 2303 3368 2360 catholicis

1787 2395 2036 2448 damnari
2088 2394 2380 2462 signiﬁcat,
2417 2395 2572 2464 quasi
2614 2411 2804 2448 novum
2835 2396 3070 2463 a/fcclati
3100 2397 3254 2466 ofﬁcii
3283 2413 3370 2450 no-

1787 2505 1926 2552 men,
1955 2498 2000 2541 et
2033 2489 2332 2556 proximum
2376 2489 2599 2542 etimica:
2633 2490 3028 2557 superstitioni;
3061 2490 3242 2559 quales
3275 2507 3370 2543 ca-

1787 2579 2050 2632 stimonia:
2079 2579 2238 2648 Apin,
2269 2577 2468 2632 Isidem
2503 2589 2550 2632 et
2585 2597 2830 2649 magnam
2856 2580 3368 2636 illatrem'certorum

1787 2669 2080 2724 eduliorum
2117 2672 2418 2740 exceptione
2445 2671 2752 2740 puriﬁcant.
2785 2669 2984 2725 Verum
3013 2687 3122 2728 non
3154 2687 3368 2738 omnes,

1787 2758 2013 2826 opinor,
2080 2767 2191 2813 tum
2253 2775 2284 2813 a
2364 2760 2649 2814 catholicis
2701 2761 2972 2816 damnata:
3023 2763 3367 2833 xerOphagia:

1787 2860 1946 2917 sunt;
2013 2851 2105 2904 sed
2161 2850 2266 2904 illae
2321 2851 2540 2914 solum,
2597 2867 2735 2921 quas
2795 2852 2958 2908 certis
3007 2855 3366 2922 temporibus,

1787 2949 2151 3010 praeterquam
2202 2941 2268 2994 ab
2313 2941 2572 2996 Ecclesiae
2607 2943 2959 3006 constitutis.
3007 2959 3074 2998 ex
3123 2944 3366 3000 Montani

1787 3032 2074 3102 disciplina
2125 3034 2444 3100 servabant;
2497 3049 2635 3103 quas
2691 3035 2830 3088 idem
2900 3045 3093 3090 auctor
3151 3036 3366 3092 duabus

1788 3125 2142 3180 hebdomadis
2191 3125 2414 3189 delinit,
2462 3141 2580 3196 cap.
2628 3141 2738 3179 xv:
2777 3125 3050 3190 Quantulo
3107 3129 3246 3181 enim
3288 3137 3366 3184 est

1787 3221 1927 3286 apud
1958 3233 2051 3270 nos
2086 3217 2389 3270 interdictio
2427 3215 2708 3270 ciborum?
2739 3216 2888 3270 Duas
2919 3217 2975 3270 in
3001 3233 3140 3272 anno
3171 3217 3366 3272 hebdo-

1785 3310 1973 3362 madas
2005 3310 2482 3379 xemphagiarum,
2533 3325 2625 3362 nec
2653 3318 2827 3374 totas,
2879 3311 3110 3378 exceptis
3159 3311 3362 3365 scilicet

1787 3398 2036 3454 Sabbatis
2066 3411 2116 3454 et
2145 3401 2460 3464 Dominicis,
2495 3401 2768 3470 offerimus
2795 3399 2924 3453 Deo.
2973 3399 3074 3456 Ubi
3126 3417 3234 3454 non
3277 3417 3367 3456 asa

1789 3495 2058 3548 scntimur
2085 3493 2328 3548 Pamelio
2363 3533 2377 3556 ,
2413 3493 2504 3562 qui
2536 3493 2887 3546 hebdomadas
2913 3509 3018 3546 non
3051 3509 3149 3562 pro
3172 3503 3366 3562 septem

1784 3583 1989 3646 diebus,
2010 3583 2103 3637 sed
2137 3598 2236 3652 pro
2267 3583 2490 3636 totidem
2517 3581 2928 3635 hebdomadibus
2957 3582 3126 3650 accipi
3163 3593 3316 3650 putat
3345 3623 3363 3648 ,

1783 3685 1838 3730 et
1869 3676 1936 3730 de
1970 3674 2286 3745 Tclesphori
2335 3675 2642 3739 sanctione,
2675 3690 2778 3743 qua
2807 3671 3178 3729 Tertullianus
3209 3676 3365 3730 clerio

1784 3785 1882 3824 cus
1905 3777 2203 3831 teneretur,
2229 3767 2412 3822 nescio
2439 3767 2568 3836 quid
2601 3775 2820 3833 narrat;
2847 3767 2993 3836 quod
3020 3767 3170 3821 nullo
3201 3767 3364 3822 modo

1786 3861 2100 3929 persuadet.
2153 3857 2288 3914 Nam
2340 3859 2385 3914 si
2439 3875 2528 3914 xiv
2589 3860 2960 3914 hebdomadas
3015 3860 3365 3929 xerophagiis

1785 3952 2078 4008 Montanus
2103 3952 2425 4016 addixisset,
2457 3967 2564 4007 non
2602 3951 2731 4004 illud
2765 3967 2938 4020 usque
2966 3951 3104 4006 adeo
3134 3951 3359 4007 Tertull.

1784 4045 2002 4100 elevans
2035 4045 2241 4098 diceret
2281 4062 2295 4098 :
2337 4043 2610 4110 Quantulo
2645 4052 2721 4097 est
2762 4045 2904 4112 apud
2939 4060 3032 4096 nos
3062 4044 3366 4098 interdictio

1784 4137 2072 4192 ciborum?
2118 4135 2387 4202 Quocirca
2421 4137 2558 4191 duas
2593 4136 2728 4190 alias
2760 4153 2788 4190 a
2823 4136 3252 4206 Quadragesima
3280 4151 3366 4192 se-

1777 4229 2000 4300 junctas
2043 4243 2108 4282 ac
2136 4228 2383 4282 diversas
2421 4226 2592 4282 fuisse
2631 4227 2890 4282 credibile
2929 4235 3048 4292 est;
3078 4227 3132 4280 in
3163 4227 3366 4296 quibus

1787 4322 2086 4376 Sahbatum
2147 4335 2210 4375 ac
2262 4319 2548 4374 Dominica
2588 4318 2707 4372 dies
2737 4319 3089 4372 eximeretur.
3141 4317 3362 4373 Sozom.

97 4415 241 4472 hunc
291 4418 476 4486 ipsum
517 4417 803 4488 Epiphanii
861 4419 1037 4474 locum
1092 4421 1378 4490 interpolat
1409 4437 1424 4486 ;
1482 4429 1535 4475 et
1583 4437 1682 4491 pro
1715 4417 1758 4472 D
1787 4415 1883 4470 lib.
1911 4431 2010 4477 vn,
2041 4429 2162 4482 cap.
2189 4413 2279 4478 l9,
2309 4412 2378 4466 de
2408 4413 2626 4467 diverso
2660 4411 3147 4482 quadragesimalis
3169 4410 3366 4482 jejunii

93 4521 288 4580 septem
316 4511 458 4576 dies,
487 4511 632 4566 haud
659 4511 824 4566 dubie
843 4512 1150 4583 legendum,
1179 4524 1372 4583 septem
1398 4513 1681 4568 hebdoma-

93 4605 206 4672 das,
241 4605 504 4660 allirmat.
539 4604 762 4660 Frustra
793 4615 913 4672 est,
945 4608 1190 4677 inquam.
1227 4605 1437 4662 Etenim
1467 4607 1678 4680 ἡμέρας

91 4705 174 4750 est
201 4696 256 4750 in
289 4695 510 4760 Graeco,
557 4713 666 4751 non
705 4697 1030 4768 ἑϐδομάδας.
1069 4697 1136 4754 Et
1159 4698 1374 4771 ἡμέρας
1409 4700 1678 4772 intelligit,

91 4804 210 4858 qua:
241 4804 272 4842 a
306 4789 542 4844 solemni
583 4787 866 4846 Paschalis
896 4791 1084 4846 ineunt
1111 4811 1124 4847 :
1169 4801 1294 4847 ante
1323 4794 1515 4864 quasi;
1556 4810 1682 4847 τεσ-

91 4881 418 4954 σαρακοστή
448 4881 624 4936 solida
649 4883 911 4938 decurrit.

153 4976 278 5032 Col.
301 4975 414 5029 888
427 4973 487 5027 Β.
509 4973 619 5040 Τὰς
639 4974 706 5028 δὲ
720 4973 790 5040 ἐξ
810 4975 1036 5044 ἡμέρας
1053 4975 1162 5030 τοῦ
1185 4973 1422 5044 Πάσχα.
1449 4975 1552 5031 Sex
1571 4976 1680 5032 illis

89 5069 366 5123 duntaxat
410 5067 604 5122 diebus
656 5068 906 5137 majoris,
951 5078 1012 5124 ut
1056 5077 1272 5132 vocant,
1305 5068 1676 5134 hebdomadas,

87 5161 446 5232 Xerophagia
467 5159 795 5216 Christianis
819 5161 1082 5230 imperata
1113 5159 1230 5214 fuit.
1261 5160 1422 5229 Atqui
1453 5158 1676 5215 Laodic.

89 5271 208 5311 can.
264 5254 344 5310 50
377 5273 392 5310 ι
425 5255 517 5306 Δεῖ
565 5255 778 5317 πᾶσαν,
830 5253 1037 5324 inquit,
1083 5251 1180 5323 τὴν
1224 5251 1680 5324 Τεσσαρακοστὴν

87 5347 382 5417 materiam
428 5343 891 5416 ξηροφαγοῦντας.
945 5341 1010 5396 Ει
1053 5341 1308 5396 Balsamo
1355 5342 1420 5394 ad
1455 5355 1578 5394 can.
1609 5340 1680 5394 69

87 5449 262 5510 apost.
347 5453 460 5492 non
501 5437 678 5490 solum
735 5435 788 5488 iu
844 5433 1312 5502 Quadragesima,
1369 5431 1463 5487 sed
1513 5433 1678 5485 etiam

87 5541 282 5602 quarta
331 5539 602 5598 sextaque
667 5529 800 5582 feria
833 5527 1163 5598 ξηροφαγείν
1194 5534 1446 5595 oportere
1473 5524 1630 5579 docet
1663 5541 1676 5578 :

87 5627 220 5680 adeo
257 5633 324 5678 ut
373 5639 440 5676 ne
474 5623 694 5692 aegrotis
736 5619 955 5686 quidem
989 5619 1140 5674 aliud
1193 5620 1440 5673 ciborum
1485 5633 1676 5687 genus,

85 5731 249 5790 quam
307 5715 546 5784 piscium
577 5711 926 5785 iudulgeatur
946 5753 960 5776 ,
993 5726 1093 5768 nec
1121 5726 1364 5782 unquam
1396 5709 1676 5777 carnibus,

1786 4509 2000 4564 dierum
2038 4523 2270 4564 numero
2306 4523 2494 4577 agens,
2547 4506 2908 4562 Montanistas
2953 4507 3031 4560 ait
3065 4507 3204 4562 duas
3237 4515 3366 4562 ante

1787 4601 1998 4658 Pascha
2024 4601 2291 4656 duntaxat
2316 4599 2692 4656 hebdomadas
2713 4599 2984 4670 jejunare.
3010 4597 3206 4653 Verum
3238 4614 3362 4654 cum

1787 4697 1842 4752 in
1879 4697 2140 4761 secunda,
2173 4695 2278 4750 hoc
2309 4691 2393 4750 est
2427 4695 2679 4765 proxima
2728 4702 2856 4750 ante
2898 4693 3108 4750 Pascha
3155 4695 3364 4751 hebdo-

1787 4789 1968 4854 made,
2007 4788 2306 4846 Sabbatum
2336 4804 2366 4842 a
2391 4787 2604 4858 jejunio
2635 4797 2948 4857 exemptum
2980 4787 3122 4858 apud
3159 4787 3368 4843 Monta-

1787 4882 1963 4938 nistas
1993 4897 2103 4938 non
2140 4880 2338 4947 fuerit,
2385 4891 2450 4936 ut
2471 4881 2698 4936 Tertull.
2741 4882 2854 4951 jam
2899 4879 3226 4934 Montanista
3265 4880 3362 4934 lib.

1789 4971 1990 5026 Contra
2035 4971 2230 5040 Psych.
2271 4979 2487 5034 narrat,
2531 4987 2640 5025 non
2681 4969 2934 5023 videntur
2961 4967 3027 5020 ad
3061 4967 3195 5022 duas
3229 4966 3365 5020 istas

1787 5065 2158 5120 hebdomadas
2209 5065 2436 5118 totidem
2489 5064 2596 5118 illa:
2641 5059 3094 5130 xerophagiarum
3152 5073 3366 5112 accom-

1787 5158 1997 5212 modari
2027 5172 2206 5227 posse.
2235 5155 2292 5210 lu
2322 5155 2504 5210 Const.
2538 5165 2709 5224 apost.
2743 5154 2904 5216 lib.v,
2929 5167 3050 5221 cap.
3071 5151 3362 5222 l7,eadcm

1789 5249 2116 5318 xerophagia
2159 5262 2252 5302 sex
2279 5247 2386 5302 illis
2417 5246 2610 5300 diebus
2635 5245 2973 5300 observanda
3003 5243 3360 5312 proponitur:

1801 5342 1889 5394 Ἐν
1917 5343 2038 5403 ταῖς
2070 5339 2306 5411 ἡμέραις
2345 5333 2438 5392 οὖν
2471 5338 2566 5392 τοῦ
2611 5339 2805 5408 Πάσχα
2836 5335 3128 5408 νηστεύετε
3148 5375 3162 5398 ,
3195 5335 3364 5405 ἀρχό-

1791 5449 1944 5504 μενοι
2007 5431 2116 5484 ἀπὸ
2163 5430 2422 5502 δευτέρας
2480 5431 2642 5502 μέχρι
2691 5430 2792 5500 τῆς
2857 5429 3214 5501 παρασκευῆς
3271 5427 3368 5482 καὶ

1789 5521 2065 5578 naccam
2097 5521 2154 5589 ἒξ
2181 5523 2417 5593 ἡμέρας,
2457 5523 2601 5594 μόνῳ
2639 5521 2910 5593 χρώμενοι
2936 5522 3106 5593 ἄρτῳ,
3132 5521 3224 5573 καὶ
3251 5519 3364 5584 ἁλὶ,

1787 5619 1880 5672 καὶ
1907 5617 2188 5687 λαχάνοις,
2232 5617 2325 5670 καὶ
2360 5615 2508 5686 ποτῷ
2553 5615 2735 5668 ὕδατι·
2781 5616 2923 5668 οἴνου
2959 5613 3016 5667 δὲ
3055 5612 3147 5666 καὶ
3187 5610 3368 5684 κρεῶν

1789 5706 2059 5778 ἀπέχεσθε
2090 5710 2148 5763 ὲν
2174 5707 2419 5771 ταύταις.
2459 5705 2583 5762 llaec
2620 5706 2784 5776 igitur
2821 5704 3167 5776 Xerophagia
3200 5715 3368 5774 pane,
