3874 6328
451 307 591 366 ιιειε

1554 309 1898 365 APPENDIX
1935 309 2564 368 DlSSERTATlONUM.

3590 312 3612 364 1
3622 309 3734 366 096

451 425 584 480 sale.
614 439 780 494 aqua,
810 432 865 479 et
886 463 899 488 ,
931 423 978 480 si
1011 423 1175 490 forte,
1226 425 1388 482 etiam
1433 427 1673 482 oleribus
1719 429 2022 482 constabat.
2055 432 2102 488 Α
2129 431 2369 498 videtur;
2399 430 2653 500 idemque
2680 429 2839 494 forte.
2872 444 3040 501 quem
3069 429 3293 485 unicum
3333 429 3555 500 jejunio
3581 430 3728 485 diem

448 514 532 570 Ad
566 515 678 568 lucc
726 529 847 584 cap.
897 515 964 568 l2
1009 513 1255 582 ejusdem
1291 516 1413 569 libri
1449 515 1916 587 quadragesimale
1948 516 2030 583 je-

447 608 660 680 junium
687 623 717 662 a
759 609 1003 678 paschali
1037 609 1392 677 distinguitur
1441 625 1452 660 :
1495 607 1880 662 Ἐπιτελείσθω
1908 608 1963 660 δὲ
1998 609 2031 677 ἡ

397 710 401 724 ·
453 699 677 770 νηστεία
736 703 871 771 αὕτη
929 700 1155 770 (nempe
1206 701 1730 771 quadragesimalis)
1782 701 1887 770 πρὸ
1937 701 2034 770 τῆς

453 790 708 861 νηστείας
746 790 840 843 τοῦ
873 791 1098 860 Πάσχα,
1145 793 1424 862 ἀρχομένη
1471 792 1567 862 μὲν
1604 792 1710 844 ἀπὸ
1742 791 2032 860 δευτέρας,

455 881 804 952 πληρουμένη
831 883 888 935 δὲ
914 884 992 945 εἰς
1026 883 1412 954 παρασκευὴν,
1448 883 1566 953 μεθ’
1601 883 1666 945 ἃς
1696 881 2034 952 ἀπονηστεύ-

456 988 648 1034 σαντες
691 971 927 1043 ἄρξασθε
976 973 1075 1042 τῆς
1123 973 1282 1041 ἁγίας
1332 973 1424 1027 τοῦ
1467 974 1658 1044 Πάσχα
1708 973 2032 1043 ἑϐδομάδος,

453 1064 806 1135 νηστεύοντες
851 1067 1054 1137 αὑτήν*
1083 1066 1386 1120 Celebrelur
1423 1067 1880 1136 quadragesimale
1902 1066 2039 1134 jeju-

455 1159 604 1211 nium
651 1169 770 1212 ante
813 1159 1110 1227 paschale;
1157 1171 1206 1213 et
1246 1160 1499 1227 incipiens
1554 1178 1586 1213 a
1627 1160 1856 1214 secunda
1903 1159 2037 1227 feria

455 1252 661 1305 desinat
714 1252 769 1303 in
819 1251 1148 1304 Parasceven
1183 1269 1200 1305 :
1239 1260 1355 1320 post
1403 1267 1583 1320 quam,
1612 1251 1784 1304 soluto
1805 1251 2036 1320 jejunio,

457 1354 696 1398 sanctam
725 1342 1003 1396 Paschalis
1023 1343 1397 1397 hebdomadem
1428 1345 1480 1396 in
1499 1343 1706 1412 jejunio
1740 1345 2034 1413 transigite.

457 1436 955 1505 Quadragesimalis
1004 1452 1166 1505 porro
1212 1436 1358 1490 illius
1411 1435 1642 1506 jejuuii,
1689 1446 1960 1505 quatenus
2008 1451 2038 1490 a

458 1529 700 1600 paschali
745 1529 924 1582 dili'crt
948 1570 962 1592 ,
1017 1528 1228 1581 initium
1263 1528 1406 1582 haud
1446 1528 1562 1582 scio
1596 1543 1663 1582 an
1695 1529 2032 1582 constitutio-

459 1638 554 1676 nes
585 1622 687 1674 illa:
713 1637 743 1674 a
770 1620 1048 1674 Dominica
1069 1621 1548 1689 Quinquagcsima:
1570 1636 1636 1674 an
1670 1619 2041 1691 Sexagesima:

459 1724 726 1784 repetant.
793 1714 952 1768 Prius
1001 1715 1149 1768 enim
1199 1714 1330 1782 illpd
1372 1714 1588 1767 initium
1651 1715 1686 1768 ii
1731 1714 2040 1783 sumpsisse

457 1806 734 1867 videnlur,
770 1804 862 1872 qui
903 1819 978 1856 vn
1025 1804 1396 1859 hebdomadas
1435 1812 1488 1858 et
1513 1804 1723 1873 jejunio
1750 1805 2036 1871 dicabant,

460 1913 587 1952 cum
636 1896 727 1950 alii
777 1911 868 1951 sex
915 1899 1181 1951 duntaxat
1227 1897 1567 1963 tribuerent,
1623 1896 1696 1951 ita
1749 1907 1930 1951 tamen
1983 1906 2042 1952 ut

461 1991 753 2060 utrobique
784 2006 876 2046 sex
904 1992 1189 2055 duntaxat,
1231 1999 1282 2044 et
1310 1990 1533 2060 triginta
1565 2005 1685 2046 sese
1716 1991 1832 2045 dies
1856 1990 2036 2044 inedia

461 2093 824 2136 "lacerarent.
879 2085 951 2136 Hi
1004 2085 1140 2136 enim
1196 2083 1305 2152 (ait
1353 2082 1653 2137 Cassianus
1707 2083 1899 2138 Collat.
1938 2083 2041 2148 2i,

462 2190 510 2229 c.
543 2175 636 2245 ‘27)
670 2176 772 2229 sibi
817 2192 908 2229 sea:
946 2176 1399 2229 hebdomadarum
1435 2178 1820 2230 observantiam
1866 2179 2045 2246 prw/i-

462 2277 674 2331 xerunt,
708 2270 799 2338 qui
825 2278 1013 2337 putant
1045 2269 1128 2321 die
1195 2285 1395 2337 quoque
1421 2267 1641 2322 Sabbati
1667 2269 2043 2338 jejunandum.

466 2351 570 2414 Sea:
596 2377 716 2429 ergo
763 2361 817 2412 in
844 2359 1398 2428 hebdomadajejunia
1427 2361 1750 2428 persolvunt,
1784 2378 1900 2430 qua?
1928 2379 2046 2416 eos-

465 2452 582 2504 dem
609 2466 698 2504 sea:
722 2460 769 2504 el
795 2453 1013 2521 triginta
1043 2454 1153 2505 dies
1187 2453 1356 2506 sexies
1382 2453 1620 2506 revoluta
1655 2465 2043 2512 consummant.

465 2543 510 2596 A
543 2542 892 2614 Sexagesima
941 2559 1070 2598 vero
1113 2544 1286 2598 Grieci
1324 2545 1656 2600 recentiores
1685 2544 2048 2616 Quadragesi-

467 2649 612 2688 mam
663 2635 932 2704 auspicati
978 2645 1142 2700 sunt,
1179 2635 1258 2689 uti
1291 2634 1542 2704 pluribus
1570 2635 1638 2690 ad
1674 2633 2044 2705 Nicephorum

467 2735 594 2780 ante
622 2726 832 2794 aliquot
864 2741 1040 2782 annos
1073 2727 1460 2781 disseruimus.
1495 2724 1616 2792 Quo
1666 2727 1926 2780 nimirum
1980 2743 2048 2780 xl.

468 2818 678 2873 solidos
709 2818 826 2873 dies
869 2819 1079 2888 jejunio
1127 2819 1449 2873 tribuerent.
1489 2819 1743 2873 Ambros.
1782 2835 1948 2874 serm.
1980 2819 2044 2874 '5!

467 2919 522 2963 et
549 2909 620 2962 '52
657 2925 750 2964 sex
783 2909 1156 2973 hebdomadis,
1205 2925 1268 2964 ac
1307 2909 1500 2964 diebus
1544 2927 1654 2964 xui
1685 2908 2052 2981 Quadragesi-

468 3017 612 3054 mam
638 3001 845 3067 deﬁnit,
873 3017 1074 3072 eosque
1097 3004 1188 3072 qui
1220 3001 1750 3073 Quinquagesimam
1783 3018 1882 3073 pro
1911 3019 2050 3074 qua—

469 3093 769 3164 dragesima
795 3095 1105 3166 jejunarent
1136 3096 1438 3167 redarguit.

539 3183 810 3238 Caeterum
837 3193 949 3238 tam
977 3185 1044 3240 de
1073 3185 1178 3242 hoc
1205 3183 1486 3241 Paschalis
1515 3185 1745 3255 jejunio,
1781 3201 1945 3256 quam
1981 3185 2048 3241 de

471 3273 899 3346 Quadragesima
945 3275 1266 3333 Timotheus
1305 3279 1708 3334 Alexandrinus
1757 3279 2047 3349 episcopus

472 3360 700 3432 intelligi
745 3372 925 3432 potest
969 3364 1027 3418 in
1079 3367 1359 3422 canonicis
1411 3367 1742 3438 Responsis,
1783 3367 2044 3439 lnlerrog.

472 3453 507 3508 8
539 3463 594 3508 et
630 3455 716 3508 lt).
747 3455 990 3522 Quarum
1030 3458 1084 3511 in
1131 3459 1314 3528 priore
1336 3462 1629 3531 quaeritur:
1665 3472 1848 3517 utrum
1883 3478 2048 3532 puer-

472 3563 604 3617 pera
635 3546 844 3602 Pascha
871 3549 1123 3619 jejunare
1153 3552 1366 3619 debeat,
1397 3569 1465 3607 an
1491 3554 1540 3608 ei
1574 3555 1684 3608 vini
1713 3571 1845 3611 usus
1870 3556 2051 3611 indul-

475 3641 703 3710 geatur?
731 3640 787 3695 ln
819 3644 1109 3712 posteriori
1137 3645 1204 3700 de
1235 3658 1440 3718 aegroto
1469 3648 1772 3717 dubitatur,
1799 3666 1868 3706 an
1897 3651 2053 3706 simi-

475 3731 599 3786 liter
630 3732 910 3790 Paschalis
935 3734 1148 3804 jejunio
1185 3747 1453 3803 teneatur,
1485 3750 1648 3810 alque
1678 3743 1854 3797 oleum
1895 3752 1948 3798 et
1973 3745 2054 3798 vi-

477 3837 610 3876 num
638 3823 897 3878 adhibere
927 3827 1120 3893 possit.
1153 3825 1271 3892 Qua
1317 3843 1380 3882 ex
1414 3831 1703 3898 posteriori
1753 3835 2054 3902 quaestione

477 3911 730 3968 Balsamo
753 3915 988 3985 colligit:
1012 3917 1134 3970 Ὅτι
1164 3919 1196 3989 ἡ
1221 3920 1446 3990 νηστεία
1473 3922 1572 3990 τῆς
1593 3922 2054 3996 Τεσσαρακοστῆς

476 3999 573 4054 τοῦ
613 4001 806 4072 Πάσχα
837 4002 1145 4074 ξηροφαγία
1191 4008 1340 4060 ἐστί·
1375 4009 1513 4063 ἀλλὰ
1552 4013 1648 4065 καὶ
1675 4013 1820 4066 οἴνου
1851 4015 2052 4087 ἁποχή.

478 4092 645 4147 Addit
673 4101 854 4148 tamen
875 4133 890 4157 ,
922 4097 1221 4154 nonnullos
1257 4100 1312 4152 in
1349 4108 1581 4172 utroque
1613 4119 1822 4160 canone
1849 4107 2056 4162 hebdo-

479 4182 653 4237 mada:
685 4193 887 4239 sancta:
911 4184 1177 4254 jejunium
1207 4229 1222 4253 ,
1275 4205 1381 4243 non
1415 4191 1856 4262 Quadragesimaa
1891 4197 2058 4252 totius

479 4272 830 4330 intellexisse.
890 4275 1230 4348 Epiphanius
1277 4297 1496 4351 quoque
1547 4284 1600 4338 in
1652 4287 1902 4343 Aerianis
1952 4289 2060 4344 bte-

478 4380 591 4420 res.
617 4366 705 4432 75,
739 4384 891 4423 num.
917 4370 969 4433 5,
993 4370 1058 4426 de
1089 4371 1192 4427 hac
1218 4373 1558 4428 hebdomada
1594 4377 1822 4446 loquens
1850 4381 1980 4434 z'Ev
2002 4398 2059 4434 τε

2135 537 2165 577 a
2197 522 2478 576 nonnullis
2528 522 2768 576 dicatum
2822 522 2994 576 fuisse
3043 521 3280 576 lrenaeus
3326 522 3394 575 ad
3445 521 3728 575 Victorem

2136 614 2347 680 scribit,
2380 613 2614 668 Eusebio
2646 623 2801 676 teste,
2836 613 2932 668 ιιι).
2971 631 3022 678 v,
3062 629 3184 683 cap.
3221 612 3330 668 2i:
3369 615 3434 665 Oi
3473 613 3573 683 μὲν
3612 615 3728 682 γὰρ

2133 707 2335 760 οἴονται
2390 707 2516 777 μίαν
2548 706 2760 777 ἡμέραν
2811 707 2923 760 δεῖν
2974 708 3173 770 αὐτοὺς
3205 713 3529 777 νηστεύειν·
3570 707 3622 758 οἱ
3667 707 3725 758 δὲ

2135 796 2228 849 δύο
2247 814 2259 826 ·
2289 798 2339 851 οἱ
2367 797 2421 849 δὲ
2449 797 2542 850 καὶ
2577 796 2846 860 πλείονας.

2205 889 2324 944 Col.
2363 888 2466 943 888
2498 889 2560 944 C.
2598 891 2780 944 Ἀλλὰ
2805 889 2966 944 κτιὶοὶ
2986 887 3301 943 σπουδαῖοι
3327 887 3571 949 διπλᾶς.
3595 886 3727 939 Dio-

2140 983 2328 1053 nysius
2376 982 2777 1037 Alexandrinus
2823 981 3064 1051 lfpistola
3097 981 3165 1033 ad
3204 975 3525 1034 Basiliden:
3569 979 3726 1033 Ἐπεὶ

2146 1075 2280 1146 μηδὲ
2311 1075 2408 1138 τὰς
2431 1075 2487 1141 ἓξ
2510 1074 2616 1127 τῶν
2639 1075 2900 1145 νηστειῶν
2923 1075 3132 1145 ἡμέρας
3156 1074 3287 1138 ἴσως
3307 1113 3322 1138 ,
3351 1074 3488 1143 μηδὲ
3521 1073 3727 1143 ὀμοξως

2149 1169 2348 1231 πάντες
2390 1167 2755 1238 διαμένουσιν.
2808 1167 2945 1218 Ἀλλ’
2986 1169 3033 1219 οἱ
3066 1167 3162 1237 μὲν
3197 1168 3289 1219 καὶ
3335 1166 3514 1228 πάσας
3546 1167 3726 1236 ὑπερ-

2146 1263 2410 1325 τιοέασιν,
2439 1262 2613 1315 ἄσιτοι
2649 1261 3018 1325 διατελοῦντες
3038 1303 3051 1325 ,
3094 1263 3141 1313 οἱ
3165 1262 3220 1314 δὲ
3245 1261 3359 1322 δύο,
3388 1263 3437 1312 οἱ
3462 1261 3519 1312 δὲ
3549 1263 3723 1331 τρεῖς,

2148 1356 2198 1408 οἱ
2232 1356 2287 1408 δὲ
2318 1355 2618 1425 τέσσαρας,
2655 1355 2703 1406 οἱ
2738 1354 2794 1407 δὲ
2821 1355 3097 1424 οὐδεμίαν.
3144 1352 3480 1423 Epiphanius
3505 1354 3724 1415 eodem,

2142 1462 2250 1515 quo
2311 1445 2646 1515 Dionysius,
2705 1446 2870 1500 verbo
2929 1446 3129 1507 utitur,
3182 1445 3441 1498 nimirum
3499 1445 3728 1514 ὑπερτί-

2143 1537 2351 1591 οεσΟαι.
2407 1536 2561 1603 Quod
2611 1546 2694 1592 est
2745 1541 2917 1590 cibum
2961 1538 3195 1604 differre.
3266 1534 3400 1590 llinc
3455 1534 3726 1604 jejunium

2143 1629 2512 1697 superposilio,
2562 1628 2668 1683 nisi
2720 1627 2898 1692 fallor,
2945 1646 2974 1682 a
3025 1628 3234 1684 Latinis
3268 1639 3515 1691 vocatur,
3566 1638 3628 1682 ut
3671 1629 3726 1680 in

2148 1722 2390 1776 Eliberit.
2439 1737 2593 1776 conc.
2639 1737 2762 1776 can.
2806 1721 2917 1774 26:
2972 1719 3221 1773 Errorem
3270 1721 3467 1790 placuit
3503 1721 3725 1788 corrigi,

2146 1826 2201 1866 ut
2249 1814 2391 1866 onmi
2427 1811 2648 1866 Sabbati
2683 1814 2767 1866 die
2795 1811 3126 1881 jejuniorum
3162 1812 3604 1880 superpositiones
3654 1826 3732 1863 ce-

2145 1902 2429 1956 lebrentur.
2468 1902 2523 1955 In
2554 1901 2784 1956 Constil.
2814 1913 2982 1970 apost.
3027 1903 3119 1955 lib.
3152 1918 3206 1965 ν,
3236 1915 3283 1955 c.
3315 1902 3378 1954 i7
3408 1917 3419 1951 :
3451 1901 3563 1969 Τὴν
3596 1901 3729 1970 μὲν-

2143 2012 2226 2047 τοι
2254 1995 2628 2066 παρασκευὴν,
2668 1995 2762 2046 καὶ
2789 1993 2850 2046 τὸ
2875 1992 3152 2048 Σάϐϐατον
3180 1992 3473 2061 ὁλόκληρον
3498 1991 3732 2062 νηστεύο

2147 2104 2275 2139 σατε
2297 2126 2312 2150 ,
2340 2082 2420 2149 οἷς
2447 2085 2675 2156 δύναμις
2722 2085 2980 2156 πρόσεστι
3008 2085 3229 2154 τοιαύτη
3259 2125 3274 2146 ,
3305 2084 3537 2154 μηδενὸς
3568 2082 3731 2150 γευό-

2151 2195 2342 2250 μενοι,
2398 2177 2591 2248 μέχρις
2641 2176 3111 2247 ἀλεκτοροφωνίας
3154 2176 3345 2238 νυκτός
3373 2192 3386 2204 ·
3447 2177 3495 2226 εἰ
3549 2174 3611 2226 δὲ
3649 2191 3731 2236 τις

2149 2270 2398 2322 ἀδυνατεῖ
2426 2267 2521 2330 τὰς
2545 2267 2637 2318 δύο
2663 2266 2954 2318 συνάπτειν
2981 2265 3138 2335 ὁμοῦ,
3187 2263 3507 2331 φυλασσέτω
3531 2262 3640 2314 κᾶν
3673 2261 3732 2312 τὸ

2149 2356 2449 2414 Σάϐϐατον.
2491 2359 2728 2412 Causam
2777 2357 2999 2425 subjicit
3035 2375 3047 2410 :
3083 2356 3226 2424 quod
3270 2355 3353 2409 his
3400 2354 3594 2408 diebus
3635 2354 3734 2406 ab-

2150 2453 2292 2508 latus
2343 2452 2415 2506 sit
2461 2466 2716 2520 sponsus.
2772 2448 2947 2514 Quam
2997 2458 3050 2502 et
3097 2446 3326 2502 Tertull.
3379 2446 3556 2514 attigit
3631 2444 3728 2497 lib.

2150 2542 2351 2600 Contra
2395 2542 2754 2616 Psych.,cap.
2797 2541 2828 2593 8
2863 2560 2874 2594 :
2914 2539 3044 2593 Ecce
3089 2540 3224 2593 enim
3273 2539 3518 2592 convenio
3558 2553 3652 2588 ros
3684 2547 3732 2588 et

2150 2652 2340 2709 preter
2390 2636 2600 2690 Pascha
2640 2635 2967 2703 jejunanles,
3026 2632 3164 2684 citra
3210 2630 3331 2683 illos
3377 2630 3509 2694 dies,
3539 2628 3732 2697 quibus

2151 2733 2360 2785 ablatus
2387 2740 2461 2784 est
2497 2730 2746 2797 Sponsus.

2225 2823 2358 2876 lbid.
2385 2820 2491 2876 Καὶ
2519 2819 2672 2885 ὅλην
2691 2817 2805 2885 τὴν
2826 2815 3332 2884 Τεσσαρακοστὴν
3355 2814 3470 2868 ἀπὸ
3490 2811 3732 2878 ἐνάτης.

2163 2910 2358 2966 Utrum
2387 2912 2643 2965 omnibus
2673 2909 3114 2978 Quadragesimre
3153 2906 3346 2960 diebus
3377 2918 3610 2975 synaxes
3646 2919 3738 2955 ee-

2154 3005 2350 3058 lehrari
2386 3003 2552 3065 dicat,
2583 3001 2820 3055 dubitari
2847 3009 3058 3069 potest:
3097 3014 3163 3052 an
3193 2998 3323 3051 illud
3354 2995 3532 3065 potius
3563 2995 3735 3058 velit;

2158 3107 2266 3152 tam
2319 3112 2414 3151 sex
2462 3095 2582 3149 illas
2629 3092 2934 3155 Paschalis,
2969 3100 3023 3144 et
3077 3089 3302 3158 majoris
3357 3086 3738 3148 hebdomadzc,

2153 3205 2315 3260 quam
2351 3197 2574 3244 caeteras
2604 3185 3051 3256 Quadragesimre
3077 3196 3336 3253 synaxcs,
3391 3179 3742 3249 quibuscuu-

2150 3298 2257 3353 que
2284 3281 2504 3336 tandem
2543 3279 2738 3335 diebus
2768 3278 3072 3341 obeanlur,
3107 3291 3136 3329 a
3172 3289 3313 3328 nona
3338 3273 3406 3326 ad
3448 3286 3740 3340 vesperam

2151 3389 2326 3444 usque
2359 3372 2714 3442 frequentari.
2769 3367 2882 3422 Hoc
2905 3381 3035 3422 vero
3061 3375 3267 3422 certum
3295 3376 3377 3419 est
3417 3380 3480 3420 ex
3511 3365 3578 3417 iis
3605 3362 3740 3432 Epi-

2151 3464 2338 3535 phanii
2371 3463 2583 3524 verbis,
2615 3458 2880 3530 jejunium
2914 3457 2967 3512 in
2989 3457 3410 3524 Quadragesima
3459 3471 3567 3508 non
3607 3464 3739 3508 ante

2153 3569 2434 3624 vesperam
2476 3564 2642 3624 atque
2686 3566 2942 3606 occasum
2992 3550 3163 3605 solem
3213 3565 3243 3602 a
3292 3548 3540 3602 ﬁdelibus
3595 3549 3738 3602 solu-

2155 3655 2290 3702 tum.
2314 3644 2415 3700 Cui
2445 3653 2872 3700 consentaneum
2889 3653 2996 3708 est,
3018 3642 3167 3712 quod
3197 3656 3321 3696 cum
3345 3641 3410 3695 de
3437 3640 3739 3710 synaxibus

2155 3753 2462 3810 ageremus,
2511 3753 2575 3792 ex
2608 3735 2948 3792 Tertulliano
2990 3733 3279 3790 docuimus
3313 3751 3326 3786 :
3356 3733 3622 3786 stationes
3667 3733 3738 3785 ob

2155 3830 2206 3885 id
2239 3830 2575 3899 semijejunia
2597 3829 2802 3893 vocari,
2837 3827 2984 3894 quod
3013 3826 3080 3879 ad
3115 3826 3306 3879 horam
3333 3838 3533 3876 nonam
3561 3839 3737 3890 usque

2154 3927 2580 3990 prorogarentur
2604 3959 2619 3985 ,
2651 3933 2777 3973 cum
2815 3916 3047 3985 majora,
3088 3913 3396 3984 cujusmodi
3435 3913 3737 3983 quadrage-

2158 4013 2368 4067 simalia
2404 4010 2576 4075 fuere,
2603 4026 2711 4064 non
2743 4018 2870 4064 ante
2896 4008 3035 4063 lucis
3057 4007 3265 4062 exitum
3295 4005 3634 4061 deSinerent.
3672 4009 3736 4058 At

2159 4104 2385 4158 Constit.
2437 4113 2607 4171 aposl.
2658 4101 2752 4155 lib.
2787 4117 2838 4168 ν,
2879 4115 3001 4169 cap.
3052 4099 3140 4164 l5,
3197 4114 3337 4152 nona
3379 4100 3463 4151 vel
3512 4114 3733 4168 vespera

2159 4210 2258 4264 pro
2294 4193 2564 4263 cujusque
2603 4192 2811 4248 viribus
2854 4191 2997 4246 vesci
3036 4190 3191 4260 jubet
3225 4203 3240 4242 :
3279 4187 3367 4242 Ἐν
3395 4188 3452 4241 δὲ
3483 4191 3605 4252 ταῖς
3637 4187 3738 4240 itot-

2161 4290 2290 4350 παῖς
2336 4288 2459 4350 ταῖς
2517 4284 2622 4357 πρὸ
2664 4284 2763 4355 τῆς
2821 4282 3178 4355 παρασκευῆς
3235 4283 3430 4354 ἐνάτην
3481 4281 3654 4352 ὥραν,
3706 4281 3737 4351 ἦ

2163 4385 2402 4456 ἑσπέραν
2447 4382 2678 4445 ἕκαστος
2723 4379 2970 4444 ἐσθιέτω,
3015 4380 3047 4450 ἢ
3092 4379 3241 4440 ὅπως
3278 4377 3342 4430 ἄν
3370 4382 3456 4439 τις
3505 4375 3736 4428 δύναιτο.

481 4460 602 4521 ταῖς
633 4459 868 4530 ἡμέραις
905 4461 998 4515 τοῦ
1039 4464 1254 4535 Πάσχα,
1291 4467 1486 4536 inquit,
1513 4469 1604 4522 ὅτε
1640 4473 1768 4541 παρ’
1797 4473 1927 4542 ἡμῖν
1963 4491 2047 4543 χα·

2163 4477 2488 4531 Ambrosius
2539 4490 2708 4530 serm.
2729 4472 2801 4528 26
2834 4490 2846 4524 :
2879 4471 3022 4542 Rogo
3049 4488 3157 4536 vos,
3196 4469 3390 4538 fratres
3415 4467 3735 4525 charissimi,

485 4551 721 4620 μευνίαι,
767 4553 1000 4620 ἁγνεῖαι,
1049 4557 1436 4624 κακοπάθειαι,
1481 4559 1829 4633 ξηροφαγὶαι,
1877 4567 2054 4636 εὐχαὶ,

480 4644 778 4715 ἀγρυπνίαι
807 4665 866 4700 τε
912 4650 1007 4703 καὶ⁹
1041 4655 1313 4720 νηστεῖαι,
1356 4655 1451 4708 καὶ
1511 4659 1682 4711 πᾶσαι
1714 4659 1824 4712 τῶν
1870 4659 2057 4731 ψυχῶν

483 4737 539 4788 αἱ
595 4738 896 4811 σωτηρίαι,
932 4749 1038 4795 etc.
1087 4741 1230 4797 Idem
1282 4754 1336 4800 et
1381 4747 1572 4801 haeres.
1633 4748 1722 4814 70,
1777 4765 1930 4805 num.
1988 4752 2056 4806 Ω

483 4828 875 4885 hebdomadam
907 4833 1052 4888 illam
1092 4833 1376 4894 Paschalis
1407 4839 1744 4910 ξηροφαγῖας
1767 4841 2056 4914 ἑϐδομάδα,

483 4923 578 4977 καὶ
609 4923 704 4976 τοῦ
751 4923 943 4994 Πάσχα
980 4928 1245 4984 nominat.
1291 4927 1425 4985 Vide
1467 4940 1522 4986 et
1567 4949 1624 4988 n.
1665 4935 1747 4989 14.
1781 4933 1891 4991 Nec
1925 4937 2058 4991 illud

482 5017 1011 5085 praetermittendum
1043 5028 1148 5085 est,
1181 5021 1256 5075 uti
1287 5021 1496 5077 Pascha
1527 5040 1626 5094 pro
1657 5035 1767 5080 tota
1812 5027 2058 5093 Quadra-

484 5109 711 5177 gesima,
736 5117 830 5163 aut
854 5125 952 5178 pro
977 5111 1164 5165 ultima
1199 5113 1390 5168 saltem
1427 5114 1572 5170 illius
1601 5117 1940 5172 hebdomada
1966 5136 2060 5173 su-

483 5202 674 5254 mitur.
708 5199 867 5255 Velut
911 5217 1034 5256 cum
1077 5202 1397 5260 Timotheus
1427 5207 1718 5274 νηστεῦσαι
1755 5209 1948 5280 Πάσχα
1977 5211 2058 5264 di-

485 5292 564 5346 xit
601 5307 614 5344 :
651 5293 723 5346 ita
756 5307 1152 5363 nonnunquam
1181 5305 1389 5349 certmn
1422 5297 1664 5365 ejusdem
1700 5299 2058 5355 hebdomadis

482 5383 625 5438 diem
658 5385 986 5452 signiﬁcare,
1033 5394 1090 5438 ut
1121 5387 1262 5455 apud
1287 5385 1514 5440 Tertull.
1549 5389 1642 5442 lib.
1683 5388 1755 5442 De
1777 5402 1918 5443 erat.
1957 5391 2060 5444 sub

484 5475 645 5529 linem
681 5495 694 5531 :
735 5476 822 5530 Sic
857 5488 904 5531 et
931 5479 1016 5532 die
1049 5479 1294 5544 Pasclttt',
1337 5497 1454 5550 qua:
1504 5484 1796 5536 communis
1827 5493 1874 5536 et
1907 5485 2061 5553 quasi

481 5567 690 5634 publica
731 5570 926 5638 jejunii
961 5571 1147 5640 religio
1198 5581 1310 5635 est,
1348 5574 1530 5627 merito
1563 5575 1869 5644 deponimus
1906 5592 2060 5628 oscu-

485 5655 617 5708 lum.
669 5656 772 5721 Qui
818 5659 954 5723 dies,
1010 5659 1308 5715 Parasceve
1353 5670 1562 5728 sancta,
1622 5679 1726 5732 qua
1779 5662 2060 5720 Passionis

485 5747 750 5802 memoria
796 5749 1124 5814 celebratur,
1161 5767 1224 5808 ac
1271 5753 1461 5822 Πάτχα
1511 5755 1886 5824 στανρτῖλτιμην
1939 5774 2060 5812 esse

2160 4579 2216 4622 ut
2249 4568 2305 4620 in
2335 4567 2437 4621 isto
2474 4566 2707 4636 legitimo
2753 4576 3014 4634 tempore,
3063 4562 3293 4630 exceptis
3341 4558 3630 4612 Dominica
3688 4566 3735 4608 et

2160 4658 2393 4715 Sabbato
2441 4659 2643 4722 diebus,
2678 4657 2856 4712 nullus
2907 4665 3028 4709 ante
3071 4670 3263 4707 nonam
3316 4651 3578 4718 prandere
3614 4664 3740 4717 prte-

2159 4759 2352 4816 sumat,
2397 4751 2498 4803 nisi
2535 4750 2670 4818 forte
2718 4765 2867 4819 quem
2906 4747 3150 4816 jejunare
3199 4743 3487 4812 infirmitas
3513 4759 3615 4794 non
3639 4756 3743 4808 per-

2160 4845 2339 4897 mittit.
2369 4842 2506 4908 Quia
2548 4841 2670 4895 aliis
2697 4841 2877 4894 diebus
2898 4838 3142 4909 jejunare
3168 4845 3259 4889 aut
3296 4835 3604 4895 remedium,
3653 4841 3740 4885 aut

2160 4934 2438 5004 pra-:mium
2468 4941 2544 4984 est
2577 4947 2594 4987 :
2629 4931 2683 4983 in
2713 4929 3134 4998 Quadragesima
3168 4941 3287 4978 vero
3336 4941 3439 4978 non
3470 4925 3733 4992 jejunare.

2163 5035 2433 5097 peccatum
2470 5033 2566 5077 est.
2614 5023 2720 5088 Qui
2775 5021 2994 5091 quidem
3052 5036 3233 5076 sermo
3286 5019 3515 5074 totidem
3567 5016 3736 5071 verbis

2164 5113 2304 5182 apud
2338 5111 2700 5181 Augustinum
2752 5110 2976 5180 legitur;
3013 5118 3207 5179 estque
3255 5125 3437 5164 sermo
3470 5109 3539 5161 de
3571 5117 3725 5173 temp.

2165 5207 2253 5258 6-2.
2287 5203 2391 5259 Sed
2417 5206 2482 5258 de
2505 5203 2746 5258 Sabbalo
2768 5204 2992 5258 verbum
3020 5204 3250 5258 nullum.
3283 5202 3386 5257 Sed
3413 5203 3516 5256 hoc
3544 5203 3732 5263 solum,

2167 5310 2222 5352 ut
2255 5299 2483 5367 exceptis
2521 5296 2812 5351 Dominicis
2843 5297 3047 5360 diebus,
3095 5296 3273 5348 nullus
3307 5295 3572 5363 prandere
3615 5309 3730 5362 γηιό

2163 5400 2360 5443 smnal.
2389 5388 2545 5455 Quod
2586 5389 2725 5443 idem
2755 5399 2836 5441 est
2871 5403 2934 5441 ac
2965 5389 3008 5442 si
3040 5395 3163 5440 ante
3199 5400 3396 5440 nonam
3436 5385 3586 5440 vesci
3617 5399 3731 5452 pro-

2164 5482 2399 5543 hiberet,
2441 5483 2567 5551 quia
2603 5483 2886 5551 prandium
2932 5490 3058 5534 ante
3091 5483 3274 5532 horam
3326 5486 3539 5532 sextam
3568 5477 3731 5544 capie-

2166 5577 2344 5629 batur.
2381 5575 2512 5629 Vide
2547 5577 2774 5644 August.
2821 5575 2984 5642 epist.
3021 5573 3109 5626 86.
3171 5572 3246 5626 lla
3280 5571 3584 5626 Cassianus
3625 5566 3730 5621 Cul-

2166 5668 2259 5720 lat.
2297 5666 2388 5729 ιιι,
2430 5681 2548 5734 cap.
2577 5665 2666 5728 25,
2699 5664 2780 5718 vel
2810 5663 3061 5718 Tlieonas
3100 5663 3240 5731 apud
3278 5662 3429 5715 illum
3461 5659 3726 5713 admonet.

2167 5767 2223 5814 ut.
2263 5758 2315 5810 in
2351 5756 2543 5812 diebus
2574 5755 2748 5820 festis,
2780 5755 2944 5820 cibus,
2973 5754 3066 5824 qui
3099 5754 3226 5806 hora
3268 5752 3372 5804 diei
3403 5767 3546 5803 nona
3574 5750 3735 5818 furiat
