3832 6220
139 246 280 304 1097

926 248 1014 304 DE
1055 247 1452 309 VETERIBUS
1489 245 1898 317 QUIBUSDAM
1939 244 2296 302 ECCLESIAS
2345 245 2640 302 RITIBUS.

3295 243 3431 302 1098

135 361 454 433 capiendus,
486 363 647 432 paulo
678 363 858 428 citius,
897 364 952 416 id
987 375 1066 418 est
1097 374 1246 420 sexta
1277 369 1408 422 liora
1441 384 1538 439 pro
1569 367 1714 437 festi.
1751 369 1798 426 Α
1825 363 2098 434 acjejnnii
2123 365 2403 430 relaxatio,
2433 374 2494 418 ut
2525 364 2664 432 Aug.
2693 363 2896 418 indicat
2932 363 3094 432 epist.
3127 365 3258 429 H8,
3295 380 3346 420 c.
3375 367 3428 420 4.

136 457 328 509 vitatis
353 467 585 524 tempore
617 455 884 521 capiatur.
919 455 986 510 At
1021 456 1218 524 priscis
1249 459 1586 530 temporibus
1619 473 1726 512 non

137 557 272 602 ante
297 563 580 617 vesperam
612 547 795 602 cibum
819 563 1014 618 capere
1036 561 1463 614 consueverant;
1501 551 1554 606 id
1584 550 1728 620 quod

139 638 370 708 insuper
405 637 688 708 Theophili
720 637 1076 694 Alexandrini
1109 640 1262 696 locus
1295 641 1386 696 ille
1419 642 1727 706 conﬁrmat,

137 743 310 797 quem
339 743 507 798 supra
536 727 924 784 discussimus.
962 727 1328 800 Posteaquam
1363 747 1494 788 vero
1527 731 1594 786 ad
1633 732 1732 785 ho—

139 835 262 874 ram
297 835 499 876 nonam
531 820 785 876 vescendi
819 829 1035 890 tempus
1073 837 1104 876 a
1145 837 1372 892 vespera
1406 824 1730 880 translatum

137 921 248 976 est,
309 923 426 966 tum
463 913 744 968 sublatum
783 911 916 966 illud
959 911 1258 969 discrimen
1294 915 1554 978 arbitror,
1585 914 1732 984 quod

145 1008 416 1060 haetcnus
461 1006 600 1060 inter
645 1005 910 1060 stationes
950 1017 1006 1063 et
1031 1006 1240 1076 jejunia
1273 1006 1444 1062 fuisse
1479 1005 1732 1060 vidimus.

145 1095 390 1168 Indeque
435 1109 548 1162 est,
603 1099 748 1168 quod
799 1099 1129 1156 Ambrosius
1174 1117 1340 1155 serm.
1397 1103 1465 1156 56
1525 1101 1734 1172 jejunia

143 1190 586 1260 Quadragesimw
609 1193 862 1248 stationes
887 1194 1149 1262 appellari
1174 1194 1330 1248 dixit.

223 1285 340 1336 "Er
389 1297 508 1336 τισι
555 1284 624 1336 δὲ
663 1286 872 1351 τόποις
915 1285 1023 1354 τῆς
1068 1286 1218 1354 μετὰ
1263 1286 1378 1355 τὴν
1433 1285 1732 1356 πέμπτην.

157 1375 596 1445 ’Δπονηστισμὸς
661 1388 743 1432 est
787 1379 982 1448 jejunii
1041 1381 1278 1442 solutio;
1335 1389 1390 1434 et
1441 1379 1738 1450 ἀπονηστί-

143 1463 622 1536 ζεσῦαιῘεῙιιηίιιηι
653 1468 872 1524 solvere.
907 1468 1018 1525 Nec
1049 1471 1205 1525 aliter
1231 1471 1284 1524 in
1316 1471 1506 1526 Graeco
1537 1469 1740 1540 Hippo-

145 1559 240 1629 lyti
271 1574 482 1614 canone
513 1561 737 1616 verbum
777 1563 908 1617 illud
953 1564 1242 1632 accipitur,
1271 1579 1398 1618 cum
1433 1564 1548 1618 ait:
1585 1564 1740 1616 Ἀπο-

143 1650 500 1720 νηστίζεσθαι
555 1651 611 1704 δὲ
655 1652 736 1704 δεῖ
765 1647 826 1706 οὗ
857 1653 923 1706 ἂν
953 1653 1171 1724 ἐμπέσῃ
1201 1653 1464 1724 κυριακή.
1494 1651 1734 1706 Tametsi

1833 455 1992 522 Quod
2021 453 2330 510 Laodicena
2367 455 2610 524 synodus
2643 453 2895 522 usurpari
2947 451 3120 506 vetuit
3157 467 3279 508 can.
3311 450 3382 508 49
3415 469 3428 504 :

1834 547 1956 602 Ὅτι
2005 547 2067 600 ού
2111 546 2194 599 δεῖ
2239 549 2297 600 ἐν
2344 547 2760 615 τεσσαρακοστῇ
2809 546 2874 614 τῇ
2929 543 3128 615 ὑστέρᾳ.
3181 542 3436 616 ἑϐδομάδι

1829 642 1932 711 τὴν
1975 640 2237 711 πέμπτην
2285 637 2470 694 λύειν.
2517 639 2612 692 καὶ
2661 637 2790 708 ὅλην
2831 637 2929 706 τὴν
2977 635 3432 708 τεσσαρακοστὴν

1833 732 2122 804 ἀτιμάζειν
2143 750 2156 763 ·
2190 732 2327 786 ἀλλὰ
2359 731 2439 785 δεῖ
2475 733 2656 784 πᾶσαν
2696 731 2796 800 τὴν
2845 729 3297 800 τεσσαρακοστὴν
3336 745 3452 804 wr-
3484 743 3488 752 '

1837 825 2048 880 στεύειν
2109 824 2578 897 ξηροφαγοῦντας.
2637 821 2714 876 Ex
2771 839 2881 890 quo
2938 823 3156 878 notabis
3215 822 3430 882 obiter,

1835 916 2117 972 Passionis
2143 917 2538 971 hebdomadam
2569 913 3016 984 Quadragesimre
3049 923 3256 982 partem
3286 927 3432 974 esse.

1837 1021 1946 1060 non
1979 1007 2048 1060 ab
2089 1006 2180 1060 illa
2220 1007 2560 1062 distinctam.
2603 1003 2862 1058 Trullana
2920 1018 3140 1074 quoque
3189 1001 3433 1072 synodus

1837 1097 2077 1164 can.29,
2129 1099 2278 1168 quod
2325 1098 2378 1152 in
2423 1096 2866 1166 Carthaginiensi
2915 1095 3150 1150 concilio
3198 1095 3264 1150 de
3297 1091 3434 1148 feria

1837 1191 1930 1248 illa
1958 1191 2150 1260 quinta
2193 1191 2520 1244 nominatim
2561 1199 2848 1258 exceptum
2909 1187 3127 1242 fuerat:
3170 1187 3232 1242 Ut
3257 1201 3436 1238 sacra-

1838 1289 2014 1334 menta
2051 1280 2241 1334 altaris
2284 1282 2494 1336 nonnisi
2555 1297 2588 1332 a
2615 1279 2810 1349 jejunis
2843 1279 3141 1334 hominibus
3173 1277 3438 1332 celebren-

1841 1381 1948 1439 tur,
1977 1381 2192 1441 excepto
2232 1389 2338 1428 uno
2369 1372 2456 1426 die
2497 1369 3016 1441 anniversario,‘quo
3050 1387 3194 1424 ctena
3223 1369 3440 1423 Domini

1839 1465 2132 1520 celebratur
2189 1465 2308 1536 (qui
2341 1474 2426 1520 est
2463 1465 2650 1520 Carth.
2689 1479 2771 1530 tu,
2796 1479 2920 1520 can.
2949 1463 3062 1534 E9),
3093 1461 3380 1532 abrogavit
3414 1477 3428 1513 :

1839 1557 2118 1628 vetuitque
2145 1558 2242 1611 illo
2275 1558 2362 1612 die
2395 1557 2533 1612 solvi
2575 1557 2869 1628 jejunium.
2901 1557 2970 1610 At
3009 1557 3346 1625 Augustinus
3379 1555 3432 1607 in

1841 1649 2068 1719 epistola
2101 1649 2346 1718 proxime
2389 1649 2554 1703 citata
2605 1649 2886 1703 nonnullis
2931 1649 2982 1702 in
3025 1647 3287 1702 Ecclesiis
3323 1660 3437 1700 mo-

145 1719 398 1813 Sealiger
427 1744 480 1797 in
529 1741 688 1798 Notis
735 1745 802 1800 ad
849 1719 1000 1799 illum
1037 1719 1337 1808 canonum,
1377 1719 1732 1816 ἀπονηστίζε-
1773 1719 1813 1777 Β
1845 1757 1956 1796 rem
1993 1739 2164 1796 fuisse
2213 1741 2486 1804 declarat,
2529 1749 2588 1794 ut
2636 1741 2712 1794 bis
2760 1742 2945 1810 quinta
2992 1737 3212 1794 Sabbati
3239 1739 3434 1792 hebdo-

145 1831 278 1884 σθαι
315 1841 466 1902 putat
491 1848 614 1888 esse
651 1833 942 1903 transferre
965 1835 1234 1904 jejunium
1261 1850 1280 1889 :
1311 1835 1458 1905 quod
1506 1834 1732 1888 minime

145 1925 418 1993 procedit.
445 1923 682 1995 Tempus
707 1941 838 1981 vero
867 1925 1196 1986 dissolvendi
1223 1925 1440 1996 jejnnii,
1459 1925 1574 1980 sive
1601 1926 1733 1980 hora

147 2014 246 2067 τοῦ
300 2015 710 2087 ἁπονηστισμοῦ
781 2017 1063 2086 multiplex
1109 2017 1231 2070 fuit.
1281 2017 1509 2072 Constit.
1559 2015 1731 2070 Clem.

147 2105 248 2159 lib.
283 2125 336 2173 v,
367 2123 484 2178 cap.
517 2109 578 2162 ιθ
599 2127 614 2162 :
639 2107 810 2178 Ἰξῷδὲ
837 2108 1100 2179 Σαϐϐάτῳ
1133 2110 1328 2180 μέχρις
1360 2108 1739 2180 ἀλεκτοροφω-

145 2197 272 2263 νίας
325 2201 779 2272 παρατείνοντες,
839 2201 1268 2272 ἀπονηστίξεσθε
1317 2199 1738 2270 ἑπιφωσκούσης

147 2293 290 2360 μιᾶς
315 2291 423 2344 τῶν
445 2291 762 2358 Σαϐϐάτων,
799 2293 922 2364 ἥτις
955 2293 1074 2346 ἐστὶ
1097 2293 1334 2365 κυριακὴ
1363 2293 1471 2348 ἀπὸ
1501 2292 1740 2364 ἑσπέρας

143 2383 262 2447 ἕως
291 2383 756 2456 ἀλεκτοροφωνίας
795 2385 1204 2457 ἀγρυπνοῦντες
1225 2429 1238 2452 ,
1268 2387 1361 2440 καὶ
1393 2388 1486 2440 ἐπὶ
1510 2385 1572 2439 τὸ
1607 2385 1738 2440 αὐτὸ

145 2476 210 2527 ὲν
241 2477 310 2546 τῇ
380 2475 642 2546 ἐκκλησίᾳ
675 2475 1152 2548 συναθροιζόμενοί.
1187 2481 1534 2549 γρηγορεῖτε.
1574 2476 1736 2533 Iubet

146 2567 630 2636 quadragesimale
671 2568 940 2639 jejunium
988 2567 1124 2624 solvi
1175 2569 1242 2623 ad
1277 2569 1644 2640 gallicinium,
1681 2578 1740 2624 ut

147 2667 208 2713 et
239 2661 516 2729 superiori
551 2663 750 2731 capite.
785 2660 1080 2732 Dionysius
1107 2661 1514 2718 Alexandrinus
1537 2663 1603 2716 ad
1638 2661 1738 2716 Ba-

147 2750 385 2816 siliden,
419 2751 772 2821 reprehendit
832 2767 929 2808 eos
992 2751 1088 2822 qui
1135 2753 1300 2821 paulo
1329 2762 1456 2807 ante
1507 2751 1740 2806 mediam

150 2853 373 2894 noctem
398 2853 522 2910 post
551 2841 848 2898 Sabbatum
873 2843 1141 2914 jejunium
1175 2842 1504 2906 dissolvunt,
1527 2841 1602 2905 ὼς
1629 2841 1742 2894 ὀλι-

145 2939 374 3012 γώρους
427 2937 522 2990 καὶ
547 2936 828 3008 ἀκρατεῖς.
869 2935 975 2992 Eos
1009 2921 1190 2992 autem
1227 2936 1600 2999 commendat,
1649 2933 1742 3004 qui

149 3046 335 3101 usque
367 3029 434 3082 ad
481 3036 732 3097 quartam
769 3027 1076 3082 custodiam
1139 3027 1450 3092 sustinent;
1501 3039 1602 3081 nec
1649 3039 1746 3078 eos

151 3087 345 3194 ιταξηί
393 3087 674 3176 iaciendos
705 3121 814 3186 ait,
850 3120 944 3189 qui
991 3135 1058 3176 ex
1104 3120 1213 3176 illis
1257 3087 1486 3190 majoris
1535 3118 1744 3174 hebdo-
1773 3087 1815 3144 θ

149 3215 336 3269 madas
365 3229 460 3268 sex
496 3213 689 3266 diebus
715 3253 728 3276 ,
761 3212 1038 3280 prioribus
1073 3221 1312 3281 quatuor
1358 3213 1478 3267 sine
1525 3210 1744 3280 jejunio

149 3305 454 3360 transactis
479 3345 494 3368 ,
543 3303 878 3358 Parasceven
913 3313 966 3359 et
993 3304 1292 3359 Sabbatum
1331 3305 1450 3360 sine
1479 3303 1590 3358 ullo
1618 3302 1744 3357 cibo

147 3395 484 3458 traducunt,
515 3393 660 3463 quod
707 3393 1056 3465 ὑπερτιθέναι
1105 3393 1369 3448 neminat.
1422 3391 1549 3447 Fuit
1591 3392 1738 3444 enim

147 3489 264 3544 hoc
297 3487 574 3542 veteribus
605 3485 931 3540 Christianis
979 3485 1248 3542 familiare
1273 3525 1288 3551 ,
1339 3485 1566 3540 biduum
1607 3482 1742 3538 illud

145 3583 368 3649 absque
397 3580 520 3634 cibo
544 3591 912 3646 perseverare,
951 3587 1007 3632 et
1039 3578 1092 3632 in
1120 3577 1366 3632 Ecclesia
1395 3577 1648 3645 precibus
1677 3589 1744 3630 ac

147 3673 360 3744 vigiliis
397 3672 670 3727 insistere.
697 3669 862 3726 Sexta
902 3671 1146 3742 synodus
1177 3671 1231 3724 in
1263 3669 1452 3724 Trullo
1479 3685 1603 3724 can.
1637 3669 1696 3724 9!
1725 3687 1738 3722 :

143 3768 268 3830 Τὰς
313 3763 410 3818 τοῦ
449 3763 718 3835 σωτηρίου
751 3761 958 3825 πάθους
997 3762 1212 3833 ἡμέρας
1251 3764 1308 3816 ὲν
1350 3763 1603 3834 νηστείᾳ,
1650 3762 1743 3814 καὶ

145 3859 440 3928 προσευχῇ
461 3897 476 3920 ,
508 3857 602 3909 καὶ
631 3855 922 3921 κατανύξει
961 3854 1188 3925 καρδίας
1219 3853 1605 3916 ἐπιτελοῦντας
1635 3853 1742 3924 χρὴ

141 3951 278 4013 τοὺς
299 3950 530 4011 πιστοὺς
561 3949 690 4018 περὶ
715 3947 888 4018 μέσας
915 3947 1014 4016 τῆς
1041 3946 1170 4017 περὶ
1199 3945 1260 3998 τὸ
1298 3945 1438 4016 μετὰ
1467 3945 1744 3999 Σάϐϐα-τον

142 4042 351 4106 νυκτὸς
376 4039 524 4112 ὧρας
549 4039 1028 4110 ἁπονηστίζεσθαι.
1062 4039 1138 4092 Ad
1163 4055 1284 4108 quas
1311 4038 1563 4092 Balsamo
1591 4037 1746 4090 dulii-

143 4143 254 4198 tat,
291 4150 366 4187 an
399 4133 530 4186 illm]
559 4133 907 4202 praecipiatur
938 4148 950 4182 :
983 4131 1224 4184 triduum
1245 4172 1259 4194 ,
1297 4129 1444 4199 quod
1478 4137 1562 4183 est
1604 4127 1744 4198 μετὰ

141 4229 252 4299 τὴν
287 4225 557 4295 τετράδα,
605 4223 858 4294 quodque
885 4223 1134 4277 Passioni
1183 4223 1453 4292 praecipue
1501 4221 1742 4274 dicatum

141 4329 252 4384 est,
285 4317 538 4386 adusque
567 4315 800 4370 mediam
845 4324 1060 4368 noctein
1109 4325 1236 4367 ante
1265 4313 1603 4368 Dominieam
1637 4309 1743 4364 Pa-

1842 1833 2014 1887 madas
2043 1833 2248 1888 ultima:
2300 1834 2744 1905 quadragesima,
2775 1843 2824 1888 et
2869 1849 3022 1886 mane
3059 1841 3108 1886 et
3152 1831 3222 1885 ad
3269 1847 3434 1901 vespe-

1843 1942 1960 1979 ram
2005 1926 2287 1994 o/ferretur
2330 1943 2348 1979 :
2402 1925 2550 1996 quod
2597 1923 3046 1994 improbandum‘
3074 1937 3196 1978 esse
3244 1931 3430 1993 negat.

1843 2015 1997 2084 Quod
2047 2018 2226 2088 ipsum
2257 2017 2387 2072 olim
2423 2019 2477 2072 in
2509 2025 2692 2072 vetere
2722 2015 2965 2072 Ecclesia
2996 2015 3208 2071 caeteris
3235 2015 3430 2070 diebus

1845 2113 2106 2166 usitatum
2143 2111 2332 2174 fuisse,
2373 2110 2580 2166 indicat
2627 2108 2940 2180 Cyprianus
2970 2107 3133 2178 epist.
3179 2105 3250 2160 65
3297 2106 3432 2160 edit.

1843 2201 1998 2256 Pam.
2034 2201 2137 2258 Ubi
2171 2203 2464 2260 nonnullos
2515 2203 2862 2272 reprehendit
2887 2241 2902 2264 ,
2930 2202 3024 2272 qui
3067 2201 3120 2255 in
3153 2201 3434 2256 matutinis

1846 2293 2134 2348 sacriﬁciis
2157 2309 2356 2364 aquam
2387 2293 2559 2349 solam
2595 2291 2954 2354 adhibebant,
2979 2308 3044 2346 ne
3074 2307 3166 2360 per
3188 2307 3433 2359 saporem

1847 2383 1957 2439 viui
1991 2385 2282 2440 redolerent
2308 2386 2619 2457 sanguinem
2643 2383 2862 2440 Christi.
2881 2383 3034 2450 Quos
3065 2385 3141 2437 ita
3167 2383 3431 2454 castigat:

1849 2481 1932 2531 An
1977 2476 2076 2530 illa
2107 2477 2210 2532 sibi
2254 2476 2450 2547 aliquis
2484 2475 2925 2544 contemplatione
2961 2475 3254 2536 blanditur,
3296 2474 3436 2545 quod

1848 2571 1947 2624 etsi
1977 2585 2129 2623 mane
2178 2585 2320 2639 aqua
2363 2569 2481 2623 sola
2515 2569 2698 2638 offerri
2731 2568 2958 2632 videtur,
3005 2579 3177 2621 tamen
3213 2585 3330 2622 cum
3366 2567 3436 2620 ad

1849 2661 2160 2716 cmnandum
2189 2663 2456 2727 venimus,
2505 2662 2722 2718 mistum
2760 2661 3313 2730 calicemoﬁ‘erimus;
3345 2662 3434 2714 sed

1849 2771 1968 2808 cum
1996 2769 2260 2808 canamus
2278 2795 2292 2818 ,
2328 2755 2396 2806 ad
2425 2753 2716 2807 convivium
2743 2763 2982 2806 nostrum
3019 2753 3218 2821 plebem
3247 2768 3438 2806 convo-

1849 2861 1972 2899 care
1995 2861 2096 2899 non
2119 2861 2423 2914 possumus,
2453 2855 2510 2898 ut
2535 2845 2856 2898 sacramenti
2881 2845 3158 2898 ueritatem
3188 2845 3437 2914 fraterni-

1854 2945 1962 2990 tate
2000 2937 2144 2990 omni
2171 2943 2427 3004 praesente
2458 2935 2812 2990 celebremus?
2830 2933 2922 2990 Bis
2954 2935 3118 3006 igitur
3165 2937 3362 2991 sacriti.
3385 2939 3435 2991 ia

1853 3029 2116 3084 celebrari
2163 3028 2432 3092 solebant,
2467 3042 2650 3094 mane,
2692 3033 2747 3082 et
2777 3027 2995 3096 quidem
3029 3026 3278 3099 publice;
3319 3039 3434 3082 tum

1847 3121 2100 3194 privatim
2133 3121 2236 3177 sub
2268 3136 2568 3190 vesperam.

1917 3212 2030 3266 Kal
2079 3213 2268 3278 οὕτως
2311 3213 2588 3268 ἀπολύει.
2653 3212 2938 3278 Ἀπόλυσις
2979 3224 3062 3268 est
3105 3211 3276 3267 Missa
3325 3215 3438 3270 sive

1846 3305 2052 3372 missio,
2087 3319 2212 3359 cum
2253 3304 2531 3370 diaconus,
2570 3320 2627 3358 re
2679 3319 2834 3360 sacra
2867 3305 3138 3371 conlecta,
3177 3307 3436 3375 populum

1844 3395 2085 3450 dimittit.
2121 3395 2301 3461 Quare
2329 3394 2738 3450 subaudiendus
2765 3404 2868 3460 est,
2897 3396 2925 3448 ὁ
2957 3395 3221 3459 διάκονος.

1927 3487 2024 3539 Ἑν
2077 3486 2154 3554 τῇ
2215 3485 2610 3553 ἀναστασίμῳ
2665 3483 2876 3554 ἡμέρᾳ.
2935 3483 3160 3555 Proprie
3225 3486 3436 3556 μεγάλη

1847 3579 2034 3650 ἡμέρα
2061 3579 2268 3633 Pascha
2299 3577 2632 3632 nominatur.
2668 3575 2738 3631 Ut
2771 3579 2826 3632 in
2873 3579 3186 3648 Ancyrano,
3221 3595 3342 3634 can.
3381 3581 3432 3642 ti,

1849 3671 2036 3736 Ἔδοξε
2073 3671 2236 3742 μέχρι
2262 3669 2362 3740 τῆς
2393 3669 2636 3740 μεγάλης
2669 3671 2883 3741 ἡμέρας
2922 3671 3002 3733 είς
3053 3671 3317 3742 ἀκρόασιν
3352 3671 3436 3723 δε-

1845 3763 2060 3834 χθῆναι.
2091 3761 2157 3816 Ει
2182 3761 2440 3832 quoniam
2471 3763 2524 3816 in
2559 3761 2898 3817 illustrandis
2931 3761 3127 3817 veteris
3179 3761 3436 3817 Ecclesiae

1847 3856 2042 3909 ritibus
2089 3861 2320 3908 navatur
2351 3868 2382 3906 a
2429 3853 2586 3908 nobis
2629 3863 2816 3923 opera,
2851 3853 2918 3908 de
2958 3868 3066 3908 uno
3097 3854 3334 3908 alterove
3362 3855 3436 3906 le-

1845 3957 2050 4001 ctorem
2093 3945 2531 4010 admonebimus,
2559 3945 2650 4014 qui
2691 3960 2789 4014 per
2833 3945 3106 4000 solemnes
3149 3945 3432 4000 Paschatis

1851 4041 2020 4094 ferias
2053 4038 2306 4107 usurpari
2353 4037 2619 4092 solebant.
2673 4039 2776 4105 Qui
2819 4039 2921 4092 etsi
2971 4039 3035 4092 ad
3071 4037 3426 4108 Epiphanittn'

1847 4141 2092 4186 nostrum
2141 4131 2276 4184 nihil
2321 4131 2614 4185 admodum
2661 4131 3004 4200 pertineant,
3061 4131 3200 4186 alias
3251 4141 3434 4188 tamen

1847 4229 2048 4283 habent
2086 4229 2539 4296 opportunitates,
2578 4229 2648 4282 ob
2685 4245 2821 4299 quas
2878 4229 3091 4284 illorum
3140 4246 3246 4284 non
3297 4247 3434 4300 pree-

1848 4323 2193 4377 termittenda
2245 4323 2448 4376 mentio
2503 4323 2736 4376 videtur.
2797 4321 3038 4376 Primum
3095 4323 3294 4394 igitur,
3337 4341 3430 4394 per

143 4409 400 4465 sebalem
447 4407 662 4476 ieiunos
707 4406 1034 4475 Persisterc;
1096 4420 1164 4458 an
1214 4404 1282 4460 de
1327 4417 1438 4458 11ηο
1476 4403 1742 4458 duntaxat
1772 4419 1817 4474 D
1847 4415 1968 4468 illos
1999 4414 2115 4468 dies
2145 4429 2172 4467 a
2214 4411 2542 4468 Christianis
2579 4413 3000 4483 imperatoribus
3041 4415 3208 4469 vincti
3259 4417 3431 4484 capti-

145 4501 402 4556 Sabbato
429 4509 722 4554 caveatur:
753 4499 808 4553 in
849 4513 962 4568 quo
997 4499 1220 4569 rigidior
1255 4513 1320 4552 ac
1353 4497 1598 4552 severior
1618 4509 1742 4552 esse

138 4595 348 4666 jejunii
383 4593 668 4664 disciplina
703 4593 921 4648 debeat.

219 4687 336 4738 Ἔν
385 4699 508 4738 τισι
559 4683 628 4736 δὲ
663 4685 868 4749 τόποις
913 4683 1160 4750 λατρεία
1215 4679 1327 4752 τῆς
1373 4683 1736 4750 οἰκονομίας.

141 4776 434 4846 Λατρείαν
465 4775 566 4844 τῆς
591 4774 904 4844 οἰκονομίας
933 4774 1168 4826 divinum
1193 4783 1241 4825 et
1269 4773 1604 4826 incruentum
1661 4789 1742 4826 sa-

141 4869 421 4940 criﬁcium
466 4867 738 4936 appellat;
787 4877 848 4920 ut
877 4875 932 4920 et
977 4865 1140 4936 paulo
1173 4873 1299 4934 post
1339 4864 1615 4933 disjuncte
1655 4865 1741 4919 λαο

139 4958 342 5031 τρείας
369 4956 462 5010 καὶ
481 4955 814 5026 οἰκονομίας,
839 4965 893 5010 et
924 4955 978 5008 in
1007 4954 1282 5018 Aeriauis,
1325 4943 1458 5008 liter.
1487 4953 1556 5006 77
1583 4945 1604 5008 ἐ
1628 4955 1740 5025 Τὴν

139 5047 472 5118 οἰκονομίαν
497 5045 598 5115 τῆς
629 5045 906 5116 λατρείας,
933 5045 1041 5100 hoc
1067 5054 1154 5100 est
1189 5044 1430 5097 missam.
1473 5041 1608 5096 Nam
1641 5043 1738 5096 λα⁴

139 5139 310 5209 τρεία
345 5137 568 5192 divinus
615 5135 796 5190 cultus
845 5142 1010 5204 atque
1039 5133 1274 5188 ollicium
1311 5140 1422 5198 est,
1467 5131 1610 5200 quod
1652 5147 1740 5186 sa-

141 5229 370 5286 criﬁcio
423 5235 742 5296 praestatur;
769 5225 1050 5297 οἰκονομία
1089 5223 1486 5279 lncarnationis
1529 5221 1742 5278 Passio-

141 5325 354 5392 nisque
385 5318 684 5376 Dominicze
721 5319 1043 5390 mysterium
1075 5317 1368 5388 signiﬁcat,
1407 5316 1495 5372 cui
1535 5331 1738 5385 reprae-

139 5412 427 5471 sentando
469 5412 777 5468 institutum
831 5410 966 5466 illud
1008 5419 1092 5466 est
1145 5425 1174 5464 a
1226 5408 1338 5465 Deo
1385 5409 1738 5464 sacrilicium.

139 5505 262 5562 Etsi
289 5505 352 5560 in
377 5503 630 5560 Aerianis
659 5503 779 5559 n."5
803 5502 1126 5572 simpliciter
1158 5501 1496 5572 οἰκονομίαν,
1525 5500 1630 5554 hoc
1659 5507 1744 5553 est

141 5599 480 5671 myster'um
527 5605 709 5652 vocat.
787 5597 961 5652 Porro
1017 5596 1151 5652 feria
1205 5579 1392 5664 quinta
1446 5593 1744 5650 Dominica:

139 5687 440 5746 Passionis
468 5690 523 5744 in
547 5689 877 5761 quibusdam
905 5689 1165 5745 Ecclesiis
1187 5689 1596 5760 ἁπονηστισμός
1643 5687 1745 5744 fuit

560 5790 833 5850 PATROL.
877 5788 966 5848 Gn
983 5835 995 5848 .
1029 5789 1080 5847 Χ
1096 5787 1221 5850 Lli.

1842 4507 2004 4576 vique
2072 4521 2102 4559 e
2155 4521 2374 4560 carcere
2437 4505 2814 4560 mittebantur.
2865 4505 3116 4560 Monachi
3173 4505 3430 4578 Eutychis

1843 4595 2081 4652 haeretici
2113 4597 2167 4649 in
2195 4595 2372 4650 libello
2401 4597 2630 4666 supplici
2655 4595 2738 4649 Ad
2762 4597 3226 4666 pseudosynodum
3261 4595 3431 4666 Ephe-

1842 4687 2036 4752 sinam,
2069 4687 2124 4742 in
2151 4685 2302 4742 Actis
2330 4687 2660 4743 Chalcedon.
2704 4685 2941 4750 conuilii,
2980 4689 3046 4740 de
3076 4687 3162 4740 die
3199 4686 3432 4742 Pascha-

1846 4780 1913 4834 tis
1960 4780 2244 4850 loquentes
2280 4799 2292 4833 :
2325 4778 2462 4831 Καθ’
2503 4779 2586 4850 ἢν,
2639 4779 2913 4848 inquiunt,
2949 4777 3134 4830 λύεται
3177 4777 3274 4846 μὲν
3321 4780 3432 4837 τοῖς

1843 4867 2115 4932 πλείστοις
2140 4869 2246 4922 τῶν
2269 4869 2668 4940 ἡμαρτηκότων
2702 4871 2810 4922 ἀπὸ
2839 4869 2946 4921 τῶν
2978 4869 3147 4936 ἁγίων
3180 4867 3431 4938 πατέρων

1840 4962 2000 5034 ἡμῶν
2030 4961 2096 5014 τὰ
2133 4961 2416 5031 ἐπιτίμια·
2449 4962 2634 5014 λύεται
2673 4960 2728 5014 δὲ
2767 4959 2918 5032 παρᾶ
2959 4959 3067 5011 τῶν
3101 4956 3432 5027 βασιλευόν-

1841 5071 1950 5106 των
1977 5053 2071 5104 ἐπὶ
2101 5051 2208 5103 τῶν
2239 5052 2598 5123 ἐγκλημάτων
2627 5053 2694 5105 τὰ
2722 5052 2896 5123 δεσμὰ
2930 5055 3043 5116 τοῖς
3085 5050 3434 5112 ὑπευθύνοις..

1841 5147 2032 5200 Exstat
2061 5145 2248 5200 eadem
2281 5145 2346 5198 de
2395 5161 2453 5198 re
2487 5146 2654 5216 impp.
2687 5144 3074 5210 Valentiniani,
3105 5145 3346 5204 Valentis
3380 5155 3434 5202 et

1843 5235 2084 5292 Gratiani
2116 5236 2438 5305 rescriptum
2477 5237 2545 5291 55
2576 5237 2643 5293 de
2689 5238 2898 5310 indulg.
2941 5239 3064 5294 cod.
3106 5239 3380 5297 Theodos.
3417 5263 3428 5298 :

1848 5327 1926 5383 0b
1980 5327 2118 5380 diem
2175 5325 2400 5396 Pascha:
2451 5345 2604 5398 quem
2649 5331 2838 5384 intimo
2885 5331 3041 5386 corde
3086 5331 3431 5398 celebramus,

1845 5417 2108 5482 omnibus,
2145 5433 2273 5488 quos
2299 5427 2476 5472 reatus
2496 5421 2761 5491 astringit,
2789 5439 2971 5476 carcer
2999 5423 3240 5479 inclusit.
3281 5426 3433 5481 clau-

1847 5518 1960 5564 stra
1989 5509 2344 5565 dissolvimus.
2379 5511 2554 5583 llujus
2585 5515 2744 5570 nobis
2773 5517 3268 5572 commemoranda:
3301 5533 3433 5574 con-

1849 5601 2155 5656 suetudinis
2197 5603 2540 5678 occasionem
2577 5605 2725 5660 dedit
2774 5605 3148 5662 Themistiana
3183 5609 3432 5678 quaedam

1849 5694 2060 5762 oratio;
2114 5695 2272 5764 cujus
2337 5709 2718 5768 argumentum
2772 5701 3034 5758 hactenus
3092 5707 3420 5771 ignoratum,

3121 5801 3194 5859 3ῖὶ

3431 789 3486 832 ς’.
