3832 6220
379 222 403 275 ί
413 222 513 279 099

1150 218 1239 274 DE
1277 216 1679 276 VETERIBUS
1717 201 2124 285 QUlBUSDAM
2161 219 2520 278 ECCLESUE
2559 220 2859 280 RITIBUS.

3528 220 3668 275 1100

375 353 477 394 nec
508 354 539 392 a
576 338 732 393 nobis
772 337 932 392 etiam
968 336 1021 390 in
1051 337 1348 392 novissima
1378 348 1564 393 nostra
1594 337 1832 392 editione
1862 353 1952 391 sa-
1988 345 2028 397 Α
2057 354 2146 405 per
2174 341 2585 396 solemnissimos
2636 340 2917 395 Pascliales
2971 341 3079 394 dies
3131 351 3538 395 sacramentum
3582 356 3669 391 ea-

377 431 446 484 tis
469 429 824 491 intellectum,
851 427 1144 497 plurimum
1183 429 1307 484 huic
1330 429 1693 484 observationi
1718 430 1952 485 debebit.

378 522 449 573 l-‘a
490 530 572 574 est
622 519 762 573 inter
792 517 1195 573 Themistianas
1241 520 1430 574 ordine
1471 522 1658 589 quinta
1698 540 1710 574 :
1754 522 1805 574 in
1850 536 1956 590 qua

375 610 667 665 Theodosii
737 610 973 665 senioris
1045 612 1386 666 clementiam
1458 613 1960 682 humanitatemque

375 701 654 768 praedicat.
696 699 869 766 Quam
910 701 1127 770 quidem
1175 702 1472 755 orationem
1524 702 1682 774 vulgo
1736 718 1959 773 persua-

376 808 497 845 sum
534 800 651 846 erat
693 791 946 845 omnibus
998 791 1063 845 ad
1114 792 1537 846 Antiochensem
1573 794 1717 847 illam
1747 796 1955 864 procel-

375 886 483 939 lam
526 883 997 953 calamitatemque
1050 884 1236 937 referri
1277 904 1287 937 :
1332 885 1551 955 quando
1596 885 1666 938 ob
1719 886 1958 955 dejeetas

376 974 624 1045 populari
658 975 923 1029 seditione
962 974 1199 1029 Placillze
1242 984 1455 1030 statuas
1486 976 1829 1031 exulceratus
1858 978 1961 1030 im-

375 1068 639 1135 peratoris
676 1067 912 1130 animus,
968 1076 1022 1121 et
1073 1067 1139 1121 ad
1188 1069 1569 1122 vindicandam
1618 1071 1956 1139 maiestatem

374 1161 745 1214 inﬂammatus
794 1158 1035 1213 Flaviani
1090 1162 1339 1230 praesulis
1381 1163 1647 1233 legatione
1682 1164 1960 1233 mitigatus

373 1261 475 1305 est.
512 1251 618 1307 Sed
660 1267 761 1307 nos
816 1253 1141 1307 necessariis
1190 1253 1515 1323 quibusdam
1569 1256 1871 1311 rationibus
1905 1258 1956 1309 iu

375 1343 760 1399 Themistianis
818 1345 961 1399 nolis
1025 1347 1411 1413 ostendimus,
1470 1348 1612 1409 alio,
1669 1365 1831 1418 quam
1891 1351 1957 1403 ad

376 1432 818 1487 Theodosianum
854 1434 986 1487 illud
1022 1432 1244 1497 factum,
1281 1443 1523 1503 spectare
1559 1433 1955 1501 Themistium;

374 1538 550 1592 neque
586 1532 763 1577 tamen
811 1523 1114 1591 cujusmodi
1162 1524 1375 1578 facinus
1422 1525 1552 1578 illud
1596 1536 1760 1592 esset,
1789 1528 1959 1581 extri-

372 1630 498 1669 eare
526 1624 638 1668 tum
667 1616 965 1683 potuimus.
1007 1615 1189 1681 Quare
1236 1616 1307 1669 ita
1342 1616 1763 1686 disputationem
1800 1620 1954 1673 clau-

372 1704 583 1757 simus:
623 1682 829 1757 Habent
879 1704 1040 1773 igitur
1094 1704 1288 1757 eruditi
1346 1682 1445 1758 viri
1508 1716 1662 1776 atque
1720 1708 1956 1762 historia’
1990 1682 2028 1735 Β

370 1796 618 1859 studiosi,
674 1796 728 1848 in
782 1812 882 1865 quo
920 1796 1199 1864 quwrendo
1245 1806 1400 1866 atque
1444 1798 1769 1853 enucleando
1818 1800 1962 1870 inge-

370 1888 518 1940 nium
573 1904 727 1942 suum
783 1898 1076 1944 exerceant.
1132 1886 1287 1954 Quod
1338 1906 1468 1944 sane
1522 1892 1711 1945 merito
1770 1903 1879 1947 tum
1930 1908 1960 1945 a

369 1978 529 2034 nobis
557 1988 639 2034 est
692 1978 915 2033 factum.
976 1980 1167 2034 Postea
1226 1996 1353 2036 vero
1410 1982 1538 2035 dum
1582 1982 1959 2054 Chrysostomi

371 2073 532 2145 hom,
576 2090 645 2127 xx
691 2073 757 2127 ad
807 2073 1063 2143 populum
1106 2074 1505 2129 Antiochenum
1562 2078 1957 2145 percurrimus,

370 2164 422 2217 in
445 2179 551 2233 qua
577 2163 643 2219 de
670 2163 911 2219 Flaviani
940 2165 1225 2234 legatione,
1250 2175 1303 2221 et
1333 2168 1616 2233 impetrata
1648 2168 1961 2238 abimpcra-

368 2266 485 2310 tore
502 2256 653 2310 venia
677 2258 1185 2327 gratulatur,veram
1204 2256 1739 2314 Themistianaaillius
1755 2263 1959 2315 oratio—

370 2348 458 2403 nis
491 2349 775 2404 historiam
832 2359 883 2403 et
929 2350 1232 2420 argumenti
1276 2365 1545 2404 summam
1588 2367 1691 2406 non
1730 2353 1843 2406 sine
1877 2354 1961 2407 in-

368 2438 515 2505 genti
571 2439 735 2493 animi
796 2439 969 2495 fructu
1034 2455 1098 2494 ac
1146 2441 1420 2510 voluptate
1467 2442 1777 2498 didicimus.
1820 2442 1954 2498 Cum

365 2530 510 2583 enim
538 2531 775 2585 habitam
809 2548 839 2585 a
872 2531 1127 2587 Flaviano
1153 2535 1235 2587 Ad
1270 2534 1615 2588 Theodosium
1647 2537 1951 2589 Orationem

364 2636 430 2677 ac
478 2619 917 2691 deprecationem
959 2624 1210 2694 explicat,
1263 2625 1343 2679 sic
1394 2641 1518 2679 eum
1571 2627 1714 2680 inter
1762 2637 1954 2682 cretera

368 2717 677 2784 loquentem
714 2714 919 2769 inducit
952 2730 965 2767 ε
1001 2716 1111 2770 Καὶ⁸
1154 2717 1206 2769 τί
1250 2716 1355 2787 χρὴ
1396 2716 1573 2785 λέγειν
1608 2720 1956 2785 Κωνσταντῖ-

364 2822 452 2858 νον
527 2806 620 2858 καὶ
672 2805 739 2859 τὰ
787 2806 1041 2878 ἀλλότρια
1094 2808 1533 2880 παραδείγματα,
1581 2810 1697 2863 δέον
1746 2810 1956 2864 οἴκοθέν

364 2913 445 2957 σε,
473 2897 568 2949 καὶ
594 2898 657 2949 ὲκ
690 2896 798 2949 τῶν
822 2898 929 2951 σῶν
956 2899 1293 2970 παρακαλεῖν
1326 2901 1820 2973 κατωρθωμ·άτων;
1859 2903 1956 2973 μὲ-

2064 431 2378 485 techumenis
2406 448 2507 485 non
2537 432 2710 493 detur,
2728 432 2833 485 nisi
2856 430 3069 484 solitum
3093 430 3195 484 sal.
3223 429 3365 495 Quia
3391 432 3439 482 si
3473 431 3665 498 ﬁdeles

2061 537 2151 589 per
2178 521 2297 576 illos
2336 522 2448 574 dies
2494 531 2826 574 sacramenta
2878 536 2978 573 non
3012 528 3243 583 mutant,
3282 535 3375 571 nec
3406 518 3667 570 carectis-

2062 614 2226 666 menis
2256 623 2457 683 oportet
2487 623 2715 668 mutare.
2761 612 2897 667 Cum
2943 612 3022 667 sal
3078 612 3491 667 eatechumenis
3526 627 3665 679 pne-

2062 703 2175 757 beri
2230 713 2549 759 consuetum
2611 712 2778 767 esset,
2828 703 3203 773 appetentibus
3246 700 3543 756 Pasebatis
3585 698 3665 751 fe-

2063 796 2159 850 riis
2186 796 2677 851 extraordinarium
2721 794 2980 865 quiddam
3022 808 3346 849 concessum
3394 792 3512 846 illis
3557 800 3660 844 est.

2061 885 2178 941 Non
2230 888 2418 956 utique
2458 885 2838 951 Eucharistia;
2885 899 2984 939 nec
3030 885 3176 939 enim
3230 893 3442 937 tantum
3508 881 3665 934 insa-

2062 978 2230 1033 niisse
2255 994 2586 1049 quemquam
2614 977 2870 1032 arbitror.
2914 975 3099 1047 Neque
3140 991 3267 1031 vero
3317 990 3420 1045 per
3459 989 3664 1029 sacra-

2062 1082 2302 1127 mentum
2337 1072 2563 1143 intelligi
2588 1081 2717 1142 puto
2746 1072 3074 1142 symbolum,
3111 1071 3202 1125 sed
3243 1085 3437 1139 panem
3470 1070 3662 1136 ipsum

2062 1177 2126 1215 ac
2163 1162 2373 1227 vinum,
2406 1177 2471 1215 ex
2508 1178 2617 1231 quo
2668 1160 3009 1217 Eucharistia
3061 1169 3378 1215 consecrata
3427 1158 3659 1212 fuerat:

2062 1270 2187 1308 nam
2222 1254 2463 1323 reliquiae
2487 1254 2642 1323 panis
2684 1263 2738 1307 et
2783 1254 2917 1317 vini,
2952 1266 3073 1322 qua:
3108 1268 3138 1305 a
3165 1250 3418 1305 ﬁdelibus
3444 1248 3522 1303 ad
3568 1263 3663 1301 sa—

2062 1346 2323 1401 criﬁcium
2360 1345 2740 1401 celebrandum
2769 1345 2947 1399 oblata
2986 1343 3217 1405 fuerant,
3249 1356 3660 1410 nonnunquam

2061 1437 2115 1491 in
2174 1438 2593 1493 catechumenos
2645 1436 3126 1493 distribuebantur.
3196 1432 3353 1500 Quod
3412 1431 3663 1501 amplius

2063 1529 2313 1599 usurpari
2344 1536 2485 1582 vetat
2513 1527 2847 1598 Theophilus
2895 1527 3045 1581 Alex.
3096 1542 3217 1582 can.
3245 1526 3279 1579 8
3310 1545 3321 1578 :
3370 1526 3452 1577 Τὰ
3482 1540 3665 1594 προσο

2062 1620 2335 1693 φερόμενα
2368 1621 2449 1681 είς
2486 1618 2640 1687 λόγον
2674 1618 2863 1682 θυσίας
2894 1619 3031 1688 μετὰ
3068 1617 3175 1670 τῶν
3206 1617 3663 1687 ἀναλισκομένων

2060 1715 2137 1776 είς
2168 1713 2266 1783 τὴν
2293 1713 2400 1765 τῶν
2433 1710 2743 1783 μυστηρίων
2767 1710 2953 1785 χρείαν
2985 1712 3031 1763 οἱ
3072 1710 3318 1781 κληρικοὶ
3364 1710 3665 1777 διανειμέο

2063 1806 2295 1871 σθωσαν,
2340 1805 2434 1858 καὶ
2486 1805 2624 1875 μήτε
2667 1802 3071 1874 κατηχούμενος
3113 1804 3175 1854 ὲκ
3230 1800 3437 1854 τούτων
3475 1800 3665 1851 ἐσθιέ-

2060 1915 2136 1950 τω
2210 1895 2243 1965 ἢ
2302 1896 2503 1947 πινέτω
2545 1912 2557 1926 ⁸
2611 1893 2747 1955 ἀλλὰ
2808 1892 3005 1963 μᾶλλον
3048 1894 3096 1944 οἱ
3155 1890 3408 1961 κληρικοὶ
3454 1890 3562 1942 καὶ
3610 1891 3661 1941 οἱ

2062 1987 2158 2039 σὺν
2182 1987 2363 2050 αὐτοῖς
2389 1986 2567 2039 πιστοὶ
2593 1985 2828 2053 ἀδελφοί.
2866 1984 2944 2038 Ad
2994 1998 3155 2053 quem
3206 1997 3474 2036 canoncm
3527 1981 3663 2033 Bal-

2060 2094 2210 2133 samo
2238 2078 2454 2134 scribit:
2488 2075 2799 2132 Oblationes
2826 2077 2943 2131 illas
2968 2090 3161 2145 panem
3184 2084 3237 2130 et
3263 2075 3449 2128 vinum
3483 2090 3620 2129 esse
3648 2094 3659 2126 :

2063 2188 2126 2226 ex
2162 2171 2362 2239 quibus
2398 2178 2577 2239 partes
2605 2169 2708 2223 illa:
2754 2178 2983 2237 sumpta:
3033 2166 3431 2238 sunt(psp€6at;
3463 2176 3659 2225 vocat.

2064 2261 2139 2315 uti
2163 2260 2331 2315 Graeci
2354 2258 2523 2314 ferme
2546 2256 2969 2329 consueverunt)
2988 2273 3109 2327 qua:
3139 2272 3169 2311 a
3197 2257 3489 2312 sacerdote
3513 2272 3660 2311 c03-

2063 2361 2365 2408 secrantur.
2392 2350 2468 2405 Ex
2495 2367 2604 2421 quo
2634 2351 2712 2415 ﬁt,
2735 2361 2793 2405 ut
2817 2350 3059 2419 reliquis:
3084 2350 3212 2419 ipsa:
3232 2350 3663 2419 quodammodo

2062 2444 2411 2499 sanctiﬁcata;
2427 2443 2554 2507 sint,
2584 2456 2683 2497 nec
2706 2443 2757 2495 in
2778 2439 3035 2511 profanos
3054 2440 3373 2495 dividendae.
3397 2438 3515 2493 llas
3532 2442 3667 2493 reli-

2060 2535 2213 2606 quias
2227 2534 2669 2604 Carthaginensis
2688 2533 2928 2605 synodus
2943 2541 3281 2587 sacramenta
3298 2543 3482 2595 vocat,
3506 2534 3663 2601 quod

2060 2644 2122 2683 ex
2158 2628 2260 2681 illis
2290 2634 2630 2682 sacramenta
2659 2625 2863 2688 ﬁerent,
2891 2626 2968 2678 uti
3002 2640 3099 2679 nos
3133 2626 3330 2678 hostias
3360 2627 3536 2695 vulgo
3560 2625 3667 2687 ti;

2061 2720 2305 2792 μερίδας,
2342 2719 2455 2774 sive
2492 2719 2782 2787 particulas
2826 2718 2986 2773 etiam
3018 2727 3143 2772 ante
3175 2718 3666 2772 consecrationem

2058 2813 2413 2883 appellamus.
2459 2812 2782 2880 Quanquam
2823 2818 2878 2864 et
2916 2818 3253 2864 sacramenta
3310 2810 3428 2864 scio
3483 2810 3664 2862 etiam

2058 2905 2306 2960 absolute
2349 2918 2445 2973 pro
2484 2903 2815 2973 quibuslibet
2859 2901 3103 2972 mysticis
3149 2900 3316 2969 signis
3361 2902 3662 2969 usurpari,

365 3003 564 3056 μνησαι
602 2987 792 3058 πρώην
818 3032 832 3054 ,
876 2991 963 3043 ὅτε
996 2990 1096 3060 τῆς
1145 2991 1339 3061 ἑορτῆς
1370 2992 1573 3063 ταύτης
1617 2995 1949 3049 καταλαϐού-

2059 3000 2299 3068 adeoque
2326 3011 2424 3066 pro
2457 2997 2569 3050 sale
2605 3011 2669 3051 ac
2707 2996 2918 3050 caeteris
2945 3011 3067 3064 quae
3106 2994 3524 3049 eatechumenis
3555 2996 3659 3047 da-

362 3094 465 3145 σης
505 3078 791 3148 ἐπιστολὴν
847 3079 1097 3152 ἔπεμψας
1152 3083 1425 3155 πανταχοῦ
1465 3085 1565 3155 τῆς
1621 3087 1942 3158 οἰκουμένης

361 3166 688 3221 κελεύουσαν
717 3170 842 3233 τοὺς
883 3170 942 3223 τὸ
989 3171 1361 3243 δεσμωτήριον
1403 3175 1682 3239 οἰκοῦντας
1709 3179 1942 3246 ἀφεῖναι,

360 3258 457 3310 καὶ
496 3263 797 3329 συγχωρεῖν
844 3262 1025 3324 αὐτοῖς
1074 3262 1144 3315 τὰ
1190 3264 1540 3335 ἐγκλήματαο
1596 3268 1688 3319 καὶ
1733 3269 1807 3331 ὡς
1846 3270 1944 3322 οὐκ

360 3346 676 3419 ἀρκούντων
727 3350 951 3403 ἐκείνων
1001 3351 1171 3419 δεῖξαί
1228 3372 1319 3407 σου
1365 3356 1461 3427 τὴν
1511 3358 1940 3430 φιλανθρωπίαν,

359 3438 544 3515 ἔλεγες
572 3439 659 3493 διὰ
689 3439 797 3493 τῶν
826 3442 1187 3513 γραμμάτων,
1218 3444 1299 3497 ὃτι
1332 3445 1452 3497 Εἴθε
1497 3464 1586 3515 μοι
1613 3445 1834 3501 δυνατὸν
1878 3443 1945 3520 ἦν

361 3532 454 3584 καὶ
497 3532 622 3594 τοὺς
676 3533 1005 3597 ἀπελθόντας
1050 3535 1295 3600 καλέσαι,
1351 3538 1445 3590 καὶ
1495 3540 1820 3610 ἀναστῆσαι,
1852 3543 1945 3594 καὶ

361 3622 496 3693 πρὸς
518 3622 615 3692 τὴν
646 3626 915 3702 προτέραν
948 3628 1244 3695 ἀναγαγεῖν
1273 3628 1435 3699 ζωήν.
1470 3631 1782 3702 Quanquam
1818 3634 1943 3702 quid

360 3715 547 3765 attinet
604 3701 1031 3780 Constantinum,
1066 3730 1157 3769 aut
1211 3720 1441 3772 aliorum
1485 3724 1722 3791 exempla
1756 3741 1945 3776 mento-

362 3818 500 3866 rare,
542 3821 659 3856 cum
695 3815 742 3857 te
771 3807 1072 3861 domesticis
1102 3810 1203 3861 tuis
1232 3810 1381 3863 rebus
1428 3829 1493 3865 ac
1533 3812 1690 3881 factis
1724 3816 1944 3870 incitare

360 3896 643 3963 oporteat?
675 3895 965 3951 Meministi
1018 3915 1181 3967 nuper
1229 3917 1367 3962 cum,
1413 3904 1590 3956 eodem
1642 3905 1735 3957 illo
1788 3924 1945 3975 appe~

360 3994 496 4037 tente
530 3987 683 4054 festo,
716 3988 923 4041 litteras
959 3998 1068 4043 toto
1106 4000 1367 4045 terrarum
1406 3996 1527 4049 orbe
1566 3998 1786 4063 misisti,
1824 4003 1941 4070 qui-

361 4074 453 4126 bus
483 4091 567 4128 eos
600 4092 796 4139 omnes,
828 4080 917 4147 qui
967 4080 1020 4133 in
1070 4097 1275 4136 carcere
1307 4097 1477 4149 erant,
1511 4088 1732 4155 dimitti,
1770 4093 1943 4160 eisque
1970 4094 1981 4103 '

358 4165 649 4219 condonari
689 4169 913 4223 crimina
950 4171 1186 4239 jussisti.
1221 4174 1350 4229 Tum
1396 4180 1609 4245 perinde
1641 4198 1701 4233 ac
1733 4183 1779 4235 si
1814 4200 1943 4235 non-

358 4254 485 4309 dum
512 4256 622 4312 [nec
656 4260 1002 4328 testiﬁcandi:
1034 4264 1355 4321 humanitati
1387 4280 1491 4323 tum
1541 4273 1851 4340 su/Iirerent,
1889 4278 1939 4327 in
1997 4335 2003 4340 _

2050 3090 2266 3145 bantur.
2295 3086 2432 3155 Aug.
2464 3085 2557 3138 lib.
2590 3100 2626 3138 II
2667 3086 2739 3137 De
2772 3095 2967 3154 peccat.
2997 3086 3217 3149 meritis,
3248 3100 3369 3153 cap.
3412 3084 3487 3137 26
3524 3103 3540 3138 :
3588 3084 3660 3137 Et

2045 3178 2183 3249 quod
2224 3177 2511 3245 accipiunt,
2563 3177 2802 3244 quamvis
2836 3194 2937 3230 non
2970 3178 3039 3229 sit
3072 3193 3259 3246 corpus
3310 3177 3527 3231 Christi
3567 3179 3665 3240 (de

2047 3269 2451 3325 eatechumenis
2483 3268 2742 3339 loquitur)
2779 3280 3022 3322 sanctum
3060 3280 3133 3322 est
3181 3282 3376 3331 tamen,
3426 3281 3477 3322 et
3520 3287 3660 3322 san-

2048 3364 2183 3417 ctius
2212 3377 2368 3432 quam
2398 3362 2499 3414 cibi
2529 3360 2717 3431 quibus
2768 3360 2987 3423 alimur,
3028 3362 3277 3431 quoniam
3325 3378 3656 3414 sacramen-

2049 3464 2161 3507 tum
2188 3464 2284 3507 est.
2318 3452 2451 3518 Qum
2483 3453 2770 3523 Augustini
2803 3453 2964 3505 verba
3009 3462 3190 3505 utrum
3226 3454 3291 3505 ad
3326 3468 3533 3520 panem
3576 3454 3660 3505 vi-

2048 3559 2308 3612 numque,
2359 3560 2423 3597 ex
2479 3558 2589 3612 quo
2642 3543 2983 3597 Eucharistia
3033 3541 3277 3597 confecta
3332 3544 3447 3612 jam
3502 3553 3659 3608 erat,

2048 3634 2239 3690 referri
2277 3636 2530 3700 debeant,
2570 3636 2917 3704 cogitandum
2955 3636 3191 3704 amplius
3228 3644 3327 3689 est.
3368 3636 3514 3689 Cum
3552 3638 3657 3701 igi-

2050 3736 2137 3782 tur
2165 3728 2349 3781 ﬁdeles
2385 3729 2572 3781 eadem
2607 3728 2799 3783 diebus
2844 3728 3099 3783 omnibus
3132 3740 3500 3791 sacramenta,
3546 3731 3659 3783 hoc

2047 3830 2129 3873 est
2164 3820 2583 3885 Eucharistiam,
2627 3836 2748 3891 qua:
2797 3822 3035 3875 ﬁdelium
3087 3824 3301 3892 propria
3336 3834 3441 3887 est,
3479 3840 3654 3878 usur-

2049 3922 2213 3979 pent,
2282 3928 2388 3966 non
2439 3913 2656 3979 debent,
2706 3913 2861 3966 aiunt
2912 3913 3374 3983 Carthaginenses
3426 3917 3650 3983 Patres,

2048 4003 2424 4056 eatechumeni
2466 4005 2682 4072 propria
2732 4004 2937 4058 ordinis
2983 4006 3067 4058 sui
3121 4021 3184 4059 ac
3236 4015 3407 4059 status
3454 4024 3650 4062 sacra-

2050 4102 2228 4147 menta
2270 4104 2520 4156 mutare,
2581 4110 2754 4163 neque
2806 4096 3008 4165 aliquid
3058 4108 3251 4166 prtetcr
3274 4100 3439 4153 salem
3494 4103 3647 4155 acci-

2048 4200 2193 4253 pere.

2124 4278 2197 4330 Τὰ
2229 4277 2297 4330 δὲ
2322 4278 2483 4332 ἄλλα
2532 4280 2855 4349 μυστήρια.
2901 4281 3074 4338 Caute
3118 4300 3182 4338 ac
3238 4286 3644 4356 circumspecte

359 4346 467 4399 Iitec
500 4348 653 4400 verba
676 4352 960 4417 scripseras
991 4370 1008 4407 :
1041 4352 1257 4409 Utinam
1285 4374 1376 4427 ego
1417 4370 1651 4415 mortuos
1695 4365 1761 4415 ad
1787 4368 1949 4419 vitam
1983 4368 2029 4424 Ι)
2055 4369 2121 4423 de
2146 4370 2504 4424 sacramentis
2530 4380 2583 4424 et
2615 4372 2964 4427 interioribus
2989 4375 3262 4443 mysteriis
3295 4378 3637 4433 mentionem

359 4452 599 4491 revocare
621 4450 775 4509 atque
800 4445 1031 4498 excitare
1056 4462 1256 4515 possem
1278 4448 1297 4501 .'
1320 4449 1475 4517 Quod
1498 4461 1582 4508 est
1608 4454 1942 4522 ipsissimum

356 4528 706 4599 benignitatis
738 4534 1151 4608 clementiaaque
1204 4542 1501 4610 specimen,
1535 4547 1678 4613 quod
1722 4546 1941 4604 Themi-

356 4615 496 4670 stius
549 4618 601 4670 in
666 4619 754 4673 illa
809 4623 1056 4677 oratione
1122 4629 1434 4696 praedicat,
1492 4633 1770 4703 aliquanto
1824 4649 1948 4693 ante

354 4706 754 4764 Antiochenum
786 4713 915 4766 illud
960 4715 1190 4771 editum.
1223 4736 1347 4773 eum
1396 4723 1575 4779 adhuc
1610 4725 1827 4783 Placilla
1873 4732 1949 4783 vi-

354 4805 525 4857 veret,
557 4807 618 4852 ut
650 4816 716 4853 ex
760 4804 1010 4859 oratione
1050 4806 1165 4875 ipsa
1218 4821 1447 4864 constat.
1486 4812 1602 4868 Non
1651 4821 1796 4886 potui
1838 4831 1944 4876 tam

353 4886 624 4950 illustrem
659 4891 965 4962 historiam,
995 4905 1216 4968 tamque
1264 4902 1587 4961 luculentam
1622 4911 1688 4964 ad
1726 4910 1949 4967 Themi-

353 4979 520 5033 stium
574 4990 823 5038 nostrum
862 4988 1231 5063 accessionem
1274 4996 1469 5049 tacitus
1514 5003 1942 5066 praetermittere.

351 5070 796 5129 Commodiorem
830 5087 1032 5143 autem,
1062 5080 1152 5133 ubi
1197 5082 1337 5137 hanc
1391 5086 1706 5154 intexerem,
1742 5094 1941 5161 locum,

349 5177 513 5229 quam
571 5162 715 5218 hunc
764 5165 961 5235 ipsum,
1014 5168 1178 5224 habui
1237 5174 1465 5232 nullum.
1509 5179 1658 5235 Alter
1690 5200 1796 5237 non
1834 5196 1940 5240 tam

349 5251 489 5307 ritus
519 5269 681 5323 quam
712 5256 914 5312 rituum
953 5275 1017 5315 ac
1051 5262 1361 5332 disciplina:
1387 5273 1692 5339 corruptela
1726 5273 1845 5341 fuit,
1886 5289 1943 5330 ut

350 5344 541 5399 iisdem
572 5346 764 5402 diebus
792 5354 1201 5408 eatechumenis
1232 5360 1667 5418 extraordinaria
1694 5370 1939 5435 quaedam

350 5448 685 5492 sacramenta
716 5444 1179 5509 permitterentur.
1216 5446 1347 5512 Quae
1380 5453 1685 5520 cujusmodi
1716 5457 1937 5523 fuerint,

352 5529 585 5582 nonduin
623 5531 806 5599 liquet.
838 5534 891 5588 ln
950 5536 1204 5608 Carthag.
1242 5542 1458 5609 quidem
1513 5562 1666 5603 conc.
1700 5567 1778 5615 Ill,
1812 5568 1938 5606 can.

342 5617 404 5685 ὅ,
436 5634 554 5673 mos
605 5621 689 5673 ille
728 5624 1019 5693 abrOgatur
1056 5629 1138 5683 his
1180 5632 1355 5687 verbis
1394 5654 1405 5688 :
1443 5635 1577 5690 Item
1616 5642 1839 5708 placuit,
1880 5657 1935 5699 ut

2053 4461 2311 4531 aspergit.
2350 4459 2426 4514 Ita
2455 4462 2768 4531 complures
2799 4472 3041 4517 veterum
3067 4481 3190 4519 eum
3220 4466 3285 4521 de
3314 4482 3639 4523 sacramen-

2053 4554 2122 4607 tis
2164 4568 2465 4621 eorumque
2520 4554 2709 4608 formis
2749 4554 3043 4617 disserunt,
3072 4559 3322 4611 consulto
3358 4575 3470 4613 rem
3504 4564 3638 4615 01.5-

2050 4656 2263 4709 curant,
2321 4663 2495 4716 neque
2554 4648 2707 4715 plena
2790 4658 3084 4718 apertaque
3139 4666 3268 4704 voce
3323 4652 3634 4707 declarant.

2050 4737 2253 4803 Pauca,
2287 4755 2408 4807 qua)
2441 4740 2505 4793 ad
2540 4756 2760 4793 manum
2790 4742 2950 4795 modo
2978 4752 3125 4806 sunt,
3158 4744 3405 4812 exempla
3429 4747 3638 4813 produ-

2048 4840 2185 4878 cam.
2209 4826 2436 4895 August.
2456 4826 2611 4895 epist.
2633 4828 2699 4880 57
2721 4828 2790 4881 ad
2820 4828 3128 4884 Dardanum
3164 4846 3181 4881 :
3210 4830 3365 4885 Nosti
3382 4846 3561 4887 autem
3581 4838 3634 4889 in

2047 4933 2147 4984 quo
2176 4918 2440 4987 sacriﬁcio
2472 4920 2682 4972 dicatur
2709 4937 2726 4972 :
2762 4920 2978 4975 Gratias
3007 4939 3227 4991 agamus
3264 4924 3485 4980 Domino
3523 4929 3632 4980 Deo

2049 5017 2247 5063 nostro.
2281 5011 2630 5067 Innocentius
2648 5014 2858 5081 primus
2890 5015 3049 5082 epist.
3088 5018 3110 5068 i
3144 5020 3213 5069 ad
3239 5018 3545 5073 Decentium
3565 5022 3632 5077 de

2048 5111 2395 5156 sacramento
2437 5106 2909 5162 conﬁrmationis:
2956 5108 3121 5163 Verba
3157 5128 3274 5165 vero
3309 5114 3481 5166 dicere
3528 5132 3627 5168 non

2045 5208 2277 5259 possunt,
2316 5210 2376 5245 ne
2404 5196 2569 5263 magis
2590 5200 2807 5263 prodere
2834 5200 3035 5264 videar,
3072 5218 3231 5271 quam
3257 5205 3325 5255 ad
3353 5207 3629 5258 consulta-

2046 5283 2235 5337 tionem
2276 5288 2598 5354 respondere.
2624 5287 2714 5343 Sic
2740 5289 3075 5360 Epiphanius
3104 5294 3396 5364 aliquoties
3425 5298 3493 5351 de
3517 5298 3627 5351 Eu-

2045 5374 2301 5428 charistia
2344 5376 2527 5429 timide
2583 5379 2927 5449 obscureque
2962 5382 3184 5438 locutus
3214 5394 3319 5438 est.

2129 5465 2259 5517 Ἐπὶ
2291 5464 2357 5518 δὲ
2379 5466 2495 5519 τῶν
2524 5472 3035 5537 τελευτησάντων.
3081 5474 3153 5530 De
3186 5478 3535 5532 orationibus
3578 5492 3628 5531 et

2044 5554 2350 5620 sacriliciis,
2386 5574 2506 5627 qua:
2551 5577 2646 5629 pro
2683 5566 2912 5620 mortuis
2948 5568 3016 5619 ab
3053 5567 3292 5625 Ecclesia
3338 5574 3624 5626 celebran-

2046 5655 2154 5711 tur,
2180 5647 2407 5715 insignis
2427 5668 2489 5705 ac
2515 5656 2880 5711 memorabilis
2908 5659 2989 5713 hic
3014 5660 3165 5716 locus
3184 5675 3285 5718 est.
3320 5664 3426 5719 Sed
3456 5672 3625 5722 multo
