3832 6220
221 249 357 306 1101

999 248 1087 304 DE
1127 248 1518 306 VETERIBUS
1557 249 1964 317 QUIBUSDAil
2004 251 2361 306 ECCLESIIE
2407 251 2704 311 illTlBUS.

3357 257 3492 314 lli)!

217 375 499 442 copiosius
527 377 690 439 atque
745 369 1061 438 expressius
1110 369 1164 423 in
1211 369 1570 423 Aerianorum
1605 368 1800 423 haeresi
1832 374 1879 429 Α
1907 367 2160 422 Balsamo
2195 369 2261 423 ad
2287 385 2410 424 can.
2437 371 2470 432 β
2495 370 2682 439 Apost.
2707 369 2917 424 Citatur
2941 381 2994 424 et
3017 371 3304 442 Epiphauii
3335 374 3492 432 locus

217 465 388 518 ritum
425 462 578 517 illum
613 460 874 516 Ecclesia:
914 471 1231 530 pertractat,
1270 477 1392 530 qua:
1418 471 1502 517 est
1547 464 1678 516 liter.
1711 462 1799 528 75,

217 569 375 608 num.
415 553 467 608 7.
500 551 636 608 Nam
677 553 874 608 Acrius
907 553 1122 616 eodem,
1147 569 1260 624 quo
1321 555 1560 610 haeretici
1607 557 1800 620 nostri,

215 643 408 701 furore
457 645 804 714 amentiaque
852 646 1094 714 percitus
1139 656 1482 700 mortuorum
1523 647 1591 702 ad
1635 647 1804 702 altare

215 737 801 792 commemorationem
875 737 1135 807 fusaSque
1189 753 1287 806 pro
1342 739 1450 793 illis
1492 753 1681 808 preces
1751 748 1806 793 et

215 829 488 885 sacriﬁcia
519 831 802 885 deridebat
834 847 846 883 :
881 841 1070 886 contra
1097 845 1260 900 quem
1287 831 1624 902 Epiphanius
1652 837 1805 887 Iucu-

215 923 526 977 lentissime
551 922 812 992 disputat.
857 923 1070 990 Ὠφελεῖ
1106 922 1184 988 δὲ,
1219 925 1416 994 inquit,
1456 925 1548 978 καὶ
1591 926 1624 995 ὴ
1665 925 1802 996 ὑπὲρ

214 1016 398 1068 αὐτῶν
442 1017 722 1086 γινομένη,
752 1016 798 1067 ει
843 1015 937 1068 καὶ
980 1014 1047 1067 τὰ
1083 1013 1180 1067 ὅλα
1225 1013 1328 1066 τῶν
1357 1015 1691 1085 αἱτιαμὰτων
1728 1014 1802 1086 μὴ

214 1106 542 1160 ἀποκόπτοι.
577 1104 710 1170 Qua:
741 1121 836 1173 pro
869 1105 1090 1157 mortuis
1113 1106 1483 1172 concipiuntur
1512 1122 1706 1174 preces,
1735 1107 1800 1159 iis

215 1201 376 1254 utiles
425 1209 570 1266 sunt,
623 1201 832 1254 tametsi
867 1216 972 1252 non
1005 1215 1180 1251 omnes
1213 1197 1398 1266 culpas
1438 1199 1799 1267 exstinguant.

215 1293 375 1360 Quod
415 1293 666 1364 pluribus
693 1294 1012 1362 exsequitur
1041 1291 1270 1362 August.
1303 1291 1399 1344 lib.
1436 1289 1510 1343 De
1537 1307 1666 1343 cura
1707 1306 1802 1358 pro

217 1393 380 1438 mort.
415 1385 626 1455 agend.,
661 1401 780 1452 cap.
817 1387 863 1448 ί,
903 1383 992 1437 ubi
1041 1397 1290 1451 quamam
1325 1391 1670 1452 peccatorum
1711 1397 1804 1450 ge-

113 1481 120 1488 ‘
217 1493 352 1532 nera
387 1479 442 1530 in
471 1478 701 1531 mortuis
738 1477 990 1546 precibus
1039 1475 1147 1530 illis
1183 1483 1237 1530 et
1280 1474 1566 1530 sacriﬁciis
1593 1473 1802 1543 expiari

215 1570 454 1638 possint,
509 1569 780 1624 edisserit.
813 1568 880 1621 Et
925 1569 1086 1638 paulo
1135 1577 1307 1622 ante:
1356 1566 1424 1620 In
1470 1565 1800 1620 Hac/tabam-

214 1677 359 1723 rum,
395 1661 590 1731 inquit,
623 1661 774 1716 libris
817 1662 1034 1730 legimus
1073 1661 1305 1714 oblatum
1335 1677 1429 1730 pro
1458 1665 1680 1714 mortuis
1713 1676 1801 1713 sa-

1908 476 1972 514 ex
2021 477 2184 530 opere
2231 463 2468 530 quodam
2522 466 2576 515 in
2627 460 2912 517 Proverbia
2961 464 3102 534 apud
3140 457 3492 521 Anastasium

1907 551 2410 623 Nicenum,qutcst.
2446 554 2516 608 20
2551 557 2606 608 in
2642 555 2996 626 Scripturam,
3045 557 3097 611 in
3146 573 3256 627 quo
3301 574 3492 629 preces

1905 661 2006 717 pro
2029 649 2261 703 mortuis
2287 650 2760 704 commendantur.
2803 649 2906 714 Qui
2938 651 3092 707 locus
3121 653 3344 707 totidem
3379 653 3492 709 fere

1905 739 2087 796 verbis
2139 742 2373 810 sparsim
2445 742 2550 797 hoc
2600 757 2762 812 opere
2820 745 3150 798 continetur.
3207 744 3282 800 De
3336 761 3487 799 mor-

1903 841 2124 886 tuorum
2157 841 2414 902 praeterea
2467 835 2986 889 commemoratione
3043 835 3096 888 in
3153 835 3488 890 salutaribus

1907 919 2081 973 sacris
2135 919 2386 974 meminit
2429 921 2720 975 concilium
2769 922 3007 979 Vasense
3053 940 3176 978 can.
3207 924 3242 978 2
3273 935 3326 980 et
3357 925 3490 980 Car-

1905 1011 2052 1080 thag.
2091 1026 2173 1073 tu,
2227 1027 2352 1068 can.
2393 1011 2484 1078 29,
2517 1023 2570 1068 et
2613 1031 2691 1080 IV,
2720 1031 2842 1070 ean.
2881 1015 2968 1082 79,
3003 1023 3059 1070 ut
3117 1017 3221 1070 alia
3276 1017 3488 1072 inﬁnita

1906 1103 2338 1170 praetermittam,
2369 1105 2713 1176 maximeque
2743 1107 3059 1162 Grecorum
3082 1125 3146 1163 ac
3163 1108 3484 1164 Latinorum

1907 1193 2322 1262 antiquissimas
2371 1195 2640 1267 liturgias.
2695 1196 3190 1256 Luculentissimus
3233 1217 3362 1256 vero
3405 1210 3491 1256 est

1906 1283 2044 1336 alter
2075 1283 2161 1337 ille
2207 1283 2496 1354 Epiphauii
2528 1286 2682 1341 locus
2715 1287 2846 1341 hagr.
2876 1287 2965 1351 75,
3011 1305 3162 1344 num.
3201 1291 3253 1355 7,
3289 1290 3343 1345 in
3378 1307 3488 1362 quo

1907 1383 2248 1430 mortuorum
2297 1377 2531 1447 duplicis
2566 1379 2778 1448 generis
2808 1385 3379 1438 commemorationem
3433 1387 3490 1440 in

1906 1469 2180 1524 sacriﬁcio
2250 1471 2365 1525 ﬁeri
2426 1473 2634 1535 docet,
2681 1473 2951 1542 justorum
3000 1485 3055 1529 et
3119 1487 3488 1546 peccatorum.

1907 1560 2111 1615 Horum
2142 1562 2386 1631 quidem,
2409 1563 2488 1618 uti
2519 1564 2758 1618 divinam
2787 1581 2886 1634 pro
2923 1567 3029 1620 illis
3055 1569 3487 1626 misericordiam

1905 1651 2292 1721 imploremus;
2321 1653 2596 1722 justorum
2623 1664 2804 1710 autem
2833 1671 2896 1710 ac
2921 1667 3261 1724 sanctorum,
3285 1669 3343 1712 ut
3375 1662 3490 1714 sin-

211 1753 500 1822 cri/icium.
534 1754 640 1807 Sed
681 1754 779 1807 etsi
825 1771 1086 1825 nusquam
1129 1756 1182 1806 in
1221 1754 1514 1822 Scripturis
1547 1753 1802 1807 veteribus
1836 1744 1876 1798 Β
1906 1744 2092 1814 gulam
2128 1745 2330 1800 Christi
2375 1744 2589 1801 Domini
2623 1748 2964 1817 privilegium
3002 1765 3354 1822 agnoscatur,
3391 1756 3488 1826 qui

211 1846 434 1898 omnino
465 1845 739 1916 legeretur,
774 1863 878 1899 non
903 1861 1070 1913 parva
1115 1855 1192 1900 est
1237 1847 1492 1899 universa:
1525 1844 1803 1912 Eeclesiaz,

211 1951 337 2004 quae
388 1936 439 1988 in
467 1935 564 1988 hac
611 1935 990 1989 consuetudine
1035 1935 1219 2000 claret,
1255 1937 1584 1998 auctoritas;
1627 1937 1718 1990 ubi
1751 1937 1806 1989 in

221 2024 468 2094 precibus
499 2025 813 2090 sacerdotis,
848 2041 964 2095 qua:
997 2024 1234 2078 Domino-
1259 2024 1364 2078 Deo
1390 2025 1458 2078 ad
1485 2025 1600 2094 ejus
1635 2025 1805 2078 altare

213 2117 540 2186 (striduntur,
591 2118 764 2172 locum
807 2134 960 2172 suum
1010 2117 1160 2171 habet
1211 2119 1370 2171 etiam
1421 2117 1804 2172 commendatio

211 2219 571 2264 mortuorum.
593 2208 795 2280 Etcap.
821 2211 922 2265 ult.
952 2228 964 2265 :
1002 2211 1132 2276 Qua:
1159 2228 1276 2264 cum
1309 2212 1385 2264 ita
1416 2211 1544 2276 sint,
1563 2227 1662 2264 non
1691 2212 1805 2264 exi-

209 2301 490 2353 stimemus
547 2300 618 2352 ad
667 2309 924 2366 mortuos,
953 2317 1048 2371 pro
1095 2303 1282 2370 quibus
1324 2317 1510 2354 curam
1551 2303 1801 2371 gerimus,

209 2393 503 2461 pervenire,
533 2393 640 2445 nisi
683 2394 820 2462 quod
847 2410 942 2462 pro
969 2394 1044 2447 eis
1085 2395 1192 2447 sive
1228 2393 1437 2458 altaris,
1469 2394 1574 2446 sive
1606 2395 1804 2446 oratio-

211 2499 366 2548 num,
392 2485 499 2536 sire
530 2482 975 2554 eleemosynarum
1021 2486 1300 2552 sacriﬁciis
1349 2487 1647 2539 solemniter
1686 2501 1806 2553 sup-

208 2574 516 2643 plicamus;
544 2577 781 2645 quamvis
807 2593 908 2630 non
934 2592 1028 2646 pro
1053 2578 1241 2646 quibus
1271 2577 1404 2645 ﬁunt
1433 2578 1670 2631 omnibus
1690 2595 1804 2646 pro-

207 2669 345 2730 sint,
371 2668 460 2722 sed
493 2669 561 2720 iis
597 2677 828 2733 tantum,
857 2668 1046 2736 quibus
1071 2671 1196 2721 dum
1221 2671 1422 2732 vivunt,
1463 2679 1804 2738 comparatur

209 2768 276 2812 ut
304 2760 531 2828 prosint.
563 2759 1029 2830 Frequentissima
1057 2769 1140 2815 est
1168 2769 1222 2814 et
1261 2761 1407 2814 illius
1442 2761 1802 2815 consuetudi-

209 2849 305 2904 nis
341 2850 486 2920 apud
518 2850 852 2920 Cyprianum
893 2851 1124 2916 mentio.
1159 2849 1227 2905 Ut
1259 2853 1482 2919 inepist.
1505 2850 1592 2915 66,
1619 2852 1672 2904 iu
1693 2866 1800 2921 qua

206 2938 498 2994 decretum
521 2939 598 2992 ait
617 2938 670 2992 in
697 2937 961 3004 concilio,
991 2949 1046 2991 ut
1077 2941 1121 2992 si
1149 2939 1264 3008 quis
1297 2943 1522 2992 moriens
1553 2936 1801 2990 clericum

209 3039 448 3084 tutorem
483 3029 799 3100 reliquisset,
825 3046 928 3083 non
981 3030 1260 3099 oﬂerretur
1284 3047 1380 3100 pro
1409 3046 1492 3098 eo,
1524 3046 1616 3084 nec
1642 3032 1804 3084 sacri-

207 3123 398 3193 ﬁcium
446 3138 540 3192 pro
594 3121 909 3176 dormitione
963 3123 1076 3190 ejus
1129 3121 1500 3180 celebraretur.
1537 3121 1802 3192 Vetatque

209 3227 349 3268 mox
383 3213 820 3284 deprecationem
869 3227 966 3282 pro
1015 3227 1080 3267 eo
1129 3213 1296 3267 ullam
1345 3213 1412 3266 ad
1463 3213 1632 3268 altare
1663 3214 1798 3268 ﬁeri.

205 3305 444 3360 Tertull.
487 3303 560 3357 De
581 3320 690 3359 cor.
726 3304 864 3368 mil.,
898 3319 1018 3374 cap.
1043 3305 1078 3358 '5
1108 3321 1121 3357 :
1164 3302 1467 3358 Oblaliones
1495 3320 1589 3372 pro
1612 3303 1803 3371 defun-

203 3395 336 3461 ctis,
373 3396 468 3464 pro
491 3396 753 3450 natalitiis
790 3413 969 3450 annua
1009 3395 1093 3450 die
1129 3396 1377 3463 faciams,
1403 3405 1456 3450 et
1481 3395 1609 3450 alibi
1639 3411 1800 3464 saepe.

206 3485 488 3540 Eusebius
509 3486 596 3540 lib.
628 3503 678 3539 Iv
708 3486 784 3540 De
806 3487 915 3541 vita
943 3485 1295 3550 Constantini,
1331 3501 1452 3541 cum
1481 3487 1547 3540 de
1573 3487 1691 3554 ejus
1721 3485 1804 3539 fu-

206 3591 349 3630 nere
396 3575 588 3630 scribit
617 3596 630 3630 :
665 3577 742 3630 Τά
796 3594 852 3629 τε
887 3577 987 3648 τῆς
1041 3577 1223 3630 ἐνθέου
1255 3577 1509 3648 λατρείας
1539 3576 1605 3629 δι’
1629 3576 1802 3646 εὐχῶν

205 3667 580 3738 ἀνεπλήρουν,
626 3668 882 3738 λατρείαν
929 3669 1163 3738 appellat
1203 3669 1390 3723 altatis
1447 3667 1798 3723 sacriﬁcium.

207 3757 364 3822 Mox,
401 3759 497 3811 σὺν
523 3758 788 3830 κλαυθμῷ
810 3759 867 3812 δὲ
902 3759 1082 3812 πλέονι
1111 3761 1207 3824 τὰς
1234 3760 1398 3830 εὐχὰς
1421 3760 1561 3831 ὑπὲρ
1584 3763 1680 3832 τῆς
1707 3763 1803 3833 βα-

208 3852 418 3913 σιλέως
449 3851 628 3923 ψυχῆς
652 3853 976 3906 ἀπεδίδοσαν
1005 3853 1082 3924 τῷ
1111 3852 1246 3924 Θεῷ.
1272 3855 1470 3908 Athan.
1499 3854 1701 3920 Quatst.
1734 3856 1802 3909 ad

209 3944 564 4006 Antiochum,
596 3955 788 4013 quaest.
823 3943 913 4010 5b,
949 3961 1072 4000 eum
1100 3945 1389 4013 quaesitum
1419 3956 1580 4008 esset,
1619 3957 1800 4002 utrum

211 4047 569 4090 mortuorum
603 4045 952 4106 peccatorum
985 4037 1181 4092 anima:
1223 4038 1483 4092 beneﬁcia
1515 4040 1568 4092 in
1599 4055 1658 4093 se
1685 4041 1799 4094 col-

206 4129 327 4184 lata
363 4128 654 4193 sentirent,
705 4131 996 4200 γινομένων
1021 4129 1162 4201 ὑπὲρ
1185 4131 1364 4183 αὐτῶν
1388 4129 1680 4195 συνάξεων,
1707 4133 1802 4185 καὶ

206 4219 503 4283 εὐποιιῶν,
559 4221 653 4274 καὶ
707 4220 1066 4293 προσφορῶν,
1127 4222 1414 4290 respondet
1465 4239 1476 4274 :
1531 4223 1641 4285 Τὰς
1692 4224 1800 4275 τῶν

205 4308 564 4379 ἁμαρτωλῶν
589 4308 767 4379 ψυχὰς
798 4311 1043 4380 μετέχειν
1075 4310 1390 4380 εὐεργεσίας
1419 4311 1560 4374 τινὸς
1600 4313 1665 4365 ὲκ
1701 4312 1802 4382 τῆς

1908 1834 1977 1888 ab
2005 1835 2346 1904 reliquorum
2374 1838 2685 1893 imirtalium
2716 1842 3030 1898 conditione
3055 1855 3390 1916 segregatur.
3416 1851 3488 1903 De

1908 1936 2206 1997 martyrum
2258 1932 2778 1987 commemoratione
2825 1935 3029 2003 passim
3087 1938 3330 2008 loquitur
3379 1942 3487 2012 Cy-

1905 2020 2150 2088 prianus,
2191 2029 2249 2074 ut
2279 2021 2333 2074 in
2357 2021 2516 2090 epist.
2552 2023 2620 2077 54
2659 2043 2671 2078 :
2707 2023 2986 2096 Sacriﬁcia
3014 2045 3110 2098 pro
3147 2031 3244 2094 eis,
3287 2033 3484 2103 inquit,

1905 2126 2125 2179 semper,
2159 2123 2216 2166 ut
2257 2114 2589 2178 meministis,
2625 2117 2920 2185 offerimus,
2957 2123 3158 2189 quoties
3191 2134 3488 2194 martyrum

1903 2201 2177 2268 passiones
2200 2213 2248 2256 et
2280 2204 2390 2258 dies
2443 2207 2805 2261 anniversaria
2833 2215 3326 2269 commemoratione
3357 2217 3490 2270 cele-

1907 2292 2141 2346 bramus.
2199 2293 2354 2360 Quod
2415 2297 2484 2350 ad
2544 2300 2868 2354 memoriam
2934 2304 3490 2377 praedicationemque

1905 2391 2206 2455 martyrum
2231 2385 2393 2440 debet
2417 2386 2627 2454 referri,
2656 2393 3114 2458 quemadmodum
3138 2405 3192 2450 et
3217 2398 3267 2450 in
3295 2413 3486 2454 eorum

1905 2475 2205 2531 memorias
2255 2477 2445 2532 altaria
2494 2481 2993 2540 constituebantur.
3023 2487 3252 2558 August.
3291 2492 3386 2547 lib.
3417 2511 3489 2548 xx

1905 2577 2088 2618 contra
2117 2565 2403 2632 Faustum,
2439 2583 2559 2638 cap.
2589 2569 2680 2636 2-1,
2713 2572 2974 2629 adversus
3028 2575 3356 2636 Manichaeos
3377 2581 3490 2636 dis-

1905 2665 2128 2724 putans,
2161 2659 2254 2727 qui
2285 2658 2538 2714 similiter
2559 2671 2724 2730 atque
2761 2662 3009 2720 hodierni
3038 2669 3330 2726 στασιῶται
3371 2689 3489 2726 mc-

1905 2749 2112 2804 morias
2165 2759 2470 2820 martyrum
2522 2752 2574 2806 in
2617 2753 2759 2808 idola
2815 2767 3134 2814 convertere
3186 2762 3490 2819 catholicos

1905 2840 2377 2909 impudentissime
2433 2843 2890 2918 criminabantur,
2929 2849 3013 2904 his
3042 2852 3222 2908 verbis
3269 2855 3441 2910 utitur
3473 2874 3490 2911 :

1905 2933 2140 3003 Populus
2169 2943 2344 2988 autem
2373 2935 2708 2991 Christianus
2735 2943 3016 2996 memorias
3039 2955 3335 3014 martyrum
3367 2949 3491 3001 reli-

1906 3026 2053 3096 giosa
2078 3025 2409 3080 solemnitate
2438 3029 2782 3096 concelebrat,
2809 3042 2862 3086 et
2887 3035 2956 3086 ad
2999 3021 3341 3092 excitandam
3365 3039 3489 3094 imi-

1908 3119 2180 3184 tationem,
2215 3129 2270 3172 ut
2297 3121 2498 3175 meritis
2531 3139 2711 3176 eorum
2740 3125 3066 3179 consacietur
3113 3137 3271 3197 atque
3296 3133 3465 3184 oratio

1907 3207 2059 3260 nibus
2099 3207 2399 3277 adjuvetur.
2441 3208 2530 3262 Ita
2571 3222 2745 3264 tamen
2775 3221 2832 3264 ut
2861 3213 2998 3266 nulli
3046 3226 3364 3286 martyrum,
3400 3223 3489 3273 sed

1906 3300 2008 3368 ipsi
2052 3299 2160 3353 Deo
2205 3309 2499 3371 martyrum
2534 3305 2911 3373 sacriﬁcemus,
2942 3308 3180 3376 quamvis
3207 3309 3262 3362 in
3292 3327 3472 3365 memo-

1906 3394 2016 3446 rias
2049 3402 2344 3464 martyrum
2373 3396 2756 3451 constituamus
2782 3397 2998 3451 altaria.
3029 3399 3158 3465 Quis
3182 3401 3324 3454 enim
3349 3406 3482 3456 anti-

1904 3487 2091 3537 stitum
2121 3487 2173 3538 in
2209 3487 2338 3539 locis
2379 3496 2685 3540 sanctorum
2728 3505 3007 3557 corporum
3035 3493 3287 3546 assistens
3325 3483 3488 3548 altari

1905 3576 2191 3645 aliquando
2215 3577 2352 3631 dixit
2378 3596 2395 3632 :
2423 3578 2710 3648 0/]‘erimus
2729 3582 2842 3646 tibi,
2865 3581 3036 3647 Petre,
3068 3597 3156 3636 aut
3183 3584 3374 3651 Paule,
3395 3597 3488 3639 aut

1907 3664 2171 3736 Cypriane
2190 3670 2216 3722 .9
2245 3679 2349 3725 etc.
3081 3727 3088 3732 .

1988 3759 2247 3815 Έωθινοι
2295 3779 2358 3816 τε
2403 3763 2579 3832 ὕμνοι
2624 3764 2694 3816 ἐν
2742 3763 2918 3834 αὐτῇ.
2979 3765 3055 3822 De
3105 3769 3376 3824 matutino
3421 3787 3488 3824 ac

1905 3861 2224 3908 creterarum
2255 3856 2514 3910 horarum
2555 3856 2732 3910 cilicio
2766 3857 3053 3928 diligenter
3078 3861 3130 3912 in
3163 3861 3482 3922 Annalibus.

1905 3953 1960 4000 et
1985 3948 2054 4002 ab
2073 3947 2204 4002 'aliis
2229 3948 2552 4016 disputatur.
2603 3949 2678 4004 De
2721 3951 3086 4006 lucernalihus
3120 3951 3345 4020 psalmis
3384 3952 3488 4005 hoc

1905 4039 2233 4094 ascribimus
2250 4058 2262 4092 :
2281 4038 2554 4094 Socratem
2572 4041 2662 4093 lib.
2681 4057 2730 4104 v,
2747 4056 2865 4110 cap.
2880 4041 2970 4105 22,
2984 4057 3077 4095 eas
3097 4043 3366 4111 appellare
3385 4041 3487 4106 τὰς

1905 4135 1962 4187 ὲν
1983 4135 2104 4196 ταῖς
2122 4119 2443 4203 λυχναψίάις
2469 4133 2650 4202 εὐχάς.
2676 4132 2778 4198 Qui
2808 4133 3009 4189 ibidem
3035 4134 3203 4199 addit,
3230 4137 3281 4190 iu
3304 4137 3486 4208 Cypro

1904 4241 1967 4280 ac
1997 4225 2264 4287 Caesarea.
2295 4223 2532 4278 Sabbato
2559 4235 2613 4278 et
2645 4223 2927 4280 Dominica
2964 4227 3052 4280 dei.
3089 4229 3218 4298 περὶ
3243 4229 3484 4298 ἑσπέραν

1907 4316 2058 4387 μετὰ·
2087 4317 2186 4386 τῆς
2209 4315 2505 4386 λυχναψίας
2530 4317 2655 4378 τοὺς
2685 4315 3086 4387 πρεσϐυτέρους
3135 4319 3228 4371 καὶ
3263 4321 3485 4375 ἐπισκό-

203 4401 362 4472 ὑπὲρ
392 4400 573 4453 αὐτῶν
605 4401 904 4472 γενομένης
955 4401 1293 4472 ἁναιμάκτου
1349 4401 1558 4468 θυσίας,
1588 4404 1682 4456 καὶ
1710 4405 1801 4456 εὑ-

1909 4423 2044 4468 πους
2072 4407 2171 4469 τὰς
2198 4405 2414 4475 Γραφὰς
2437 4405 2781 4476 ἑρμηνεύειν.
2801 4407 3008 4460 Concil.
3027 4407 3201 4462 Tolet.
3223 4426 3261 4474 I,
3287 4426 3410 4466 can.
3427 4413 3482 4474 9.

201 4495 425 4556 ποιίας.
461 4493 680 4562 Alioqui
723 4493 768 4548 si
823 4493 959 4547 nihil
1007 4494 1121 4548 haec
1161 4494 1293 4563 ipsis
1327 4493 1669 4563 prodessent,
1702 4497 1800 4549 οὑκ

200 4586 274 4641 ἂν
311 4589 374 4638 ὲν
403 4587 471 4656 τῇ
501 4585 840 4657 προσκομιδῇ
865 4585 1316 4656 ἐμνημονεύοντο,
1338 4587 1439 4642 hoc
1466 4595 1550 4641 est
1573 4589 1624 4641 in
1649 4588 1801 4642 oblu-

201 4679 390 4734 tione.
423 4675 558 4730 Nam
605 4677 944 4748 προσκομιδή
975 4687 1060 4733 est
1091 4679 1395 4749 προσφορά.
1431 4679 1570 4735 Male
1616 4691 1796 4734 autem

199 4771 512 4835 interpres,
531 4765 592 4820 In
617 4783 746 4820 cura
769 4777 816 4819 et
839 4769 1115 4838 exsequiis.
1135 4767 1437 4840 Scripserat
1467 4770 1605 4824 idem
1627 4772 1802 4826 Atha-

198 4863 409 4916 nasius
445 4860 602 4929 λόγον
636 4863 717 4925 εἰς
750 4861 877 4924 τοὺς
910 4861 1304 4932 κοιμηθέντας;
1345 4863 1505 4933 cujus
1553 4865 1801 4920 meminit

201 4953 595 5006 Damascenus
646 4953 701 5006 in
754 4952 999 5023 ejusdem
1050 4955 1354 5025 argumenti
1410 4956 1689 5022 oratione,
1749 4968 1801 5011 et

1910 4497 2271 4550 lucernariam
2319 4498 2570 4566 appellat.
2603 4496 2760 4552 Vetat
2793 4499 2942 4552 enim
2977 4501 3264 4569 professas,
3289 4515 3380 4558 aut
3411 4507 3487 4558 vi-

1908 4591 2041 4642 duas
2073 4589 2218 4642 domi
2251 4605 2361 4642 sua:
2387 4589 2730 4658 antipltonam
2759 4606 2878 4644 cum
2903 4592 3220 4659 confessbre,
3240 4595 3318 4649 vel
3341 4612 3486 4651 seruo

1908 4697 2004 4734 suo
2036 4681 2226 4750 facere,
2265 4681 2474 4736 absente
2511 4683 2773 4751 episcopo,
2815 4681 2891 4736 vel
2925 4684 3245 4754 presbytero.
3287 4686 3486 4742 Lucer-

1909 4772 2121 4826 nariam
2153 4789 2292 4836 vero,
2317 4773 2511 4842 inquit,
2543 4774 2646 4828 nisi
2677 4774 2732 4828 in
2759 4774 2978 4828 ecclesia
3005 4791 3108 4829 non
3139 4776 3367 4846 legatur.
3411 4779 3486 4833 Dc

1907 4866 2070 4918 nouis
2099 4873 2152 4918 ct
2181 4867 2422 4936 vesperis
2463 4866 2682 4921 Laodic.
2723 4867 2971 4922 meminit
2999 4884 3120 4923 can.
3159 4871 3246 4924 18.
3281 4871 3410 4927 Vide
3433 4883 3486 4926 et

1910 4957 2132 5014 Tertull.
2169 4958 2258 5010 lib.
2282 4969 2464 5012 contra
2497 4958 2705 5028 Psyclt..
2737 4960 3043 5030 Agathense
3069 4975 3191 5016 can.
3219 4960 3308 5015 30.
