4078 6418
447 383 503 439 Η
1880 380 1938 436 S.
1983 380 2332 438 EPIPIIANII
3681 393 3744 449 η

447 502 557 548 duo
621 491 933 564 principia,
990 491 1192 545 bonum
1248 505 1313 546 ac
1375 490 1603 555 malum,
1668 493 2034 548 constituunt.

2151 495 2401 564 άγοντες,
2446 497 2688 570 πονηράν
2720 514 2777 550 τε
2808 497 2902 551 καὶ
2932 492 3164 570 ἀγαθὴν,
3190 498 3276 552 ἀεὶ
3289 495 3475 564 οὔσας.
3513 500 3750 565 Χριστὸν

445 587 729 641 Christum
760 584 944 654 specie
990 591 1150 638 tenus
1187 584 1534 654 apparuisse,
1563 573 1855 655 specieque
1883 594 2045 642 tenus

445 691 569 732 esse
599 689 846 746 passum.
879 671 1044 728 Vetus
1090 674 1528 737 Testamentum,
1563 673 1844 746 Deumque
1869 677 1970 747 qni'
1992 677 2046 730 in

447 769 541 821 illo
583 769 801 820 locutus
834 771 942 826 est,
971 764 1282 820 maledictis
1321 773 1576 820 onerant.
1627 765 1890 822 Mundum
1938 777 2046 822 non

449 858 769 912 universum
801 870 832 908 a
871 854 1015 921 Dee,
1047 855 1142 912 sed
1177 855 1300 927 ejus
1324 865 1536 928 partem
1573 856 1898 914 fabricatam
1925 874 2050 916 esse

448 962 719 1007 statuunt.

528 1043 620 1101 lll.
679 1045 968 1102 Hieracin
1017 1044 1087 1100 ab
1126 1043 1356 1100 llierace
1390 1043 1690 1116 interprete
1723 1060 1788 1101 ac
1822 1047 2050 1105 doctore

449 1136 688 1206 quodam
742 1135 1097 1207 Lcontopoli,
1151 1135 1301 1205 quod
1356 1135 1580 1208 Egypti
1623 1138 1886 1209 Oppidum
1939 1148 2046 1205 est,

450 1229 708 1284 oriundo.
746 1229 850 1296 Qui
885 1229 1348 1286 resurrectionem
1388 1231 1574 1285 carnis
1604 1231 1836 1302 respuit.
1873 1230 2048 1288 Utun-

450 1333 542 1378 tur
574 1323 650 1376 illi
688 1321 868 1379 Veteri
901 1337 964 1378 ac
1005 1319 1162 1379 Novo
1214 1321 1597 1379 Testamento.
1638 1322 1858 1394 Nuptiis
1901 1325 2052 1396 peni-

453 1425 542 1473 tus
586 1417 942 1472 iutcrdicunt.
975 1416 1274 1472 Monarhos
1315 1424 1368 1472 ct
1403 1417 2042 1489 virgines,continentes

451 1522 515 1561 ac
543 1508 737 1562 viduos
769 1507 1086 1562 admittunt.
1119 1507 1329 1564 Pueros
1357 1515 1572 1564 matura
1601 1509 1846 1563 nondum
1886 1518 2049 1566 artate

451 1598 602 1669 regni
635 1599 878 1654 caelestis
914 1599 1212 1670 participes
1253 1614 1377 1656 esse
1406 1609 1628 1671 negant,
1682 1600 1831 1671 quod
1892 1616 2040 1656 non-

449 1692 578 1747 dum
610 1693 909 1748 certamine
937 1690 1210 1763 perfuncti
1242 1699 1395 1748 sunt.

519 1783 610 1838 lV.
657 1783 930 1840 Meletiani
976 1784 1295 1840 schismatis
1329 1785 1383 1838 in
1413 1782 1675 1857 Egypto,
1721 1798 1831 1839 non
1875 1784 2047 1841 haere-

2148 584 2204 637 δέ
2233 585 2455 657 δοκήσει
2491 587 2816 659 πεφηνέναι,
2847 589 2943 643 καὶ
2969 589 3190 662 δοκήσει
3247 591 3600 647 πεπονθέναι.
3631 595 3742 648 Ila-

2149 677 2308 732 λαιὰν
2323 680 2598 752 Διαθήκην
2622 680 3087 752 βλασφημοῦντες,
3116 683 3324 736 καὶτὸν
3344 685 3401 737 ἐν
3426 685 3565 756 αὐτῇ
3594 685 3746 759 λαλή-

2151 787 2320 824 σαντα
2351 770 2505 826 Θεόν.
2545 772 2767 844 Κόσμον
2793 773 2850 827 δέ
2881 774 2944 828 ού
2977 774 3068 828 τὸν
3093 774 3293 843 πάντα,
3321 775 3458 832 ἀλλά
3494 777 3663 851 μέρος
3685 779 3752 833 ἐκ

2149 862 2284 917 Θεοῦ
2303 863 2633 936 γεγενῆσθαι
2659 863 2987 937 ὁριζόμενοι.

2221 1048 2294 1102 I".
2349 1046 2682 1117 Ἱερακῖται,
2735 1046 2786 1100 oi
2825 1046 2935 1101 ἀπὸ
2971 1045 3066 1100 τοῦ
3107 1045 3350 1117 Ἱέρακος
3386 1043 3482 1100 τοῦ
3522 1045 3745 1100 Αεοντο⁹

2153 1138 2374 1193 πολίτου
2422 1139 2522 1210 τῆς
2553 1137 2859 1208 Αἰγύπτου,
2888 1137 3157 1210 ἐξηγητοῦ
3187 1155 3332 1202 τινος
3376 1137 3579 1210 σαρκός
3612 1138 3747 1193 ἀνά-

2151 1247 2342 1286 στασιν
2370 1229 2714 1295 ἀθετοῦντος.
2770 1229 3058 1302 Χρώμενοι
3106 1229 3320 1301 Παλαιᾷ
3351 1231 3446 1283 καὶ
3471 1230 3587 1302 Νέᾳ
3625 1231 3748 1283 Δια-

2154 1321 2316 1396 θήκῃ,
2345 1322 2440 1376 καὶ
2473 1319 2908 1391 ἀπαγορεύοντες
2939 1320 3120 1392 γάμον
3149 1321 3452 1385 παντελῶς,
3491 1319 3745 1392 μονάζονο

2147 1415 2248 1478 τάς
2297 1432 2356 1468 τε
2390 1415 2486 1468 καὶ
2517 1413 2825 1485 παρθένους
2871 1412 3178 1484 δεχόμενοι,
3215 1413 3310 1466 καὶ
3343 1411 3748 1485 ἐγκρατευομέ-

2149 1524 2294 1571 νους,
2327 1507 2420 1561 καὶ
2449 1507 2675 1577 χήρους.
2706 1505 2790 1558 Τά
2825 1505 2883 1558 δὲ
2919 1504 3148 1576 μηδέπω
3178 1506 3236 1558 ἐν
3263 1505 3452 1576 ἡλικίᾳ
3481 1503 3746 1573 γεγονότα

2150 1597 2338 1652 παιδία
2395 1597 2671 1669 βασιλείας
2738 1595 2814 1669 μὴ
2873 1596 3146 1668 μετέχειν,
3204 1595 3294 1650 διὰ
3352 1596 3415 1650 τὸ
3459 1599 3537 1668 μὴ
3579 1595 3747 1668 ἠθλη-

2150 1687 2327 1743 κέναι.

2222 1784 2295 1836 Δ’.
2336 1780 2723 1848 Μελητιανοὶ,
2765 1780 2815 1834 οἱ
2844 1780 2902 1834 ἐν
2925 1779 3190 1851 Αἰγύπτῳ
3209 1779 3416 1851 σχίσμα
3434 1779 3607 1844 ὅντες,
3629 1777 3744 1833 ἀλλ’

447 1877 526 1934 sis
557 1878 737 1933 locum
779 1877 1051 1933 obtinent.
1089 1876 1193 1944 Qui
1233 1892 1360 1932 cum
1392 1876 1501 1932 illis
1536 1892 1760 1948 precum
1795 1893 2042 1933 commu-

2149 1873 2248 1944 οὐχ
2303 1873 2538 1944 αἵρεσις,
2594 1873 2671 1946 μὴ
2721 1872 3110 1944 συνευξάμενοι
3156 1876 3269 1937 τοῖς
3310 1874 3369 1926 ἐν
3397 1871 3475 1943 τῷ
3520 1870 3747 1943 διωγμῷ

449 1964 616 2020 nionc
670 1964 932 2035 conjungi
995 1965 1329 2030 noluerunt,
1387 1964 1482 2035 qui
1538 1963 1593 2019 in
1659 1965 2042 2035 persecutione

458 2054 598 2125 lapsi
635 2061 785 2109 sunt.
823 2053 982 2109 Nunc
1017 2069 1078 2110 se
1109 2054 1178 2110 ad
1209 2053 1444 2111 Arianos
1481 2065 1869 2127 aggregarunt.

519 2146 688 2218 606
725 2145 1015 2212 V.Ariuni,
1050 2146 1167 2205 sive
1181 2147 1529 2202 Ariomanita:
1547 2145 1640 2202 Dei
1671 2145 1868 2202 Filium
1891 2162 2041 2204 crea-

448 2246 628 2294 turam
675 2255 798 2295 esse
829 2240 1060 2306 dicunt;
1113 2239 1377 2310 Spiritum
1411 2252 1541 2293 vero
1573 2244 1824 2294 sanctum
1878 2239 2038 2293 aliam

446 2348 572 2388 esse
605 2339 940 2387 creaturam.
975 2332 1319 2387 Salvatorem
1352 2338 1608 2388 nostrum
1650 2344 1874 2386 carnem
1898 2331 2041 2386 dun-

448 2431 599 2478 taxat
632 2438 661 2476 a
695 2423 884 2486 Maria.
929 2441 1038 2479 non
1082 2424 1320 2479 animam
1369 2425 1655 2494 accepisse
1685 2423 2036 2479 conﬁrmant.

448 2513 574 2570 Fuit
633 2516 724 2571 hic
789 2514 955 2571 Arius
1012 2514 1315 2571 Alexandri
1373 2515 1619 2587 episcopi
1689 2515 2041 2573 Alexandriae

448 2607 759 2678 presbyter.

521 2696 647 2752 llaec
673 2697 1029 2769 estquinque
1074 2699 1356 2754 hzereseon
1394 2713 1637 2766 summa,
1673 2714 1796 2771 quae
1838 2699 1894 2755 in
1937 2699 2041 2756 hoc

453 2803 490 2843 ιι
530 2789 669 2844 libro
691 2789 806 2846 sive
833 2789 1025 2846 ordine
1053 2789 1092 2844 V
1123 2789 1504 2847 continentur.

2149 1965 2639 2037 παραπεπτωκότιο
2670 1963 2765 2022 νῦν
2789 1965 2845 2019 δὲ
2889 1965 3190 2054 ῖΛρειανοῖς
3217 1965 3601 2036 συναφθέντες.

2221 2144 2297 2196 E'.
2335 2144 2645 2214 Ἀρειανοὶ,
2684 2147 2733 2200 οἱ
2774 2146 2869 2202 καὶ
2925 2145 3371 2218 Ἀρειομανῖται,
3406 2147 3455 2200 οἱ
3495 2146 3587 2200 τὸν
3617 2146 3746 2200 Υἱὺν

2150 2235 2245 2289 τοῦ
2278 2236 2414 2291 Θεοῦ
2444 2237 2652 2311 κτίσμα
2685 2239 2960 2308 λέγοντες,
3007 2242 3104 2294 καὶ
3141 2239 3202 2293 τὸ
3243 2239 3470 2311 Πνεῦμα
3500 2240 3562 2294 τὸ
3591 2241 3746 2309 ἅγιον

2149 2325 2353 2397 κτίσμα
2404 2327 2727 2398 κτίσματος,
2781 2329 2962 2401 σάρκα
3015 2330 3175 2400 μόνον
3214 2331 3309 2385 τὸν
3364 2331 3596 2403 Σωτῆρα
3635 2333 3745 2387 ἀπὸ

2148 2417 2368 2487 Μαρίας
2398 2417 2683 2489 εἰληφέναι
2722 2419 3218 2492 διαϐεϐαιούμενοι,
3249 2424 3345 2477 καὶ
3372 2423 3495 2494 ούχὶ
3540 2424 3742 2496 ψυχήν.

2147 2503 2257 2562 Ἦν
2313 2508 2371 2563 δὲ
2425 2502 2581 2575 οῦτος
2631 2511 2660 2564 6
2691 2511 2912 2584 ’Ἄρειος
2967 2513 3344 2590 πρεσϐύτερος
3394 2514 3746 2588 Ἀλεξάνδρου

2149 2598 2453 2654 ἐπισκόπου
2484 2601 2912 2674 Ἀλεξανδρείας.

2219 2692 2369 2765 Λῦτη
2401 2694 2495 2747 καὶ
2530 2696 2564 2764 ἡ
2595 2694 2690 2748 τοῦ
2725 2696 2982 2768 δευτέρου
3009 2697 3237 2768 βιϐλίου,
3281 2701 3531 2772 πέμπτου
3566 2700 3623 2754 δὲ
3647 2699 3746 2755 ἀπ’

2149 2783 2327 2857 ἀρχῆς
2365 2784 2466 2856 τῆς
2498 2786 2826 2853 ἀκολουθίας
2862 2788 3034 2856 ὄντος,
3074 2790 3552 2861 ἀνακεφαλαίωσις
3587 2794 3743 2866 αἱρέ-

2152 2893 2291 2931 σεων
2333 2876 2517 2932 πέντε.

487 3071 3718 3110 .__.___.___________________________________________

769 3221 931 3294 60⁷
1005 3233 1391 3322 ΤΟΜΟΣ
1458 3231 2025 3322 ΔΕΥΤΕΡΟΣ
2062 3235 2291 3322 ΤΟΥ
2331 3235 2913 3327 ΔΕΥΤΕΡΟΥ
2980 3241 3452 3331 ΒΙΒΛΙΟΥ.

2662 3451 2694 3474 Ὤ

1498 3625 1826 3716 LIBRI
1909 3627 1996 3716 ΙΙ
2059 3626 2468 3724 TOMUS
2545 3633 2674 3722 ll.

647 3965 927 4024 CONTRA
965 3964 1253 4024 PAULUM
1293 3964 1842 4039 SAMOSATENUM,

839 4079 1076 4137 eresis
1110 4079 1284 4148 XLV,
1324 4081 1433 4136 sive
1466 4081 1640 4138 LXV.

518 4194 560 4249 l.
593 4192 909 4249 Secundum
938 4193 1062 4250 illos
1092 4192 1299 4249 Paulus
1339 4191 1737 4251 Samosatenus
1774 4196 2046 4267 sequitur,

445 4287 540 4357 qui
569 4293 691 4359 post
717 4283 986 4340 Novatum
1021 4292 1189 4355 atque
1224 4283 1514 4356 Origenem
1550 4287 1778 4342 exstitit.
1807 4287 2048 4360 Quiqui-

443 4381 569 4436 dem
603 4378 873 4450 Origenes
908 4387 1187 4449 postremo
1224 4377 1368 4432 inter
1403 4378 1693 4436 haereticos
1719 4389 2046 4438 numeratus

441 4480 529 4528 est
555 4510 572 4536 ,
626 4469 698 4525 ob
749 4469 1120 4540 arrogantiam
1163 4469 1314 4524 illam
1340 4509 1356 4535 ,
1399 4484 1568 4541 quam
1608 4473 1886 4529 asciscere
1937 4472 2043 4529 sibi

445 4563 623 4618 voluit
661 4571 716 4619 et
754 4564 1021 4619 insolenti
1061 4578 1126 4617 ac
1167 4577 1439 4633 nugarum
1484 4565 1808 4635 plenissima
1849 4567 2045 4637 loqua-

442 4657 647 4723 citate,
699 4657 1060 4726 immissaque
1094 4671 1125 4710 a
1156 4654 1379 4711 diabolo
1417 4664 1600 4712 mente
1637 4657 1907 4714 adversus
1945 4673 2042 4714 ve-

442 4751 662 4806 ritatem
685 4751 993 4822 insurgere.
1015 4749 1160 4806 Sane
1184 4752 1231 4806 is
1256 4751 1524 4822 lugendus
1556 4753 1716 4809 nobis
1745 4755 2040 4810 admodum

443 4841 595 4897 venit
617 4882 633 4908 ,
666 4843 762 4913 qui
794 4840 997 4898 diaboli
1035 4843 1243 4898 invidia
1277 4843 1467 4914 lapsus
1495 4859 1563 4900 ex
1593 4843 1705 4899 alto
1730 4845 2042 4916 praecipita-

445 4933 540 4987 vit.
576 4930 716 4986 Nam
747 4933 804 4987 in
847 4934 943 4989 illo
987 4933 1292 5005 Scriptum
1326 4935 1533 4990 dictum
1571 4935 1707 4990 illud
1741 4937 2036 5006 impletur:

445 5024 762 5080 Fuscinatio
801 5029 941 5079 enim
985 5028 1311 5096 nugacitatis
1357 5029 1610 5084 obscurat
1657 5029 1831 5094 bona,
1870 5039 1920 5084 et
1954 5031 2034 5084 in-

443 5117 746 5171 constantia
798 5119 1238 5182 concupiscentiae
1293 5123 1604 5176 transvertit
1647 5130 1870 5177 mentem
1925 5123 2038 5178 sine

441 5207 658 5261 malitia
699 5208 741 5261 ⁸.

513 5300 735 5357 Recedo
776 5314 924 5354 nunc
959 5298 1027 5354 ad
1069 5299 1224 5355 illum
1247 5341 1262 5366 ,
1305 5301 1468 5372 cujus
1499 5303 1895 5372 explicandum
1931 5302 2036 5358 do-

439 5410 564 5462 gma
621 5393 1004 5464 suscepimus,
1056 5391 1288 5448 Paulum
1344 5393 1812 5462 Samosatenum,
1871 5395 2035 5465 cujus

2341 3972 2533 4036 ΚΑΤΑ
2572 3971 2856 4027 ΠΑΥΛΟΥ
2893 3971 3032 4027 ΤΟΥ
3069 3971 3548 4032 ΣΔΜΟΣΑΤΕΩΣν

2158 4085 2626 4156 Τεσσαρακοστὴ
2653 4085 2911 4156 πέμπτη,
2940 4087 2979 4155 ή
3011 4085 3110 4140 καὶ
3140 4083 3450 4154 ἐξηκοστὴ
3479 4084 3740 4156 πέμπτη.

2220 4201 2299 4254 A'.
2340 4197 2555 4262 Παῦλος
2605 4198 2633 4252 6
2689 4197 3040 4267 Σαμοσατεὺς
3111 4193 3450 4266 καλούμενος
3516 4193 3742 4259 τούτους

2147 4289 2478 4362 διαδέχεται,
2523 4287 2764 4358 γεγονὼς
2802 4286 2941 4358 μετὰ
2997 4287 3248 4341 Ναυᾶτον
3294 4287 3389 4339 καὶ
3434 4286 3742 4358 Ὠριγένην,

2147 4379 2240 4434 τὸν
2279 4379 2464 4448 λοιπὸν
2509 4381 2568 4433 ἐν
2601 4377 2813 4449 αἱρέσει
2847 4375 3254 4449 ἀριθμούμενον
3285 4375 3352 4430 δι’
3376 4376 3445 4448 ἢν
3473 4375 3741 4448 ἠθέλησεν

2149 4469 2482 4540 ὑψαυχενίαν
2545 4465 2728 4538 ἐαυτῷ
2780 4465 3228 4529 ἐπισπάσασθαι,
3280 4465 3374 4521 καὶ
3431 4465 3740 4538 ἐπαρθῆναι

2147 4562 2290 4616 κατά
2319 4561 2420 4633 τῆς
2457 4559 2715 4632 ἀληθείας
2743 4558 2831 4615 διὰ
2864 4559 2962 4631 τῆς
3005 4557 3326 4629 κομπώδους
3368 4557 3535 4612 αὐτοῦ
3573 4557 3743 4628 φλυα-

2150 4654 2270 4726 ρίας
2311 4654 2404 4708 καὶ
2451 4655 2517 4706 ἐκ
2561 4652 2812 4707 διαϐόλου
2860 4650 3298 4722 ἐπισπεισμένης
3324 4652 3345 4682 ¹
3375 4649 3607 4714 ἐννοίας.
3641 4649 3740 4705 Ὃν

2147 4747 2362 4803 πενθεῖν
2389 4747 2491 4813 δεῖ,
2522 4747 2598 4811 ὡς
2631 4746 2848 4818 ἀληθῶς
2883 4745 3064 4816 φθόνῳ
3096 4743 3345 4799 διαϐόλου
3369 4743 3739 4810 ἐξοκείλαντα,

2143 4841 2240 4896 καὶ⁹
2299 4839 2409 4895 ἀπὸ
2465 4839 2635 4912 ὕψους
2694 4836 3202 4909 παραπεπτωκότα.
3260 4836 3380 4892 Ἐπ’
3429 4835 3579 4908 αὐτῷ
3632 4837 3742 4909 γὰρ

2143 4930 2450 5004 πληροῦται
2501 4931 2563 4985 τὸ
2616 4929 2943 5001 εἰρημένον
2993 4928 3310 4983 Βασκανία
3360 4929 3741 4998 φαυλότητος

2141 5022 2406 5092 ἀμαυροῖ
2441 5021 2514 5076 τὰ
2545 5023 2722 5087 καλὰ,
2761 5021 2860 5075 καὶ
2887 5017 3238 5090 ρεμϐασμὸς
3266 5019 3586 5090 ἐπιθυμίας
3601 5035 3740 5091 μετ-

2140 5115 2387 5169 αλλεύει
2426 5113 2578 5169 γοῦν
2607 5113 2858 5167 ἄκακον.

2216 5285 2386 5355 Οὗτος
2401 5292 2466 5364 δὴ
2483 5287 2578 5347 οῦν
2596 5295 2625 5346 6
2645 5295 2775 5364 ἡμῖν
2793 5292 2872 5356 είς
2889 5291 3150 5364 ἐξήγησιν
3168 5292 3737 5363 ἐπιμνημονευόμενος
3793 5366 3798 5371 ἢ

2069 5359 2118 5420 D
2144 5383 2355 5448 Παῦλος
2396 5385 2424 5436 6
2453 5359 2869 5457 'Eapoa-utsbg,
2909 5359 3117 5438 οὖντοῦ
3166 5359 3432 5456 ὀνόματος
3477 5385 3537 5436 ἐν
3579 5359 3735 5454 *ἀρχῇ

443 5485 684 5540 nominis
720 5499 889 5555 supra
930 5485 1268 5539 mentionem
1308 5482 1543 5539 fecimus
1567 5521 1582 5546 ,
1613 5491 1670 5538 et
1703 5499 1852 5538 nunc
1885 5483 2034 5539 illius

2148 5477 2515 5547 ἐμνήσθημεν,
2548 5479 2642 5530 καὶ
2674 5477 2775 5548 τῆς
2811 5479 3076 5548 αἱρέσεως
3104 5477 3269 5531 αὑτοῦ
3306 5475 3609 5546 ποιούμεθα
3637 5476 3737 5546 τὴν

441 5579 689 5634 hmresim
727 5578 1105 5648 proponimus.
1150 5575 1249 5630 llic
1280 5574 1587 5630 Satnosatis
1623 5574 2030 5646 Mesopotamiae

2148 5569 2414 5640 διήγησιν,
2460 5571 2568 5624 ἀπὸ
2610 5570 2940 5640 Σαμοσάτων
2983 5567 3053 5642 ἦν
3088 5570 3189 5641 τῆς
3223 5569 3315 5622 ἐπὶ
3353 5569 3422 5622 τὰ
3456 5571 3600 5640 μέρη
3637 5569 3737 5638 τῆς

439 5670 505 5721 ad
567 5669 899 5740 Euphratem
949 5669 1087 5725 urbe
1141 5676 1332 5734 natus,
1382 5668 1678 5722 Aureliano
1730 5682 1794 5722 ac
1844 5667 2026 5723 Probo

2148 5667 2559 5737 Μεσοποταμίας
2576 5665 2671 5717 καὶ
2701 5665 2987 5733 Εὐφράτου
3010 5681 3022 5693 ο
3054 5663 3112 5726 ὃς
3139 5663 3196 5715 ἐν
3224 5661 3400 5732 τούτῳ
3430 5660 3507 5731 τῷ
3536 5659 3736 5732 χρόνῳ,

519 5827 530 5855 ³
568 5823 697 5896 Sap.
722 5842 798 5892 γι,
831 5826 915 5880 1⁸2.
994 5828 1013 5858 ³
1045 5825 1173 5882 Cor.
1211 5825 1688 5892 ἐπισεσεισμένης,
