4078 6410
444 409 512 466 l3
1092 402 1465 460 ADVERSUS
1508 401 1851 458 IIERESES
1893 401 2020 457 LIB.
2068 401 2131 456 ll.
2179 400 2344 458 T051.
2387 400 2450 456 ll.
2492 432 2562 442 —-
2597 398 2875 458 ΗᾹΞΠΕΒ.
2915 399 3077 456 LXV.
3663 394 3732 451 14

441 524 500 576 ἐν
551 522 791 593 ἡμέραις
842 519 1178 592 Δύρηλιανοῦ
1226 519 1300 591 (l)
1336 520 1431 574 xal
1471 517 1684 590 Πρόῦου
1726 517 1835 571 τῶν
1885 518 2038 589 βασι-

2170 519 2560 589 mperantibus,
2598 518 2969 575 Antiochense
3004 515 3173 591 608
3226 514 3487 571 Ecclesia;
3521 527 3738 589 pra-po-

442 617 601 680 λέων,
642 616 738 669 ἐπὶ
770 613 876 684 τῆς
917 613 1231 683 Ἀντιοχέων
1264 611 1588 666 καθίσταται
1622 610 1921 675 ἐπίσκοπος
1941 611 2040 681 τῆς

417 710 606 778 ’ἁγίας
641 705 942 776 καθολικῆς
983 704 1332 776 Ἐκκλησίας.
1397 702 1614 779 ’Λρθεις
1640 703 1697 756 δὲ
1734 704 1802 774 τῇ
1835 702 2044 774 διανοίᾳ

444 799 669 864 ἐξέπεσε
699 796 799 866 τῆς
847 794 1140 867 ἀληθείας,
1185 793 1282 847 καὶ
1332 792 1644 848 ἀνεκαίνισε
1677 791 1779 864 τὴν
1814 791 2043 873 ..αἵρεσιν

443 889 540 943 τοῦ
579 887 926 960 ’Λρτέμωνος
979 884 1089 956 (Ξ),
1120 884 1212 938 τοῦ
1262 901 1393 937 ποτε
1425 882 1578 948 ὄντος
1638 883 1696 935 ὲν
1746 883 1888 954 ἀρχῇ
1937 881 2045 954 πρὸ

448 981 585 1035 sn?»
623 977 831 1033 πολλῶν
862 977 955 1030 καὶ
986 975 1342 1046 ὲσϐεσμένου.

518 1072 719 1126 Φάσκει
746 1070 805 1124 δὲ
831 1063 983 1132 οὗτος
1018 1068 1150 1123 Θεὸν
1184 1068 1403 1139 Πατέρα
1458 1068 1551 1120 καὶ
1585 1067 1711 1121 Υίὸν
1744 1067 1838 1121 καὶ
1892 1066 2047 1137 ἅγιον

451 1161 676 1232 Πνεῦμα
718 1159 817 1214 ἕνα
850 1158 1014 1213 Θεόνο
1048 1159 1107 1211 ὲν
1159 1156 1280 1228 Θεῷ
1322 1155 1379 1210 δὲ
1419 1157 1509 1210 ἀεὶ⁵
1555 1156 1686 1210 ὄντα
1732 1158 1827 1211 τὸν
1880 1156 2046 1211 αὑτοῦ

452 1253 624 1321 Λόγον
663 1252 759 1306 καὶ
806 1251 866 1304 τὸ
911 1248 1137 1321 Πνεῦμα
1192 1247 1383 1315 αὐτοῦ,
1429 1249 1619 1321 ὥσπερ
1671 1252 1729 1303 έν
1760 1249 2047 1324 ἀνθρώπου

453 1345 655 1416 καρδίᾳ
684 1345 713 1396 ὁ
744 1342 874 1406 ἴδιος
902 1342 1089 1411 λόγος’
1128 1341 1204 1413 μὴ
1243 1335 1386 1396 εἶναι
1420 1341 1478 1395 δὲ
1507 1341 1599 1395 τὸν
1633 1342 1762 1396 Υἱὸν
1788 1343 1883 1397 τοῦ
1912 1343 2048 1397 Θεοῦ

456 1438 838 1501 ὲνυπόστατον,
866 1434 1002 1489 ἀλλά
1027 1435 1087 1489 ὲν
1119 1433 1269 1505 αὐτῷ
1303 1433 1455 1506 Θεῷ·
1490 1432 1685 1506 ὥσπερ
1723 1435 1915 1507 ἀμέλει
1956 1436 2052 1491 καὶ

456 1534 487 1585 0
537 1527 821 1591 Σαὸέλλιος
867 1526 944 1597 ('5)
1006 1527 1102 1579 καὶ
1128 1528 1156 1579 0
1186 1525 1436 1589 Ναυᾶτος
1490 1525 1586 1579 καὶ
1643 1527 1672 1580 ό
1704 1526 1913 1597 Νόητος
1956 1527 2054 1581 καὶ

458 1620 607 1677 ἄλλοι
629 1635 645 1649 ο
682 1618 785 1672 οὑκ
818 1618 957 1680 »ἴσως
983 1614 1041 1668 δὲ
1072 1615 1302 1680 ἐκείνοις
1331 1610 1506 1680 οὗτος,
1538 1616 1674 1671 ἀλλά
1705 1617 1881 1682 ἄλλως
1919 1617 2051 1691 παρ’

462 1711 720 1774 ἐκείνους.
759 1706 1018 1763 Ἐλθόντα
1058 1707 1116 1761 δὲ
1166 1707 1259 1761 τὸν
1310 1707 1505 1777 Λόγον,
1551 1709 1647 1763 καὶ
1695 1710 2056 1782 ὲνοικήσαντα

2145 612 2289 667 situs
2317 619 2422 666 cst.
2454 610 2559 678 Qui
2587 610 2767 667 elatus
2801 610 3119 683 arrogantia
3153 621 3217 663 ac
3254 607 3403 671 fastu
3435 620 3466 660 a
3503 605 3741 660 veritate

2144 702 2390 767 excidit,
2425 712 2591 773 atque
2624 702 2940 759 Artemonis
2976 700 3209 758 lnercsin
3240 698 3595 764 instauravit,
3643 697 3741 768 qui

2145 808 2271 849 cum
2325 802 2455 851 ante
2508 795 2715 850 multos
2767 809 2945 850 annos
2988 793 3338 859 exstitisset,
3384 793 3610 863 penitus
3653 794 3743 845 est

2146 889 2480 944 exstinctus.

2222 1066 2321 1123 Est
2350 1075 2533 1124 autem
2575 1067 2693 1123 hare
2747 1067 2895 1123 illius
2949 1068 3177 1137 opinio:
3216 1065 3385 1121 Deum
3420 1063 3640 1119 Patrem
3688 1068 3744 1117 et

2151 1155 2350 1213 Filium
2396 1173 2465 1215 ac
2520 1156 2792 1229 Spiritum
2831 1169 3087 1214 sanetum
3137 1171 3307 1212 unum
3358 1169 3484 1211 esse
3526 1153 3743 1218 Deum;

2154 1248 2391 1305 Verbum
2440 1247 2536 1305 Dei
2581 1247 2813 1319 ejusque
2863 1246 3131 1317 Spiritum
3166 1246 3351 1302 inesse
3379 1244 3494 1309 Deo
3542 1257 3744 1315 perpe-

2154 1351 2270 1409 tuo,
2294 1341 2440 1398 sicut
2460 1341 2702 1398 hominis
2726 1341 2781 1396 in
2806 1332 2973 1397 corde
2994 1339 3279 1411 proprium
3306 1338 3537 1394 verbum
3562 1336 3748 1391 inesse

2153 1438 2477 1501 cernimus;
2524 1432 2723 1489 Filium
2768 1431 2865 1489 Dei
2914 1431 3335 1489 subsistentiam
3396 1430 3599 1484 habere
3648 1442 3748 1498 per

2155 1544 2279 1587 sese
2308 1528 2549 1593 nullam,
2585 1526 2681 1583 sed
2722 1526 2780 1581 in
2820 1526 2930 1581 Deo
2970 1525 3319 1582 subsistere:
3363 1523 3418 1578 id
3452 1521 3601 1592 quod
3643 1519 3747 1574 Sa-

2155 1620 2319 1678 bellio
2382 1633 2603 1691 quoque
2662 1618 2872 1691 placuit
2925 1625 2981 1675 et
3032 1616 3242 1673 Novato
3292 1625 3347 1673 et
3378 1614 3554 1670 Noeto
3598 1613 3753 1668 aliis-

2156 1728 2265 1784 que
2316 1711 2640 1775 nonnullis,
2692 1725 3009 1781 quanquam
3059 1725 3171 1764 non
3226 1708 3419 1765 eodem
3452 1720 3578 1762 cum
3628 1702 3752 1760 istis

461 1806 519 1858 ὲν
546 1800 722 1873 Ἰησοῦ
749 1798 1021 1872 ἀνθρώπῳ
1044 1798 1179 1852 ὄντι.
1200 1800 1310 1853 Kal
1334 1798 1530 1867 οὕτως,
1565 1801 1756 1871 φησὶν,
1789 1797 1871 1867 εἷς
1907 1803 2054 1857 ἐστιν

2170 1804 2354 1869 modo,
2389 1803 2485 1860 sed
2519 1803 2741 1861 diverso
2782 1804 3021 1874 quodam
3068 1802 3158 1857 ille
3205 1801 3426 1857 sentiat.
3469 1797 3552 1853 Ad
3598 1796 3751 1860 hac,

463 1897 492 1950 0
520 1894 674 1958 Θεὸς,
712 1892 807 1947 καὶ
836 1891 958 1962 οὐχὶ
1001 1891 1193 1962 Πατὴρ
1226 1892 1254 1946 0
1283 1891 1492 1964 Πατὴρ,
1524 1894 1619 1946 καὶ
1649 1894 1777 1957 Υἱὸς
1814 1895 1844 1947 0
1887 1894 2015 1960 Υἱὸς
2035 1935 2050 1959 ,

2170 1896 2251 1953 Dei
2279 1895 2520 1953 Verbum
2552 1897 2607 1952 in
2642 1906 2820 1953 terras
2845 1896 3134 1968 delapsum
3168 1895 3223 1950 in
3256 1894 3389 1951 Jesu
3412 1934 3427 1961 ,
3463 1890 3559 1963 qui
3588 1890 3754 1946 homo

465 1986 559 2041 καὶ
584 1985 739 2054 ἆγιον
772 1983 997 2054 Πνεῦμα
1025 1982 1086 2036 τὸ
1128 1982 1283 2053 ἆγιον
1325 1984 1553 2056 Πνεῦμα
1573 2001 1588 2015 ’
1621 1984 1760 2039 ἀλλὰ
1794 1979 1875 2049 εἷς
1919 1985 2053 2051 Θεὸς

2170 2002 2352 2044 merus
2404 1994 2590 2056 esset,
2656 1986 2960 2044 habitasse.
3031 1987 3108 2041 Ita
3162 2000 3337 2049 unus,
3387 1982 3567 2053 inquit
3622 1982 3753 2044 ille,

465 2077 495 2130 0
535 2074 725 2148 Πατὴρ
765 2074 859 2128 καὶ
893 2073 1024 2138 Υἱὸς
1066 2073 1233 2127 αὑτοῦ
1268 2075 1327 2129 ἐν
1372 2074 1543 2147 αὐτῷ,
1574 2075 1652 2140 ὼς
1685 2075 1844 2144 λόγος
1871 2076 1932 2129 ὲν
1961 2077 2056 2130 ἀν-

2170 2076 2310 2135 Deus
2340 2092 2468 2144 est;
2506 2094 2687 2148 neque
2716 2088 2811 2133 aut
2854 2077 3019 2133 Pater
3055 2085 3145 2133 est
3181 2075 3382 2141 Pater,
3437 2086 3533 2130 aut
3576 2067 3755 2129 Filius

467 2161 687 2233 θρὼπῳ.
737 2160 907 2233 Δῆθεν
936 2159 1045 2215 ἀπὸ
1085 2159 1197 2214 τῶν
1243 2163 1556 2235 μαρτυριῶν
1597 2163 1806 2217 τούτων
1855 2163 2053 2218 ἑαυτοῦ

2170 2167 2339 2224 Filius
2362 2208 2379 2235 ,
2414 2177 2509 2223 aut
2541 2167 2784 2239 Spiritus
2820 2175 3053 2225 sanctus
3087 2166 3331 2238 Spiritus
3378 2173 3466 2222 est
3498 2174 3754 2222 sanctus.

466 2259 566 2329 τὴν
622 2258 834 2331 αἰρεσιν
868 2256 1327 2330 προϐαλλόμενος,
1369 2257 1479 2312 ἀπὸ
1514 2255 1610 2312 τοῦ
1643 2255 1924 2329 εἰρηκέναι
1962 2254 2055 2310 τὸν

2170 2257 2278 2315 lmo
2336 2273 2468 2315 vero
2509 2258 2656 2316 Deus
2700 2275 2846 2316 unus
2883 2267 2968 2316 est
3000 2257 3165 2315 Pater
3209 2267 3264 2315 et
3303 2259 3470 2330 hujus
3517 2258 3574 2314 in
3632 2258 3757 2331 ipso

469 2348 738 2404 Μωῦσέαο
771 2349 989 2418 Κύριος
1028 2351 1062 2404 ό
1097 2349 1244 2415 Θεός
1294 2365 1433 2415 σου,
1468 2348 1689 2418 Κύριος
1728 2342 1818 2413 εἷς
1858 2347 2052 2401 ἐστιν.

2170 2349 2386 2418 Filius,
2437 2359 2498 2407 ut
2529 2359 2617 2410 est
2673 2352 2729 2407 in
2776 2352 3001 2409 homine
3058 2366 3265 2409 sermo.
3311 2350 3489 2419 Quam
3532 2351 3756 2421 quidem

470 2444 545 2497 Οὐ
588 2442 786 2512 φάσκει
831 2441 890 2496 δὲ
934 2434 1090 2507 οὗτος
1123 2441 1264 2497 κατά
1308 2441 1400 2495 τὸν
1427 2440 1660 2511 Νόητον,
1694 2440 1788 2494 τὸν
1830 2438 2057 2512 Πατέρα

2170 2444 2493 2516 opinionem
2536 2448 2602 2501 ex
2652 2444 2787 2501 iisce
2820 2443 2937 2501 fere
2983 2444 3317 2501 testimoniis
3356 2443 3586 2515 colligit.
3633 2442 3759 2497 Pri-

472 2535 829 2591 πεπονθέναι⁵
864 2536 1000 2591 ἀλλά
1026 2552 1222 2609 φησιν,
1265 2533 1466 2592 Ἐλθὼν
1503 2537 1533 2590 0
1565 2536 1739 2606 Λόγος
1789 2535 2060 2607 ἐνήργησε

2171 2552 2355 2604 mum,
2394 2537 2541 2609 quod
2577 2535 2793 2610 Moyses
2837 2537 3078 2593 dixerit:
3111 2536 3373 2591 Dominus
3412 2535 3554 2590 Deus
3602 2543 3761 2600 tuus,

473 2628 668 2699 μόνος,
711 2628 806 2682 καὶ
859 2628 1061 2700 ἀνῆλθε
1098 2628 1236 2703 πρὸς
1285 2627 1377 2683 τὸν
1434 2627 1674 2701 Πατέρα.
1738 2628 1850 2682 Kal
1891 2626 2061 2697 πολλὴ

2170 2624 2432 2682 Dominus
2464 2643 2600 2683 unus
2628 2636 2707 2683 est
2735 2630 2779 2684 ⁸.
2811 2624 3000 2699 Neque
3031 2643 3161 2684 vero
3186 2642 3311 2682 cum
3341 2625 3513 2683 Noeto
3542 2624 3760 2682 Patrem

471 2719 621 2794 παρά
643 2719 820 2792 τούτῳ
847 2720 881 2792 ἡ
913 2719 1136 2775 ἀτοπία.

2171 2719 2264 2776 ille
2292 2735 2518 2792 passum
2561 2734 2686 2777 esse
2726 2718 2958 2787 deﬁnit;
3010 2719 3106 2775 sed
3136 2720 3314 2776 solum
3341 2758 3356 2784 ,
3396 2718 3611 2789 inquit,
3658 2717 3760 2773 ad—

470 2813 699 2870 veniens
727 2812 966 2871 Verbum
1018 2821 1193 2870 totum
1233 2811 1371 2869 illud
1424 2812 1831 2871 administravit
1855 2852 1870 2880 ,
1906 2819 1962 2869 et
1993 2811 2062 2868 ad
2108 2811 2328 2871 Patrem
2364 2814 2610 2872 revertit.
2642 2814 2721 2869 Ac
2764 2820 2895 2870 sunt
2916 2813 3102 2870 omnia
3148 2828 3271 2886 quae
3304 2813 3376 2869 ab
3414 2812 3511 2868 illo
3563 2810 3763 2867 dicun-

470 2912 564 2960 tur
595 2921 727 2962 sane
753 2922 915 2976 quam
946 2906 1206 2963 absurda.

544 2998 619 3051 B’.
662 2998 889 3069 Ἰδωμεν
932 2998 991 3052 δὲ
1030 2999 1081 3054 εί
1121 3000 1172 3053 οἱ
1217 2999 1366 3070 λόγοι
1411 2999 1577 3055 αὐτοῦ
1627 2999 2061 3071 συσταθήσονται

2245 2995 2309 3054 ll.
2337 2995 2639 3054 Videamus
2669 2997 2845 3069 igitur
2873 2995 3074 3068 ecquid
3108 2997 3372 3068 opinione
3407 2995 3533 3052 falsi
3581 2997 3765 3054 homi-

472 3090 568 3143 τοῦ
618 3090 994 3161 ὴπατημένου.
1038 3091 1243 3146 eam;
1274 3092 1413 3165 γὰρ.
1460 3093 1546 3146 ὅτι
1595 3088 1778 3146 εἶπεν·
1823 3089 1965 3161 Ἐγὼ
1996 3090 2064 3145 ἐν

2173 3093 2263 3149 nis
2283 3102 2538 3147 constare
2563 3091 2740 3162 possit
2769 3094 2969 3151 oratio.
2998 3089 3133 3146 Nam
3160 3091 3235 3146 ita
3259 3092 3518 3162 proponit
3540 3088 3763 3156 :'Dixit,

474 3180 555 3248 τῷ
594 3181 814 3250 Πατρὶ,
859 3183 958 3237 καὶ
1004 3185 1037 3238 ό
1069 3183 1275 3254 Πατὴρ
1322 3184 1394 3237 ἐν
1433 3183 1586 3253 ἐμοι.
1638 3183 1749 3237 Kal
1801 3181 1959 3263 αὺτρὶ
2008 3180 2067 3237 δέ

476 3290 655 3344 φαμεν
698 3275 764 3329 ὲκ
810 3276 1027 3347 Πατρὸς
1073 3274 1207 3331 Θεὸν
1259 3276 1453 3346 Λόγον,
1506 3275 1602 3330 καὶ
1637 3275 1754 3346 μετ’
1786 3272 1951 3328 αὐτοῦ
1980 3273 2070 3328 ἀεὶ

476 3367 605 3420 ὄντα
636 3365 695 3434 ἐξ
733 3367 899 3422 αὐτοῦ
929 3368 1351 3440 γεγεννημένον.
1388 3367 1528 3421 Ἀλλ’
1549 3367 1671 3439 οὐχὶ
1713 3367 1805 3420 τὸν
1850 3364 2071 3437 Πατέρα

475 3460 705 3530 λέγομεν
735 3461 865 3516 ἀνευ
904 3461 1079 3531 Λόγου
1111 3461 1499 3517 ὲνυποστάτου.
1541 3460 1678 3515 Ἀλλ’
1703 3462 1733 3514 0
1760 3459 1935 3529 Λόγος
1972 3458 2069 3512 τοῦ

480 3553 691 3626 Πατρὸς
712 3555 741 3607 0
777 3556 1073 3626 μονογενὴς
1098 3554 1228 3620 Υἱὸς
1253 3553 1387 3618 Θεὸς
1415 3553 1610 3624 Λόγος,
1638 3553 1715 3618 ὡς
1744 3551 1911 3623 φησί’
1943 3550 2071 3619 Πᾶς

480 3647 512 3700 ό
541 3644 849 3716 ὁμολογῶν
888 3646 960 3700 ἐν
999 3645 1164 3715 ἐμοὶ,
1208 3645 1567 3718 ὁμολογήσω
1606 3643 1771 3715 κάγὼ
1804 3644 1875 3699 ἐν
1910 3642 2073 3711 αὐτῷ

476 3736 820 3806 ἔμπροσθεν
845 3736 952 3793 τοῦ
991 3739 1224 3807 Πατρός
1269 3755 1411 3808 μου.
1452 3738 1529 3791 Τὸ
1559 3736 1636 3801 δὲ,
1668 3737 1740 3790 ἐν
1782 3734 1938 3806 ἐμοὶ,
1971 3735 2072 3805 ἕμο

479 3829 749 3896 πρόσθεν
786 3826 894 3882 τοῦ
935 3829 1168 3897 Πατρός
1194 3846 1338 3898 μου,
1381 3828 1552 3894 ἔδειξε
1584 3827 1742 3898 φύσει
1774 3827 2074 3881 ὲνυπόστα-

480 3933 572 3970 τον
607 3916 697 3969 τὸν
732 3917 973 3990 Πατέρα.
1027 3910 1188 3973 υῦτοι
1229 3919 1286 3973 δὲ
1305 3958 1321 3983 ,
1369 3918 1463 3974 τὸν
1515 3918 1844 3989 Ἰουδαῖσμὸν
1888 3935 2071 3988 παρα-

482 4008 816 4081 φθείροντες,
843 4009 998 4065 οὐδὲν
1026 4010 1417 4083 περισσότερον
1443 4009 1553 4065 τῶν
1581 4008 1849 4065 Ἰουδαίων
1876 4025 2077 4077 κεκτη-

486 4101 657 4171 μένοι,
697 4100 940 4174 δεύτεροι
975 4102 1221 4158 Ἱουδαῖοι
1267 4103 1657 4175 κληθήσονται,
1691 4101 1788 4156 καὶ
1820 4102 2073 4173 Σαμοσα-

481 4193 661 4259 τῖται,
709 4193 876 4265 μηδὲν
927 4193 1116 4267 ἕτερον
1170 4195 1325 4259 ὅντες
1379 4195 1413 4266 ἢ
1464 4194 1544 4265 τῷ
1595 4194 1819 4265 ὀνόματι
1850 4194 1868 4224 ⁸
1916 4193 2076 4263 μόνον

482 4281 657 4353 οἰήσει
707 4283 1121 4356 προῖσχημένοι.
1157 4286 1264 4338 Τὸν
1308 4285 1420 4357 γὰρ
1469 4287 1533 4339 ἐκ
1579 4284 1714 4339 Θεοῦ
1769 4284 1902 4339 Θεὸν
1948 4284 2075 4338 Υίὸν

487 4374 749 4444 μονογενῆ
782 4377 878 4429 καὶ
909 4376 1081 4446 Λόγον
1110 4376 1476 4449 ἀρνούμενοι,
1505 4376 1705 4431 ἐκεῖνοί
1738 4377 1874 4430 εἰσιν
1901 4377 2076 4431 ὁποῖοι

2171 3182 2380 3254 inquit,
2403 3181 2692 3238 Christus:
2719 3179 2831 3253 Ego
2857 3183 2912 3236 in
2932 3180 3097 3237 Patre
3116 3226 3129 3250 ,
3154 3190 3203 3237 et
3226 3182 3390 3237 Pater
3414 3184 3471 3237 in
3504 3199 3586 3238 me
3611 3193 3688 3238 est
3718 3183 3761 3237 ⁸.

2171 3274 2241 3330 Et
2270 3288 2372 3329 nos
2402 3271 2551 3329 istud
2597 3287 2705 3327 una
2747 3272 3092 3343 proﬁtemur,
3143 3288 3209 3328 ex
3266 3271 3429 3329 Patre
3459 3273 3764 3343 profectum

2170 3381 2296 3427 esse
2326 3365 2499 3420 Deum
2529 3362 2800 3431 Verbum,
2841 3378 2907 3420 ac
2935 3379 3062 3420 cum
3092 3365 3285 3420 eodem
3309 3380 3433 3421 esse
3463 3376 3729 3437 perpetuo
3748 3407 3764 3431 ,

2171 3457 2241 3513 ab
2269 3470 2446 3527 eoque
2479 3455 2853 3526 proanitum.
2889 3453 2998 3509 Sed
3048 3469 3160 3509 non
3208 3454 3332 3509 ideo
3377 3453 3598 3511 Patrem
3646 3456 3768 3512 sine

2173 3549 2511 3604 subsistente
2540 3544 2721 3602 Verbo
2754 3560 2880 3605 esse
2917 3545 3179 3602 dicimus.
3225 3543 3487 3613 Quinimo
3520 3545 3766 3603 Verbum

2172 3638 2391 3706 Patris,
2446 3636 2682 3710 unigena
2729 3636 2907 3695 Filius
2951 3635 3097 3694 Deus
3157 3645 3242 3695 est
3280 3635 3555 3705 Verbum,
3603 3647 3664 3694 ut
3714 3647 3770 3695 et

2173 3732 2292 3803 ipse
2317 3730 2562 3787 declarat
2588 3750 2602 3786 :
2644 3728 2873 3786 Omnino
2902 3730 2994 3803 qui
3021 3731 3304 3801 conﬁtetur
3334 3732 3390 3786 in
3425 3748 3507 3787 me
3529 3774 3544 3799 ,
3593 3734 3768 3802 con/i-

2176 3822 2322 3878 tebor
2350 3832 2399 3877 et
2420 3838 2511 3894 ego
2542 3823 2596 3877 in
2626 3822 2721 3877 illo
2744 3839 2926 3877 coram
2954 3821 3117 3879 Patre
3147 3840 3261 3879 meo
3296 3826 3339 3887 ⁸,
3370 3824 3465 3879 ubi
3500 3825 3615 3880 base
3650 3826 3770 3896 ipsa

2174 3916 2365 3981 verba,
2396 3916 2453 3968 in
2480 3931 2593 3981 me,
2630 3929 2813 3969 coram
2845 3913 3009 3970 Patre
3037 3931 3173 3981 meo,
3205 3915 3421 3971 Patrem
3457 3916 3636 3987 ipsum
3672 3933 3771 3972 na-

2174 4018 2299 4063 tura
2327 4020 2427 4061 sua
2458 4006 2767 4063 subsistere
2805 4005 3212 4062 demonstrant.
3248 4007 3317 4061 At
3349 4007 3439 4064 isti
3477 4007 3771 4065 Judaicam

2175 4098 2493 4170 opinionem
2546 4098 2983 4170 interpolantes,
3028 4115 3206 4172 neque
3238 4101 3540 4172 quidquam
3571 4102 3639 4156 iis
3675 4101 3774 4156 ha-

2177 4192 2368 4248 bentes
2398 4190 2667 4262 amplius,
2712 4189 2884 4247 Judaei
2933 4192 3090 4248 alteri
3140 4193 3469 4249 nominandi
3513 4206 3679 4257 sunt,
3720 4203 3775 4246 et

2179 4281 2525 4341 Samosateni
2549 4326 2564 4353 ,
2599 4299 2781 4356 neque
2819 4284 2969 4340 aliud
3003 4286 3232 4341 omnino
3276 4293 3443 4352 sunt,
3482 4301 3548 4342 ac
3592 4286 3771 4341 solum

2148 4386 2377 4430 ‘nomen
2405 4371 2537 4430 Jcsu
2563 4390 2674 4446 prae
2700 4390 2759 4431 se
2783 4373 2993 4431 ferunt.
3014 4374 3153 4431 Nam
3178 4392 3302 4432 cum
3335 4377 3507 4432 Deum
3539 4392 3606 4431 ex
3639 4375 3774 4443 Deo,

484 4467 577 4521 καὶ
602 4467 652 4520 οἱ
684 4468 847 4522 αὑτὸν
898 4471 956 4522 ὲν
983 4470 1049 4541 τῇ
1083 4470 1354 4542 παρουσίᾳ
1384 4470 1772 4542 ἀρνησάμενοι,
1804 4467 2064 4524 θεοκτόνοι

2184 4468 2588 4539 unigenamque
2630 4464 2830 4526 Filium
2876 4483 2942 4523 ac
2978 4466 3218 4524 Verbum
3272 4470 3581 4538 abnegcnt,
3626 4467 3777 4538 ejus-

482 4573 543 4611 τε
595 4559 689 4611 καὶ
741 4562 1078 4631 κυριοκτόνοι
1102 4601 1117 4626 ,
1173 4562 1264 4616 καὶ
1321 4562 1710 4634 έπαρνησίθεοι
1769 4562 2074 4632 γεγονότες.

484 4649 709 4722 Τάληθῆ
752 4651 840 4717 δὲ,
885 4653 967 4706 ὅτι
1005 4653 1130 4707 οῦτε
1170 4654 1473 4726 περιτομὴν
1522 4653 1600 4725 (4)
1659 4653 1895 4724 ἔχουσιν,
1951 4650 2075 4708 οὔτε

488 4741 755 4797 σάϐϐατον
800 4744 1158 4815 φυλάσσουσι,
1200 4746 1296 4801 καὶ
1327 4745 1397 4800 τὰ
1426 4745 1562 4800 ἀλλα
1609 4742 1789 4801 πάντα
1824 4746 2076 4818 καθάπερ

498 4835 759 4891 Ἰουδαῖοι.

2184 4561 2327 4616 modi
2359 4570 2524 4626 sunt,
2559 4562 2752 4633 quales
2788 4561 2821 4615 ii
2861 4559 3086 4618 fuerunt
3115 4562 3207 4633 qui
3246 4570 3573 4633 prtescntem
3619 4561 3773 4615 illum

2179 4657 2504 4727 ejurarunt,
2555 4656 2659 4711 hoc
2693 4664 2780 4711 est
2814 4653 2911 4711 Dei
2962 4670 3027 4712 ac
3078 4653 3298 4712 Domini
3339 4654 3632 4726 parricidae
3660 4694 3675 4720 ,
3719 4661 3777 4709 et

2179 4748 2424 4817 ejusdem
2464 4747 2558 4803 Dei
2593 4756 2906 4819 negatores.
2943 4748 3270 4818 Quanquam
3314 4763 3492 4818 neque
3535 4747 3777 4803 circum-

2178 4842 2449 4897 cisionem
2478 4840 2769 4904 adhibent,
2804 4856 2982 4911 neque
3006 4840 3176 4913 609
3201 4839 3501 4897 Sabbatum
3525 4881 3538 4907 ,
3567 4840 3777 4896 aliosve

2177 4932 2490 4989 Iudaeorum
2524 4926 2663 4987 ritus
2690 4931 3009 4988 observant.

557 5041 573 5071 ¹
607 5038 733 5094 For.
758 5040 950 5113 ὄνομα,
980 5053 1035 5100 et
1064 5043 1479 5117 προϊσχόμενον.
1557 5049 1578 5079 ²
1611 5046 1767 5103 Deut.
1795 5063 1869 5114 vr,
1896 5048 1950 5105 4.
2029 5048 2048 5080 ³

2170 5064 2247 5104 ιη.
2282 5065 2394 5113 xiv,
2438 5048 2529 5103 10.
2604 5048 2625 5079 ⁸
2662 5046 2852 5102 Matth.
2886 5064 2939 5112 ιι,
2968 5046 3057 5104 52.

506 5272 517 5283 .
554 5199 633 5271 (Ι)
687 5201 789 5283 Ἐν.
814 5202 1477 5283 ἡέιέραιςᾼύρηνζιανοῦ.
1500 5206 1615 5283 l_mo
1649 5224 1782 5283 vero
1814 5221 1919 5283 sub
1947 5207 2069 5262 Gal-

483 5271 629 5343 lieno
670 5279 798 5341 post
845 5271 1175 5330 Demetriani
1219 5271 1452 5343 obitum.
1504 5277 1776 5335 Eusebius
1837 5280 1934 5335 lib.
1989 5294 2070 5334 vtt

485 5340 693 5422 uiator.
717 5357 839 5422 cap.
870 5343 960 5397 29...
997 5343 1264 5416 imposuit
1313 5340 1619 5422 Epiphanio
1646 5349 1801 5422 quod
1827 5351 1930 5405 sub
1959 5350 2071 5404 Au-

484 5412 694 5490 reliano
755 5414 1053 5490 damnatus
1080 5412 1161 5490 tet
1242 5412 1565 5490 episcopatu
1627 5412 1877 5490 déjectus
1948 5431 2069 5487 est;

484 5482 731 5564 adeoque
759 5482 1312 5564 Aureliauihdecrcto',
1348 5482 1498 5561 quod
1530 5482 1833 5564 Christiani
1863 5482 2076 5564 antisti-

485 5561 571 5607 tes
611 5555 997 5623 impetrarunt.
1040 5554 1148 5614 Sod
1199 5554 1581 5631 episcopatum
1642 5562 1853 5632 aliquot
1912 5563 2076 5617 annis

484 5632 613 5677 ante
644 5634 887 5692 ceperat.

556 5692 632 5775 β)
822 5697 1061 5764 αἵρεσιν
1074 5699 1621 5775 Ῑρῦ-Ῑᾼρτέμῳνος.
1650 5701 1897 5775 Meminit
1937 5702 2067 5775 Eu—

485 5764 672 5844 sebius
702 5765 801 5844 li_b.
833 5782 890 5832 v,
923 5783 1047 5844 cap.
1070 5767 1163 5844 27;
1198 5764 1427 5841 Niceph'.
1452 5772 1546 5830 lib.
1575 5764 1651 5839 iv,
1678 5773 1906 5844 cap.‘20.
1937 5772 2070 5830 Vide

485 5833 626 5906 Aug.
656 5836 711 5890 in
739 5836 939 5892 haeresi
971 5833 1378 5899 Paulianorum.

2245 5210 2323 5279 (ὅ)
2340 5208 2571 5276 ’Ὠσπερ
2586 5207 2793 5277 ἀμέλει
2815 5209 2916 5264 καὶ
2930 5212 2964 5263 d
2985 5209 3333 5279 Σαόἐλλιος.
3351 5208 3545 5264 Novati
3576 5226 3777 5266 nomen

2175 5278 2464 5350 perperam
2498 5279 2739 5351 irrepsit.
2783 5280 2919 5335 Nam
2972 5278 3292 5343 Novatiani,
3324 5280 3471 5351 quod
3526 5280 3776 5335 Trinita-

2176 5349 2292 5405 tem
2325 5351 2542 5413 attinet,
2578 5349 2714 5403 nihil
2757 5366 2788 5406 a
2819 5351 3127 5407 Catholicis
3169 5349 3582 5418 dissenserunt,
3619 5361 3677 5406 ut
3719 5354 3776 5408 in

2177 5421 2479 5477 Annalibus
2504 5421 2693 5476 docuit
2717 5421 2919 5479 Baron.
2950 5436 3043 5477 an.
3074 5421 3208 5477 265.

2252 5492 2332 5561 (4)
2366 5490 2606 5563 Τάληθῆ
2634 5490 2831 5555 δὲ,ὅτι
2856 5495 2998 5549 οὔτε
3027 5490 3376 5561 περιτομήν.
3408 5489 3640 5548 Frustra
3673 5493 3776 5563 igi-

2184 5570 2274 5617 tur
2304 5562 2359 5616 in
2390 5562 2511 5631 ejus
2528 5563 2722 5619 haaresi
2749 5564 3082 5619 Philastrius
3104 5563 3591 5618 circumcisionem
3620 5562 3774 5618 illum

2186 5633 2446 5689 docuisse
2472 5633 2797 5705 conﬁrmat;
2824 5635 2972 5705 quod
2997 5649 3173 5701 neque
3198 5633 3567 5705 Augustinus.
3593 5649 3773 5705 neque

2180 5706 2443 5775 synodica
2504 5705 2598 5758 illa
2653 5704 2979 5762 Antiochcni
3033 5705 3280 5767 concilii,
3324 5704 3473 5775 quod
3507 5704 3777 5759 adversus

2178 5776 2436 5901 gignimur
2472 5776 2813 5833 celebratum
2859 5783 2964 5843 est,
2998 5790 3101 5832 nec
3142 5776 3283 5831 alius
3323 5774 3619 5848 quisquam
3656 5786 3780 5844 pro-

2220 5862 2233 5898 l
2278 5857 2338 5901 ιι.

2220 5857 2338 5902 ισιι.
