4078 6408
426 369 495 430 15
1842 360 1898 417 S.
1942 360 2008 416 El

2110 359 2287 417 ΗΛΝΠ
3636 361 3703 417 ίϐ

492 485 581 542 Ill.
625 484 915 540 Enimvero
945 496 1118 552 neque
1141 495 1241 537 nos
1268 480 1370 551 ipsi
1398 478 1538 535 duos
1578 493 1703 537 esse
1738 477 1878 535 Deos
1916 479 2000 534 di-

2174 480 2245 533 l'".
2288 480 2400 533 Kal.
2444 479 2552 552 γὰρ
2597 479 2676 551 τῷ
2728 480 2845 535 ὄντι
2891 480 2983 534 καὶ
3035 479 3189 535 αὐτοὶ
3252 481 3315 535 οὐ
3377 479 3468 534 δύο
3522 483 3705 551 φαμὲν

438 578 811 647 vinitatesque
834 575 1005 640 duas,
1044 571 1139 629 sed
1171 588 1334 628 unam
1363 573 1631 629 duntaxat
1665 572 1965 628 asserimus
1991 611 2005 635 ,

430 685 555 724 cum
591 685 767 738 neque
798 667 987 722 Patres
1013 666 1419 722 constituamus
1446 664 1610 729 duos,
1641 680 1819 735 neque
1842 662 2010 720 Filios

429 761 559 815 item
592 760 751 824 duos,
782 767 877 813 aut
905 757 1046 814 duos
1099 755 1340 828 Spiritus
1386 765 1609 812 sanctos
1660 756 1757 811 sed
1791 754 2008 812 Patrem

427 855 481 903 et
511 848 711 904 Filium
736 864 797 903 ae
826 848 1094 919 Spiritum
1126 854 1380 903 sanctum
1398 887 1415 912 ,
1440 847 1780 903 divinitatem
1805 861 1969 902 unam
1990 887 2006 911 ,

424 956 701 1011 unamque
722 942 885 996 trium
911 939 1360 1011 prmdicationem
1386 954 1449 994 ac
1475 939 1724 1011 gloriam.
1752 937 1859 994 Iste
1883 953 2010 993 vero

426 1046 534 1085 non
568 1045 738 1085 unum
774 1030 981 1085 ideirco
1005 1027 1178 1083 Deum
1200 1042 1324 1084 esse
1346 1026 1662 1092 confitetur,
1687 1025 1833 1096 quod
1862 1024 2011 1080 velut

424 1120 548 1178 fons
579 1120 804 1192 quidam
850 1122 922 1174 sit
961 1118 1146 1183 Pater,
1202 1117 1297 1173 sed
1347 1132 1514 1171 unum
1558 1115 1810 1172 absolute
1838 1112 2008 1169 Deum

424 1211 590 1276 facit,
626 1227 727 1271 ac.
761 1218 1029 1285 quantum
1063 1209 1119 1263 in
1151 1208 1273 1278 ipso
1314 1214 1432 1274 est,
1473 1204 1595 1260 Filii
1645 1220 1710 1261 ac
1764 1204 2006 1275 Spiritus

422 1304 599 1358 sancti
628 1303 971 1357 divinitatem
1006 1315 1071 1356 ac
1098 1299 1508 1355 subsistentiam
1539 1298 1765 1353 evertit:
1788 1296 2009 1351 Patrem

421 1392 603 1463 ipsum
652 1400 912 1460 praeterea
955 1388 1029 1444 ita
1062 1404 1185 1444 esse
1229 1386 1397 1443 Deum
1434 1403 1604 1442 unum
1648 1385 1915 1452 allirmat,
1950 1395 2012 1441 ut

420 1484 568 1537 omni
600 1483 665 1537 ad
701 1481 1111 1552 producendum
1155 1479 1353 1535 Filiqu
1398 1478 1738 1534 fecunditate
1782 1483 2007 1545 careat;

421 1572 665 1643 adeoque
706 1571 1025 1642 imperfecta
1060 1572 1153 1626 illa
1186 1570 1300 1625 duo
1332 1571 1474 1637 sint,
1508 1569 1673 1627 Pater
1703 1578 1759 1625 et
1792 1568 2008 1635 Filius,

392 1678 654 1735 .quorum
680 1663 769 1717 ille
795 1663 859 1717 ad
890 1660 1304 1732 producendum
1329 1659 1531 1716 Filium
1562 1660 1855 1733 genitalem
1894 1660 2008 1715 vim

421 1755 627 1809 nullam
667 1753 906 1819 habeat;
942 1752 1033 1807 hic
1065 1760 1248 1808 autem
1278 1790 1294 1816 ,
1333 1751 1480 1823 quod
1517 1759 1602 1808 est
1634 1749 1871 1807 viventis
1911 1748 2007 1805 Dei

2112 564 2250 623 εἶναι
2298 569 2501 635 Θεοὺς,
2554 570 2675 624 οὐδὲ
2709 569 3001 644 Θεότητας,
3040 570 3177 626 ἀλλὰ
3226 571 3356 641 μίαν
3429 571 3660 642 θεότητα
3683 589 3696 603 ·

2112 661 2300 733 ἐπειδὴ
2349 663 2459 733 γὰρ
2506 661 2631 715 οὔτε
2673 662 2768 716 δύο
2811 662 3045 734 λέγομεν
3098 661 3387 733 Πατέρας,
3441 661 3563 716 οὔτε
3610 662 3705 717 δύο

2113 753 2299 817 Υίοὺς,
2329 752 2454 807 οὔτε
2498 752 2594 807 δύο
2632 753 2929 825 Πνεῦματα
2959 755 3092 822 ἅγια
3112 770 3125 784 ⁸
3171 752 3311 807 ἀλλὰ
3354 752 3577 823 Πατέρα
3609 753 3703 806 καὶ

2112 844 2243 900 Υίὸν
2283 846 2378 900 καὶ
2404 846 2558 915 ἆγιον
2598 844 2845 917 Πνεῦμα,
2888 844 3017 918 μίαν
3051 845 3303 915 θεότητα,
3337 844 3466 916 μίαν
3496 844 3701 909 δοξολο-

2110 936 2257 1006 γίαν.
2284 931 2452 1001 Οὗτος
2477 938 2535 992 δὲ
2575 938 2636 992 οὗ
2677 937 2826 1007 λέγει
2876 939 3037 1010 μόνον
3083 938 3242 1002 Θεὸν,
3278 936 3367 990 διὰ
3410 938 3474 990 τὸ
3519 938 3703 1009 πηγὴν

2111 1020 2252 1081 εἶναι
2280 1027 2371 1083 τὸν
2397 1028 2639 1105 Πατέρα,
2673 1028 2811 1082 ἀλλὰ
2845 1029 3005 1099 μόνον
3030 1028 3185 1093 Θεὸν,
3215 1027 3457 1099 ἀναιρῶν
3487 1030 3611 1084 ὅσον
3641 1030 3703 1083 τὸ

2112 1118 2234 1169 κατ’
2260 1115 2424 1170 αὐτὸν
2456 1117 2557 1190 τὴν
2582 1117 2677 1171 τοῦ
2707 1117 2840 1171 Υἰοῦ
2867 1116 3098 1188 θεότητα
3130 1118 3226 1170 καὶ
3254 1117 3577 1181 ὑπόστασιν,
3608 1119 3704 1171 καὶ

2111 1208 2205 1262 τοῦ
2247 1209 2405 1279 ἁγίου
2452 1211 2805 1280 Πνεῦματοςο
2848 1209 2989 1281 ἔχων
3030 1209 3090 1263 δὲ
3125 1210 3289 1265 αὐτὸν
3343 1209 3436 1263 τὸν
3483 1210 3699 1281 Πατέρα

2111 1299 2208 1353 ἕνα
2235 1301 2391 1366 Θεὸν,
2433 1302 2626 1370 ἄγονον
2656 1300 2786 1356 Υίοῦ
2809 1319 2823 1332 ·
2853 1302 2930 1366 ὡς
2967 1297 3107 1356 εἶναι
3138 1301 3205 1356 τὰ
3240 1301 3334 1355 δύο
3366 1302 3551 1373 ἀτελῆ,
3593 1302 3700 1355 Πα-

2111 1393 2246 1464 τέρα
2284 1394 2380 1448 καὶ
2433 1394 2596 1448 Υίόν·
2638 1395 2731 1449 τὸν
2784 1394 2886 1466 μὲν
2920 1395 3141 1467 Πατέρα
3176 1395 3371 1464 ἄγονον
3417 1393 3572 1463 Υίοῦ,
3606 1395 3702 1449 καὶ

2111 1484 2359 1556 ἄκαρπον
2389 1484 2480 1539 τὸν
2525 1484 2700 1555 Λόγον
2742 1485 2880 1541 Θεοῦ
2927 1486 3153 1552 ζῶντος,
3187 1487 3281 1540 καὶ
3329 1485 3521 1557 σοφίας
3570 1486 3699 1557 ἀληι

2112 1575 2287 1647 θινῆς.
2328 1576 2501 1647 Λόγον
2560 1577 2691 1649 γὰρ,
2739 1572 2850 1633 οἷον
2902 1579 2995 1633 τὸν
3042 1580 3103 1632 ὲν
3163 1577 3363 1650 καρδίᾳ
3415 1574 3557 1631 εἶναι
3614 1594 3700 1630 νο-

2112 1667 2358 1741 μίζουσι,
2390 1669 2483 1723 καί¹
2519 1669 2733 1740 σοφίαν,
2770 1666 2883 1724 οἷον
2924 1671 2983 1723 ὲν
3026 1669 3175 1741 ψυχῇ
3226 1668 3519 1740 ἀνθρώπου
3569 1668 3700 1722 ἕκα-

2114 1776 2236 1824 στος
2262 1758 2397 1830 ἔχει,
2436 1759 2536 1832 τὴν
2565 1762 2631 1815 ὲκ
2663 1760 2801 1815 Θεοῦ
2850 1761 3110 1832 φρόνησιν
3143 1761 3207 1814 ὲκ
3242 1759 3379 1814 Θεοῦ
3428 1758 3698 1830 κεκτημέ-

420 1843 661 1900 Verbum
709 1857 948 1914 veraque
985 1841 1291 1912 sapientia,
1356 1840 1508 1897 nullo
1559 1840 1723 1895 modo
1772 1839 1846 1896 sit
1890 1838 2008 1893 fru-

2110 1865 2219 1911 νος.
2252 1848 2352 1901 Διὰ
2379 1848 2539 1901 τοῦτο
2572 1849 2866 1919 πρόσωπον
2894 1849 2954 1903 ἓν
2980 1850 3073 1903 τὸν
3105 1848 3239 1903 Θεὸν
3267 1848 3385 1919 ἅμα
3419 1847 3500 1918 τῷ
3539 1848 3699 1918 Λόγῳ

420 1944 666 1991 ctuosus.
714 1932 955 1990 Verbum
989 1934 1137 1988 enim
1183 1934 1292 1988 tale
1336 1947 1460 1989 esse
1487 1941 1724 2004 putant,
1756 1932 1921 2004 quale
1952 1931 2010 1987 in

420 2028 661 2083 hominis
685 2034 773 2083 est
801 2035 1023 2098 pectore
1043 2065 1059 2089 .
1108 2034 1163 2082 et
1190 2024 1464 2096 ejusmodi
1494 2025 1849 2096 sapientiam,
1881 2040 2013 2096 qua-

421 2123 524 2177 lem
559 2120 613 2174 in
643 2120 828 2175 animo
851 2119 1080 2189 quilibet
1109 2116 1392 2172 hominum
1424 2116 1647 2172 insitam
1692 2130 1724 2171 a
1767 2114 1878 2172 Deo
1926 2118 2012 2171 in-

422 2212 712 2283 fusamque
739 2211 1001 2282 possidet.
1030 2209 1216 2277 Quare
1247 2222 1412 2263 unam
1458 2222 1584 2264 esse
1616 2206 1713 2264 Dei
1733 2206 2011 2279 Verbique

417 2316 707 2373 personam
745 2301 1102 2365 existimant,
1134 2314 1247 2354 non
1278 2312 1442 2354 secus
1474 2306 1641 2369 atque
1671 2299 1836 2355 homo
1866 2315 2011 2356 unus

418 2404 503 2450 est
532 2409 657 2448 cum
689 2393 858 2449 verbo
900 2406 1005 2448 suo
1037 2411 1049 2446 :
1084 2406 1263 2463 neque
1290 2390 1592 2461 quidquam
1633 2391 1898 2462 amplius,
1931 2393 2010 2447 uti

417 2484 568 2549 dixi,
614 2498 778 2556 quam
826 2481 1040 2549 Judaei,
1090 2482 1147 2536 in
1198 2481 1458 2552 opinione
1510 2495 1612 2537 sua
1666 2492 2007 2553 posuerunt;

423 2576 551 2632 caeci
600 2576 891 2639 homines,
945 2590 1016 2630 ne
1061 2572 1344 2651 veritatem
1401 2572 1607 2628 intueri
1651 2575 1914 2644 possint,
1955 2582 2011 2629 et

421 2666 607 2733 surdi,
659 2682 729 2720 ne
777 2666 1025 2719 divinum
1080 2664 1306 2719 verbum
1375 2671 1540 2734 atque
1602 2671 1826 2723 aeterna:
1885 2665 2010 2720 vitae

420 2757 862 2831 praedicationem
919 2755 1244 2827 percipiant.
1283 2753 1403 2810 Non
1452 2755 1598 2811 enim
1660 2755 1737 2810 illi
1784 2750 2009 2812 verissil-

421 2866 567 2904 mum
600 2848 877 2919 Evangelii
910 2849 1283 2903 testimonium
1315 2854 1577 2904 verentur
1605 2866 1619 2904 :
1654 2846 1721 2905 In
1747 2849 2023 2918 principia"

419 2948 533 2993 erat
582 2937 838 3001 Verbum,
878 2947 926 2993 et
971 2935 1197 2991 Verbum
1225 2946 1342 2991 erat
1386 2937 1527 3006 apud
1556 2936 1754 3002 Deum,
1785 2948 1837 2993 et
1866 2937 2009 2993 Deus

418 3040 531 3083 erat
575 3028 819 3085 Verbum.
859 3029 1056 3086 Omnia
1100 3045 1195 3099 per
1225 3028 1400 3098 ipsum
1431 3029 1578 3097 facta
1603 3038 1757 3094 sunt,
1800 3038 1852 3084 et
1897 3030 2010 3085 sine

419 3122 532 3192 ipso
559 3122 762 3187 facmm
791 3132 868 3177 est
898 3122 1064 3184 nihil,
1095 3120 1237 3192 quod
1277 3119 1482 3189 factum
1522 3134 1601 3175 est
1631 3114 1741 3174 ’.εἰ
1760 3122 1904 3177 enim
1952 3123 2009 3178 in

2113 1939 2300 2011 φασὶν,
2328 1939 2405 2004 ὡς
2434 1939 2723 2011 ἄνθρωπον
2755 1941 2852 1996 Eva
2887 1942 2983 1997 καὶ
3005 1941 3097 1995 τὸν
3127 1941 3292 1995 αὐτοῦ
3323 1939 3481 2009 λόγον
3501 1956 3515 1969 ·
3544 1939 3698 1994 οὐδὲν

2112 2030 2274 2085 πλέον
2315 2031 2424 2086 τῶν
2461 2031 2751 2098 Ἰουδαίων,
2778 2033 2853 2097 ὡς
2884 2033 3043 2106 ἔφην,
3073 2031 3407 2099 δοξάζοντες,
3448 2029 3698 2101 τυφλώτ-

2109 2140 2292 2187 τοντες
2326 2122 2436 2177 ἀπὸ
2466 2123 2565 2195 τῆς
2594 2124 2872 2197 ἀληθείας,
2908 2126 3005 2180 καὶ
3041 2123 3436 2196 κεκωφωμένοι
3464 2122 3577 2177 ἀπὸ
3603 2120 3701 2176 τοῦ

2111 2215 2258 2270 θείου
2306 2215 2468 2285 λόγου
2532 2217 2628 2271 καὶ
2674 2216 3031 2289 κηρύγματος
3073 2218 3173 2289 τῆς
3222 2215 3369 2287 ζωῆς
3411 2216 3515 2287 τῆς
3565 2216 3701 2270 αἰω-

2110 2306 2247 2362 νίου.
2289 2305 2427 2361 Οὔτε
2468 2307 2579 2380 γὰρ
2605 2307 2877 2362 αἰδοῦνται
2901 2308 2993 2362 τὸν
3032 2307 3207 2379 ἀληθῆ
3234 2307 3329 2361 τοῦ
3365 2306 3699 2377 Εὐαγγελίου

2109 2396 2267 2465 λόγον
2301 2397 2395 2452 τὸν
2426 2397 2684 2466 λέγονταο
2725 2399 2821 2452 Ἐν
2856 2397 3015 2469 ἀρχῇ
3057 2394 3137 2469 ἦν
3176 2401 3209 2453 ό
3257 2399 3478 2469 Λόγος,
3529 2397 3631 2452 καί
3666 2401 3700 2452 ὀ

2109 2487 2303 2556 Λόγος
2332 2481 2412 2556 ἦν
2447 2487 2597 2555 πρὸς
2631 2485 2739 2540 τὸν
2783 2485 2952 2552 Θεὸν,
2990 2485 3092 2541 καί
3129 2487 3275 2554 Θεὸς
3301 2482 3382 2557 ἦν
3417 2489 3450 2540 ό
3480 2486 3695 2556 Λόγος.

2110 2578 2315 2632 Πάντα
2346 2577 2420 2632 δι’
2460 2579 2648 2634 αὑτοῦ
2691 2576 2950 2649 ἐγένετο,
2987 2579 3087 2633 καί
3127 2578 3306 2648 χωρὶς
3339 2578 3527 2633 αὐτοῦ
3569 2576 3700 2648 ἐγέ-

2108 2673 2247 2723 νετο
2285 2669 2430 2725 οὐδὲ
2467 2669 2559 2738 ἓν,
2600 2669 2631 2723 ὃ
2664 2670 2932 2741 γέγονεν.
2977 2671 3042 2726 El
3080 2671 3190 2743 γὰρ
3230 2670 3302 2725 ἐν
3336 2669 3496 2741 ἀρχῇ
3546 2666 3627 2741 ἦν
3666 2672 3700 2725 ό

2109 2760 2333 2830 Λόγος,
2384 2760 2484 2815 καί
2522 2762 2555 2815 ό
2607 2763 2800 2841 Λόγος
2842 2756 2922 2831 ἦν
2964 2761 3115 2831 πρὸς
3165 2761 3274 2815 τὸν
3318 2761 3488 2826 Θεὸν,
3532 2761 3595 2814 τὸ
3641 2760 3700 2813 δν

2109 2846 2252 2905 εἶναι
2285 2858 2311 2891 δ
2342 2852 2405 2906 οὐ
2443 2851 2587 2907 κατὰ
2634 2853 2735 2924 τὴν
2796 2852 3083 2925 προφορὰν
3144 2853 3303 2924 μόνον
3346 2853 3515 2917 ἐστὶν,
3564 2850 3699 2905 ἀλλὰ

2112 2942 2256 2996 κατὰ
2294 2943 2391 3014 τὴν
2420 2943 2744 3000 ὑπόστασιν.
2779 2944 2891 2999 Καὶ
2929 2946 2979 2998 εί
3020 2948 3053 2999 ό
3075 2946 3266 3016 Λόγος
3301 2940 3381 3015 ἦν
3409 2943 3559 3013 πρὸς
3594 2942 3700 2996 τὸν

2112 3034 2283 3101 Θεὸν,
2313 3035 2413 3106 οὐχ
2439 3035 2468 3087 ὁ
2492 3035 2665 3105 Λόγος
2693 3036 2810 3090 ἐστὶ
2840 3035 2979 3108 πρὸς
3003 3035 3063 3091 ὃν
3090 3030 3179 3108 ἦν.
3202 3035 3337 3091 Οὐδὲ
3363 3035 3473 3105 γὰρ
3500 3036 3529 3089 ό
3564 3034 3698 3107 πρὸς

2107 3123 2167 3179 ὃν
2194 3120 2285 3198 ἦν,
2316 3126 2434 3181 ἔστι
2465 3126 2657 3196 Λόγος.

416 3217 677 3285 principio
721 3214 941 3271 Verbum
966 3225 1115 3282 erat,
1161 3225 1209 3270 et
1251 3213 1478 3269 Verbum
1519 3223 1634 3269 erat
1671 3213 1814 3284 apud
1848 3213 2053 3284 Deum,
2095 3217 2201 3274 hoc
2234 3219 2412 3290 ipsum
2447 3222 2592 3291 quod
2624 3220 2825 3277 dicitur
2852 3234 3010 3286 esse,
3063 3233 3171 3275 non
3209 3217 3279 3273 ad
3313 3218 3486 3274 solam
3518 3217 3700 3289 prola-

418 3312 665 3375 tionem,
701 3309 797 3366 sed
836 3309 903 3363 ad
956 3309 1301 3381 hyposlasim
1360 3324 1460 3380 par
1499 3313 1585 3364 est
1629 3310 1926 3378 pertinere.
1962 3311 2042 3366 Ac
2078 3311 2127 3367 si
2173 3311 2401 3368 Verbum
2439 3324 2555 3369 erat
2607 3315 2749 3386 apud
2804 3313 3016 3379 Deum,
3074 3328 3187 3370 non
3233 3320 3412 3385 potest
3455 3311 3696 3371 Verbum

419 3404 507 3458 ille
542 3417 666 3458 esse
700 3402 815 3471 ipse
843 3400 985 3472 apud
1018 3417 1178 3472 quem
1209 3408 1347 3455 erat.
1383 3398 1570 3469 Neque
1609 3400 1757 3457 enim
1804 3400 1949 3473 apud
1991 3417 2155 3473 quem
2193 3411 2341 3469 erat,
2372 3412 2458 3462 est
2487 3403 2749 3461 Verbum.

485 3496 641 3565 Quod
681 3496 728 3551 si
760 3494 1007 3551 Verbum
1037 3493 1172 3549 illud
1203 3494 1351 3549 velut
1386 3494 1442 3548 in
1470 3495 1638 3551 corde
1683 3493 1829 3550 Deus
1866 3511 2001 3550 con-

2181 3499 2246 3552 Εί
2277 3498 2389 3569 γὰρ
2419 3499 2479 3552 ὲν
2506 3499 2705 3571 καρδίᾳ
2739 3500 2911 3568 Λόγον
2942 3497 3076 3562 Θεὸς
3107 3496 3241 3569 ἔχει,
3284 3496 3379 3551 καὶ
3414 3497 3475 3551 οὐ
3506 3513 3698 3567 γεγεν-

417 3591 585 3654 tinet,
621 3588 881 3657 nulloque
924 3585 1087 3641 modo
1126 3584 1410 3655 genitum,
1451 3586 1676 3654 quinam
1718 3586 1853 3641 illud
1900 3587 2006 3640 im-

416 3679 547 3750 pleri
577 3684 786 3747 potest,
814 3675 965 3746 quod
991 3675 1208 3746 legitur,
1236 3686 1391 3739 erat;
1420 3675 1659 3743 itemque
1677 3714 1692 3739 ,
1722 3675 1864 3730 Deus
1893 3685 2010 3730 erat

426 3770 695 3826 Verbum?
738 3764 859 3821 Non
933 3767 1081 3821 enim
1134 3766 1365 3822 verbum
1418 3765 1659 3821 hominis
1721 3766 1885 3820 homo
1922 3775 2010 3822 est

416 3862 559 3934 apud
587 3861 897 3916 hominem:
927 3856 1077 3929 quod
1106 3873 1287 3929 neque
1314 3858 1484 3923 vivit,
1513 3873 1694 3929 neque
1721 3856 2006 3925 subsistit;

414 3955 510 4010 sed
546 3954 776 4009 viventis
804 3967 869 4006 ac
909 3951 1265 4008 subsistentis
1303 3948 1525 4021 fluidam
1580 3949 1764 4005 cordis
1827 3958 2009 4005 motus

411 4058 530 4111 est,
559 4062 669 4101 non
694 4045 1034 4117 hypostasis.
1067 4042 1244 4098 Simul
1275 4046 1420 4099 enim
1449 4042 1749 4114 profertur,
1772 4043 2007 4099 subinde

414 4156 688 4212 nusquam
711 4149 798 4195 est
824 4157 837 4192 :
877 4153 942 4192 ac
975 4126 1171 4191 taudiu
1201 4136 1332 4191 dum
1368 4137 1761 4208 pronuntiatur
1792 4152 2007 4207 peruia-

412 4242 527 4290 net.
576 4233 645 4287 At
688 4230 783 4286 Dei
830 4228 1070 4284 Verbum
1115 4226 1347 4298 perinde
1389 4242 1450 4283 se
1494 4226 1693 4289 habet,
1724 4241 1788 4280 ac
1819 4242 1915 4297 per
1941 4242 2005 4283 os

411 4327 696 4395 Pmphela:
759 4322 1001 4395 Spiritus
1054 4328 1282 4377 sanctus
1336 4319 1708 4390 pronuntiat:
1778 4317 2005 4375 Verbum

408 4418 574 4490 610
602 4428 750 4472 tuum
781 4418 835 4470 in
864 4425 1116 4470 wternum
1146 4424 1415 4483 permanet
1447 4413 1490 4468 '.
1523 4410 1664 4465 lluic
1688 4426 1853 4482 porro
1881 4426 2007 4465 eon-

410 4520 671 4565 sentanea
702 4509 950 4581 quaedam
988 4505 1266 4576 Evangelii
1300 4504 1538 4575 scriptor
1568 4502 1801 4558 alIirmat
1823 4542 1839 4567 ,
1874 4516 2002 4557 cum

413 4600 582 4655 Deum
618 4600 935 4655 hominibus
958 4596 1285 4668 apparuisse
1325 4606 1489 4665 atque
1532 4593 1823 4648 advenisse
1874 4606 2001 4662 pro-

410 4691 530 4757 dit;
565 4707 742 4760 neque
771 4706 895 4744 cum
930 4700 1242 4759 susceptam
1290 4702 1321 4740 a
1352 4685 1532 4741 Verbo
1571 4698 1794 4741 carnem
1847 4698 2003 4739 asse-

410 4782 483 4834 rit
514 4819 529 4842 ,
562 4779 778 4835 Patrem
810 4779 1078 4850 adiungit.
1129 4775 1355 4831 Verbum
1385 4777 1531 4831 enim
1555 4816 1570 4839 ,
1612 4775 1793 4844 inquit
1816 4814 1830 4839 ,
1852 4776 2004 4827 ‘caro

412 4874 613 4941 factum
642 4881 755 4934 est,
792 4881 838 4923 et
872 4848 1126 4924 habitavit
1158 4870 1211 4922 in
1243 4868 1393 4922 nobis
1430 4870 1473 4922 ³.
1507 4867 1624 4921 Non
1662 4865 1801 4919 dixit
1825 4908 1838 4929 ,
1866 4862 2001 4918 Ver-
2034 4848 2082 4907 υ

411 4967 540 5019 bum
569 4970 624 5015 et
664 4961 820 5014 Pater
857 4977 985 5015 caro
1016 4961 1219 5016 factum
1266 4971 1371 5016 est.
1422 4959 1692 5014 Similiter
1738 4957 1867 5011 dum
1913 4957 1999 5011 his

412 5060 592 5115 verbis
625 5058 793 5111 utitur
826 5078 835 5109 :
871 5053 937 5107 In
966 5056 1225 5123 principio
1246 5065 1362 5109 erat
1399 5055 1621 5109 Verbum
1643 5097 1658 5119 ,
1681 5064 1730 5107 et
1770 5050 1995 5105 Verbum

408 5159 524 5204 erat
555 5149 696 5218 apud
733 5146 902 5201 Deum
923 5186 938 5209 ,
968 5157 1017 5199 et
1051 5146 1187 5200 Deus
1221 5155 1336 5199 erat
1376 5145 1638 5209 Verbum,
1678 5159 1787 5198 non
1818 5142 1992 5207 dixit,

412 5243 467 5294 lu
501 5240 610 5293 Deo
643 5246 763 5292 erat
797 5233 1055 5290 Verbum.

479 5332 569 5388 IV.
611 5334 690 5386 Ac
724 5346 793 5385 ne
822 5328 1079 5384 fortassis
1108 5326 1279 5395 aliqui
1307 5340 1591 5396 perperam
1620 5340 1686 5380 ac
1720 5325 1999 5379 malitiose

411 5426 526 5479 haec
560 5425 1012 5492 interpretentur,
1045 5426 1098 5472 et
1128 5416 1438 5470 clarissima
1475 5418 1751 5485 vitamque
1808 5414 1999 5471 conci-

413 5515 597 5567 liautia
630 5514 795 5566 verba
824 5511 890 5564 ad
924 5525 1079 5564 suam
1112 5506 1443 5579 pravitatem
1477 5505 1835 5573 fraudemque
1871 5522 2000 5560 eon-

411 5613 623 5659 vertaut
667 5608 880 5671 (neque
916 5601 1062 5655 enim
1111 5614 1221 5653 uno
1250 5596 1551 5666 eodemque
1582 5597 1742 5651 modo
1768 5612 1864 5651 cor
1902 5598 1999 5650 ho-

2109 3591 2363 3662 νημένον,
2413 3590 2530 3654 πῶς
2570 3590 2874 3662 πληροῦται
2909 3591 2992 3655 τὸ,
3026 3586 3129 3662 ἦν,
3154 3589 3251 3644 καὶ
3300 3590 3382 3643 ὅτι
3424 3590 3570 3656 Θεὸς
3616 3588 3697 3662 ἦν

2110 3685 2144 3736 ό
2176 3682 2404 3751 Λόγος;
2435 3682 2511 3735 Οὐ
2550 3681 2661 3753 γὰρ
2688 3684 2718 3736 ὁ
2754 3681 2849 3736 τοῦ
2889 3681 3180 3754 ἀνθρώπου
3212 3681 3369 3751 λόγος
3410 3681 3697 3752 ἄνθρωπος

2110 3771 2246 3842 πρὸς
2292 3771 2381 3824 τὸν
2428 3770 2752 3844 ἄνθρωπον
2793 3772 2919 3827 οὕτε
2972 3773 3082 3846 γὰρ
3126 3772 3229 3845 ζῇ,
3269 3771 3395 3825 οὔτε
3453 3772 3692 3843 ὑπέστη·

2109 3862 2338 3934 καρδίας
2369 3862 2427 3917 δὲ
2459 3861 2642 3936 ζώσης
2679 3865 2775 3919 καὶ
2802 3864 3124 3935 ὑφεστώσης
3172 3862 3387 3933 κίνημα
3429 3864 3545 3916 ἐστι
3596 3862 3693 3933 μό-

2108 3972 2218 4021 νον,
2250 3955 2344 4008 καὶ
2376 3955 2476 4027 οὐχ
2505 3956 2840 4025 ,ὑπόστασις
2880 3957 3115 4025 Λέγεται
3154 3955 3266 4027 γὰρ
3295 3954 3432 4026 ἅμα,
3465 3954 3560 4010 καὶ⁵
3590 3972 3695 4008 πα-

2109 4047 2369 4119 ραχρῆμα
2419 4048 2603 4103 οὐκέτι
2642 4050 2819 4103 ἐστίν’
2853 4049 2991 4103 ἀλλὰ
3039 4047 3369 4118 λαλούμενος
3423 4048 3691 4119 διαμένει.

2107 4138 2216 4192 Τοῦ
2255 4140 2313 4193 δὲ
2341 4139 2478 4192 Θεοῦ
2504 4142 2533 4193 ό
2559 4140 2753 4210 Λόγος,
2780 4140 2857 4205 ὡς
2897 4143 3033 4211 φησι
3062 4140 3126 4194 τὸ
3172 4142 3327 4211 ἆγιον
3365 4140 3591 4212 Πνεῦμα
3635 4142 3695 4194 ἐν

2109 4230 2339 4301 στόματι
2396 4229 2490 4284 τοῦ
2548 4232 2875 4303 Προφήτου·
2921 4231 2975 4284 Ὁ
3032 4233 3223 4302 Λόγος
3286 4248 3406 4287 σου
3449 4235 3538 4299 είς
3587 4231 3697 4286 τὸν

2105 4321 2292 4376 αἰῶνα
2323 4321 2606 4392 διαμένει.
2648 4322 2965 4395 Συμφώνως
3002 4324 3059 4379 δὲ
3092 4324 3266 4397 τούτῳ
3306 4325 3695 4397 εὐαγγελιστὴς

2106 4412 2279 4481 λέγει,
2322 4412 2456 4467 Θεὸν
2502 4414 2782 4486 ὁμολογῶν
2826 4417 3214 4488 φανερωθέντα
3249 4417 3347 4471 καὶ
3385 4418 3695 4488 παραγενό-

2110 4521 2294 4575 μενον,
2334 4506 2397 4559 οὐ
2448 4507 3015 4579 συμπαραλαμϐάνων
3061 4511 3128 4580 τῇ
3189 4508 3284 4562 τοῦ
3333 4508 3511 4577 Λόγου
3564 4525 3694 4580 σαρ-

2107 4597 2273 4651 κώσει
2330 4598 2422 4651 τὸν
2484 4599 2724 4672 Πατέρα.
2776 4601 2830 4654 Ὁ
2877 4603 3070 4671 Λόγος
3120 4601 3271 4673 γὰρ,
3318 4602 3489 4672 φησὶ,
3537 4602 3694 4671 σὰρξ

2107 4690 2366 4761 ἐγένετο,
2398 4693 2496 4747 καί
2531 4692 2887 4760 ἐσκήνωσεν
2924 4695 2995 4748 ἐν
3028 4693 3194 4764 ἡμῖν.
3226 4694 3338 4748 Kal.
3374 4695 3475 4748 οὐκ
3507 4690 3690 4748 εἶπεν·

2119 4782 2178 4835 '0
2211 4782 2382 4851 Λόγος
2424 4783 2519 4836 καὶ
2549 4785 2579 4837 ό
2611 4785 2797 4857 Πατὴρ
2835 4785 2971 4857 σὰρξ
3002 4785 3238 4854 ἐγένετο.
3296 4786 3409 4839 Kal.
3453 4785 3555 4847 ὅτι.
3602 4786 3697 4837 ‘Er

2106 4872 2266 4943 ἀρχῇ
2328 4869 2408 4944 ἦν
2455 4878 2489 4928 ό
2528 4876 2739 4945 Λόγος,
2794 4876 2893 4931 καί
2942 4880 2976 4931 ό
3024 4879 3217 4947 Λόγος
3267 4871 3348 4947 ἦν
3385 4877 3536 4945 πρὸς
3593 4878 3698 4930 τὸν

2110 4970 2276 5032 Θεὸν,
2319 4968 2417 5021 καὶ
2455 4969 2600 5036 Θεὸς
2648 4967 2725 5040 ἦν
2772 4974 2805 5024 ό
2839 4971 3049 5040 Λόγος.
3100 4970 3211 5023 Καὶ
3252 4970 3354 5024 οὐκ
3399 4964 3574 5033 εἶπεν,
3610 4971 3697 5022 Ἑν

2107 5061 2228 5133 Θεῷ
2254 5058 2323 5134 ἦν
2352 5063 2382 5116 ό
2407 5063 2600 5131 Λόγος.

2178 5326 2251 5375 Δθ.
2293 5322 2403 5376 Καὶ
2460 5324 2547 5377 ἵνα
2581 5324 2656 5393 μή
2706 5340 2852 5387 τινες
2883 5325 3147 5394 νομίσωσι
3196 5325 3577 5393 κακοδούλως,
3628 5340 3694 5380 τα

2107 5415 2346 5485 φωτεινὰ
2373 5416 2467 5468 καὶ
2496 5415 2701 5480 Canuti
2747 5417 2966 5487 ῥήματα
3011 5416 3441 5487 μεταϐάλλοντες
3467 5420 3549 5482 εἰς
3598 5436 3693 5471 κα-

2110 5503 2229 5556 κίαν
2263 5503 2473 5556 ἑαυτῶν
2502 5506 2595 5556 καὶ
2638 5505 2718 5565 εἰς
2763 5503 2968 5574 βλάϐην
3007 5505 3201 5575 (ἄλλως
3240 5506 3346 5578 γὰρ
3396 5508 3490 5561 καὶ
3520 5508 3694 5579 ἄλλως

2108 5594 2349 5662 ἔγκειται
2383 5598 2416 5665 ἡ
2464 5594 2658 5665 καρδία
2702 5594 2796 5648 τοῦ
2845 5595 3131 5666 ἀνθρώπου
3172 5598 3448 5668 ἐπιμελῶς
3496 5599 3588 5653 ἐπὶ
3626 5601 3694 5652 τὰ

495 5774 510 5807 ³
542 5783 699 5838 Juan.
752 5799 789 5841 l,
816 5783 870 5838 5.
950 5783 967 5813 ¹
1002 5779 1141 5835 l‘sal.
1174 5794 1365 5841 CXVIII,
1394 5779 1480 5830 89.
1560 5780 1577 5808 ³
1616 5776 1774 5829 Joan.
1804 5796 1839 5839 ι,
1876 5780 1956 5833 Η.

2110 5776 2209 5830 δην.
2254 5778 2308 5828 τὸ
2339 5770 2431 5830 οὖν
2461 5769 2622 5828 εἶναι.
