4078 6412
363 346 422 401 I'l
756 352 759 355 ’
991 346 1366 404 ADVERSUS
1407 346 1751 404 [LERESES
1784 346 1911 403 LIB.
1958 349 2017 405 ll.
2064 347 2227 405 TOM.
2272 350 2335 407 ll.
2379 383 2447 391 —
2489 348 2762 405 ll/ERES.
2809 348 2967 405 LXV.
3422 330 3427 333 ⁷
3563 351 3625 405 18

358 466 556 537 πονηρᾶ
613 468 678 520 ὲκ
727 467 1047 538 νεότητος),
1100 467 1195 522 καὶ
1247 467 1521 541 ἄρξωνται
1571 469 1779 538 λέγειν·
1819 471 1933 525 Οὐκ

2043 472 2204 527 minis
2237 472 2307 529 ab
2332 471 2619 543 iuventute
2647 471 2889 541 quodam
2921 484 3006 526 es;
3033 470 3088 524 in
3128 470 3266 524 mala
3300 469 3480 524 studio
3507 484 3625 539 pro-

352 555 514 619 εἷπεν,
556 557 644 612 Ἐν
670 557 791 630 Θεῷ
812 554 878 631 ἦν
907 560 935 612 6
960 559 1164 628 Λόγος,
1208 560 1284 623 ὡς
1333 562 1429 615 καὶ
1469 562 1533 615 σὺ
1579 563 1708 633 φῂς,
1754 561 1891 616 ἀλλὰ
1916 604 1932 629 ,

355 651 499 721 Πρὸς
539 650 692 704 Θεὸν
728 643 815 718 ἦν
848 654 881 705 ό
919 652 1129 721 Λόγος.
1160 652 1306 724 ’Δρα
1339 652 1471 721 γοῦν
1517 653 1616 706 οὐκ
1666 651 1813 707 ἔστιν
1864 654 1929 707 ἐκ

353 744 439 812 τῆς
471 743 819 805 ὑποστάσεως
865 740 960 795 τοῦ
1011 742 1224 814 Πατρὸς
1270 744 1300 796 ὁ
1348 742 1543 811 Λόγος,
1586 742 1722 798 ἀλλὰ
1774 743 1932 807 ἐκτὸς

351 832 480 885 θεοῦ
511 834 539 885 6
578 833 771 901 Λόγος.
811 832 983 886 Πάλιν
1022 834 1342 903 ἐπιστρέφει
1386 834 1745 906 διορθουμένη
1801 836 1930 899 τοὺς

351 924 544 994 ἑαυτῆς
581 925 734 989 υἱοὺς
779 925 808 995 ἡ
846 924 1116 997 ’Δλήθεια,
1149 925 1510 998 ὲξελέγχουσα
1552 928 1651 992 τὰς
1692 927 1931 990 διανοίας

353 1020 444 1081 τὰς
496 1020 614 1071 κατ’
668 1017 843 1088 αὐτῆς
888 1017 1291 1090 πορνευούσας·
1338 1019 1431 1074 καί
1479 1037 1644 1091 φησιν
1689 1021 1854 1086 αὐτὸς
1900 1023 1929 1075 6

351 1110 655 1181 Μονογενής
680 1127 694 1141 ο
738 1109 886 1180 Ἐγὼ
931 1109 1000 1163 ἐκ
1058 1110 1165 1164 τοῦ
1221 1111 1452 1181 Πατρός
1493 1111 1780 1183 ἐξῆλθον,
1827 1115 1928 1168 καὶ

352 1200 487 1269 ἥκω.
513 1200 622 1253 Καὶ
656 1196 846 1253 πάλιν·
893 1197 1040 1267 Ἐγὼ
1069 1199 1140 1252 ἐν
1165 1198 1245 1265 τῷ
1282 1200 1487 1270 Πατρὶ,
1520 1201 1619 1255 καὶ
1649 1205 1682 1256 ό
1723 1203 1928 1272 Πατὴρ

353 1292 414 1344 ἐν·
454 1290 604 1360 ἐμοί.
640 1290 701 1343 ’0
742 1289 801 1343 δὲ
844 1292 902 1342 ὲν
944 1291 1058 1353 τοῖς
1110 1292 1418 1362 προφήταις
1471 1292 1600 1366 περῖ⁵
1641 1292 1737 1346 τοῦ
1772 1293 1924 1358 Υὶοῦ,

354 1384 691 1454 σωματικοὺς
736 1382 876 1453 ἔχων
909 1382 1127 1451 ὄγκους,
1174 1385 1543 1453 νοηματικοὺς
1572 1385 1804 1457 δὲέχων
1839 1386 1927 1439 λό-

355 1493 500 1545 γους,
540 1458 995 1529 ύποὶεαταὸαενων
1045 1474 1163 1545 τὴν·
1196 1473 1481 1529 ἀσθένειαν
1513 1476 1610 1546 τῆς
1643 1476 1927 1549 ἀνθρωπό-

346 1578 514 1630 τητος,
549 1562 629 1624 εἰς
660 1560 911 1632 αἴσθησιν
942 1561 1360 1633 παραστάσεως,
1404 1562 1494 1617 διὰ
1539 1564 1646 1617 τῶν
1678 1566 1735 1618 ὲν
1792 1566 1925 1637 ἡμῖν

350 1652 677 1723 γιγνομένων
708 1653 807 1723 τὴν
849 1652 1193 1723 παράστασιν
1227 1652 1322 1706 τοῦ
1358 1653 1514 1720 Υἱοῢ,
1552 1655 1635 1709 ὅτι
1668 1655 1727 1723 ἐξ
1758 1655 1923 1711 αὑτοῦ

351 1742 555 1814 ἀληθῶς
573 1743 894 1816 γεγέννηται
935 1744 1069 1808 Θεὸς
1111 1746 1175 1798 ὲκ
1205 1744 1362 1810 Θεοῦ,
1394 1745 1529 1810 Θεὸς
1560 1746 1812 1820 ἀληθινὸς
1857 1750 1923 1801 ὲκ

2040 561 2323 634 pensum),
2387 573 2550 634 atque
2599 561 2673 616 ita
2719 560 2902 616 dicere
2936 560 3323 631 aggrediantur
3357 578 3368 612 '.
3401 558 3519 613 Non
3553 562 3626 613 ita

2038 652 2261 723 scripsit
2292 651 2535 709 Joannes
2558 694 2572 718 ,
2605 651 2663 706 In
2699 651 2811 707 Deo
2842 660 2962 707 erat
2995 650 3232 706 Verbum
3261 691 3275 715 ,
3318 658 3377 704 ut
3409 659 3463 705 et
3509 650 3629 722 ipse

2036 758 2265 807 narras,
2293 745 2387 799 sed
2408 785 2422 807 ,
2464 743 2615 814 Apud
2643 742 2810 798 Deum
2846 750 2961 796 erat
3001 740 3245 796 Verbum.
3279 739 3464 808 Quare
3514 756 3628 797 non

2035 842 2120 890 est
2148 850 2214 890 ex
2248 835 2428 892 Patris
2458 836 2766 892 substantia
2791 833 3028 888 Verbum
3052 874 3067 897 ,
3098 833 3193 888 sed
3226 840 3381 888 extra
3418 831 3613 889 Deum.

2038 921 2105 978 Ut
2137 924 2304 994 igitur
2334 924 2400 979 iis
2425 934 2721 989 occurrat,
2760 923 2900 980 filios
2932 938 3151 977 rursum
3180 937 3313 977 suos
3342 922 3629 994 corrigens

2034 1014 2253 1072 Veritas
2280 1015 2349 1071 ad
2376 1016 2653 1074 saniorem
2684 1023 2923 1071 mentem
2952 1016 3205 1080 reducit,
3237 1015 3628 1085 cogitationes-

2034 1122 2139 1178 que
2171 1108 2316 1162 velut
2347 1116 2541 1162 contra
2574 1123 2634 1164 se
2666 1108 2979 1164 meretricio
3011 1123 3163 1165 more
3195 1114 3507 1164 scortantes
3538 1123 3621 1164 re-

2033 1198 2273 1269 darguit.
2309 1199 2384 1254 lta
2418 1199 2656 1270 denique
2688 1197 3017 1270 Unigenitus
3044 1198 3163 1269 ipse
3202 1206 3483 1255 testatur:
3512 1197 3624 1269 Ego

2032 1307 2064 1343 α
2111 1289 2277 1345 Patre
2319 1291 2459 1345 exivi
2529 1300 2579 1344 et
2625 1290 2771 1345 venio
2811 1292 2855 1344 ’.
2897 1290 3029 1345 Item
3064 1309 3077 1345 :
3112 1290 3227 1361 Ego
3268 1292 3320 1345 in
3373 1289 3538 1344 Patre
3575 1298 3626 1342 et

2033 1378 2199 1436 Pater
2240 1382 2295 1436 in
2325 1399 2405 1436 me
2435 1392 2512 1436 est
2544 1381 2589 1441 ³,
2620 1383 2689 1436 At
2722 1380 2884 1437 Pater
2932 1382 2998 1437 (le
3031 1380 3172 1437 Filio
3207 1398 3303 1453 per
3334 1381 3629 1452 prophetas

2032 1472 2298 1542 loquens,
2352 1488 2463 1527 nou
2515 1471 2671 1542 quasi
2728 1486 2994 1542 corporea
3049 1473 3197 1528 mole
3242 1480 3490 1538 constet,
3530 1472 3627 1528 sed

2030 1562 2464 1635 intelligibilibus
2497 1563 2680 1619 verbis
2708 1564 2969 1635 praeditus
3004 1571 3168 1634 atque
3224 1563 3294 1618 ad
3326 1564 3627 1618 humanam

2031 1671 2091 1712 se
2145 1656 2572 1712 imbecillitatem
2604 1657 3054 1722 accommodans,
3096 1672 3206 1727 quo
3257 1655 3473 1711 facilius
3529 1672 3627 1709 no-

2031 1751 2164 1804 stris
2183 1747 2349 1803 veluti
2374 1748 2628 1804 sensibus
2672 1764 2731 1804 se
2750 1747 2992 1818 ohjiciat,
3012 1762 3073 1801 ac
3093 1762 3189 1817 per
3206 1761 3293 1813 ea,
3315 1761 3436 1816 qua:
3452 1746 3508 1799 in
3527 1761 3627 1800 no~

350 1833 476 1887 Θεοῦ
508 1834 786 1906 ἀληθινοῦ,
830 1835 931 1888 οὐκ
973 1834 1173 1900 ἔξωθεν
1204 1834 1302 1899 ὢν,
1333 1836 1470 1891 ἀλλὰ
1512 1839 1577 1891 ἐκ
1609 1838 1712 1908 τῆς
1759 1839 1925 1894 αὐτοῦ

2043 1836 2115 1892 eis
2144 1835 2300 1901 tiu-nt,
2335 1834 2534 1890 Filium
2566 1851 2725 1891 suum
2761 1834 3102 1890 demonstret
3132 1849 3163 1888 a
3183 1850 3242 1889 se
3282 1849 3472 1889 revera
3504 1849 3629 1889 esse

349 1927 561 1991 οὐσίας,
586 1928 783 1997 φάσκει
828 1928 887 1980 ὲν
930 1926 1011 1997 τῷ
1062 1927 1225 1981 Δαόὶδ
1270 1926 1478 1996 λέγων’
1528 1929 1630 1984 Ἐκ
1672 1932 1932 2000 γαστρὸς

351 2019 453 2085 πρὸ
493 2016 841 2087 Ἑωσφόρου
866 2017 1169 2089 ἐγέννησά
1207 2036 1299 2088 σε,
1326 2019 1402 2083 ὼς
1431 2022 1480 2074 οἱ
1529 2020 1933 2093 Ἑϐδομήκοντα

349 2109 725 2179 ἡρμήνευσαν·
785 2108 862 2173 ὡς
906 2108 966 2162 δὲ
1010 2109 1062 2162 οἱ
1115 2109 1264 2164 ἄλλοι
1321 2110 1540 2165 ὲκδόται
1606 2110 1711 2182 (5),
1771 2111 1931 2165 Ἀκύ-

349 2200 439 2265 λας
468 2201 599 2270 μέν·
646 2200 782 2255 Ἀπὸ
806 2200 1040 2271 μήτρας
1069 2202 1549 2273 ἐξωρθρισμένης
1583 2217 1682 2258 σοι
1710 2202 1931 2275 δρόσος

348 2293 721 2361 παιδιότητός
752 2307 900 2348 σου’
940 2294 1236 2366 Σύμμαχος
1269 2294 1354 2349 δέ’
1418 2295 1513 2362 Ὡς
1564 2295 1690 2350 κατ’
1717 2295 1932 2366 ὄρθρον

348 2384 568 2454 δρόσου
596 2388 635 2455 ἡ
666 2386 882 2455 νεότης
917 2402 1034 2442 σου
1052 2403 1066 2419 ’
1124 2387 1418 2444 Θεοδοτίων
1441 2388 1529 2442 δέ’
1575 2390 1676 2443 Ἐκ
1699 2388 1930 2459 μήτρας

347 2476 459 2532 ἀπὸ
483 2476 640 2546 πρωῒ
665 2477 947 2546 νεότητός
979 2492 1096 2532 σου
1116 2494 1129 2508 -
1175 2477 1411 2551 Πέμπτη
1446 2479 1502 2533 δὲ
1536 2479 1746 2545 ἔκδοσις
1766 2498 1779 2512 ο
1826 2480 1929 2536 Ἐκ

346 2570 569 2639 μήτρας
580 2570 695 2625 ἀπὸ
710 2570 923 2639 ὄρθρου
946 2583 1043 2625 σοι
1059 2570 1281 2640 δρόσος
1295 2572 1366 2626 ἐν
1389 2574 1631 2642 νεότητί
1653 2591 1769 2629 σου
1789 2593 1800 2606 ·
1824 2577 1857 2647 ὴ
1874 2574 1930 2629 δὲ

347 2662 516 2733 Ἕκτη
547 2662 760 2725 ἕκδοσις
781 2676 794 2693 ’
821 2662 922 2716 Ἐκ
944 2661 1205 2731 γαστρὸς
1234 2661 1567 2731 ζητήσουσι
1594 2681 1689 2729 σε,
1711 2663 1931 2735 δρόσος

347 2754 765 2821 νεανικότητός
803 2767 951 2807 σου*
1013 2752 1072 2807 ἐν
1116 2752 1173 2806 δὲ
1224 2752 1301 2825 τῷ
1367 2753 1640 2828 Ἐϐραῖκῷ
1661 2774 1674 2789 ·
1719 2756 1931 2828 Μηρὲμ

347 2844 637 2913 μεσσαὰρ,
673 2843 928 2917 Jama},
965 2842 1282 2916 ὶελεδεχέθ.

416 3125 598 3198 Ὅπερ
643 3127 760 3181 ἐστὶ
811 3128 999 3197 σαφῶς
1059 3129 1154 3185 καὶ
1212 3130 1622 3202 ἀναμφιϐόλως·
1673 3136 1776 3190 Ἐκ
1824 3112 1949 3205 γει-γ

2038 1930 2283 2001 genitum
2304 1971 2319 1995 ,
2349 1928 2515 1985 Deum
2545 1945 2609 1985 ex
2643 1929 2784 1995 Deo,
2815 1927 2986 1983 Deum
3011 1942 3203 1983 verum
3233 1927 3301 1983 de
3332 1927 3442 1980 Deo
3472 1942 3625 1992 vero,

2039 2037 2150 2076 non
2183 2020 2530 2076 extrinsecus
2558 2020 2793 2076 ascitum
2816 2060 2831 2085 ,
2866 2020 2960 2076 sed
2994 2034 3063 2075 ex
3096 2019 3271 2089 ipsius
3311 2018 3622 2074 substantia

2039 2127 2432 2184 progressum;
2465 2111 2547 2167 sic
2582 2111 2749 2181 igitur
2788 2111 2931 2174 apud
2972 2109 3231 2164 Davidem
3268 2109 3624 2179 pronuntiat:

2043 2202 2125 2256 Ea:
2157 2211 2307 2257 utero
2339 2210 2460 2256 ante
2480 2200 2780 2271 Luciferum
2807 2200 2960 2271 genui
2993 2209 3043 2255 te
3073 2201 3124 2265 ⁸,
3156 2200 3237 2254 uti
3271 2198 3629 2271 Septuaginta

2039 2295 2492 2365 interpretantur.
2545 2293 2625 2351 Ex
2673 2292 2798 2347 aliis
2848 2299 3030 2347 autem
3081 2291 3385 2347 editoribus
3430 2291 3628 2362 Aquila

2039 2383 2113 2438 ita
2148 2383 2365 2439 reddit:
2405 2383 2483 2437 Ab
2517 2392 2667 2438 utero
2712 2381 2952 2437 diluculo
2981 2384 3212 2438 excitato
3254 2384 3351 2438 tibi
3378 2401 3465 2438 ros
3508 2399 3629 2453 puc-

2037 2477 2179 2532 ritia:
2210 2485 2316 2531 tute
2342 2492 2360 2542 ;
2393 2474 2759 2548 Symmachus
2790 2490 2955 2546 porro
2981 2494 2993 2530 :
3040 2475 3189 2530 Velut
3222 2476 3459 2532 diluculo
3490 2477 3628 2531 roris

2029 2568 2280 2638 juventus
2310 2576 2444 2633 tua;
2477 2567 2782 2623 'l‘lieodotio
2813 2583 2944 2622 vero
2970 2586 2982 2623 :
3012 2567 3099 2621 Ex
3124 2577 3272 2623 utero
3302 2588 3333 2622 ιι
3364 2571 3630 2624 matutino

2040 2667 2263 2727 tempore
2288 2658 2580 2728 juventutis
2615 2668 2719 2714 tua:
2745 2673 2763 2722 ,°
2792 2664 2847 2711 at
2880 2656 3084 2724 Quinta
3113 2658 3279 2716 editio
3320 2679 3331 2715 :
3370 2658 3453 2713 Ex
3479 2670 3630 2716 utero

2039 2749 2105 2804 ab
2133 2749 2369 2804 diluculo
2406 2749 2499 2804 tibi
2532 2767 2619 2804 ros
2665 2750 2718 2804 in
2752 2750 3027 2819 juventute
3064 2761 3197 2807 tua:
3256 2751 3422 2807 Sexta
3469 2768 3632 2824 porro

2038 2842 2252 2899 editio:
2292 2840 2378 2895 Ea:
2407 2853 2558 2897 utero
2602 2853 2835 2913 quarent
2885 2853 2966 2909 te,
3019 2858 3106 2897 ros
3148 2844 3439 2913 jtwentutis
3485 2855 3633 2907 ture;

2041 2941 2323 3005 postremo
2372 2933 2428 2988 in
2457 2931 2722 2989 Hebrrco:
2758 2933 2956 2989 Merem
2998 2950 3237 2990 messaar
3279 2934 3445 2989 lactat
3493 2936 3633 3007 jele-

2041 3023 2273 3080 dechetlt.

2114 3138 2270 3207 Quod
2300 3138 2589 3195 manifeste
2622 3152 2686 3193 ac
2715 3138 2851 3192 citra
2898 3138 3064 3194 ullam
3097 3140 3510 3211 ambiguitatem
3558 3142 3642 3195 id-

346 3218 526 3285 στρὸς
559 3218 675 3287 πρὸ
701 3219 1043 3290 Ἑωσφόρου
1064 3221 1369 3293 ἐγέννησά
1387 3240 1480 3279 σε.
1503 3226 1576 3280 Τὸ
1603 3226 1711 3299 γὰρ
1752 3228 1939 3300 μηρὲμ

2044 3230 2223 3301 ipsum
2259 3231 2531 3303 signiﬁcat
2560 3249 2573 3284 :
2607 3232 2692 3284 Ex
2723 3240 2871 3284 utero
2908 3242 3031 3286 ante
3054 3231 3353 3302 Luciferum
3382 3234 3537 3304 genui
3571 3243 3639 3287 te.

352 3309 604 3376 γαστρός
652 3309 1047 3383 ὲστι·μεσσαὰρ
1074 3310 1131 3365 δὲ
1160 3311 1228 3367 τὸ
1255 3314 1657 3385 όρθριαίτερον
1669 3316 1935 3383 πάντων,

349 3400 483 3470 ὅπερ
511 3401 633 3453 ἐστὶ
668 3402 783 3469 πρὸ
837 3401 1213 3473 Ἑωσφόρου·
1263 3405 1503 3472 λακτὰλ,
1536 3408 1636 3461 καὶ
1683 3408 1799 3477 πρὸ
1828 3408 1938 3479 τῆς

352 3488 581 3558 δρόσου
622 3492 887 3547 παιδίον·
919 3493 1209 3565 ἱελεδεχὲθ,
1239 3497 1487 3551 τουτέστι
1518 3497 1601 3563 τὸ,
1634 3498 1941 3570 ἐῃηιέννησά

350 3595 453 3635 σε’
501 3584 650 3647 ὅπως
699 3584 765 3637 ἐκ
810 3583 903 3638 τοῦ
954 3585 1114 3655 λόγου
1153 3587 1364 3662 γνῴης,
1400 3589 1483 3643 ὅτι
1515 3592 1544 3644 ὁ
1577 3592 1941 3658 ὲνυπόστατος

351 3671 482 3736 Θεὸς
535 3674 710 3742 Λόγος
758 3675 823 3728 ὲκ
874 3676 1090 3746 Πατρὸς
1146 3679 1308 3748 φύσει
1369 3674 1488 3735 ἐστὶ
1542 3684 1941 3755 γεγεννημένος

349 3762 606 3834 ἀνάρχως
642 3764 736 3817 καὶ
766 3765 1031 3836 ἀχρόνως,
1061 3768 1169 3840 πρὸ
1196 3768 1292 3822 τοῦ
1319 3787 1375 3824 τι
1405 3767 1563 3827 εἶναι.
1599 3773 1674 3826 Οὐ
1704 3773 1812 3846 γὰρ
1849 3773 1942 3829 τὸν

366 3854 677 3926 Ἑωσφόρον
722 3859 881 3912 μόνον
909 3857 1064 3927 ἔλεγε
1110 3860 1203 3915 τὸν
1237 3860 1466 3935 ἀστέρα,
1499 3863 1677 3918 καίτοι
1707 3882 1771 3935 γε
1812 3868 1943 3924 πολ-

352 3943 460 3999 λῶν
486 3947 659 4001 ὄντων
689 3948 798 4001 τῶν
840 3948 1075 4022 ἄστρων,
1114 3952 1210 4015 καὶ
1251 3952 1402 4025 ἡλίου
1454 3956 1549 4010 καὶ
1583 3957 1837 4034 σελήνης,
1876 3964 1944 4024 ,ἐν

352 4039 429 4129 τῇ,
468 4038 710 4110 τετάρτῃ
773 4040 957 4112 ἡμέρᾳ
1011 4042 1341 4129 γενομένων,
1403 4053 1823 4123 προγενομένων
1887 4053 1946 4108 δὲ

355 4128 652 4198 θαλάσσης,
691 4130 783 4184 καὶ
816 4130 1008 4196 ξύλων,
1043 4132 1138 4187 καὶ
1168 4128 1432 4211 καρπῶν·
1476 4142 1857 4216 περεὼματός
1885 4163 1946 4199 τε

354 4218 455 4289 γῆς
476 4220 575 4274 καὶ
586 4220 838 4291 οὐρανοῦ,
870 4223 965 4278 καὶ
975 4223 1225 4298 ἀγγέλων
1244 4230 1360 4302 ἅμα
1385 4234 1481 4288 σὺν
1495 4234 1706 4300 τούτοις
1728 4238 1946 4307 γεγονό-

353 4328 480 4368 των.
508 4312 677 4384 Εἰμὶ]
698 4313 805 4384 γὰρ
821 4314 939 4390 ἅμα
968 4321 1185 4393 οὐρανῷ
1211 4324 1305 4377 καὶ
1335 4326 1405 4397 γῇ
1437 4327 1531 4381 καὶ
1551 4327 1774 4397 ἄγγελοι
1800 4330 1948 4384 ἐκτίν-

357 4404 704 4472 σθησαν,οὑκ
720 4405 785 4462 ἂν
802 4405 954 4480 ἔλεγε
980 4412 1060 4480 τῷ
1095 4414 1237 4480 Ἰὼϐ,
1275 4416 1359 4470 ὅτι
1402 4418 1533 4490 Ὅτε
1572 4420 1950 4490 ἐγενήθησαν

353 4493 572 4568 ἄστρα,
606 4500 838 4569 ᾗνεσάν
854 4519 930 4573 με
972 4503 1197 4571 πάντες
1227 4506 1473 4578 ἄγγελοί
1502 4529 1625 4580 μου
1660 4512 1851 4582 φωνῇ.
1879 4514 1952 4567 Τὸ

2039 3320 2159 3377 Vox
2217 3324 2365 3378 enim
2409 3322 2500 3376 illa
2563 3337 2757 3376 merent
2804 3322 2946 3378 idem
3005 3331 3091 3378 est
3150 3334 3315 3394 atque
3365 3334 3642 3391 eventra;

2040 3430 2281 3468 messaar
2319 3427 2453 3467 vero
2496 3412 2737 3466 diluculo
2764 3429 2877 3483 pro?
2903 3414 3147 3469 omnibus
3168 3456 3183 3482 ,
3214 3418 3375 3488 611
3404 3417 3506 3472 hoc
3528 3426 3636 3482 est,

2041 3500 2556 3569 antegLuciferum;
2603 3501 2800 3568 lactat,
2843 3501 2898 3556 id
2941 3510 3055 3570 est,
3097 3514 3252 3575 atque
3299 3517 3421 3561 ante
3470 3525 3644 3562 rorem

2040 3610 2303 3665 puerum;
2352 3593 2669 3664 ieledecheth
2689 3595 2928 3666 denique
2956 3596 3098 3651 idem
3134 3606 3220 3653 est
3260 3614 3325 3654 ac
3349 3602 3503 3670 genui
3555 3611 3644 3657 te:

2042 3696 2103 3742 ut
2132 3702 2199 3741 ex
2226 3699 2293 3740 eo
2335 3700 2589 3741 sermone
2632 3701 2940 3757 cognoscas
2991 3686 3161 3743 Deum
3197 3688 3435 3747 Verbum
3467 3692 3642 3766 hypo—

2044 3777 2178 3835 stasi
2208 3778 2432 3853 propria
2458 3777 2750 3848 praeditum
2784 3794 2812 3835 a
2841 3778 3005 3840 Patre
3032 3797 3156 3841 esse
3181 3786 3462 3856 genitum,
3496 3790 3653 3844 nullo

2047 3886 2226 3945 neque
2277 3874 2472 3942 initio,
2520 3890 2700 3945 neque
2744 3882 3023 3946 tempore,
3071 3877 3400 3949 priusquam
3439 3881 3649 3951 aliquid

2047 3967 2198 4023 aliud
2235 3967 2570 4024 exsisteret:
2604 3983 2729 4022 nam
2775 3984 2885 4023 non
2936 3967 3174 4025 Luciferi
3223 3971 3386 4026 modo
3432 3974 3649 4027 stellam

2047 4060 2353 4126 intellexit,
2394 4075 2520 4116 cum
2547 4060 2653 4116 alia
2681 4061 2791 4117 sint
2825 4063 3093 4132 permulta
3133 4063 3312 4119 sidera
3339 4104 3353 4127 ,
3404 4075 3534 4134 puta
3568 4066 3652 4121 sol

2047 4158 2103 4205 et
2133 4150 2283 4214 luna,
2304 4165 2422 4219 qua:
2438 4150 2525 4205 die
2556 4159 2755 4219 quarto
2786 4149 3005 4205 condita
3030 4159 3178 4214 sunt,
3216 4158 3273 4205 et
3301 4159 3427 4205 ante
3464 4166 3649 4215 mare,

2049 4242 2276 4298 arbores
2298 4283 2314 4309 ,
2351 4227 2673 4312 fructusque
2714 4249 3037 4312 procreata;
3070 4251 3269 4313 przeter
3304 4259 3425 4313 qua:
3468 4245 3651 4297 tirma-

2049 4340 2296 4389 mentum
2340 4336 2537 4397 etiam,
2589 4348 2654 4388 ac
2707 4344 2889 4398 terra,
2938 4336 3251 4404 coelumque
3320 4335 3649 4404 productum

2050 4429 2169 4490 est,
2199 4432 2255 4478 et
2285 4425 2500 4495 angeli,
2533 4425 2629 4495 qui
2658 4440 2783 4479 cum
2837 4426 2947 4480 illis
2978 4427 3331 4481 exstiterunt.
3376 4425 3486 4481 Nisi
3504 4427 3650 4480 enim

2056 4530 2182 4571 cum
2220 4516 2360 4571 cmlo
2392 4523 2648 4587 terraque
2672 4516 2838 4572 creati
2871 4515 3048 4571 forent
3082 4518 3298 4588 angeli,
3333 4534 3440 4573 non
3472 4519 3629 4574 dixis-

355 4585 467 4657 οὖν,
501 4591 621 4659 πρὸ
661 4592 1022 4664 Ἑωσφόρου,
1051 4596 1139 4651 ἵνα
1160 4597 1292 4669 εἴπῃ
1322 4599 1427 4672 πρὸ
1451 4599 1547 4653 τοῦ
1598 4596 1737 4657 εἶναι
1768 4621 1823 4656 τι
1863 4605 1939 4660 κα¹

2064 4616 2147 4664 set
2194 4604 2346 4663 Job:
2391 4604 2525 4663 Cum
2562 4585 2715 4677 facta
2757 4618 2877 4664 sunt
2909 4608 3121 4675 sidera,
3161 4585 3523 4666 laudauerunt
3573 4629 3652 4666 me

429 4770 444 4798 ‘
481 4768 610 4825 For.
648 4771 713 4823 ὲκ
734 4787 929 4841 γαστρ.
1007 4774 1027 4805 ⁸
1051 4773 1210 4830 Joan.
1235 4790 1345 4844 xvr,
1387 4775 1477 4833 28.
1559 4778 1579 4811 ⁸
1608 4777 1770 4835 Joan.
1802 4797 1912 4849 xrv,

2043 4827 2045 4836 ,
2123 4783 2143 4814 ⁸
2174 4783 2321 4840 Psal.
2353 4800 2464 4852 CIX,
2497 4786 2550 4841 5.

428 4949 510 5018 (5)
557 4950 657 5015 Ὠς
683 4949 751 5004 δὲ
798 4953 855 5005 οἱ
891 4951 1071 5007 ἄλλοι
1104 4953 1363 5009 ἐκδόται.
1399 4954 1690 5012 Paululum
1728 4956 1947 5014 diversa

359 5027 491 5099 sunt
524 5030 770 5099 veterum
800 5021 1162 5099 interpretum
1202 5026 1386 5099 yerba,
1414 5042 1538 5099 quae
1569 5030 1625 5083 in
1661 5029 1831 5084 variis
1859 5029 1948 5084 Bi-

357 5088 600 5168 bliorum
622 5088 961 5168 lectionibus
979 5088 1469 5168 circumferuntur.
1494 5095 1629 5153 Nam
1653 5114 1721 5153 ex
1740 5101 1950 5168 Aquilae

358 5161 605 5242 editione
629 5166 703 5214 ita
735 5164 1070 5242 concipitur:
1107 5166 1483 5242 ’Λπδμῄτρας
1509 5161 1953 5242 ὲξωρθρισμένου

362 5246 445 5282 σοι
478 5230 672 5309 δρόσος
704 5230 1043 5309 παιδιότητός
1075 5253 1189 5309 σου.
1224 5230 1631 5309 ΞγίηιιίοιξΙιό
1662 5230 1825 5295 vero:
1861 5242 1956 5306 Ὠς

360 5302 499 5379 κατ’
520 5300 718 5379 ὄρθρον
757 5319 839 5379 σοι
879 5300 1357 5379 δρόσος-ἠρνεότης
1384 5325 1501 5363 σου.
1538 5308 1615 5363 Ex
1646 5310 1848 5378 Quinta
1869 5300 1960 5369 de:

361 5372 539 5455 nique
566 5389 607 5455 ἱ.
620 5372 719 5455 LEX
746 5372 971 5455 ’μήτρας
1001 5377 1092 5430 ἐπὶ
1115 5372 1316 5455 ὃρφρού
1361 5397 1442 5433 σοι
1485 5372 1731 5455 δρόσοξὴ
1764 5383 1958 5455 νεότης

362 5456 482 5495 σου.
524 5440 665 5495 LXX
694 5440 769 5519 ad
816 5440 1039 5499 sensum
1092 5440 1277 5517 potius
1335 5440 1613 5519 quam‘ad
1657 5440 1825 5508 've'rba
1878 5440 1958 5510 re:

362 5522 683 5594 spericwunt.
706 5513 881 5594 Quam
912 5513 1107 5594 autcm'
1126 5520 1291 5594 traria:
1314 5513 1431 5574 tam
1446 5533 1760 5594 nostrorum
1790 5539 1955 5594 quam

365 5582 742 5659 rabbinornnr
769 5585 883 5639 sint
913 5586 981 5640 de
1031 5603 1095 5641 eo
1144 5588 1266 5645 loco
1304 5592 1611 5659 sententiae,
1642 5610 1708 5649 ex
1735 5582 1954 5651 illorum

364 5654 778 5710 commentariis
832 5663 1081 5725 repetere
1144 5660 1289 5717 licet.
1374 5654 1608 5720 Hebma'
1654 5665 1727 5719 ita
1793 5665 1956 5721 hodie

364 5756 760 5829 concipiuntur
833 5744 1009 5831 1m»
1068 5746 1149 5822 "in
1209 5749 1281 5827 15
1350 5777 1537 5843 nam:
1604 5779 1800 5833 ama.
1843 5772 1955 5829 Hoc

2055 4959 2305 5016 est:E.v
2374 4970 2555 5025 utero,
2611 4973 2730 5017 ante
2797 4980 3073 5025 auromm.
3133 4968 3214 5022 vel
3282 4969 3346 5022 ab
3406 4987 3645 5033 aurern,

2058 5051 2156 5109 tibi
2185 5069 2273 5107 ros
2303 5054 2596 5108 nativitatis
2625 5064 2748 5108 tum.
2785 5054 2924 5109 LXX
2979 5057 3228 5129 legerunt
3260 5045 3456 5140 1731+)?
3488 5065 3646 5131 genui

2063 5143 2303 5224 te._Hi_nc
2351 5146 2497 5224 apud
2550 5145 2918 5224 Epiphaniam
2968 5166 3071 5221 pro
3115 5153 3382 5224 ἰελεδέχεθ
3415 5154 3653 5211 fortasse

2066 5215 2509 5292 substituendum
2554 5215 2939 5292 οειίὶελεδεοὲχ
2962 5215 2987 5278 ξ
3011 5230 3068 5275 ιιι
3101 5224 3154 5276 in
3190 5215 3450 5292 llefaplis
3484 5227 3649 5280 Octa-

2061 5286 2234 5364 glisve
2262 5287 2424 5364 colon
2455 5286 3096 5364 illiul__rcpr:csent'abat,
3150 5294 3204 5348 in
3237 5286 3647 5364 quo'llcbraira

2062 5355 2267 5433 _Gr:cc_i_s
2300 5355 2719 5433 characteribus
2757 5361 2962 5433 scripta
2988 5355 3334 5433 legebantur.
3362 5362 3482 5418 Jum
3512 5366 3646 5422 illud

2061 5425 2268 5505 λακτὰλ
2316 5426 2654 5505 Epiphanius
2689 5425 2889 5505 vertit,-
2911 5432 3007 5486 καὶ
3040 5425 3146 5505 πρὸ
3184 5434 3283 5503 τῆς
3307 5435 3498 5505 δρόσου
3521 5455 3646 5492 παι-

2059 5495 2190 5551 δίον.
2221 5495 2500 5579 Qltmsunt
2530 5500 2641 5554 dno
2664 5516 2729 5555 ac
2762 5495 2984 5579 diversa
3017 5495 3166 5560 ro'cis
3207 5495 3453 5571 eiusdem
3507 5509 3651 5579 glos-

2061 5594 2293 5642 semata.
2319 5573 2402 5647 5n
2427 5601 2594 5642 rorem
2620 5590 2911 5661 significat.
2951 5574 3074 5655 $515,
3108 5593 3188 5647 vel
3390 5597 3470 5651 vel
3499 5573 3644 5657 ᾧήω

2058 5671 2283 5729 puerum
2316 5669 2370 5714 et
2400 5662 2663 5729 infantem
2692 5661 2826 5725 ;scd
2854 5662 3173 5725 Chaldaice,
3212 5681 3318 5720 non
3359 5666 3644 5722 llcbraiec.

2063 5728 2245 5851 Quare
2278 5730 2439 5853 lnihil
2478 5732 2546 5788 ad
2591 5730 2739 5786 hunc
2794 5732 2972 5788 locum
3022 5735 3292 5804 posterior
3337 5738 3442 5793 ista
3496 5739 3647 5793 notio

2064 5813 2157 5853 uer
2186 5815 2271 5853 me
2302 5838 2314 5852 .

2064 5813 2314 5868 pertinet.
