4078 6416
373 294 443 351 19
1755 298 1813 352 S.
1854 298 2201 356 EPIPIIANII
3581 302 3654 360 20

373 423 556 462 omnes
607 406 784 477 angeli
828 408 931 462 mei
972 424 1093 463 voce
1134 424 1234 462 sua
1266 409 1307 466 ¹.
1358 408 1546 482 Itaque
1593 428 1757 470 voces
1811 416 1955 481 illas,

2063 412 2483 488 κτισθῆναι.⁷Ην
2498 418 2605 489 γὰρ
2622 417 2707 471 ἀεὶ
2723 418 2896 488 Λόγος
2914 420 3010 473 σὺν
3025 416 3200 491 Πατρί
3217 435 3230 449 ·
3246 419 3329 472 Δι’
3344 417 3534 473 αὐτοῦ
3547 419 3655 490 γάρ

372 506 496 553 ante
556 496 900 568 Luciferum,
956 500 1097 556 idem
1151 502 1462 573 signiﬁcant
1496 518 1589 565 _ac
1632 506 1679 561 si
1727 507 1962 575 diceret,

2073 508 2270 562 πάντα
2296 508 2527 579 γέγονε,
2559 510 2655 563 καί
2691 511 2872 579 χωρίς
2906 509 3101 564 αὐτοῦ
3126 510 3364 581 ἐγένετο
3393 509 3539 565 οὐδὲ
3560 510 3651 591 ὲξν.

372 594 696 665 priusquam
727 601 878 650 esset
904 593 1347 668 condereturque
1416 600 1722 671 quidpiam.
1796 600 2038 658 Verbum
2076 604 2223 659 enim
2287 619 2415 658 eum
2458 602 2621 659 Patre
2660 620 2878 673 semper
2926 606 3156 661 exstitit.
3182 603 3318 660 Nam
3358 621 3453 675 per
3483 605 3655 675 ipsum

373 687 554 739 omnia
586 686 734 754 facta
763 697 922 753 sunt,
954 698 1005 744 et
1031 691 1147 744 sine
1176 693 1290 761 ipso
1320 693 1521 763 factum
1550 705 1629 751 est
1661 697 1813 751 nihil.

442 774 511 830 V.
533 776 744 832 Etenim
779 778 928 834 dicat
953 782 1153 851 aliquis
1171 793 1187 835 :
1205 785 1444 857 Angelos
1474 797 1601 843 ante
1627 788 1808 845 sidera
1835 804 1961 846 esse

373 870 717 924 monstrasti.
767 869 926 937 Quod
960 882 1143 930 autem
1174 876 1340 932 simul
1373 893 1499 934 cum
1532 881 1675 937 caelo
1701 889 1961 953 terraque

374 959 673 1029 productos
723 975 848 1017 esse
902 962 1112 1029 dixisti,
1158 966 1295 1023 cedo
1342 985 1583 1040 quanam
1640 973 1695 1028 td
1744 974 1960 1030 ratione

370 1049 786 1120 comprobasti?
811 1050 1004 1110 Nonne
1032 1064 1160 1112 ante
1181 1057 1382 1114 caelum
1412 1075 1477 1116 ac
1505 1070 1708 1118 terram
1732 1064 1959 1120 omnino

370 1139 740 1223 prodierunt?
769 1142 1052 1216 Nusquam
1096 1148 1243 1204 enim
1287 1158 1476 1223 aperte
1503 1151 1788 1227 Scriptura
1815 1165 1955 1212 tem-

370 1247 473 1301 pus
523 1236 793 1305 expressit
844 1252 956 1308 quo
1000 1240 1177 1311 angeli
1223 1244 1492 1312 procreati
1552 1254 1704 1301 sunt.
1761 1246 1841 1302 Ac
1877 1254 1939 1303 tu

368 1323 590 1393 quidem
616 1326 831 1403 priores
855 1329 980 1388 illos
1016 1332 1291 1388 sideribus
1334 1337 1616 1393 exstitisse
1658 1352 1771 1393 non
1814 1339 1957 1396 male

369 1414 788 1473 demonstrasti.
842 1419 1063 1492 Alioqui
1104 1424 1249 1478 enim
1280 1427 1557 1495 quomodo
1583 1426 1753 1485 Deum
1776 1429 1849 1485 ob
1872 1429 1956 1484 fa-

369 1504 579 1561 bricata
625 1508 808 1565 sidera
854 1511 1260 1582 praedicarent?
1307 1513 1420 1573 Nos
1454 1526 1638 1574 autem
1682 1522 1957 1592 cujusque

368 1601 687 1668 quastionis
726 1603 1147 1662 dissolutionem
1200 1623 1312 1664 non
1356 1625 1422 1666 ex
1475 1611 1698 1682 ingenio
1739 1623 1954 1678 nostro,

368 1691 464 1747 sed
498 1707 567 1747 ex
598 1692 1013 1766 Scripturarum
1055 1699 1202 1757 serie
1228 1715 1294 1757 ac
1325 1707 1727 1775 consequentia
1761 1706 1957 1764 aﬂ‘erre

366 1800 687 1857 possumus.
748 1789 915 1860 Atqui
973 1791 1112 1850 illud
1166 1794 1452 1853 evidenter
1499 1767 1721 1858 divinus
1771 1817 1956 1858 sermo
1990 1767 2031 1824 Β

367 1879 635 1946 declarat,
689 1896 871 1953 neque
923 1892 1051 1956 post
1110 1884 1295 1942 sidera
1348 1890 1652 1959 productos
1708 1894 1951 1965 angelos,

365 1986 547 2044 neque
577 1983 707 2030 ante
735 1975 935 2031 coelum
966 1986 1277 2051 terramque
1304 1983 1660 2041 constitutos.
1688 1983 1784 2042 Est
1807 1986 1953 2042 enim

366 2072 518 2119 certa
570 2064 661 2120 illa
696 2074 749 2122 et
786 2066 1147 2127 immutabilis
1201 2072 1514 2140 sententia,
1567 2085 1700 2133 ante
1747 2078 1952 2133 caelum

365 2169 433 2210 ac
476 2161 683 2211 terram
725 2156 863 2212 nihil
897 2159 1124 2214 omnino
1164 2161 1511 2217 conditarum
1558 2179 1744 2220 rerum
1777 2166 1953 2224 exsti-

365 2245 521 2310 tisse,
546 2245 807 2316 quoniam
840 2245 910 2302 In
958 2248 1223 2319 principio
1264 2252 1461 2306 creavit
1492 2249 1637 2308 Deus
1675 2254 1863 2308 caelum
1903 2263 1954 2309 et

366 2348 567 2393 terram
596 2339 639 2405 ί,
666 2346 725 2394 ιιι
756 2338 889 2395 illud
923 2339 995 2395 sit
1019 2342 1243 2397 creandi
1269 2343 1625 2414 principium,
1656 2353 1785 2401 ante
1805 2345 1954 2423 quod

363 2429 570 2484 creatis
603 2445 671 2484 ex
699 2429 864 2485 rebus
892 2430 1120 2487 omnino
1147 2432 1297 2488 nulla
1330 2432 1518 2489 fuerit.

437 2513 806 2582 Quamobrem
846 2533 957 2573 non
992 2526 1196 2589 potest,
1229 2520 1307 2575 uti
1334 2521 1597 2591 diximus,
1622 2523 1771 2595 quod
1801 2524 1946 2581 inest

369 2606 425 2659 in
461 2606 687 2665 homine
728 2610 982 2675 verbum,
1034 2611 1201 2666 homo
1222 2614 1557 2684 nuncupari,
1592 2614 1690 2671 sed
1716 2616 1956 2676 hominis

368 2699 619 2755 verbum.
670 2698 827 2767 Quod
853 2698 901 2755 si
925 2699 1021 2758 Dei
1055 2700 1296 2758 Verbum
1333 2702 1478 2760 Deus
1506 2715 1612 2769 est,
1648 2705 1956 2763 subsisten-

368 2791 445 2843 tia
505 2789 733 2845 minime
782 2797 967 2858 caret;
1027 2790 1276 2862 adeoque
1324 2790 1472 2848 Deus
1526 2790 1767 2849 Verbum
1817 2795 1954 2851 sub-

369 2882 541 2948 sistit,
594 2898 626 2936 a
683 2881 796 2939 Deo
847 2883 1107 2955 genitus,
1159 2883 1281 2941 sine
1324 2883 1484 2940 initio
1532 2884 1645 2945 ullo
1698 2901 1763 2942 ac
1817 2894 1955 2942 tem‘

367 2991 540 3048 pore:
578 2974 806 3030 Verbum
866 2977 1012 3032 enim
1066 2992 1194 3031 caro
1247 2976 1455 3047 factum
1508 2986 1626 3042 est,
1691 2987 1744 3033 et
1800 2977 1956 3033 habi-

2138 783 2216 837 E'.
2249 783 2433 848 Λέξειε
2460 783 2506 836 δ’
2535 784 2603 840 ἀν
2628 801 2732 849 τις
2764 783 3018 851 Ἔδειξας
3043 785 3122 855 (6)
3152 781 3292 841 εἶναι
3313 788 3421 860 πρὸ
3437 789 3656 863 ἄστρων

2064 877 2193 940 τοὺς
2223 876 2507 945 ἀγγέλους·
2548 876 2667 948 ἅμα
2699 876 2755 930 δὲ
2787 878 3004 950 οὐρανῷ
3027 878 3124 932 καὶ
3152 881 3223 951 γῇ
3255 880 3481 946 τούτους
3520 882 3656 954 ἔφης

2064 967 2369 1036 γεγονέναι.
2423 967 2597 1021 Πόθεν
2666 969 2965 1039 πεποίησαι
3018 968 3120 1039 τὴν
3175 969 3483 1038 ἀπόδειξιν;
3530 972 3653 1042 λέγε

2061 1060 2215 1130 ἡμῖν’
2248 1060 2371 1131 οὐχὶ
2400 1060 2509 1132 ἀρα
2539 1059 2645 1131 πρὸ
2666 1060 2760 1112 τοῦ
2787 1060 3021 1132 οὐρανοῦ
3051 1062 3270 1133 καὶτῆς
3305 1062 3413 1133 γῆς
3434 1065 3653 1131 πάντως

2062 1151 2381 1220 γεγόνασιν;
2449 1150 2685 1222 οὐδαμοῦ
2732 1152 2842 1224 γὰρ
2897 1151 3188 1223 τηλαυγῶς
3259 1155 3516 1225 σημαίνει
3560 1156 3653 1212 τὸν

2062 1243 2255 1313 χρόνον
2290 1242 2393 1313 τῆς
2424 1242 2533 1296 τῶν
2568 1242 2820 1311 ἀγγέλων
2856 1245 3128 1315 ποιήσεως
3152 1262 3167 1276 ο
3202 1246 3300 1299 καὶ
3321 1247 3403 1300 ὅτι
3430 1248 3529 1319 μὲν
3554 1266 3652 1304 κα-

2062 1331 2173 1395 λῶς
2213 1331 2409 1394 αὐτοὺς
2457 1329 2666 1396 ἔδειξας
2716 1326 2855 1386 εἶναι
2905 1333 3014 1404 πρὸ
3062 1334 3298 1403 ἄστρων.
3334 1336 3398 1389 Et
3432 1336 3508 1407 μὴ
3542 1339 3651 1408 γὰρ

2058 1419 2221 1495 ἦσαν,
2249 1423 2367 1487 πῶς
2394 1422 2600 1495 ῦμνουν
2630 1423 2767 1478 Θεὸν
2794 1424 2889 1478 ἐπὶ
2917 1426 2984 1496 τῇ
3015 1424 3127 1478 τῶν
3156 1425 3376 1498 ἄστρων
3402 1430 3648 1500 ποιήσει;

2071 1516 2261 1586 Ἡμεῖς
2288 1514 2345 1568 δὲ
2374 1515 2616 1588 ὲκάστην
2644 1515 2965 1587 ζητήματος
2990 1516 3211 1589 εὕρεσιν
3241 1520 3343 1572 οὐκ
3365 1521 3477 1574 ἀπὸ
3504 1521 3650 1577 ίδίων

2058 1603 2335 1676 λογισμῶν
2376 1606 2654 1677 δυνάμεθα
2679 1606 2884 1677 λέγειν,
2919 1607 3057 1662 ἀλλὰ
3080 1609 3191 1664 ἀπὸ
3217 1611 3320 1682 τῆς
3362 1611 3474 1666 τῶν
3505 1612 3651 1684 Γρα-

2057 1695 2173 1764 φῶν
2207 1697 2545 1762 ἀκολουθίας.
2578 1698 2878 1770 Τηλαυγῶς
2896 1700 3007 1772 γὰρ
3046 1702 3303 1773 σημαίνει
3339 1705 3368 1756 6
3389 1702 3486 1757 τοῦ
3514 1704 3649 1759 Θεοῦ

2057 1786 2237 1856 λόγος,
2265 1790 2349 1843 ὅτι
2363 1788 2488 1843 οὔτε
2519 1790 2658 1861 μετά
2678 1790 2746 1844 τά
2770 1791 2947 1865 ἄστρα
2961 1793 3251 1863 γεγόνασιν
3272 1793 3650 1863 ἀγγελοι,οῦτε

2056 1880 2166 1951 πρὸ
2190 1880 2422 1952 οὐρανοῦ
2470 1882 2565 1934 καὶ
2597 1881 2721 1951 γῆς,
2758 1881 2950 1951 σαφῶς
3000 1883 3340 1951 ἀμεταθέτου
3369 1885 3525 1949 ὄντος
3554 1886 3648 1939 τοῦ

2058 1970 2249 2043 ῥητοῦ,
2271 1972 2355 2026 ὅτι
2387 1971 2497 2044 πρὸ
2517 1971 2749 2044 οὐρανοῦ
2800 1974 2894 2027 καὶ
2913 1974 3017 2045 γῆς
3046 1975 3200 2029 οὐδὲν
3232 1971 3302 2047 ἦν
3327 1976 3438 2031 τῶν
3472 1994 3651 2032 κεκτι-

2057 2066 2288 2136 σμένων·
2320 2065 2405 2118 ὅτι
2465 2065 2563 2119 Ἐν
2597 2064 2757 2136 ἀρχῇ
2789 2065 3083 2134 ἐποίησεν
3125 2070 3160 2123 ό
3206 2067 3352 2135 Θεὸς
3392 2068 3501 2123 τὸν
3548 2070 3652 2123 οὐ·

2048 2153 2241 2220 ρανὸν
2274 2153 2375 2207 καί
2402 2153 2518 2224 τὴν
2541 2153 2679 2225 γῆν,
2711 2154 2786 2221 ὡς
2818 2158 2993 2230 ἀρχῆς
3038 2156 3208 2231 οὔσης
3247 2160 3497 2226 κτίσεως,
3556 2161 3651 2214 καὶ

2053 2242 2206 2297 οὐδὲν
2229 2245 2336 2314 πρὸ
2368 2244 2541 2313 αὐτῆς
2582 2245 2691 2299 τῶν
2722 2247 3126 2318 κεκτισμένων.

2125 2514 2201 2569 Οὐ
2226 2512 2448 2569 δύναται
2472 2510 2587 2579 οῦν,
2620 2515 2697 2580 ῶς
2731 2517 3011 2588 προεῖπον,
3036 2519 3065 2573 6
3090 2520 3148 2572 ἐν
3174 2520 3449 2593 ἀνθρώπῳ
3470 2522 3649 2592 λόγος,

2056 2604 2154 2659 ἀνθ
2160 2623 2344 2676 ρωπος
2362 2606 2664 2669 καλεῖσθαι,
2695 2608 2831 2663 ἀλλά
2845 2608 3003 2679 λόγος
3021 2610 3119 2666 ἀνθ
3128 2610 3330 2683 ρώπου.
3348 2614 3413 2667 Ei
3425 2613 3483 2667 δὲ
3501 2617 3530 2669 6
3544 2616 3648 2669 Λό-

2055 2711 2153 2763 γος
2178 2695 2274 2749 τοῦ
2302 2694 2437 2749 Θεοῦ
2452 2696 2585 2760 Θεός
2601 2697 2771 2764 ἐστιν,
2788 2698 2889 2751 οὐκ
2903 2698 3051 2752 ἐστιν
3071 2698 3440 2765 ἀνυπόστατος
3458 2700 3650 2770 Λόγος,

2055 2786 2195 2841 ἀλλά
2207 2788 2568 2853 ὲνυπόστατος
2579 2787 2712 2853 Θεὸς
2730 2790 2901 2857 Λόγος
2910 2791 2976 2844 ὲκ
2993 2789 3090 2845 τοῦ
3104 2790 3240 2845 Θεοῦ
3256 2809 3485 2864 γεγεννη
3493 2792 3652 2863 μένος

2056 2881 2311 2953 ἀνάρχως
2323 2882 2416 2935 καὶ
2428 2882 2693 2953 ἀχρόνωςσ
2710 2882 2774 2936 Ὀ
2784 2882 2894 2954 γὰρ
2906 2884 3097 2953 Λόγος
3108 2884 3265 2952 σὰρξ
3279 2883 3539 2954 ἐγένετο,
3552 2886 3650 2939 καί

2057 2970 2416 3037 ἐσκήνωσεν
2435 2972 2505 3025 ἐν
2521 2970 2686 3041 ἡμῖν,
2712 2972 2811 3027 καί
2834 2972 3076 3042 δίδομεν
3099 2972 3217 3041 τὴν
3232 2973 3422 3039 δόξαν
3440 2975 3650 3041 αὑτοῦ,

369 3066 503 3121 tavit
553 3066 609 3121 in
656 3066 842 3135 nobis,
886 3076 937 3122 et
989 3066 1219 3122 vidimus
1267 3067 1497 3139 gloriam
1545 3066 1683 3137 ejus.
1730 3069 1954 3140 gloriam

2061 3061 2250 3126 δόξαν
2271 3062 2353 3130 ὡς
2372 3063 2756 3131 Μονογενοῦς
2781 3062 2943 3132 παρὰ
2983 3064 3236 3132 Πατρός,
3275 3066 3518 3136 πλήρης
3548 3066 3655 3138 χά-

365 3159 524 3231 qvasi
563 3155 832 3229 Unigenili
874 3156 1153 3226 a'Patre,
1201 3158 1415 3229 plenum
1459 3159 1650 3230 gratim
1692 3161 1857 3233 612
1906 3171 1958 3218 et

2061 3170 2220 3221 ριτος
2245 3153 2346 3207 καί
2374 3154 2680 3222 ἀληθείας.
2732 3154 3016 3223 Ἰωάννης
3046 3158 3343 3227 μαρτυρεῖ
3387 3160 3522 3229 περὶ
3547 3162 3653 3215 αὐ-

367 3252 628 3305 veritatis.
675 3248 910 3305 Joannes
938 3248 1004 3305 de
1028 3248 1123 3304 illo
1147 3259 1393 3316 testatur,
1428 3262 1480 3308 et
1513 3253 1712 3308 clamat
1740 3248 1917 3307 dicens
1936 3268 1956 3307 :

371 3342 479 3397 llic
524 3352 604 3398 est
660 3359 812 3414 quem
854 3342 972 3397 dixi
1014 3341 1159 3398 vobis
1183 3359 1202 3397 :
1234 3342 1343 3409 Qui
1379 3353 1500 3414 post
1530 3362 1611 3401 me
1633 3346 1794 3413 venit,
1830 3353 1954 3401 ante

368 3450 454 3490 me
480 3433 660 3503 factus
691 3442 793 3499 est,
840 3433 967 3504 quia
1022 3433 1172 3502 prior
1217 3448 1301 3488 me
1346 3441 1462 3488 erat
1495 3433 1556 3488 ἐ
1597 3432 1689 3488 hic
1722 3432 1872 3488 venit
1899 3432 1957 3488 in

368 3524 656 3589 mundum,
713 3533 776 3580 ut
825 3525 1070 3581 salvetur
1120 3524 1362 3582 mundus
1414 3540 1513 3595 per
1567 3525 1748 3596 ipsum
1777 3526 1821 3581 ⁸.
1887 3523 1955 3579 In

369 3616 569 3672 mundo
619 3625 834 3679 erat,et
884 3615 1115 3670 mundus
1164 3633 1257 3686 per
1309 3618 1484 3687 ipsum
1525 3617 1701 3687 {actus
1750 3626 1852 3683 est,
1908 3625 1958 3670 et

369 3708 601 3763 mundus
629 3724 750 3763 eum
784 3724 891 3763 non
917 3709 1157 3778 cognovit
1190 3708 1238 3762 ⁵.
1262 3706 1428 3765 Vides
1457 3710 1797 3780 unigenitum
1825 3707 1962 3764 Ver-

372 3799 550 3856 bum?
584 3799 752 3855 Vides
781 3800 837 3854 in
885 3798 1094 3854 mundo
1138 3799 1472 3871 completum
1521 3799 1666 3855 inter
1707 3799 1962 3857 homines

373 3908 439 3949 ac
483 3893 703 3963 plenam
743 3907 772 3947 a
819 3889 985 3946 Patre
1020 3889 1297 3963 Unigeniti
1325 3890 1555 3961 gloriam
1585 3891 1964 3947 obtinentem?

370 3985 492 4042 Non
522 3992 586 4041 ut
619 3983 782 4040 Pater
810 3983 930 4055 ipse
958 3984 1030 4040 sit
1052 3982 1317 4045 Verbum,
1348 3990 1443 4038 aut
1470 3997 1597 4038 cum
1627 3981 1810 4040 Verbo
1834 3998 1964 4039 eoa-

376 4079 588 4132 lesceus
632 4073 969 4146 apparuerit,
1005 4074 1154 4130 velut
1195 4073 1361 4129 homo
1408 4073 1742 4137 cumverbo
1786 4074 1962 4139 ipsius

374 4172 625 4237 apparet,
664 4179 847 4234 neque
878 4163 1031 4219 illius
1058 4164 1289 4220 verbum
1323 4178 1589 4235 apparere
1618 4172 1821 4235 potest,
1853 4165 1961 4221 nisi

373 4256 519 4313 adsit
550 4254 645 4327 qui
690 4252 824 4310 illud
874 4253 1170 4325 eloquitur.
1206 4252 1437 4308 Cuinam
1487 4253 1655 4325 igitur
1686 4255 1963 4311 adhibebo

374 4349 582 4405 ﬁdem?
617 4347 851 4405 Cuinam
893 4347 1205 4403 assentiar?
1249 4346 1291 4400 A
1336 4347 1666 4416 quibusnam
1707 4347 1875 4403 vitam
1905 4348 1960 4403 in

2057 3245 2188 3309 τοῦ,
2242 3245 2341 3300 καί
2372 3244 2629 3317 κέκραγε
2668 3246 2883 3317 λέγων’
2927 3242 3119 3316 Οὗτός
3161 3250 3334 3303 ἐστιν
3376 3250 3450 3305 ὃν
3480 3246 3654 3306 εἷπον

2056 3337 2221 3408 ὑμῖν*
2284 3340 2350 3393 ⁸0
2380 3340 2576 3395 ὀπίσω
2607 3360 2730 3412 μου
2786 3343 3113 3413 ἐρχόμενος
3147 3343 3492 3415 ἔμπροσθέν
3532 3364 3651 3419 μου

2058 3429 2325 3501 γέγονεν,
2356 3432 2444 3487 ὅτι
2471 3432 2705 3502 αφῶτός
2728 3451 2849 3505 μου
2897 3431 2999 3505 ἦν.
3034 3427 3205 3502 Οὗτος
3243 3431 3409 3508 ἦλθεν
3431 3440 3511 3502 είς
3561 3438 3654 3492 τὸν

2059 3522 2284 3593 κόσμον,
2314 3523 2404 3576 ἵνα
2424 3523 2572 3595 σωθῇ
2598 3524 2628 3577 6
2655 3524 2861 3595 κόσμος
2881 3524 2951 3580 δι’
2983 3512 3172 3581 αὐτοῦ.
3225 3529 3329 3583 Ἐν
3349 3527 3430 3593 τῷ
3447 3530 3655 3599 κόσμῳ

2058 3609 2157 3684 ἦν,
2190 3614 2290 3668 καὶ
2318 3616 2352 3669 δ
2384 3615 2615 3686 κόσμος
2643 3614 2923 3673 διἀὐτοῦ
2944 3618 3201 3690 ἐγένετο,
3235 3620 3335 3672 καί
3366 3622 3401 3675 ὁ
3425 3620 3655 3690 κόσμος

2060 3705 2249 3761 αὐτόν
2278 3706 2389 3760 οὐκ
2417 3706 2592 3777 ἔγνω.
2631 3707 2799 3782 Ὁρᾷς
2831 3710 3098 3783 μονογενῆ
3127 3711 3332 3781 Λόγον;
3390 3711 3555 3782 Ὁρᾷς
3591 3713 3652 3765 ὲν

2064 3795 2257 3868 κόσμῳ
2316 3797 2751 3871 πεπληρωμένον
2803 3801 2863 3854 ὲν
2922 3799 3266 3872 ἀνθρώποις,
3322 3801 3422 3856 καὶ
3469 3800 3652 3872 πλήρη

2061 3887 2253 3960 ἔχοντα
2284 3889 2443 3956 δόξαν
2475 3890 2818 3961 Μονογενοῦς
2851 3892 3003 3965 παρά
3037 3893 3292 3964 Πατρός;
3329 3894 3431 3965 οὐχ
3453 3892 3531 3958 ῶς
3558 3892 3654 3948 τοῦ

2062 3980 2277 4053 Πατρὺς
2300 3981 2454 4047 ὄντος
2486 3983 2680 4052 Λόγου’
2704 3983 2766 4037 οὐ
2792 3984 3003 4056 Πατρὸς
3034 3984 3151 4055 ἄμα
3188 3984 3348 4056 Λόγῳ
3384 3984 3652 4055 συναλιφῇ

2064 4073 2503 4151 πεφηνότοςχὼς
2531 4075 2818 4147 ἄνθρωπος
2862 4075 2982 4146 ἅμα
3012 4076 3092 4147 τῷ
3125 4076 3320 4132 ἑαυτοῦ
3344 4075 3489 4146 λόγῳ
3524 4091 3653 4144 φαι-

2062 4168 2307 4234 νόμενος,
2342 4165 2437 4219 καὶ
2475 4167 2504 4221 6
2526 4166 2683 4234 λόγος
2714 4165 2879 4220 αὑτοῦ
2904 4167 2967 4221 οὐ
3001 4166 3223 4221 δύναται
3257 4167 3512 4238 φανῆναι,
3557 4165 3655 4220 ὲάν

2066 4253 2143 4323 μὴ
2198 4256 2346 4325 παρῇ
2380 4255 2410 4307 ό
2441 4254 2813 4325 φθεγγόμενος
2842 4254 2932 4308 τὸν
2978 4254 3154 4325 λόγον.
3200 4256 3319 4310 Τίνι
3358 4255 3539 4310 τοίνυν
3566 4271 3656 4309 πι-

2067 4344 2313 4409 στεύσω;
2345 4346 2464 4400 Τίνι
2501 4345 2816 4417 συνθῶμαι;
2850 4347 3009 4419 Παρά
3037 4347 3200 4401 τίνων
3233 4346 3385 4401 λάϐω
3414 4347 3558 4419 ζωὴν
3596 4347 3655 4400 ὲν

372 4440 681 4511 disciplinis
734 4438 1044 4509 accipiam?
1088 4438 1231 4493 Num
1279 4437 1349 4493 ab
1396 4439 1604 4493 sanctis
1637 4438 1958 4509 Evangelia-

2072 4439 2391 4511 μαθήμασι;
2457 4439 2617 4513 Παρὰ
2674 4439 2783 4493 τῶν
2846 4439 3020 4508 ἁγίων
3080 4440 3504 4510 εὐαγγελιστῶν,
3562 4439 3656 4493 καὶ

374 4547 497 4587 rum
549 4532 938 4602 scriptoribus,
969 4539 1026 4587 et
1053 4530 1236 4586 amatu
1273 4530 1452 4586 sancti
1487 4527 1727 4600 Spiritus
1759 4529 1958 4600 impul-

372 4624 473 4685 sis,
501 4624 594 4692 qui
624 4620 864 4679 Verbum
896 4637 926 4677 a
952 4621 1117 4676 Patre
1154 4622 1385 4677 missum
1414 4635 1538 4677 esse
1565 4621 1961 4691 prodiderunt!

371 4716 453 4768 An
502 4729 532 4768 a
572 4714 727 4769 Pauli
774 4713 1123 4770 Samosateni
1158 4710 1467 4783 discipulis,
1499 4712 1593 4783 qui
1625 4727 1750 4767 cum
1778 4711 1962 4768 Verbo

373 4804 544 4859 Deum
580 4813 636 4860 et
682 4821 808 4861 cum
842 4805 953 4860 Deo
980 4803 1221 4861 Verbum
1244 4818 1370 4860 esse
1398 4803 1630 4860 dicunt?
1662 4803 1756 4872 qui
1779 4802 1961 4860 Patris

372 4913 498 4952 cum
551 4896 732 4953 Verbo
779 4906 833 4952 et
880 4898 1043 4954 Verbi
1104 4912 1231 4953 cum
1263 4896 1427 4953 Patre
1456 4896 1759 4968 comparati
1795 4912 1960 4953 unam

372 5005 498 5045 esse
542 5003 834 5061 personam
861 4988 1168 5045 deﬁniunt?
1194 4988 1265 5043 At
1293 4988 1339 5045 si
1374 4990 1534 5045 unica
1561 4990 1831 5044 duntaxat
1868 4997 1956 5045 est

447 5150 465 5182 ¹
502 5146 608 5202 Job
637 5160 866 5209 xxxvm,
913 5144 967 5200 7.

442 5307 525 5377 (6)
564 5302 771 5367 Λέξειε
825 5301 896 5377 δ’-
930 5299 1009 5354 ἄν
1053 5317 1164 5364 τιςο
1197 5299 1494 5377 ’.εδειξαᾳ
1529 5302 1765 5377 Angelos
1826 5310 1955 5377 ante

374 5369 567 5433 mun'di
625 5373 1064 5445 procreationem
1123 5386 1151 5422 a
1209 5369 1320 5445 _Deo
1344 5370 1533 5445 factos
1557 5369 1679 5426 esse
1707 5371 1955 5445 plerique

374 5439 643 5503 veterum'
676 5443 923 5505 Patrum,
979 5441 1282 5509 [mesertim
1335 5439 1670 5505 Graecorum,
1707 5439 1953 5495 arbitrati

375 5528 533 5579 sunt.
592 5524 647 5570 et
704 5517 850 5569 inter
909 5520 1142 5568 caateros
1203 5509 1503 5581 Gregorius
1574 5509 1957 5581 Nazianzenus

373 5587 523 5643 Orat.
555 5586 646 5643 38.
677 5584 851 5650 Quam
886 5582 1216 5639 sententiam
1248 5579 1485 5648 theologi
1514 5580 1738 5650 quidam
1789 5590 1957 5636 teme-

376 5659 577 5712 rariam
615 5663 669 5711 et
727 5655 832 5709 hoc
881 5662 1129 5723 tempore
1166 5651 1332 5723 etiam
1380 5650 1692 5723 hzeretrcam
1723 5667 1960 5719 pronun-

375 5738 509 5786 tiare
527 5743 634 5786 non
654 5739 710 5783 st
725 5738 781 5782 nt
810 5720 1070 5781 veritifln
1100 5722 1301 5795 quibus
1329 5720 1674 5792 prudentiam
1692 5735 1751 5775 ac
1779 5723 1959 5777 mode-

2066 4532 2559 4604 πνευματοφόρων,
2614 4531 2724 4586 τῶν
2755 4532 2848 4587 τὸν
2878 4531 3052 4601 Λόγον
3102 4533 3257 4604 παρά
3298 4532 3514 4602 Πατρὸς
3551 4533 3657 4585 ἀπ-

2066 4623 2392 4694 εσταλμένον
2442 4623 2765 4695 φησάντωνς
2796 4623 2830 4695 ἢ
2857 4621 3062 4676 τούτων
3128 4621 3236 4676 τῶν
3301 4622 3410 4676 ἀπὸ
3442 4619 3654 4675 Παύλου

2066 4715 2162 4769 τοῦ
2192 4716 2576 4787 Σαμοσατέως,
2615 4714 2727 4769 τῶν
2758 4715 2855 4768 σὺν
2877 4713 2955 4785 τῷ
2986 4714 3143 4784 Λόγῳ
3170 4713 3304 4769 Θεὸν
3347 4714 3442 4768 καὶ
3483 4712 3655 4780 Λόγον

2071 4806 2169 4861 σὺν
2204 4806 2282 4878 τῷ
2317 4807 2438 4878 Θεῷ
2486 4806 2826 4877 φασκόντων,
2861 4807 2970 4861 τῶν
3014 4807 3073 4860 ἓν
3121 4806 3413 4878 πρόσωπον
3442 4806 3655 4877 Πατρδς

2069 4898 2205 4970 πρὸς
2229 4898 2320 4952 τὸν
2343 4899 2537 4969 Λόγον,
2574 4898 2670 4952 καὶ
2697 4898 2789 4952 τὸν
2818 4898 2990 4967 Λόγον
3019 4897 3154 4970 πρὸς
3175 4897 3265 4951 τὸν
3289 4897 3510 4970 Πατέρα
3543 4897 3658 4967 ὀρι-

2070 4989 2303 5055 ζόντων;
2328 4991 2392 5045 Ei
2409 4991 2467 5044 δὲ
2488 4989 2548 5045 ἒν
2575 4990 2638 5045 τὸ
2665 4990 2980 5062 πρόσωπον,
2998 4990 3117 5056 πῶς
3136 4992 3165 5045 6
3192 4990 3290 5063 μὲν
3310 4988 3654 5054 ἀποστέλλει,

1044 5145 1065 5173 ³
1098 5143 1235 5198 Gen.
1270 5162 1308 5210 ι,
1346 5146 1394 5198 l.
1472 5148 1493 5178 ³
1525 5145 1687 5200 Joan.
1730 5156 1773 5207 ι,
1805 5145 1958 5208 14,1‹

2085 5144 2106 5176 ⁸
2135 5142 2296 5201 Joan.
2328 5161 2415 5210 ιιι,
2449 5146 2537 5202 17.
2611 5147 2634 5180 ⁸
2658 5145 2821 5204 Joan.
2861 5163 2901 5212 ι,
2930 5147 3019 5203 10.

2060 5302 2333 5374 rationem
2394 5304 2589 5359 merito
2669 5304 2950 5361 desiderat
3012 5302 3264 5374 Vasquez
3323 5304 3379 5358 in
3445 5302 3465 5357 1
3520 5301 3649 5357 Par.

2061 5372 2208 5443 disp.
2237 5372 2366 5443 224,
2412 5375 2502 5427 ubi
2536 5374 2878 5430 validissime
2916 5372 3277 5437 demonstrat,
3311 5387 3414 5428 nec
3442 5374 3652 5427 erroris

2062 5441 2441 5514 damnandam
2468 5445 2617 5498 illam
2646 5460 2771 5500 esse
2819 5459 2994 5514 neque
3013 5445 3081 5498 ab
3100 5444 3346 5499 Ecclesia
3370 5443 3651 5513 reiectam;

2065 5513 2288 5567 tametsi
2332 5513 2491 5583 longe
2528 5515 2602 5585 sit
2647 5515 2818 5568 altera
2876 5513 3236 5585 probabilior,
3264 5530 3394 5585 quae
3429 5514 3652 5585 angelos

2066 5590 2229 5656 negat
2259 5591 2389 5638 ante
2430 5580 2569 5656 mu
2607 5580 2948 5656 creationem
2987 5600 3112 5642 esse
3142 5580 3465 5656 productos,
3506 5580 3653 5656 quod

2067 5651 2405 5724 Epiphanius
2431 5654 2801 5725 amplectitur.
