4078 6408
369 285 435 344 21
1031 289 1398 349 ADVERSUS
1437 290 1784 349 ll/ERESES
1822 289 1953 346 LIB.
1989 288 2055 348 ll.
2099 289 2267 352 TOM.
2310 296 2376 352 ΙΙ.
2418 327 2489 340 -—
2531 297 2806 355 HIERES.
2852 297 3011 354 LXV.
3606 294 3679 350 ‘22

372 408 402 458 6
446 405 506 459 δὲ
554 405 980 471 suamnam;
1029 408 1416 478 ’Δποστελεῖς
1448 412 1581 484 γὰρ,
1635 410 1802 483 φησὶν
1833 410 1909 481 (7)
1950 411 2013 471 ὁ.

2117 426 2361 481 crsona,
2418 415 2699 487 quomodo
2731 415 2822 470 hic
2855 411 3044 476 mittit,
3096 410 3185 466 ille
3239 423 3369 465 vero
3415 407 3676 464 mittitur.

380 498 698 568 Προφήτης,
747 497 855 552 τὸν
877 499 1094 570 Λόγον,
1144 501 1246 555 καὶ
1292 500 1465 572 τήξει
1509 499 1685 556 αὐτά·
1722 501 1979 555 πνεύσει

378 590 447 642 τὸ
475 590 723 660 Πνεῦμα
746 591 958 655 αὐτοῦ,
987 592 1090 647 καὶ
1104 592 1403 661 ῥυήσεται
1418 593 1632 655 ὕδατα·
1667 593 1765 649 καὶ
1793 592 1979 648 πάλιψ

394 681 547 751 ἐγὼ
572 680 838 752 ἐξῆλθον
861 683 933 738 ἐκ
978 684 1089 739 τοῦ
1115 687 1349 755 Πατρός
1370 704 1491 757 μου
1528 686 1629 742 καὶ
1662 686 1810 756 ἥκειν
1862 684 1980 750 καὶ,

386 772 480 826 Ζῶ
503 772 642 844 ἐγὼ,
666 774 767 828 καὶ
792 773 860 844 ζῇ
887 775 958 829 ἐν
986 775 1116 846 ἐμοὶ
1160 780 1195 832 ό
1243 778 1619 847 ἀποστείλας
1648 796 1725 849 με
1754 777 1979 847 Πατήρ.

390 864 517 929 Πῶς
548 860 643 920 οὖν
673 866 1067 924 ἀποστέλλεται
1097 872 1126 924 6
1156 870 1509 936 ἀποσταλεὶς,
1540 872 1636 927 καὶ
1662 872 1753 927 διὰ
1777 871 1984 945 σαρκὸς

390 956 685 1025 φαίνεται;
740 958 890 1014 Θεὸν
935 960 1046 1033 γὰρ
1074 962 1273 1029 οὐδεὶς
1307 962 1548 1018 πώποτε
1587 962 1869 1033 ἑώρακεν.
1922 964 1987 1019 ὐ

388 1048 731 1119 μονογενὴς
745 1052 915 1119 Θεὸς,
937 1057 971 1108 ὀ
996 1050 1184 1122 ὢνείς
1207 1054 1317 1110 τὸν
1344 1056 1583 1112 κόλπον
1611 1056 1720 1111 τοῦ
1729 1055 1982 1127 Πατρός,

392 1140 624 1210 ἐκεῖνος
660 1142 1026 1214 ἐξηγήσατο,
1066 1146 1163 1201 καὶ
1210 1146 1380 1219 φησὶν
1411 1151 1442 1204 6
1484 1147 1778 1220 μονογενὴς
1830 1148 1984 1212 Θεός·

392 1235 423 1287 6
479 1234 581 1305 μὲν
632 1235 743 1309 γὰρ
797 1237 971 1309 Λόγος
1033 1238 1185 1293 ἐστὶν
1239 1242 1307 1294 ὲκ
1363 1239 1580 1313 [ἰατρὸς
1619 1239 1925 1313 γεννηθείςο
1960 1242 1992 1295 6

395 1327 588 1399 Πατὴρ
623 1327 682 1383 δὲ
709 1328 811 1383 οὐκ
860 1328 1146 1402 ἐγεννήθη·
1178 1330 1270 1385 διὰ
1317 1329 1475 1385 τοῦτο
1509 1330 1807 1402 μονογενὴς
1838 1328 1989 1395 Υἱός.

470 1416 563 1484 ς’.
623 1418 907 1489 Προῦλαϐε
954 1420 1066 1493 γὰρ
1112 1422 1147 1493 ἡ
1180 1421 1317 1477 θεία
1371 1421 1598 1492 γνῶσις,
1644 1422 1992 1495 κηρύττουσα

398 1509 602 1581 ἑαυτῆς
642 1510 747 1584 τὴν
770 1511 1032 1584 ἀλήθειαν
1077 1513 1168 1570 διὰ
1212 1517 1313 1587 τὴν
1341 1514 1512 1587 αὐτῆς
1551 1516 1882 1590 πρόγνωσιν,
1913 1518 1995 1583 είς

400 1601 703 1672 ἀσφάλειαν
726 1603 836 1659 τῶν
866 1606 1155 1678 ἡμετέρων
1186 1607 1395 1679 ψυχῶνο
1433 1607 1735 1680 ἐπειδήπερ
1763 1608 1879 1681 ᾔδει
1897 1609 1994 1665 τοῦ

402 1696 762 1765 Σαμοσατέως
796 1699 896 1769 τὴν
920 1699 1128 1767 ἄνοιαν,
1158 1702 1255 1756 καὶ
1279 1701 1391 1758 τῶν
1433 1705 1730 1778 ’Δρειανῶν
1761 1707 1859 1780 τὴν
1888 1722 1993 1760 κα-

404 1787 672 1856 κοδοξίαν,
723 1790 819 1843 καὶ
859 1790 970 1846 τῶν
1009 1793 1305 1865 ’Λνομοίων
1334 1794 1437 1868 τὴν
1487 1773 1849 1871 διακουργίαν,
1900 1799 1998 1854 xal
2028 1773 2072 1830 Β

403 1878 513 1935 τῶν
567 1880 884 1952 Μανιχαίων
932 1882 1034 1954 τὴν
1076 1884 1307 1953 πτῶσιν,
1362 1888 1458 1944 καὶ
1497 1889 1702 1944 λοιπῶν
1734 1889 2001 1963 αἱρέσεων

403 1971 503 2041 τὴν
537 1973 973 2045 κακομηχανίαν.
1015 1977 1128 2031 Kal
1158 1977 1246 2033 διὰ
1274 1978 1434 2035 τοῦτο
1468 1982 1598 2055 περὶ
1636 1983 1879 2056 ἑκάστης
1911 1982 2003 2037 λέ-

408 2062 542 2129 ξεως
581 2065 943 2135 ἁσφαλίζεται
995 2068 1149 2139 ἡμᾶς
1179 2071 1209 2123 6
1243 2070 1387 2135 θεῖος
1418 2071 1598 2142 λόγος·
1629 2073 1723 2128 τὸν
1756 2075 1858 2146 μὲν
1889 2077 2004 2146 γὰρ

411 2156 630 2228 Πατέρα
658 2157 719 2210 οὐ
742 2156 893 2227 λέγει
916 2161 1203 2231 μονογενῆ·
1235 2161 1355 2226 πῶς
1391 2162 1503 2235 γὰρ
1531 2164 1843 2236 Μονογενὴς
1863 2168 1900 2221 ὖ
1928 2166 2005 2239 μὴ

410 2244 835 2315 γεγεννημένος
875 2246 968 2303 τὸν
1005 2247 1064 2302 δὲ
1101 2248 1232 2304 Υίὸν
1261 2253 1548 2325 μονογενῆ,
1585 2254 1676 2309 ἵνα
1718 2254 1794 2327 μὴ
1818 2257 1849 2310 6
1874 2256 2006 2322 Υἱὸς

412 2337 693 2410 νομισθείη
742 2339 959 2412 Πατὴρ,
1000 2340 1096 2396 καὶ
1133 2342 1225 2398 ἴνα
1270 2343 1346 2416 μὴ
1389 2345 1468 2409 ὡς
1502 2344 1660 2415 λόγος
1715 2347 1774 2402 ὲν
1803 2347 2004 2421 καρδίᾳ

410 2427 701 2499 ἀνθρώπου
727 2430 1039 2505 ἀπεικασθῇ
1071 2434 1102 2488 6
1132 2433 1267 2500 Θεὸς
1278 2434 1471 2506 Λόγος.
1493 2435 1559 2490 Et
1588 2437 1699 2511 γὰρ
1721 2438 1895 2508 Λόγος
1917 2438 2008 2493 λέ-

413 2537 592 2589 γεται,
618 2521 709 2575 διὰ
740 2523 843 2596 τὴν
874 2524 1132 2597 τοιαύτην
1167 2526 1368 2599 χρῆσιν
1401 2527 1644 2598 λέγεται,
1689 2529 1781 2585 ἵνα
1815 2530 1891 2603 μὴ
1920 2547 2010 2586 νο-

419 2614 553 2688 μίσῃ
578 2631 663 2679 τις
688 2616 969 2690 ἀλλότριον
988 2616 1130 2675 εἶναι
1140 2619 1243 2691 τῆς
1263 2620 1359 2676 τοῦ
1387 2621 1523 2676 Θεοῦ
1550 2623 1766 2696 Πατρός
1795 2625 2008 2692 οὐσίας,

418 2707 513 2760 καὶ
552 2707 737 2763 οὐκέτι
768 2709 944 2779 Λόγος
993 2711 1387 2779 ἀνυπόστατος,
1435 2713 1573 2769 ἀλλὰ
1618 2714 2009 2783 ὲνυπόστατος,

416 2798 508 2853 διὰ
531 2799 617 2866 τὸ,
655 2800 1024 2872 Μονοτενὴς,
1048 2802 1289 2873 πλήρης
1308 2804 1557 2875 χάριτος
1576 2807 1676 2862 καὶ
1696 2807 2009 2877 ἀληθείας.

419 2892 534 2946 Kal
575 2894 708 2965 δρᾷς
738 2894 882 2950 πόσα
928 2895 1049 2951 ἐστὶ
1085 2895 1225 2967 πρὸς
1257 2897 1563 2969 ἀσφάλειαν
1595 2899 1700 2971 τῆς
1736 2901 2015 2974 ἡμετέρας

421 2986 589 3058 ζωῆς.
634 2986 707 3040 Τδ
741 2988 893 3059 γοῦν,
923 2990 1074 3044 Θεὸν
1106 2989 1306 3057 οὐδεὶς
1345 2991 1584 3049 πώποτε
1612 2992 1898 3064 ἑώρακεν,
1928 2996 2016 3052 ἵνα

421 3074 483 3129 τὺ
517 3075 749 3147 ἀόρατον
775 3077 869 3132 τοῦ
896 3077 1112 3150 Πατρὸς
1130 3079 1374 3155 σημάνῃ,
1409 3083 1505 3137 καὶ
1548 3083 1651 3156 τῆς
1686 3085 1854 3141 αὐτοῦ
1889 3085 2012 3142 θεό-

421 3183 611 3237 τητος,
649 3168 737 3223 ἴνα
767 3169 867 3242 τὴν
902 3169 1041 3226 ἰδίαν
1071 3170 1305 3243 θεότητα
1332 3173 1421 3229 διὰ
1454 3175 1554 3247 τῆς
1587 3177 1792 3249 σαρκὸς
1822 3196 2013 3249 φαινο-

428 3256 597 3330 μένην
621 3259 1016 3335 ὲπιϐεϐαιώσῃ.

2087 506 2316 563 Emittes
2341 509 2510 573 enim,
2545 509 2623 563 ait
2653 507 2948 578 Propheta,
2997 502 3246 570 Verbum,
3291 512 3351 557 et
3377 501 3679 571 liquefaciet

2082 615 2147 653 ea
2176 616 2196 656 :
2228 598 2384 669 ﬂabit
2429 598 2661 669 Spiritus
2710 598 2849 668 ejus,
2884 606 2935 652 et
2981 597 3149 667 ﬂuent
3207 609 3360 664 aqua:
3387 594 3433 650 '.
3495 591 3628 646 Item
3663 608 3677 647 :

2090 692 2249 750 Exivi
2295 711 2328 748 a
2364 693 2530 749 Patre
2566 708 2682 748 meo
2715 701 2766 747 et
2804 692 2955 747 venio
2978 690 3023 756 ³;
3060 697 3137 753 et,
3173 689 3297 744 Vivo
3331 703 3448 758 ego,
3480 696 3531 741 et
3560 685 3683 739 vivit

2088 789 2143 843 in
2185 802 2267 842 me
2298 788 2389 859 qui
2425 786 2576 841 misit
2620 802 2703 841 me
2734 783 2899 839 Pater
2926 783 2970 839 ⁸.
3000 780 3288 850 Quomodo
3335 780 3430 850 qui
3475 777 3683 833 missus

2087 887 2195 944 est,
2231 878 2378 934 mitti
2417 884 2620 950 potest,
2663 887 2720 933 et
2758 875 2813 931 in
2856 890 3023 931 carne
3048 872 3312 945 prodire?
3339 871 3509 926 Deum
3532 869 3680 925 enim

2092 980 2244 1019 nemo
2267 963 2403 1019 vidit
2435 978 2695 1034 unquam.
2735 958 3054 1032 Unigenitus
3087 957 3231 1012 Deus
3256 957 3346 1026 qui
3367 963 3446 1010 est
3479 954 3533 1007 in
3559 953 3683 1006 siuu

2094 1057 2303 1125 Patris,
2326 1056 2419 1112 ille
2447 1055 2688 1111 narravit
2709 1055 2755 1120 ⁵,
2790 1055 2868 1109 ait
2898 1052 3176 1125 ingenitus
3205 1050 3387 1116 Deus;
3419 1046 3681 1118 quoniam

2093 1149 2334 1205 Verbum
2364 1164 2396 1204 e
2420 1146 2588 1203 Patre
2627 1145 2874 1218 genitum
2899 1152 3019 1209 est,
3073 1140 3239 1201 Pater
3266 1145 3451 1195 autem
3480 1152 3511 1192 a
3532 1137 3684 1193 nullo

2094 1244 2353 1317 genitus;
2385 1242 2458 1299 ob
2491 1241 2545 1297 id
2573 1239 2891 1313 unigenitus
2914 1244 2999 1294 est
3024 1235 3220 1293 Filius.

2168 1422 2260 1478 Vl.
2304 1421 2520 1478 Etenim
2556 1418 2742 1475 divina
2790 1415 3025 1475 scientia
3072 1428 3174 1485 pro
3207 1426 3307 1469 sua
3339 1392 3689 1484 providentia

2099 1517 2388 1575 veritatem
2417 1530 2576 1573 suam
2608 1512 2911 1586 praedicare
2947 1516 3078 1564 ante
3110 1506 3306 1572 voluit,
3335 1518 3446 1576 quo
3473 1502 3691 1559 animas

2102 1618 2328 1667 nostras
2376 1610 2634 1664 cautione
2685 1621 2752 1662 ac
2796 1602 3094 1662 securitate
3138 1598 3400 1655 muniret.
3439 1594 3681 1651 Noverat

2099 1701 2247 1756 enim
2291 1706 2347 1755 et
2398 1694 2808 1753 Samosatcnsis
2861 1689 3198 1753 vecordiam,
3255 1693 3312 1743 et
3362 1684 3695 1738 Arianorum

2104 1790 2334 1861 impium
2365 1787 2585 1859 dogma,
2622 1791 2678 1841 et
2715 1782 3112 1838 Anomaeorum
3157 1773 3590 1846 improbitatem,
3640 1774 3701 1823 et

2105 1860 2540 1935 Manichaeorum
2597 1874 2860 1937 ruinam,
2915 1877 2972 1926 et
3022 1875 3348 1924 caelat-arum
3412 1860 3697 1917 haareseon

2104 1969 2462 2028 calliditatem
2505 1981 2571 2023 ac
2618 1964 2891 2021 fraudem.
2936 1958 3289 2030 Proindeque
3342 1955 3412 2011 de
3464 1951 3701 2024 singulis

2108 2057 2508 2130 propemodum
2563 2055 2796 2112 vocibus
2855 2050 3145 2109 securitati
3205 2056 3412 2104 nostrae
3474 2042 3702 2100 divinus

2107 2140 2289 2206 sermo
2319 2145 2636 2210 'consulit;
2703 2141 2924 2198 Patrem
2976 2139 3126 2197 enim
3191 2135 3534 2207 unigenitum
3589 2146 3703 2188 non

2108 2243 2366 2315 appellat.
2424 2237 2753 2309 Unigenitus
2802 2232 2949 2289 enim
3001 2245 3128 2287 esse
3177 2229 3273 2300 qui
3324 2233 3542 2299 potest,
3604 2222 3703 2294 qui

2109 2348 2392 2407 nunquam
2418 2332 2490 2390 sit
2509 2327 2764 2403 genitus?
2785 2323 2983 2381 Filium
3006 2337 3138 2379 vero
3154 2318 3497 2392 unigenitum
3523 2324 3704 2382 vocat,

2111 2445 2181 2487 ne
2211 2428 2259 2485 is
2317 2425 2483 2482 Pater
2532 2421 2904 2483 existimetur,
2956 2423 3053 2472 aut
3097 2429 3168 2470 nc
3210 2411 3405 2477 verbo,
3455 2409 3603 2481 quod
3649 2408 3704 2463 in

2111 2520 2351 2579 hominis
2380 2526 2467 2576 est
2498 2523 2742 2588 pectore,
2771 2510 2917 2568 Deus
2938 2509 3181 2566 Verbum
3212 2504 3410 2563 similis
3433 2510 3707 2560 csse‘crc-

2112 2615 2299 2672 datur.
2326 2611 2493 2685 613
2522 2606 2680 2676 Quod
2723 2603 2870 2662 enim
2890 2601 3130 2660 Verbum
3169 2598 3395 2663 dicitur,
3428 2596 3482 2652 id
3506 2609 3574 2651 eo
3622 2593 3706 2657 ﬁt,

2115 2724 2186 2765 ne
2214 2705 2344 2780 quis
2382 2719 2414 2760 a
2442 2702 2541 2759 Dei
2579 2700 2759 2756 Patris
2803 2695 3118 2756 substantia
3157 2694 3398 2749 alienum
3437 2704 3564 2746 esse
3615 2703 3711 2743 su-

2115 2802 2401 2873 spicetur;
2453 2809 2636 2867 neque
2666 2791 2911 2848 Verbum
2956 2789 3090 2844 illud
3139 2783 3499 2845 subsistentia
3532 2788 3709 2842 caret,

2116 2898 2214 2956 sed
2255 2911 2321 2954 ea
2356 2892 2649 2966 praeditum
2696 2896 2805 2952 est,
2836 2884 2985 2958 quod
3018 2883 3106 2941 his
3132 2881 3317 2939 verbis
3345 2878 3662 2935 declaratur
3695 2891 3711 2928 :

2117 2989 2451 3061 Unigenitus,
2480 2983 2668 3055 plenus
2709 2981 2899 3053 gratiae
2935 2988 2986 3037 et
3029 2974 3293 3033 veritatis.
3350 2969 3519 3026 Vides
3545 2980 3714 3037 quam

2120 3082 2309 3139 multis
2366 3077 2640 3151 prazsidiis
2692 3075 2806 3131 vita
2831 3078 3022 3129 nostra
3072 3066 3377 3124 muniatur.
3421 3061 3544 3117 .lam
3578 3072 3716 3114 vero

2122 3175 2273 3248 quod
2333 3172 2604 3243 scriptum
2655 3174 2741 3224 est
2798 3164 3018 3222 :Dettm
3065 3177 3218 3216 nemo
3265 3156 3399 3215 vidit
3456 3165 3714 3223 unquam,

2123 3247 2273 3329 hunc
2320 3280 2482 3324 usum
2539 3263 2728 3328 habet,
2755 3271 2816 3316 ut
2863 3258 3082 3314 Patrem
3112 3255 3344 3326 ejusque
3371 3247 3717 3307 divinitatem

427 3350 649 3407 minime
699 3352 805 3410 sub
857 3361 1142 3427 aspectum
1210 3356 1411 3414 cadere
1473 3368 1836 3427 monstraret.
1890 3379 2003 3435 quo
2038 3361 2347 3423 divinitatis
2371 3372 2507 3426 suae,
2558 3368 2682 3426 quae
2741 3367 2841 3424 per
2884 3364 3112 3407 carnem
3179 3344 3503 3418 apparebat,
3545 3339 3711 3395 ﬁdem

427 3448 718 3500 astrueret.

497 3535 650 3590 Πόσα
680 3535 738 3590 δὲ
770 3535 926 3602 ἄλλα,
959 3538 1053 3592 καὶ
1092 3537 1354 3595 ἐπέκεινα
1381 3539 1589 3597 τούτων
1620 3543 1704 3607 είς
1730 3545 2020 3616 παράστα-

432 3646 515 3685 σιν
541 3630 673 3701 ήμίν
690 3629 970 3698 ἀναλέξειέ
983 3648 1088 3696 τις,
1112 3632 1206 3686 καὶ
1227 3635 1606 3707 παραστήσειε
1632 3636 1773 3708 πρὸς
1796 3636 1895 3710 τὴν
1921 3636 2020 3693 τοῦ

432 3722 796 3792 Σαμοσατέως
836 3722 1050 3779 ἄνοιανὶ
1087 3725 1150 3778 Εί
1179 3724 1287 3797 γὰρ
1322 3723 1392 3798 ἦν
1435 3728 1494 3781 ὲν
1521 3727 1602 3799 τῷ
1637 3729 1816 3802 Πατρὶ
1837 3770 1852 3795 ,
1883 3730 1962 3796 ὼς
1992 3732 2025 3786 6

432 3813 589 3883 λόγος
611 3814 671 3867 ὲν
696 3814 892 3885 καρδίᾳ
913 3814 1226 3887 ἀνθρώπου,
1256 3816 1376 3881 πῶς
1404 3820 1749 3890 παραγέγονε
1771 3820 1863 3875 διὰ
1886 3821 2026 3888 ἰδίας

433 3905 670 3977 θεωρίας
702 3905 1105 3979 φθεγγόμενοςς
1145 3909 1236 3963 Ἐν
1269 3908 1351 3981 τῷ
1383 3910 1496 3982 γὰρ
1526 3911 1693 3967 αὑτὸν
1719 3913 2028 3982 διηγεῖσθαι

433 3997 547 4061 τοῖς
573 3995 739 4051 αὐτοῦ
775 3997 1043 4069 μαθηταῖς
1082 3998 1283 4068 φάσκει
1305 4014 1320 4029 ο
1363 3999 1427 4054 '0
1451 4001 1727 4071 ἑωρακὼς
1782 4002 1890 4074 ἐμὲ
1923 4003 2029 4059 ἑώ-

434 4105 581 4157 ρακε
608 4090 718 4143 τὸν
742 4088 995 4158 Πατέρα.
1029 4090 1141 4146 Καὶ
1169 4091 1271 4145 οὐκ
1300 4086 1476 4146 εἶπεν·
1517 4093 1662 4163 Ἐγώ
1687 4096 1805 4165 ειμι
1848 4097 1878 4150 6
1911 4096 2031 4150 Πα-

436 4184 573 4253 τήρ·
616 4180 752 4235 ἀλλὰ
788 4181 850 4235 τὸ
882 4181 1007 4251 ἐμὲ,
1041 4183 1100 4238 ἐν
1125 4182 1202 4254 τῷ
1235 4184 1414 4255 Πατρὶ
1457 4185 1736 4256 σημαίνει.
1782 4186 1893 4240 Kal
1931 4187 2032 4240 οὐκ

439 4271 617 4328 εἶπεν*
662 4273 806 4343 Ἐγώ
831 4275 946 4345 είμι
982 4277 1217 4340 ἐκεῖνος·
1246 4276 1362 4330 ἀλλ’
1401 4275 1551 4347 Ἐγὼ
1589 4273 1784 4349 ἦλθον
1820 4278 1923 4332 ἐπὶ
1952 4276 2034 4345 τῷ

438 4367 685 4436 ὀνόματι
722 4364 828 4421 τοῦ
869 4368 1098 4435 Πατρός
1131 4383 1283 4436 μου·
1319 4366 1414 4421 καὶ
1434 4407 1452 4433 ,
1498 4367 1764 4432 Ἐκεῖνός
1788 4367 1963 4422 ἐστιν
2000 4369 2034 4422 ὀ

2196 3540 2373 3608 Quam
2407 3535 2581 3592 multa
2618 3538 2884 3604 praeterea
2927 3528 2996 3584 ad
3024 3541 3142 3583 eam
3188 3539 3306 3580 rem
3348 3523 3719 3593 comproban—

2124 3633 2253 3688 dam
2287 3628 2474 3700 colligi
2507 3633 2765 3699 possunt,
2799 3632 2854 3680 et
2895 3621 3163 3678 adversus
3194 3612 3607 3674 Samosatensis
3638 3618 3726 3673 in-

2126 3725 2341 3782 saniam
2367 3720 2583 3778 aﬂerril
2622 3718 2838 3774 Etenim
2869 3715 2920 3772 si
2954 3714 3011 3770 in
3046 3713 3209 3769 Patre
3237 3719 3423 3779 esset,
3458 3709 3726 3781 queniad-

2128 3815 2353 3872 modum
2386 3811 2627 3869 hominis
2656 3811 2712 3866 in
2741 3807 2911 3866 corde
2941 3805 3167 3863 verbum
3191 3844 3208 3869 ,
3266 3804 3494 3875 quinam
3528 3802 3729 3860 adesse

2129 3906 2327 3977 potuit,
2347 3912 2512 3976 atque
2527 3919 2594 3960 ex
2616 3901 2837 3974 prepria
2855 3897 3218 3969 intelligentia
3237 3895 3624 3966 sententiaque
3647 3896 3729 3949 Io-

2132 3999 2266 4071 qni?
2292 3997 2432 4055 Cum
2477 3996 2626 4052 enim
2672 3994 2741 4050 ad
2767 3991 3078 4060 discipulos
3116 4003 3253 4045 suos
3279 3987 3448 4043 verba
3488 3989 3728 4050 faceret,

2132 4092 2207 4147 ita
2237 4090 2377 4146 dixit
2403 4107 2416 4144 :
2439 4087 2545 4156 Qui
2564 4087 2694 4142 vidit
2715 4080 3189 4152 me,viditPatrem
3207 4079 3251 4132 °.
3275 4077 3394 4133 Non
3412 4076 3548 4132 dixit
3577 4094 3589 4129 :
3618 4075 3734 4146 Ego

2134 4199 2259 4241 sum
2291 4182 2482 4237 Pater:
2518 4181 2612 4237 sed
2642 4194 2771 4243 vox,
2806 4192 2910 4241 me,
2943 4175 2997 4230 in
3019 4173 3187 4229 Patre
3208 4172 3509 4242 signiﬁcat.
3541 4168 3737 4240 Neque

2134 4288 2265 4330 vero
2292 4273 2432 4329 dixit
2460 4291 2477 4328 :
2508 4272 2622 4344 Ego
2648 4287 2774 4328 sum
2800 4270 2926 4325 ille:
2960 4266 3055 4323 sed
3081 4305 3095 4332 ,
3138 4265 3265 4319 Veni
3290 4265 3345 4317 in
3377 4261 3587 4317 nomine
3618 4260 3729 4314 Pa-

2137 4366 2235 4421 tris
2274 4365 2457 4431 mei";
2502 4371 2597 4420 et:
2630 4360 2735 4415 Hic
2773 4369 2855 4415 est
2886 4359 2978 4429 qui
3004 4355 3368 4413 testimonium
3402 4350 3634 4420 perhibet
3667 4349 3733 4404 de

439 4455 754 4527 μαρτυρῶν
796 4456 929 4527 περὶ
961 4457 1128 4528 ἐμοῦ.
1161 4456 1267 4512 Kal
1304 4457 1468 4513 πάλιν
1498 4458 1628 4532 περὶ
1654 4458 1750 4513 τοῦ
1782 4458 2013 4530 Πνιεύμοι⁴

2136 4472 2217 4511 me
2238 4454 2284 4510 ⁸.
2338 4453 2470 4510 Item
2519 4450 2589 4507 de
2634 4448 2845 4521 Spiritu
2890 4456 3129 4503 sancto:
3176 4442 3359 4498 Alium
3392 4439 3738 4494 Paractetum

440 4566 530 4613 τος
574 4550 671 4603 τοῦ
710 4549 888 4619 ἁγίου,
926 4552 1011 4605 ὅτι
1047 4551 1269 4605 Ἀλλον
1293 4550 1692 4620 Παρακλητον
1718 4550 1862 4622 ὑμῖν
1885 4552 2035 4607 ἀπο·-

441 4640 806 4713 στελῶ.”ορα
836 4641 953 4706 πῶς
980 4641 1059 4709 τὸ,
1080 4643 1428 4708 ἀποστελεῖ,
1447 4643 1542 4698 καὶ
1551 4643 1634 4711 τὸ,
1649 4642 1847 4698 ἄλλον
1889 4645 1931 4711 ,³
1973 4643 2036 4698 τὸ

441 4732 578 4803 ἐγὼ,
611 4732 699 4787 ἵνα
729 4733 879 4806 δείξῃ
912 4734 1130 4807 Πατέρα
1163 4735 1563 4801 ὲνυπόστατον,
1608 4732 1838 4806 Πνεῦμα
1882 4735 2038 4804 ἅγιον

443 4825 831 4882 ἐνυπόστατον.
880 4826 1144 4895 Ἐκεῖνός
1180 4845 1259 4897 με
1289 4826 1401 4900 γὰρ
1437 4827 1687 4893 δοξάσει
1709 4867 1725 4892 ,
1770 4828 1903 4900 περὶ
1941 4824 2037 4881 τοῦ

446 4918 604 4988 ἁγίου
634 4918 951 4991 Πνεύματος
977 4917 1174 4988 λέγων,
1206 4919 1297 4973 ὅτι
1327 4920 1398 4974 ἐκ
1425 4919 1534 4976 τοῦ
1565 4919 1713 4991 ἐμοῦ
1745 4917 2031 4989 λήψεται.

448 5011 558 5064 Kal
604 5010 757 5064 ποῖόν
791 5027 968 5082 φησι;
1012 5011 1084 5066 Τὸ
1130 5010 1201 5066 ἐκ
1231 5009 1464 5080 Πατρός
1509 5010 1995 5080 ἐκπορευόμενον
2018 5049 2035 5075 ,

447 5103 548 5158 καὶ
578 5103 650 5157 ἐκ
677 5102 785 5158 τοῦ
827 5102 975 5173 ἐμοῦ
1010 5102 1295 5174 λήψεται.
1357 5101 1520 5156 Ἀλλὰ
1565 5101 1659 5156 καὶ
1709 5099 1878 5173 φησί·
1922 5100 2040 5155 Δύο

448 5195 761 5266 μαρτυρίαι
785 5193 1115 5264 ἀνθρώπων
1150 5192 1582 5263 σταθήσονται.
1610 5193 1720 5249 Καὶ
1756 5191 1872 5262 ἐγὼ
1893 5209 2044 5263 μαρ-

450 5287 606 5359 τυρῶ
646 5288 747 5344 ἐπὶ
790 5287 1073 5360 ἐμαυτοῦ,
1128 5287 1230 5343 καὶ
1284 5285 1573 5358 μαρτυρεῖ
1620 5284 1757 5356 περὶ
1807 5284 1954 5355 ἐμοῦ
2010 5286 2045 5340 ό

2138 4547 2352 4602 mittam
2396 4543 2540 4599 vobis
2565 4543 2610 4595 θ.
2659 4539 3055 4595 Animadverte
3083 4531 3547 4608 quemadmodum
3587 4528 3736 4583 voci-

2142 4638 2244 4694 bus
2273 4637 2382 4693 illis
2410 4640 2620 4698 utatur,
2649 4631 2880 4699 mittam,
2906 4629 3076 4685 alium
3106 4637 3421 4698 etego,quo
3448 4630 3504 4677 et
3520 4618 3738 4675 Patrem

2140 4739 2198 4788 et
2229 4728 2500 4802 Spiritum
2532 4733 2787 4782 sanctum
2818 4737 2920 4779 sua
2944 4729 3244 4791 utrumque
3279 4723 3539 4773 constare
3570 4712 3738 4768 doce-

2142 4831 2229 4880 ret
2283 4819 2589 4894 hypostasi.
2640 4817 2743 4873 Ille
2784 4832 2866 4871 me
2911 4810 3270 4883 ctari/icabit,
3301 4809 3381 4863 ait
3429 4806 3498 4862 de
3528 4804 3741 4878 Spiritu

2144 4921 2341 4973 sancto
2368 4914 2617 4985 loquens,
2635 4911 2764 4982 quia
2792 4908 2857 4963 de
2878 4922 2991 4961 meo
3021 4903 3243 4973 accipiet
3275 4901 3340 4957 ιθ.
3377 4900 3743 4969 Qualemnam

2146 5017 2328 5066 autem
2366 5006 2522 5062 illum
2549 5002 2727 5059 facit?
2760 5001 2867 5070 Qui
2899 5017 2933 5055 a
2967 4999 3131 5054 Patre
3153 4993 3435 5066 procedit,
3468 4991 3648 5062 inquit
3672 4990 3741 5055 “.

2150 5099 2280 5155 etde
2303 5113 2418 5152 meo
2445 5094 2667 5164 accipiet
2684 5091 3079 5159 “.Quinctiam
3104 5088 3213 5143 alio
3244 5088 3300 5142 in
3324 5086 3475 5140 loco:
3503 5082 3623 5136 Duo
3652 5079 3747 5132 Ito—

2152 5191 2376 5255 minam,
2403 5188 2500 5254 ait,
2531 5184 2837 5249 testimonia
2872 5180 3111 5239 stabunt.
3148 5179 3218 5232 Et
3248 5193 3343 5248 ego
3383 5170 3746 5228 testimonium

2152 5282 2361 5355 prwbeo
2387 5280 2451 5337 de
2492 5280 2714 5351 meipso,
2747 5287 2797 5334 et
2843 5274 3204 5333 testimonium
3225 5270 3420 5343 prabet
3451 5266 3516 5320 de
3548 5280 3628 5318 me
3657 5262 3753 5333 qui

459 5529 476 5557 τ
508 5465 715 5557 3.41193:
736 5467 836 5557 κῗὲ
856 5467 1111 5557 τδιέὲτίέζ
1158 5466 1179 5498 ²
1211 5464 1585 5557 ¹Ῠδ³[·ο⁶³ί¹“.ἶ¹¹εν
1620 5464 1706 5520 ¹⁸·
1786 5459 1992 5557 aii?“

2121 5501 2139 5527 9
2172 5460 2266 5516 28.
2319 5456 2520 5557 ‘Joan.
2550 5474 2639 5557 vi:I
2665 5458 2755 5557 3:8.
2816 5457 2836 5487 ³
2865 5453 3098 5557 δοεηὲὶιι,
3303 5445 3323 5475 ⁶
3353 5435 3745 5557 Ιοοη.¹κὶν,¹ἓ.

2121 5547 2235 5557 “"‘L
2288 5545 2376 5557 ""'
2702 5543 2803 5557 mm
2858 5542 2925 5557 νυ
3033 5542 3047 5557 ι
3244 5527 3505 5557 nmLXVL
3609 5549 3623 5557 _
3729 5551 3745 5557 _

499 5503 738 5604 Joaufv,
765 5539 853 5594 4'5.
923 5508 952 5569 δ
979 5503 1137 5594 Ῐοοη.
1169 5503 1293 5606 vni,
1320 5503 1511 5593 '18“?
1727 5503 1992 5598 ινδιξ..
2016 5503 2266 5587 δ
2288 5503 2520 5597 xviiii:
2560 5503 2639 5561 ul"
2666 5503 2825 5582 355...
2858 5503 3098 5590 {vluit}:
3148 5521 3189 5551 “
3212 5516 3371 5572 Joan.
3398 5527 3507 5576 xw,
3534 5509 3623 5573 M,
3662 5503 3747 5569 15,

526 5679 604 5749 (7)
641 5676 1023 5749 ’Λποστε.ιεῐς
1057 5673 1186 5749 γὰρ,
1216 5674 1429 5743 φησιν..
1457 5671 1631 5730 Nimis
1670 5672 1845 5729 otiose
1866 5670 2013 5725 locum

2117 5685 2285 5726 unce
2313 5668 2523 5740 psalmo
2546 5681 2730 5723 uXLvn
2780 5660 2847 5719 ad
2877 5660 2971 5717 Dei
3029 5658 3266 5713 Verbum
3305 5652 3509 5711 retulit.
3549 5647 3604 5702 In
3639 5655 3753 5715 quo

458 5746 808 5823 nequaquam
836 5746 1143 5804 audiendus
1175 5754 1276 5802 est.
