4078 6408
419 255 491 311 215
1500 312 1505 320 ,
1808 263 1866 319 S.
1911 263 2255 322 EFli’llANll
3632 293 3697 348 24

421 377 565 431 misit
587 392 668 431 me
703 375 862 432 Pater
891 379 932 433 '.
959 378 1133 446 Quam
1164 381 1334 435 multa
1363 389 1493 437 sunt
1523 398 1748 439 numero
1777 386 1978 439 totiden

2105 389 2480 458 ἀποστείλας
2510 412 2586 462 με
2622 367 2845 469 Πατήρ.
2885 398 3030 452 Πόσα
3064 401 3118 453 δὲ
3151 401 3284 456 ἄλλα
3315 404 3574 470 τοσαῦτα,
3607 411 3699 462 καὶ

417 469 664 539 adeoque
707 471 864 540 plura
908 473 1256 527 testimonia!
1309 473 1448 530 Ecce
1484 475 1580 530 tibi
1616 477 1695 532 sic.
1743 477 1832 531 ille
1864 493 2002 546 quo-

415 559 541 613 dam
579 561 632 614 in
659 561 779 616 loco
809 573 999 617 narrat
1026 583 1039 618 :
1083 562 1355 634 Conﬁteor
1397 568 1521 632 tibi,
1550 567 1742 642 ’Pater,
1781 569 2002 624 Domine

413 651 531 704 cali
560 668 622 704 ac
647 659 820 715 terra),
846 653 1091 722 quoniam
1125 655 1452 710 abscondisti
1477 656 1587 710 Ita'c
1617 673 1648 710 a
1673 659 2000 727 sapientibus

412 750 461 794 et
493 740 840 810 prudentibus
866 784 881 807 ,
912 753 962 797 et
992 745 1239 800 γενοίατιὶ
1265 764 1328 801 ea
1365 749 1624 815 parvulis.
1660 747 1748 802 Ita
1769 789 1781 813 ,
1814 749 1996 818 Pater,

410 832 660 900 quoniam
705 834 782 887 sic
819 835 1080 903 placitura
1119 851 1197 893 est
1228 848 1350 893 ante
1377 849 1444 893 te.
1484 839 1678 895 Omnia
1708 842 1838 896 milii
1881 851 1995 896 tra-

409 924 524 977 dita
566 933 690 978 sunt
731 942 764 979 a
794 924 957 982 Patre
987 944 1134 993 meo;
1177 939 1229 984 et
1256 947 1406 984 nemo
1447 933 1590 986 novit
1635 930 1856 1000 Filium,
1892 935 1996 989 nisi

414 1015 609 1082 Pater;
656 1026 706 1071 et
745 1017 961 1075 Patrem
1003 1036 1155 1074 nemo
1204 1022 1376 1088 novit,
1417 1023 1520 1076 nisi
1565 1022 1614 1075 F
1618 1024 1780 1089 ilius,
1831 1035 1881 1079 et
1911 1029 1996 1080 cui

411 1105 588 1162 Filius
627 1107 954 1163 revelaverit.
1018 1109 1300 1178 Revelasti,
1339 1114 1554 1184 inquit,
1585 1133 1648 1168 ea
1679 1118 1913 1184 parvulis
1936 1122 1955 1149 ²
1979 1159 1991 1170 .

407 1197 495 1262 Ει,
524 1198 720 1255 Omnia
747 1201 875 1255 mihi
906 1203 1106 1258 tradita
1146 1214 1269 1260 sunt
1293 1222 1327 1260 a
1359 1205 1520 1261 Patre
1553 1225 1664 1262 meo
1693 1209 1732 1273 ³,
1784 1219 1842 1262 ut
1869 1226 1994 1279 per-

403 1293 651 1361 egrinam
701 1295 771 1348 ab
819 1294 944 1351 istis
998 1299 1363 1367 excogitatam
1420 1299 1675 1369 loquendi
1725 1302 1991 1358 rationem

402 1384 747 1454 prteciderct.

477 1499 585 1554 Vll.
627 1501 827 1573 Aspice
863 1519 1011 1560 nunc
1050 1504 1184 1575 quid
1223 1506 1450 1561 humani
1479 1509 1698 1578 generis
1733 1509 1992 1568 assiduus

400 1591 578 1648 hostis
611 1593 866 1653 diabolus
926 1598 981 1652 in
1026 1612 1217 1652 eorum
1261 1600 1463 1656 animis
1504 1603 1804 1671 pepererit,
1843 1604 1990 1673 quod

399 1685 550 1740 velut
583 1687 734 1744 illius
782 1689 965 1744 amatu
1000 1691 1196 1760 perciti
1243 1693 1683 1763 pronuntiarent.
1725 1695 1861 1750 Nam
1893 1699 1990 1752 ad-

401 1790 594 1834 versus
634 1778 723 1833 illa
753 1795 993 1852 purgare
1026 1797 1148 1838 sese
1179 1783 1404 1838 student
1437 1782 1680 1841 Iudaicae
1715 1789 1990 1859 Opinionis

397 1869 686 1934 satellites.
721 1872 890 1944 615
927 1875 1379 1945 quandoquidem
1423 1877 1515 1932 lux
1556 1879 1646 1932 illa
1691 1879 1988 1947 doctrinae,

394 1976 520 2030 qua:
553 1962 609 2016 in
660 1963 865 2021 divinis
908 1965 1223 2038 Evangeliis
1269 1969 1579 2024 clarissime
1607 1969 1816 2040 fulget,
1846 1987 1991 2027 non-

394 2053 549 2109 nullo
597 2055 810 2124 pudore
861 2057 990 2114 illos
1050 2059 1252 2125 allicit,
1299 2076 1371 2116 ne
1423 2063 1652 2117 sincerae
1707 2061 1987 2134 Evangelii

391 2146 694 2215 cognitioni
738 2147 960 2218 penitus
993 2164 1303 2222 repugnare
1339 2152 1654 2208 videantur.
1696 2154 1880 2222 Quare
1912 2157 1986 2210 ita

391 2236 698 2308 disputant,
756 2239 1039 2296 hominem
1097 2241 1268 2298 fuisse
1327 2241 1540 2312 Jesum,
1597 2245 1687 2300 cui
1731 2245 1800 2301 de
1843 2246 1986 2302 caelo

390 2327 634 2385 Verbum
676 2332 1024 2401 aspiraverit.
1074 2332 1228 2390 Unde
1271 2335 1366 2390 illa
1411 2339 1598 2392 omnia
1643 2337 1712 2392 de
1738 2354 1798 2394 se
1839 2339 1982 2408 ipso,

389 2429 663 2489 quatenus
693 2431 778 2476 est
819 2423 1018 2490 homo,
1046 2425 1354 2494 proﬁtetur.
1389 2426 1603 2483 Etenim
1645 2427 1808 2484 Pater
1838 2445 1983 2486 unus

388 2519 475 2567 est
505 2527 631 2568 cum
670 2513 812 2570 Filio
843 2513 1025 2582 Deus;
1060 2516 1224 2573 homo
1249 2535 1385 2575 vero
1409 2534 1474 2575 ex
1505 2519 1760 2576 inferiori
1789 2522 1985 2577 ordine

389 2605 666 2673 propriam
692 2620 986 2674 personam
1011 2623 1125 2679 prae
1163 2625 1224 2666 se
1250 2609 1376 2667 fert.
1419 2611 1497 2666 lta
1526 2629 1775 2684 persona:
1808 2616 1984 2672 omni-

389 2706 462 2746 uo
508 2694 882 2751 conﬁciuntur
916 2697 1070 2755 dU8a
1118 2698 1321 2758 Verum
1376 2703 1540 2760 homo
1571 2705 1717 2763 Deus
1758 2722 1912 2773 esse,
1948 2724 1983 2765 ο

388 2784 708 2840 mortalium
751 2788 997 2843 omnium
1056 2791 1417 2852 stolidissime
1463 2803 1630 2868 atque
1663 2798 1732 2856 ab
1764 2800 1981 2857 caelesti

389 2873 662 2944 sapientia
705 2877 1075 2947 alienissimo,
1111 2888 1205 2949 qui
1239 2887 1464 2955 potest?
1486 2885 1676 2945 Potest
1699 2929 1714 2955 ,
1747 2891 1802 2946 id
1831 2893 1980 2962 quod

386 2967 614 3033 asseris,
647 2967 814 3026 homo
841 2986 966 3028 esse
995 2978 1251 3046 simplex,
1279 2978 1374 3049 qui
1398 2979 1474 3034 ita
1503 2980 1573 3036 de
1600 2998 1660 3038 se
1695 2983 1936 3055 loquitur
1961 3004 1976 3042 :

387 3055 494 3121 Qui
525 3059 660 3112 uidit
694 3075 796 3125 me,
827 3062 956 3117 vidit
975 3072 1027 3118 et
1064 3063 1356 3122 Patrem“!
1380 3066 1516 3124 Nam
1549 3071 1596 3126 si
1635 3071 1800 3128 homo
1823 3075 1976 3146 ejus-
2003 3099 2045 3158 ο

385 3151 536 3205 modi
565 3160 670 3218 est,
695 3153 878 3223 qualis
907 3164 991 3211 est
1016 3155 1198 3223 Pater,
1231 3159 1368 3214 nihil
1396 3159 1488 3215 llic
1517 3163 1588 3217 ab
1615 3163 1837 3221 homine
1865 3166 1978 3224 dis-

383 3243 656 3312 crepabit.
700 3245 870 3318 Atqui
923 3247 1072 3306 Deus
1103 3248 1381 3320 Verbum,
1427 3255 1521 3324 qui
1571 3256 1975 3325 perfectissime

382 3348 638 3392 naturam
679 3339 921 3398 hominis
965 3343 1179 3410 induit,
1214 3347 1508 3416 perfectus
1555 3366 1711 3422 mque
1756 3353 1900 3410 Deus
1941 3371 1972 3410 a

380 3425 543 3484 Patre
592 3439 720 3488 ante
775 3434 962 3489 omnia
1021 3439 1372 3509 progenitus,
1425 3456 1536 3496 non
1605 3444 1790 3500 minus
1846 3445 1972 3516 jure

381 3537 547 3592 quam
581 3525 866 3584 evidenter
891 3528 960 3585 de
987 3545 1047 3586 se
1077 3531 1197 3600 ipso
1227 3540 1464 3588 testatur
1497 3552 1509 3587 :
1545 3534 1652 3600 Qui
1689 3536 1817 3591 vidit
1858 3555 1967 3605 me,

356 3616 510 3690 ,yidit
539 3626 588 3671 et
630 3616 886 3686 Patrem;
932 3622 1396 3690 quemadmodum
1440 3640 1508 3680 ex
1549 3625 1860 3682 Judasorum
1900 3631 1968 3684 de

287 3697 289 3699 1
327 3761 330 3764 .
368 3687 476 3762 illo
503 3723 760 3766 sermone
792 3719 1013 3767 constat
1045 3730 1059 3768 :
1106 3712 1232 3768 Non
1261 3717 1399 3769 enim
1446 3717 1654 3784 solum,
1688 3721 1764 3772 ait
1801 3718 1967 3774 Joan-

320 3786 322 3788 V
373 3785 499 3864 nes,
533 3801 838 3870 quwrebant
867 3805 1164 3874 interﬁcere
1201 3806 1394 3875 ipsum,
1426 3805 1566 3879 quod
1607 3811 1717 3865 lucc
1745 3811 1964 3880 faceret,

377 3891 469 3946 sed
511 3894 674 3947 etiam
721 3897 847 3967 quia
883 3894 1090 3952 Filium
1136 3898 1234 3954 Dei
1276 3916 1388 3955 sese
1440 3901 1671 3969 diceret,
1708 3906 1964 3976 wqualem

375 3983 496 4041 Deo.
528 3987 761 4056 seipsum
805 4006 1045 4047 asserens
1071 3993 1114 4047 ⁵.
1148 3992 1282 4048 Nam
1327 4009 1453 4050 cum
1497 3997 1606 4052 illis
1646 3999 1829 4054 verbis
1860 4002 1966 4055 uti-

377 4087 468 4132 tur
512 4097 527 4133 :
580 4079 686 4147 Qui
751 4083 882 4136 vidit
926 4100 1047 4150 me,
1095 4087 1225 4141 vidit
1287 4096 1338 4142 et
1391 4088 1646 4156 Patrem,
1697 4093 1959 4162 aequalem

376 4171 482 4226 sibi
506 4169 676 4228 Deum
703 4173 923 4231 Patrem
954 4179 1264 4234 constituit.

441 4265 513 4318 At
560 4265 730 4322 homo
775 4269 976 4326 similis
1019 4269 1161 4338 Deo,
1196 4279 1292 4328 aut
1339 4274 1484 4329 sicut
1514 4273 1659 4332 Deus
1689 4291 1814 4334 esse
1849 4294 1958 4334 non

372 4364 593 4425 potest;
641 4359 740 4415 sed
785 4360 832 4415 is
875 4361 1176 4428 nimirum,
1219 4364 1314 4434 qui
1365 4379 1396 4418 a
1442 4365 1553 4420 Deo
1593 4364 1754 4424 Patre
1819 4369 1960 4427 Deus

374 4449 724 4520 unigenaque
753 4449 928 4508 Filius
952 4469 1142 4510 revera
1173 4461 1463 4527 processit.
1507 4459 1582 4516 De
1619 4477 1730 4531 quo
1768 4465 1841 4518 ita
1881 4477 1958 4522 te-
1990 4436 2034 4491 θ

371 4546 552 4595 statur
582 4540 880 4610 Apostolus
915 4563 928 4598 :
968 4543 1075 4610 Qui
1102 4561 1220 4599 cum
1249 4548 1303 4600 in
1347 4549 1524 4616 forma
1557 4549 1651 4605 Dei
1676 4563 1832 4620 esset,
1855 4572 1960 4608 non

371 4631 614 4700 rapinam
648 4632 946 4688 arbitratus
977 4643 1078 4700 est,
1107 4653 1221 4691 esse
1251 4639 1507 4708 a'qualem
1530 4641 1658 4706 Deo,
1686 4644 1778 4698 sed
1801 4625 1961 4700 sentet

369 4725 541 4792 ipsum
557 4726 866 4792 exinanivit,
888 4727 1116 4798 formam
1139 4731 1276 4784 servi
1290 4733 1548 4799 accipiens
1567 4733 1607 4787 '.
1656 4734 1735 4788 Ex.
1757 4737 1958 4805 quibus

368 4815 467 4870 illa
517 4816 688 4871 verba
741 4818 797 4871 in
853 4818 1030 4886 forma
1072 4829 1208 4874 esset
1275 4822 1344 4876 ad
1413 4821 1586 4879 Deum
1644 4827 1955 4895 pertinent;

366 4907 514 4977 quod
549 4913 734 4963 autem
772 4909 842 4965 ad
893 4912 1145 4968 servilem
1191 4913 1422 4968 formam
1466 4917 1696 4984 attinet,
1741 4919 1954 4973 extrin-

366 5014 530 5055 secus
581 4999 813 5056 ascitam
862 5017 985 5058 esse
1015 5003 1291 5068 declarat.
1322 5023 1423 5065 nec
1459 5009 1609 5065 illius
1657 5011 1954 5082 aliquando

366 5091 538 5148 fuisse
569 5093 864 5163 signiﬁcat.
908 5094 1013 5151 Sed
1058 5113 1300 5169 persaepe
1343 5102 1545 5157 accidit
1587 5113 1645 5158 ut
1700 5104 1954 5163 Salvator

365 5195 558 5242 noster
605 5201 670 5241 ac
712 5185 982 5254 Dominus
1010 5188 1173 5246 Jesus
1221 5191 1478 5250 Christus
1519 5195 1776 5269 Deusque
1811 5198 1945 5256 Ver-

361 5278 492 5334 bum
533 5281 785 5350 quaedam
826 5280 1072 5337 humano
1114 5296 1268 5338 more
1309 5293 1364 5338 et
1404 5285 1471 5339 ad
1499 5286 1784 5344 hominum
1816 5291 1946 5349 alle-

359 5373 574 5428 ctiones
620 5373 1035 5431 accommodate
1083 5373 1347 5445 proferat.
1384 5377 1540 5442 Quod
1571 5386 1686 5435 tum
1722 5383 1947 5441 minime

360 5461 493 5519 fecit
541 5479 667 5519 cum
702 5464 957 5522 diceret:
1002 5466 1045 5519 A
1089 5467 1255 5522 Patre
1296 5485 1410 5524 meo
1455 5470 1592 5526 exivi
1625 5483 1673 5527 et
1725 5477 1872 5530 venio
1901 5479 1942 5532 ".

435 5647 449 5678 ¹
486 5645 647 5701 Joan.
693 5662 809 5708 vm,
843 5647 928 5710 l7,
967 5650 1048 5704 18.

363 5715 414 5781 6,
456 5718 506 5773 7.
583 5721 602 5750 ⁷
633 5717 789 5773 Joau.
826 5735 934 5784 xu,
968 5722 1052 5775 28.

2111 483 2370 536 ἐπέκεινα
2417 485 2654 542 τούτωνῑ
2704 489 2830 542 Ἰδοὺ
2873 491 3002 562 γὰρ,
3028 493 3224 560 φησιν’
3268 496 3697 569 Ἐξομολογοῦ-

2105 576 2214 642 μαί
2235 591 2335 630 σοι
2353 617 2368 640 ,
2389 578 2602 647 Πάτερ,
2631 584 2810 652 Κύριε
2835 586 3095 652 οὐρανοῦ
3121 587 3218 641 καὶ
3259 588 3370 659 γῆς
3389 606 3405 622 ο
3463 591 3551 645 ὅτι
3585 595 3694 647 ἀπ-

2109 669 2383 738 έκρυψας
2412 673 2595 728 ταῦτα
2629 676 2748 729 ἀπὸ
2773 678 2982 746 σοφῶν
3010 681 3107 733 καὶ
3143 681 3436 747 συνετῶν,
3457 687 3554 738 καὶ
3583 688 3696 740 ἀπ-

2106 759 2422 829 εκάὶυψας
2439 765 2592 818 αὐτὰ
2620 770 2880 836 νηπίοις.
2911 772 3045 838 Nai,
3081 775 3114 826 ό
3145 775 3366 844 Πατήρ·
3389 776 3479 832 ὅτι
3508 780 3696 847 οὕτως

2105 853 2354 922 γέγονεν
2376 857 2620 912 εὐδοκία
2648 860 2992 930 ἔμπροσθέν
3025 881 3161 920 σου.
3192 868 3395 922 Πάντα
3419 888 3519 938 μοι
3543 888 3693 939 παρ-

2105 942 2282 1011 εδόθη
2327 945 2446 998 ὑπὸ
2488 947 2594 1001 τοῦ
2628 951 2861 1018 Πατρός
2878 970 3027 1021 μου,
3069 955 3169 1008 καὶ
3201 957 3402 1024 οὐδεὶς
3438 955 3563 1013 οἶδε
3588 961 3692 1014 τὸν

2114 1035 2250 1089 Υἰὸν
2273 1039 2323 1090 εἰ
2339 1037 2426 1106 μὴ
2455 1041 2487 1092 ό
2517 1040 2741 1110 Πατὴρ,
2785 1043 2884 1096 καὶ
2915 1045 3024 1098 τὸν
3056 1049 3285 1116 Πατέρα
3315 1049 3516 1116 οὐδεὶς
3541 1052 3693 1120 ἔγνω

2103 1128 2154 1179 εὶ
2172 1127 2260 1196 μὴ
2292 1131 2326 1181 ό
2365 1129 2518 1196 Υἱὸς,
2553 1133 2648 1185 καὶ
2670 1127 2847 1199 ᾧέὰν
2871 1137 2904 1188 ό
2939 1137 3072 1204 Υἱὸς
3103 1139 3493 1211 ἀποκαλύψῃ.
3557 1145 3690 1199 Ἀπ-

2102 1218 2416 1287 exsistunt-ac
2438 1223 2547 1294 γὰρ
2585 1226 2844 1293 νηπίοις.
2867 1228 3008 1294 Kal,
3031 1229 3235 1285 Πάντα
3258 1251 3357 1301 μοι
3387 1235 3689 1307 παρεδόθη

2101 1312 2220 1364 ὑπὸ
2254 1313 2361 1367 τοῦ
2391 1318 2622 1383 Πατρός
2649 1335 2791 1385 μου,
2835 1319 2920 1372 ἵνα
2954 1322 3164 1395 ἐκκόψῃ
3195 1324 3292 1396 τὴν
3325 1324 3531 1381 τούτων
3567 1330 3688 1383 ἐπι-

2102 1423 2254 1479 νενοη
2264 1409 2435 1480 μένην
2475 1409 2798 1476 ξενολεξίαν.

2172 1501 2246 1554 Z’.
2295 1501 2434 1554 Ἀλλ’
2471 1502 2574 1574 δρα
2605 1503 2696 1557 τὸν
2738 1507 2825 1560 ἀεὶ
2858 1509 3323 1581 ἀντιπολεμοῦντα
3359 1515 3425 1585 τῇ
3454 1515 3565 1569 τῶν
3600 1517 3695 1569 ἀν-

2100 1587 2334 1658 θρώπων
2383 1591 2542 1660 φύσει
2584 1593 2858 1659 διάϐολον,
2887 1597 2942 1651 τί
2984 1599 3042 1653 ἐν
3085 1601 3265 1664 αὐτοῖς
3313 1602 3684 1675 ἐνεκίσσησεν,

2099 1678 2288 1750 ὥσπερ
2318 1682 2430 1736 ἀπὸ
2467 1683 2778 1755 διαδολικῆς
2825 1688 3103 1758 ἐνεργείας
3135 1691 3229 1744 τοῦ
3273 1691 3472 1760 λέγειν.
3513 1694 3685 1764 Δῆθεν

2096 1771 2203 1842 γὰρ
2229 1773 2620 1843 ἀπολογοῦνται
2662 1779 2800 1850 πρὸς
2837 1778 3010 1833 ταῦτα
3045 1782 3093 1834 οἱ
3129 1782 3228 1853 τῆς
3263 1783 3372 1836 τῶν
3414 1787 3684 1840 Ἰουδαίων

2096 1863 2362 1933 αἱρέσεως
2413 1867 2714 1938 ὑπηρέται,
2758 1871 2900 1943 ὑπὲρ
2942 1873 3133 1926 τούτου
3171 1875 3550 1946 αἰσχυνόμενοι
3595 1878 3684 1932 διὰ

2091 1956 2191 2024 τὴν
2217 1957 2326 2010 τῶν
2351 1959 2510 2012 θείων
2537 1962 2887 2032 Εὐαγγελίων
2915 1966 3058 2036 σαφῆ
3079 1967 3406 2038 ὑφηγήσεως
3429 1970 3682 2025 διδασκα-

2091 2045 2242 2114 λίαν,
2277 2049 2364 2102 ἴνα
2411 2051 2486 2121 μὴ
2528 2052 2736 2121 ὀφθῶσι
2777 2056 3088 2110 τελειότατα
3127 2059 3581 2131 ἀντιπράττοντες
3612 2067 3678 2134 τῇ

2089 2137 2186 2192 τοῦ
2231 2139 2568 2210 Εὑαγγελίου
2601 2146 2830 2218 ἀληθινῇ
2867 2147 3084 2217 γνώσει.
3115 2151 3387 2206 Φάσκουσι
3419 2154 3528 2225 γὰρ
3549 2195 3562 2216 .
3597 2155 3678 2209 ὅτι

2088 2232 2376 2306 ἄνθρωπος
2408 2231 2475 2308 ἦν
2501 2239 2530 2291 6
2563 2237 2788 2310 Ἰησοῦς,
2820 2242 2915 2295 καὶ
2942 2242 2999 2295 ἐν
3019 2243 3168 2314 αὐτῷ
3190 2244 3511 2299 ἐνέπνευσεν
3540 2247 3678 2302 ἄνω-

2089 2324 2180 2379 θεν
2202 2326 2231 2378 6
2259 2327 2450 2396 Λόγος.
2475 2330 2584 2382 Kal
2614 2331 2786 2386 ταῦτα
2815 2335 2943 2406 περὶ
2969 2335 3166 2389 ἐαυτοῦ
3201 2338 3230 2389 6
3267 2336 3553 2412 ἄνθρωπος
3593 2341 3678 2395 λέ-

2085 2435 2194 2488 γει.
2237 2420 2296 2473 '0
2329 2421 2522 2494 Πατὴρ
2550 2422 2660 2496 γὰρ
2693 2424 2810 2496 ἄμα
2847 2426 2924 2498 τῷ
2963 2427 3077 2498 Υἱῷ
3105 2426 3186 2493 εἷς
3220 2431 3379 2496 Θεός·
3421 2435 3451 2486 ὁ
3483 2434 3538 2486 δὲ
3577 2434 3674 2488 ἄν-

2088 2509 2305 2583 θρωπος
2339 2513 2586 2568 κάτωθεν
2623 2517 2684 2570 τὸ
2717 2517 2847 2574 ῐδιον
2889 2520 3184 2593 πρόσωπον
3219 2524 3527 2593 ὑποφαίνει.
3562 2527 3674 2580 Kal

2084 2603 2258 2668 οὕτως
2282 2605 2352 2659 τὰ
2383 2607 2476 2660 δύο
2507 2609 2776 2680 πρόσωπα
2800 2613 3153 2685 πληροῦνται.
3190 2617 3314 2681 Πῶς
3341 2614 3434 2672 οῦν
3467 2619 3674 2690 ἀνθρω-

2084 2714 2188 2762 nec
2219 2699 2350 2764 Θεὸς
2378 2700 2602 2757 δύναται
2643 2699 2804 2770 εἶναι,
2838 2701 2884 2760 ὧ
2923 2707 3142 2763 πάντων
3179 2709 3484 2782 ἀνθρώπων
3514 2713 3672 2767 ἀϐέλ-

2081 2808 2230 2863 τερε,
2268 2793 2364 2847 καὶ
2399 2795 2508 2848 ἀπὸ
2539 2796 2634 2850 τοῦ
2669 2799 2994 2870 ἐπουρανίου
3036 2802 3383 2874 φρονήματος
3421 2803 3514 2858 τὸν
3547 2804 3672 2857 νοῦν

2081 2884 2544 2958 ἀπεστραμμένες
2584 2889 2709 2956 Πῶς
2754 2892 2978 2947 δύναται
3009 2893 3296 2966 ἄνθρωπος
3335 2891 3473 2950 εἶναι
3516 2897 3672 2966 ψιλὸς

2081 2981 2222 3034 κατὰ
2257 2982 2339 3048 σὲ,
2369 2983 2399 3035 6
2440 2983 2646 3051 λέγων’
2704 2984 2758 3038 Ὁ
2799 2985 3070 3054 ἑωρακὼς
3121 2987 3246 3055 ἐμὲ,
3291 2987 3514 3056 ἑώρακε
3563 2989 3671 3042 τὸν

2080 3072 2342 3142 Πατέρα;
2363 3074 2427 3126 Et
2451 3074 2560 3146 γὰρ
2581 3077 2609 3129 6
2634 3075 2922 3148 ἄνθρωπος
2949 3077 3026 3140 ὡς
3048 3079 3076 3130 ὁ
3104 3078 3317 3149 Πατὴρ.
3345 3079 3498 3132 οὐδὲν
3523 3078 3668 3132 διαλ-

2078 3164 2263 3218 λάττει
2292 3167 2321 3218 6
2345 3167 2536 3238 Πατὴρ
2559 3167 2654 3221 τοῦ
2693 3167 3002 3240 ἀνθρώπου.
3033 3170 3096 3224 El
3123 3171 3179 3224 δέ
3203 3172 3232 3224 6
3251 3171 3385 3235 Θεὸς
3418 3172 3611 3241 Λόγος.
3635 3175 3666 3226 6

2075 3257 2502 3328 ἐνανθρωπήσας
2538 3260 2596 3311 ἐν
2630 3259 2926 3331 τελειότητι
2947 3300 2962 3326 ,
2997 3262 3218 3325 τελείως
3247 3261 3324 3315 ὥν
3355 3266 3469 3316 ἐστι
3510 3263 3662 3330 Θεὸς,

2075 3348 2280 3402 ἄνωθεν
2312 3349 2422 3403 ἀπὸ
2461 3351 2676 3423 Πατρὸς
2714 3353 3142 3424 γεγεννημένος,
3177 3353 3400 3418 δικαίως
3440 3355 3534 3409 καὶ
3571 3371 3666 3409 σα·-

2075 3438 2191 3508 φῶς
2221 3437 2520 3510 φθέγγεται
2554 3443 2682 3512 περὶ
2727 3442 2924 3496 ἐαυτοῦ
2954 3443 3149 3512 λέγων,
3178 3444 3261 3498 ὅτι
3303 3445 3364 3497 '0
3390 3445 3662 3513 ἑωρακὼς

2070 3531 2194 3600 ἐμὲ.
2221 3531 2441 3601 ἑώρακε
2479 3533 2588 3587 τὸν
2611 3535 2842 3602 Πατέρα
2861 3575 2875 3600 ,
2906 3534 2982 3598 ὡς
3008 3536 3103 3588 καὶ
3135 3537 3185 3589 oi
3237 3537 3480 3591 Ἰουδαῖοί
3528 3556 3661 3606 φασι

2071 3626 2199 3696 περὶ
2227 3625 2413 3679 αὐτοῦ’
2461 3629 2544 3681 Οὐ
2577 3628 2772 3696 μόνον
2822 3631 2953 3697 γὰρ,
2996 3629 3182 3700 φησιν,
3221 3628 3471 3698 ἐζῆτουν
3513 3630 3658 3685 ἀπο-

2069 3716 2295 3769 κτεῖναι
2339 3717 2549 3782 αὐτὸν,
2603 3719 2692 3772 ὅτι
2737 3719 2924 3773 ταῦτα
2979 3719 3187 3786 ἐποίει,
3233 3721 3371 3776 ἀλλ’
3413 3722 3501 3775 ὅτι
3555 3721 3654 3776 και

2067 3805 2204 3858 Υιὸν
2242 3806 2391 3860 Θεοῦ
2429 3807 2649 3860 ἑαυτὸν
2676 3808 2919 3878 ἔλεγεν,
2960 3808 3103 3863 ἴσον
3133 3809 3255 3876 Θεῷ
3299 3811 3520 3866 ἑαυτὸν
3540 3812 3656 3881 φά-

2066 3908 2252 3948 σκων.
2299 3897 2372 3948 Τὸ
2407 3896 2516 3967 γὰρ
2544 3898 2719 3950 εἰπεῖν
2753 3896 2916 3950 πάλιν
2937 3938 2950 3960 ,
2993 3898 3047 3950 Ὁ
3077 3899 3348 3966 ἑωρακὼς
3367 3900 3493 3968 ἐμὲ,
3539 3900 3648 3954 ἐώ-

2057 4005 2208 4056 parte
2252 3988 2359 4042 τὸν
2405 3989 2671 4058 Πατέρα,
2717 3991 2809 4045 τὸν
2854 3990 3074 4063 Πατέρα
3116 3991 3249 4046 Θεὸν
3299 3991 3412 4046 ἴσον
3454 3991 3650 4049 ἑαυτοῦ

2066 4099 2283 4152 φασκει.

2132 4287 2247 4341 Οὐκ
2281 4286 2565 4358 ἄνθρωπος
2605 4286 2661 4340 δέ
2696 4288 2842 4342 ἐστιν
2888 4286 3002 4351 ίσος
3039 4285 3192 4357 Θεῷ,
3225 4285 3349 4339 οὒδέ
3374 4285 3451 4348 ὡς
3480 4284 3646 4348 Θεός·

2062 4379 2197 4434 ἀλλὰ
2227 4381 2284 4432 ἐν
2309 4378 2539 4450 ἀληθείᾳ
2567 4379 2967 4449 γεγεννημένος
2985 4418 2999 4443 ,
3026 4381 3091 4432 ἐκ
3114 4376 3248 4432 Θεοῦ
3275 4373 3487 4447 Πατρὸς
3516 4376 3649 4440 Θεὸς

2065 4473 2192 4536 Υἱὸς
2229 4472 2544 4542 μονογενής.
2580 4473 2718 4543 Φησὶ
2757 4471 2867 4544 γὰρ
2889 4473 3018 4544 περὶ
3055 4471 3221 4525 αὑτοῦ
3257 4464 3468 4534 Παῦλος
3492 4488 3505 4502 ·
3543 4473 3648 4537 ’ος

2062 4565 2132 4618 ἐν
2153 4564 2358 4634 μορφῇ
2394 4553 2542 4618 Θεοῦ
2567 4563 2856 4633 ὑπάρχων
2894 4567 3007 4634 οὐχ
3034 4563 3349 4633 ἁρπαγμὸν
3376 4563 3646 4633 ἡγήσατο

2061 4655 2129 4708 τὸ
2165 4651 2317 4709 εἶναι
2351 4657 2458 4709 ἴσα
2501 4653 2623 4719 Θεῷ
2643 4695 2656 4720 ,
2695 4655 2830 4709 ἀλλ’
2858 4654 3078 4708 ἑαυτὸν
3115 4651 3376 4707 exerer
3402 4653 3647 4723 μορφὴν

2062 4746 2288 4801 δούλου
2318 4747 2541 4802 λαϐὼν.
2579 4747 2651 4798 Τὸ
2695 4746 2795 4817 μὲν
2838 4745 2968 4817 περὶ
3013 4744 3149 4798 Θεοῦ
3199 4741 3280 4815 ἦν
3325 4745 3396 4798 ἐν
3441 4743 3644 4814 μορφῇ

2062 4839 2191 4909 περὶ
2227 4837 2284 4891 δὲ
2324 4839 2424 4910 τῆς
2462 4837 2557 4890 τοῦ
2613 4838 2801 4891 δούλου
2854 4837 3066 4910 μορφῆς
3115 4835 3471 4907 προσ-ληπτὴν
3505 4837 3643 4888 ἀπέ-

2061 4947 2196 5002 φηνε
2219 4971 2234 4996 ,
2265 4931 2360 4985 καὶ
2387 4931 2485 4984 οὐκ
2515 4925 2667 4984 εἶπεν
2697 4928 2863 4982 αὑτοῦ
2908 4925 3072 4984 οὖσάν
3107 4945 3257 4982 ποτε.
3290 4927 3559 4991 Πολλάκις
3587 4927 3644 4980 δὲ

2059 5023 2154 5074 καὶ
2182 5021 2539 5094 ἀνθρωπίνως
2572 5019 2879 5089 διαλέγεται
2908 5019 2937 5071 6
2963 5017 3154 5088 Σωτὴρ
3186 5016 3364 5087 ἡμῶν,
3400 5016 3493 5070 καὶ
3529 5017 3641 5068 Κύ-

2057 5132 2173 5186 ριος
2223 5113 2431 5184 Ἰησοῦς
2461 5114 2714 5185 Χριστὸς,
2756 5112 2784 5164 ὁ
2825 5110 2957 5173 Θεὸς
3006 5109 3197 5178 Λόγος,
3237 5109 3333 5162 καὶ
3379 5107 3637 5169 πολλάκις

2055 5205 2507 5279 ἁνθρωποπαθῶς
2529 5204 2848 5274 φθέγγεται.
2893 5201 3032 5255 Ἀλλ’
3061 5201 3160 5272 οὐχ
3185 5203 3274 5255 ὅτε
3316 5200 3491 5268 λέγει·
3541 5199 3637 5251 Ἐκ

2053 5297 2160 5350 τοῦ
2187 5297 2416 5364 Πατρός
2433 5314 2553 5365 μου
2579 5294 2864 5362 ἐξῆλθον,
2902 5293 3000 5346 καὶ
3053 5292 3179 5360 ἥκω
3197 5309 3209 5322 ·
3242 5291 3402 5346 τοῦτο
3430 5289 3537 5361 γὰρ
3577 5290 3636 5344 οὐ

2051 5387 2276 5441 δύναται
2312 5387 2421 5441 ἀπὸ
2465 5387 2882 5458 ὰνθρωπότητος
2922 5384 3208 5454 λέγεσθαιο
3272 5382 3387 5437 ἀλλ’
3425 5383 3515 5436 ὅτε
3555 5382 3639 5435 διο

2053 5480 2224 5544 καίως
2247 5480 2615 5551 ἐπιμαρτυρεῖ
2647 5473 2820 5548 λέγων
2840 5495 2853 5507 ·
2898 5478 3040 5532 Ἐὰν
3058 5477 3174 5546 ἐγὼ
3191 5473 3470 5547 μαρτυρῶ
3503 5472 3638 5543 περὶ

1131 5653 1150 5681 ²
1188 5650 1378 5705 Matth.
1415 5668 1492 5717 XI,
1523 5654 1612 5711 ‘25.
1689 5657 1708 5688 ³
1751 5656 1886 5712 Luc.
1946 5675 2000 5728 x,
2040 5662 2126 5717 22.
2206 5665 2225 5695 ⁸
2255 5660 2412 5716 Joan.
2446 5677 2558 5729 xw,
2589 5665 2642 5719 9.
2722 5664 2741 5695 '
2771 5661 2928 5718 Joan.
2961 5677 3014 5727 ν,
3059 5660 3143 5716 l8.
3223 5659 3243 5690 ⁶
3273 5658 3508 5730 Philipp.
3573 5673 3635 5725 "9
