4078 6436
224 281 291 337 1.5
928 366 932 371 θ
1024 294 1393 351 ADVERSUS
1429 297 1774 355 ΗίΕΒΕΞΕΒ
1811 299 1835 354 [

1982 300 2043 354 ll.
2089 299 2258 358 TUM.
2305 308 2366 357 lt.
2410 332 2480 345 --
2518 299 2797 357 “ERES.
2839 297 3015 363 LXV,

3461 292 3532 346 ‘26

222 406 493 475 ἐμαυτοῦ
514 448 529 473 ,
561 404 607 473 ἡ
634 384 929 476 μαρτυρία
948 426 1069 476 μου
1094 411 1208 464 οὐκ
1239 410 1414 465 ἔστιν
1447 412 1713 482 ἀληθής·
1752 413 1835 467 ἵνα

1941 412 2132 485 Neque
2177 415 2325 470 enim
2376 415 2522 473 istud
2566 432 2635 471 ex
2684 413 2929 470 hominis
2978 417 3177 466 natura
3225 407 3530 478 proiiseisci

223 499 371 573 δείξῃ
422 501 526 571 τὴν
573 499 771 554 ἑαυτοῦ
821 500 1271 573 ὲνανθρώπησιν’
1327 503 1420 556 xiii.
1464 503 1525 557 τὸ
1563 503 1833 559 ἀνάπαλιν

226 592 356 662 περὶ
386 590 654 662 Θεότητος
689 589 864 661 λέγων
882 609 896 623 ο
940 590 1067 645 Κάν
1102 608 1169 647 τε
1208 591 1323 662 ἐγὼ
1365 591 1651 664 μαρτυρῶ
1694 597 1831 663 περὶ

227 683 513 755 ἐμαυτοῦ,
540 684 584 751 ἠ
614 683 911 753 μαρτυρία
929 701 1051 753 μου
1075 683 1313 753 ἀληθής
1339 685 1513 739 ἐστιν
1529 724 1545 751 ,
1571 684 1661 739 ἵνα
1683 684 1832 760 δείξῃ

229 774 496 846 ἀληθινὴν
519 774 763 847 θεότητα
782 816 797 842 ,
832 776 928 829 καὶ
955 774 1218 847 ἀληθινὴν
1247 776 1408 831 ἑνανθ
1418 775 1686 848 ρώπησιν.

1940 509 2141 576 potuit.
2177 507 2286 562 Sed
2338 508 2391 562 id
2438 508 2660 564 demum
2696 505 3021 576 usurpavit,
3057 516 3184 558 cum
3223 499 3291 556 de
3319 514 3379 554 se
3410 500 3537 567 jure

1939 598 2017 653 ita
2048 606 2284 655 testatus
2311 607 2398 655 est
2430 616 2445 654 :
2481 597 2542 655 Si
2558 615 2650 671 ego
2677 597 3039 653 testimonium
3066 591 3313 663 perhibeo
3359 589 3424 644 de
3454 605 3536 642 me

1936 691 2073 761 ipso,
2110 692 2468 747 testimonium
2494 708 2667 746 meum
2697 706 2804 744 non
2828 697 2909 743 est
2937 701 3119 741 verum
3152 685 3168 715 ¹
3192 701 3208 745 ς
3234 697 3346 752 quo
3377 694 3533 736 suam

1936 779 2336 837 humanitatem
2389 781 2731 837 ostenderet.
2788 779 2862 831 At
2911 791 2944 833 e
2985 772 3271 831 contrario
3319 770 3388 826 de
3433 782 3535 825 sua

230 871 521 928 divinitate
570 886 888 927 sermonem
932 872 1229 929 instituens
1264 891 1277 927 :
1309 870 1467 939 Etsi,
1499 872 1709 945 inquit,
1743 891 1839 946 ego
1881 877 2244 932 testimonium
2272 878 2516 948 perhibeo
2549 877 2615 933 de
2652 876 2873 946 meipso,
2940 872 3296 928 testimonium
3361 882 3534 922 meum

231 982 405 1019 verum
447 975 531 1019 est
566 967 614 1031 ³,
647 972 709 1019 ut
730 980 917 1020 veram
944 965 1000 1019 in
1047 980 1108 1022 se
1139 965 1483 1023 divinitatem
1517 975 1683 1038 atque
1721 968 2122 1026 humanitatem
2150 974 2507 1045 exprimeret.

296 1062 379 1114 H'.
412 1062 493 1116 Οὐ
519 1060 621 1114 δύο
650 1061 832 1116 τοίνυν
855 1059 1003 1124 Θεοὶ,
1026 1061 1110 1115 ὅτι
1135 1059 1263 1115 οὐτε
1290 1061 1385 1115 δύο
1412 1061 1657 1134 Πατέρες
1675 1079 1690 1094 θ
1712 1062 1835 1118 οὐδὲ

231 1155 497 1227 ἀνῄρηται
531 1159 566 1226 ἡ
604 1156 902 1218 ὑπόστασις
945 1154 1042 1209 τοῦ
1078 1155 1275 1224 Λόγου,
1317 1155 1398 1209 ὅτι
1441 1156 1504 1209 οὐ
1554 1138 1672 1227 ’μία
1706 1172 1834 1209 συν-

233 1247 394 1319 αλιφὴ
422 1247 687 1319 θεότητος
721 1247 851 1302 Υίοῦ
873 1248 1013 1320 πρὸς
1036 1242 1277 1320 Πατέρα.
1295 1249 1369 1302 Οὐ
1401 1246 1511 1318 γάρ
1539 1249 1689 1303 ἔστιν
1715 1250 1834 1302 ὲτε-

234 1339 475 1410 ροούσιος
506 1341 537 1392 6
570 1339 700 1402 Tib;
726 1339 822 1392 τοῦ
857 1339 1093 1410 Πατρός,
1123 1338 1264 1393 ἀλλὰ
1294 1339 1580 1411 ὁμοούσιος
1617 1339 1695 1412 τῷ
1716 1342 1832 1394 Πα-

231 1431 335 1502 τρί.
379 1431 457 1485 Οὐ
485 1431 720 1485 δύναται
739 1430 795 1484 δὲ
817 1425 959 1485 εἶναι
988 1430 1327 1504 ἑτεροούσιος
1351 1432 1430 1504 τῷ
1454 1433 1831 1504 γεγεννηκότι,

233 1520 353 1574 οὐδὲ
403 1520 795 1587 ταυτοούσιος,
836 1520 975 1576 ἀλλὰ
1014 1524 1303 1593 όμοούσιος
1335 1523 1435 1595 (8).
1484 1525 1621 1580 Οὐδὲ
1671 1525 1835 1580 πάλιν

233 1609 459 1682 λέγομεν
506 1612 679 1666 αὐτὸν
739 1612 815 1684 μὴ
865 1607 1004 1665 εἶναι
1048 1613 1242 1668 ταυτὸν
1280 1617 1347 1686 τῇ
1395 1615 1556 1687 οὐσία
1604 1615 1684 1688 τῷ
1723 1618 1838 1671 Πα-

2010 1064 2151 1122 VIII.
2192 1066 2467 1134 Quocirca
2511 1080 2690 1136 neque
2733 1070 2842 1126 duo
2880 1066 2965 1122 Dii
2990 1061 3325 1134 sunt,615
3355 1076 3531 1131 neque

1933 1156 2266 1220 Patresduo,
2296 1164 2478 1218 neque
2500 1153 2669 1210 Verbi
2724 1165 2959 1224 persona
3005 1149 3241 1206 tollitur,
3275 1146 3532 1210 quoniam

1937 1250 2060 1307 Filii
2091 1248 2353 1306 divinitas
2390 1259 2737 1317 nequaquam
2770 1244 2825 1297 in
2857 1257 3027 1297 unum
3061 1253 3186 1293 cum
3221 1234 3383 1289 Patre
3402 1248 3536 1287 con-

1937 1344 2120 1399 tlatur.
2169 1340 2291 1396 Non
2334 1339 2484 1396 enim
2533 1336 2712 1393 Filius
2754 1334 2983 1389 alterius
3021 1338 3128 1395 est,
3174 1342 3342 1399 quam
3374 1324 3537 1380 Pater

1938 1436 2304 1501 substantias,
2348 1433 2445 1489 sed
2474 1427 2971 1487 consubstantiaiis
3018 1424 3191 1479 Patri.
3229 1421 3412 1492 Neque
3440 1434 3537 1490 po-

1936 1538 2047 1586 test
2076 1535 2173 1584 aut
2221 1524 2455 1581 alterius
2501 1537 2626 1578 esse
2672 1535 2703 1574 a
2749 1520 3003 1591 genitore
3051 1514 3401 1576 substantiae,
3442 1519 3538 1565 aut

1933 1619 2185 1691 ejusdem
2218 1614 2543 1673 substantiae
2596 1626 2662 1666 ac
2698 1625 2936 1682 persona
2970 1608 3199 1663 minime
3233 1604 3532 1667 distinctae,

233 1699 337 1769 τρι.
370 1700 533 1753 Ἐστι
566 1699 681 1772 γὰρ
724 1701 918 1754 ταυτὸν
952 1702 1019 1773 τῇ
1067 1700 1304 1773 θεότητι,
1350 1704 1447 1758 καὶ
1491 1707 1561 1778 τῇ
1605 1706 1762 1778 οὐσίᾳ
1806 1708 1835 1761 6

1939 1708 2036 1764 sed
2075 1707 2606 1778 consubstantialem
2652 1718 2811 1771 esse,
2854 1702 2936 1758 uti
2977 1700 3265 1764 diximus,
3294 1704 3531 1767 Oportet.

233 1757 353 1858 Tib;
380 1792 522 1865 πρὸς
546 1757 664 1847 τόν.
673 1793 912 1865 Πατέρα,
948 1757 1041 1849 κὲίι
1056 1796 1157 1850 οὐκ
1181 1757 1575 1871 ἀλλόῖοςπαρια
1716 1757 1832 1854 flat;

1939 1797 2058 1855 Jam
2094 1812 2226 1854 vero
2257 1812 2371 1852 non
2411 1795 2623 1852 idcirco
2664 1795 2811 1850 idem
2846 1807 2974 1848 esse
3002 1805 3130 1845 cum
3167 1788 3352 1849 Patre,
3385 1786 3537 1857 quod

234 1877 391 1949 τέρα,
422 1879 550 1932 οὐδὲ
578 1880 693 1934 ἀπὸ
721 1880 890 1953 ἄλλης
930 1883 1303 1949 ὑποστάσεως,
1340 1886 1480 1941 ἀλλὰ
1510 1887 1586 1953 ὡς
1616 1888 1832 1962 ἀληθῶς

236 1969 358 2034 Υἱὸς
386 1971 608 2043 Πατρὸς
639 1975 706 2043 τῇ
740 1990 804 2026 τε
838 1973 1016 2047 οὐσίᾳ,
1053 1976 1148 2030 καὶ
1175 1979 1242 2049 τῇ
1274 1978 1572 2033 ὑποστάσει
1592 2022 1606 2047 ,
1639 1982 1733 2035 καὶ
1762 1984 1839 2054 τῇ

237 2060 478 2132 ἀληθείᾳ.
519 2062 667 2116 Ἀλλ’
689 2063 787 2135 οὐχ
812 2066 841 2117 6
872 2065 1063 2138 Πατήρ
1088 2068 1236 2123 ἐστιν
1258 2071 1287 2124 6
1314 2069 1464 2134 Tib;,
1490 2071 1613 2125 οὐδὲ
1640 2073 1668 2125 6
1704 2073 1831 2139 Υἱός

238 2152 379 2205 ἐστιν
408 2154 437 2206 6
475 2154 698 2226 Πατὴρ,
734 2155 871 2210 ἀλλὰ
892 2156 1018 2221 Υἱὸς
1045 2158 1262 2229 ἀληθῶς
1294 2161 1357 2214 ἐκ
1388 2162 1604 2233 Πατρὸς
1641 2180 1833 2233 γεγεν-

236 2244 480 2314 νημᾶνος.
506 2246 605 2299 Διὸ
633 2245 761 2300 οὕτε
793 2247 888 2301 δύο
917 2248 1075 2314 Θεοὶ,
1112 2248 1238 2304 οὔτε
1269 2250 1364 2306 δύο
1390 2253 1547 2319 Υἱοὶ,
1581 2254 1707 2309 οὔτε
1738 2256 1834 2310 δύο

239 2335 367 2404 ἅγια
397 2338 735 2411 Πνεύματα,
761 2340 901 2395 ἀλλὰ
943 2342 1043 2414 μία
1081 2342 1339 2416 θεότηςεὴ
1381 2344 1587 2418 Τριὰς,
1618 2347 1830 2421 Πατὴρ,

240 2424 380 2492 Υίδς,
413 2428 508 2481 καὶ
533 2428 696 2498 ἅγιον
726 2430 974 2503 Πνεῦμα,
1001 2433 1287 2503 όμοούσιος
1320 2429 1474 2490 οῦσα.
1509 2436 1680 2491 Ὅταν
1723 2438 1832 2508 γὰρ

239 2517 393 2590 εἴπῃς
440 2520 773 2592 όμοούσιον,
821 2524 882 2577 οὐ
940 2524 1236 2597 συναλιφὴν
1279 2526 1557 2598 σημαίνει.
1606 2527 1682 2582 Τὸ
1724 2529 1833 2603 γὰρ

240 2611 565 2678 ὀμοούσιον
593 2613 693 2683 οὐχ
721 2613 843 2677 ἑνός
867 2614 986 2667 ἐστι
1010 2615 1366 2687 σημαντικὸν,
1411 2616 1533 2671 οὐδὲ
1561 2618 1655 2672 τοῦ
1679 2618 1834 2685 ὄντος

240 2701 365 2783 Tibi)
396 2706 534 2776 πρὸς
572 2703 795 2776 Πατέρα
819 2705 1045 2778 γνησίου
1085 2704 1186 2777 τὴν
1214 2707 1405 2761 οὐσίαν
1432 2707 1704 2778 διίστησι,
1739 2710 1835 2764 καὶ

241 2793 333 2865 τὴν
370 2793 678 2849 ὑπόστασιν
699 2795 1074 2888 ἀπειλλοτριοῖ,
1100 2795 1190 2851 διὰ
1210 2796 1271 2851 τὸ
1290 2799 1597 2870 όμοούσιον.
1628 2802 1702 2855 Οὐ
1725 2800 1835 2874 γὰρ

242 2884 409 2954 ἀρχὰς
434 2885 532 2939 δύο
569 2884 832 2958 κηρύττει
859 2889 889 2941 6
922 2887 1066 2954 θεῖος
1105 2890 1283 2959 λόγος,
1315 2891 1452 2947 ἀλλὰ
1478 2892 1606 2964 μίαν
1635 2894 1830 2966 ἀρχήν.

243 2976 680 3031 Evr-eleuanda
719 2978 852 3050 γὰρ,
888 2980 1074 3050 φησὶν,
1104 2983 1139 3036 ό
1169 2981 1337 3049 οἶκος
1392 2982 1583 3037 Ἰούδα
1604 3023 1620 3048 ,
1653 2983 1753 3039 καί
1801 2987 1836 3040 ό
1876 3005 1884 3012 ·

245 3061 402 3132 οἶκος
435 3068 707 3138 Ἰσραὴλ,
733 3071 833 3124 καὶ
860 3070 1154 3138 θήσονται
1175 3073 1412 3141 ἑαυτοῖς
1441 3075 1642 3145 ἀρχὴν
1662 3076 1833 3146 μίαν.

256 3157 313 3212 '0
342 3159 519 3214 τοίνυν
553 3160 732 3233 ἀρχὰς
763 3161 857 3215 δύο
894 3163 1203 3235 κηρύττων,
1225 3164 1320 3219 δύο
1355 3165 1524 3231 Θεοὺς
1550 3167 1833 3240 κηρύττει.

247 3253 349 3307 Καὶ
366 3256 395 3308 6
424 3254 671 3326 ἀναιρῶν
702 3256 796 3310 τὸν
820 3256 1014 3326 Λόγον,
1041 3258 1137 3311 καὶ
1171 3258 1270 3330 τὴν
1294 3258 1459 3313 αὐτοῦ
1507 3254 1832 3326 σπόστασιν,

259 3345 585 3420 Ἰουδαϊσμὸν
615 3347 928 3417 ὑποφαίνει.
953 3350 1221 3422 Μαρκίων
1253 3351 1364 3423 γὰρ
1391 3351 1489 3405 δύο
1506 3353 1681 3425 ἀρχὰς
1704 3354 1836 3407 ὐπο-

250 3439 417 3507 φαίνει
433 3450 457 3505 ,’
486 3441 695 3512 μᾶλλον
725 3440 783 3511 δὲ
813 3443 962 3513 τρεῖς
992 3442 1215 3506 ἑαυταῖς
1247 3443 1520 3508 ἐναντίας.
1549 3446 1612 3497 0i
1639 3445 1696 3498 δὲ
1723 3444 1833 3499 νέοι

262 3529 516 3596 Ἰουδαὴ,
554 3532 925 3602 Σαμοσατῖται
953 3527 1119 3598 οὗτοι,
1151 3533 1436 3606 ἀναιροῦσι
1464 3535 1565 3606 τὴν
1596 3534 1835 3591 ὑπόστα-

253 3639 330 3677 σιν
360 3626 453 3680 τοῦ
490 3625 700 3693 Λόγου,
747 3624 834 3679 ἵνα
881 3627 1220 3697 κυριοκτόνοι
1269 3628 1364 3680 καὶ
1396 3627 1550 3681 αὐτοὶ
1585 3628 1834 3699 ἀποφαν-

252 3712 396 3779 οῶσι,
423 3715 941 3788 καὶίὲπαρνησίοεοι
979 3717 1081 3788 τῆς
1106 3719 1203 3771 τοῦ
1236 3719 1443 3791 Κυρίου
1466 3719 1626 3793 ἡμῶν
1659 3738 1834 3793 σωτη-

256 3805 367 3877 plus

1939 1890 2008 1947 ad
2035 1891 2340 1948 essentiam
2371 1889 2588 1951 attinet,
2621 1885 2930 1959 negandum
2959 1890 3240 1955 putamus.
3270 1879 3363 1935 Est
3387 1878 3535 1935 enim

1938 1983 2230 2040 divinitate
2271 1982 2416 2037 idem
2468 1988 2526 2037 et
2572 1979 2816 2036 essentia
2839 1993 2966 2032 cum
2999 1976 3164 2029 Patre
3191 1972 3397 2034 Filius,
3435 1987 3538 2027 nec

1938 2073 2008 2128 ab
2042 2087 2109 2127 eo
2149 2073 2442 2139 diversus,
2481 2079 2578 2126 aut
2607 2087 2675 2125 ex
2706 2070 2887 2124 aliena
2926 2067 3163 2137 quadam
3211 2064 3496 2135 hypostasr
3520 2101 3535 2127 ,

1938 2165 2037 2221 sed
2066 2180 2196 2222 vere
2213 2164 2398 2219 Patris
2429 2172 2483 2218 et
2505 2161 2771 2226 essentia,
2803 2167 2858 2215 et
2883 2157 3193 2230 hypostasi,
3226 2165 3280 2211 et
3307 2156 3538 2210 veritate

1938 2257 2137 2314 Filius.
2174 2256 2420 2313 Tametsi
2463 2269 2644 2325 neque
2684 2251 2849 2307 Pater
2885 2253 2957 2305 sit
3004 2248 3216 2311 Filius,
3247 2262 3426 2317 neque
3454 2244 3538 2300 Fi-

1936 2350 2047 2406 lius
2079 2350 2328 2406 vicissim
2358 2348 2560 2415 Pater;
2600 2346 2695 2403 sed
2732 2343 2904 2399 Filius
2941 2358 2973 2397 a
3007 2340 3170 2396 Patre
3208 2354 3400 2407 revera
3437 2355 3535 2411 ge-

1938 2442 2109 2499 nitus.
2162 2442 2242 2498 Ex
2282 2457 2396 2513 quo
2424 2441 2520 2502 ﬁt,
2552 2449 2613 2493 ιιι
2665 2453 2774 2493 non
2813 2436 2925 2491 duo
2965 2432 3248 2497 sint'Dii,
3303 2430 3538 2499 Filiique

1938 2534 2082 2600 duo,
2119 2549 2229 2589 non
2275 2532 2519 2604 Spiritus
2556 2531 2735 2586 sancti
2771 2529 2915 2590 duo,
2950 2526 3043 2581 scd
3079 2539 3186 2580 una
3224 2523 3297 2578 sit
3327 2523 3382 2576 in
3412 2520 3538 2575 '.l‘ri-

1938 2626 2111 2682 nitate
2144 2624 2441 2690 divinitas,
2475 2625 2665 2687 Pater,
2693 2620 2869 2676 Filius
2898 2627 2953 2675 et
2988 2616 3231 2688 Spiritus
3272 2622 3535 2676 sanctus,

1940 2718 2208 2789 planeque
2245 2714 2745 2773 consubstantialis
2784 2711 3038 2767 exsistat.
3078 2706 3215 2762 Nam
3258 2706 3375 2760 haec
3416 2704 3535 2773 ipsa
3570 2724 3578 2731 ·

1939 2825 2044 2864 vox
2085 2807 2562 2864 consubstantialis
2604 2820 2717 2861 non
2778 2799 3227 2873 conjunctionem
3249 2811 3313 2850 ac
3341 2796 3538 2849 conﬂa-

1937 2902 2146 2956 tionem
2203 2900 2489 2968 declarat;
2538 2914 2649 2954 non
2698 2896 2847 2952 enim
2892 2891 3165 2964 ejusmodi
3208 2889 3537 2946 vocabulum

1942 3008 2110 3047 unum
2164 2992 2429 3062 quiddam
2485 2989 2731 3056 indicat,
2778 3001 2960 3058 neque
2993 2983 3243 3057 germani
3302 2996 3332 3035 a
3375 2979 3540 3034 Putre

1940 3084 2064 3141 Filii
2100 3084 2470 3142 substantiam
2505 3081 2768 3146 secernit,
2806 3085 2902 3134 aut
2936 3076 3264 3149 hypostasin
3298 3073 3537 3127 alienam

1942 3177 2096 3244 facit,
2126 3185 2184 3231 ut
2216 3176 2323 3232 sibi
2353 3172 2851 3231 consubstantialis
2880 3170 3025 3226 ratio
3048 3174 3307 3224 constare
3339 3162 3534 3235 possit.

1943 3269 2224 3340 Siquidem
2266 3283 2438 3324 unum
2492 3265 2923 3331 tantummodo,
2968 3278 3079 3317 non
3120 3260 3231 3315 duo
3266 3258 3539 3330 principia

1942 3359 2165 3418 divinus
2197 3374 2382 3416 sermo
2412 3357 2695 3430 praadieat.
2722 3355 3046 3412 Convenient
3068 3394 3086 3422 ,
3122 3353 3320 3423 inquit,
3348 3351 3538 3407 domus

1940 3448 2110 3513 Iuda,
2143 3459 2193 3505 et
2222 3448 2412 3503 domus
2433 3448 2629 3512 Israel,
2653 3456 2702 3502 et
2737 3445 3059 3500 constituent
3093 3443 3194 3498 sibi
3214 3442 3342 3511 ipsis
3378 3440 3535 3510 prin-

1942 3543 2176 3612 cipatum
2201 3557 2373 3596 unum
2399 3543 2441 3597 ³.
2470 3539 2654 3607 Quare
2677 3538 2771 3610 qui
2805 3537 2916 3592 duo
2950 3534 3220 3607 principia
3243 3532 3499 3603 pr0ponit
3522 3571 3537 3594 ,

1943 3635 2171 3691 totidem
2223 3632 2364 3689 Deos
2421 3632 2691 3688 obtrudit.
2754 3627 3023 3700 Quisquis
3081 3637 3264 3681 autem
3296 3622 3537 3678 Verbum

1940 3725 2173 3798 ejusque
2200 3740 2496 3797 personam
2538 3725 2683 3780 tollit
2712 3740 2744 3778 e
2771 3720 2952 3776 medio
2971 3761 2986 3787 ,
3017 3718 3307 3774 Judaicam
3338 3713 3537 3783 impie-

1943 3823 2116 3872 tatem
2172 3815 2437 3872 ostendit.
2491 3811 2737 3869 Marcion
2787 3826 2921 3867 sane
2965 3806 3237 3879 principia
3276 3805 3416 3866 duo,
3454 3802 3540 3855 vel

252 3902 352 3957 tria
380 3903 590 3973 patius,
622 3908 677 3958 et
705 3902 924 3973 quidem
955 3905 1239 3958 contraria
1304 3904 1538 3961 invicem
1560 3945 1576 3970 ,
1648 3904 1904 3965 aiﬁrmat.
1945 3913 2016 3964 At
2061 3910 2189 3965 novi
2215 3909 2424 3976 Judazi,
2476 3906 2824 3964 Samosateni
2846 3947 2862 3972 ,
2902 3905 3127 3975 inquam
3153 3944 3170 3968 ,
3202 3900 3322 3962 isti,
3372 3896 3536 3952 Verbi

254 4008 533 4065 personam
563 3994 890 4062 detrahunt,
919 4006 977 4051 ut
1018 4004 1074 4053 et
1107 3996 1214 4068 ipsi
1244 3996 1459 4054 Domini
1503 4000 1919 4069 interfectores,
1984 4018 2050 4060 ac
2078 4005 2215 4071 Dei,
2282 4014 2338 4063 et
2383 4005 2566 4060 allata:
2604 4003 2767 4061 nobis
2827 4016 2859 4056 a
2886 3998 3121 4055 Domino
3181 3995 3377 4054 salutis
3409 3991 3537 4048 inﬂ-

254 4086 476 4144 ciatores
522 4087 857 4142 habeantur.

318 4176 426 4232 Μία
449 4178 588 4247 γοῦν
614 4180 648 4249 ἡ
675 4177 839 4249 ἀρχὴ,
868 4178 965 4232 καὶ
993 4177 1054 4243 ἐξ
1074 4178 1247 4250 αὐτῆς
1276 4181 1305 4233 6
1327 4178 1457 4244 Tib;
1483 4181 1646 4235 εἰκὼν
1674 4183 1832 4254 ἀκρι·

257 4263 378 4337 θὴς,
421 4268 587 4338 φύσει
626 4268 939 4323 ὲκτυποῦσα
974 4270 1073 4324 ’τὸν
1118 4270 1248 4326 ἴδιον
1294 4270 1515 4344 Πατέρα
1545 4274 1639 4327 καὶ
1668 4273 1833 4345 ὁμοία

2011 4181 2227 4238 Maneat
2263 4182 2433 4253 igitur
2474 4196 2646 4238 unum
2690 4194 2813 4236 esse
2855 4175 3209 4249 principium,
3256 4187 3286 4227 a
3316 4188 3426 4243 quo
3454 4172 3538 4229 Fi«

1939 4273 2049 4333 lius
2103 4276 2346 4330 manarit
2368 4313 2384 4339 ,
2426 4276 2579 4329 velut
2620 4274 2801 4343 imago
2823 4271 3070 4342 quatdam
3101 4275 3386 4333 accurata,
3416 4283 3539 4337 qua:

258 4356 388 4411 κατὰ
414 4359 599 4413 πάντα
627 4356 849 4430 τρόπον.
882 4359 1004 4413 Ὀτι
1030 4358 1164 4423 Θεὸς
1196 4361 1261 4412 ὲκ
1295 4359 1456 4426 Θεοῦ,
1487 4363 1581 4416 καὶ
1615 4363 1739 4427 Υἱὸς
1767 4364 1833 4418 ὲκ

1940 4363 2158 4422 Patrem
2204 4379 2365 4420 suum
2413 4364 2608 4420 referat
2654 4362 2914 4433 proprie,
2955 4361 3115 4429 eique
3159 4358 3214 4412 in
3278 4357 3537 4411 omnibus

259 4446 476 4521 Πατρὺς,
503 4450 641 4514 Θεὸς
665 4450 916 4521 ἀληθινὸς
940 4452 1006 4505 ὲκ
1034 4451 1171 4507 Θεοῦ
1200 4451 1480 4525 ἀληθινοῦ,
1513 4456 1610 4510 καὶ
1637 4456 1753 4524 φῶς
1773 4458 1835 4511 ὲκ

1946 4456 2144 4511 similis
2196 4456 2466 4521 exsistat;
2514 4455 2778 4524 quoniam
2817 4451 2962 4507 Deus
3005 4457 3092 4506 est
3132 4464 3200 4504 ex
3244 4448 3383 4511 Deo,
3423 4459 3475 4503 et
3505 4463 3536 4502 a

258 4537 441 4605 φωτὸς,
493 4540 597 4611 μία
627 4537 764 4594 οὖσα
801 4540 1015 4613 Θεότης,
1046 4542 1143 4597 καὶ
1175 4543 1233 4597 ἓν
1267 4543 1507 4616 ἀξίωμα.
1547 4545 1639 4599 Διό
1667 4563 1838 4617 φησι·

258 4629 597 4703 Ποιήσωμεν
622 4629 937 4702 ἄνθρωπον
980 4636 1109 4689 κατ’
1136 4636 1343 4690 εἰκόνα
1376 4636 1675 4706 ἡμετέραν
1693 4677 1707 4700 ,
1739 4639 1839 4692 καί

259 4723 375 4774 καθ’
401 4724 709 4793 ὁμοίωσιν.
744 4723 882 4778 Οὔτε
920 4726 1273 4783 Κατ”είκόνα
1294 4729 1417 4801 σὴν,
1447 4729 1536 4784 ἴνα
1561 4730 1637 4801 μὴ
1666 4729 1835 4803 διέλῃ·

258 4810 368 4866 οὐτε
391 4815 533 4869 Κατ’
564 4816 749 4871 εἰκόνα
776 4818 938 4891 ἐμὴν,
967 4820 1053 4873 ἵνα
1097 4820 1172 4891 μὴ
1216 4821 1471 4891 ἀνόμοιον
1520 4823 1616 4877 καὶ
1653 4822 1838 4877 ἄνισον

258 4903 498 4980 amcam
512 4923 528 4937 ο
550 4909 681 4962 κατ’
696 4910 901 4964 εἰκόνα
928 4909 985 4964 δὲ
1009 4911 1327 4980 ἡμετέραν·
1345 4914 1543 4979 καὶτὸ,
1568 4914 1835 4983 ποιήσω-

257 5010 377 5061 μεν,
424 4998 516 5051 ἵνα
554 4996 629 5068 μὴ
670 4998 950 5071 ἀλλότριος
1053 5003 1083 5055 6
1125 5003 1317 5075 Πατὴρ
1365 5002 1475 5057 τῶν
1523 5005 1832 5075 γενομένων

262 5087 340 5141 ὐπ’
363 5088 549 5155 αὐτοῦ,
584 5090 719 5162 μηδὲ
741 5092 770 5143 6
792 5093 1105 5165 Μονογενὴς
1137 5094 1420 5166 ἀλλότριος
1447 5095 1545 5166 τῆς
1573 5096 1836 5167 δημιουρ-
1856 5154 1869 5165 ι

259 5176 389 5243 γίας.
433 5179 596 5234 Ἀλλὰ
631 5183 662 5234 6
700 5182 887 5253 Πατὴρ
925 5183 1022 5238 σὺν
1050 5183 1130 5255 τῷ
1159 5184 1275 5255 Υίῷ
1307 5184 1649 5256 δημιουργεῖ,
1682 5186 1777 5240 καὶ
1807 5189 1837 5240 6

262 5268 394 5335 Υἱὸς,
423 5274 494 5328 δι’
521 5265 583 5327 οὐ
609 5274 680 5328 τὰ
708 5274 888 5329 πάντα
909 5277 1120 5347 γέγονε,
1160 5277 1593 5351 συνδημιουργὸς
1619 5278 1699 5349 τῷ
1726 5281 1840 5334 Πα-

1940 4547 2105 4604 Patre
2154 4548 2348 4613 Filius,
2402 4548 2548 4603 Deus
2577 4562 2740 4602 verus
2775 4545 2843 4600 de
2900 4546 3010 4599 Deo
3039 4558 3206 4609 vero,
3247 4543 3432 4597 lumen
3466 4542 3535 4598 ds

1943 4640 2177 4708 lumine,
2212 4654 2320 4694 una
2354 4639 2568 4695 scilicet
2601 4636 2882 4699 divinitas,
2916 4648 3134 4706 unaque
3158 4633 3415 4704 dignitas.
3454 4632 3538 4687 οι)

1940 4728 1994 4784 id
2048 4729 2124 4785 ita
2179 4730 2461 4800 loquitur:
2514 4726 2807 4781 Faciamus
2840 4725 3104 4779 hominem
3147 4722 3215 4776 ad
3252 4723 3536 4792 imaginem

1939 4830 2180 4875 nostram
2207 4829 2256 4874 et
2286 4816 2692 4874 similitudinem
2725 4816 2769 4869 δ.
2798 4814 2917 4869 Non
2940 4813 3023 4868 Ad
3056 4812 3350 4884 imaginem
3376 4821 3524 4865 tuam

1940 4912 2101 4977 dixit,
2126 4929 2194 4969 ne
2225 4913 2550 4968 divisionem
2574 4909 2897 4973 induceret;
2923 4920 3103 4976 neque
3123 4905 3206 4959 Ad
3239 4904 3534 4975 imaginem

1941 5021 2142 5071 meam,
2195 5021 2264 5061 ne
2316 5002 2646 5060 dissimilem
2692 5008 2747 5056 et
2795 4998 3121 5069 inaequalem
3170 4998 3530 5061 ostenderet;

1943 5097 2041 5153 sed
2066 5098 2139 5153 ad
2180 5098 2463 5169 imaginem
2489 5103 2752 5149 nostram.
2783 5090 2923 5149 Illud
2964 5106 3114 5155 vero,
3145 5076 3439 5161 faciamus,
3465 5104 3533 5144 eo

1944 5188 2221 5257 pertinet,
2253 5203 2325 5243 ne
2371 5196 2467 5242 aut
2501 5187 2573 5241 ab
2618 5185 2689 5241 iis
2718 5200 2840 5255 quae
2880 5185 3162 5256 produxit,
3194 5182 3537 5240 abalienetur

1944 5278 2126 5344 Pater,
2154 5288 2250 5336 aut
2284 5295 2314 5335 a
2346 5276 2676 5351 procreandi
2727 5277 3010 5333 iunctione
3034 5274 3208 5333 Filius
3235 5282 3537 5331 cxtraneus

324 5429 519 5487 'Joan.
560 5450 614 5497 v,
650 5434 739 5488 3i.
818 5436 840 5466 ³
865 5431 1022 5490 Joan.
1058 5449 1181 5501 vut,
1215 5434 1302 5490 i8.
1377 5435 1398 5467 ³
1424 5432 1551 5492 Ose.
1585 5450 1623 5500 ι,
1661 5436 1716 5490 5.
1790 5430 1813 5464 ⁸
1836 5432 1969 5493 Gen.
2004 5451 2044 5502 ι,
2078 5434 2168 5490 26.

327 5582 396 5665 (8)
436 5589 588 5665 Οὐδᾴ
603 5591 1020 5665 ταυζοούονιος,
1056 5589 1575 5665 ἀλλ’ᾼόμοούσιος.
1605 5590 1832 5665 Difﬁcile

1940 5605 2002 5647 ac
2034 5591 2401 5665 substantiam
2432 5593 2509 5648 ita
2536 5593 2755 5665 penitus
2778 5590 3049 5665 eamdem,
3076 5596 3137 5645 ut
3171 5601 3241 5643 nc
3270 5596 3532 5659 persona-

266 5662 339 5735 Ϋδι
358 5660 710 5735 ῖαυττξούσιογ,
730 5657 920 5735 Liuilla
954 5660 1045 5735 Si“;
1059 5657 1391 5735 ,εἰριζῖηῖθΐθν
1408 5669 1467 5716 ut
1493 5657 1561 5717 ab
1588 5678 1655 5718 eo
1679 5663 1827 5735 Quod
1937 5679 2058 5719 rum
2089 5661 2310 5735 quidem
2337 5657 2636 5721 discrimen
2660 5663 2937 5719 admittat.

265 5732 336 5777 est
360 5727 635 5799 ὁμοούσιον
657 5730 988 5805 distinguas.
1013 5727 1296 5804 Signiﬁcat
1323 5741 1503 5791 autem
1522 5727 1823 5792 csseniiam

3386 5768 3427 5791 υ
