4078 6450
459 299 536 353 27
1859 295 1920 353 S.
1967 295 2310 351 EPIPHANII
3679 294 3754 350 ‘28

462 425 702 487 putetur.
743 415 813 469 At
848 430 980 470 vero
1016 415 1180 471 Pater
1207 434 1315 472 una
1348 431 1472 470 cum
1509 416 1678 487 616
1728 414 1871 471 Filio
1900 416 2057 472 moli-

2181 417 2284 487 ςρί,
2316 416 2408 470 καὶ
2443 416 2532 468 διὰ
2562 415 2621 468 τὸ
2653 415 2710 481 ἐξ
2749 415 2915 468 αὑτοῦ
2946 414 3306 487 γεγεννῆσθαι
3347 413 3439 466 τὸν
3475 414 3637 479 Υἰὸν,
3668 409 3752 478 εἷς

460 521 586 574 tur;
621 507 796 565 Filius
820 510 982 573 item,
1016 526 1114 580 per
1144 525 1308 580 quem
1345 509 1486 563 facta
1520 516 1651 564 sunt
1689 509 1895 572 omnia,
1925 524 2056 578 ope-

464 603 546 656 ris
581 609 638 654 et
665 601 784 671 ipse
820 617 946 656 eum
981 601 1146 657 Patre
1187 610 1275 657 est
1307 601 1528 656 artifex.
1569 598 1711 654 Tum
1740 601 1869 670 quia
1888 599 2058 656 Filius

465 694 537 746 ab
566 693 661 747 illo
703 693 925 763 genitus
967 701 1089 758 est,
1143 710 1290 750 unus
1333 692 1722 764 perfectusque
1760 692 1944 757 Deus,
1989 707 2058 747 ex

465 785 629 840 Patre
673 787 916 855 perfecto
948 827 964 852 ,
1011 796 1068 843 et
1104 787 1334 858 perfecti
1367 786 1488 841 Filii
1539 785 1815 857 perfectus
1859 783 2057 852 Pater;

465 878 560 946 qui
590 879 812 946 quidem
840 887 1084 949 paterna!
1110 878 1463 950 perfectionis
1492 879 1787 950 imaginem
1819 879 2052 946 obtinet,

466 967 650 1038 imago
682 967 907 1024 minime
928 970 1286 1040 aspectabilis
1314 969 1431 1032 Dei,
1451 984 1565 1026 non
1593 969 1850 1040 imaginis
1870 985 2058 1025 exem-

2164 509 2298 572 Θεὸς
2328 507 2531 570 τέλειος
2558 508 2623 560 ἐκ
2658 507 2865 560 τελείου
2907 507 3121 578 Πατρὸς
3140 547 3155 567 ,
3188 507 3284 559 καὶ
3317 504 3505 578 Πατὴρ
3546 505 3750 570 τέλειος

2164 603 2373 656 τελείου
2405 599 2538 654 Υἰοῦ
2561 641 2577 666 ,
2604 600 2707 668 τῆς
2739 600 3016 670 πατρικῆς
3044 599 3376 671 τελειότητος
3403 599 3620 670 ἔχοντος
3651 600 3753 670 τὴν

2163 695 2385 758 εἰκόνα,
2433 690 2597 745 εἰκὼν
2639 691 2776 744 Θεοῦ
2821 692 2918 746 τοῦ
2964 693 3237 762 ἀοράτου,
3282 692 3345 745 οὐ
3399 691 3753 762 παράδειγμα

2164 788 2392 850 εἰκόνος,
2421 785 2521 839 οὐκ
2544 783 2709 837 εἰκὼν
2735 784 2972 848 εἰκόνος,
3002 785 3103 838 οὐκ
3135 785 3410 856 ἀνόμοιος,
3439 784 3555 839 ἀλλ’
3583 783 3752 837 εἰκὼν

2162 879 2258 931 τοῦ
2291 876 2524 948 Πατρδς,
2559 876 2646 928 ἵνα
2673 876 2735 930 τὸ
2761 876 3181 948 ἀπαράλλακτον
3212 875 3359 947 δείξῃ
3392 877 3491 948 τῆς
3520 875 3630 931 ἀπὸ
3650 875 3751 930 τοῦ

2164 970 2404 1041 ἁνάρχου
2437 969 2534 1022 καὶ
2563 967 2796 1039 ἀχρόνου
2827 969 3132 1040 γεννήσεως
3157 970 3216 1021 ἐν
3241 967 3493 1039 ἀληθεία.

467 1063 640 1130 plum,
676 1079 858 1134 neque
879 1065 1139 1136 imaginis
1161 1067 1362 1137 imago,
1399 1081 1581 1136 neque
1603 1065 1926 1133 dissimilis;
1966 1065 2063 1122 sed
2105 1065 2287 1137 imago
2327 1067 2529 1134 Patris,
2595 1074 2657 1123 ut
2710 1066 3056 1124 verissimam
3086 1064 3234 1118 illam
3279 1078 3310 1116 a
3351 1062 3513 1118 Patre
3540 1061 3751 1133 princi-

465 1158 540 1226 pii
573 1173 637 1211 ac
681 1157 947 1227 temporis
983 1168 1207 1228 experte
1258 1159 1668 1226 generationem
1717 1157 1868 1211 nulla
1919 1158 1974 1211 in
2002 1173 2063 1213 re
2094 1160 2304 1213 variam
2334 1159 2772 1232 dissimilemque
2794 1164 3146 1230 monstraret.

537 1253 905 1319 Quamobrem
938 1253 1118 1324 imago
1148 1252 1330 1308 Patris
1355 1262 1441 1309 est
1487 1252 1678 1309 Filius.
1717 1251 1853 1307 Nam
1883 1261 1940 1308 et
1967 1267 2057 1308 re-

468 1361 564 1415 ges
607 1359 708 1414 pro
749 1359 817 1398 eo
859 1344 1008 1414 quod
1053 1345 1348 1416 imaginem
1395 1345 1635 1409 habent,
1683 1360 1796 1400 nou
1846 1343 2061 1399 idcirco

470 1451 624 1506 reges
661 1435 772 1490 duo
823 1446 994 1500 sunt,
1037 1437 1133 1491 sed
1182 1452 1328 1492 unus
1372 1453 1467 1493 rex
1508 1450 1595 1493 est
1631 1437 1906 1492 duntaxat
1932 1452 2059 1492 cum

468 1527 706 1596 imagine
735 1541 855 1582 sua.
904 1526 1014 1582 Nec
1060 1544 1230 1582 unum
1262 1527 1525 1598 quiddam
1551 1537 1640 1584 est
1678 1529 1899 1584 duabus
1925 1543 2062 1582 cou-

468 1627 625 1674 staus
660 1619 913 1690 partibus
953 1619 1363 1690 imperfectum.
1404 1619 1606 1676 Verum
1644 1619 1923 1690 perfectus
1956 1618 2062 1673 Pa-

468 1723 576 1776 ter,
611 1713 891 1782 perfectus
935 1710 1148 1778 Filius,
1191 1712 1472 1782 perfectus
1523 1710 1765 1783 Spiritus
1811 1719 2059 1767 sanctus.

471 1802 586 1873 Ego
616 1805 782 1870 enim,
818 1803 1020 1873 inquit,
1053 1805 1108 1857 in
1138 1803 1304 1858 Patre
1335 1805 1376 1871 ³,
1415 1820 1526 1858 non
1553 1803 1622 1858 ad
1654 1819 1781 1859 eum
1819 1803 2064 1868 modum,
2095 1783 2140 1841 Β

467 1912 582 1967 quo
607 1897 660 1950 in
695 1897 935 1952 hominis
966 1895 1135 1951 corde
1174 1912 1360 1951 sermo
1385 1905 1509 1961 est,
1538 1895 1635 1951 sed
1671 1895 2066 1966 intelligibilem

464 2006 598 2046 cum
640 1988 783 2044 Filio
812 1988 1032 2044 Patrem
1058 1997 1112 2044 et
1143 1988 1343 2043 Filium
1375 2005 1404 2042 a
1435 1988 1598 2043 Patre
1637 1989 1884 2059 genitum
1917 2003 2068 2043 asse-

472 2083 669 2136 rimus.
713 2081 1073 2151 Nequaquam
1113 2095 1244 2135 vero
1296 2080 1441 2135 Deus
1477 2081 1569 2135 ille
1590 2079 1831 2135 Verbum
1874 2079 1929 2133 in
1962 2080 2066 2133 ho-

471 2172 676 2226 minem
711 2171 864 2226 velut
895 2171 951 2224 in
981 2170 1326 2224 domicilium
1359 2169 1636 2240 quoddam
1672 2170 1844 2224 subiit
1880 2187 1893 2222 :
1929 2168 2067 2226 adeo

474 2270 556 2321 ut.
590 2269 954 2333 posteaquam
984 2260 1151 2316 homo
1172 2261 1393 2332 genitus
1424 2267 1530 2327 est,
1564 2261 1885 2331 apparuerit
1917 2260 1972 2314 in
2001 2275 2068 2315 eo

474 2353 739 2416 Verbum,
769 2351 921 2423 quod
963 2352 1018 2406 in
1058 2355 1203 2407 caelo
1241 2360 1507 2421 praeterea
1551 2351 1634 2406 sic
1661 2390 1677 2414 ,
1709 2358 1973 2422 tanquam
2012 2351 2067 2405 in

474 2445 717 2499 hominis
745 2442 916 2499 corde
945 2443 1128 2498 'sermo
1152 2483 1168 2506 ,
1209 2443 1416 2499 inesset
1453 2443 1510 2496 iu
1543 2441 1728 2498 Patre.
1761 2442 1888 2498 Haec
1921 2443 2068 2498 enim

472 2537 727 2609 dogmata
781 2553 849 2592 ex
910 2537 1121 2590 furioso
1172 2534 1439 2591 daemonis
1485 2535 1668 2590 aﬂlatu
1716 2535 2067 2605 prodierunt,

476 2631 846 2701 abnegatique
870 2628 1121 2683 funditus
1150 2626 1244 2683 Dei
1269 2635 1430 2682 notas
1454 2643 1568 2698 pra:
1596 2643 1657 2683 se
1687 2627 1890 2683 ferunt.

548 2721 639 2775 IX.
678 2722 817 2777 Cum
857 2721 1022 2791 igitur
1047 2735 1224 2790 pauca
1255 2719 1394 2784 hzec,
1425 2735 1548 2791 qua:
1578 2719 1846 2775 hactenus
1879 2718 2072 2789 dispu-

477 2814 758 2881 tavimus,
808 2814 876 2868 ad
931 2813 1083 2870 illius
1129 2811 1530 2868 confutandam
1577 2812 1836 2868 haeresim
1879 2812 2073 2867 idonea

476 2920 603 2960 esse
663 2903 1006 2974 iudicemus;
1058 2918 1238 2973 neque
1281 2903 1430 2958 enim
1484 2910 1801 2974 expugnatu
1839 2903 2075 2958 dilIicilis

479 2997 698 3050 illorqu
738 2997 823 3051 vis
851 3007 968 3060 est,
1003 3011 1107 3051 nec
1131 2995 1430 3066 ejusmodi,
1469 2996 1698 3052 minime
1738 3003 1800 3050 ut
1833 2995 2075 3067 pruden-

480 3089 627 3142 tibus
645 3088 903 3143 omnibus
932 3089 1112 3158 possit
1139 3089 1348 3155 everti;
1375 3104 1524 3156 cum,
1545 3089 1792 3159 inquam,
1827 3089 2075 3144 veritatis

482 3179 734 3248 dogmate
763 3180 1131 3249 doctrinaque
1159 3179 1449 3250 spinarum
1497 3178 1649 3234 illius
1677 3180 1892 3235 radices
1925 3180 2074 3234 exci-

480 3271 746 3338 derimus,
779 3271 1046 3342 ejusque,
1083 3280 1146 3325 ut
1183 3272 1259 3326 ita
1294 3271 1477 3326 dicam
1499 3311 1515 3336 ,
1548 3271 1703 3328 virus
1743 3272 2074 3328 exstinxeri-

483 3378 626 3428 mus,
661 3380 726 3418 ac
762 3364 1032 3418 letiferum
1086 3363 1237 3418 illius
1285 3378 1558 3418 venenum
1611 3364 2073 3433 patefecerimus,

481 3461 772 3524 postquam
817 3455 1032 3510 scilicet
1064 3456 1453 3524 opitulatorem
1484 3470 1613 3510 cum
1656 3453 1801 3510 Filio
1829 3454 2073 3522 Patrem,

479 3549 575 3617 qui
613 3564 741 3604 vere
781 3557 890 3613 est,
938 3549 1359 3615 invocavimus,
1393 3559 1448 3605 et
1491 3548 1694 3604 Filium
1727 3565 1857 3606 vere
1900 3549 2077 3606 subsi-

483 3649 740 3705 stentem,
770 3655 835 3694 ac
860 3642 1137 3711 genitum,
1173 3656 1389 3696 necnon
1433 3649 1490 3695 et
1518 3640 1783 3711 Spiritum
1823 3651 2075 3697 sanctum

486 3732 877 3786 subsistentem
905 3732 1029 3801 ejus
1059 3732 1326 3802 Spiritum
1353 3747 1417 3786 ac
1444 3733 1762 3797 salutarem,
1797 3733 2079 3804 totiusque

489 3823 637 3878 illius
661 3821 1156 3878 administrationis
1170 3837 1233 3878 ac
1253 3832 1527 3892 suscepta:
1545 3823 1733 3878 carnis
1757 3832 2040 3879 auctorem
2060 3839 2075 3888 ;

487 3915 811 3986 qumstionis
863 3915 933 3971 ab
967 3916 1126 3971 novis
1169 3915 1280 3970 illis
1317 3914 1524 3972 Judazis
1569 3917 1866 3986 proposita:
1902 3917 2081 3987 capite

489 4023 587 4076 per
619 4007 813 4063 mortis
841 4015 1105 4077 tropaeum
1137 4047 1154 4072 ,
1202 4022 1425 4063 crucem
1453 4008 1688 4074 scilicet,
1718 4008 2078 4076 comminuto,

489 4098 558 4152 ad
594 4099 836 4168 reliquas
872 4107 1239 4154 transeamus.

559 4189 832 4244 Caeterum
880 4191 1082 4260 vipera:
1122 4190 1400 4261 quoddam
1439 4207 1614 4262 genus
1656 4201 1773 4259 est,
1826 4193 2080 4264 dryinam

495 4291 734 4347 vocant,
803 4281 880 4336 illi
911 4283 1138 4338 haeresis
1185 4283 1458 4338 conditori
1514 4300 1680 4354 quam
1709 4287 2080 4343 simillimum.

489 4376 646 4442 Quod
678 4384 736 4429 ut
781 4376 1078 4446 plurimum
1109 4375 1165 4430 in
1210 4376 1395 4433 herbis
1438 4387 1535 4433 aut
1585 4379 1903 4450 quercubus
1946 4379 2084 4434 deli-

492 4470 658 4525 tescit
712 4468 882 4540 [unde
912 4469 962 4524 ei
987 4469 1198 4540 dryina:
1225 4484 1425 4526 nomen
1456 4479 1564 4539 est,
1589 4486 1655 4526 eo
1684 4471 1831 4542 quod
1857 4471 2086 4526 arbores

489 4569 842 4616 consectetur
884 4569 1049 4630 atque
1089 4562 1236 4615 inter
1271 4561 1399 4616 folia
1435 4578 1558 4632 quae
1592 4579 1660 4618 ex
1705 4563 1902 4618 arbore
1935 4561 2084 4617 deci-

490 4653 631 4708 dunt
671 4653 892 4722 jacens,
927 4653 1092 4724 617
1129 4653 1400 4724 cujusque
1439 4655 1494 4708 in
1527 4670 1588 4712 se
1630 4655 1966 4710 viriditatem
1990 4671 2088 4711 ex-

494 4745 740 4817 primat,]
773 4762 836 4800 ac
867 4746 995 4800 licet
1023 4761 1131 4801 non
1163 4747 1301 4801 adeo
1335 4748 1593 4803 acerbqu
1627 4746 1872 4802 dolorem
1904 4747 2089 4803 inurat

495 4840 600 4895 hoc
638 4839 862 4905 animal,
896 4846 1082 4894 tamen
1113 4840 1161 4896 si
1194 4839 1408 4895 diutius
1441 4840 1596 4894 virus
1637 4837 1966 4904 adharserit,
2002 4839 2084 4894 le-

493 4943 615 4986 tum
661 4930 815 4986 affert
857 4932 1092 4987 :eodem
1130 4948 1361 5003 prorsus
1393 4932 1558 4986 modo
1607 4931 1900 4986 haereticus
1946 4929 2084 4995 iste,

495 5039 623 5078 cum
665 5031 816 5076 secta
850 5037 953 5078 sua
984 5024 1051 5110 ad
1091 5025 1277 5078 omnia
1309 5039 1433 5080 sese
1467 5039 1665 5095 genera
1706 5023 2086 5078 institutorum

497 5115 805 5185 applicans,
834 5113 904 5169 iis
945 5129 1004 5168 se
1034 5130 1198 5184 quam
1249 5117 1591 5171 simillimum
1629 5115 1833 5181 edicit;
1871 5130 1997 5168 nam
2034 5121 2090 5169 et

496 5206 708 5262 Christi
757 5205 863 5261 sibi
895 5207 1316 5275 appellationem
1359 5209 1656 5278 imposuit,
1687 5216 1742 5263 et
1770 5205 2087 5262 Judaeorum

499 5302 756 5371 dogmata
793 5297 1114 5368 profitetur;
1141 5305 1345 5352 etcum
1381 5297 1619 5354 Verbum
1651 5315 1775 5356 esse
1803 5299 2090 5354 Christum

501 5392 758 5456 fateatur,
792 5408 901 5446 non
933 5405 1057 5445 cum
1092 5399 1276 5444 tamen
1316 5407 1439 5452 esse
1464 5432 1478 5454 ,
1521 5407 1706 5447 secum
1754 5392 1940 5448 animo
1979 5400 2093 5447 sta-

503 5485 625 5537 tuit.
661 5483 908 5555 Denique
931 5486 984 5539 in
1027 5483 1304 5554 plerisque
1343 5499 1403 5536 se
1436 5483 1558 5537 sine
1592 5483 1703 5537 ullo
1741 5485 1951 5553 pudore
1983 5494 2091 5538 tra-

502 5576 673 5632 ducit.
707 5579 880 5649 Cujus
910 5595 1011 5634 nos
1041 5577 1318 5645 doctrina,
1346 5578 1458 5634 sive
1485 5576 1669 5647 potius
1696 5564 1905 5646 ἕποιο,
1939 5577 2094 5634 Chri-

581 5733 596 5766 ⁸
625 5730 784 5794 han.
829 5751 938 5802 xiv,
973 5735 1055 5790 10.

2237 1256 2415 1310 Εἰκὼν
2440 1257 2622 1310 τοίνυν
2648 1257 2678 1310 ὁ
2711 1256 2841 1319 Υἰὸς
2877 1253 2973 1308 τοῦ
3003 1252 3237 1324 Πατρός.
3282 1250 3392 1304 Καὶ
3429 1249 3540 1322 γὰρ
3577 1251 3671 1304 καὶ
3699 1251 3754 1304 οἰ

2170 1351 2410 1421 βασιλεῖς
2454 1351 2516 1404 οὐ
2548 1351 2637 1404 διὰ
2676 1349 2738 1404 τὸ
2782 1349 2929 1419 ἔχειν
2976 1347 3163 1400 εἰκόνα
3193 1345 3288 1398 δύο
3331 1345 3438 1398 εἰσί
3473 1343 3714 1413 βασιλεῖς
3734 1382 3753 1408 ,

2169 1443 2305 1497 ἀλλά
2356 1441 2612 1513 βασιλεὺς
2658 1435 2742 1505 εἷς
2789 1441 2888 1494 σὺν
2929 1441 2996 1510 τῇ
3049 1439 3223 1492 εἰκόνι
3280 1438 3401 1508 (εἰς
3451 1437 3751 1506 βασιλεῖς).

2169 1536 2306 1606 Οὐχὶ
2327 1537 2387 1589 ἓν
2420 1553 2475 1588 τι
2507 1536 2572 1588 ἐκ
2612 1533 2707 1588 δύο
2742 1533 2928 1604 μερῶν
2959 1531 3149 1594 ἀτελὲς
3188 1531 3463 1600 ὑπάρχονο
3502 1530 3638 1583 ἀλλὰ
3665 1528 3758 1583 τι.

2167 1628 2311 1691 λειος
2355 1629 2384 1680 ὁ
2431 1627 2644 1697 Πατὴρ,
2686 1626 2892 1689 τέλειος
2949 1625 2980 1677 δ
3021 1624 3182 1687 Υἱὸς,
3230 1623 3436 1677 τέλειον
3486 1623 3548 1676 τὸ
3600 1621 3758 1692 ἅγιον

2169 1717 2416 1788 Πνεῦμα.
2465 1716 2614 1786 Ἐγὼ
2648 1717 2759 1786 γὰρ
2795 1717 2864 1768 ἐν
2891 1715 2972 1779 τῷ
3008 1715 3217 1782 Πατρίο
3249 1714 3349 1784 ούχ
3385 1713 3462 1776 ὡς
3494 1712 3650 1781 λόγος
3697 1713 3758 1766 ἐν

2169 1810 2369 1882 καρδίᾳ
2399 1808 2692 1880 ἀνθρώπου
2713 1821 2732 1838 ο
2769 1807 2908 1862 ἀλλὰ
2943 1805 3162 1877 Πατέρα
3198 1805 3420 1877 οῐδαμεν
3444 1805 3635 1876 νοητὸν
3658 1807 3760 1859 σὺν

2351 1902 2448 1955 καὶ
2481 1901 2609 1954 Υἰδν
2651 1899 2761 1954 ἀπὺ
2792 1898 3008 1970 Πατρὺς
3047 1898 3468 1968 γεγεννημένον.
3514 1896 3626 1950 Καὶ
3657 1897 3760 1966 οὐχ

2168 1994 2246 2058 ὡς
2283 1996 2340 2046 ἐν
2366 1991 2642 2064 ἀνθρώπῳ
2678 1991 2848 2046 ἐλθὼν
2869 1993 2950 2054 εἰς
2975 1992 3292 2062 οἰκητήριον
3316 1990 3346 2042 ὁ
3369 1989 3513 2052 θεῖος
3548 1989 3720 2057 Λόγος
3740 2004 3760 2021 ο

2169 2085 2266 2140 καὶ
2302 2086 2442 2157 μετὰ
2475 2086 2538 2139 τδ
2570 2082 2933 2155 γεγεννῆσθαι
2975 2083 3211 2153 ὀφθέντα
3252 2083 3312 2135 ἐν
3345 2081 3495 2152 αύτῷ
3521 2082 3611 2136 τὸν
3653 2081 3761 2134 Ad-

2168 2197 2285 2248 γον,
2314 2179 2409 2233 καὶ
2439 2177 2602 2232 πάλιν
2626 2178 2685 2230 ἐν
2716 2175 2837 2246 Θεῴ
2865 2176 3180 2247 ὑπάρχοντα
3213 2175 3348 2240 ἀνω,
3375 2175 3451 2237 ὡς
3476 2177 3533 2227 ἐν
3563 2175 3762 2245 καρδίᾳ

2168 2273 2460 2344 ἀνθρώπου
2485 2271 2664 2340 λόγος.
2688 2268 2873 2323 Ταῦτα
2896 2267 3006 2336 γάρ
3021 2269 3120 2337 τῆς
3141 2267 3235 2321 τοῦ
3258 2268 3511 2338 δαίμονος
3532 2267 3763 2338 ἐμϐρον-

2169 2365 2381 2437 τήσεώς
2413 2365 2553 2430 ἐστι,
2589 2364 2684 2418 καὶ
2720 2362 3146 2434 ἐπαρνησιθείας
3191 2362 3374 2432 πάσης
3407 2361 3600 2432 ἔχοντα
3635 2359 3763 2423 τοὺς

2171 2457 2548 2528 χαρακτῆραςο

2244 2735 2322 2790 Θν.
2355 2733 2542 2788 Ταῦτα
2569 2733 2626 2788 δέ
2659 2731 2730 2787 τὰ
2754 2732 2911 2801 ὀλίγα
2930 2731 3070 2805 πρὸς
3103 2729 3200 2801 τὴν
3225 2731 3416 2783 τούτου
3441 2729 3651 2799 αἵρεσιν
3672 2744 3778 2783 κα-

2173 2825 2282 2889 λῶς
2301 2824 2447 2895 ἔχειν
2475 2824 2871 2894 δοκιμάσαντες
2896 2839 2909 2852 ·
2939 2821 3001 2874 οὐ
3036 2820 3305 2892 δυσχερὴς
3335 2818 3445 2890 γὰρ
3489 2820 3524 2889 ἡ
3555 2815 3767 2872 τούτων

2174 2916 2407 2988 δύναμις
2428 2955 2443 2980 ,
2483 2915 2608 2968 οὔτε
2663 2915 2738 2985 μὴ
2790 2913 3062 2984 δυναμένη
3103 2913 3211 2966 ὑπὸ
3256 2913 3476 2966 πάντων
3527 2908 3767 2964 συνετῶν

2176 3008 2582 3080 ἀνατρέπεσθαι
2603 3025 2615 3036 ⁸
2654 3007 2736 3060 διὸ
2761 3006 2854 3059 καὶ
2880 3004 3072 3058 τούτου
3109 3004 3209 3066 τὰς
3257 3002 3414 3075 ῥίζας
3446 3001 3554 3054 τῶν
3597 3001 3768 3053 ἀκαν-

2178 3102 2289 3156 θῶν
2314 3101 2639 3172 ἐκτεμόντες
2659 3099 2737 3170 τῷ
2763 3100 2861 3170 τῆς
2889 3098 3147 3168 ἀληθείας
3175 3095 3493 3166 κηρύγματι
3524 3094 3620 3146 καὶ
3645 3108 3769 3162 φρο-

2177 3196 2404 3266 νήματι.
2439 3193 2535 3247 καὶ
2562 3191 2656 3246 τδν
2687 3192 2784 3255 ἰὸν,
2809 3191 2886 3254 ὡς
2916 3191 3112 3253 εἰπεῖν,
3137 3187 3563 3248 ἀποσϐέσαντες,
3595 3184 3688 3236 καὶ
3710 3181 3772 3236 τὸ

2176 3289 2504 3360 δηλητήριον
2541 3286 2733 3339 τούτου
2776 3277 3178 3355 προδείξαντες,
3218 3281 3311 3334 τὸν
3343 3279 3560 3348 ἀρωγὸν
3591 3279 3772 3330 ἐπικε-

2177 3381 2442 3452 κλημένοι
2474 3381 2572 3433 σὺν
2601 3377 2716 3447 Υἰῷ
2750 3375 2997 3447 Πατέρα,
3025 3373 3116 3428 τὸν
3139 3374 3311 3436 ὅντως
3335 3371 3488 3436 ὄντα,
3519 3370 3614 3424 καὶ
3643 3368 3774 3422 Υἰὸν

2178 3473 2349 3535 ὅντως
2423 3469 2791 3524 ἐνυπόστατον
2847 3464 3247 3535 γεγεννημένον
3266 3502 3282 3526 ,
3350 3463 3447 3516 καὶ
3497 3462 3563 3516 τὸ
3614 3460 3773 3528 ἅγιον

2179 3562 2410 3634 Πνεῦμα
2455 3561 2518 3616 τὸ
2563 3558 2732 3616 αὐτοῦ
2771 3557 2999 3628 Πνεῦμα
3034 3554 3423 3618 ἐνυπὸστατον,
3468 3553 3566 3607 καὶ
3600 3553 3775 3622 σωτή-

2184 3673 2298 3726 ριον
2329 3654 2432 3724 τῆς
2457 3652 2792 3722 οἰκονομίας,
2823 3649 2925 3719 τῆς
2954 3647 3223 3719 ἐνσάρκου
3253 3644 3654 3718 πραγματείας,
3683 3642 3776 3696 διὰ

2180 3743 2277 3798 τοῦ
2310 3744 2574 3815 τροπαίου
2603 3740 2699 3794 τοῦ
2723 3739 2865 3794 κατὰ
2894 3739 3145 3802 θάνατον,
3172 3735 3267 3790 τοῦ
3298 3733 3566 3806 σταυροῦ,
3604 3733 3771 3804 φημὶ,

2180 3838 2281 3909 τὴν
2321 3834 2566 3906 κεφαλὴν
2598 3832 2788 3886 τούτου
2829 3831 3110 3902 ῥήξαντες,
3155 3827 3251 3882 τοῦ
3301 3826 3616 3898 ζητήματος
3664 3824 3777 3878 τῶν

2183 3928 2318 3981 νέων
2358 3924 2626 3979 Ἰουδαίων
2645 3964 2660 3989 ,
2687 3923 2782 3976 ἐπὶ
2811 3921 2910 3986 τὰς
2943 3919 3072 3990 ἑξῆς
3105 3920 3297 3990 ίωμεν,
3326 3912 3373 3972 ὦ
3405 3915 3699 3988 ἀγαπητοί.

2255 4194 2486 4266 Δρυΐνας
2511 4191 2621 4262 γάρ
2653 4209 2739 4255 τις
2767 4189 2882 4262 ἔχις
2907 4188 3052 4243 οὕτω
3087 4188 3394 4260 καλουμένη
3428 4187 3603 4258 τούτῳ
3633 4185 3776 4239 ἔοικε

2185 4287 2264 4358 τῷ
2288 4287 2637 4359 αἰμσιάρχη,
2685 4286 2774 4348 Ὠς
2813 4283 3040 4354 δρυίνας
3072 4281 3293 4351 λέγεται
3327 4281 3428 4352 μὲν
3465 4274 3605 4333 εἶναι
3641 4277 3776 4347 ἔχις,

2189 4379 2343 4452 παρὰ
2382 4377 2440 4431 δὲ
2466 4377 2566 4441 τὰς
2603 4375 2824 4444 Magi)
2875 4374 2970 4427 καὶ
3000 4372 3167 4445 δρῦας
3213 4371 3522 4443 ἐμφωλεύει
3561 4367 3780 4438 συνεχέ-

2193 4488 2397 4526 στατα·
2439 4468 2521 4522 διὸ
2550 4468 2646 4522 καὶ
2684 4467 2907 4537 δρυῒνας
2944 4463 3210 4528 καλεῖται,
3236 4461 3348 4516 ἀπὸ
3398 4459 3494 4514 τοῦ
3539 4458 3778 4529 φιλόδεν-

2191 4565 2320 4636 δρον
2369 4561 2502 4615 αὐτὸ
2552 4557 2692 4614 εἶναι
2713 4599 2728 4623 ,
2765 4558 2860 4612 καὶ
2899 4557 3064 4610 ἐαυτὸ
3104 4552 3463 4624 παρεικάζειν
3508 4549 3781 4622 ἀναμέσον

2193 4656 2304 4710 τῶν
2328 4656 2395 4708 ἐκ
2420 4654 2530 4707 τῶν
2551 4653 2785 4723 δένδρων
2826 4647 3168 4720 ῥιπτομένων
3193 4646 3409 4716 φύλλων
3444 4647 3513 4715 τῇ
3549 4643 3780 4696 ἑκάστου

2194 4745 2528 4817 χλωρότητι·
2562 4741 2624 4795 ού
2661 4739 2918 4794 τοσοῦτον
2943 4739 3001 4792 δὲ
3049 4733 3188 4792 εἶναι
3221 4734 3479 4806 ὀδυνηρὸν
3514 4733 3579 4786 τὸ
3608 4730 3746 4796 ζῶον
3764 4746 3780 4760 ο

2194 4837 2291 4890 ἐὰν
2321 4836 2380 4888 δὲ
2424 4833 2717 4906 ἐπιμείνῃ,
2749 4830 2978 4885 θάνατον
3005 4829 3257 4901 ἐμποιεῖν
3280 4843 3294 4857 ο
3327 4825 3503 4888 οὕτως
3540 4822 3651 4892 γὰρ
3691 4819 3785 4874 καὶ

2193 4923 2370 4993 οὗτος,
2399 4927 2495 4981 καὶ
2527 4926 2562 4997 η
2589 4926 2684 4978 ἀπ’
2711 4923 2879 4978 αὐτοῦ
2905 4922 3117 4993 αἵρεσις
3144 4919 3363 4973 πάντων
3388 4913 3640 4986 ἀριθμῶν
3665 4913 3786 4966 ἐαυ-

2193 5021 2286 5075 τὸν
2324 5017 2714 5083 ἀπεικάζεται.
2769 5014 3008 5087 Χριστοῦ
3061 5013 3161 5084 μὲν
3204 5011 3380 5080 ὄνομα
3414 5005 3783 5076 ἐνδεδυμένος,

2209 5111 2478 5165 Ἰουδαίων
2509 5109 2568 5163 δὲ
2605 5108 2669 5162 τὸ
2697 5108 2956 5180 φρόνημα
2986 5102 3427 5175 ἐπανῃρημένος,
3450 5100 3621 5166 Λόγον
3647 5099 3784 5167 Χρι-

2198 5203 2323 5258 στὸν
2351 5201 2649 5272 ὁμολογῶν,
2678 5201 2780 5254 οὐκ
2807 5199 2937 5253 ὄντα
2959 5198 3017 5252 δὲ
3046 5196 3236 5251 τοῦτον
3256 5193 3653 5264 διανοούμενος.
3676 5191 3788 5244 Καὶ

2199 5298 2257 5348 ἐν
2292 5295 2506 5358 πολλοῖς
2551 5293 2743 5348 ἐαυτὸν
2790 5289 3142 5363 θριαμϐεύων
3171 5288 3273 5343 οὐκ
3323 5285 3661 5356 αἰσχύνεται.
3708 5273 3785 5335 υῦ

2201 5389 2296 5444 καὶ
2323 5387 2422 5458 τὴν
2459 5385 2724 5440 δοκοῦσαν
2760 5383 3132 5448 διδασκαλίαν,
3167 5382 3377 5452 πλάνην
3417 5380 3479 5433 δέ
3505 5376 3691 5442 οὖσαν,
3728 5379 3789 5430 ἐν

2201 5483 2280 5553 τῷ
2317 5482 2629 5551 ὑποδήματι
2676 5481 2771 5533 τοῦ
2816 5478 3054 5550 Χριστοῦ
3092 5475 3652 5546 καταπεπατηκότες,
3693 5473 3788 5526 καὶ

2202 5579 2269 5650 τῇ
2309 5575 2473 5648 σμίλῃ
2505 5577 2568 5646 τῇ
2595 5575 2814 5645 ἰατρικῇ
2850 5573 2943 5627 τοῦ
2982 5571 3319 5641 Εύαγγελίου
3351 5572 3473 5635 τοὺς
3520 5566 3784 5639 δεδηγμέ-
