4078 6404
189 285 256 342 ἳθ
834 284 1211 345 ADVERSUS
1252 285 1595 344 IIA‘IRESES
1637 286 1766 344 LIB.
1804 287 1868 345 11.
1911 288 2074 347 ΤΟΜ.
2117 290 2181 346 ΙΙ.
2220 320 2292 334 -
2330 288 2605 347 ΠᾹΞΒΕΞ.
2643 289 2831 349 LXVI‘.
3406 287 3480 343 50
3556 298 3561 303 ‘

187 416 306 463 νους
337 397 677 469 ἀμύξαντες,
726 399 819 453 τόν
854 418 910 453 τε
946 400 1023 455 ἱὸν
1056 402 1153 455 ἀπ’
1194 402 1375 457 αὐτῶν
1414 403 1782 476 ἐκκρίνοντες,

1912 409 1963 461 ιιί
2014 407 2161 464 velut
2204 408 2397 465 calceo
2434 410 2786 480 proculcato,
2828 406 3153 478 medicoque
3197 404 3478 476 Evangelii

189 492 280 547 ἐπὶ
327 492 429 564 τὴν
473 490 591 546 τῶν
630 492 757 565 ἑξῆς
796 492 1086 564 διήγησιν,
1116 494 1192 558 ὡς
1229 498 1523 570 προεῖπον,
1569 497 1786 551 ἐλευσό-

194 582 347 653 μεθα.

670 778 864 834 ΚΑΤΑ
901 778 1318 844 ΜΔΝΙΧΑΙΩΝ,
1338 833 1347 842 ,

584 894 828 963 Αἵρεσις
857 891 1010 961 ΗΕΓ,
1037 894 1077 963 ἠ
1111 894 1212 948 καὶ
1239 892 1382 963 EQ".

263 1011 340 1063 A’.
378 1008 683 1078 Μανιχαῖοι
704 1048 721 1074 ,
760 1009 809 1061 οί
846 1008 938 1062 καὶ
979 1008 1323 1063 ’Δκουανῖται
1352 1008 1669 1081 λεγόμενοι,
1700 1006 1791 1061 διά

201 1119 311 1156 τινα
343 1100 655 1172 Οὑέτρανον
703 1099 781 1171 (9)
829 1100 938 1154 ἀπὸ
987 1103 1089 1172 τῆς
1131 1101 1327 1173 Μέσης
1370 1101 1482 1155 τῶν
1528 1100 1790 1172 ποταμῶν

198 1189 414 1242 ἐλθόντα
461 1186 723 1252 ’Δκούαν,
759 1186 902 1242 οὕτω
930 1187 1290 1260 καλούμενον,
1327 1191 1387 1244 ἐν
1420 1192 1487 1262 τῇ
1540 1188 1788 1244 Ἐλευθε-
1826 1191 1833 1197 ’

200 1280 407 1355 ροπόλει
435 1280 746 1348 ἐνέγκαντα
767 1279 974 1351 ταύτην
997 1280 1096 1352 τὴν
1116 1280 1210 1335 τοῦ
1238 1281 1569 1355 δηλητηρίου
1599 1281 1789 1336 τούτου

198 1372 598 1444 πραγματείαν·
636 1365 788 1426 οὗτοι
817 1372 959 1427 κατὰ
985 1372 1078 1428 τὸν
1101 1374 1295 1446 καιρὸν
1319 1374 1526 1429 ἐκεῖνον
1549 1374 1647 1428 τοῦ
1676 1373 1791 1447 βίου

198 1465 368 1518 αὐτῶν
406 1463 691 1536 ἐκήρυξαν
733 1463 877 1535 μέγα
923 1463 1002 1536 τῷ
1051 1466 1243 1538 κόσμῳ
1282 1466 1455 1520 κακὸν
1505 1465 1645 1537 μετὰ
1690 1465 1791 1537 τὴν

200 1557 480 1611 Σαϐελλίου
520 1557 916 1612 ἐπανάστασιν.
963 1558 1053 1612 Ἐν
1091 1558 1310 1630 χρόνοις
1345 1559 1455 1631 γὰρ
1505 1550 1653 1613 οὗτοι
1680 1558 1793 1625 Αὐ-

205 1648 446 1719 ρηλιανοῦ
476 1647 577 1703 τοῦ
615 1648 882 1720 βασιλέως
906 1649 1186 1719 γεγόνασι,
1217 1651 1348 1723 περὶ
1381 1650 1502 1715 ἔτος
1530 1650 1793 1722 τέταρτον

202 1737 292 1808 τῆς
322 1736 489 1790 αὐτοῦ
519 1735 820 1807 βασιλείας.
858 1739 1015 1792 Ἐστι
1044 1737 1101 1791 δέ
1127 1740 1162 1811 ἡ
1197 1737 1660 1811 πολυθρύλλητος,
1698 1738 1795 1792 καὶ

203 1828 258 1881 ἐν
298 1826 513 1892 πολλοῖς
555 1826 753 1899 μέρεσι
800 1827 903 1899 τῆς
937 1829 1042 1900 γῆς
1080 1828 1430 1901 φημιζομένη
1454 1868 1469 1895 ,
1517 1830 1584 1883 ἐκ
1631 1829 1794 1901 Μάνη
1829 1815 1869 1869 Β

203 1919 360 1984 τινος.
392 1918 470 1983 ὡς
507 1917 674 1991 ἔφην,
707 1917 951 1974 λαϐοῦσα
981 1920 1044 1975 τὺ
1094 1921 1463 1994 πλατυνθῆναι
1510 1923 1570 1976 ἐν
1608 1922 1799 1996 μέρεσι

204 2026 296 2081 της
326 2025 446 2081 γης.

269 2101 457 2172 Μάνης
486 2100 546 2155 δὲ
576 2095 737 2166 οὗτος
765 2101 876 2157 ἀπὸ
902 2101 1004 2173 τῆς
1023 2101 1134 2156 τῶν
1161 2103 1392 2176 Περσῶν
1418 2103 1646 2176 ὡρμᾶτο
1674 2107 1798 2177 γῆς,

208 2188 506 2262 Κοόθρικος
548 2191 655 2260 μὲν
690 2190 754 2245 τὸ
787 2189 1009 2262 πρῶτον
1053 2192 1413 2265 καλούμενος,
1450 2193 1800 2266 ἐπονομάσας

205 2281 258 2335 δέ
280 2282 453 2354 ἐαυτῷ
480 2282 651 2355 Μάνη
680 2281 853 2355 ὅνομα
892 2281 1028 2355 (10),
1055 2283 1199 2355 τάχα
1219 2323 1235 2349 ,
1270 2279 1424 2356 οἶμαι
1442 2325 1457 2351 ,
1490 2286 1556 2339 ἐκ
1582 2285 1682 2356 τῆς
1706 2283 1801 2339 τοῦ

206 2372 334 2427 θεοῦ
361 2373 682 2444 οίκονομίας
715 2372 776 2427 τὸ
815 2373 1086 2445 μανιῶδες
1128 2374 1310 2447 ἐαυτῷ
1351 2377 1805 2447 ἐπισπασάμενος

208 2466 368 2536 ὄνομα
385 2483 399 2496 ·
437 2465 541 2520 καὶ
568 2465 648 2530 ὡς
697 2465 796 2537 μὲν
825 2465 987 2530 αὐτὸς
1015 2463 1156 2537 ᾤετο
1175 2508 1190 2533 ,
1236 2468 1379 2522 κατὰ
1410 2466 1509 2539 τὴν
1555 2465 1669 2521 τῶν
1698 2467 1805 2521 Βα-

210 2556 472 2613 ϐυλωνίων
520 2556 778 2628 γλῶτταν
824 2557 986 2628 δῆθεν
1031 2557 1261 2625 σκεῦος
1297 2559 1477 2629 ἐαυτῷ
1523 2559 1586 2614 τὸ
1635 2559 1807 2631 ὄνομα

212 2649 456 2704 ἐπέθετο·
488 2648 562 2704 τὸ
594 2647 705 2719 γὰρ
739 2647 906 2719 μάνη
943 2648 1054 2704 ἀπὸ
1085 2650 1186 2722 τῆς
1215 2650 1561 2716 Βαϐυλωνίας
1588 2652 1669 2715 είς
1705 2653 1807 2723 τὴν

150 2794 159 2805 ,
222 2740 490 2814 Ἑλληνίδα
510 2738 960 2814 μεταφερόμενον
981 2741 1215 2809 σκεῦος
1233 2742 1524 2813 ὑποφαίνει
1545 2742 1807 2815 τοῦνομαθ

212 2838 284 2903 ὥς
316 2839 372 2894 δέ
405 2841 440 2912 ἡ
471 2838 709 2911 ἀλήθεια
740 2837 1031 2909 ὑποφαίνει
1052 2876 1068 2902 ,
1104 2837 1208 2910 τῆς
1256 2837 1453 2909 μανίας
1500 2838 1562 2892 τὸ
1598 2836 1810 2895 ἐπώνυ-

219 2947 312 3001 μον
344 2930 614 3003 κέκτηται
644 2932 711 2985 δι’
740 2931 810 3004 ἢν
852 2929 1198 3000 ἐνεῦροντίθη
1232 2931 1261 2985 6
1308 2929 1542 2994 ἐλεεινὸς
1584 2928 1663 3001 τῷ
1696 2930 1793 2984 κό-

218 3037 334 3092 σμῳ
376 3022 711 3093 ὑποσπεῖραι
763 3015 1407 3076 κακοδιδασκαλίανᾸΗν
1453 3019 1512 3075 δέ
1566 3012 1723 3084 οὗτος
1775 3021 1805 3074 6

218 3112 516 3185 Κούσρικος
542 3114 719 3186 χήρας
743 3113 887 3177 τινὸς
926 3110 1137 3178 δοῦλος,
1164 3110 1288 3182 ἥτις
1305 3150 1320 3177 ,
1352 3109 1521 3175 ἄπαις
1549 3109 1807 3183 τελευτή-

1890 499 2152 570 scalpello
2182 500 2250 556 iis
2278 502 2374 573 qui
2407 502 2577 559 morsi
2597 508 2759 557 erant
2793 499 3143 562 scarificatis,
3177 512 3241 552 ac
3267 510 3480 551 veneno

1889 590 2039 644 omni
2083 591 2152 646 ah
2199 590 2311 648 illis
2360 599 2634 661 exempto,
2669 591 2737 646 ad
2777 583 3190 660 insequentem,
3240 595 3301 642 ut
3354 594 3483 651 ante

1889 679 2152 751 diximus,
2187 681 2617 753 disputationem
2645 680 3031 736 transibimus.

2246 810 2620 868 ADVERSUS
2667 805 3097 869 MANICHA‘JOS
3115 848 3133 874 ,

2230 904 2468 961 Hazresis
2535 902 2744 970 XLVI,
2794 904 2899 959 sive
2952 899 3161 958 LXVI.

1962 1010 2004 1067 Ι.
2043 1011 2360 1082 Manichzei,
2389 1029 2532 1086 quos
2577 1014 2882 1071 Acuanitas
2916 1014 2986 1069 de
3020 1013 3186 1069 Acuae
3231 1009 3482 1066 Veterani

1892 1100 2181 1170 cujusdam
2219 1103 2441 1160 nomine
2465 1112 2701 1168 vocant,
2732 1103 2824 1174 qui
2850 1118 2882 1158 e
2927 1101 3320 1173 Mesopotamia
3360 1113 3488 1169 pro-

1894 1188 2102 1258 fectus,
2131 1192 2405 1249 letiferum
2443 1194 2579 1250 illud
2619 1196 2772 1251 virus
2804 1194 3253 1266 Eleutheropolin
3300 1200 3487 1247 trans-

1895 1283 2056 1350 tulit,
2118 1301 2381 1357 magnum
2429 1302 2526 1357 per
2571 1287 2705 1342 illud
2742 1295 2996 1358 tempus,
3063 1288 3121 1343 in
3160 1285 3311 1358 quod
3354 1292 3491 1340 actas

1894 1373 2139 1445 ipsorum
2193 1375 2450 1443 incurrit,
2494 1377 2884 1448 praedicatione
2927 1392 3029 1435 sua
3062 1377 3268 1432 malum
3312 1374 3371 1430 in
3399 1389 3492 1428 or-

1896 1466 2017 1523 bem
2068 1475 2340 1523 terrarum
2392 1468 2739 1526 invexeruut.
2789 1470 2924 1526 Nam
2977 1470 3276 1526 Aureliano
3320 1468 3494 1538 impe-

1896 1564 2075 1625 rante,
2123 1567 2324 1629 quarto
2369 1559 2491 1629 ejus
2541 1560 2758 1631 imperii
2809 1576 2956 1616 anno
2989 1574 3269 1630 emergere
3308 1571 3493 1627 coepe-

1900 1655 2047 1703 runt.
2080 1648 2448 1705 Celeberrima
2480 1650 2597 1706 haec
2634 1652 2863 1708 haeresis
2905 1659 3014 1720 est,
3061 1659 3116 1707 et
3158 1650 3496 1722 quampluri-

1898 1754 2019 1795 mas
2051 1741 2308 1811 regiones
2342 1741 2493 1797 illius
2520 1741 2664 1798 fama
2695 1745 3011 1814 peragravit
3046 1761 3059 1798 :
3091 1758 3214 1814 quae
3252 1757 3283 1795 a
3334 1739 3494 1796 Mane

1898 1833 2164 1904 quodam,
2203 1835 2282 1889 uti
2307 1835 2441 1901 dixi,
2476 1850 2574 1906 per
2604 1836 2808 1893 multas
2842 1850 2970 1892 oras
3002 1842 3296 1906 partesque
3320 1840 3498 1888 terra-

1898 1936 2024 1981 rum
2058 1925 2366 1998 dissipandi
2390 1926 2475 1983 sui
2507 1926 2728 1982 initium
2765 1928 2976 1998 accepit

1973 2096 2147 2155 Porro
2170 2097 2379 2168 Manes,
2396 2114 2594 2170 genere
2612 2098 2804 2164 Persa,
2844 2099 3119 2158 Cubricus
3143 2100 3379 2173 primum
3396 2115 3498 2172 ap-

1904 2191 2164 2262 pellatus,
2192 2190 2370 2247 Manis
2400 2191 2505 2247 sibi
2524 2205 2723 2247 nomen
2752 2191 3036 2262 imposuit.
3063 2192 3243 2264 Atque
3270 2192 3377 2247 hoc
3415 2190 3502 2247 di-

1916 2284 2031 2339 vina
2065 2282 2305 2355 quadam
2347 2282 2695 2354 providentia
2742 2282 2949 2339 factum
2995 2282 3253 2351 arbitror,
3296 2282 3519 2353 furoris

1906 2376 1987 2431 uti
2031 2375 2137 2431 sibi
2185 2390 2387 2431 nomen
2446 2375 2785 2447 ascisceret;
2830 2389 3148 2446 quanquam
3197 2389 3264 2430 eo
3305 2390 3367 2431 se
3407 2389 3504 2432 co-

1908 2465 2167 2538 gnomine
2215 2465 2432 2522 allicere
2484 2466 2788 2536 cogitabat,
2859 2464 3008 2536 quod
3076 2464 3502 2535 Babyloniorum
3590 2496 3619 2505 κ

1910 2559 2093 2630 lingua
2124 2575 2216 2613 vas
2269 2557 2562 2629 signiﬁcat.
2599 2557 2790 2613 Manes
2835 2558 3039 2629 quippe
3081 2555 3418 2628 Babyloniis,
3455 2556 3505 2613 si

1910 2648 2098 2706 Graece
2140 2649 2533 2716 transferatur,
2575 2649 2791 2717 σκεῦος,
2849 2649 2904 2706 id
2949 2657 3035 2705 est
3073 2665 3166 2704 uas
3221 2648 3504 2719 exprimit.

1914 2738 2023 2795 Sed
2058 2740 2135 2794 ita
2166 2754 2225 2795 se
2274 2753 2365 2795 res
2395 2739 2581 2805 habet,
2612 2747 2675 2794 ut
2716 2754 2747 2793 a
2790 2737 2976 2795 furore
3009 2746 3064 2794 et
3094 2739 3309 2794 insania
3358 2736 3511 2808 ejus-

1913 2834 2062 2890 modi
2119 2834 2224 2891 sibi
2282 2834 2708 2905 appellationem
2755 2833 3037 2898 indiderit,
3103 2848 3216 2905 qua
3281 2832 3508 2888 fanatici

1915 2943 2072 2984 more
2115 2928 2363 2999 percitus
2409 2927 2600 2984 infelix
2653 2914 2957 2999 pessimum
3010 2926 3067 2981 in
3119 2927 3256 2982 o'rhe
3308 2926 3510 2997 dogma

1917 3017 2325 3075 dissemiuavit.
2373 3016 2481 3074 Sed
2527 3016 2802 3073 Cubricus
2844 3017 2949 3074 iste
2994 3016 3174 3073 viduae
3217 3015 3508 3085 cujusdam

1920 3124 2115 3169 servus
2143 3108 2267 3173 fuit,
2300 3124 2423 3180 quae
2464 3108 2585 3166 sine
2618 3108 2811 3165 liberis
2840 3108 3116 3164 decedens
3152 3106 3422 3162 infinitam
3458 3106 3511 3161 ei

222 3220 387 3270 σασα,
436 3203 767 3274 κατέλειψεν
822 3202 972 3275 αὐτῷ
1039 3202 1343 3275 χρημάτων
1413 3202 1806 3258 ἀσονείκαστον

1912 3198 2270 3270 pecuniarum
2302 3199 2435 3271 vim,
2471 3208 2535 3267 et,
2555 3201 2671 3256 auri
2702 3200 2872 3272 618
2911 3200 3235 3271 argentique
3267 3208 3323 3256 et
3384 3213 3511 3253 aro-

222 3294 436 3366 πλῆθος,
466 3295 679 3369 χρυσοῦ
704 3313 765 3349 τε
799 3295 895 3350 καὶ
923 3293 1191 3366 ἀργύρου,
1220 3293 1316 3347 καὶ
1344 3292 1680 3365 ἀρωμάτων.
1708 3294 1805 3347 καὶ

222 3386 405 3442 ἄλλων.
434 3387 553 3441 Καὶ
584 3386 724 3459 αὑτὴ
767 3385 827 3439 δέ
859 3385 960 3457 τῆς
998 3384 1368 3458 κληρονομίας
1410 3383 1510 3457 τὴν
1556 3383 1808 3455 διαδοχὴν

223 3476 371 3550 ἔσχεν
400 3481 465 3534 ἐκ
494 3478 800 3552 Τερϐίνθου
822 3477 841 3509 ¹
866 3476 1012 3541 τινὸς
1030 3516 1048 3543 ,
1076 3476 1266 3531 δούλου
1306 3475 1401 3531 καὶ
1432 3475 1599 3530 αὐτοῦ
1633 3475 1811 3545 ὑπάρ-

228 3570 436 3636 ξαντος,
472 3568 979 3644 μετωομασθὲντος
1015 3568 1074 3623 δὲ
1118 3568 1328 3623 Βουθδᾶ
1378 3567 1520 3622 κατὰ
1562 3567 1663 3639 τὴν
1699 3566 1809 3620 τῶν

238 3662 534 3734 ’Δσσυρίων
587 3660 834 3730 γλῶτταν
858 3677 874 3693 ο
914 3657 973 3723 ὃς
1018 3659 1114 3713 καὶ
1158 3657 1323 3721 αὐτὸς
1373 3655 1561 3720 δοῦλος
1592 3656 1809 3735 ὑπῆρχε

228 3753 514 3809 Σκυθιανοῦ
549 3752 660 3824 (ll)
694 3769 860 3817 τινος,
893 3752 1002 3807 ἀπὸ
1037 3751 1139 3822 τῆς
1173 3750 1523 3822 Σαρακηνίας
1550 3748 1810 3821 ὁρμωμέ-

230 3844 490 3909 vomicam}:
514 3845 573 3899 δέ
602 3845 672 3899 τὰ
699 3844 947 3916 τέρματα
970 3844 1070 3915 τῆς
1110 3842 1496 3913 Παλαιστίνης,
1527 3841 1811 3905 τουτέστιν

232 3939 361 4009 ἐντῇ
389 3937 645 4012 Ἀραϐίᾳ,
691 3935 1120 4010 ἁνατραφέντος.
1171 3927 1342 3999 Οὗτος
1365 3933 1396 3987 6
1432 3932 1731 3997 Σκυθιανδς
1754 3933 1814 3987 ἐν

232 4033 337 4095 τοῖς
366 4029 790 4103 προειρημένοις
827 4028 1015 4092 τόποις
1058 4026 1369 4091 παιδευθεὶς
1398 4025 1497 4098 τὴν
1544 4025 1815 4097 Ἐλλήνων

235 4120 473 4191 γλῶσσαν
527 4121 626 4177 καὶ
662 4120 761 4194 τὴν
803 4121 915 4175 τῶν
942 4120 1292 4192 γραμμάτων
1320 4117 1503 4173 αὐτῶν
1540 4116 1815 4179 παιδείαν,

237 4212 395 4278 δεινός
420 4232 480 4268 τε
511 4213 708 4283 γέγονε
740 4211 870 4284 περὶ
900 4212 971 4265 τὰ
1011 4212 1220 4283 μάταια
1250 4208 1345 4264 τοῦ
1376 4208 1582 4280 κόσμου
1614 4209 1819 4279 φρονή-

241 4321 393 4373 ματα.
440 4306 556 4361 ’Δεὶ
581 4304 638 4359 δέ
675 4303 1029 4375 στελλόμενος
1078 4300 1176 4375 τὴν
1210 4301 1437 4373 πορείαν
1465 4299 1560 4354 ἐπὶ
1584 4298 1684 4371 τὴν
1711 4297 1821 4352 τῶν

1912 3298 2122 3346 malum
2169 3299 2603 3361 caeterarumque
2650 3307 2834 3348 rcrum
2887 3292 3104 3361 copiam
3180 3297 3513 3347 testamento

1910 3381 2153 3452 reliquit,
2182 3395 2309 3437 cum
2339 3381 2589 3438 eamdem
2616 3383 2791 3452 ipsam
2818 3382 3191 3436 hacreditatcm
3221 3396 3253 3434 a
3278 3380 3515 3436 Terhin-

1914 3472 2005 3527 tbo
2031 3470 2271 3542 quodam
2302 3472 2533 3543 perinde
2575 3483 2631 3528 et
2678 3471 2799 3540 ipso
2834 3486 2998 3528 servo
3026 3473 3223 3527 mulier
3264 3471 3513 3541 accepis-

1913 3573 2018 3628 set,
2048 3563 2142 3635 qui
2177 3570 2392 3618 mutato
2424 3562 2649 3619 nomine
2683 3565 3038 3635 Assyriorum
3081 3562 3268 3634 lingua
3296 3560 3515 3617 Buddas

1913 3662 1997 3711 est
2024 3655 2228 3711 dictus.
2271 3653 2452 3726 Atque
2497 3654 2589 3712 hic
2630 3655 2916 3728 Scythiani
2971 3655 3283 3726 cujuspiam
3321 3668 3516 3710 servus

1915 3746 2038 3813 fuit,
2078 3749 2173 3818 qui
2217 3761 2249 3804 e
2304 3748 2525 3820 regione
2571 3746 2975 3805 Saracenorum
3011 3748 3283 3804 oriundus
3313 3747 3369 3802 in
3408 3746 3507 3801 Pa-

1915 3836 2142 3893 laestinae
2157 3837 2379 3906 finibus,
2413 3837 2468 3894 in
2510 3838 2713 3894 Arabia
2730 3839 2965 3904 scilicet,
2994 3839 3263 3895 educatus
3300 3838 3511 3899 fuerat,

1919 3929 2012 3985 ubi
2043 3926 2362 3986 Graacorum
2398 3929 2588 4002 lingua
2622 3945 2688 3987 ac
2716 3931 3028 3987 litterarum
3059 3930 3260 3987 studiis
3289 3930 3513 3986 instituo

1918 4029 2045 4086 tus,
2091 4036 2365 4076 summam
2410 4020 2865 4079 inanissimarum
2913 4021 3081 4093 hujus
3121 4021 3315 4077 mundi
3351 4021 3521 4076 disci-

1917 4110 2197 4181 plinarum
2249 4111 2546 4167 scientiam
2598 4112 2832 4183 adeptus
2872 4120 2978 4167 est.
3029 4111 3278 4182 Cumque
3323 4111 3522 4165 identi-

1920 4202 2045 4259 dem
2098 4203 2421 4275 negotiandi
2474 4204 2647 4275 gratia
2691 4205 2747 4267 in
2797 4204 3005 4261 Indiam
3057 4204 3520 4276 proﬁcisceretur,

1922 4308 2176 4365 magnam
2206 4302 2262 4350 et
2288 4295 2577 4364 copiosam
2626 4310 2998 4353 mercaturam
3026 4285 3279 4352 faciebat.
3307 4297 3385 4350 Ex
3414 4310 3521 4364 qua

146 5476 164 5488 ο
260 5455 441 5502 vocent
474 5447 783 5512 liwreticos,
814 5447 872 5502 in
900 5444 1218 5503 Grzecorum
1251 5446 1667 5504 commentariis
1702 5446 1835 5501 scri-

239 4396 405 4452 Ἰνδῶν
426 4396 636 4470 χώραν,
672 4395 1057 4469 πραγματείας
1087 4395 1270 4466 χάριν,
1316 4392 1517 4465 πολλὴν
1547 4390 1808 4463 ἐμπορίαι

1924 4386 2227 4458 plurimum
2271 4387 2652 4457 locupletatus
2701 4386 3041 4444 Thebaidem
3091 4387 3247 4442 obire
3288 4386 3520 4441 solebat.

241 4486 484 4544 ἐποιεῖτο.
518 4489 683 4544 Ὅθεν
711 4487 880 4543 πολλὰ
910 4487 1252 4559 κτησάμενος
1291 4486 1352 4539 ἐν
1378 4485 1457 4558 τῷ
1486 4485 1678 4556 κόσμῳ
1730 4481 1808 4537 κα¹

1929 4474 2129 4532 Portus
2156 4476 2303 4532 enim
2351 4491 2505 4532 mare
2526 4476 2777 4532 Rubrum
2800 4478 2985 4532 varios
3018 4475 3201 4539 habet,
3224 4474 3426 4545 quibus
3454 4473 3525 4532 ad

242 4578 321 4632 διὰ
354 4581 449 4651 τῆς
492 4579 758 4652 θηδαῒδος
799 4578 970 4633 διιώψ
1021 4580 1183 4652 ὅρμοι
1250 4576 1360 4649 γὰρ
1416 4576 1515 4646 τῆς
1553 4573 1808 4646 Ἐρυθρᾶς

1931 4571 2244 4627 Ron‘ianum
2292 4571 2521 4628 limitem
2571 4566 2755 4628 aditus
2806 4571 3027 4628 diverse
3085 4576 3255 4640 patet.
3319 4567 3528 4623 llorum

242 4668 509 4742 θαλάσσης
553 4669 831 4742 διάφοροι,
880 4671 975 4726 ἐπὶ
1003 4672 1072 4728 τὰ
1118 4671 1316 4743 στόμια
1360 4671 1461 4741 τῆς
1511 4668 1808 4740 Ῥωμανίας

1932 4682 2077 4722 unus
2108 4664 2291 4721 Elam
2316 4675 2552 4737 spectat,
2582 4680 2749 4737 quam
2774 4679 2947 4721 sacne
2988 4663 3212 4718 Littera:
3240 4661 3405 4716 Αῑιοιι
3431 4675 3529 4730 ap-

244 4753 671 4830 διακεκριμένοι,
717 4763 746 4815 6
794 4763 892 4833 μὲν
923 4758 1004 4828 εἷς
1045 4762 1141 4816 ἐπὶ
1176 4761 1277 4834 τὴν
1312 4760 1480 4815 Αίλᾶν
1510 4758 1652 4829 (12),
1700 4758 1808 4830 ἥτις

1932 4757 2163 4828 pellant.
2194 4755 2369 4825 Quem
2406 4756 2476 4812 ad
2520 4757 2703 4813 locum
2736 4754 2899 4811 tertio
2932 4754 3155 4810 demum
3187 4766 3335 4807 anno
3370 4750 3530 4807 Salo.-

312 4915 330 4946 ¹
361 4935 445 4988 3p.
475 4919 548 4971 Τε
557 4918 823 4990 ρεϐίνθου.

1928 5069 2120 5124 thiano
2172 5062 2486 5127 confundit,
2542 5069 2602 5117 ut
2630 5069 2687 5116 et
2722 5057 2949 5125 Suidas,
3010 5075 3137 5116 cum
3194 5067 3350 5115 tanto
3401 5066 3531 5116 ante

1931 5140 2271 5196 chthianus
2303 5133 2594 5191 exstiterit.

2028 5207 2115 5279 ia)
2168 5209 2245 5279 ὀ
2274 5205 2391 5279 μὲν
2431 5198 2520 5271 εἷς
2570 5200 2670 5257 ἐπὶ
2718 5202 2835 5271 τὴν
2862 5203 3074 5279 ᾼὶλᾷν.
3111 5200 3230 5279 Lib.
3255 5200 3321 5279 ιιι
3370 5199 3529 5279 ιιρε..

327 5287 435 5357 ρο)
487 5272 905 5357 Ἐἑονομάσας
932 5285 1001 5339 δὲ
1022 5285 1217 5352 ἐαυτῷ
1235 5284 1412 5354 Μάνη
1446 5289 1660 5357 ὄγομα.
1681 5282 1808 5338 Elia:

1937 5272 2060 5357 cap.
2085 5272 2542 5357 ixﬂlifclassem
2610 5286 2831 5356 quoque
2862 5274 3019 5357 iecit
3051 5272 3439 5357 reXHSalomon
3472 5273 3528 5350 in

257 5355 308 5410 in
332 5342 477 5411 Τίείιί
510 5342 716 5412 ιιιίιιιιιιῖ
746 5342 1112 5422 οεδοέειίιιίι,
1144 5342 1292 5429 quod
1325 5342 1655 5413 cumJudazi
1682 5364 1808 5443 rm:

260 5455 434 5475 \Vnnnn.
474 5447 759 5475 Ιι-ιιηι-Λιζηηη
815 5447 868 5475 2η
900 5444 1216 5475 numnam-nm
1254 5446 1665 5475 ΑΛΜκιΑηθΛ-ἶζι.
1702 5446 1808 5475 ann:

1941 5342 2327 5430 Asianogaber,
2362 5362 2484 5417 quze
2511 5353 2598 5401 est
2627 5342 2800 5414 'jux'ta
2838 5342 3026 5399 Elath
3057 5344 3110 5397 iu
3144 5344 3329 5397 littore
3360 5342 3533 5426 maris

1943 5420 2119 5475 Rubri
2156 5436 2211 5474 ιιι
2252 5428 2398 5473 terra
2434 5416 2720 5475 Idumam;
2753 5414 2915 5475 LXX,
2947 5415 3139 5475 Αὶλάθ,
3166 5430 3273 5469 non
3305 5410 3481 5465 Λίλων
3510 5426 3526 5442 ο

1942 5491 2222 5560 Iosephus
2266 5489 2362 5543 lib.
2393 5504 2518 5560 νιιι,
2548 5502 2671 5557 cap.
2705 5483 3276 5560 6,__Asion-gabernait_
3307 5480 3531 5560 Bereni-

1942 5577 2045 5617 cen
2080 5550 2294 5626 'vocari,
2333 5558 2477 5613 haud
2506 5550 2721 5628 procul
2765 5555 2933 5628 Elana
2977 5550 3132 5610 u'rbe.
3172 5552 3279 5628 Sed
3307 5550 3530 5628 halluci-

1939 5640 2105 5702 natus
2150 5637 2258 5695 est,
2281 5622 2354 5684 ut
2390 5622 2919 5702 opinorzdosephus
2948 5641 2963 5689 ;
3001 5640 3124 5679 nam
3150 5622 3528 5702 psion-gaher

1943 5703 1996 5756 in
2032 5701 2264 5755 ldumzca
2301 5696 2545 5770 ponitur,
2593 5698 2853 5770 Berenice
2886 5710 3016 5770 vero
3069 5710 3104 5770 a_
3148 5696 3440 5770 lftpleuueo
3475 5696 3529 5770 in

1942 5773 2125 5828 Africa
2174 5762 2318 5842 ipsa,
2359 5773 2517 5833 longe
2566 5768 2834 5837 superior.
2870 5782 2932 5821 ac
2974 5764 3309 5823 Thebaidem
3340 5782 3406 5821 ex
3430 5762 3527 5817 ad-

313 5073 387 5143 (9)
422 5074 531 5131 Διά
556 5075 1063 5131 τιναοὺέτηανον.
1111 5073 1448 5130 Veteranum
1480 5072 1687 5129 Acuam
1716 5086 1816 5142 ap—

253 5145 425 5223 pellat,
460 5148 567 5223 hoc
588 5155 672 5202 est
705 5145 798 5216 qui
829 5146 1025 5200 militia
1048 5144 1342 5202 defunctus
1371 5144 1670 5216 legitimam
1698 5144 1821 5199 mis-

254 5218 457 5271 sionem
497 5218 866 5287 impetrasset.

265 5522 401 5593 ptum
426 5519 497 5572 sit
529 5518 847 5593 haereticum
872 5518 1163 5593 quemdam
1196 5518 1501 5584 exstitisse,
1525 5518 1620 5589 qui
1649 5517 1837 5573 Manes

263 5584 542 5651 diceretur,
581 5589 812 5659 ejusque
832 5584 1135 5645 sectatores
1162 5597 1328 5677 pnus.

330 5680 434 5745 (ll)
479 5683 580 5747 Ὃς
620 5680 720 5735 καὶ
744 5680 929 5747 αὐτὸς
963 5679 1185 5747 δοῦλος
1210 5679 1449 5750 ὑπῆρχε
1473 5679 1829 5735 Σκυθιιινυῦ.

272 5746 413 5804 Luat
465 5746 647 5823 itaque
703 5750 1107 5818 Theodoretus,
1164 5746 1265 5822 qui
1312 5746 1510 5808 ilahen
1538 5767 1663 5807 cum
1702 5752 1832 5821 Scy-
