  <div class='ocr_page' id='page_1' title='image "/cluster/home/n/w/nwhite01/storage/ocr_20150623/42:no.2/coo.31924054869403/022.png"; bbox 0 0 4078 6408; ppageno 0'>
   <div class='ocr_carea' id='block_1_1' title="bbox 247 360 1865 427">
    <p class='ocr_par' dir='ltr' id='par_1_1' title="bbox 247 360 1865 427">
     <span class='ocr_line' id='line_1_1' title="bbox 247 360 1865 427; baseline -0.006 0"><span class='ocrx_word' id='word_1_1' title='bbox 247 370 317 427; x_wconf 77' lang='grc'><strong>55</strong></span> <span class='ocrx_word' id='word_1_2' title='bbox 1027 361 1350 421; x_wconf 63' lang='grc' dir='ltr'>Λῡνίίῐὶδυ</span> <span class='ocrx_word' id='word_1_3' title='bbox 1363 361 1400 418; x_wconf 90' lang='lat' dir='ltr'><strong>S</strong></span> <span class='ocrx_word' id='word_1_4' title='bbox 1441 360 1789 418; x_wconf 61' lang='lat' dir='ltr'><strong>HIERESES</strong></span> <span class='ocrx_word' id='word_1_5' title='bbox 1828 362 1865 417; x_wconf 75' lang='grc' dir='ltr'><strong>ι</strong></span> 
     </span>
    </p>
   </div>
   <div class='ocr_carea' id='block_1_2' title="bbox 1967 360 3044 427">
    <p class='ocr_par' dir='ltr' id='par_1_2' title="bbox 2007 360 3044 419">
     <span class='ocr_line' id='line_1_2' title="bbox 2007 360 3044 419; baseline -0.001 -2"><span class='ocrx_word' id='word_1_6' title='bbox 2007 360 2071 418; x_wconf 90' lang='lat' dir='ltr'><strong>ll.</strong></span> <span class='ocrx_word' id='word_1_7' title='bbox 2114 361 2282 419; x_wconf 82' lang='lat' dir='ltr'><strong>TUM.</strong></span> <span class='ocrx_word' id='word_1_8' title='bbox 2321 361 2386 419; x_wconf 89' lang='lat' dir='ltr'><strong>ll.</strong></span> <span class='ocrx_word' id='word_1_9' title='bbox 2429 394 2495 404; x_wconf 93' lang='lat'><strong>—</strong></span> <span class='ocrx_word' id='word_1_10' title='bbox 2539 362 2817 418; x_wconf 65' lang='lat' dir='ltr'><strong>&quot;:ERES.</strong></span> <span class='ocrx_word' id='word_1_11' title='bbox 2858 361 3044 418; x_wconf 75' lang='lat' dir='ltr'><strong>LXVI.</strong></span> 
     </span>
    </p>
   </div>
   <div class='ocr_carea' id='block_1_3' title="bbox 3374 369 3536 424">
    <p class='ocr_par' dir='ltr' id='par_1_3' title="bbox 3374 369 3536 424">
     <span class='ocr_line' id='line_1_3' title="bbox 3374 369 3536 424; baseline -0.019 1"><span class='ocrx_word' id='word_1_12' title='bbox 3374 379 3412 397; x_wconf 71' lang='lat'><strong><em>&#39;</em></strong></span> <span class='ocrx_word' id='word_1_13' title='bbox 3467 369 3536 424; x_wconf 59' lang='grc'><strong>54</strong></span> 
     </span>
    </p>
   </div>
   <div class='ocr_carea' id='block_1_4' title="bbox 248 472 1865 559">
    <p class='ocr_par' dir='ltr' id='par_1_4' title="bbox 248 475 1837 559">
     <span class='ocr_line' id='line_1_4' title="bbox 248 475 1837 559; baseline -0.008 -17"><span class='ocrx_word' id='word_1_14' title='bbox 248 505 399 559; x_wconf 81' lang='grc' dir='ltr'>νησε,</span> <span class='ocrx_word' id='word_1_15' title='bbox 435 483 531 538; x_wconf 75' lang='grc' dir='ltr'><strong>καὶ</strong></span> <span class='ocrx_word' id='word_1_16' title='bbox 578 480 796 553; x_wconf 80' lang='grc' dir='ltr'>βίϐλους</span> <span class='ocrx_word' id='word_1_17' title='bbox 830 481 1097 550; x_wconf 79' lang='grc' dir='ltr'>τέσσαρας</span> <span class='ocrx_word' id='word_1_18' title='bbox 1131 478 1246 547; x_wconf 70' lang='grc'><strong>(14)</strong></span> <span class='ocrx_word' id='word_1_19' title='bbox 1287 476 1466 547; x_wconf 84' lang='grc' dir='ltr'>ἐαυτῴ</span> <span class='ocrx_word' id='word_1_20' title='bbox 1506 475 1837 531; x_wconf 77' lang='grc' dir='ltr'>πλάσσεταιο</span> 
     </span>
    </p>
   </div>
   <div class='ocr_carea' id='block_1_5' title="bbox 1967 472 3543 559">
    <p class='ocr_par' dir='ltr' id='par_1_5' title="bbox 1967 472 3543 548">
     <span class='ocr_line' id='line_1_5' title="bbox 1967 472 3543 548; baseline -0.002 -18"><span class='ocrx_word' id='word_1_21' title='bbox 1967 484 2068 533; x_wconf 81' lang='lat' dir='ltr'><strong>:tus</strong></span> <span class='ocrx_word' id='word_1_22' title='bbox 2096 476 2372 548; x_wconf 75' lang='lat' dir='ltr'><strong>ejusmodi</strong></span> <span class='ocrx_word' id='word_1_23' title='bbox 2402 475 2695 546; x_wconf 84' lang='lat' dir='ltr'><strong>opiniones</strong></span> <span class='ocrx_word' id='word_1_24' title='bbox 2724 474 2919 530; x_wconf 87' lang='lat' dir='ltr'><strong>habuit</strong></span> <span class='ocrx_word' id='word_1_25' title='bbox 2947 514 2964 540; x_wconf 93' lang='lat'><strong>,</strong></span> <span class='ocrx_word' id='word_1_26' title='bbox 3010 487 3074 528; x_wconf 90' lang='lat' dir='ltr'><strong>ac</strong></span> <span class='ocrx_word' id='word_1_27' title='bbox 3106 472 3277 529; x_wconf 85' lang='lat' dir='ltr'><strong>.ihros</strong></span> <span class='ocrx_word' id='word_1_28' title='bbox 3311 480 3543 541; x_wconf 84' lang='lat' dir='ltr'><strong>quatuor</strong></span> 
     </span>
    </p>
   </div>
   <div class='ocr_carea' id='block_1_6' title="bbox 258 567 1848 649">
    <p class='ocr_par' dir='ltr' id='par_1_6' title="bbox 258 567 1848 649">
     <span class='ocr_line' id='line_1_6' title="bbox 258 567 1848 649; baseline -0.008 -18"><span class='ocrx_word' id='word_1_29' title='bbox 258 581 316 649; x_wconf 78' lang='grc' dir='ltr'>τῇ</span> <span class='ocrx_word' id='word_1_30' title='bbox 368 578 466 648; x_wconf 77' lang='grc' dir='ltr'>μιᾷ</span> <span class='ocrx_word' id='word_1_31' title='bbox 498 576 674 645; x_wconf 75' lang='grc' dir='ltr'>ὄνομα</span> <span class='ocrx_word' id='word_1_32' title='bbox 714 572 945 644; x_wconf 76' lang='grc' dir='ltr'><strong>θέμενος</strong></span> <span class='ocrx_word' id='word_1_33' title='bbox 980 570 1366 638; x_wconf 76' lang='grc' dir='ltr'>Μυστηρίων,</span> <span class='ocrx_word' id='word_1_34' title='bbox 1419 570 1488 639; x_wconf 82' lang='grc' dir='ltr'>τῇ</span> <span class='ocrx_word' id='word_1_35' title='bbox 1533 568 1590 621; x_wconf 82' lang='grc' dir='ltr'>δὲ</span> <span class='ocrx_word' id='word_1_36' title='bbox 1618 567 1848 640; x_wconf 74' lang='grc' dir='ltr'>δευτέρᾳ</span> 
     </span>
    </p>
   </div>
   <div class='ocr_carea' id='block_1_7' title="bbox 251 658 1846 739">
    <p class='ocr_par' dir='ltr' id='par_1_7' title="bbox 251 658 1846 739">
     <span class='ocr_line' id='line_1_7' title="bbox 251 658 1846 739; baseline -0.01 -12"><span class='ocrx_word' id='word_1_37' title='bbox 251 669 626 739; x_wconf 67' lang='grc' dir='ltr'>Κεφαλαὶων,</span> <span class='ocrx_word' id='word_1_38' title='bbox 687 666 755 737; x_wconf 79' lang='grc' dir='ltr'>τῇ</span> <span class='ocrx_word' id='word_1_39' title='bbox 812 664 972 736; x_wconf 83' lang='grc' dir='ltr'><strong>τρίτῃ</strong></span> <span class='ocrx_word' id='word_1_40' title='bbox 1032 661 1427 731; x_wconf 75' lang='grc' dir='ltr'>Εὐαγγέλιον,</span> <span class='ocrx_word' id='word_1_41' title='bbox 1487 661 1558 731; x_wconf 76' lang='grc' dir='ltr'>τῇ</span> <span class='ocrx_word' id='word_1_42' title='bbox 1609 658 1846 731; x_wconf 81' lang='grc' dir='ltr'>τετάρτῃ</span> 
     </span>
    </p>
   </div>
   <div class='ocr_carea' id='block_1_8' title="bbox 251 750 1848 828">
    <p class='ocr_par' dir='ltr' id='par_1_8' title="bbox 251 750 1848 828">
     <span class='ocr_line' id='line_1_8' title="bbox 251 750 1848 828; baseline -0.007 -13"><span class='ocrx_word' id='word_1_43' title='bbox 251 758 585 828; x_wconf 68' lang='grc' dir='ltr'>Θησαιιρῶν</span> <span class='ocrx_word' id='word_1_44' title='bbox 608 773 622 786; x_wconf 87' lang='grc'><strong>·</strong></span> <span class='ocrx_word' id='word_1_45' title='bbox 682 758 739 809; x_wconf 91' lang='grc' dir='ltr'><strong>ἐν</strong></span> <span class='ocrx_word' id='word_1_46' title='bbox 786 750 875 819; x_wconf 79' lang='grc' dir='ltr'>αἶς</span> <span class='ocrx_word' id='word_1_47' title='bbox 920 753 989 807; x_wconf 86' lang='grc' dir='ltr'>τὰ</span> <span class='ocrx_word' id='word_1_48' title='bbox 1028 751 1256 821; x_wconf 74' lang='grc' dir='ltr'>ίσόζυγα</span> <span class='ocrx_word' id='word_1_49' title='bbox 1294 752 1390 805; x_wconf 84' lang='grc' dir='ltr'>καὶ</span> <span class='ocrx_word' id='word_1_50' title='bbox 1444 750 1515 804; x_wconf 82' lang='grc' dir='ltr'><strong>τά</strong></span> <span class='ocrx_word' id='word_1_51' title='bbox 1579 751 1848 823; x_wconf 79' lang='grc' dir='ltr'>ίσόρῤοπα</span> 
     </span>
    </p>
   </div>
   <div class='ocr_carea' id='block_1_9' title="bbox 253 840 1849 922">
    <p class='ocr_par' dir='ltr' id='par_1_9' title="bbox 253 840 1849 922">
     <span class='ocr_line' id='line_1_9' title="bbox 253 840 1849 922; baseline -0.008 -17"><span class='ocrx_word' id='word_1_52' title='bbox 253 852 343 905; x_wconf 81' lang='grc' dir='ltr'><strong>δύο</strong></span> <span class='ocrx_word' id='word_1_53' title='bbox 380 849 570 922; x_wconf 85' lang='grc' dir='ltr'>ἀρχῶν</span> <span class='ocrx_word' id='word_1_54' title='bbox 623 846 887 912; x_wconf 77' lang='grc' dir='ltr'><strong>συζεύξας</strong></span> <span class='ocrx_word' id='word_1_55' title='bbox 931 842 1201 915; x_wconf 89' lang='grc' dir='ltr'>πρόσωπα</span> <span class='ocrx_word' id='word_1_56' title='bbox 1250 840 1375 895; x_wconf 79' lang='grc' dir='ltr'>καθ’</span> <span class='ocrx_word' id='word_1_57' title='bbox 1422 840 1661 910; x_wconf 79' lang='grc' dir='ltr'>ἑκάστην</span> <span class='ocrx_word' id='word_1_58' title='bbox 1717 840 1849 893; x_wconf 84' lang='grc' dir='ltr'>ὑπό-</span> 
     </span>
    </p>
   </div>
   <div class='ocr_carea' id='block_1_10' title="bbox 253 930 1850 1006">
    <p class='ocr_par' dir='ltr' id='par_1_10' title="bbox 253 930 1850 1006">
     <span class='ocr_line' id='line_1_10' title="bbox 253 930 1850 1006; baseline -0.006 -11"><span class='ocrx_word' id='word_1_59' title='bbox 253 943 424 1006; x_wconf 83' lang='grc' dir='ltr'>θεσιν,</span> <span class='ocrx_word' id='word_1_60' title='bbox 478 939 651 1003; x_wconf 74' lang='grc' dir='ltr'>οὕτως</span> <span class='ocrx_word' id='word_1_61' title='bbox 703 934 992 990; x_wconf 85' lang='grc' dir='ltr'>ὑπολαϐὼν</span> <span class='ocrx_word' id='word_1_62' title='bbox 1025 936 1054 988; x_wconf 86' lang='grc' dir='ltr'>ὁ</span> <span class='ocrx_word' id='word_1_63' title='bbox 1104 933 1309 997; x_wconf 83' lang='grc' dir='ltr'><strong>τάλας,</strong></span> <span class='ocrx_word' id='word_1_64' title='bbox 1344 932 1438 987; x_wconf 81' lang='grc' dir='ltr'>καὶ</span> <span class='ocrx_word' id='word_1_65' title='bbox 1488 930 1661 996; x_wconf 77' lang='grc' dir='ltr'>οὕτως</span> <span class='ocrx_word' id='word_1_66' title='bbox 1707 933 1850 986; x_wconf 84' lang='grc' dir='ltr'>κατὰ</span> 
     </span>
    </p>
   </div>
   <div class='ocr_carea' id='block_1_11' title="bbox 253 1021 1849 1100">
    <p class='ocr_par' dir='ltr' id='par_1_11' title="bbox 253 1021 1849 1100">
     <span class='ocr_line' id='line_1_11' title="bbox 253 1021 1849 1100; baseline -0.005 -16"><span class='ocrx_word' id='word_1_67' title='bbox 253 1031 409 1084; x_wconf 86' lang='grc' dir='ltr'>τοῦτο</span> <span class='ocrx_word' id='word_1_68' title='bbox 440 1030 503 1083; x_wconf 80' lang='grc' dir='ltr'><strong>τὸ</strong></span> <span class='ocrx_word' id='word_1_69' title='bbox 537 1030 703 1100; x_wconf 79' lang='grc' dir='ltr'>μέρος</span> <span class='ocrx_word' id='word_1_70' title='bbox 745 1026 1098 1098; x_wconf 77' lang='grc' dir='ltr'>ἐφαντάζετο,</span> <span class='ocrx_word' id='word_1_71' title='bbox 1145 1024 1219 1088; x_wconf 85' lang='grc' dir='ltr'>ὦς</span> <span class='ocrx_word' id='word_1_72' title='bbox 1271 1041 1325 1079; x_wconf 91' lang='grc' dir='ltr'><strong>τι</strong></span> <span class='ocrx_word' id='word_1_73' title='bbox 1378 1023 1524 1096; x_wconf 88' lang='grc' dir='ltr'>μέγα</span> <span class='ocrx_word' id='word_1_74' title='bbox 1564 1021 1741 1095; x_wconf 86' lang='grc' dir='ltr'>εὑρὼν</span> <span class='ocrx_word' id='word_1_75' title='bbox 1770 1021 1849 1094; x_wconf 85' lang='grc' dir='ltr'>τῷ</span> 
     </span>
    </p>
   </div>
   <div class='ocr_carea' id='block_1_12' title="bbox 255 1113 1848 1191">
    <p class='ocr_par' dir='ltr' id='par_1_12' title="bbox 255 1113 1848 1191">
     <span class='ocr_line' id='line_1_12' title="bbox 255 1113 1848 1191; baseline -0.004 -18"><span class='ocrx_word' id='word_1_76' title='bbox 255 1120 375 1191; x_wconf 77' lang='grc' dir='ltr'><strong>βίῳ.</strong></span> <span class='ocrx_word' id='word_1_77' title='bbox 412 1121 526 1173; x_wconf 74' lang='grc' dir='ltr'>Καὶ</span> <span class='ocrx_word' id='word_1_78' title='bbox 574 1118 653 1189; x_wconf 85' lang='grc' dir='ltr'><strong>τῷ</strong></span> <span class='ocrx_word' id='word_1_79' title='bbox 694 1117 810 1170; x_wconf 75' lang='grc' dir='ltr'>ὄντι</span> <span class='ocrx_word' id='word_1_80' title='bbox 853 1116 995 1188; x_wconf 82' lang='grc' dir='ltr'>μέγα</span> <span class='ocrx_word' id='word_1_81' title='bbox 1025 1115 1197 1169; x_wconf 83' lang='grc' dir='ltr'>κακὸν</span> <span class='ocrx_word' id='word_1_82' title='bbox 1249 1114 1447 1187; x_wconf 85' lang='grc' dir='ltr'>εῦρατο</span> <span class='ocrx_word' id='word_1_83' title='bbox 1480 1113 1558 1186; x_wconf 77' lang='grc' dir='ltr'>τῷ</span> <span class='ocrx_word' id='word_1_84' title='bbox 1595 1114 1696 1185; x_wconf 87' lang='grc' dir='ltr'><strong>βίῳ</strong></span> <span class='ocrx_word' id='word_1_85' title='bbox 1727 1113 1848 1169; x_wconf 85' lang='grc' dir='ltr'>καθ’</span> 
     </span>
    </p>
   </div>
   <div class='ocr_carea' id='block_1_13' title="bbox 254 1200 1452 1278">
    <p class='ocr_par' dir='ltr' id='par_1_13' title="bbox 254 1200 1452 1278">
     <span class='ocr_line' id='line_1_13' title="bbox 254 1200 1452 1278; baseline -0.003 -14"><span class='ocrx_word' id='word_1_86' title='bbox 254 1210 452 1265; x_wconf 76' lang='grc' dir='ltr'>ἐαυτοῦ</span> <span class='ocrx_word' id='word_1_87' title='bbox 487 1210 582 1266; x_wconf 55' lang='grc' dir='ltr'><strong>καὶ⁸</strong></span> <span class='ocrx_word' id='word_1_88' title='bbox 610 1208 720 1263; x_wconf 87' lang='grc' dir='ltr'><strong>τῶν</strong></span> <span class='ocrx_word' id='word_1_89' title='bbox 747 1209 816 1261; x_wconf 76' lang='grc' dir='ltr'><strong>ὑπ</strong></span> <span class='ocrx_word' id='word_1_90' title='bbox 837 1200 1033 1261; x_wconf 67' lang='grc' dir='ltr'>ἀὐτοῦ</span> <span class='ocrx_word' id='word_1_91' title='bbox 1062 1205 1452 1278; x_wconf 77' lang='grc' dir='ltr'><strong>πλανωμένων.</strong></span> 
     </span>
    </p>
   </div>
   <div class='ocr_carea' id='block_1_14' title="bbox 323 1381 1850 1467">
    <p class='ocr_par' dir='ltr' id='par_1_14' title="bbox 323 1381 1850 1467">
     <span class='ocr_line' id='line_1_14' title="bbox 323 1381 1850 1467; baseline -0.007 -21"><span class='ocrx_word' id='word_1_92' title='bbox 323 1394 407 1447; x_wconf 78' lang='lat' dir='ltr'><strong>I&quot;.</strong></span> <span class='ocrx_word' id='word_1_93' title='bbox 438 1390 657 1462; x_wconf 79' lang='grc' dir='ltr'>Ἐπειδὴ</span> <span class='ocrx_word' id='word_1_94' title='bbox 685 1388 741 1442; x_wconf 82' lang='grc' dir='ltr'><strong>δὲ</strong></span> <span class='ocrx_word' id='word_1_95' title='bbox 767 1390 792 1442; x_wconf 76' lang='grc' dir='ltr'><strong><em>ὁ</em></strong></span> <span class='ocrx_word' id='word_1_96' title='bbox 815 1387 954 1461; x_wconf 81' lang='grc' dir='ltr'>ἀνὴρ</span> <span class='ocrx_word' id='word_1_97' title='bbox 974 1388 1032 1440; x_wconf 81' lang='grc' dir='ltr'><strong>ὲν</strong></span> <span class='ocrx_word' id='word_1_98' title='bbox 1057 1386 1269 1449; x_wconf 85' lang='grc' dir='ltr'>τούτοις</span> <span class='ocrx_word' id='word_1_99' title='bbox 1294 1381 1383 1467; x_wconf 64' lang='grc' dir='ltr'>ἦν,</span> <span class='ocrx_word' id='word_1_100' title='bbox 1404 1383 1647 1456; x_wconf 75' lang='grc' dir='ltr'><strong>ἀκηκόει.</strong></span> <span class='ocrx_word' id='word_1_101' title='bbox 1661 1381 1850 1452; x_wconf 61' lang='grc' dir='ltr'>δὲςπῶς</span> 
     </span>
    </p>
   </div>
   <div class='ocr_carea' id='block_1_15' title="bbox 254 1474 1850 1559">
    <p class='ocr_par' dir='ltr' id='par_1_15' title="bbox 254 1474 1850 1559">
     <span class='ocr_line' id='line_1_15' title="bbox 254 1474 1850 1559; baseline -0.009 -18"><span class='ocrx_word' id='word_1_102' title='bbox 254 1489 301 1542; x_wconf 77' lang='lat' dir='ltr'><strong>al</strong></span> <span class='ocrx_word' id='word_1_103' title='bbox 337 1485 654 1559; x_wconf 77' lang='grc' dir='ltr'>προφῆται,</span> <span class='ocrx_word' id='word_1_104' title='bbox 682 1482 777 1535; x_wconf 78' lang='grc' dir='ltr'>καὶ</span> <span class='ocrx_word' id='word_1_105' title='bbox 809 1482 838 1534; x_wconf 86' lang='grc' dir='ltr'>ὁ</span> <span class='ocrx_word' id='word_1_106' title='bbox 865 1480 1029 1551; x_wconf 88' lang='grc' dir='ltr'>νόμος</span> <span class='ocrx_word' id='word_1_107' title='bbox 1057 1479 1431 1552; x_wconf 66' lang='grc' dir='ltr'>προεφήτευω</span> <span class='ocrx_word' id='word_1_108' title='bbox 1468 1477 1599 1549; x_wconf 75' lang='grc' dir='ltr'>περὶ</span> <span class='ocrx_word' id='word_1_109' title='bbox 1627 1478 1729 1546; x_wconf 80' lang='grc' dir='ltr'><strong>τῆς</strong></span> <span class='ocrx_word' id='word_1_110' title='bbox 1754 1474 1850 1528; x_wconf 90' lang='grc' dir='ltr'><strong>τοῦ</strong></span> 
     </span>
    </p>
   </div>
   <div class='ocr_carea' id='block_1_16' title="bbox 254 1565 1849 1644">
    <p class='ocr_par' dir='ltr' id='par_1_16' title="bbox 254 1565 1849 1644">
     <span class='ocr_line' id='line_1_16' title="bbox 254 1565 1849 1644; baseline -0.006 -16"><span class='ocrx_word' id='word_1_111' title='bbox 254 1576 464 1644; x_wconf 77' lang='grc' dir='ltr'>κόσμου</span> <span class='ocrx_word' id='word_1_112' title='bbox 499 1572 845 1636; x_wconf 82' lang='grc' dir='ltr'><strong>συστάσεως,</strong></span> <span class='ocrx_word' id='word_1_113' title='bbox 874 1568 969 1621; x_wconf 77' lang='grc' dir='ltr'>καὶ</span> <span class='ocrx_word' id='word_1_114' title='bbox 1004 1568 1132 1639; x_wconf 73' lang='grc' dir='ltr'>περὶ</span> <span class='ocrx_word' id='word_1_115' title='bbox 1169 1567 1264 1621; x_wconf 89' lang='grc' dir='ltr'><strong>τοῦ</strong></span> <span class='ocrx_word' id='word_1_116' title='bbox 1297 1567 1417 1632; x_wconf 72' lang='grc' dir='ltr'>ἐνὸς</span> <span class='ocrx_word' id='word_1_117' title='bbox 1446 1568 1542 1621; x_wconf 79' lang='grc' dir='ltr'>καὶ</span> <span class='ocrx_word' id='word_1_118' title='bbox 1576 1565 1849 1638; x_wconf 82' lang='grc' dir='ltr'>μονάρχου</span> 
     </span>
    </p>
   </div>
   <div class='ocr_carea' id='block_1_17' title="bbox 254 1654 1848 1732">
    <p class='ocr_par' dir='ltr' id='par_1_17' title="bbox 254 1654 1848 1732">
     <span class='ocr_line' id='line_1_17' title="bbox 254 1654 1848 1732; baseline -0.005 -13"><span class='ocrx_word' id='word_1_119' title='bbox 254 1665 354 1719; x_wconf 85' lang='grc' dir='ltr'><strong>τοῦ</strong></span> <span class='ocrx_word' id='word_1_120' title='bbox 386 1667 471 1718; x_wconf 78' lang='grc' dir='ltr'><strong>ἀεὶ</strong></span> <span class='ocrx_word' id='word_1_121' title='bbox 493 1664 667 1726; x_wconf 76' lang='grc' dir='ltr'>όντος,</span> <span class='ocrx_word' id='word_1_122' title='bbox 700 1660 794 1714; x_wconf 83' lang='grc' dir='ltr'>καὶ</span> <span class='ocrx_word' id='word_1_123' title='bbox 823 1659 899 1732; x_wconf 80' lang='grc' dir='ltr'>μὴ</span> <span class='ocrx_word' id='word_1_124' title='bbox 920 1658 1289 1723; x_wconf 88' lang='grc' dir='ltr'>διαλείποντος</span> <span class='ocrx_word' id='word_1_125' title='bbox 1320 1658 1413 1712; x_wconf 89' lang='grc' dir='ltr'><strong>τοῦ</strong></span> <span class='ocrx_word' id='word_1_126' title='bbox 1446 1654 1587 1712; x_wconf 77' lang='grc' dir='ltr'>εἶναι</span> <span class='ocrx_word' id='word_1_127' title='bbox 1610 1657 1848 1730; x_wconf 85' lang='grc' dir='ltr'>Πατρὺς,</span> 
     </span>
    </p>
   </div>
   <div class='ocr_carea' id='block_1_18' title="bbox 260 1748 1849 1820">
    <p class='ocr_par' dir='ltr' id='par_1_18' title="bbox 260 1748 1849 1820">
     <span class='ocr_line' id='line_1_18' title="bbox 260 1748 1849 1820; baseline -0.007 -8"><span class='ocrx_word' id='word_1_128' title='bbox 260 1761 359 1813; x_wconf 69' lang='grc' dir='ltr'><strong>καὶ</strong></span> <span class='ocrx_word' id='word_1_129' title='bbox 390 1756 486 1810; x_wconf 88' lang='grc' dir='ltr'><strong>τοῦ</strong></span> <span class='ocrx_word' id='word_1_130' title='bbox 520 1753 686 1808; x_wconf 84' lang='grc' dir='ltr'>αὐτοῦ</span> <span class='ocrx_word' id='word_1_131' title='bbox 716 1751 868 1815; x_wconf 88' lang='grc' dir='ltr'>Υίοῦ,</span> <span class='ocrx_word' id='word_1_132' title='bbox 905 1750 1000 1805; x_wconf 81' lang='grc' dir='ltr'><strong>καὶ</strong></span> <span class='ocrx_word' id='word_1_133' title='bbox 1020 1750 1116 1803; x_wconf 89' lang='grc' dir='ltr'><strong>τοῦ</strong></span> <span class='ocrx_word' id='word_1_134' title='bbox 1146 1749 1305 1813; x_wconf 85' lang='grc' dir='ltr'>ἁγίου</span> <span class='ocrx_word' id='word_1_135' title='bbox 1337 1748 1682 1820; x_wconf 87' lang='grc' dir='ltr'>Πνεύματος,</span> <span class='ocrx_word' id='word_1_136' title='bbox 1714 1748 1849 1818; x_wconf 78' lang='grc' dir='ltr'>ὴθέ-</span> 
     </span>
    </p>
   </div>
   <div class='ocr_carea' id='block_1_19' title="bbox 1951 563 3562 639">
    <p class='ocr_par' dir='ltr' id='par_1_19' title="bbox 1951 563 3562 639">
     <span class='ocr_line' id='line_1_19' title="bbox 1951 563 3562 639; baseline -0.003 -15"><span class='ocrx_word' id='word_1_137' title='bbox 1951 569 2286 639; x_wconf 72' lang='lat' dir='ltr'><strong>conscripsit</strong></span> <span class='ocrx_word' id='word_1_138' title='bbox 2341 587 2355 624; x_wconf 90' lang='lat'><strong>:</strong></span> <span class='ocrx_word' id='word_1_139' title='bbox 2411 581 2648 638; x_wconf 89' lang='lat' dir='ltr'><strong>quorum</strong></span> <span class='ocrx_word' id='word_1_140' title='bbox 2699 581 2868 621; x_wconf 90' lang='lat' dir='ltr'><strong>unum</strong></span> <span class='ocrx_word' id='word_1_141' title='bbox 2929 564 3309 635; x_wconf 79' lang='lat' dir='ltr'><strong>Mysteriorum</strong></span> <span class='ocrx_word' id='word_1_142' title='bbox 3355 563 3562 619; x_wconf 79' lang='lat' dir='ltr'><strong>insert-</strong></span> 
     </span>
    </p>
   </div>
   <div class='ocr_carea' id='block_1_20' title="bbox 1950 655 3557 731">
    <p class='ocr_par' dir='ltr' id='par_1_20' title="bbox 1950 655 3557 731">
     <span class='ocr_line' id='line_1_20' title="bbox 1950 655 3557 731; baseline -0.004 -15"><span class='ocrx_word' id='word_1_143' title='bbox 1950 660 2098 731; x_wconf 87' lang='lat' dir='ltr'><strong>psit,</strong></span> <span class='ocrx_word' id='word_1_144' title='bbox 2128 660 2361 716; x_wconf 86' lang='lat' dir='ltr'><strong>alterum</strong></span> <span class='ocrx_word' id='word_1_145' title='bbox 2395 657 2646 728; x_wconf 77' lang='lat' dir='ltr'><strong>Cupitum</strong></span> <span class='ocrx_word' id='word_1_146' title='bbox 2673 697 2688 721; x_wconf 92' lang='lat'><strong>,</strong></span> <span class='ocrx_word' id='word_1_147' title='bbox 2718 658 2942 713; x_wconf 86' lang='lat' dir='ltr'><strong>tertium</strong></span> <span class='ocrx_word' id='word_1_148' title='bbox 2971 655 3353 727; x_wconf 79' lang='lat' dir='ltr'><strong>Evangelium,</strong></span> <span class='ocrx_word' id='word_1_149' title='bbox 3380 669 3557 724; x_wconf 83' lang='lat' dir='ltr'><strong>quar-</strong></span> 
     </span>
    </p>
   </div>
   <div class='ocr_carea' id='block_1_21' title="bbox 1951 747 3563 823">
    <p class='ocr_par' dir='ltr' id='par_1_21' title="bbox 1951 747 3563 823">
     <span class='ocr_line' id='line_1_21' title="bbox 1951 747 3563 823; baseline -0.004 -17"><span class='ocrx_word' id='word_1_150' title='bbox 1951 760 2066 806; x_wconf 91' lang='lat' dir='ltr'><strong>tum</strong></span> <span class='ocrx_word' id='word_1_151' title='bbox 2087 751 2143 823; x_wconf 68' lang='grc' dir='ltr'>,Τ</span> <span class='ocrx_word' id='word_1_152' title='bbox 2145 751 2542 807; x_wconf 72' lang='grc' dir='ltr'>Ιιεδαιινοτιιηι.·</span> <span class='ocrx_word' id='word_1_153' title='bbox 2567 750 2626 805; x_wconf 88' lang='lat' dir='ltr'><strong>In</strong></span> <span class='ocrx_word' id='word_1_154' title='bbox 2656 750 2726 805; x_wconf 90' lang='lat' dir='ltr'><strong>iis</strong></span> <span class='ocrx_word' id='word_1_155' title='bbox 2768 750 2923 821; x_wconf 87' lang='lat' dir='ltr'><strong>paria</strong></span> <span class='ocrx_word' id='word_1_156' title='bbox 2969 758 3136 819; x_wconf 89' lang='lat' dir='ltr'><strong>atque</strong></span> <span class='ocrx_word' id='word_1_157' title='bbox 3173 749 3404 819; x_wconf 65' lang='lat' dir='ltr'><strong>aequalia</strong></span> <span class='ocrx_word' id='word_1_158' title='bbox 3436 747 3563 803; x_wconf 75' lang='lat' dir='ltr'><strong>duo</strong></span> 
     </span>
    </p>
   </div>
   <div class='ocr_carea' id='block_1_22' title="bbox 1950 842 3561 915">
    <p class='ocr_par' dir='ltr' id='par_1_22' title="bbox 1950 842 3561 915">
     <span class='ocr_line' id='line_1_22' title="bbox 1950 842 3561 915; baseline -0.001 -18"><span class='ocrx_word' id='word_1_159' title='bbox 1950 844 2221 915; x_wconf 89' lang='lat' dir='ltr'><strong>principia</strong></span> <span class='ocrx_word' id='word_1_160' title='bbox 2282 857 2658 914; x_wconf 84' lang='lat' dir='ltr'><strong>personasque</strong></span> <span class='ocrx_word' id='word_1_161' title='bbox 2708 842 2763 898; x_wconf 89' lang='lat' dir='ltr'><strong>in</strong></span> <span class='ocrx_word' id='word_1_162' title='bbox 2816 855 3150 911; x_wconf 91' lang='lat' dir='ltr'><strong>unoquoque</strong></span> <span class='ocrx_word' id='word_1_163' title='bbox 3220 845 3561 910; x_wconf 77' lang='lat' dir='ltr'><strong>argumento</strong></span> 
     </span>
    </p>
   </div>
   <div class='ocr_carea' id='block_1_23' title="bbox 1951 931 3558 1005">
    <p class='ocr_par' dir='ltr' id='par_1_23' title="bbox 1951 931 3558 1005">
     <span class='ocr_line' id='line_1_23' title="bbox 1951 931 3558 1005; baseline -0.003 -15"><span class='ocrx_word' id='word_1_164' title='bbox 1951 935 2243 1005; x_wconf 88' lang='lat' dir='ltr'><strong>copulans,</strong></span> <span class='ocrx_word' id='word_1_165' title='bbox 2276 936 2353 989; x_wconf 92' lang='lat' dir='ltr'><strong>ita</strong></span> <span class='ocrx_word' id='word_1_166' title='bbox 2384 934 2492 991; x_wconf 85' lang='lat' dir='ltr'><strong>sibi</strong></span> <span class='ocrx_word' id='word_1_167' title='bbox 2535 939 2890 1005; x_wconf 70' lang='lat' dir='ltr'><strong>persuaserat</strong></span> <span class='ocrx_word' id='word_1_168' title='bbox 2920 933 3110 996; x_wconf 86' lang='lat' dir='ltr'><strong>miser,</strong></span> <span class='ocrx_word' id='word_1_169' title='bbox 3154 931 3340 1001; x_wconf 85' lang='lat' dir='ltr'><strong>itaque</strong></span> <span class='ocrx_word' id='word_1_170' title='bbox 3368 931 3558 985; x_wconf 88' lang='lat' dir='ltr'><strong>hacin</strong></span> 
     </span>
    </p>
   </div>
   <div class='ocr_carea' id='block_1_24' title="bbox 1950 1019 3559 1095">
    <p class='ocr_par' dir='ltr' id='par_1_24' title="bbox 1950 1019 3559 1095">
     <span class='ocr_line' id='line_1_24' title="bbox 1950 1019 3559 1095; baseline -0.006 -16"><span class='ocrx_word' id='word_1_171' title='bbox 1950 1032 2107 1095; x_wconf 89' lang='lat' dir='ltr'><strong>parte</strong></span> <span class='ocrx_word' id='word_1_172' title='bbox 2138 1024 2470 1088; x_wconf 90' lang='lat' dir='ltr'><strong>somniabat,</strong></span> <span class='ocrx_word' id='word_1_173' title='bbox 2501 1037 2763 1094; x_wconf 78' lang='lat' dir='ltr'><strong>magnum</strong></span> <span class='ocrx_word' id='word_1_174' title='bbox 2786 1037 2818 1076; x_wconf 90' lang='lat' dir='ltr'><strong>a</strong></span> <span class='ocrx_word' id='word_1_175' title='bbox 2851 1035 2912 1077; x_wconf 88' lang='lat' dir='ltr'><strong>se</strong></span> <span class='ocrx_word' id='word_1_176' title='bbox 2942 1020 3203 1091; x_wconf 86' lang='lat' dir='ltr'><strong>quiddam</strong></span> <span class='ocrx_word' id='word_1_177' title='bbox 3233 1019 3290 1073; x_wconf 91' lang='lat' dir='ltr'><strong>in</strong></span> <span class='ocrx_word' id='word_1_178' title='bbox 3316 1021 3427 1075; x_wconf 84' lang='lat' dir='ltr'><strong>vita</strong></span> <span class='ocrx_word' id='word_1_179' title='bbox 3461 1034 3559 1075; x_wconf 89' lang='lat' dir='ltr'><strong>re.</strong></span> 
     </span>
    </p>
   </div>
   <div class='ocr_carea' id='block_1_25' title="bbox 1951 1109 3547 1184">
    <p class='ocr_par' dir='ltr' id='par_1_25' title="bbox 1951 1109 3547 1184">
     <span class='ocr_line' id='line_1_25' title="bbox 1951 1109 3547 1184; baseline -0.003 -17"><span class='ocrx_word' id='word_1_180' title='bbox 1951 1121 2186 1184; x_wconf 86' lang='lat' dir='ltr'><strong>pertum.</strong></span> <span class='ocrx_word' id='word_1_181' title='bbox 2227 1112 2294 1167; x_wconf 88' lang='lat' dir='ltr'><strong>Et</strong></span> <span class='ocrx_word' id='word_1_182' title='bbox 2337 1127 2469 1167; x_wconf 84' lang='lat' dir='ltr'><strong>vero</strong></span> <span class='ocrx_word' id='word_1_183' title='bbox 2507 1126 2770 1183; x_wconf 78' lang='lat' dir='ltr'><strong>magnum</strong></span> <span class='ocrx_word' id='word_1_184' title='bbox 2826 1124 2963 1166; x_wconf 85' lang='lat' dir='ltr'><strong>sane</strong></span> <span class='ocrx_word' id='word_1_185' title='bbox 3022 1110 3230 1165; x_wconf 89' lang='lat' dir='ltr'><strong>malum</strong></span> <span class='ocrx_word' id='word_1_186' title='bbox 3286 1109 3343 1163; x_wconf 88' lang='lat' dir='ltr'><strong>in</strong></span> <span class='ocrx_word' id='word_1_187' title='bbox 3392 1123 3547 1163; x_wconf 87' lang='lat' dir='ltr'><strong>suam</strong></span> 
     </span>
    </p>
   </div>
   <div class='ocr_carea' id='block_1_26' title="bbox 1950 1201 3553 1278">
    <p class='ocr_par' dir='ltr' id='par_1_26' title="bbox 1950 1201 3553 1278">
     <span class='ocr_line' id='line_1_26' title="bbox 1950 1201 3553 1278; baseline -0.002 -16"><span class='ocrx_word' id='word_1_188' title='bbox 1950 1220 2274 1277; x_wconf 90' lang='lat' dir='ltr'><strong>eorumque,</strong></span> <span class='ocrx_word' id='word_1_189' title='bbox 2304 1206 2506 1278; x_wconf 84' lang='lat' dir='ltr'><strong>quibus</strong></span> <span class='ocrx_word' id='word_1_190' title='bbox 2535 1204 2819 1277; x_wconf 85' lang='lat' dir='ltr'><strong>imposuit,</strong></span> <span class='ocrx_word' id='word_1_191' title='bbox 2852 1203 3153 1274; x_wconf 80' lang='lat' dir='ltr'><strong>perniciem</strong></span> <span class='ocrx_word' id='word_1_192' title='bbox 3177 1202 3235 1257; x_wconf 92' lang='lat' dir='ltr'><strong>in</strong></span> <span class='ocrx_word' id='word_1_193' title='bbox 3264 1201 3432 1257; x_wconf 79' lang='lat' dir='ltr'><strong>vitam</strong></span> <span class='ocrx_word' id='word_1_194' title='bbox 3468 1203 3553 1260; x_wconf 87' lang='lat' dir='ltr'><strong>in-</strong></span> 
     </span>
    </p>
   </div>
   <div class='ocr_carea' id='block_1_27' title="bbox 1952 1298 2122 1355">
    <p class='ocr_par' dir='ltr' id='par_1_27' title="bbox 1952 1298 2122 1355">
     <span class='ocr_line' id='line_1_27' title="bbox 1952 1298 2122 1355; baseline -0.018 -1"><span class='ocrx_word' id='word_1_195' title='bbox 1952 1298 2122 1355; x_wconf 79' lang='lat' dir='ltr'><strong>vexit.</strong></span> 
     </span>
    </p>
   </div>
   <div class='ocr_carea' id='block_1_28' title="bbox 2025 1386 3543 1459">
    <p class='ocr_par' dir='ltr' id='par_1_28' title="bbox 2025 1386 3543 1459">
     <span class='ocr_line' id='line_1_28' title="bbox 2025 1386 3543 1459; baseline -0.002 -14"><span class='ocrx_word' id='word_1_196' title='bbox 2025 1390 2113 1446; x_wconf 91' lang='lat' dir='ltr'><strong>lll.</strong></span> <span class='ocrx_word' id='word_1_197' title='bbox 2155 1390 2302 1446; x_wconf 84' lang='lat' dir='ltr'><strong>Inter</strong></span> <span class='ocrx_word' id='word_1_198' title='bbox 2337 1390 2453 1446; x_wconf 67' lang='lat' dir='ltr'><strong>haec</strong></span> <span class='ocrx_word' id='word_1_199' title='bbox 2478 1404 2605 1444; x_wconf 91' lang='lat' dir='ltr'><strong>cum</strong></span> <span class='ocrx_word' id='word_1_200' title='bbox 2644 1388 2895 1445; x_wconf 84' lang='lat' dir='ltr'><strong>audisset</strong></span> <span class='ocrx_word' id='word_1_201' title='bbox 2936 1387 3329 1459; x_wconf 90' lang='lat' dir='ltr'><strong>prophetarum</strong></span> <span class='ocrx_word' id='word_1_202' title='bbox 3371 1401 3437 1443; x_wconf 88' lang='lat' dir='ltr'><strong>ac</strong></span> <span class='ocrx_word' id='word_1_203' title='bbox 3467 1386 3543 1442; x_wconf 77' lang='lat' dir='ltr'><strong>lc-</strong></span> 
     </span>
    </p>
   </div>
   <div class='ocr_carea' id='block_1_29' title="bbox 1953 1480 3554 1554">
    <p class='ocr_par' dir='ltr' id='par_1_29' title="bbox 1953 1480 3554 1554">
     <span class='ocr_line' id='line_1_29' title="bbox 1953 1480 3554 1554; baseline -0.002 -18"><span class='ocrx_word' id='word_1_204' title='bbox 1953 1482 2038 1554; x_wconf 76' lang='lat' dir='ltr'><strong>gis</strong></span> <span class='ocrx_word' id='word_1_205' title='bbox 2081 1482 2325 1547; x_wconf 78' lang='lat' dir='ltr'><strong>oraculis</strong></span> <span class='ocrx_word' id='word_1_206' title='bbox 2386 1480 2578 1536; x_wconf 89' lang='lat' dir='ltr'><strong>mundi</strong></span> <span class='ocrx_word' id='word_1_207' title='bbox 2629 1481 3107 1551; x_wconf 84' lang='lat' dir='ltr'><strong>procreationem,</strong></span> <span class='ocrx_word' id='word_1_208' title='bbox 3158 1487 3325 1549; x_wconf 90' lang='lat' dir='ltr'><strong>atque</strong></span> <span class='ocrx_word' id='word_1_209' title='bbox 3378 1495 3554 1534; x_wconf 91' lang='lat' dir='ltr'><strong>unum</strong></span> 
     </span>
    </p>
   </div>
   <div class='ocr_carea' id='block_1_30' title="bbox 1955 1571 3557 1644">
    <p class='ocr_par' dir='ltr' id='par_1_30' title="bbox 1955 1571 3557 1644">
     <span class='ocr_line' id='line_1_30' title="bbox 1955 1571 3557 1644; baseline -0.003 -14"><span class='ocrx_word' id='word_1_210' title='bbox 1955 1575 2246 1644; x_wconf 89' lang='lat' dir='ltr'><strong>solumque</strong></span> <span class='ocrx_word' id='word_1_211' title='bbox 2271 1572 2521 1627; x_wconf 90' lang='lat' dir='ltr'><strong>omnium</strong></span> <span class='ocrx_word' id='word_1_212' title='bbox 2563 1572 2871 1642; x_wconf 85' lang='lat' dir='ltr'><strong>principem</strong></span> <span class='ocrx_word' id='word_1_213' title='bbox 2915 1571 3433 1640; x_wconf 88' lang='lat' dir='ltr'><strong>moderatoremqne</strong></span> <span class='ocrx_word' id='word_1_214' title='bbox 3461 1584 3557 1625; x_wconf 88' lang='lat' dir='ltr'><strong>ce-</strong></span> 
     </span>
    </p>
   </div>
   <div class='ocr_carea' id='block_1_31' title="bbox 1955 1662 3555 1741">
    <p class='ocr_par' dir='ltr' id='par_1_31' title="bbox 1955 1662 3555 1741">
     <span class='ocr_line' id='line_1_31' title="bbox 1955 1662 3555 1741; baseline -0.004 -21"><span class='ocrx_word' id='word_1_215' title='bbox 1955 1666 2197 1741; x_wconf 55' lang='lat' dir='ltr'><strong>lebrari,</strong></span> <span class='ocrx_word' id='word_1_216' title='bbox 2245 1666 2341 1736; x_wconf 90' lang='lat' dir='ltr'><strong>qui</strong></span> <span class='ocrx_word' id='word_1_217' title='bbox 2388 1671 2444 1720; x_wconf 88' lang='lat' dir='ltr'><strong>et</strong></span> <span class='ocrx_word' id='word_1_218' title='bbox 2492 1679 2713 1734; x_wconf 86' lang='lat' dir='ltr'><strong>semper</strong></span> <span class='ocrx_word' id='word_1_219' title='bbox 2758 1663 3089 1727; x_wconf 60' lang='lat' dir='ltr'><strong>exsisteret,»</strong></span> <span class='ocrx_word' id='word_1_220' title='bbox 3131 1677 3235 1717; x_wconf 88' lang='lat' dir='ltr'><strong>nec</strong></span> <span class='ocrx_word' id='word_1_221' title='bbox 3278 1662 3555 1716; x_wconf 87' lang='lat' dir='ltr'><strong>desineret</strong></span> 
     </span>
    </p>
   </div>
   <div class='ocr_carea' id='block_1_32' title="bbox 1957 1752 3547 1828">
    <p class='ocr_par' dir='ltr' id='par_1_32' title="bbox 1957 1752 3547 1828">
     <span class='ocr_line' id='line_1_32' title="bbox 1957 1752 3547 1828; baseline -0.005 -14"><span class='ocrx_word' id='word_1_222' title='bbox 1957 1773 2226 1828; x_wconf 85' lang='lat' dir='ltr'><strong>unquam,</strong></span> <span class='ocrx_word' id='word_1_223' title='bbox 2271 1755 2495 1812; x_wconf 85' lang='lat' dir='ltr'><strong>Patrem</strong></span> <span class='ocrx_word' id='word_1_224' title='bbox 2542 1756 2777 1821; x_wconf 89' lang='lat' dir='ltr'><strong>scilicet,</strong></span> <span class='ocrx_word' id='word_1_225' title='bbox 2823 1770 2890 1811; x_wconf 90' lang='lat' dir='ltr'><strong>ac</strong></span> <span class='ocrx_word' id='word_1_226' title='bbox 2920 1753 3121 1809; x_wconf 87' lang='lat' dir='ltr'><strong>Filium</strong></span> <span class='ocrx_word' id='word_1_227' title='bbox 3178 1762 3234 1810; x_wconf 92' lang='lat' dir='ltr'><strong>et</strong></span> <span class='ocrx_word' id='word_1_228' title='bbox 3289 1752 3547 1824; x_wconf 79' lang='lat' dir='ltr'><strong>Spiritum</strong></span> 
     </span>
    </p>
   </div>
   <div class='ocr_carea' id='block_1_33' title="bbox 254 1840 1865 1925">
    <p class='ocr_par' dir='ltr' id='par_1_33' title="bbox 254 1840 1854 1923">
     <span class='ocr_line' id='line_1_33' title="bbox 254 1840 1854 1923; baseline -0.006 -20"><span class='ocrx_word' id='word_1_229' title='bbox 254 1851 392 1923; x_wconf 84' lang='grc' dir='ltr'>λησε</span> <span class='ocrx_word' id='word_1_230' title='bbox 443 1843 800 1919; x_wconf 81' lang='grc' dir='ltr'>περιττοτέρᾳ</span> <span class='ocrx_word' id='word_1_231' title='bbox 856 1842 964 1897; x_wconf 75' lang='grc' dir='ltr'>τινὶ</span> <span class='ocrx_word' id='word_1_232' title='bbox 1015 1841 1314 1913; x_wconf 83' lang='grc' dir='ltr'>φερόμενος</span> <span class='ocrx_word' id='word_1_233' title='bbox 1368 1840 1707 1912; x_wconf 78' lang='grc' dir='ltr'>ἡδυπαθείᾳ,</span> <span class='ocrx_word' id='word_1_234' title='bbox 1759 1840 1854 1894; x_wconf 72' lang='grc' dir='ltr'><strong>καὶ</strong></span> 
     </span>
    </p>
   </div>
   <div class='ocr_carea' id='block_1_34' title="bbox 1967 1840 3549 1925">
    <p class='ocr_par' dir='ltr' id='par_1_34' title="bbox 1967 1844 3549 1925">
     <span class='ocr_line' id='line_1_34' title="bbox 1967 1844 3549 1925; baseline -0.006 -16"><span class='ocrx_word' id='word_1_235' title='bbox 1967 1852 2121 1925; x_wconf 72' lang='lat'><strong>320</strong></span> <span class='ocrx_word' id='word_1_236' title='bbox 2166 1858 2424 1909; x_wconf 87' lang='lat' dir='ltr'><strong>sanctum</strong></span> <span class='ocrx_word' id='word_1_237' title='bbox 2446 1889 2462 1914; x_wconf 93' lang='lat'><strong>,</strong></span> <span class='ocrx_word' id='word_1_238' title='bbox 2507 1848 3004 1904; x_wconf 86' lang='lat' dir='ltr'><strong>abundantioribns</strong></span> <span class='ocrx_word' id='word_1_239' title='bbox 3034 1855 3090 1902; x_wconf 91' lang='lat' dir='ltr'><strong>et</strong></span> <span class='ocrx_word' id='word_1_240' title='bbox 3124 1846 3309 1903; x_wconf 90' lang='lat' dir='ltr'><strong>nimiis</strong></span> <span class='ocrx_word' id='word_1_241' title='bbox 3336 1844 3549 1900; x_wconf 78' lang='lat' dir='ltr'><strong>deliciis</strong></span> 
     </span>
    </p>
   </div>
   <div class='ocr_carea' id='block_1_35' title="bbox 255 1930 1855 2001">
    <p class='ocr_par' dir='ltr' id='par_1_35' title="bbox 255 1930 1855 2001">
     <span class='ocr_line' id='line_1_35' title="bbox 255 1930 1855 2001; baseline -0.007 -7"><span class='ocrx_word' id='word_1_242' title='bbox 255 1939 407 1994; x_wconf 76' lang='grc' dir='ltr'>κατὰ</span> <span class='ocrx_word' id='word_1_243' title='bbox 437 1937 529 1991; x_wconf 78' lang='grc' dir='ltr'><strong>τὸν</strong></span> <span class='ocrx_word' id='word_1_244' title='bbox 562 1934 827 1990; x_wconf 80' lang='grc' dir='ltr'>ἰδιωτικὸν</span> <span class='ocrx_word' id='word_1_245' title='bbox 852 1932 1017 1988; x_wconf 80' lang='grc' dir='ltr'>αὐτοῦ</span> <span class='ocrx_word' id='word_1_246' title='bbox 1057 1933 1181 1987; x_wconf 83' lang='grc' dir='ltr'>νοῦν</span> <span class='ocrx_word' id='word_1_247' title='bbox 1212 1931 1599 1997; x_wconf 78' lang='grc' dir='ltr'>ἐπιτωθάζων,</span> <span class='ocrx_word' id='word_1_248' title='bbox 1630 1931 1727 1985; x_wconf 76' lang='grc' dir='ltr'>καὶ</span> <span class='ocrx_word' id='word_1_249' title='bbox 1759 1930 1855 2001; x_wconf 85' lang='grc' dir='ltr'><strong>βα-</strong></span> 
     </span>
    </p>
   </div>
   <div class='ocr_carea' id='block_1_36' title="bbox 258 2023 1856 2106">
    <p class='ocr_par' dir='ltr' id='par_1_36' title="bbox 258 2023 1856 2106">
     <span class='ocr_line' id='line_1_36' title="bbox 258 2023 1856 2106; baseline -0.006 -20"><span class='ocrx_word' id='word_1_250' title='bbox 258 2035 382 2106; x_wconf 83' lang='grc' dir='ltr'>ρεῖς</span> <span class='ocrx_word' id='word_1_251' title='bbox 418 2030 681 2103; x_wconf 76' lang='grc' dir='ltr'>στρήνους</span> <span class='ocrx_word' id='word_1_252' title='bbox 731 2028 792 2081; x_wconf 89' lang='grc' dir='ltr'><strong>ἐν</strong></span> <span class='ocrx_word' id='word_1_253' title='bbox 836 2024 1014 2097; x_wconf 80' lang='grc' dir='ltr'>ἐαυτῷ</span> <span class='ocrx_word' id='word_1_254' title='bbox 1054 2024 1323 2096; x_wconf 83' lang='grc' dir='ltr'>ἀγόμενος</span> <span class='ocrx_word' id='word_1_255' title='bbox 1350 2065 1366 2090; x_wconf 94' lang='grc'><strong>,</strong></span> <span class='ocrx_word' id='word_1_256' title='bbox 1404 2023 1730 2079; x_wconf 82' lang='grc' dir='ltr'>στέλλεσθαι</span> <span class='ocrx_word' id='word_1_257' title='bbox 1757 2024 1856 2094; x_wconf 87' lang='grc' dir='ltr'><strong>τὴν</strong></span> 
     </span>
    </p>
   </div>
   <div class='ocr_carea' id='block_1_37' title="bbox 259 2114 1856 2198">
    <p class='ocr_par' dir='ltr' id='par_1_37' title="bbox 259 2114 1856 2198">
     <span class='ocr_line' id='line_1_37' title="bbox 259 2114 1856 2198; baseline -0.008 -18"><span class='ocrx_word' id='word_1_258' title='bbox 259 2123 489 2198; x_wconf 79' lang='grc' dir='ltr'>πορείαν</span> <span class='ocrx_word' id='word_1_259' title='bbox 518 2122 611 2175; x_wconf 74' lang='grc' dir='ltr'>ἐπὶ</span> <span class='ocrx_word' id='word_1_260' title='bbox 650 2120 718 2174; x_wconf 83' lang='grc' dir='ltr'>τὰ</span> <span class='ocrx_word' id='word_1_261' title='bbox 770 2117 1122 2190; x_wconf 82' lang='grc' dir='ltr'>Ἰεροσόλυμα</span> <span class='ocrx_word' id='word_1_262' title='bbox 1154 2117 1285 2188; x_wconf 55' lang='grc' dir='ltr'><strong>’περὶ⁴</strong></span> <span class='ocrx_word' id='word_1_263' title='bbox 1324 2117 1453 2180; x_wconf 81' lang='grc' dir='ltr'>τοὺς</span> <span class='ocrx_word' id='word_1_264' title='bbox 1483 2115 1709 2187; x_wconf 88' lang='grc' dir='ltr'>χρόνους</span> <span class='ocrx_word' id='word_1_265' title='bbox 1748 2114 1856 2168; x_wconf 90' lang='grc' dir='ltr'><strong>τῶν</strong></span> 
     </span>
    </p>
   </div>
   <div class='ocr_carea' id='block_1_38' title="bbox 259 2205 1857 2284">
    <p class='ocr_par' dir='ltr' id='par_1_38' title="bbox 259 2205 1857 2284">
     <span class='ocr_line' id='line_1_38' title="bbox 259 2205 1857 2284; baseline -0.008 -13"><span class='ocrx_word' id='word_1_266' title='bbox 259 2215 579 2272; x_wconf 73' lang='grc' dir='ltr'>ἀποστόλων</span> <span class='ocrx_word' id='word_1_267' title='bbox 618 2212 753 2284; x_wconf 76' lang='grc'>(15),</span> <span class='ocrx_word' id='word_1_268' title='bbox 809 2210 886 2275; x_wconf 83' lang='grc' dir='ltr'>ὡς</span> <span class='ocrx_word' id='word_1_269' title='bbox 932 2209 1092 2281; x_wconf 80' lang='grc' dir='ltr'>δῆθεν</span> <span class='ocrx_word' id='word_1_270' title='bbox 1149 2209 1330 2263; x_wconf 77' lang='grc' dir='ltr'>ἐκεῖσε</span> <span class='ocrx_word' id='word_1_271' title='bbox 1384 2206 1710 2278; x_wconf 84' lang='grc' dir='ltr'>ποιούμενος</span> <span class='ocrx_word' id='word_1_272' title='bbox 1764 2205 1857 2259; x_wconf 82' lang='grc' dir='ltr'><strong>τὸν</strong></span> 
     </span>
    </p>
   </div>
   <div class='ocr_carea' id='block_1_39' title="bbox 261 2296 1858 2379">
    <p class='ocr_par' dir='ltr' id='par_1_39' title="bbox 261 2296 1858 2379">
     <span class='ocr_line' id='line_1_39' title="bbox 261 2296 1858 2379; baseline -0.008 -16"><span class='ocrx_word' id='word_1_273' title='bbox 261 2310 426 2379; x_wconf 74' lang='grc' dir='ltr'>λόγον</span> <span class='ocrx_word' id='word_1_274' title='bbox 454 2307 582 2377; x_wconf 76' lang='grc' dir='ltr'>περὶ</span> <span class='ocrx_word' id='word_1_275' title='bbox 610 2304 735 2368; x_wconf 83' lang='grc' dir='ltr'>τοὺς</span> <span class='ocrx_word' id='word_1_276' title='bbox 760 2302 828 2357; x_wconf 84' lang='grc' dir='ltr'><strong>τά</strong></span> <span class='ocrx_word' id='word_1_277' title='bbox 855 2302 948 2356; x_wconf 75' lang='grc' dir='ltr'><strong>ἐπὶ</strong></span> <span class='ocrx_word' id='word_1_278' title='bbox 978 2299 1276 2373; x_wconf 80' lang='grc' dir='ltr'>μοναρχίας</span> <span class='ocrx_word' id='word_1_279' title='bbox 1312 2297 1685 2370; x_wconf 89' lang='grc' dir='ltr'>κηρύττοντας</span> <span class='ocrx_word' id='word_1_280' title='bbox 1705 2337 1720 2362; x_wconf 94' lang='grc'><strong>,</strong></span> <span class='ocrx_word' id='word_1_281' title='bbox 1762 2296 1858 2350; x_wconf 71' lang='grc' dir='ltr'><strong>καὶ</strong></span> 
     </span>
    </p>
   </div>
   <div class='ocr_carea' id='block_1_40' title="bbox 261 2389 1855 2467">
    <p class='ocr_par' dir='ltr' id='par_1_40' title="bbox 261 2389 1855 2467">
     <span class='ocr_line' id='line_1_40' title="bbox 261 2389 1855 2467; baseline -0.009 -11"><span class='ocrx_word' id='word_1_282' title='bbox 261 2402 375 2456; x_wconf 88' lang='grc' dir='ltr'><strong>τῶν</strong></span> <span class='ocrx_word' id='word_1_283' title='bbox 418 2399 513 2453; x_wconf 89' lang='grc' dir='ltr'><strong>τοῦ</strong></span> <span class='ocrx_word' id='word_1_284' title='bbox 557 2396 693 2452; x_wconf 82' lang='grc' dir='ltr'>Θεοῦ</span> <span class='ocrx_word' id='word_1_285' title='bbox 742 2395 1081 2467; x_wconf 84' lang='grc' dir='ltr'>κτισμάτων.</span> <span class='ocrx_word' id='word_1_286' title='bbox 1144 2392 1203 2447; x_wconf 82' lang='lat'><strong>&#39;0</strong></span> <span class='ocrx_word' id='word_1_287' title='bbox 1250 2393 1309 2447; x_wconf 91' lang='grc' dir='ltr'><strong>δέ</strong></span> <span class='ocrx_word' id='word_1_288' title='bbox 1345 2391 1555 2456; x_wconf 89' lang='grc' dir='ltr'>τάλας,</span> <span class='ocrx_word' id='word_1_289' title='bbox 1590 2389 1855 2455; x_wconf 84' lang='grc' dir='ltr'>ἀνελθὼν,</span> 
     </span>
    </p>
   </div>
   <div class='ocr_carea' id='block_1_41' title="bbox 260 2480 1856 2562">
    <p class='ocr_par' dir='ltr' id='par_1_41' title="bbox 260 2480 1856 2562">
     <span class='ocr_line' id='line_1_41' title="bbox 260 2480 1856 2562; baseline -0.01 -13"><span class='ocrx_word' id='word_1_290' title='bbox 260 2491 608 2549; x_wconf 86' lang='grc' dir='ltr'>ἀντιϐάλλειν</span> <span class='ocrx_word' id='word_1_291' title='bbox 641 2490 848 2562; x_wconf 67' lang='grc' dir='ltr'>ἤρξατο</span> <span class='ocrx_word' id='word_1_292' title='bbox 878 2487 1014 2559; x_wconf 76' lang='grc' dir='ltr'>πρὸς</span> <span class='ocrx_word' id='word_1_293' title='bbox 1052 2486 1179 2548; x_wconf 84' lang='grc' dir='ltr'>τοὺς</span> <span class='ocrx_word' id='word_1_294' title='bbox 1216 2484 1396 2536; x_wconf 85' lang='grc' dir='ltr'>ἐκεῖσε</span> <span class='ocrx_word' id='word_1_295' title='bbox 1426 2480 1856 2553; x_wconf 82' lang='grc' dir='ltr'>πρεσϐυτέρους,</span> 
     </span>
    </p>
   </div>
   <div class='ocr_carea' id='block_1_42' title="bbox 261 2573 1861 2654">
    <p class='ocr_par' dir='ltr' id='par_1_42' title="bbox 261 2573 1861 2654">
     <span class='ocr_line' id='line_1_42' title="bbox 261 2573 1861 2654; baseline -0.011 -11"><span class='ocrx_word' id='word_1_296' title='bbox 261 2590 395 2651; x_wconf 78' lang='grc' dir='ltr'>τοὺς</span> <span class='ocrx_word' id='word_1_297' title='bbox 423 2584 565 2640; x_wconf 79' lang='grc' dir='ltr'>κατὰ</span> <span class='ocrx_word' id='word_1_298' title='bbox 590 2582 689 2654; x_wconf 88' lang='grc' dir='ltr'>τὴν</span> <span class='ocrx_word' id='word_1_299' title='bbox 716 2579 1040 2653; x_wconf 87' lang='grc' dir='ltr'>νομοθεσίαν</span> <span class='ocrx_word' id='word_1_300' title='bbox 1066 2575 1203 2631; x_wconf 83' lang='grc' dir='ltr'>Θεοῦ</span> <span class='ocrx_word' id='word_1_301' title='bbox 1228 2576 1328 2647; x_wconf 84' lang='grc' dir='ltr'>τὴν</span> <span class='ocrx_word' id='word_1_302' title='bbox 1351 2573 1431 2645; x_wconf 80' lang='grc' dir='ltr'>τῷ</span> <span class='ocrx_word' id='word_1_303' title='bbox 1454 2574 1659 2646; x_wconf 80' lang='grc' dir='ltr'>Μωῦσῇ</span> <span class='ocrx_word' id='word_1_304' title='bbox 1688 2573 1861 2627; x_wconf 74' lang='lat' dir='ltr'><strong>6003i-</strong></span> 
     </span>
    </p>
   </div>
   <div class='ocr_carea' id='block_1_43' title="bbox 262 2665 1861 2747">
    <p class='ocr_par' dir='ltr' id='par_1_43' title="bbox 262 2665 1861 2747">
     <span class='ocr_line' id='line_1_43' title="bbox 262 2665 1861 2747; baseline -0.011 -13"><span class='ocrx_word' id='word_1_305' title='bbox 262 2698 392 2743; x_wconf 88' lang='grc' dir='ltr'>σαν,</span> <span class='ocrx_word' id='word_1_306' title='bbox 434 2678 528 2731; x_wconf 79' lang='grc' dir='ltr'>καὶ</span> <span class='ocrx_word' id='word_1_307' title='bbox 569 2675 887 2747; x_wconf 77' lang='grc' dir='ltr'>προφητικῇ</span> <span class='ocrx_word' id='word_1_308' title='bbox 928 2670 1160 2725; x_wconf 81' lang='grc' dir='ltr'>ἑκάστου</span> <span class='ocrx_word' id='word_1_309' title='bbox 1212 2667 1491 2739; x_wconf 79' lang='grc' dir='ltr'>προφήτου</span> <span class='ocrx_word' id='word_1_310' title='bbox 1540 2665 1861 2738; x_wconf 74' lang='grc' dir='ltr'>διδασκαλίᾳ</span> 
     </span>
    </p>
   </div>
   <div class='ocr_carea' id='block_1_44' title="bbox 262 2756 1862 2844">
    <p class='ocr_par' dir='ltr' id='par_1_44' title="bbox 262 2756 1862 2844">
     <span class='ocr_line' id='line_1_44' title="bbox 262 2756 1862 2844; baseline -0.008 -19"><span class='ocrx_word' id='word_1_311' title='bbox 262 2771 542 2844; x_wconf 86' lang='grc' dir='ltr'>βιοῦντας.</span> <span class='ocrx_word' id='word_1_312' title='bbox 575 2769 694 2822; x_wconf 82' lang='grc' dir='ltr'><strong>Ὀτι</strong></span> <span class='ocrx_word' id='word_1_313' title='bbox 719 2806 734 2832; x_wconf 94' lang='grc'><strong>,</strong></span> <span class='ocrx_word' id='word_1_314' title='bbox 771 2764 897 2827; x_wconf 86' lang='grc' dir='ltr'>Πῶς</span> <span class='ocrx_word' id='word_1_315' title='bbox 924 2780 1060 2832; x_wconf 83' lang='grc' dir='ltr'>φατε</span> <span class='ocrx_word' id='word_1_316' title='bbox 1080 2761 1179 2815; x_wconf 81' lang='grc' dir='ltr'><strong>ἐνα</strong></span> <span class='ocrx_word' id='word_1_317' title='bbox 1209 2759 1342 2813; x_wconf 75' lang='grc' dir='ltr'>Θεὸν</span> <span class='ocrx_word' id='word_1_318' title='bbox 1364 2759 1667 2829; x_wconf 78' lang='grc' dir='ltr'>ποιήσαντα</span> <span class='ocrx_word' id='word_1_319' title='bbox 1688 2756 1862 2812; x_wconf 83' lang='grc' dir='ltr'>νύκτα</span> 
     </span>
    </p>
   </div>
   <div class='ocr_carea' id='block_1_45' title="bbox 262 2849 1863 2933">
    <p class='ocr_par' dir='ltr' id='par_1_45' title="bbox 262 2849 1863 2933">
     <span class='ocr_line' id='line_1_45' title="bbox 262 2849 1863 2933; baseline -0.01 -15"><span class='ocrx_word' id='word_1_320' title='bbox 262 2882 325 2918; x_wconf 89' lang='grc' dir='ltr'><strong>τε</strong></span> <span class='ocrx_word' id='word_1_321' title='bbox 362 2864 459 2917; x_wconf 78' lang='grc' dir='ltr'>καὶ</span> <span class='ocrx_word' id='word_1_322' title='bbox 493 2860 724 2933; x_wconf 81' lang='grc' dir='ltr'>ἡμέραν,</span> <span class='ocrx_word' id='word_1_323' title='bbox 753 2857 934 2929; x_wconf 84' lang='grc' dir='ltr'>σάρκα</span> <span class='ocrx_word' id='word_1_324' title='bbox 970 2871 1031 2907; x_wconf 90' lang='grc' dir='ltr'><strong>τε</strong></span> <span class='ocrx_word' id='word_1_325' title='bbox 1064 2852 1161 2907; x_wconf 75' lang='grc' dir='ltr'><strong>καὶ</strong></span> <span class='ocrx_word' id='word_1_326' title='bbox 1191 2850 1392 2923; x_wconf 81' lang='grc' dir='ltr'>ψυχὴν,</span> <span class='ocrx_word' id='word_1_327' title='bbox 1436 2850 1604 2922; x_wconf 80' lang='grc' dir='ltr'>ξηρόν</span> <span class='ocrx_word' id='word_1_328' title='bbox 1651 2868 1713 2903; x_wconf 91' lang='grc' dir='ltr'><strong>τε</strong></span> <span class='ocrx_word' id='word_1_329' title='bbox 1766 2849 1863 2904; x_wconf 76' lang='grc' dir='ltr'><strong>καὶ</strong></span> 
     </span>
    </p>
   </div>
   <div class='ocr_carea' id='block_1_46' title="bbox 265 2940 1862 3030">
    <p class='ocr_par' dir='ltr' id='par_1_46' title="bbox 265 2940 1862 3030">
     <span class='ocr_line' id='line_1_46' title="bbox 265 2940 1862 3030; baseline -0.014 -18"><span class='ocrx_word' id='word_1_330' title='bbox 265 2954 462 3030; x_wconf 79' lang='grc' dir='ltr'>ὑγρὸν,</span> <span class='ocrx_word' id='word_1_331' title='bbox 490 2951 717 3024; x_wconf 74' lang='grc' dir='ltr'>οὐρανόν</span> <span class='ocrx_word' id='word_1_332' title='bbox 748 2966 808 3003; x_wconf 90' lang='grc' dir='ltr'><strong>τε</strong></span> <span class='ocrx_word' id='word_1_333' title='bbox 838 2947 930 3002; x_wconf 75' lang='grc' dir='ltr'>καὶ</span> <span class='ocrx_word' id='word_1_334' title='bbox 956 2946 1081 3017; x_wconf 84' lang='grc' dir='ltr'>γῆν,</span> <span class='ocrx_word' id='word_1_335' title='bbox 1113 2943 1305 3007; x_wconf 86' lang='grc' dir='ltr'>σκότος</span> <span class='ocrx_word' id='word_1_336' title='bbox 1358 2959 1416 2996; x_wconf 86' lang='grc' dir='ltr'><strong>τε</strong></span> <span class='ocrx_word' id='word_1_337' title='bbox 1450 2943 1545 2996; x_wconf 82' lang='grc' dir='ltr'>καὶ</span> <span class='ocrx_word' id='word_1_338' title='bbox 1588 2941 1741 3012; x_wconf 86' lang='grc' dir='ltr'>φῶς;</span> <span class='ocrx_word' id='word_1_339' title='bbox 1797 2940 1862 2995; x_wconf 83' lang='grc' dir='ltr'><strong>υἱ</strong></span> 
     </span>
    </p>
   </div>
   <div class='ocr_carea' id='block_1_47' title="bbox 264 3032 1864 3113">
    <p class='ocr_par' dir='ltr' id='par_1_47' title="bbox 264 3032 1864 3113">
     <span class='ocr_line' id='line_1_47' title="bbox 264 3032 1864 3113; baseline -0.011 -10"><span class='ocrx_word' id='word_1_340' title='bbox 264 3049 327 3103; x_wconf 85' lang='grc' dir='ltr'>δὲ</span> <span class='ocrx_word' id='word_1_341' title='bbox 378 3044 569 3113; x_wconf 83' lang='grc' dir='ltr'>σαφῶς</span> <span class='ocrx_word' id='word_1_342' title='bbox 598 3041 889 3096; x_wconf 79' lang='grc' dir='ltr'>ἐδείκνυον.</span> <span class='ocrx_word' id='word_1_343' title='bbox 933 3037 1008 3092; x_wconf 85' lang='grc' dir='ltr'><strong>Οὺ</strong></span> <span class='ocrx_word' id='word_1_344' title='bbox 1034 3036 1143 3108; x_wconf 83' lang='grc' dir='ltr'>γὰρ</span> <span class='ocrx_word' id='word_1_345' title='bbox 1169 3037 1204 3106; x_wconf 79' lang='grc' dir='ltr'>ἡ</span> <span class='ocrx_word' id='word_1_346' title='bbox 1246 3032 1477 3105; x_wconf 83' lang='grc' dir='ltr'>ἀλήθεια</span> <span class='ocrx_word' id='word_1_347' title='bbox 1504 3032 1864 3104; x_wconf 87' lang='grc' dir='ltr'>παρακέκρυ-</span> 
     </span>
    </p>
   </div>
   <div class='ocr_carea' id='block_1_48' title="bbox 269 3125 1864 3203">
    <p class='ocr_par' dir='ltr' id='par_1_48' title="bbox 269 3125 1864 3203">
     <span class='ocr_line' id='line_1_48' title="bbox 269 3125 1864 3203; baseline -0.016 -5"><span class='ocrx_word' id='word_1_348' title='bbox 269 3158 439 3197; x_wconf 77' lang='grc' dir='ltr'>πται.</span> <span class='ocrx_word' id='word_1_349' title='bbox 465 3131 534 3193; x_wconf 77' lang='grc'><strong>’0</strong></span> <span class='ocrx_word' id='word_1_350' title='bbox 565 3136 621 3191; x_wconf 84' lang='grc' dir='ltr'>δὲ</span> <span class='ocrx_word' id='word_1_351' title='bbox 651 3132 946 3203; x_wconf 76' lang='grc' dir='ltr'>ἀντιλέγων</span> <span class='ocrx_word' id='word_1_352' title='bbox 973 3130 1072 3184; x_wconf 81' lang='grc' dir='ltr'><strong>οὐκ</strong></span> <span class='ocrx_word' id='word_1_353' title='bbox 1097 3127 1379 3201; x_wconf 69' lang='grc' dir='ltr'>ᾐσχύνετο.</span> <span class='ocrx_word' id='word_1_354' title='bbox 1414 3126 1599 3198; x_wconf 82' lang='grc' dir='ltr'>Μηδὲν</span> <span class='ocrx_word' id='word_1_355' title='bbox 1631 3125 1688 3179; x_wconf 83' lang='grc' dir='ltr'>δὲ</span> <span class='ocrx_word' id='word_1_356' title='bbox 1710 3125 1864 3180; x_wconf 85' lang='grc' dir='ltr'>δυνά-</span> 
     </span>
    </p>
   </div>
   <div class='ocr_carea' id='block_1_49' title="bbox 270 3196 1937 3307">
    <p class='ocr_par' dir='ltr' id='par_1_49' title="bbox 270 3196 1937 3307">
     <span class='ocr_line' id='line_1_49' title="bbox 270 3196 1937 3307; baseline -0.017 -17"><span class='ocrx_word' id='word_1_357' title='bbox 270 3249 446 3307; x_wconf 84' lang='grc' dir='ltr'>μενος</span> <span class='ocrx_word' id='word_1_358' title='bbox 472 3228 813 3302; x_wconf 84' lang='grc' dir='ltr'>περαιῶσαι,</span> <span class='ocrx_word' id='word_1_359' title='bbox 845 3196 1002 3295; x_wconf 36' lang='grc' dir='ltr'>*ὅμως</span> <span class='ocrx_word' id='word_1_360' title='bbox 1158 3196 1515 3291; x_wconf 70' lang='grc' dir='ltr'>ἀναισχυντία</span> <span class='ocrx_word' id='word_1_361' title='bbox 1555 3218 1653 3289; x_wconf 84' lang='grc' dir='ltr'>τῆς</span> <span class='ocrx_word' id='word_1_362' title='bbox 1700 3216 1863 3288; x_wconf 82' lang='grc' dir='ltr'>χαλε-</span> <span class='ocrx_word' id='word_1_363' title='bbox 1891 3196 1937 3258; x_wconf 72' lang='lat' dir='ltr'><strong><em>C</em></strong></span> 
     </span>
    </p>
   </div>
   <div class='ocr_carea' id='block_1_50' title="bbox 269 3307 1865 3396">
    <p class='ocr_par' dir='ltr' id='par_1_50' title="bbox 269 3307 1865 3396">
     <span class='ocr_line' id='line_1_50' title="bbox 269 3307 1865 3396; baseline -0.013 -15"><span class='ocrx_word' id='word_1_364' title='bbox 269 3327 512 3396; x_wconf 58' lang='grc' dir='ltr'>πιότητος</span> <span class='ocrx_word' id='word_1_365' title='bbox 543 3320 787 3393; x_wconf 83' lang='grc' dir='ltr'>ἐφέρετο.</span> <span class='ocrx_word' id='word_1_366' title='bbox 836 3317 922 3379; x_wconf 85' lang='grc' dir='ltr'>Ὠς</span> <span class='ocrx_word' id='word_1_367' title='bbox 959 3315 1016 3368; x_wconf 89' lang='grc' dir='ltr'><strong>δέ</strong></span> <span class='ocrx_word' id='word_1_368' title='bbox 1044 3314 1145 3367; x_wconf 83' lang='grc' dir='ltr'><strong>οὐκ</strong></span> <span class='ocrx_word' id='word_1_369' title='bbox 1175 3311 1362 3384; x_wconf 79' lang='grc' dir='ltr'>ἴσχυσέ</span> <span class='ocrx_word' id='word_1_370' title='bbox 1392 3328 1445 3365; x_wconf 92' lang='grc' dir='ltr'><strong>τι</strong></span> <span class='ocrx_word' id='word_1_371' title='bbox 1470 3309 1686 3396; x_wconf 58' lang='grc' dir='ltr'>ἀνθσαι,</span> <span class='ocrx_word' id='word_1_372' title='bbox 1729 3307 1865 3396; x_wconf 82' lang='grc' dir='ltr'>ἀλλὰ</span> 
     </span>
    </p>
   </div>
   <div class='ocr_carea' id='block_1_51' title="bbox 269 3392 1865 3483">
    <p class='ocr_par' dir='ltr' id='par_1_51' title="bbox 269 3392 1865 3483">
     <span class='ocr_line' id='line_1_51' title="bbox 269 3392 1865 3483; baseline -0.011 -16"><span class='ocrx_word' id='word_1_373' title='bbox 269 3413 335 3467; x_wconf 78' lang='grc' dir='ltr'><strong>τὸ</strong></span> <span class='ocrx_word' id='word_1_374' title='bbox 366 3392 530 3483; x_wconf 79' lang='grc' dir='ltr'>ἦττον</span> <span class='ocrx_word' id='word_1_375' title='bbox 555 3392 756 3481; x_wconf 83' lang='grc' dir='ltr'>μᾶλλον</span> <span class='ocrx_word' id='word_1_376' title='bbox 789 3404 1161 3476; x_wconf 78' lang='grc' dir='ltr'>ἀπηνέγκατο,</span> <span class='ocrx_word' id='word_1_377' title='bbox 1196 3401 1525 3473; x_wconf 76' lang='grc' dir='ltr'>ἐπετήδευσε</span> <span class='ocrx_word' id='word_1_378' title='bbox 1556 3398 1625 3452; x_wconf 86' lang='grc' dir='ltr'>δι’</span> <span class='ocrx_word' id='word_1_379' title='bbox 1650 3392 1726 3452; x_wconf 85' lang='grc' dir='ltr'>ὧν</span> <span class='ocrx_word' id='word_1_380' title='bbox 1750 3394 1865 3468; x_wconf 76' lang='grc' dir='ltr'>εἷχε</span> 
     </span>
    </p>
   </div>
   <div class='ocr_carea' id='block_1_52' title="bbox 274 3488 1867 3575">
    <p class='ocr_par' dir='ltr' id='par_1_52' title="bbox 274 3488 1867 3575">
     <span class='ocr_line' id='line_1_52' title="bbox 274 3488 1867 3575; baseline -0.009 -18"><span class='ocrx_word' id='word_1_381' title='bbox 274 3502 531 3575; x_wconf 82' lang='grc' dir='ltr'>μαγικῶν</span> <span class='ocrx_word' id='word_1_382' title='bbox 562 3499 783 3572; x_wconf 80' lang='grc' dir='ltr'>βιϐλίων</span> <span class='ocrx_word' id='word_1_383' title='bbox 812 3499 829 3567; x_wconf 94' lang='grc'>(</span> <span class='ocrx_word' id='word_1_384' title='bbox 853 3497 949 3552; x_wconf 71' lang='grc' dir='ltr'><strong>καὶ</strong></span> <span class='ocrx_word' id='word_1_385' title='bbox 975 3496 1085 3565; x_wconf 77' lang='grc' dir='ltr'>γὰρ</span> <span class='ocrx_word' id='word_1_386' title='bbox 1130 3494 1227 3548; x_wconf 79' lang='grc' dir='ltr'><strong>καὶ</strong></span> <span class='ocrx_word' id='word_1_387' title='bbox 1250 3493 1379 3564; x_wconf 90' lang='grc' dir='ltr'>γόης</span> <span class='ocrx_word' id='word_1_388' title='bbox 1404 3492 1471 3565; x_wconf 78' lang='grc' dir='ltr'>ἦν</span> <span class='ocrx_word' id='word_1_389' title='bbox 1496 3490 1605 3544; x_wconf 75' lang='grc' dir='ltr'>ἀπὸ</span> <span class='ocrx_word' id='word_1_390' title='bbox 1628 3490 1729 3560; x_wconf 78' lang='grc' dir='ltr'>τῆς</span> <span class='ocrx_word' id='word_1_391' title='bbox 1756 3488 1867 3543; x_wconf 91' lang='grc' dir='ltr'><strong>τῶν</strong></span> 
     </span>
    </p>
   </div>
   <div class='ocr_carea' id='block_1_53' title="bbox 284 3583 1868 3660">
    <p class='ocr_par' dir='ltr' id='par_1_53' title="bbox 284 3583 1868 3660">
     <span class='ocr_line' id='line_1_53' title="bbox 284 3583 1868 3660; baseline -0.01 -12"><span class='ocrx_word' id='word_1_392' title='bbox 284 3593 468 3649; x_wconf 83' lang='grc' dir='ltr'>Ἰνδῶν</span> <span class='ocrx_word' id='word_1_393' title='bbox 501 3591 595 3646; x_wconf 80' lang='grc' dir='ltr'>καὶ</span> <span class='ocrx_word' id='word_1_394' title='bbox 626 3589 936 3660; x_wconf 79' lang='grc' dir='ltr'>Αἰγυπτίων</span> <span class='ocrx_word' id='word_1_395' title='bbox 978 3587 1072 3641; x_wconf 76' lang='grc' dir='ltr'><strong>καὶ</strong></span> <span class='ocrx_word' id='word_1_396' title='bbox 1112 3583 1410 3656; x_wconf 84' lang='grc' dir='ltr'>ἐθνομύθου</span> <span class='ocrx_word' id='word_1_397' title='bbox 1458 3583 1650 3653; x_wconf 82' lang='grc' dir='ltr'>σοφίας</span> <span class='ocrx_word' id='word_1_398' title='bbox 1694 3583 1868 3653; x_wconf 90' lang='grc' dir='ltr'>ἐμπο-</span> 
     </span>
    </p>
   </div>
   <div class='ocr_carea' id='block_1_54' title="bbox 276 3670 1864 3757">
    <p class='ocr_par' dir='ltr' id='par_1_54' title="bbox 276 3670 1864 3757">
     <span class='ocr_line' id='line_1_54' title="bbox 276 3670 1864 3757; baseline -0.009 -18"><span class='ocrx_word' id='word_1_399' title='bbox 276 3684 617 3757; x_wconf 83' lang='grc' dir='ltr'>ρευσάμενος</span> <span class='ocrx_word' id='word_1_400' title='bbox 649 3681 719 3736; x_wconf 85' lang='grc' dir='ltr'><strong>τά</strong></span> <span class='ocrx_word' id='word_1_401' title='bbox 762 3678 910 3734; x_wconf 86' lang='grc' dir='ltr'>δεινά</span> <span class='ocrx_word' id='word_1_402' title='bbox 949 3678 1044 3733; x_wconf 61' lang='grc' dir='ltr'><strong>καὶ⁵</strong></span> <span class='ocrx_word' id='word_1_403' title='bbox 1099 3677 1358 3747; x_wconf 82' lang='grc' dir='ltr'>όλετήρια</span> <span class='ocrx_word' id='word_1_404' title='bbox 1395 3674 1497 3744; x_wconf 80' lang='grc' dir='ltr'>τῆς</span> <span class='ocrx_word' id='word_1_405' title='bbox 1543 3670 1864 3744; x_wconf 80' lang='grc' dir='ltr'>γοητείας),</span> 
     </span>
    </p>
   </div>
   <div class='ocr_carea' id='block_1_55' title="bbox 273 3761 1870 3848">
    <p class='ocr_par' dir='ltr' id='par_1_55' title="bbox 273 3761 1870 3848">
     <span class='ocr_line' id='line_1_55' title="bbox 273 3761 1870 3848; baseline -0.011 -17"><span class='ocrx_word' id='word_1_406' title='bbox 273 3774 585 3848; x_wconf 73' lang='grc' dir='ltr'>φαντασίαν</span> <span class='ocrx_word' id='word_1_407' title='bbox 620 3772 744 3828; x_wconf 80' lang='grc' dir='ltr'>τινὰ</span> <span class='ocrx_word' id='word_1_408' title='bbox 770 3770 864 3824; x_wconf 74' lang='grc' dir='ltr'><strong>ἐπὶ</strong></span> <span class='ocrx_word' id='word_1_409' title='bbox 901 3767 1151 3840; x_wconf 83' lang='grc' dir='ltr'>δώματος</span> <span class='ocrx_word' id='word_1_410' title='bbox 1185 3764 1421 3822; x_wconf 86' lang='grc' dir='ltr'>ἀνελθὼν</span> <span class='ocrx_word' id='word_1_411' title='bbox 1456 3764 1555 3819; x_wconf 71' lang='grc' dir='ltr'><strong>καὶ</strong></span> <span class='ocrx_word' id='word_1_412' title='bbox 1585 3761 1870 3835; x_wconf 81' lang='grc' dir='ltr'>ἐπιτηδεύ-</span> 
     </span>
    </p>
   </div>
   <div class='ocr_carea' id='block_1_56' title="bbox 173 3853 1869 3939">
    <p class='ocr_par' dir='ltr' id='par_1_56' title="bbox 173 3853 1869 3939">
     <span class='ocr_line' id='line_1_56' title="bbox 173 3853 1869 3939; baseline -0.01 -14"><span class='ocrx_word' id='word_1_413' title='bbox 173 3892 181 3899; x_wconf 74' lang='grc'><em>’</em></span> <span class='ocrx_word' id='word_1_414' title='bbox 276 3886 408 3933; x_wconf 81' lang='grc' dir='ltr'>σας,</span> <span class='ocrx_word' id='word_1_415' title='bbox 447 3869 600 3939; x_wconf 81' lang='grc' dir='ltr'>ὅμως</span> <span class='ocrx_word' id='word_1_416' title='bbox 639 3864 790 3919; x_wconf 82' lang='grc' dir='ltr'>οὐδὲν</span> <span class='ocrx_word' id='word_1_417' title='bbox 842 3861 1095 3933; x_wconf 69' lang='grc' dir='ltr'>ἰσχύσας,</span> <span class='ocrx_word' id='word_1_418' title='bbox 1133 3859 1271 3913; x_wconf 80' lang='grc' dir='ltr'>ἀλλὰ</span> <span class='ocrx_word' id='word_1_419' title='bbox 1308 3855 1638 3912; x_wconf 88' lang='grc' dir='ltr'>καταπεσὼν</span> <span class='ocrx_word' id='word_1_420' title='bbox 1681 3857 1745 3910; x_wconf 89' lang='grc' dir='ltr'><strong>ἐκ</strong></span> <span class='ocrx_word' id='word_1_421' title='bbox 1772 3853 1869 3909; x_wconf 92' lang='grc' dir='ltr'><strong>τοῦ</strong></span> 
     </span>
    </p>
   </div>
   <div class='ocr_carea' id='block_1_57' title="bbox 274 3943 1867 4031">
    <p class='ocr_par' dir='ltr' id='par_1_57' title="bbox 274 3943 1867 4031">
     <span class='ocr_line' id='line_1_57' title="bbox 274 3943 1867 4031; baseline -0.011 -16"><span class='ocrx_word' id='word_1_422' title='bbox 274 3959 553 4031; x_wconf 86' lang='grc' dir='ltr'>δώματος.</span> <span class='ocrx_word' id='word_1_423' title='bbox 579 3954 724 4011; x_wconf 85' lang='grc' dir='ltr'>τέλει</span> <span class='ocrx_word' id='word_1_424' title='bbox 750 3953 844 4008; x_wconf 88' lang='grc' dir='ltr'><strong>τοῦ</strong></span> <span class='ocrx_word' id='word_1_425' title='bbox 878 3952 991 4023; x_wconf 85' lang='grc' dir='ltr'>βίου</span> <span class='ocrx_word' id='word_1_426' title='bbox 1022 3950 1317 4022; x_wconf 82' lang='grc' dir='ltr'>ἐχρήσατο.</span> <span class='ocrx_word' id='word_1_427' title='bbox 1348 3943 1459 4002; x_wconf 81' lang='grc' dir='ltr'><strong>Ἦν</strong></span> <span class='ocrx_word' id='word_1_428' title='bbox 1490 3947 1547 4001; x_wconf 83' lang='grc' dir='ltr'>δὲ</span> <span class='ocrx_word' id='word_1_429' title='bbox 1576 3945 1867 4018; x_wconf 67' lang='grc' dir='ltr'>διατρίψας</span> 
     </span>
    </p>
   </div>
   <div class='ocr_carea' id='block_1_58' title="bbox 279 4037 1870 4116">
    <p class='ocr_par' dir='ltr' id='par_1_58' title="bbox 279 4037 1870 4116">
     <span class='ocr_line' id='line_1_58' title="bbox 279 4037 1870 4116; baseline -0.008 -13"><span class='ocrx_word' id='word_1_430' title='bbox 279 4051 404 4103; x_wconf 79' lang='grc' dir='ltr'>ἐκεῖ</span> <span class='ocrx_word' id='word_1_431' title='bbox 445 4045 605 4101; x_wconf 82' lang='grc' dir='ltr'>ἱκανά</span> <span class='ocrx_word' id='word_1_432' title='bbox 645 4044 763 4116; x_wconf 82' lang='grc' dir='ltr'>ἐτη,</span> <span class='ocrx_word' id='word_1_433' title='bbox 812 4042 1059 4115; x_wconf 81' lang='grc' dir='ltr'>μαθητὴν</span> <span class='ocrx_word' id='word_1_434' title='bbox 1104 4042 1160 4095; x_wconf 84' lang='grc' dir='ltr'><strong>δέ</strong></span> <span class='ocrx_word' id='word_1_435' title='bbox 1209 4039 1349 4112; x_wconf 75' lang='grc' dir='ltr'>ἔχων</span> <span class='ocrx_word' id='word_1_436' title='bbox 1397 4038 1493 4094; x_wconf 73' lang='grc' dir='ltr'>ἱνα</span> <span class='ocrx_word' id='word_1_437' title='bbox 1541 4038 1704 4109; x_wconf 90' lang='grc' dir='ltr'>μόνον</span> <span class='ocrx_word' id='word_1_438' title='bbox 1750 4037 1870 4109; x_wconf 87' lang='grc' dir='ltr'>μεθ’</span> 
     </span>
    </p>
   </div>
   <div class='ocr_carea' id='block_1_59' title="bbox 280 4123 1872 4208">
    <p class='ocr_par' dir='ltr' id='par_1_59' title="bbox 280 4123 1872 4208">
     <span class='ocr_line' id='line_1_59' title="bbox 280 4123 1872 4208; baseline -0.005 -15"><span class='ocrx_word' id='word_1_439' title='bbox 280 4137 504 4205; x_wconf 80' lang='grc' dir='ltr'>ἐαυτοῦ,</span> <span class='ocrx_word' id='word_1_440' title='bbox 537 4136 629 4191; x_wconf 77' lang='grc' dir='ltr'><strong>τὸν</strong></span> <span class='ocrx_word' id='word_1_441' title='bbox 670 4134 1067 4208; x_wconf 85' lang='grc' dir='ltr'>προειρημένον</span> <span class='ocrx_word' id='word_1_442' title='bbox 1102 4131 1419 4205; x_wconf 83' lang='grc' dir='ltr'>Τέρϐινθον,</span> <span class='ocrx_word' id='word_1_443' title='bbox 1454 4123 1498 4199; x_wconf 83' lang='grc' dir='ltr'>ᾧ</span> <span class='ocrx_word' id='word_1_444' title='bbox 1531 4131 1627 4186; x_wconf 76' lang='grc' dir='ltr'>καὶ</span> <span class='ocrx_word' id='word_1_445' title='bbox 1656 4131 1726 4185; x_wconf 75' lang='grc' dir='ltr'><strong>τά</strong></span> <span class='ocrx_word' id='word_1_446' title='bbox 1766 4130 1872 4185; x_wconf 83' lang='grc' dir='ltr'>ἴδια</span> 
     </span>
    </p>
   </div>
   <div class='ocr_carea' id='block_1_60' title="bbox 282 4220 1874 4296">
    <p class='ocr_par' dir='ltr' id='par_1_60' title="bbox 282 4220 1874 4296">
     <span class='ocr_line' id='line_1_60' title="bbox 282 4220 1874 4296; baseline -0.005 -11"><span class='ocrx_word' id='word_1_447' title='bbox 282 4230 606 4285; x_wconf 70' lang='grc' dir='ltr'>ἐπίστευσεν</span> <span class='ocrx_word' id='word_1_448' title='bbox 646 4226 720 4291; x_wconf 85' lang='grc' dir='ltr'>ὡς</span> <span class='ocrx_word' id='word_1_449' title='bbox 750 4225 1154 4296; x_wconf 84' lang='grc' dir='ltr'>πιστικωτάτῳ,</span> <span class='ocrx_word' id='word_1_450' title='bbox 1190 4225 1285 4278; x_wconf 78' lang='grc' dir='ltr'><strong>καὶ</strong></span> <span class='ocrx_word' id='word_1_451' title='bbox 1313 4226 1434 4278; x_wconf 83' lang='grc' dir='ltr'>κατ’</span> <span class='ocrx_word' id='word_1_452' title='bbox 1484 4220 1697 4280; x_wconf 76' lang='grc' dir='ltr'>εὔνοιαν</span> <span class='ocrx_word' id='word_1_453' title='bbox 1724 4221 1874 4294; x_wconf 79' lang='grc' dir='ltr'>αύτῷ</span> 
     </span>
    </p>
   </div>
   <div class='ocr_carea' id='block_1_61' title="bbox 281 4313 1872 4393">
    <p class='ocr_par' dir='ltr' id='par_1_61' title="bbox 281 4313 1872 4393">
     <span class='ocr_line' id='line_1_61' title="bbox 281 4313 1872 4393; baseline -0.006 -17"><span class='ocrx_word' id='word_1_454' title='bbox 281 4318 806 4393; x_wconf 79' lang='grc' dir='ltr'>ἐξυπηρετουμένῳ·</span> <span class='ocrx_word' id='word_1_455' title='bbox 844 4317 922 4382; x_wconf 79' lang='grc' dir='ltr'>ὃς,</span> <span class='ocrx_word' id='word_1_456' title='bbox 962 4317 1387 4387; x_wconf 86' lang='grc' dir='ltr'>τελευτήσαντος</span> <span class='ocrx_word' id='word_1_457' title='bbox 1420 4314 1518 4368; x_wconf 85' lang='grc' dir='ltr'><strong>τοῦ</strong></span> <span class='ocrx_word' id='word_1_458' title='bbox 1551 4313 1872 4379; x_wconf 88' lang='grc' dir='ltr'>Σκυθιανοῦ,</span> 
     </span>
    </p>
   </div>
   <div class='ocr_carea' id='block_1_62' title="bbox 282 4406 1876 4485">
    <p class='ocr_par' dir='ltr' id='par_1_62' title="bbox 282 4406 1876 4485">
     <span class='ocr_line' id='line_1_62' title="bbox 282 4406 1876 4485; baseline -0.004 -19"><span class='ocrx_word' id='word_1_459' title='bbox 282 4411 507 4485; x_wconf 81' lang='grc' dir='ltr'>κηδεύει</span> <span class='ocrx_word' id='word_1_460' title='bbox 541 4411 639 4482; x_wconf 80' lang='grc' dir='ltr'><strong>μὲν</strong></span> <span class='ocrx_word' id='word_1_461' title='bbox 663 4410 824 4464; x_wconf 74' lang='grc' dir='ltr'>αὑτὸν</span> <span class='ocrx_word' id='word_1_462' title='bbox 856 4407 1344 4480; x_wconf 81' lang='grc' dir='ltr'>φιλοφρονέστατα,</span> <span class='ocrx_word' id='word_1_463' title='bbox 1375 4406 1471 4461; x_wconf 79' lang='grc' dir='ltr'>καὶ</span> <span class='ocrx_word' id='word_1_464' title='bbox 1506 4406 1685 4476; x_wconf 73' lang='grc' dir='ltr'>θάψας</span> <span class='ocrx_word' id='word_1_465' title='bbox 1734 4406 1876 4462; x_wconf 82' lang='grc' dir='ltr'>σκέ-</span> 
     </span>
    </p>
   </div>
   <div class='ocr_carea' id='block_1_63' title="bbox 284 4498 1876 4577">
    <p class='ocr_par' dir='ltr' id='par_1_63' title="bbox 284 4498 1876 4577">
     <span class='ocr_line' id='line_1_63' title="bbox 284 4498 1876 4577; baseline -0.006 -16"><span class='ocrx_word' id='word_1_466' title='bbox 284 4523 487 4562; x_wconf 89' lang='grc' dir='ltr'>πτεται</span> <span class='ocrx_word' id='word_1_467' title='bbox 521 4504 596 4577; x_wconf 83' lang='grc' dir='ltr'><strong>μὴ</strong></span> <span class='ocrx_word' id='word_1_468' title='bbox 624 4503 758 4575; x_wconf 82' lang='grc' dir='ltr'>πρὸς</span> <span class='ocrx_word' id='word_1_469' title='bbox 802 4502 864 4555; x_wconf 83' lang='grc' dir='ltr'>τὸ</span> <span class='ocrx_word' id='word_1_470' title='bbox 896 4501 1117 4571; x_wconf 90' lang='grc' dir='ltr'>γύναιον</span> <span class='ocrx_word' id='word_1_471' title='bbox 1146 4498 1494 4570; x_wconf 78' lang='grc' dir='ltr'>ἀνακάμψαι,</span> <span class='ocrx_word' id='word_1_472' title='bbox 1526 4498 1586 4553; x_wconf 86' lang='grc' dir='ltr'><strong>τδ</strong></span> <span class='ocrx_word' id='word_1_473' title='bbox 1622 4499 1722 4571; x_wconf 72' lang='grc' dir='ltr'><strong>ἤδη</strong></span> <span class='ocrx_word' id='word_1_474' title='bbox 1767 4499 1876 4552; x_wconf 87' lang='grc' dir='ltr'><strong>ἀπὸ</strong></span> 
     </span>
    </p>
   </div>
   <div class='ocr_carea' id='block_1_64' title="bbox 282 4589 1877 4668">
    <p class='ocr_par' dir='ltr' id='par_1_64' title="bbox 282 4589 1877 4668">
     <span class='ocr_line' id='line_1_64' title="bbox 282 4589 1877 4668; baseline -0.006 -18"><span class='ocrx_word' id='word_1_475' title='bbox 282 4595 549 4668; x_wconf 84' lang='grc' dir='ltr'>πορνείας</span> <span class='ocrx_word' id='word_1_476' title='bbox 590 4596 709 4667; x_wconf 72' lang='grc' dir='ltr'>ἦτοι</span> <span class='ocrx_word' id='word_1_477' title='bbox 752 4591 1129 4665; x_wconf 80' lang='grc' dir='ltr'>αἰχμαλωσίας</span> <span class='ocrx_word' id='word_1_478' title='bbox 1177 4589 1256 4663; x_wconf 80' lang='grc' dir='ltr'>τῷ</span> <span class='ocrx_word' id='word_1_479' title='bbox 1319 4589 1605 4662; x_wconf 82' lang='grc' dir='ltr'>Σκυθιανῷ</span> <span class='ocrx_word' id='word_1_480' title='bbox 1668 4607 1877 4663; x_wconf 83' lang='grc' dir='ltr'>συνημ-</span> 
     </span>
    </p>
   </div>
   <div class='ocr_carea' id='block_1_65' title="bbox 286 4688 474 4758">
    <p class='ocr_par' dir='ltr' id='par_1_65' title="bbox 286 4688 474 4758">
     <span class='ocr_line' id='line_1_65' title="bbox 286 4688 474 4758; baseline 0.005 -18"><span class='ocrx_word' id='word_1_481' title='bbox 286 4688 451 4758; x_wconf 82' lang='grc' dir='ltr'>μένον</span> <span class='ocrx_word' id='word_1_482' title='bbox 462 4730 474 4742; x_wconf 93' lang='grc'><strong>.</strong></span> 
     </span>
    </p>
   </div>
   <div class='ocr_carea' id='block_1_66' title="bbox 1956 1935 3569 2017">
    <p class='ocr_par' dir='ltr' id='par_1_66' title="bbox 1956 1935 3569 2017">
     <span class='ocr_line' id='line_1_66' title="bbox 1956 1935 3569 2017; baseline -0.007 -19"><span class='ocrx_word' id='word_1_483' title='bbox 1956 1943 2249 2013; x_wconf 75' lang='lat' dir='ltr'><strong>impulsus,</strong></span> <span class='ocrx_word' id='word_1_484' title='bbox 2284 1952 2450 2011; x_wconf 89' lang='lat' dir='ltr'><strong>atque</strong></span> <span class='ocrx_word' id='word_1_485' title='bbox 2476 1948 2535 1994; x_wconf 94' lang='lat' dir='ltr'><strong>ut</strong></span> <span class='ocrx_word' id='word_1_486' title='bbox 2565 1939 2690 1994; x_wconf 89' lang='lat' dir='ltr'><strong>rudi</strong></span> <span class='ocrx_word' id='word_1_487' title='bbox 2731 1938 3100 2017; x_wconf 83' lang='lat' dir='ltr'><strong>impcritoque</strong></span> <span class='ocrx_word' id='word_1_488' title='bbox 3140 1943 3261 1992; x_wconf 91' lang='lat' dir='ltr'><strong>erat</strong></span> <span class='ocrx_word' id='word_1_489' title='bbox 3307 1935 3569 2005; x_wconf 75' lang='lat' dir='ltr'><strong>ingenio,&quot;</strong></span> 
     </span>
    </p>
   </div>
   <div class='ocr_carea' id='block_1_67' title="bbox 1955 2026 3543 2091">
    <p class='ocr_par' dir='ltr' id='par_1_67' title="bbox 1955 2026 3543 2091">
     <span class='ocr_line' id='line_1_67' title="bbox 1955 2026 3543 2091; baseline -0.004 -3"><span class='ocrx_word' id='word_1_490' title='bbox 1955 2034 2220 2089; x_wconf 82' lang='lat' dir='ltr'><strong>cavillans</strong></span> <span class='ocrx_word' id='word_1_491' title='bbox 2267 2047 2333 2087; x_wconf 91' lang='lat' dir='ltr'><strong>ac</strong></span> <span class='ocrx_word' id='word_1_492' title='bbox 2380 2031 2794 2087; x_wconf 82' lang='lat' dir='ltr'><strong>vehementiore</strong></span> <span class='ocrx_word' id='word_1_493' title='bbox 2834 2030 2965 2085; x_wconf 83' lang='lat' dir='ltr'><strong>luxu</strong></span> <span class='ocrx_word' id='word_1_494' title='bbox 3009 2029 3244 2091; x_wconf 80' lang='lat' dir='ltr'><strong>fractus,</strong></span> <span class='ocrx_word' id='word_1_495' title='bbox 3293 2026 3543 2082; x_wconf 83' lang='lat' dir='ltr'><strong>llieroso-</strong></span> 
     </span>
    </p>
   </div>
   <div class='ocr_carea' id='block_1_68' title="bbox 1955 2119 3552 2195">
    <p class='ocr_par' dir='ltr' id='par_1_68' title="bbox 1955 2119 3552 2195">
     <span class='ocr_line' id='line_1_68' title="bbox 1955 2119 3552 2195; baseline -0.004 -18"><span class='ocrx_word' id='word_1_496' title='bbox 1955 2124 2157 2195; x_wconf 87' lang='lat' dir='ltr'><strong>lymam</strong></span> <span class='ocrx_word' id='word_1_497' title='bbox 2189 2123 2294 2178; x_wconf 90' lang='lat' dir='ltr'><strong>sub</strong></span> <span class='ocrx_word' id='word_1_498' title='bbox 2324 2122 2699 2191; x_wconf 87' lang='lat' dir='ltr'><strong>apostolorum</strong></span> <span class='ocrx_word' id='word_1_499' title='bbox 2734 2129 2983 2190; x_wconf 89' lang='lat' dir='ltr'><strong>tempora</strong></span> <span class='ocrx_word' id='word_1_500' title='bbox 3021 2119 3295 2190; x_wconf 79' lang='lat' dir='ltr'><strong>proﬁcisci</strong></span> <span class='ocrx_word' id='word_1_501' title='bbox 3337 2119 3552 2180; x_wconf 86' lang='lat' dir='ltr'><strong>statuit,</strong></span> 
     </span>
    </p>
   </div>
   <div class='ocr_carea' id='block_1_69' title="bbox 1960 2207 3551 2280">
    <p class='ocr_par' dir='ltr' id='par_1_69' title="bbox 1960 2207 3551 2280">
     <span class='ocr_line' id='line_1_69' title="bbox 1960 2207 3551 2280; baseline -0.005 -11"><span class='ocrx_word' id='word_1_502' title='bbox 1960 2223 2020 2269; x_wconf 94' lang='lat' dir='ltr'><strong>ut</strong></span> <span class='ocrx_word' id='word_1_503' title='bbox 2048 2215 2161 2269; x_wconf 90' lang='lat' dir='ltr'><strong>illic</strong></span> <span class='ocrx_word' id='word_1_504' title='bbox 2200 2229 2516 2271; x_wconf 86' lang='lat' dir='ltr'><strong>sermonem</strong></span> <span class='ocrx_word' id='word_1_505' title='bbox 2549 2227 2676 2267; x_wconf 89' lang='lat' dir='ltr'><strong>cum</strong></span> <span class='ocrx_word' id='word_1_506' title='bbox 2710 2212 2778 2268; x_wconf 92' lang='lat' dir='ltr'><strong>iis</strong></span> <span class='ocrx_word' id='word_1_507' title='bbox 2812 2212 3111 2273; x_wconf 81' lang='lat' dir='ltr'><strong>conferret,</strong></span> <span class='ocrx_word' id='word_1_508' title='bbox 3143 2212 3237 2280; x_wconf 93' lang='lat' dir='ltr'><strong>qui</strong></span> <span class='ocrx_word' id='word_1_509' title='bbox 3268 2224 3330 2264; x_wconf 84' lang='lat' dir='ltr'><strong>ea</strong></span> <span class='ocrx_word' id='word_1_510' title='bbox 3355 2207 3551 2279; x_wconf 72' lang='lat' dir='ltr'><strong>praedi-</strong></span> 
     </span>
    </p>
   </div>
   <div class='ocr_carea' id='block_1_70' title="bbox 1958 2298 3554 2377">
    <p class='ocr_par' dir='ltr' id='par_1_70' title="bbox 1958 2298 3554 2377">
     <span class='ocr_line' id='line_1_70' title="bbox 1958 2298 3554 2377; baseline -0.004 -16"><span class='ocrx_word' id='word_1_511' title='bbox 1958 2312 2169 2370; x_wconf 83' lang='lat' dir='ltr'><strong>carent,</strong></span> <span class='ocrx_word' id='word_1_512' title='bbox 2237 2321 2359 2377; x_wconf 65' lang='lat' dir='ltr'><strong>qua:</strong></span> <span class='ocrx_word' id='word_1_513' title='bbox 2387 2304 2454 2361; x_wconf 90' lang='lat' dir='ltr'><strong>ad</strong></span> <span class='ocrx_word' id='word_1_514' title='bbox 2501 2305 2667 2361; x_wconf 88' lang='lat' dir='ltr'><strong>unius</strong></span> <span class='ocrx_word' id='word_1_515' title='bbox 2705 2303 3071 2375; x_wconf 86' lang='lat' dir='ltr'><strong>principatum</strong></span> <span class='ocrx_word' id='word_1_516' title='bbox 3115 2316 3314 2371; x_wconf 88' lang='lat' dir='ltr'><strong>resque</strong></span> <span class='ocrx_word' id='word_1_517' title='bbox 3369 2298 3554 2360; x_wconf 86' lang='lat' dir='ltr'><strong>a.Deo</strong></span> 
     </span>
    </p>
   </div>
   <div class='ocr_carea' id='block_1_71' title="bbox 1958 2392 3555 2470">
    <p class='ocr_par' dir='ltr' id='par_1_71' title="bbox 1958 2392 3555 2470">
     <span class='ocr_line' id='line_1_71' title="bbox 1958 2392 3555 2470; baseline -0.006 -15"><span class='ocrx_word' id='word_1_518' title='bbox 1958 2399 2211 2455; x_wconf 89' lang='lat' dir='ltr'><strong>conditas</strong></span> <span class='ocrx_word' id='word_1_519' title='bbox 2244 2399 2604 2470; x_wconf 85' lang='lat' dir='ltr'><strong>pertinerent.</strong></span> <span class='ocrx_word' id='word_1_520' title='bbox 2646 2399 2837 2467; x_wconf 85' lang='lat' dir='ltr'><strong>Itaque</strong></span> <span class='ocrx_word' id='word_1_521' title='bbox 2885 2395 3220 2463; x_wconf 87' lang='lat' dir='ltr'><strong>simulatque</strong></span> <span class='ocrx_word' id='word_1_522' title='bbox 3264 2392 3332 2447; x_wconf 89' lang='lat' dir='ltr'><strong>ad</strong></span> <span class='ocrx_word' id='word_1_523' title='bbox 3367 2392 3555 2448; x_wconf 88' lang='lat' dir='ltr'><strong>urbem</strong></span> 
     </span>
    </p>
   </div>
   <div class='ocr_carea' id='block_1_72' title="bbox 1960 2484 3557 2560">
    <p class='ocr_par' dir='ltr' id='par_1_72' title="bbox 1960 2484 3557 2560">
     <span class='ocr_line' id='line_1_72' title="bbox 1960 2484 3557 2560; baseline -0.006 -15"><span class='ocrx_word' id='word_1_524' title='bbox 1960 2491 2109 2546; x_wconf 89' lang='lat' dir='ltr'><strong>illam</strong></span> <span class='ocrx_word' id='word_1_525' title='bbox 2167 2491 2429 2557; x_wconf 89' lang='lat' dir='ltr'><strong>accessit,</strong></span> <span class='ocrx_word' id='word_1_526' title='bbox 2475 2505 2603 2545; x_wconf 90' lang='lat' dir='ltr'><strong>cum</strong></span> <span class='ocrx_word' id='word_1_527' title='bbox 2649 2488 3009 2560; x_wconf 85' lang='lat' dir='ltr'><strong>presbyteris,</strong></span> <span class='ocrx_word' id='word_1_528' title='bbox 3061 2485 3155 2556; x_wconf 91' lang='lat' dir='ltr'><strong>qui</strong></span> <span class='ocrx_word' id='word_1_529' title='bbox 3213 2484 3325 2540; x_wconf 91' lang='lat' dir='ltr'><strong>illic</strong></span> <span class='ocrx_word' id='word_1_530' title='bbox 3376 2489 3557 2546; x_wconf 86' lang='lat' dir='ltr'><strong>erant,</strong></span> 
     </span>
    </p>
   </div>
   <div class='ocr_carea' id='block_1_73' title="bbox 1960 2576 3558 2656">
    <p class='ocr_par' dir='ltr' id='par_1_73' title="bbox 1960 2576 3558 2656">
     <span class='ocr_line' id='line_1_73' title="bbox 1960 2576 3558 2656; baseline -0.007 -16"><span class='ocrx_word' id='word_1_531' title='bbox 1960 2585 2166 2656; x_wconf 87' lang='lat' dir='ltr'><strong>quique</strong></span> <span class='ocrx_word' id='word_1_532' title='bbox 2199 2600 2268 2641; x_wconf 76' lang='lat' dir='ltr'><strong>ex</strong></span> <span class='ocrx_word' id='word_1_533' title='bbox 2303 2584 2439 2655; x_wconf 80' lang='lat' dir='ltr'><strong>legis</strong></span> <span class='ocrx_word' id='word_1_534' title='bbox 2465 2597 2496 2638; x_wconf 92' lang='lat' dir='ltr'><strong>a</strong></span> <span class='ocrx_word' id='word_1_535' title='bbox 2525 2583 2637 2639; x_wconf 92' lang='lat' dir='ltr'><strong>Deo</strong></span> <span class='ocrx_word' id='word_1_536' title='bbox 2672 2580 2812 2637; x_wconf 79' lang='lat' dir='ltr'><strong>Mosi</strong></span> <span class='ocrx_word' id='word_1_537' title='bbox 2876 2581 3096 2635; x_wconf 70' lang='lat' dir='ltr'><strong>traditae</strong></span> <span class='ocrx_word' id='word_1_538' title='bbox 3125 2593 3190 2634; x_wconf 87' lang='lat' dir='ltr'><strong>ac</strong></span> <span class='ocrx_word' id='word_1_539' title='bbox 3223 2576 3558 2649; x_wconf 45' lang='lat' dir='ltr'><strong>prophetica,</strong></span> 
     </span>
    </p>
   </div>
   <div class='ocr_carea' id='block_1_74' title="bbox 1962 2668 3558 2747">
    <p class='ocr_par' dir='ltr' id='par_1_74' title="bbox 1962 2668 3558 2747">
     <span class='ocr_line' id='line_1_74' title="bbox 1962 2668 3558 2747; baseline -0.008 -14"><span class='ocrx_word' id='word_1_540' title='bbox 1962 2677 2269 2747; x_wconf 70' lang='lat' dir='ltr'><strong>disciplinae</strong></span> <span class='ocrx_word' id='word_1_541' title='bbox 2326 2676 2655 2747; x_wconf 69' lang='lat' dir='ltr'><strong>praescripto</strong></span> <span class='ocrx_word' id='word_1_542' title='bbox 2700 2674 2873 2730; x_wconf 82' lang='lat' dir='ltr'><strong>vitam</strong></span> <span class='ocrx_word' id='word_1_543' title='bbox 2934 2672 3319 2732; x_wconf 88' lang='lat' dir='ltr'><strong>instituebant.</strong></span> <span class='ocrx_word' id='word_1_544' title='bbox 3369 2668 3558 2738; x_wconf 77' lang='lat' dir='ltr'><strong>dispu-</strong></span> 
     </span>
    </p>
   </div>
   <div class='ocr_carea' id='block_1_75' title="bbox 1962 2758 3560 2835">
    <p class='ocr_par' dir='ltr' id='par_1_75' title="bbox 1962 2758 3560 2835">
     <span class='ocr_line' id='line_1_75' title="bbox 1962 2758 3560 2835; baseline -0.005 -15"><span class='ocrx_word' id='word_1_545' title='bbox 1962 2774 2082 2821; x_wconf 89' lang='lat' dir='ltr'><strong>tare</strong></span> <span class='ocrx_word' id='word_1_546' title='bbox 2127 2766 2312 2835; x_wconf 73' lang='lat' dir='ltr'><strong>ctepit.</strong></span> <span class='ocrx_word' id='word_1_547' title='bbox 2359 2764 2465 2833; x_wconf 85' lang='lat' dir='ltr'><strong>Qui</strong></span> <span class='ocrx_word' id='word_1_548' title='bbox 2510 2766 2684 2829; x_wconf 89' lang='lat' dir='ltr'><strong>enim,</strong></span> <span class='ocrx_word' id='word_1_549' title='bbox 2733 2764 2938 2828; x_wconf 83' lang='lat' dir='ltr'><strong>aiebat,</strong></span> <span class='ocrx_word' id='word_1_550' title='bbox 2988 2776 3160 2817; x_wconf 88' lang='lat' dir='ltr'><strong>unum</strong></span> <span class='ocrx_word' id='word_1_551' title='bbox 3212 2775 3337 2817; x_wconf 82' lang='lat' dir='ltr'><strong>esse</strong></span> <span class='ocrx_word' id='word_1_552' title='bbox 3390 2758 3560 2814; x_wconf 87' lang='lat' dir='ltr'><strong>Deum</strong></span> 
     </span>
    </p>
   </div>
   <div class='ocr_carea' id='block_1_76' title="bbox 1964 2852 3562 2927">
    <p class='ocr_par' dir='ltr' id='par_1_76' title="bbox 1964 2852 3562 2927">
     <span class='ocr_line' id='line_1_76' title="bbox 1964 2852 3562 2927; baseline -0.004 -15"><span class='ocrx_word' id='word_1_553' title='bbox 1964 2858 2240 2925; x_wconf 85' lang='lat' dir='ltr'><strong>asseritis,</strong></span> <span class='ocrx_word' id='word_1_554' title='bbox 2271 2856 2364 2927; x_wconf 89' lang='lat' dir='ltr'><strong>qui</strong></span> <span class='ocrx_word' id='word_1_555' title='bbox 2406 2864 2622 2912; x_wconf 87' lang='lat' dir='ltr'><strong>noctem</strong></span> <span class='ocrx_word' id='word_1_556' title='bbox 2656 2855 2917 2926; x_wconf 89' lang='lat' dir='ltr'><strong>diemque</strong></span> <span class='ocrx_word' id='word_1_557' title='bbox 2973 2852 3308 2917; x_wconf 85' lang='lat' dir='ltr'><strong>condiderit,</strong></span> <span class='ocrx_word' id='word_1_558' title='bbox 3345 2865 3562 2906; x_wconf 87' lang='lat' dir='ltr'><strong>necnon</strong></span> 
     </span>
    </p>
   </div>
   <div class='ocr_carea' id='block_1_77' title="bbox 1964 2942 3564 3013">
    <p class='ocr_par' dir='ltr' id='par_1_77' title="bbox 1964 2942 3564 3013">
     <span class='ocr_line' id='line_1_77' title="bbox 1964 2942 3564 3013; baseline -0.004 -9"><span class='ocrx_word' id='word_1_559' title='bbox 1964 2962 2189 3004; x_wconf 86' lang='lat' dir='ltr'><strong>carnem</strong></span> <span class='ocrx_word' id='word_1_560' title='bbox 2235 2954 2292 3002; x_wconf 89' lang='lat' dir='ltr'><strong>et</strong></span> <span class='ocrx_word' id='word_1_561' title='bbox 2328 2947 2595 3013; x_wconf 89' lang='lat' dir='ltr'><strong>animam,</strong></span> <span class='ocrx_word' id='word_1_562' title='bbox 2643 2945 2858 3001; x_wconf 91' lang='lat' dir='ltr'><strong>siccum</strong></span> <span class='ocrx_word' id='word_1_563' title='bbox 2911 2952 2967 3000; x_wconf 91' lang='lat' dir='ltr'><strong>et</strong></span> <span class='ocrx_word' id='word_1_564' title='bbox 3000 2942 3311 3009; x_wconf 89' lang='lat' dir='ltr'><strong>humidum,</strong></span> <span class='ocrx_word' id='word_1_565' title='bbox 3360 2944 3564 2998; x_wconf 63' lang='lat' dir='ltr'><strong>malum</strong></span> 
     </span>
    </p>
   </div>
   <div class='ocr_carea' id='block_1_78' title="bbox 1965 3033 3563 3109">
    <p class='ocr_par' dir='ltr' id='par_1_78' title="bbox 1965 3033 3563 3109">
     <span class='ocr_line' id='line_1_78' title="bbox 1965 3033 3563 3109; baseline -0.004 -16"><span class='ocrx_word' id='word_1_566' title='bbox 1965 3046 2128 3109; x_wconf 87' lang='lat' dir='ltr'><strong>atque</strong></span> <span class='ocrx_word' id='word_1_567' title='bbox 2160 3048 2384 3103; x_wconf 89' lang='lat' dir='ltr'><strong>terram,</strong></span> <span class='ocrx_word' id='word_1_568' title='bbox 2436 3037 2694 3095; x_wconf 89' lang='lat' dir='ltr'><strong>tenebras</strong></span> <span class='ocrx_word' id='word_1_569' title='bbox 2719 3052 2785 3092; x_wconf 90' lang='lat' dir='ltr'><strong>ac</strong></span> <span class='ocrx_word' id='word_1_570' title='bbox 2826 3035 3051 3094; x_wconf 79' lang='lat' dir='ltr'><strong>lucem?</strong></span> <span class='ocrx_word' id='word_1_571' title='bbox 3095 3033 3257 3101; x_wconf 84' lang='lat' dir='ltr'><strong>Quod</strong></span> <span class='ocrx_word' id='word_1_572' title='bbox 3322 3048 3444 3089; x_wconf 87' lang='lat' dir='ltr'><strong>cum</strong></span> <span class='ocrx_word' id='word_1_573' title='bbox 3482 3034 3563 3088; x_wconf 90' lang='lat' dir='ltr'><strong>illi</strong></span> 
     </span>
    </p>
   </div>
   <div class='ocr_carea' id='block_1_79' title="bbox 1967 3127 3566 3204">
    <p class='ocr_par' dir='ltr' id='par_1_79' title="bbox 1967 3127 3566 3204">
     <span class='ocr_line' id='line_1_79' title="bbox 1967 3127 3566 3204; baseline -0.003 -17"><span class='ocrx_word' id='word_1_574' title='bbox 1967 3142 2154 3204; x_wconf 89' lang='lat' dir='ltr'><strong>aperte</strong></span> <span class='ocrx_word' id='word_1_575' title='bbox 2200 3131 2671 3202; x_wconf 81' lang='lat' dir='ltr'><strong>demonstrarent;</strong></span> <span class='ocrx_word' id='word_1_576' title='bbox 2703 3145 2882 3201; x_wconf 90' lang='lat' dir='ltr'><strong>neque</strong></span> <span class='ocrx_word' id='word_1_577' title='bbox 2911 3130 3059 3186; x_wconf 88' lang='lat' dir='ltr'><strong>enim</strong></span> <span class='ocrx_word' id='word_1_578' title='bbox 3081 3128 3315 3192; x_wconf 53' lang='lat' dir='ltr'><strong>.occulta</strong></span> <span class='ocrx_word' id='word_1_579' title='bbox 3360 3127 3566 3183; x_wconf 83' lang='lat' dir='ltr'><strong>veritas</strong></span> 
     </span>
    </p>
   </div>
   <div class='ocr_carea' id='block_1_80' title="bbox 1967 3217 3565 3292">
    <p class='ocr_par' dir='ltr' id='par_1_80' title="bbox 1967 3217 3565 3292">
     <span class='ocr_line' id='line_1_80' title="bbox 1967 3217 3565 3292; baseline -0.004 -12"><span class='ocrx_word' id='word_1_580' title='bbox 1967 3234 2082 3290; x_wconf 84' lang='lat' dir='ltr'><strong>est;</strong></span> <span class='ocrx_word' id='word_1_581' title='bbox 2114 3229 2307 3278; x_wconf 82' lang='lat' dir='ltr'><strong>contra</strong></span> <span class='ocrx_word' id='word_1_582' title='bbox 2332 3223 2423 3278; x_wconf 89' lang='lat' dir='ltr'><strong>ille</strong></span> <span class='ocrx_word' id='word_1_583' title='bbox 2453 3221 2574 3279; x_wconf 91' lang='lat' dir='ltr'><strong>sine</strong></span> <span class='ocrx_word' id='word_1_584' title='bbox 2602 3222 2715 3277; x_wconf 90' lang='lat' dir='ltr'><strong>ullo</strong></span> <span class='ocrx_word' id='word_1_585' title='bbox 2735 3221 2945 3292; x_wconf 85' lang='lat' dir='ltr'><strong>pudore</strong></span> <span class='ocrx_word' id='word_1_586' title='bbox 2972 3220 3325 3276; x_wconf 88' lang='lat' dir='ltr'><strong>contendere.</strong></span> <span class='ocrx_word' id='word_1_587' title='bbox 3362 3217 3565 3275; x_wconf 83' lang='lat' dir='ltr'><strong>Verum</strong></span> 
     </span>
    </p>
   </div>
   <div class='ocr_carea' id='block_1_81' title="bbox 1969 3311 3569 3385">
    <p class='ocr_par' dir='ltr' id='par_1_81' title="bbox 1969 3311 3569 3385">
     <span class='ocr_line' id='line_1_81' title="bbox 1969 3311 3569 3385; baseline -0.003 -15"><span class='ocrx_word' id='word_1_588' title='bbox 1969 3315 2062 3370; x_wconf 84' lang='lat' dir='ltr'><strong>ubi</strong></span> <span class='ocrx_word' id='word_1_589' title='bbox 2104 3315 2240 3376; x_wconf 82' lang='lat' dir='ltr'><strong>nihil</strong></span> <span class='ocrx_word' id='word_1_590' title='bbox 2274 3313 2516 3385; x_wconf 80' lang='lat' dir='ltr'><strong>proiicit,</strong></span> <span class='ocrx_word' id='word_1_591' title='bbox 2557 3313 2615 3367; x_wconf 92' lang='lat' dir='ltr'><strong>in</strong></span> <span class='ocrx_word' id='word_1_592' title='bbox 2653 3312 2844 3369; x_wconf 86' lang='lat' dir='ltr'><strong>eadem</strong></span> <span class='ocrx_word' id='word_1_593' title='bbox 2890 3312 3255 3368; x_wconf 86' lang='lat' dir='ltr'><strong>nihilominus</strong></span> <span class='ocrx_word' id='word_1_594' title='bbox 3303 3311 3569 3366; x_wconf 63' lang='lat' dir='ltr'><strong>molestia</strong></span> 
     </span>
    </p>
   </div>
   <div class='ocr_carea' id='block_1_82' title="bbox 1967 3402 3568 3476">
    <p class='ocr_par' dir='ltr' id='par_1_82' title="bbox 1967 3402 3568 3476">
     <span class='ocr_line' id='line_1_82' title="bbox 1967 3402 3568 3476; baseline -0.002 -16"><span class='ocrx_word' id='word_1_595' title='bbox 1967 3404 2305 3476; x_wconf 84' lang='lat' dir='ltr'><strong>impudentia</strong></span> <span class='ocrx_word' id='word_1_596' title='bbox 2349 3405 2613 3475; x_wconf 87' lang='lat' dir='ltr'><strong>persistit.</strong></span> <span class='ocrx_word' id='word_1_597' title='bbox 2639 3403 2925 3459; x_wconf 86' lang='lat' dir='ltr'><strong>Postremo</strong></span> <span class='ocrx_word' id='word_1_598' title='bbox 2969 3417 3097 3458; x_wconf 86' lang='lat' dir='ltr'><strong>eum</strong></span> <span class='ocrx_word' id='word_1_599' title='bbox 3142 3402 3279 3458; x_wconf 88' lang='lat' dir='ltr'><strong>nihil</strong></span> <span class='ocrx_word' id='word_1_600' title='bbox 3326 3402 3568 3459; x_wconf 74' lang='lat' dir='ltr'><strong>ediceret</strong></span> 
     </span>
    </p>
   </div>
   <div class='ocr_carea' id='block_1_83' title="bbox 1967 3490 3570 3563">
    <p class='ocr_par' dir='ltr' id='par_1_83' title="bbox 1967 3490 3570 3563">
     <span class='ocr_line' id='line_1_83' title="bbox 1967 3490 3570 3563; baseline -0.003 -12"><span class='ocrx_word' id='word_1_601' title='bbox 1967 3499 2235 3561; x_wconf 88' lang='lat' dir='ltr'><strong>omnino,</strong></span> <span class='ocrx_word' id='word_1_602' title='bbox 2293 3494 2394 3551; x_wconf 88' lang='lat' dir='ltr'><strong>sed</strong></span> <span class='ocrx_word' id='word_1_603' title='bbox 2456 3495 2639 3550; x_wconf 78' lang='lat' dir='ltr'><strong>victus</strong></span> <span class='ocrx_word' id='word_1_604' title='bbox 2690 3493 2873 3563; x_wconf 89' lang='lat' dir='ltr'><strong>potius</strong></span> <span class='ocrx_word' id='word_1_605' title='bbox 2931 3490 3291 3557; x_wconf 84' lang='lat' dir='ltr'><strong>abscederet,</strong></span> <span class='ocrx_word' id='word_1_606' title='bbox 3337 3490 3570 3560; x_wconf 76' lang='lat' dir='ltr'><strong>magicis</strong></span> 
     </span>
    </p>
   </div>
   <div class='ocr_carea' id='block_1_84' title="bbox 1968 3580 3568 3659">
    <p class='ocr_par' dir='ltr' id='par_1_84' title="bbox 1968 3580 3568 3659">
     <span class='ocr_line' id='line_1_84' title="bbox 1968 3580 3568 3659; baseline -0.003 -17"><span class='ocrx_word' id='word_1_607' title='bbox 1968 3586 2303 3659; x_wconf 85' lang='lat' dir='ltr'><strong>quibusdam</strong></span> <span class='ocrx_word' id='word_1_608' title='bbox 2331 3586 2486 3643; x_wconf 91' lang='lat' dir='ltr'><strong>libris</strong></span> <span class='ocrx_word' id='word_1_609' title='bbox 2517 3586 2779 3642; x_wconf 84' lang='lat' dir='ltr'><strong>adhibitis</strong></span> <span class='ocrx_word' id='word_1_610' title='bbox 2821 3584 2964 3656; x_wconf 76' lang='lat' dir='ltr'><strong>(erat</strong></span> <span class='ocrx_word' id='word_1_611' title='bbox 2990 3583 3136 3639; x_wconf 91' lang='lat' dir='ltr'><strong>enim</strong></span> <span class='ocrx_word' id='word_1_612' title='bbox 3169 3580 3568 3638; x_wconf 81' lang='lat' dir='ltr'><strong>maleﬁciorum</strong></span> 
     </span>
    </p>
   </div>
   <div class='ocr_carea' id='block_1_85' title="bbox 1970 3674 3569 3750">
    <p class='ocr_par' dir='ltr' id='par_1_85' title="bbox 1970 3674 3569 3750">
     <span class='ocr_line' id='line_1_85' title="bbox 1970 3674 3569 3750; baseline -0.004 -15"><span class='ocrx_word' id='word_1_613' title='bbox 1970 3680 2200 3750; x_wconf 89' lang='lat' dir='ltr'><strong>peritus,</strong></span> <span class='ocrx_word' id='word_1_614' title='bbox 2228 3694 2294 3735; x_wconf 94' lang='lat' dir='ltr'><strong>ac</strong></span> <span class='ocrx_word' id='word_1_615' title='bbox 2331 3678 2705 3750; x_wconf 86' lang='lat' dir='ltr'><strong>perniciosam</strong></span> <span class='ocrx_word' id='word_1_616' title='bbox 2736 3677 2888 3732; x_wconf 89' lang='lat' dir='ltr'><strong>illam</strong></span> <span class='ocrx_word' id='word_1_617' title='bbox 2930 3683 2985 3732; x_wconf 91' lang='lat' dir='ltr'><strong>et</strong></span> <span class='ocrx_word' id='word_1_618' title='bbox 3023 3674 3356 3731; x_wconf 80' lang='lat' dir='ltr'><strong>exitiabilem</strong></span> <span class='ocrx_word' id='word_1_619' title='bbox 3393 3682 3569 3729; x_wconf 85' lang='lat' dir='ltr'><strong>artem</strong></span> 
     </span>
    </p>
   </div>
   <div class='ocr_carea' id='block_1_86' title="bbox 1970 3765 3571 3842">
    <p class='ocr_par' dir='ltr' id='par_1_86' title="bbox 1970 3765 3571 3842">
     <span class='ocr_line' id='line_1_86' title="bbox 1970 3765 3571 3842; baseline -0.006 -13"><span class='ocrx_word' id='word_1_620' title='bbox 1970 3788 2039 3829; x_wconf 82' lang='lat' dir='ltr'><strong>ex</strong></span> <span class='ocrx_word' id='word_1_621' title='bbox 2084 3770 2343 3827; x_wconf 90' lang='lat' dir='ltr'><strong>Indorum</strong></span> <span class='ocrx_word' id='word_1_622' title='bbox 2400 3778 2456 3827; x_wconf 92' lang='lat' dir='ltr'><strong>et</strong></span> <span class='ocrx_word' id='word_1_623' title='bbox 2502 3768 2887 3842; x_wconf 62' lang='lat' dir='ltr'><strong>Egyptiorum</strong></span> <span class='ocrx_word' id='word_1_624' title='bbox 2933 3768 3329 3840; x_wconf 76' lang='lat' dir='ltr'><strong>gentiliumque</strong></span> <span class='ocrx_word' id='word_1_625' title='bbox 3395 3765 3571 3822; x_wconf 88' lang='lat' dir='ltr'><strong>disci-</strong></span> 
     </span>
    </p>
   </div>
   <div class='ocr_carea' id='block_1_87' title="bbox 1971 3861 3570 3935">
    <p class='ocr_par' dir='ltr' id='par_1_87' title="bbox 1971 3861 3570 3935">
     <span class='ocr_line' id='line_1_87' title="bbox 1971 3861 3570 3935; baseline -0.004 -16"><span class='ocrx_word' id='word_1_626' title='bbox 1971 3864 2121 3935; x_wconf 89' lang='lat' dir='ltr'><strong>plina</strong></span> <span class='ocrx_word' id='word_1_627' title='bbox 2171 3864 2324 3920; x_wconf 82' lang='lat' dir='ltr'><strong>velut</strong></span> <span class='ocrx_word' id='word_1_628' title='bbox 2383 3863 2803 3919; x_wconf 84' lang='lat' dir='ltr'><strong>mercimonium</strong></span> <span class='ocrx_word' id='word_1_629' title='bbox 2863 3861 3146 3932; x_wconf 90' lang='lat' dir='ltr'><strong>quoddam</strong></span> <span class='ocrx_word' id='word_1_630' title='bbox 3196 3861 3570 3931; x_wconf 84' lang='lat' dir='ltr'><strong>abstulerat),</strong></span> 
     </span>
    </p>
   </div>
   <div class='ocr_carea' id='block_1_88' title="bbox 1973 3948 3571 4026">
    <p class='ocr_par' dir='ltr' id='par_1_88' title="bbox 1973 3948 3571 4026">
     <span class='ocr_line' id='line_1_88' title="bbox 1973 3948 3571 4026; baseline -0.004 -18"><span class='ocrx_word' id='word_1_631' title='bbox 1973 3954 2273 4026; x_wconf 58' lang='lat' dir='ltr'><strong>praestigiis</strong></span> <span class='ocrx_word' id='word_1_632' title='bbox 2321 3952 2555 4009; x_wconf 90' lang='lat' dir='ltr'><strong>illudere</strong></span> <span class='ocrx_word' id='word_1_633' title='bbox 2598 3959 2833 4008; x_wconf 90' lang='lat' dir='ltr'><strong>conatus</strong></span> <span class='ocrx_word' id='word_1_634' title='bbox 2872 3959 2993 4017; x_wconf 91' lang='lat' dir='ltr'><strong>est;</strong></span> <span class='ocrx_word' id='word_1_635' title='bbox 3032 3964 3095 4006; x_wconf 91' lang='lat' dir='ltr'><strong>ac</strong></span> <span class='ocrx_word' id='word_1_636' title='bbox 3127 3949 3292 4006; x_wconf 92' lang='lat' dir='ltr'><strong>domo</strong></span> <span class='ocrx_word' id='word_1_637' title='bbox 3333 3948 3571 4020; x_wconf 89' lang='lat' dir='ltr'><strong>quadam</strong></span> 
     </span>
    </p>
   </div>
   <div class='ocr_carea' id='block_1_89' title="bbox 1974 4044 3571 4118">
    <p class='ocr_par' dir='ltr' id='par_1_89' title="bbox 1974 4044 3571 4118">
     <span class='ocr_line' id='line_1_89' title="bbox 1974 4044 3571 4118; baseline -0.006 -15"><span class='ocrx_word' id='word_1_638' title='bbox 1974 4062 2278 4104; x_wconf 89' lang='lat' dir='ltr'><strong>conscensa</strong></span> <span class='ocrx_word' id='word_1_639' title='bbox 2312 4047 2485 4103; x_wconf 88' lang='lat' dir='ltr'><strong>nihilo</strong></span> <span class='ocrx_word' id='word_1_640' title='bbox 2517 4045 2691 4118; x_wconf 73' lang='lat' dir='ltr'><strong>magis</strong></span> <span class='ocrx_word' id='word_1_641' title='bbox 2712 4044 2862 4116; x_wconf 88' lang='lat' dir='ltr'><strong>quod</strong></span> <span class='ocrx_word' id='word_1_642' title='bbox 2893 4044 3113 4099; x_wconf 83' lang='lat' dir='ltr'><strong>volebat</strong></span> <span class='ocrx_word' id='word_1_643' title='bbox 3146 4048 3441 4098; x_wconf 87' lang='lat' dir='ltr'><strong>assecutus</strong></span> <span class='ocrx_word' id='word_1_644' title='bbox 3463 4048 3571 4096; x_wconf 84' lang='lat' dir='ltr'><strong>est.</strong></span> 
     </span>
    </p>
   </div>
   <div class='ocr_carea' id='block_1_90' title="bbox 1975 4130 3575 4210">
    <p class='ocr_par' dir='ltr' id='par_1_90' title="bbox 1975 4130 3575 4210">
     <span class='ocr_line' id='line_1_90' title="bbox 1975 4130 3575 4210; baseline -0.007 -17"><span class='ocrx_word' id='word_1_645' title='bbox 1975 4137 2191 4209; x_wconf 86' lang='lat' dir='ltr'><strong>Quippe</strong></span> <span class='ocrx_word' id='word_1_646' title='bbox 2223 4139 2353 4195; x_wconf 90' lang='lat' dir='ltr'><strong>inde</strong></span> <span class='ocrx_word' id='word_1_647' title='bbox 2400 4152 2647 4210; x_wconf 75' lang='lat' dir='ltr'><strong>prmceps</strong></span> <span class='ocrx_word' id='word_1_648' title='bbox 2692 4136 2954 4193; x_wconf 87' lang='lat' dir='ltr'><strong>decidens</strong></span> <span class='ocrx_word' id='word_1_649' title='bbox 2981 4150 3051 4190; x_wconf 80' lang='lat' dir='ltr'><strong>ex</strong></span> <span class='ocrx_word' id='word_1_650' title='bbox 3086 4134 3194 4189; x_wconf 89' lang='lat' dir='ltr'><strong>hac</strong></span> <span class='ocrx_word' id='word_1_651' title='bbox 3220 4132 3331 4188; x_wconf 84' lang='lat' dir='ltr'><strong>vita</strong></span> <span class='ocrx_word' id='word_1_652' title='bbox 3367 4130 3575 4201; x_wconf 54' lang='lat' dir='ltr'><strong>migra:-</strong></span> 
     </span>
    </p>
   </div>
   <div class='ocr_carea' id='block_1_91' title="bbox 1975 4227 3575 4299">
    <p class='ocr_par' dir='ltr' id='par_1_91' title="bbox 1975 4227 3575 4299">
     <span class='ocr_line' id='line_1_91' title="bbox 1975 4227 3575 4299; baseline -0.008 -13"><span class='ocrx_word' id='word_1_653' title='bbox 1975 4232 2090 4291; x_wconf 81' lang='lat' dir='ltr'><strong>vit.</strong></span> <span class='ocrx_word' id='word_1_654' title='bbox 2140 4245 2268 4286; x_wconf 89' lang='lat' dir='ltr'><strong>cum</strong></span> <span class='ocrx_word' id='word_1_655' title='bbox 2312 4231 2516 4287; x_wconf 88' lang='lat' dir='ltr'><strong>multos</strong></span> <span class='ocrx_word' id='word_1_656' title='bbox 2556 4231 2669 4286; x_wconf 90' lang='lat' dir='ltr'><strong>illic</strong></span> <span class='ocrx_word' id='word_1_657' title='bbox 2719 4245 2895 4285; x_wconf 89' lang='lat' dir='ltr'><strong>annos</strong></span> <span class='ocrx_word' id='word_1_658' title='bbox 2936 4227 3177 4299; x_wconf 73' lang='lat' dir='ltr'><strong>egisset,</strong></span> <span class='ocrx_word' id='word_1_659' title='bbox 3209 4232 3376 4295; x_wconf 89' lang='lat' dir='ltr'><strong>atque</strong></span> <span class='ocrx_word' id='word_1_660' title='bbox 3405 4236 3575 4277; x_wconf 89' lang='lat' dir='ltr'><strong>unum</strong></span> 
     </span>
    </p>
   </div>
   <div class='ocr_carea' id='block_1_92' title="bbox 1979 4314 3580 4397">
    <p class='ocr_par' dir='ltr' id='par_1_92' title="bbox 1979 4314 3580 4397">
     <span class='ocr_line' id='line_1_92' title="bbox 1979 4314 3580 4397; baseline -0.007 -19"><span class='ocrx_word' id='word_1_661' title='bbox 1979 4322 2359 4397; x_wconf 70' lang='lat' dir='ltr'><strong>tantummodo</strong></span> <span class='ocrx_word' id='word_1_662' title='bbox 2396 4338 2585 4379; x_wconf 88' lang='lat' dir='ltr'><strong>secum</strong></span> <span class='ocrx_word' id='word_1_663' title='bbox 2630 4322 2963 4391; x_wconf 89' lang='lat' dir='ltr'><strong>discipulum</strong></span> <span class='ocrx_word' id='word_1_664' title='bbox 2994 4319 3313 4378; x_wconf 86' lang='lat' dir='ltr'><strong>habuisset,</strong></span> <span class='ocrx_word' id='word_1_665' title='bbox 3347 4314 3580 4369; x_wconf 89' lang='lat' dir='ltr'><strong>Terbin-</strong></span> 
     </span>
    </p>
   </div>
   <div class='ocr_carea' id='block_1_93' title="bbox 1981 4404 3577 4484">
    <p class='ocr_par' dir='ltr' id='par_1_93' title="bbox 1981 4404 3577 4484">
     <span class='ocr_line' id='line_1_93' title="bbox 1981 4404 3577 4484; baseline -0.008 -16"><span class='ocrx_word' id='word_1_666' title='bbox 1981 4415 2134 4471; x_wconf 89' lang='lat' dir='ltr'><strong>thum</strong></span> <span class='ocrx_word' id='word_1_667' title='bbox 2151 4413 2406 4470; x_wconf 81' lang='lat' dir='ltr'><strong>videlicet</strong></span> <span class='ocrx_word' id='word_1_668' title='bbox 2423 4415 2597 4478; x_wconf 86' lang='lat' dir='ltr'><strong>illum,</strong></span> <span class='ocrx_word' id='word_1_669' title='bbox 2617 4428 2780 4484; x_wconf 92' lang='lat' dir='ltr'><strong>quem</strong></span> <span class='ocrx_word' id='word_1_670' title='bbox 2798 4412 3059 4475; x_wconf 83' lang='lat' dir='ltr'><strong>diximus,</strong></span> <span class='ocrx_word' id='word_1_671' title='bbox 3081 4410 3173 4465; x_wconf 88' lang='lat' dir='ltr'><strong>cui</strong></span> <span class='ocrx_word' id='word_1_672' title='bbox 3197 4416 3252 4463; x_wconf 88' lang='lat' dir='ltr'><strong>et</strong></span> <span class='ocrx_word' id='word_1_673' title='bbox 3268 4421 3369 4463; x_wconf 86' lang='lat' dir='ltr'><strong>sua</strong></span> <span class='ocrx_word' id='word_1_674' title='bbox 3388 4404 3577 4458; x_wconf 88' lang='lat' dir='ltr'><strong>omnia</strong></span> 
     </span>
    </p>
   </div>
   <div class='ocr_carea' id='block_1_94' title="bbox 1981 4493 3579 4571">
    <p class='ocr_par' dir='ltr' id='par_1_94' title="bbox 1981 4493 3579 4571">
     <span class='ocr_line' id='line_1_94' title="bbox 1981 4493 3579 4571; baseline -0.009 -11"><span class='ocrx_word' id='word_1_675' title='bbox 1981 4507 2129 4562; x_wconf 78' lang='lat' dir='ltr'><strong>velut</strong></span> <span class='ocrx_word' id='word_1_676' title='bbox 2197 4504 2467 4560; x_wconf 79' lang='lat' dir='ltr'><strong>ﬁdissimo</strong></span> <span class='ocrx_word' id='word_1_677' title='bbox 2536 4502 3168 4571; x_wconf 83' lang='lat' dir='ltr'><strong>benevolentissimoque</strong></span> <span class='ocrx_word' id='word_1_678' title='bbox 3247 4493 3579 4552; x_wconf 88' lang='lat' dir='ltr'><strong>administro</strong></span> 
     </span>
    </p>
   </div>
   <div class='ocr_carea' id='block_1_95' title="bbox 1984 4588 3582 4666">
    <p class='ocr_par' dir='ltr' id='par_1_95' title="bbox 1984 4588 3582 4666">
     <span class='ocr_line' id='line_1_95' title="bbox 1984 4588 3582 4666; baseline -0.008 -14"><span class='ocrx_word' id='word_1_679' title='bbox 1984 4598 2280 4653; x_wconf 86' lang='lat' dir='ltr'><strong>commisit.</strong></span> <span class='ocrx_word' id='word_1_680' title='bbox 2333 4595 2434 4652; x_wconf 86' lang='lat' dir='ltr'><strong>llic</strong></span> <span class='ocrx_word' id='word_1_681' title='bbox 2476 4603 2754 4651; x_wconf 88' lang='lat' dir='ltr'><strong>mortuum</strong></span> <span class='ocrx_word' id='word_1_682' title='bbox 2790 4594 3150 4666; x_wconf 80' lang='lat' dir='ltr'><strong>Scythianum</strong></span> <span class='ocrx_word' id='word_1_683' title='bbox 3193 4605 3359 4663; x_wconf 86' lang='lat' dir='ltr'><strong>quam</strong></span> <span class='ocrx_word' id='word_1_684' title='bbox 3401 4588 3582 4642; x_wconf 85' lang='lat' dir='ltr'><strong>hono-</strong></span> 
     </span>
    </p>
   </div>
   <div class='ocr_carea' id='block_1_96' title="bbox 1986 4680 3579 4759">
    <p class='ocr_par' dir='ltr' id='par_1_96' title="bbox 1986 4680 3579 4759">
     <span class='ocr_line' id='line_1_96' title="bbox 1986 4680 3579 4759; baseline -0.007 -16"><span class='ocrx_word' id='word_1_685' title='bbox 1986 4688 2393 4745; x_wconf 87' lang='lat' dir='ltr'><strong>rilicentissime</strong></span> <span class='ocrx_word' id='word_1_686' title='bbox 2429 4685 2720 4759; x_wconf 79' lang='lat' dir='ltr'><strong>sepelivit.</strong></span> <span class='ocrx_word' id='word_1_687' title='bbox 2770 4685 2910 4741; x_wconf 89' lang='lat' dir='ltr'><strong>Tum</strong></span> <span class='ocrx_word' id='word_1_688' title='bbox 2960 4684 3105 4756; x_wconf 90' lang='lat' dir='ltr'><strong>apud</strong></span> <span class='ocrx_word' id='word_1_689' title='bbox 3151 4699 3211 4739; x_wconf 90' lang='lat' dir='ltr'><strong>se</strong></span> <span class='ocrx_word' id='word_1_690' title='bbox 3268 4680 3579 4736; x_wconf 87' lang='lat' dir='ltr'><strong>deliberans</strong></span> 
     </span>
    </p>
   </div>
   <div class='ocr_carea' id='block_1_97' title="bbox 286 4754 3581 4854">
    <p class='ocr_par' dir='ltr' id='par_1_97' title="bbox 286 4754 3581 4854">
     <span class='ocr_line' id='line_1_97' title="bbox 286 4754 3581 4854; baseline -0.003 -17"><span class='ocrx_word' id='word_1_691' title='bbox 286 4781 482 4837; x_wconf 88' lang='lat' dir='ltr'><strong>statuit</strong></span> <span class='ocrx_word' id='word_1_692' title='bbox 522 4778 590 4834; x_wconf 91' lang='lat' dir='ltr'><strong>ad</strong></span> <span class='ocrx_word' id='word_1_693' title='bbox 650 4765 795 4834; x_wconf 81' lang='lat' dir='ltr'><strong>illam</strong></span> <span class='ocrx_word' id='word_1_694' title='bbox 861 4777 1236 4834; x_wconf 84' lang='lat' dir='ltr'><strong>mulierculam</strong></span> <span class='ocrx_word' id='word_1_695' title='bbox 1258 4754 1394 4833; x_wconf 50' lang='grc' dir='ltr'>ἰιοη</span> <span class='ocrx_word' id='word_1_696' title='bbox 1436 4778 1660 4844; x_wconf 84' lang='lat' dir='ltr'><strong>reverti,</strong></span> <span class='ocrx_word' id='word_1_697' title='bbox 1727 4794 1893 4849; x_wconf 88' lang='lat' dir='ltr'><strong>quam</strong></span> <span class='ocrx_word' id='word_1_698' title='bbox 1948 4795 1980 4837; x_wconf 93' lang='lat' dir='ltr'><strong>e</strong></span> <span class='ocrx_word' id='word_1_699' title='bbox 2042 4783 2357 4840; x_wconf 84' lang='lat' dir='ltr'><strong>meretricio</strong></span> <span class='ocrx_word' id='word_1_700' title='bbox 2395 4754 2609 4854; x_wconf 61' lang='lat' dir='ltr'><strong>quaestu</strong></span> <span class='ocrx_word' id='word_1_701' title='bbox 2661 4795 2726 4835; x_wconf 90' lang='lat' dir='ltr'><strong>ac</strong></span> <span class='ocrx_word' id='word_1_702' title='bbox 2773 4754 3039 4837; x_wconf 74' lang='lat' dir='ltr'><strong>servitute</strong></span> <span class='ocrx_word' id='word_1_703' title='bbox 3086 4777 3193 4833; x_wconf 88' lang='lat' dir='ltr'><strong>sibi</strong></span> <span class='ocrx_word' id='word_1_704' title='bbox 3244 4772 3581 4845; x_wconf 73' lang='lat' dir='ltr'><strong>Scythianus</strong></span> 
     </span>
    </p>
   </div>
   <div class='ocr_carea' id='block_1_98' title="bbox 285 4878 1879 4949">
    <p class='ocr_par' dir='ltr' id='par_1_98' title="bbox 285 4878 1879 4949">
     <span class='ocr_line' id='line_1_98' title="bbox 285 4878 1879 4949; baseline -0.006 -14"><span class='ocrx_word' id='word_1_705' title='bbox 285 4878 640 4947; x_wconf 72' lang='lat' dir='ltr'><strong>adiunxerat.</strong></span> <span class='ocrx_word' id='word_1_706' title='bbox 1390 4944 1397 4949; x_wconf 22' lang='grc' dir='ltr'>ν</span> <span class='ocrx_word' id='word_1_707' title='bbox 1875 4938 1879 4942; x_wconf 93' lang='lat'>_</span> 
     </span>
    </p>
   </div>
   <div class='ocr_carea' id='block_1_99' title="bbox 360 4963 1879 5041">
    <p class='ocr_par' dir='ltr' id='par_1_99' title="bbox 360 4963 1879 5041">
     <span class='ocr_line' id='line_1_99' title="bbox 360 4963 1879 5041; baseline -0.003 -16"><span class='ocrx_word' id='word_1_708' title='bbox 360 4969 527 5025; x_wconf 84' lang='grc' dir='ltr'>Ἀλλά</span> <span class='ocrx_word' id='word_1_709' title='bbox 565 4968 972 5041; x_wconf 86' lang='grc' dir='ltr'>ἀποδιδράσκει,</span> <span class='ocrx_word' id='word_1_710' title='bbox 1019 4968 1200 5023; x_wconf 88' lang='grc' dir='ltr'>λαϐὼν</span> <span class='ocrx_word' id='word_1_711' title='bbox 1248 4966 1428 5022; x_wconf 89' lang='grc' dir='ltr'>πάντα</span> <span class='ocrx_word' id='word_1_712' title='bbox 1479 4967 1692 5038; x_wconf 80' lang='grc' dir='ltr'>ὅσαπερ</span> <span class='ocrx_word' id='word_1_713' title='bbox 1730 4963 1879 5039; x_wconf 76' lang='grc' dir='ltr'>εἶχε,</span> 
     </span>
    </p>
   </div>
   <div class='ocr_carea' id='block_1_100' title="bbox 289 5058 1881 5135">
    <p class='ocr_par' dir='ltr' id='par_1_100' title="bbox 289 5058 1881 5135">
     <span class='ocr_line' id='line_1_100' title="bbox 289 5058 1881 5135; baseline -0.002 -19"><span class='ocrx_word' id='word_1_714' title='bbox 289 5063 493 5135; x_wconf 84' lang='grc' dir='ltr'>χρυσόν</span> <span class='ocrx_word' id='word_1_715' title='bbox 536 5078 597 5115; x_wconf 91' lang='grc' dir='ltr'><strong>τε</strong></span> <span class='ocrx_word' id='word_1_716' title='bbox 637 5062 733 5115; x_wconf 70' lang='grc' dir='ltr'><strong>καὶ</strong></span> <span class='ocrx_word' id='word_1_717' title='bbox 773 5061 1034 5133; x_wconf 78' lang='grc' dir='ltr'>ἄργυρον,</span> <span class='ocrx_word' id='word_1_718' title='bbox 1066 5060 1160 5115; x_wconf 71' lang='grc' dir='ltr'>καὶ</span> <span class='ocrx_word' id='word_1_719' title='bbox 1206 5059 1276 5113; x_wconf 83' lang='grc' dir='ltr'>τὰ</span> <span class='ocrx_word' id='word_1_720' title='bbox 1314 5058 1489 5135; x_wconf 77' lang='grc' dir='ltr'>ἀλλα,</span> <span class='ocrx_word' id='word_1_721' title='bbox 1517 5059 1599 5123; x_wconf 80' lang='grc' dir='ltr'>εἰς</span> <span class='ocrx_word' id='word_1_722' title='bbox 1636 5060 1736 5130; x_wconf 81' lang='grc' dir='ltr'><strong>τὴν</strong></span> <span class='ocrx_word' id='word_1_723' title='bbox 1774 5058 1881 5113; x_wconf 86' lang='grc' dir='ltr'><strong>τῶν</strong></span> 
     </span>
    </p>
   </div>
   <div class='ocr_carea' id='block_1_101' title="bbox 290 5134 1883 5224">
    <p class='ocr_par' dir='ltr' id='par_1_101' title="bbox 290 5134 1883 5224">
     <span class='ocr_line' id='line_1_101' title="bbox 290 5134 1883 5224; baseline -0.001 -16"><span class='ocrx_word' id='word_1_724' title='bbox 290 5134 521 5224; x_wconf 73' lang='grc' dir='ltr'>Περσῶν</span> <span class='ocrx_word' id='word_1_725' title='bbox 547 5152 753 5224; x_wconf 85' lang='grc' dir='ltr'>χώραν,</span> <span class='ocrx_word' id='word_1_726' title='bbox 785 5153 977 5207; x_wconf 81' lang='grc' dir='ltr'>ἑαυτοῦ</span> <span class='ocrx_word' id='word_1_727' title='bbox 1003 5153 1065 5207; x_wconf 84' lang='grc' dir='ltr'>τὸ</span> <span class='ocrx_word' id='word_1_728' title='bbox 1096 5153 1290 5224; x_wconf 81' lang='grc' dir='ltr'>ὄνομα,</span> <span class='ocrx_word' id='word_1_729' title='bbox 1316 5134 1411 5205; x_wconf 53' lang='grc' dir='ltr'>’ἵνα</span> <span class='ocrx_word' id='word_1_730' title='bbox 1441 5150 1517 5223; x_wconf 80' lang='grc' dir='ltr'>μὴ</span> <span class='ocrx_word' id='word_1_731' title='bbox 1555 5153 1883 5224; x_wconf 88' lang='grc' dir='ltr'>κατάφωρος</span> 
     </span>
    </p>
   </div>
   <div class='ocr_carea' id='block_1_102' title="bbox 289 5245 1878 5318">
    <p class='ocr_par' dir='ltr' id='par_1_102' title="bbox 289 5245 1878 5318">
     <span class='ocr_line' id='line_1_102' title="bbox 289 5245 1878 5318; baseline -0.001 -18"><span class='ocrx_word' id='word_1_732' title='bbox 289 5248 540 5317; x_wconf 83' lang='grc' dir='ltr'>γένηται,</span> <span class='ocrx_word' id='word_1_733' title='bbox 573 5246 695 5300; x_wconf 78' lang='grc' dir='ltr'>ἀντὶ</span> <span class='ocrx_word' id='word_1_734' title='bbox 724 5245 1052 5318; x_wconf 84' lang='grc' dir='ltr'>Τερϐίνθου,</span> <span class='ocrx_word' id='word_1_735' title='bbox 1076 5246 1152 5310; x_wconf 79' lang='grc' dir='ltr'>ὡς</span> <span class='ocrx_word' id='word_1_736' title='bbox 1187 5245 1300 5300; x_wconf 83' lang='grc' dir='ltr'>ἄνω</span> <span class='ocrx_word' id='word_1_737' title='bbox 1328 5263 1419 5317; x_wconf 90' lang='grc' dir='ltr'><strong>μοι</strong></span> <span class='ocrx_word' id='word_1_738' title='bbox 1450 5245 1878 5317; x_wconf 84' lang='grc' dir='ltr'>προδεδήλωται,</span> 
     </span>
    </p>
   </div>
   <div class='ocr_carea' id='block_1_103' title="bbox 293 5330 1882 5410">
    <p class='ocr_par' dir='ltr' id='par_1_103' title="bbox 293 5330 1882 5410">
     <span class='ocr_line' id='line_1_103' title="bbox 293 5330 1882 5410; baseline -0.001 -17"><span class='ocrx_word' id='word_1_739' title='bbox 293 5338 528 5394; x_wconf 85' lang='grc' dir='ltr'>Βουδδᾶν</span> <span class='ocrx_word' id='word_1_740' title='bbox 574 5337 751 5410; x_wconf 88' lang='grc' dir='ltr'>ἐαυτῷ</span> <span class='ocrx_word' id='word_1_741' title='bbox 799 5338 1123 5409; x_wconf 78' lang='grc' dir='ltr'>ἐπιθέμενος</span> <span class='ocrx_word' id='word_1_742' title='bbox 1164 5337 1355 5409; x_wconf 80' lang='grc' dir='ltr'>ὄνομα.</span> <span class='ocrx_word' id='word_1_743' title='bbox 1398 5331 1569 5402; x_wconf 73' lang='grc' dir='ltr'>Οὗτος</span> <span class='ocrx_word' id='word_1_744' title='bbox 1609 5337 1667 5391; x_wconf 85' lang='grc' dir='ltr'>δὲ</span> <span class='ocrx_word' id='word_1_745' title='bbox 1712 5330 1882 5393; x_wconf 84' lang='grc' dir='ltr'>πάλιν</span> 
     </span>
    </p>
   </div>
   <div class='ocr_carea' id='block_1_104' title="bbox 352 5490 1886 5616">
    <p class='ocr_par' dir='ltr' id='par_1_104' title="bbox 352 5490 1886 5616">
     <span class='ocr_line' id='line_1_104' title="bbox 352 5490 1886 5616; baseline 0 -68"><span class='ocrx_word' id='word_1_746' title='bbox 352 5494 463 5567; x_wconf 76' lang='grc' dir='ltr'><strong>(η)</strong></span> <span class='ocrx_word' id='word_1_747' title='bbox 482 5495 861 5577; x_wconf 62' lang='grc' dir='ltr'>Καζβίϐλους</span> <span class='ocrx_word' id='word_1_748' title='bbox 878 5493 1206 5575; x_wconf 60' lang='grc' dir='ltr'>τέσσαρας.</span> <span class='ocrx_word' id='word_1_749' title='bbox 1227 5493 1384 5616; x_wconf 42' lang='grc' dir='ltr'>Δὲυιι</span> <span class='ocrx_word' id='word_1_750' title='bbox 1404 5490 1538 5546; x_wconf 86' lang='lat' dir='ltr'><strong>Suid</strong></span> <span class='ocrx_word' id='word_1_751' title='bbox 1547 5507 1630 5547; x_wconf 91' lang='lat' dir='ltr'><strong>am</strong></span> <span class='ocrx_word' id='word_1_752' title='bbox 1646 5500 1886 5575; x_wconf 86' lang='lat' dir='ltr'><strong>quatuor</strong></span> 
     </span>
     <span class='ocr_line' id='line_1_105' title="bbox 352 5563 1882 5616; baseline 0 0"><span class='ocrx_word' id='word_1_753' title='bbox 352 5580 561 5616; x_wconf 73' lang='lat' dir='ltr'><strong>brorum</strong></span> <span class='ocrx_word' id='word_1_754' title='bbox 587 5576 821 5616; x_wconf 77' lang='lat' dir='ltr'><strong>istorum</strong></span> <span class='ocrx_word' id='word_1_755' title='bbox 840 5572 1037 5616; x_wconf 88' lang='lat' dir='ltr'><strong>auctor</strong></span> <span class='ocrx_word' id='word_1_756' title='bbox 1054 5565 1225 5616; x_wconf 75' lang='lat' dir='ltr'><strong>fuisse</strong></span> <span class='ocrx_word' id='word_1_757' title='bbox 1294 5573 1459 5616; x_wconf 80' lang='lat' dir='ltr'><strong>Icnur</strong></span> <span class='ocrx_word' id='word_1_758' title='bbox 1488 5563 1882 5616; x_wconf 86' lang='lat' dir='ltr'><strong>&#39;l‘crebmthus.</strong></span> 
     </span>
    </p>
   </div>
   <div class='ocr_carea' id='block_1_105' title="bbox 295 5563 1882 5628">
    <p class='ocr_par' dir='ltr' id='par_1_105' title="bbox 295 5563 1882 5628">
     <span class='ocr_line' id='line_1_106' title="bbox 295 5563 1882 5628; baseline -0.001 -9"><span class='ocrx_word' id='word_1_759' title='bbox 295 5563 561 5620; x_wconf 83' lang='lat' dir='ltr'><strong>librorum</strong></span> <span class='ocrx_word' id='word_1_760' title='bbox 587 5568 821 5623; x_wconf 89' lang='lat' dir='ltr'><strong>istorum</strong></span> <span class='ocrx_word' id='word_1_761' title='bbox 840 5572 1037 5619; x_wconf 90' lang='lat' dir='ltr'><strong>auctor</strong></span> <span class='ocrx_word' id='word_1_762' title='bbox 1054 5564 1225 5620; x_wconf 76' lang='lat' dir='ltr'><strong>fuisse</strong></span> <span class='ocrx_word' id='word_1_763' title='bbox 1254 5563 1459 5618; x_wconf 89' lang='lat' dir='ltr'><strong>dicitur</strong></span> <span class='ocrx_word' id='word_1_764' title='bbox 1488 5563 1882 5628; x_wconf 85' lang='lat' dir='ltr'><strong>&#39;l‘crebinthus,</strong></span> 
     </span>
    </p>
   </div>
   <div class='ocr_carea' id='block_1_106' title="bbox 294 5634 1880 5706">
    <p class='ocr_par' dir='ltr' id='par_1_106' title="bbox 294 5634 1880 5706">
     <span class='ocr_line' id='line_1_107' title="bbox 294 5634 1880 5706; baseline -0.001 -16"><span class='ocrx_word' id='word_1_765' title='bbox 294 5638 410 5706; x_wconf 79' lang='lat' dir='ltr'><strong>sive</strong></span> <span class='ocrx_word' id='word_1_766' title='bbox 442 5635 686 5702; x_wconf 83' lang='lat' dir='ltr'><strong>Buddas;</strong></span> <span class='ocrx_word' id='word_1_767' title='bbox 716 5649 954 5706; x_wconf 74' lang='lat' dir='ltr'><strong>quorum</strong></span> <span class='ocrx_word' id='word_1_768' title='bbox 983 5634 1148 5695; x_wconf 89' lang='lat' dir='ltr'><strong>etiam</strong></span> <span class='ocrx_word' id='word_1_769' title='bbox 1179 5635 1316 5688; x_wconf 88' lang='lat' dir='ltr'><strong>ordo</strong></span> <span class='ocrx_word' id='word_1_770' title='bbox 1354 5634 1880 5706; x_wconf 11' lang='lat' dir='ltr'><strong>aliterin‘stituitnr.</strong></span> 
     </span>
    </p>
   </div>
   <div class='ocr_carea' id='block_1_107' title="bbox 297 5703 1884 5776">
    <p class='ocr_par' dir='ltr' id='par_1_107' title="bbox 297 5703 1884 5776">
     <span class='ocr_line' id='line_1_108' title="bbox 297 5703 1884 5776; baseline 0 -17"><span class='ocrx_word' id='word_1_771' title='bbox 297 5705 433 5760; x_wconf 77' lang='lat' dir='ltr'><strong>Nam</strong></span> <span class='ocrx_word' id='word_1_772' title='bbox 457 5707 667 5776; x_wconf 89' lang='lat' dir='ltr'><strong>primus</strong></span> <span class='ocrx_word' id='word_1_773' title='bbox 697 5703 785 5762; x_wconf 77' lang='lat' dir='ltr'><strong>est</strong></span> <span class='ocrx_word' id='word_1_774' title='bbox 818 5703 1540 5776; x_wconf 58' lang='lat' dir='ltr'><strong>Mysteriorum,secundus</strong></span> <span class='ocrx_word' id='word_1_775' title='bbox 1575 5704 1884 5776; x_wconf 81' lang='lat' dir='ltr'><strong>Evangelii,</strong></span> 
     </span>
    </p>
   </div>
   <div class='ocr_carea' id='block_1_108' title="bbox 298 5773 1381 5855">
    <p class='ocr_par' dir='ltr' id='par_1_108' title="bbox 298 5773 1381 5855">
     <span class='ocr_line' id='line_1_109' title="bbox 298 5773 1381 5855; baseline -0.006 -23"><span class='ocrx_word' id='word_1_776' title='bbox 298 5773 495 5855; x_wconf 66' lang='lat' dir='ltr'><strong>tertius</strong></span> <span class='ocrx_word' id='word_1_777' title='bbox 523 5777 779 5855; x_wconf 52' lang='lat' dir='ltr'><strong>[hesauri</strong></span> <span class='ocrx_word' id='word_1_778' title='bbox 801 5816 815 5837; x_wconf 84' lang='lat'><strong>,</strong></span> <span class='ocrx_word' id='word_1_779' title='bbox 853 5773 1087 5855; x_wconf 72' lang='lat' dir='ltr'><strong>quartus</strong></span> <span class='ocrx_word' id='word_1_780' title='bbox 1110 5773 1381 5855; x_wconf 58' lang='lat' dir='ltr'><strong>Cupitum.</strong></span> 
     </span>
    </p>
   </div>
   <div class='ocr_carea' id='block_1_109' title="bbox 368 5844 1885 5920">
    <p class='ocr_par' dir='ltr' id='par_1_109' title="bbox 368 5844 1885 5920">
     <span class='ocr_line' id='line_1_110' title="bbox 368 5844 1885 5920; baseline 0.001 -21"><span class='ocrx_word' id='word_1_781' title='bbox 368 5846 482 5914; x_wconf 66' lang='lat' dir='ltr'><strong>uti)</strong></span> <span class='ocrx_word' id='word_1_782' title='bbox 518 5850 653 5920; x_wconf 78' lang='grc' dir='ltr'>Περὶ</span> <span class='ocrx_word' id='word_1_783' title='bbox 673 5847 819 5913; x_wconf 77' lang='grc' dir='ltr'>τοὺς</span> <span class='ocrx_word' id='word_1_784' title='bbox 854 5845 1113 5914; x_wconf 75' lang='grc' dir='ltr'>χρόνους</span> <span class='ocrx_word' id='word_1_785' title='bbox 1148 5844 1264 5900; x_wconf 81' lang='grc' dir='ltr'>τῶν</span> <span class='ocrx_word' id='word_1_786' title='bbox 1296 5846 1681 5917; x_wconf 73' lang='grc' dir='ltr'>ἀποστόλων.</span> <span class='ocrx_word' id='word_1_787' title='bbox 1720 5844 1885 5903; x_wconf 84' lang='lat' dir='ltr'><strong>Com-</strong></span> 
     </span>
    </p>
   </div>
   <div class='ocr_carea' id='block_1_110' title="bbox 2058 4959 3575 5036">
    <p class='ocr_par' dir='ltr' id='par_1_110' title="bbox 2058 4959 3575 5036">
     <span class='ocr_line' id='line_1_111' title="bbox 2058 4959 3575 5036; baseline -0.002 -17"><span class='ocrx_word' id='word_1_788' title='bbox 2058 4964 2248 5036; x_wconf 83' lang='lat' dir='ltr'><strong>llaque</strong></span> <span class='ocrx_word' id='word_1_789' title='bbox 2289 4978 2415 5018; x_wconf 90' lang='lat' dir='ltr'><strong>cum</strong></span> <span class='ocrx_word' id='word_1_790' title='bbox 2437 4961 2695 5018; x_wconf 89' lang='lat' dir='ltr'><strong>omnibus</strong></span> <span class='ocrx_word' id='word_1_791' title='bbox 2722 4975 2844 5032; x_wconf 73' lang='lat' dir='ltr'><strong>quae</strong></span> <span class='ocrx_word' id='word_1_792' title='bbox 2877 4960 3135 5026; x_wconf 83' lang='lat' dir='ltr'><strong>habebat,</strong></span> <span class='ocrx_word' id='word_1_793' title='bbox 3174 4974 3310 5015; x_wconf 90' lang='lat' dir='ltr'><strong>auro</strong></span> <span class='ocrx_word' id='word_1_794' title='bbox 3342 4959 3575 5024; x_wconf 80' lang='lat' dir='ltr'><strong>scilicet.</strong></span> 
     </span>
    </p>
   </div>
   <div class='ocr_carea' id='block_1_111' title="bbox 1989 5051 3574 5130">
    <p class='ocr_par' dir='ltr' id='par_1_111' title="bbox 1989 5051 3574 5130">
     <span class='ocr_line' id='line_1_112' title="bbox 1989 5051 3574 5130; baseline -0.003 -19"><span class='ocrx_word' id='word_1_795' title='bbox 1989 5064 2234 5130; x_wconf 82' lang='lat' dir='ltr'><strong>argento,</strong></span> <span class='ocrx_word' id='word_1_796' title='bbox 2256 5055 2580 5125; x_wconf 60' lang='lat' dir='ltr'><strong>calorisque</strong></span> <span class='ocrx_word' id='word_1_797' title='bbox 2596 5053 2793 5124; x_wconf 84' lang='lat' dir='ltr'><strong>cepiis,</strong></span> <span class='ocrx_word' id='word_1_798' title='bbox 2824 5053 2881 5108; x_wconf 92' lang='lat' dir='ltr'><strong>in</strong></span> <span class='ocrx_word' id='word_1_799' title='bbox 2904 5051 3182 5110; x_wconf 85' lang='lat' dir='ltr'><strong>Persidem</strong></span> <span class='ocrx_word' id='word_1_800' title='bbox 3212 5053 3444 5124; x_wconf 76' lang='lat' dir='ltr'><strong>aufugit.</strong></span> <span class='ocrx_word' id='word_1_801' title='bbox 3473 5052 3574 5117; x_wconf 89' lang='lat' dir='ltr'><strong>lbi,</strong></span> 
     </span>
    </p>
   </div>
   <div class='ocr_carea' id='block_1_112' title="bbox 1989 5144 3580 5219">
    <p class='ocr_par' dir='ltr' id='par_1_112' title="bbox 1989 5144 3580 5219">
     <span class='ocr_line' id='line_1_113' title="bbox 1989 5144 3580 5219; baseline -0.004 -14"><span class='ocrx_word' id='word_1_802' title='bbox 1989 5166 2061 5206; x_wconf 89' lang='lat' dir='ltr'><strong>ne</strong></span> <span class='ocrx_word' id='word_1_803' title='bbox 2082 5148 2601 5219; x_wconf 87' lang='lat' dir='ltr'><strong>deprehenderetur,</strong></span> <span class='ocrx_word' id='word_1_804' title='bbox 2634 5153 2847 5201; x_wconf 89' lang='lat' dir='ltr'><strong>mutato</strong></span> <span class='ocrx_word' id='word_1_805' title='bbox 2879 5146 3124 5211; x_wconf 87' lang='lat' dir='ltr'><strong>nomine,</strong></span> <span class='ocrx_word' id='word_1_806' title='bbox 3156 5161 3257 5217; x_wconf 90' lang='lat' dir='ltr'><strong>pro</strong></span> <span class='ocrx_word' id='word_1_807' title='bbox 3276 5144 3580 5201; x_wconf 77' lang='lat' dir='ltr'><strong>Terbintlio</strong></span> 
     </span>
    </p>
   </div>
   <div class='ocr_carea' id='block_1_113' title="bbox 1990 5238 3581 5310">
    <p class='ocr_par' dir='ltr' id='par_1_113' title="bbox 1990 5238 3581 5310">
     <span class='ocr_line' id='line_1_114' title="bbox 1990 5238 3581 5310; baseline -0.002 -14"><span class='ocrx_word' id='word_1_808' title='bbox 1990 5241 2235 5297; x_wconf 90' lang='lat' dir='ltr'><strong>Buddam</strong></span> <span class='ocrx_word' id='word_1_809' title='bbox 2268 5255 2348 5305; x_wconf 89' lang='lat' dir='ltr'><strong>se,</strong></span> <span class='ocrx_word' id='word_1_810' title='bbox 2392 5239 2471 5294; x_wconf 90' lang='lat' dir='ltr'><strong>uti</strong></span> <span class='ocrx_word' id='word_1_811' title='bbox 2511 5238 2776 5303; x_wconf 81' lang='lat' dir='ltr'><strong>diximus.</strong></span> <span class='ocrx_word' id='word_1_812' title='bbox 2824 5238 3081 5310; x_wconf 65' lang='grc' dir='ltr'>ρρρειιειι.</span> <span class='ocrx_word' id='word_1_813' title='bbox 3119 5239 3300 5308; x_wconf 85' lang='lat' dir='ltr'><strong>Atque</strong></span> <span class='ocrx_word' id='word_1_814' title='bbox 3328 5238 3417 5291; x_wconf 88' lang='lat' dir='ltr'><strong>hic</strong></span> <span class='ocrx_word' id='word_1_815' title='bbox 3453 5253 3581 5307; x_wconf 70' lang='lat' dir='ltr'><strong>pes-</strong></span> 
     </span>
    </p>
   </div>
   <div class='ocr_carea' id='block_1_114' title="bbox 1991 5328 3583 5405">
    <p class='ocr_par' dir='ltr' id='par_1_114' title="bbox 1991 5328 3583 5405">
     <span class='ocr_line' id='line_1_115' title="bbox 1991 5328 3583 5405; baseline -0.008 -12"><span class='ocrx_word' id='word_1_816' title='bbox 1991 5338 2188 5394; x_wconf 89' lang='lat' dir='ltr'><strong>simam</strong></span> <span class='ocrx_word' id='word_1_817' title='bbox 2225 5350 2420 5391; x_wconf 91' lang='lat' dir='ltr'><strong>rursus</strong></span> <span class='ocrx_word' id='word_1_818' title='bbox 2449 5342 2689 5405; x_wconf 89' lang='lat' dir='ltr'><strong>quatuor</strong></span> <span class='ocrx_word' id='word_1_819' title='bbox 2742 5332 2964 5389; x_wconf 90' lang='lat' dir='ltr'><strong>illorum</strong></span> <span class='ocrx_word' id='word_1_820' title='bbox 3003 5330 3285 5402; x_wconf 89' lang='lat' dir='ltr'><strong>Scythiani</strong></span> <span class='ocrx_word' id='word_1_821' title='bbox 3318 5328 3583 5383; x_wconf 81' lang='lat' dir='ltr'><strong>librorum</strong></span> 
     </span>
    </p>
   </div>
   <div class='ocr_carea' id='block_1_115' title="bbox 1982 5486 3590 5562">
    <p class='ocr_par' dir='ltr' id='par_1_115' title="bbox 1982 5486 3590 5562">
     <span class='ocr_line' id='line_1_116' title="bbox 1982 5486 3590 5562; baseline -0.006 -15"><span class='ocrx_word' id='word_1_822' title='bbox 1982 5493 2145 5548; x_wconf 87' lang='lat' dir='ltr'><strong>mode</strong></span> <span class='ocrx_word' id='word_1_823' title='bbox 2194 5492 2341 5550; x_wconf 90' lang='lat' dir='ltr'><strong>istud</strong></span> <span class='ocrx_word' id='word_1_824' title='bbox 2385 5489 2769 5562; x_wconf 88' lang='lat' dir='ltr'><strong>accipiendum</strong></span> <span class='ocrx_word' id='word_1_825' title='bbox 2799 5499 2900 5562; x_wconf 82' lang='lat' dir='ltr'><strong>est,</strong></span> <span class='ocrx_word' id='word_1_826' title='bbox 2946 5497 3005 5543; x_wconf 92' lang='lat' dir='ltr'><strong>ut</strong></span> <span class='ocrx_word' id='word_1_827' title='bbox 3038 5486 3415 5558; x_wconf 85' lang='lat' dir='ltr'><strong>apostolorum</strong></span> <span class='ocrx_word' id='word_1_828' title='bbox 3450 5494 3590 5539; x_wconf 81' lang='lat' dir='ltr'><strong>lem-</strong></span> 
     </span>
    </p>
   </div>
   <div class='ocr_carea' id='block_1_116' title="bbox 1985 5561 3590 5633">
    <p class='ocr_par' dir='ltr' id='par_1_116' title="bbox 1985 5561 3590 5633">
     <span class='ocr_line' id='line_1_117' title="bbox 1985 5561 3590 5633; baseline -0.006 -14"><span class='ocrx_word' id='word_1_829' title='bbox 1985 5578 2120 5633; x_wconf 88' lang='lat' dir='ltr'><strong>pora</strong></span> <span class='ocrx_word' id='word_1_830' title='bbox 2158 5572 2336 5628; x_wconf 90' lang='lat' dir='ltr'><strong>vocet,</strong></span> <span class='ocrx_word' id='word_1_831' title='bbox 2361 5577 2484 5633; x_wconf 72' lang='lat' dir='ltr'><strong>quae</strong></span> <span class='ocrx_word' id='word_1_832' title='bbox 2512 5561 2619 5618; x_wconf 90' lang='lat' dir='ltr'><strong>illis</strong></span> <span class='ocrx_word' id='word_1_833' title='bbox 2653 5561 2903 5632; x_wconf 77' lang='lat' dir='ltr'><strong>proxima</strong></span> <span class='ocrx_word' id='word_1_834' title='bbox 2935 5570 3088 5624; x_wconf 88' lang='lat' dir='ltr'><strong>sunt;</strong></span> <span class='ocrx_word' id='word_1_835' title='bbox 3127 5572 3251 5611; x_wconf 88' lang='lat' dir='ltr'><strong>nam</strong></span> <span class='ocrx_word' id='word_1_836' title='bbox 3285 5565 3590 5633; x_wconf 55' lang='lat' dir='ltr'><strong>utapostof</strong></span> 
     </span>
    </p>
   </div>
   <div class='ocr_carea' id='block_1_117' title="bbox 1987 5626 3588 5705">
    <p class='ocr_par' dir='ltr' id='par_1_117' title="bbox 1987 5626 3588 5705">
     <span class='ocr_line' id='line_1_118' title="bbox 1987 5626 3588 5705; baseline -0.006 -17"><span class='ocrx_word' id='word_1_837' title='bbox 1987 5626 2070 5689; x_wconf 80' lang='lat' dir='ltr'><strong>los</strong></span> <span class='ocrx_word' id='word_1_838' title='bbox 2133 5626 2335 5689; x_wconf 80' lang='lat' dir='ltr'><strong>viderit</strong></span> <span class='ocrx_word' id='word_1_839' title='bbox 2384 5626 2752 5705; x_wconf 51' lang='lat' dir='ltr'><strong>&#39;Scythian&#39;us,</strong></span> <span class='ocrx_word' id='word_1_840' title='bbox 2781 5645 3128 5705; x_wconf 71' lang='lat' dir='ltr'><strong>nequaquam</strong></span> <span class='ocrx_word' id='word_1_841' title='bbox 3195 5626 3461 5705; x_wconf 68' lang='lat' dir='ltr'><strong>procedit,</strong></span> <span class='ocrx_word' id='word_1_842' title='bbox 3511 5626 3588 5679; x_wconf 88' lang='lat' dir='ltr'><strong>uti</strong></span> 
     </span>
    </p>
   </div>
   <div class='ocr_carea' id='block_1_118' title="bbox 1987 5698 3574 5831">
    <p class='ocr_par' dir='ltr' id='par_1_118' title="bbox 1987 5698 3574 5831">
     <span class='ocr_line' id='line_1_119' title="bbox 1987 5698 3574 5831; baseline -0.005 -72"><span class='ocrx_word' id='word_1_843' title='bbox 1987 5714 2178 5831; x_wconf 51' lang='lat' dir='ltr'><strong>postea</strong></span> <span class='ocrx_word' id='word_1_844' title='bbox 2209 5698 2510 5771; x_wconf 74' lang='lat' dir='ltr'><strong>constabit,</strong></span> <span class='ocrx_word' id='word_1_845' title='bbox 2552 5719 2677 5759; x_wconf 89' lang='lat' dir='ltr'><strong>cum</strong></span> <span class='ocrx_word' id='word_1_846' title='bbox 2704 5704 2770 5759; x_wconf 87' lang='lat' dir='ltr'><strong>de</strong></span> <span class='ocrx_word' id='word_1_847' title='bbox 2797 5698 3084 5756; x_wconf 69' lang='lat' dir='ltr'><strong>Manichzci</strong></span> <span class='ocrx_word' id='word_1_848' title='bbox 3122 5707 3369 5768; x_wconf 80' lang='lat' dir='ltr'><strong>tempore</strong></span> <span class='ocrx_word' id='word_1_849' title='bbox 3394 5698 3574 5767; x_wconf 81' lang='lat' dir='ltr'><strong>dispu-</strong></span> 
     </span>
     <span class='ocr_line' id='line_1_120' title="bbox 1990 5784 3168 5831; baseline -0.005 -1"><span class='ocrx_word' id='word_1_850' title='bbox 1990 5785 2044 5830; x_wconf 90' lang='lat' dir='ltr'><strong>ta</strong></span> <span class='ocrx_word' id='word_1_851' title='bbox 2088 5786 2218 5831; x_wconf 80' lang='lat' dir='ltr'><strong>itur.</strong></span> <span class='ocrx_word' id='word_1_852' title='bbox 3162 5784 3168 5790; x_wconf 89' lang='grc'>·</span> 
     </span>
    </p>
   </div>
   <div class='ocr_carea' id='block_1_119' title="bbox 1990 5779 3168 5831">
    <p class='ocr_par' dir='ltr' id='par_1_119' title="bbox 1990 5779 3168 5831">
     <span class='ocr_line' id='line_1_121' title="bbox 1990 5779 3168 5831; baseline -0.005 -1"><span class='ocrx_word' id='word_1_853' title='bbox 1990 5779 2218 5831; x_wconf 83' lang='lat' dir='ltr'><strong>labitur.</strong></span> <span class='ocrx_word' id='word_1_854' title='bbox 3162 5784 3168 5790; x_wconf 89' lang='grc'>·</span> 
     </span>
    </p>
   </div>
  </div>
