4078 6462
510 411 581 467 35
1931 398 1990 454 S.
2035 393 2376 454 EPIPllANIl
3734 395 3811 450 '56

512 539 576 578 ac
602 518 938 591 magicarum
978 523 1177 571 artium
1201 521 1255 570 et
1291 513 1694 585 praestigiarum
1733 511 2101 569 lizereditatem

2224 513 2329 585 ἴσχε
2364 514 2542 584 κακήν
2566 513 2819 582 διαδοχὴν
2845 511 3232 583 κληρονομίας,
3261 511 3328 565 τὰ
3351 511 3594 584 τέσσαρα
3621 512 3813 583 βιϐλία

511 613 672 669 adiit.
721 610 868 665 ldcm
911 609 1055 662 enim
1105 608 1410 661 litterarum
1455 606 1702 675 apprime
1741 605 1941 661 studiis
1978 612 2100 660 erat

2224 606 2296 659 τοῦ
2336 604 2636 658 Σκυθιανοῦ
2685 606 2780 657 καὶ
2825 604 2892 658 τά
2932 605 3031 674 τῆς
3081 604 3318 674 μαγείας
3367 604 3807 676 ἐπιτηδεύματα.

510 703 786 761 eruditus.
831 699 937 756 Sed
989 714 1115 753 cum
1164 699 1218 752 in
1271 696 1500 751 Perside
1530 704 1585 750 et
1613 696 1731 766 ipse
1772 697 2099 766 disputaret,
2156 719 2160 722 -

518 805 685 864 atque
711 791 854 862 apud
882 790 1102 846 viduam
1139 787 1435 859 quamdam
1483 786 1760 850 habitans,
1804 801 1928 841 cum
1966 785 2100 840 aedi-

532 888 641 942 tuis
669 900 732 940 ac
783 883 1166 957 sacerdotibus
1215 880 1448 940 Mithrae,
1497 878 1551 932 in
1589 879 1890 947 primisque
1927 874 2103 930 Parco

516 979 778 1050 quodam,
825 992 890 1032 ac
937 975 1194 1031 Labdaco
1228 970 1530 1044 prophetis,
1581 970 1650 1025 de
1688 970 1847 1041 621
1888 969 2106 1024 duobus

516 1067 808 1139 principiis
835 1064 1216 1128 contenderet,
1256 1076 1432 1131 neque
1457 1061 1543 1116 vel
1591 1059 1919 1115 idololatriae
1961 1057 2107 1113 anti-

519 1161 748 1216 stitibus
770 1158 1031 1213 resistere
1061 1161 1268 1226 posset,
1297 1153 1392 1209 sed
1417 1153 1487 1208 ab
1525 1151 1594 1207 iis
1625 1151 1944 1222 turpissime
1972 1163 2107 1204 con-

522 1254 704 1307 victus
742 1258 912 1312 esset,
955 1246 1263 1318 Scythiani,
1317 1261 1478 1316 quem
1523 1243 1874 1315 sequebatur,
1919 1257 2108 1311 exem-

523 1345 612 1411 plo
655 1343 854 1397 domus
887 1338 1166 1414 fastigium
1207 1336 1606 1399 conscendens,
1652 1334 1837 1404 ibique
1879 1333 2109 1404 magicis

521 1435 734 1488 artibus
772 1433 824 1486 id
869 1430 1078 1487 ellicerc
1122 1428 1375 1492 studens,
1418 1443 1487 1483 ne
1515 1427 1642 1497 quis
1701 1426 1805 1480 sibi
1851 1425 2110 1494 deinceps

519 1525 896 1580 contradicere
928 1522 1173 1586 auderet,
1218 1521 1287 1576 ab
1344 1520 1540 1591 angelo
1587 1518 1840 1588 dejectus
1885 1517 2108 1580 cecidit,

521 1627 688 1688 atque
719 1617 790 1672 ob
825 1629 889 1671 ca
916 1630 1038 1686 quae
1066 1612 1396 1668 moliebatur
1427 1610 1694 1666 maleficia
1736 1609 1916 1680 periit.
1956 1611 2112 1664 Anus

523 1724 712 1780 porro,
746 1707 961 1778 sepulto
993 1705 1142 1761 illius
1167 1718 1423 1774 corpore,
1459 1702 1747 1772 pecuniam
1771 1717 1988 1757 onmem
2014 1701 2113 1762 ob-

524 1798 714 1852 tinuit.
770 1797 906 1863 Quae
956 1794 1180 1866 quidem
1226 1807 1353 1848 cum
1405 1792 1610 1847 liberos
1665 1806 1732 1846 ac
1777 1792 2115 1862 propinquos

2202 693 2310 751 Ἶιν
2337 698 2448 768 γὰρ
2491 698 2586 750 καὶ
2610 689 2767 760 οὗτος
2810 698 2869 750 ἐν
2909 694 3236 766 γράμμασιν
3269 696 3672 766 ἐπιμελέστατα
3708 716 3813 752 περ

2203 769 2584 861 παιδευδμένος,
2635 789 2724 853 Ὠς
2754 789 2811 842 δέ
2846 789 2940 841 καὶ
2970 787 3135 852 αὐτὸς
3161 827 3175 851 ,
3209 788 3596 859 διαλεγόμενος
3631 791 3690 842 ἐν
3733 792 3808 861 τῇ

2206 881 2432 952 Περσῶν
2472 879 2658 950 χώρᾳ,
2695 879 2993 949 καταχθεὶς
3037 878 3173 949 πρὸς
3212 879 3391 950 γραῦν
3438 896 3559 932 τινα
3603 881 3808 950 χήραν,

2207 975 2300 1026 καὶ
2346 974 2460 1037 τοῖς
2503 971 2598 1026 τοῦ
2662 972 2850 1043 Μίθρα
2889 972 3184 1041 νεωκόροις
3217 988 3276 1023 τε
3328 971 3424 1024 καὶ
3465 969 3669 1042 ἱερεῦσι
3708 971 3812 1024 τοῦ

2206 1063 2450 1131 εἰδώλου,
2493 1065 2751 1136 προφήτῃ
2788 1063 2896 1116 τινὶ
2941 1063 3147 1134 Πάρκῳ
3186 1063 3282 1117 καὶ
3325 1063 3589 1133 Λαϐδάκῳ
3647 1063 3814 1133 συζη-

2207 1159 2380 1228 τήσας
2415 1158 2545 1228 περὶ
2573 1157 2684 1210 τῶν
2731 1155 2824 1209 δύο
2863 1156 3073 1228 ἀρχῶν,
3123 1157 3218 1210 καὶ
3253 1154 3330 1226 μὴ
3367 1155 3618 1226 δυνηθεὶς
3668 1158 3811 1227 μήτε

2210 1248 2313 1301 κᾶν
2354 1247 2492 1318 πρὸς
2539 1248 2668 1310 τοὺς
2706 1247 2806 1318 τῆς
2849 1246 3296 1317 εἰδωλολατρείας
3346 1247 3640 1317 πρυτάνεις
3687 1247 3812 1300 δια-

2208 1337 2507 1409 λεχθῆναι,
2561 1337 2677 1391 ἀλλ’
2729 1337 2940 1408 ἐλέγχῳ
2974 1339 3257 1402 καταστὰς
3288 1339 3420 1410 παρ’
3465 1340 3669 1402 αὐτῶν,
3711 1338 3814 1392 καὶ

2211 1425 2400 1498 αἶσχος
2447 1427 2931 1499 ἀπενεγκάμενος,
2978 1427 3242 1491 ὡσαύτως
3291 1427 3369 1498 τῷ
3427 1427 3817 1499 προειρημένῳ

2213 1518 2496 1589 Σκυθιανῷ
2521 1519 2592 1572 τά
2625 1521 2788 1590 ὃμοια
2823 1521 3122 1591 φρονήσας,
3149 1519 3240 1572 ἐπὶ
3270 1519 3329 1572 τὸ
3355 1519 3627 1590 δωμάτιον
3661 1521 3818 1574 ἀνελ-

2214 1610 2346 1675 θὼν,
2377 1610 2638 1681 μαγεύειν
2667 1628 2719 1664 τι
2745 1610 2907 1683 δῆθεν
2947 1611 3084 1682 πρὸς
3118 1611 3180 1664 τὸ
3218 1613 3292 1682 μή
3326 1629 3447 1664 τινα
3481 1611 3630 1682 αύτῷ
3659 1613 3815 1666 ἀντι-

2213 1703 2394 1772 λέγειν
2435 1703 2830 1774 ἐπιτηδεύσας,
2881 1703 2986 1757 ὑπὸ
3047 1703 3283 1772 ἀγγέλου
3344 1705 3636 1774 καταχθεὶς
3677 1723 3816 1760 κατ-

2217 1795 2405 1860 έπεσε,
2439 1795 2537 1849 καὶ
2570 1795 2744 1860 οὕτως
2773 1795 3005 1867 τέθνηκε
3035 1796 3102 1848 δι’
3137 1797 3204 1867 ἢν
3233 1795 3495 1867 ήϐούλετο
3523 1798 3814 1869 ἐπιχειρῆ-

527 1890 756 1944 haberet
812 1887 1016 1951 nullos,
1091 1885 1185 1938 diu
1241 1884 1296 1938 in
1366 1884 1460 1938 illo
1520 1891 1668 1939 statu
1719 1883 2109 1953 perseveravit.

2224 1903 2310 1940 σαι
2347 1887 2611 1958 μαντικὴν
2642 1889 2946 1959 ἐνέργειαν.
2995 1889 3060 1942 Ἦ
3099 1889 3157 1942 δὲ
3193 1889 3386 1961 γραῦς,
3421 1890 3817 1960 περιστείλασα

525 1979 767 2035 Tandem
793 1994 924 2035 vero
952 1977 1274 2042 Cubricum,
1314 1975 1408 2047 qui
1454 1984 1509 2030 et
1546 1973 1734 2030 Manes
1777 1974 1958 2031 dictus
2003 1981 2108 2040 est,

524 2072 592 2126 ad
629 2071 892 2140 obsequia
936 2068 1225 2123 famularia
1273 2081 1494 2123 servum
1554 2066 1801 2121 cocmit:
1852 2065 1941 2120 cui
1995 2079 2114 2119 mo-

524 2163 674 2216 riens
699 2162 896 2214 malam
928 2159 1076 2212 illam
1103 2157 1476 2213 haereditatem
1514 2155 1742 2226 perinde
1769 2165 1934 2227 atque
1961 2157 2113 2228 aspi-

523 2255 610 2310 dis
637 2255 806 2318 virus,
835 2252 1131 2307 multorum
1157 2250 1228 2306 ad
1257 2249 1539 2306 interitum
1577 2263 1643 2304 ac
1676 2247 1978 2318 perniciem
2017 2263 2109 2304 re-

524 2346 708 2416 liquit.

2218 1977 2406 2032 τούτου
2440 1977 2500 2031 τὸ
2541 1979 2720 2049 σῶμα,
2762 1977 2872 2033 τῶν
2920 1980 3218 2050 χρημάτων
3263 1979 3429 2034 αὐτοῦ
3485 1981 3542 2032 ἐν
3588 1979 3816 2046 καθέξει

2210 2070 2538 2141 γεγένηται·
2595 2072 2690 2126 καὶ
2733 2072 2807 2143 μή
2860 2070 3062 2142 ἔχουσα
3104 2072 3304 2138 παῖδα,
3355 2071 3493 2143 μηδέ
3540 2089 3664 2125 τινα
3699 2071 3817 2125 τῶν

2207 2161 2596 2234 διαφερόντων,
2630 2161 2813 2234 ἔμεινε
2843 2163 3027 2236 πολλῷ
3068 2163 3148 2234 τῷ
3183 2162 3360 2234 χρόνῳ
3393 2163 3586 2228 οῐτως.
3616 2163 3824 2216 ’Υστε-

2211 2267 2303 2323 ρον
2350 2251 2408 2304 δὲ
2452 2251 2820 2324 προσελάϐετο
2867 2253 3150 2324 πριαμένη
3210 2253 3303 2306 τὸν
3340 2252 3672 2325 Κούϐρικον,
3721 2252 3821 2306 τὸν

2209 2342 2303 2395 καί
2329 2343 2544 2415 Μάνην,
2592 2344 2759 2416 ἑαυτῇ
2791 2344 2929 2416 πρὸς
2966 2345 3272 2418 ὑπηρεσίαν
3295 2363 3308 2377 ·
3355 2345 3454 2399 καὶ
3501 2344 3824 2400 τελευτῶσα

523 2437 814 2492 κατέλιπεν
829 2434 977 2506 αύτῷ
993 2433 1062 2488 τὰ
1082 2433 1183 2504 τῆς
1203 2433 1376 2505 κακῆς
1394 2432 1779 2504 κληρονομίας,
1794 2432 1871 2496 ὡς
1902 2432 1980 2485 ἰὸν
1995 2432 2104 2486 ἀπὸ
2123 2433 2351 2498 ἀσπίδος
2379 2435 2813 2506 καταλειφθέντα
2828 2439 2907 2500 εἰς
2927 2438 3138 2492 πολλῶν
3157 2437 3364 2510 φθορὰν
3395 2439 3488 2492 καί
3515 2438 3818 2495 ἀπώλειαν.

596 2528 687 2586 lV.
745 2531 935 2598 Itaque
984 2526 1279 2592 Cubricus,
1339 2526 1434 2595 qui
1489 2541 1550 2582 se
1607 2525 1822 2580 Manum
1874 2525 2114 2592 vocavit,

525 2621 672 2676 inter
717 2618 937 2684 Persas,
986 2615 1132 2687 apud
1171 2631 1313 2689 quos
1341 2615 1601 2686 degebat,
1639 2615 1928 2686 disputare
1957 2613 2120 2668 insti-

528 2712 654 2766 tuit.
704 2709 905 2764 Verum
957 2723 1086 2763 cum
1142 2707 1348 2763 nemini
1400 2706 1664 2777 dogmata
1703 2721 1802 2761 sua
1834 2706 2116 2776 probaret,

539 2803 636 2860 sed
671 2801 986 2874 quicunque
1019 2800 1325 2855 doctrinam
1361 2797 1511 2854 illius
1541 2797 1858 2863 audiebant,
1887 2799 2118 2855 moleste

531 2894 759 2957 ferrent,
804 2906 868 2947 ac
913 2891 1158 2948 novitate
1199 2891 1317 2961 ipsa
1360 2891 1758 2962 horrendisque
1804 2891 1914 2947 illis
1959 2899 2014 2946 et
2048 2891 2117 2947 ad

528 2981 917 3053 decipiendum
959 2980 1283 3050 compositis
1321 2980 1524 3036 fabulis
1567 2994 1633 3036 ac
1683 2980 1916 3035 vocibus
1950 2981 2116 3036 vehe-

2296 2532 2370 2580 A'.
2399 2528 2570 2583 Πάλιν
2629 2523 2722 2583 οὖν
2760 2528 3106 2600 Κούϐρικος,
3161 2532 3190 2584 6
3234 2531 3426 2584 ἑαυτὸν
3469 2530 3826 2602 ἐπονομάσας

2227 2617 2444 2690 Μάνην,
2480 2621 2538 2673 ἐν
2561 2619 2743 2685 αὐτοῖς
2782 2620 2957 2690 διῆγε,
2983 2621 3078 2675 καὶ
3108 2623 3166 2675 ἐν
3186 2621 3369 2686 αὐτοῖς
3393 2621 3676 2690 διελέγετο.
3704 2623 3825 2677 Καὶ

2227 2710 2302 2775 ὡς
2336 2712 2510 2776 οὐδεὶς
2535 2712 2684 2783 αύτῷ
2714 2711 2983 2781 ἐπείθετο,
3021 2712 3160 2767 ἀλλά
3194 2713 3483 2778 ἀκούοντες
3510 2712 3825 2784 Μανιχαίου

2232 2805 2617 2870 διδασκαλίαν,
2679 2807 3010 2878 ἐδυσφόρουν
3063 2808 3188 2879 μὲν,
3246 2807 3339 2861 καί
3379 2806 3829 2872 ἐξενολεκτοῦντο

2226 2899 2429 2962 πάντες
2459 2899 2553 2952 ἐπὶ
2588 2901 2656 2971 τῇ
2707 2899 3029 2970 καινοτομίᾳ
3063 2899 3158 2953 καὶ
3194 2899 3338 2970 δεινῇ
3370 2898 3683 2971 μυθοποιίᾳ,
3723 2899 3829 2954 καὶ

2226 2993 2358 3062 κενῇ
2414 2989 2622 3062 ἀπάτῃ,
2679 2992 2708 3044 6
2748 2990 2804 3043 δὲ
2855 2989 2998 3062 ὁρῶν
3027 2989 3097 3044 τά
3137 2989 3244 3043 ἴδια
3275 2991 3374 3061 τῆς
3403 2989 3829 3060 κακομηχανίας

532 3085 748 3131 menter
796 3074 1286 3144 obstupescerent,
1336 3087 1574 3143 cumque
1606 3087 1805 3129 omnes
1828 3072 1942 3138 ille,
1977 3087 2118 3143 quos

2224 3083 2640 3154 ἀνατρεπόμενα
2691 3082 2799 3135 τῶν
2835 3081 3008 3150 λόγων
3041 3080 3362 3153 συνθήματα
3389 3098 3401 3112 ·
3430 3081 3533 3152 τὴν
3570 3081 3828 3136 διάνοιαν

528 3170 600 3223 de
631 3165 800 3236 impio
825 3171 1141 3226 commento
1175 3178 1465 3220 sermones
1495 3163 1754 3231 habebat,
1774 3162 1946 3219 refelli
1966 3178 2122 3220 ever-

533 3258 686 3328 tique
732 3264 1020 3324 cerneret;
1064 3256 1414 3312 occasionem
1443 3255 1738 3326 quamdam
1769 3255 2120 3326 excogitavit,

531 3365 632 3420 per
654 3364 821 3420 quam
854 3349 1194 3405 inanissimis
1219 3348 1326 3403 illis
1377 3354 1433 3402 et
1457 3347 1526 3402 ad
1555 3354 1834 3419 stuporem
1857 3347 2114 3402 conﬁctis

534 3442 736 3497 fabulis
765 3441 1154 3497 auctoritatem
1195 3439 1516 3496 ascisceret.
1552 3438 1689 3495 Cum
1719 3437 1865 3496 enim
1901 3451 2124 3508 percre-

532 3533 765 3598 buisset,
809 3533 1104 3590 Persarum
1151 3533 1297 3604 regis
1331 3531 1504 3588 lilium
1530 3531 1769 3602 quadam
1797 3531 2125 3602 aegritudine

529 3634 846 3696 correptum
905 3625 964 3680 in
1019 3625 1167 3696 regia
1235 3624 1530 3680 Persarum
1592 3625 1730 3679 urbe
1794 3623 2126 3679 decumbere

535 3723 742 3788 (neque
768 3717 914 3772 enim
959 3715 1149 3770 Manes
1190 3715 1302 3770 illic
1331 3715 1582 3786 degebat,
1614 3716 1711 3770 sed
1741 3715 1852 3769 alio
1885 3713 2125 3784 quodam

537 3808 739 3861 inloco
772 3806 840 3860 ab
871 3805 1015 3877 regis
1053 3805 1177 3858 aula
1211 3804 1449 3876 dissito),
1475 3811 1788 3861 excecante
1831 3804 1982 3858 illum
2019 3804 2125 3857 im-

535 3897 810 3967 probitate
852 3912 974 3962 sua,
1030 3903 1185 3952 ratus
1235 3914 1289 3952 Ill
1341 3897 1459 3952 heri
1511 3897 1598 3953 sui
1650 3895 1962 3961 Tcrbinthi,
2006 3895 2126 3951 sive

538 3986 761 4054 Buddae,
793 3987 890 4058 qui
917 3994 975 4044 et
1011 3984 1297 4058 Scythiani
1327 3987 1503 4044 haeres
1533 3987 1734 4052 fuerat,
1771 3987 1928 4043 libris
1962 4000 2126 4056 posse

535 4095 599 4135 se
655 4079 722 4134 ad
772 4079 1079 4134 sanandum
1133 4080 1281 4152 regis
1336 4079 1507 4135 ﬁlium
1567 4079 1812 4135 remedia
1872 4079 2124 4150 quazdam

539 4172 809 4238 invenire,
839 4187 908 4227 ex
937 4172 1072 4228 urbe
1113 4187 1214 4229 sua
1257 4171 1540 4242 digressus
1569 4171 1638 4226 ad
1661 4174 1865 4242 regiam
1892 4179 2126 4226 conten-

538 4263 657 4328 dit,
693 4280 758 4319 ac
791 4279 1057 4336 quorsum
1079 4265 1319 4321 venisset
1351 4265 1627 4337 aperiens,
1655 4272 1864 4321 certam
1899 4265 2010 4320 lilio
2041 4279 2125 4320 re-

540 4356 626 4424 gis
652 4371 811 4425 opem
864 4355 1155 4426 promittit.
1203 4353 1311 4410 Sed
1345 4370 1474 4426 spes
1522 4355 1878 4426 impostorem
1909 4353 2122 4412 fefellit.

539 4445 674 4501 Nam
715 4462 840 4502 cum
868 4462 1017 4518 aegro
1050 4447 1448 4503 medicamenta
1483 4448 1731 4520 quaedam
1756 4447 2122 4512 adhibuisset,
2160 4437 2202 4491 Ι)

538 4540 956 4610 exspectatione
1007 4555 1109 4596 sua
1162 4539 1464 4596 frustratus
1515 4549 1646 4596 est:
1680 4541 1816 4596 adeo
1867 4546 1927 4594 ut
1980 4540 2125 4594 inter

495 4655 502 4663 -
541 4631 689 4685 illius
718 4647 915 4688 manus
944 4633 1266 4689 adolescens
1300 4639 1582 4702 postremo
1610 4633 1682 4689 sit
1712 4641 1985 4700 mortuus,
2015 4647 2126 4703 quo

540 4737 679 4777 vana
716 4723 890 4794 ipsius
920 4738 984 4779 ac
1012 4724 1295 4780 mendacia
1323 4724 1594 4794 promissa
1643 4723 2122 4778 convincerentur.

542 4814 667 4870 Haec
725 4831 851 4871 cum
908 4817 983 4870 ita
1036 4816 1426 4886 contigissent,
1464 4817 1628 4888 622
1657 4815 1820 4885 jussu
1874 4815 2018 4886 regis
2069 4814 2123 4868 in

539 4909 759 4963 vincula
789 4909 1106 4979 conjicitur.
1140 4909 1327 4979 Neque
1355 4909 1502 4964 enim
1538 4908 1832 4964 Persarum
1869 4920 2028 4976 reges
2070 4906 2126 4960 in

540 4998 812 5068 gravioris
843 5001 1027 5054 delicti
1059 5015 1183 5055 reos
1217 4999 1454 5056 subinde
1489 4998 1759 5069 supplicia
1789 4997 2126 5063 decernunt;

541 5091 635 5146 sed
682 5091 1028 5160 quuisitiori
1071 5091 1310 5161 quodam
1345 5091 1540 5148 mortis
1569 5090 1880 5161 excogitato
1904 5103 2126 5160 genere,

544 5179 836 5234 tormentis
887 5179 1039 5249 prius
1081 5183 1205 5266 illos
1240 5197 1308 5238 ac
1343 5183 1634 5252 (λυπειίοηί
1668 5181 1992 5252 subjiciunt.
2025 5178 2128 5243 llic

544 5274 708 5344 igitur
739 5272 957 5327 illorum
985 5288 1104 5328 mos
1131 5282 1236 5328 est.

612 5446 678 5500 V.
715 5447 786 5500 At
840 5446 1044 5512 Manes,
1072 5447 1187 5504 sive
1223 5445 1515 5511 Cubricus,
1562 5449 1784 5504 interim
1813 5449 1867 5502 in
1900 5463 2126 5503 carcere

542 5539 912 5603 detinebatur,
965 5540 1055 5595 ubi
1092 5539 1244 5594 illum
1272 5538 1525 5609 discipuli
1555 5540 1676 5611 ejus
1707 5540 2004 5596 identidem
2041 5541 2126 5595 in-

544 5631 810 5685 visebant.
862 5630 981 5685 Jam
1036 5633 1180 5688 cnim
1234 5645 1411 5695 suam,
1467 5638 1526 5684 ut
1563 5631 1634 5684 ita
1663 5630 1865 5696 dicam,
1901 5647 2120 5686 manum

619 5786 634 5817 ¹
668 5783 791 5839 For.
826 5787 1066 5839 δύναται.
1148 5788 1168 5819 ³
1207 5785 1333 5839 For.
1370 5784 1462 5838 καὶ
1491 5785 1653 5840 ἀτοπ.

2227 3172 2542 3242 κεπφωθείς
2593 3172 2805 3226 ἐπενόει
2857 3170 3036 3244 ἐαυτῷ
3079 3171 3351 3244 πρόφασίν
3385 3189 3526 3236 τινα,
3561 3172 3630 3226 δι’
3658 3169 3728 3244 ἦς
3763 3173 3830 3227 τὸ

2231 3264 2364 3319 ῐδιον
2396 3263 2782 3335 πλασματικῆς
2814 3263 3233 3334 δεινοποιήσεως
3270 3262 3476 3334 ταύτης
3508 3264 3826 3334 συστήσειε.

2229 3355 2343 3410 Καὶ
2373 3357 2562 3426 φήμης
2599 3355 2958 3426 διαδοθείσης,
3006 3355 3083 3418 ὡς
3121 3356 3150 3408 6
3189 3354 3307 3419 υίὸς
3334 3355 3428 3409 τοῦ
3456 3355 3565 3408 τῶν
3595 3354 3829 3426 Περσῶν

2232 3447 2499 3520 βασιλέως
2522 3447 2660 3518 ὰλγή
2671 3447 2801 3519 ματί
2828 3463 2930 3500 τινι
2973 3445 3388 3518 περιπέπτωκε,
3417 3447 3512 3500 καὶ
3537 3445 3831 3500 κατέκειτο

2230 3543 2289 3594 ἐν
2316 3542 2382 3612 τῇ
2420 3540 2779 3613 βασιλευούσῃ
2809 3538 3068 3608 Περσίδος
3105 3538 3259 3592 πόλει
3300 3537 3382 3609 (ού
3436 3537 3562 3609 γὰρ·
3586 3539 3767 3591 ἐκεῖσε
3797 3539 3830 3591 6

2231 3631 2424 3701 Μάνης
2461 3628 2754 3700 διέτριϐεν,
2786 3627 2923 3682 ἀλλὰ
2962 3626 3098 3696 άλλη
3141 3643 3243 3679 που
3271 3625 3380 3679 ἀπὸ
3404 3624 3689 3696 πόρρωθεν
3724 3623 3829 3693 τῆς

2231 3717 2326 3771 τοῦ
2388 3717 2701 3789 βασιλέως)·
2756 3717 2862 3770 ὑπὸ
2903 3717 3001 3787 τῆς
3041 3715 3178 3780 ἰδίας
3227 3714 3428 3778 κακίας
3469 3711 3827 3783 τυφλώττων,

2232 3810 2324 3864 καὶ
2351 3810 2580 3881 νομίσας
2627 3809 2699 3880 μή
2745 3825 2832 3862 πω
2860 3809 2952 3878 ἀφ’
2984 3801 3060 3862 ὧν
3101 3801 3227 3878 εὗρε
3259 3806 3479 3877 βιϐλίων
3502 3805 3598 3859 τοῦ
3627 3803 3829 3858 ἐαυτοῦ

2229 3903 2492 3957 δεσπότου
2519 3901 2838 3974 Τερϐίνθου,
2873 3900 2968 3955 τοῦ
2999 3901 3095 3956 καὶ
3121 3900 3344 3965 Βουδδᾶ,
3377 3900 3621 3971 διαδόχου
3648 3898 3706 3952 δὲ
3725 3898 3830 3952 τοῦ

2233 3991 2572 4059 Σκυθιανοῦ,
2627 3991 2886 4046 δύνασθαί
2929 3993 2945 4023 ί
2996 4009 3117 4046 τινα
3157 3991 3362 4062 ἰάματα
3399 3990 3697 4062 ἐνεργῆσαι
3742 3989 3831 4053 εἰς

2231 4086 2323 4142 τὸν
2350 4086 2445 4140 τοῦ
2488 4084 2924 4157 βασιλέωςύἱὺν,
2960 4081 3186 4153 ἀπαίρει
3229 4081 3295 4134 ἐκ
3335 4079 3431 4134 τοῦ
3470 4079 3602 4134 ἰδίου
3631 4079 3826 4145 τόπου,

2233 4179 2328 4232 καί
2349 4179 2514 4249 ὁρμᾷ,
2546 4177 2640 4231 καί
2655 4175 2934 4246 τολμήσας
2967 4173 3163 4245 μηνύει
3189 4172 3258 4226 τὰ
3291 4171 3421 4243 περὶ
3445 4170 3829 4240 ἐαυτοῦ,,ώφε-

2233 4270 2344 4323 λεῖν
2382 4267 2871 4339 ἐπαγγελλόμενος.
2925 4265 3066 4319 Ἀλλ’
3079 4265 3137 4318 οὐ
3171 4262 3531 4337 προεχώρησε
3563 4262 3641 4334 τῷ
3666 4263 3828 4333 γόητι

2233 4363 2268 4431 ή
2329 4362 2428 4432 τῆς
2480 4361 2696 4424 ἐλπίδος
2743 4359 3037 4429 φαντασία.
3099 4357 3384 4429 Ίῐμϐροτε
3439 4357 3550 4428 γὰρ
3589 4355 3696 4410 ἀπὸ
3722 4356 3830 4426 τῆς

2232 4451 2564 4524 καραδοκίας
2599 4451 2724 4505 τινά
2756 4450 2873 4521 εῐδη
2901 4449 3356 4522 φαρμακευτικῆς
3387 4449 3724 4520 προενέγκας
3746 4448 3832 4519 τῷ

2233 4539 2646 4613 νοσηλευομένῳ
2705 4539 2858 4594 παιδὶ
2901 4537 2998 4592 τοῦ
3053 4535 3337 4608 βασιλέως.
3371 4535 3537 4598 Τέλος
3578 4532 3708 4603 γοῦν
3745 4534 3833 4598 εἰς

2233 4631 2331 4695 τὰς
2354 4634 2544 4704 χεῖρας
2566 4629 2733 4685 αὐτοῦ
2767 4629 2994 4700 θνήσκει
3020 4628 3079 4682 τὸ
3099 4627 3407 4699 μειράκιον,
3444 4625 3533 4678 ἵνα
3551 4625 3728 4679 πάντα
3753 4623 3830 4678 τὰ

2237 4723 2376 4796 μετά
2415 4723 2510 4774 τοῦ
2543 4721 2769 4791 ψεύδους
2792 4717 3137 4795 διελέγχηται
3170 4717 3375 4787 μάταια
3406 4715 3827 4786 ἐπαγγέλματα.

2245 4819 2334 4881 Ὠς
2365 4816 2422 4870 δὲ
2450 4813 2609 4869 τοῦτο
2657 4811 2831 4874 οὕτως
2883 4809 3085 4880 ἀπέϐη,
3130 4806 3517 4880 προστάγματι
3562 4805 3830 4878 βασιλικῷ

2232 4907 2561 4980 ἐμϐάλλεται
2591 4906 2671 4968 εἰς
2697 4903 2758 4956 τὸ
2785 4903 3179 4973 δεσμωτήριον.
3211 4900 3286 4953 Οὐ
3311 4899 3421 4972 γὰρ
3453 4898 3616 4962 εὐθὺς
3641 4899 3690 4952 οἰ
3716 4896 3832 4952 τῶν

2230 4998 2460 5071 Περσῶν
2489 4995 2730 5067 βασιλεῖς
2755 4993 2854 5057 τὰς
2873 4993 3146 5065 τιμωρίας
3176 4991 3319 5046 κατά
3343 4990 3451 5045 τῶν
3477 4990 3576 5054 τὰς
3606 4989 3830 5061 μείζους

2231 5092 2433 5156 αἰτίας,
2454 5089 2566 5144 τῶν
2591 5088 2767 5157 ἅτοπή
2777 5103 2922 5158 ματα
2959 5085 2980 5118 ⁸
3011 5084 3262 5157 δρώντων
3277 5083 3630 5154 ἐπιφέρουσιν
3651 5101 3664 5115 ·
3689 5081 3832 5137 ἀλλὰ

2233 5183 2624 5254 περιττοτέραν
2667 5179 2793 5234 τινὰ
2818 5176 3096 5232 ἐπινοοῦσι
3135 5176 3433 5247 θανατικήν
3466 5176 3646 5246 ψῆφον
3687 5175 3828 5246 μετὰ

2236 5273 2484 5344 βασάνων
2546 5273 2673 5336 τοὺς
2728 5269 3228 5340 ἐπαπειλουμένους
3307 5266 3662 5322 διατίθεσθαι.
3714 5267 3829 5321 Καὶ

2233 5363 2407 5418 ταῦτα
2439 5362 2538 5433 μέν
2563 5360 2758 5424 οὕτως.

2306 5453 2382 5505 E'.
2419 5450 2686 5521 Ἑπέμενέ
2742 5467 2799 5503 τε
2835 5451 2900 5520 τῇ
2943 5449 3136 5520 εἱρκτῇ
3174 5446 3434 5500 διατελῶν
3477 5447 3506 5498 6
3552 5445 3764 5516 Μάνης,
3796 5447 3826 5498 ὁ

2233 5545 2326 5597 καί
2354 5543 2682 5616 Κούϐρικος,
2733 5542 2826 5596 καὶ
2852 5542 2956 5595 ὑπὸ
2993 5539 3104 5594 τῶν
3137 5540 3282 5595 ἰδίων
3316 5539 3576 5610 μαθητῶν
3603 5539 3828 5592 ἐπισκε-

2231 5633 2518 5703 πτόμενος.
2581 5632 2718 5704 Ἤδη
2765 5633 2871 5705 γὰρ
2910 5632 3211 5704 όάγύρτης
3273 5631 3606 5702 συναγήοχεν
3648 5629 3827 5702 ἐαυτῷ
