4078 6408
274 391 333 450 37
904 382 1276 444 ADVERSUS
1314 381 1658 440 llz’ERESES
1693 379 1818 436 ΜΒ.
1861 351 1930 436 ll.
1966 377 2134 436 ΤΟΜ.
2187 377 2252 432 ll.
2289 408 2348 421 —
2390 376 2665 433 ll/ERES.
2711 375 2892 432 LXVI.
3478 376 3552 430 38

280 529 522 604 στρατὸν,
575 529 648 592 ὡς
705 527 904 590 εἰπεῖν,
955 525 1048 590 οὒς
1106 523 1171 596 δὴ
1215 522 1464 595 μαθητάς
1518 519 1725 585 ἐκάλει,
1763 518 1856 573 τὸν

278 623 501 696 ἀριθμὸν
553 621 651 692 ἥδη
716 619 849 691 περὶ
903 618 998 672 δύο
1050 617 1146 671 καὶ
1188 616 1413 669 εἴκοσιν.
1468 612 1558 680 Ἐξ
1598 605 1674 667 ῶν
1704 628 1856 674 τινας

277 715 419 784 τρεῖς
471 711 854 782 ἐκλεξάμενος,
903 708 1106 778 Θωμᾶν
1148 723 1270 761 τινα
1306 704 1450 759 οὕτω
1498 703 1856 775 καλούμενον,

281 805 369 858 καὶ
406 803 692 876 Ἑρμείαν,
743 802 839 856 καὶ
873 801 1107 865 Ἀδδαν,
1152 797 1402 870 διενοήθη
1441 795 1694 869 ἀκηκοὼς
1731 793 1860 866 περὶ

279 895 544 949 τῶνκατά
577 895 676 963 τὴν
717 892 974 946 Ἰουδαίαν
1012 890 1110 946 καὶ
1152 891 1210 944 ἐν
1237 888 1345 960 ὅλῳ
1373 887 1453 960 τῷ
1481 888 1670 958 κόσμῳ
1697 884 1860 956 ἱερῶν

283 985 497 1056 βιϐλίων
521 1028 536 1052 ,
572 985 719 1057 φημὶ⁵
762 984 820 1038 δὲ
859 982 1282 1055 Χριστιανικῶν,
1323 980 1488 1051 νόμου
1515 995 1576 1031 τε
1609 979 1703 1032 καὶ
1729 993 1862 1048 προ-

280 1075 479 1147 φητῶν,
523 1072 898 1142 Εὑαγγελίων,
954 1073 1050 1126 καὶ
1109 1068 1446 1126 ἀποστόλων.
1497 1067 1634 1130 Δοὺς
1679 1067 1860 1120 τοίνυν

281 1168 496 1239 χρυσίον
523 1169 638 1230 τοῖς
664 1165 1106 1238 προειρημένοις,
1145 1164 1240 1218 ἐπὶ
1271 1163 1338 1217 τὰ
1375 1162 1517 1234 μέρη
1550 1160 1660 1214 τῶν
1699 1159 1862 1230 Ἱερο-

285 1259 522 1330 σολύμων
547 1258 855 1312 ἀπέστειλε.
879 1257 1053 1311 Τοῦτο
1079 1257 1137 1311 δὲ
1171 1256 1395 1327 ἐποίησε
1431 1253 1598 1325 πρινὴ
1638 1253 1863 1322 καθειρ-

284 1349 470 1420 χθῆναι
527 1350 588 1404 ἐν
636 1351 703 1420 τῇ
746 1344 984 1420 φυλακῇ,
1012 1349 1102 1402 ὅτε
1141 1347 1522 1418 διαλεγόμενος
1548 1344 1764 1407 πολλοῖς
1801 1342 1864 1396 τὸ

286 1440 406 1494 ἴδιον
431 1439 610 1510 δόγμα
636 1441 737 1492 οὐκ
768 1441 958 1511 ἴσχυσε
999 1439 1285 1510 συστῆσαι.
1334 1435 1613 1509 ’Δκηκοὼς
1649 1436 1708 1490 δὲ
1735 1434 1865 1505 περὶ

280 1529 532 1600 ὀνόματος
571 1528 812 1600 Χριστοῦ
842 1530 934 1583 καὶ
957 1529 1066 1583 τῶν
1092 1528 1256 1582 αὐτοῦ
1278 1527 1499 1592 δούλων,
1522 1525 1865 1598 Χριστιανῶν

280 1620 337 1674 τέ
367 1636 529 1690 φημι,
571 1618 860 1689 διεγνώκει
904 1620 993 1674 διά
1012 1619 1106 1674 τοῦ
1133 1619 1395 1690 ὀνόματος
1422 1618 1520 1689 τῆς
1555 1615 1866 1679 ὑποθέσεως

282 1714 509 1784 Χριστοῦ
539 1712 823 1784 ἀπατῆσαι
859 1713 985 1776 τοὺς
1022 1709 1491 1782 πεπλανημένους.
1522 1710 1584 1763 Ol
1611 1708 1668 1762 δὲ
1705 1709 1867 1763 ἀπελ-

282 1802 458 1870 θόντες
478 1805 766 1876 ὠνήσαντο
789 1818 804 1832 ο
833 1800 895 1854 οὐ
938 1799 1047 1872 γὰρ
1076 1799 1452 1854 ἀνεϐάλλοντο.
1483 1795 1862 1868 Παλινδρομήι

285 1912 468 1960 σαντες
515 1897 596 1960 δὲ,
635 1895 711 1958 ὡς
750 1893 812 1946 οὐ
851 1889 1365 1962 καταλαμϐάνουσιν
1399 1887 1561 1944 αὑτὸν
1589 1886 1775 1941 οὐκέτι
1808 1888 1866 1940 ἐν

283 1987 543 2060 ἐλευθέρῳ
593 1986 739 2059 ἀέρι,
796 1982 935 2039 ἀλλὰ
989 1983 1047 2035 ἐν
1092 1980 1173 2052 τῷ
1217 1978 1598 2052 δεσμωτηρίῳ,
1643 1977 1868 2031 κάκεῖσε

283 2080 633 2146 εἰσελθόντες,
696 2076 1043 2132 ἐπεδείκνυον
1087 2071 1239 2144 αὐτῷ
1278 2073 1378 2137 τὰς
1411 2071 1650 2142 βίϐλους.
1697 2070 1756 2123 '0
1785 2069 1868 2134 δὲ,

285 2172 454 2226 λαϐὼν
482 2173 579 2226 καὶ
611 2168 1005 2243 ἀνερευνήσας,
1033 2164 1488 2236 ὲρῥᾳδιούργησε,
1526 2159 1870 2233 προσπλὲξας

283 2268 348 2336 τῇ
376 2265 603 2336 ἀληθείᾳ
637 2263 698 2317 τὸ
729 2262 858 2316 ἴδιον
889 2257 1104 2329 ψεῦδος,
1125 2255 1254 2310 ἔνθα
1280 2271 1383 2309 που
1417 2245 1542 2326 εῦρε
1577 2252 1871 2325 πρόσωπον

286 2356 437 2426 λόγου
485 2357 520 2427 ἢ
587 2355 784 2425 κλῆσιν
821 2351 1129 2423 δυναμένην
1171 2349 1453 2404 ἀποτελεῖν
1483 2347 1737 2418 ὁμοίωμα
1777 2343 1869 2397 τοῦ

289 2447 444 2501 αὑτοῦ
462 2448 836 2519 φρονήματος.
863 2444 974 2498 Καὶ
1005 2440 1257 2496 ἐντεῦθεν
1285 2439 1472 2493 λοιπὸν
1508 2437 1775 2509 ἐκράτυνε
1811 2435 1872 2489 τὸ

289 2539 614 2593 ἐπίπλαστον
665 2536 761 2591 τοῦ
823 2533 990 2591 αὑτοῦ
1051 2532 1411 2604 κοσμήματος
1455 2533 1496 2584 ί.
1571 2529 1734 2583 Ἀλλά
1779 2527 1873 2582 καὶ

291 2629 488 2700 μεταξὺ
514 2631 781 2701 ἄργυρον,
806 2624 1260 2698 προσλιπαρήσας
1291 2623 1381 2676 τὸν
1421 2623 1514 2676 ἐπὶ
1537 2620 1632 2676 τοῦ
1663 2621 1874 2692 δεσμω-

286 2724 490 2795 τηρίου,
543 2722 730 2776 δίδωσι
779 2718 968 2782 πολὺν,
1032 2717 1126 2769 καὶ
1197 2715 1378 2785 φυγὰς
1439 2713 1872 2778 ἀπαλλάττεται,

288 2815 623 2885 καταλείψας
653 2813 750 2884 τὴν
777 2812 886 2866 τῶν
914 2811 1144 2884 Περσῶν
1177 2808 1385 2881 χώραν,
1420 2809 1514 2861 καὶ
1542 2809 1609 2878 τῇ
1655 2803 1875 2876 Ῥωμα-

289 2906 372 2978 vi;
421 2903 750 2977 προσέϐαλε.
797 2903 976 2958 Μέσον
1012 2903 1070 2956 δέ
1105 2903 1204 2976 ἥδη
1246 2901 1530 2972 τυγχάνων
1554 2899 1654 2970 τῆς
1686 2897 1877 2968 Μέσης

287 2999 389 3051 τῶν
428 2996 698 3067 ποταμῶν
738 2995 832 3050 καὶ
875 2995 974 3067 τῆς
1018 2995 1300 3068 Περσίδος,
1329 2993 1459 3064 περὶ
1491 2990 1591 3054 τὰς
1641 2990 1876 3061 ἐρημίας

291 3088 366 3143 ἔτι
395 3090 682 3161 ὑπάρχων,
729 3090 928 3159 ἤκουσε
970 3087 1097 3159 περὶ
1139 3085 1377 3157 μεγάλου
1411 3083 1554 3147 τινὸς
1593 3081 1785 3154 ἀνδρὸς
1819 3083 1878 3134 ἐν

291 3183 572 3254 θεοσεϐείᾳ
607 3179 886 3252 ἀκροτάτῃ
934 3177 1352 3248 διαπρέποντος,
1399 3171 1722 3245 Μαρκέλλου
1757 3167 1880 3222 τοῦ-
1909 3190 1951 3249 C

291 3291 444 3346 νομα,
485 3270 876 3334 κατοικοῦντος
921 3270 977 3323 ἐν
1018 3267 1285 3340 Κασχάρῃ
1317 3265 1468 3319 πόλει
1505 3264 1606 3334 τῆς
1631 3263 1877 3315 Μεσοπο-

292 3365 507 3435 ταμίας,
569 3363 629 3426 ὃς
672 3357 740 3433 ἦν
804 3360 943 3432 ἀνὴρ
974 3359 1118 3414 κατὰ
1161 3359 1340 3412 πάντα
1386 3352 1731 3426 Χριστιανὸς,
1784 3351 1877 3404 καὶ

294 3452 467 3524 ἔργοις
531 3447 887 3520 δικαιοσύνης
945 3445 1403 3518 θαυμασιώτατος
1434 3483 1449 3509 ,
1514 3443 1714 3514 χήραις
1778 3441 1877 3510 μὲν

295 3544 548 3616 ἐπαρκῶν
571 3543 664 3596 καὶ
685 3541 937 3611 πένησιν,
977 3540 1232 3611 ὀρφανοῖς
1259 3537 1315 3591 δὲ
1347 3535 1443 3591 καὶ
1481 3537 1596 3598 τοῖς
1629 3531 1878 3603 ἐνδεομέο

294 3653 426 3699 νοις·
467 3634 763 3689 διανοεῖται
814 3629 1150 3702 προσπλέξαι
1214 3628 1350 3699 πρὸς
1408 3626 1498 3680 τὸν
1555 3624 1745 3696 ἄνδρα,
1789 3623 1878 3688 ἵν’,

297 3727 607 3800 ὑποχείριον
649 3724 836 3779 τοῦτον
888 3723 1254 3794 κτησάμενος,
1303 3718 1560 3791 δυνηθείη
1603 3717 1671 3771 δι’
1713 3714 1878 3769 αὐτοῦ

298 3821 560 3891 κατάρξαι
581 3819 643 3872 οὐ
671 3818 832 3890 μόνον
864 3815 962 3888 τῆς
1007 3811 1455 3882 Μεσοποταμίας,
1479 3808 1618 3865 ἀλλά
1657 3809 1751 3862 καὶ
1786 3806 1880 3860 τοῦ

299 3907 556 3978 κλίματος
582 3904 783 3969 παντὸς
807 3903 900 3958 τοῦ
934 3902 1072 3975 πρὸς
1097 3901 1194 3974 τὴν
1215 3900 1414 3973 Συρίαν
1430 3916 1490 3952 τε
1523 3899 1619 3952 καὶ
1662 3898 1879 3968 Ῥωμα-

301 3997 430 4051 νίαν.
460 3995 675 4068 Γράφει
713 3994 769 4048 δέ
805 3991 954 4064 αὐτῷ
981 3989 1276 4062 ἐπιστολὴν
1300 3989 1444 4043 οὕτω
1480 3987 1570 4042 διὰ
1594 3986 1883 4058 Τύρϐωνός

300 4105 437 4152 τινος
497 4088 611 4141 τῶν
659 4085 824 4140 αὐτοῦ
883 4082 1144 4156 μαθητῶν
1184 4082 1292 4136 ἀπὸ
1343 4081 1438 4135 τοῦ
1492 4081 1728 4152 πέρατος
1787 4077 1884 4131 τοῦ

303 4178 553 4250 Στράγγα
588 4175 858 4247 ποταμοῦ,
893 4175 1002 4229 ἀπὸ
1033 4172 1330 4228 καστέλλου
1368 4171 1700 4243 ’Δραϐίωνος
1741 4168 1886 4223 οὕτω

302 4271 635 4343 καλουμένου
664 4286 681 4302 ο
731 4271 855 4340 ἦτις
896 4269 931 4340 ἡ
972 4265 1230 4337 ἐπιστολὴ
1280 4266 1523 4336 περιεῖχε
1578 4263 1727 4317 τάδε.
1776 4261 1886 4315 Καί

306 4381 390 4436 μοι
419 4363 604 4418 λαϐὼν
649 4361 922 4431 ἀνάγνωθι
961 4359 1024 4414 τὸ
1073 4358 1417 4431 ἐπιτήδευμα
1455 4356 1560 4427 τῆς
1611 4355 1706 4410 τοῦ
1745 4355 1889 4408 ἀπα-

302 4457 490 4522 τεῶνος
523 4454 850 4529 μοχθηρίας.
955 4461 967 4472 ⁴

466 4635 804 4704 Μανιχαίου
833 4631 984 4703 πρὸς
1017 4629 1378 4700 Μάρκελλον
1405 4624 1724 4693 ἐπιστολή.

374 4750 462 4815 εἷ’.
494 4748 796 4817 Μανιχαῖος
837 4744 1133 4808 ἀπόστολος
1182 4739 1356 4814 Ἰησοῦ
1407 4738 1669 4814 Χριστοῦ,
1709 4739 1805 4792 καὶ
1843 4738 1892 4790 οἱ

309 4839 402 4892 σὺν
450 4839 578 4911 ἐμοὶ
643 4831 845 4902 πάντες
898 4836 1056 4904 ἅγιοι
1095 4834 1192 4888 καὶ
1245 4831 1527 4905 παρθένοι,
1576 4824 1894 4902 ’Μαρκέλλῳ

305 4932 478 5002 τέκνῳ
521 4929 795 5002 ἀγαπητῷ
822 4928 1000 5002 χάρις,
1044 4927 1214 4991 ἐλεος,
1249 4925 1441 4998 εἰρήνη
1468 4923 1580 4977 ἀπὸ
1609 4921 1744 4976 Θεοῦ
1779 4922 1891 4975 Πασ-

308 5023 430 5095 τρὸς
460 5023 557 5076 καὶ
594 5021 798 5092 Κυρίου
829 5019 986 5091 ἡμῶν
1025 5016 1202 5087 Ἰησοῦ
1238 5015 1478 5087 Χριστοῦ
1499 5030 1515 5046 ο
1561 5013 1657 5066 καὶ
1686 5013 1721 5085 ἡ
1747 5012 1896 5080 δεξιὰ

308 5115 398 5168 τοῦ
423 5115 604 5178 Φωτὺς
644 5113 966 5184 διατηρήσοι
1013 5127 1072 5164 σε
1105 5108 1214 5162 ἀπὸ
1249 5107 1345 5161 τοῦ
1371 5103 1669 5170 ἐνεστῶτος
1707 5105 1902 5168 αἰῶνος

313 5208 569 5281 πονηροῦ,
609 5207 703 5260 καὶ
747 5206 856 5259 τῶν
887 5200 1312 5274 συμπτωμάτων
1335 5199 1521 5266 αὑτοῦ,
1545 5198 1640 5253 καὶ
1660 5198 1904 5266 παγίδων

309 5297 400 5350 τοῦ
431 5296 688 5368 πονηροῦ.
731 5295 924 5366 Ἀμήν.

379 5389 490 5461 Τὴν
525 5389 620 5459 μὲν
671 5389 801 5460 περὶ
841 5387 900 5439 σὲ
933 5386 1159 5456 ’ἀγάπην
1189 5382 1452 5455 μεγίστην
1502 5374 1669 5433 οὖσαν
1699 5378 1893 5450 αἰσθη-

314 5477 423 5543 θεὶς
449 5480 570 5533 λίαν
593 5479 796 5550 ἐχάρην
819 5495 833 5509 ⁸
880 5477 980 5548 τὴν
1009 5476 1067 5530 δὲ
1096 5474 1278 5529 πίστιν
1301 5473 1401 5525 οὐκ
1437 5469 1602 5524 οὖσαν
1633 5471 1774 5523 κατὰ
1803 5468 1894 5522 τὸν

316 5572 469 5642 ἐρθὸν
521 5573 676 5642 λόγον
715 5569 1013 5643 ἠχθέσθην.
1047 5566 1214 5622 Ὅθεν
1241 5563 1377 5636 πρὸς
1403 5562 1774 5632 ἐπανόρθωσιν
1799 5560 1893 5612 τοῦ

316 5665 418 5719 τῶν
438 5665 737 5737 ἀνθρώπων
766 5665 954 5733 γένους
973 5658 1320 5722 ἀποσταλεὶς,
1353 5653 1667 5728 φειδόμενός
1693 5668 1751 5704 τε
1787 5650 1893 5703 τῶν

393 5828 408 5856 ⁸
442 5839 529 5891 π).
558 5823 924 5892 βοσκήματος.

1891 506 1930 558 Α
1960 495 2262 550 circulator
2295 495 2396 550 iste
2429 494 2748 564 collegerat,
2788 506 2928 562 quos
2964 486 3268 559 discipulos
3301 489 3554 543 nomina-

1959 587 2074 653 bat,
2107 587 2250 642 duos
2279 600 2346 641 ac
2378 586 2592 656 viginti.
2625 583 2870 650 Quorum
2902 600 2933 640 c
2963 598 3196 639 numero
3222 590 3336 636 tres
3363 582 3553 653 elegit,

1961 675 2252 745 Thomam,
2311 677 2600 733 l‘lermeam
2653 684 2710 733 et
2763 677 2994 731 Addam.
3050 677 3130 731 Ac
3191 693 3315 731 cum
3370 678 3560 730 animo

1961 776 2235 838 repeteret
2280 784 2405 839 quae
2451 768 2521 823 de
2567 769 2743 824 sacris
2786 767 3231 823 Christianorum
3266 769 3424 823 libris
3455 783 3557 820 au-

1959 859 2159 924 dierat,
2207 859 2300 929 qui
2360 858 2416 913 in
2463 857 2648 913 Judara
2698 866 2926 928 totoque
2971 867 3241 912 terrarum
3282 859 3418 913 orbe
3446 859 3559 912 cir-

1961 933 2433 1014 cumferebantur,
2464 950 2570 1006 hoc
2597 957 2683 1006 est
2712 951 2850 1021 lege,
2891 949 3194 1020 prophetis,
3245 949 3560 1023 Evangeliis

1962 1041 2459 1112 apostolorumque
2509 1041 2758 1111 scriptis,
2803 1047 3090 1096 numerata
3152 1041 3384 1111 pecunia
3431 1040 3560 1095 llic—

1963 1131 2300 1203 rosolymam
2360 1131 2488 1186 illos
2549 1131 2770 1199 allegat.
2832 1129 2942 1184 Sed
2995 1130 3098 1184 hoc
3152 1138 3281 1184 ante
3332 1130 3560 1195 fecerat,

1963 1237 2131 1292 quam
2197 1221 2255 1276 in
2315 1236 2595 1277 carcerem
2659 1221 3071 1291 conjiceretur,
3132 1221 3356 1291 quando
3415 1221 3559 1292 apud

1966 1313 2170 1367 multos
2210 1311 2377 1366 verba
2432 1312 2643 1368 faciens
2691 1311 2890 1382 dogma
2941 1325 3102 1365 suum
3153 1313 3389 1380 probare
3447 1326 3557 1365 non

1965 1412 2199 1476 poterat.
2272 1403 2642 1471 Quamobrem
2697 1403 2884 1458 audito
2923 1403 3128 1457 (Iliristi
3172 1403 3402 1472 ejusque
3446 1418 3563 1457 ser-

1969 1512 2186 1561 vorum,
2243 1497 2348 1551 hoc
2390 1506 2476 1553 est
2524 1495 2987 1560 Christianorum,
3023 1494 3280 1558 nomine,
3314 1494 3416 1548 hac
3445 1495 3564 1564 ipsa

1969 1586 2336 1659 professionis
2385 1587 2551 1656 hujus
2603 1586 2968 1658 appellatione
3015 1584 3082 1639 ad
3119 1585 3428 1640 illudendos
3462 1585 3557 1640 lio-

1968 1682 2146 1736 mines
2179 1680 2333 1735 abuti
2383 1680 2596 1735 statuit.
2628 1678 2867 1734 Profecti
2898 1678 3084 1748 itaque
3113 1678 3366 1747 discipuli
3393 1678 3567 1734 libros

1971 1773 2098 1830 illos
2154 1773 2307 1827 nulla
2358 1771 2685 1842 interposita
2717 1784 2871 1825 mora
2900 1754 3180 1826 edemunt.
3236 1769 3445 1825 Deinde
3498 1770 3567 1824 ad

1897 1848 1941 1904 Β
1974 1865 2298 1935 magistrum
2350 1864 2556 1920 reversi
2613 1863 2726 1934 jam
2796 1877 2922 1918 eum
2976 1863 3230 1918 libertate
3287 1863 3564 1932 privatum

1969 1964 2135 2027 atque
2183 1957 2238 2012 in
2284 1970 2563 2012 carcerem
2609 1962 2960 2026 compactum
2997 1956 3298 2026 reperiunt.
3334 1953 3457 2021 Quo
3491 1954 3561 2009 ad

1971 2049 2122 2102 illum
2178 2047 2412 2119 ingressi
2444 2046 2904 2102 libros'oﬁ‘erunt.
2959 2045 3172 2112 Quibus
3215 2047 3457 2117 acceptis
3487 2059 3554 2102 ac

1971 2139 2265 2211 diligenter
2305 2138 2562 2204 evolutis,
2607 2138 2751 2191 mala
2788 2137 2893 2192 ﬁde
2923 2138 3182 2207 pleraque
3211 2137 3560 2207 depravavit,

1970 2230 2189 2286 veritati
2244 2227 2590 2283 mendacium
2636 2242 2797 2282 suum
2853 2227 3149 2281 admiscuit
3187 2269 3204 2294 ,
3251 2228 3574 2298 ubicunque

1972 2321 2215 2391 speciem
2265 2320 2514 2390 aliquam
2573 2318 2843 2374 orationis
2891 2319 3425 2391 appellationcmque
3477 2333 3575 2374 na-

1972 2422 2099 2469 ctus
2139 2421 2228 2468 est
2254 2451 2269 2476 ,
2313 2426 2435 2482 qua:
2484 2410 2736 2465 nonnihil
2779 2410 3060 2481 Opinionis
3088 2413 3216 2480 'Isuae
3251 2411 3433 2467 simile
3459 2426 3576 2482 prae

1973 2519 2036 2560 se
2072 2502 2260 2558 ferret.
2297 2501 2453 2558 Unde
2485 2509 2540 2557 et
2567 2500 2861 2557 conﬁctam
2889 2501 3152 2572 deinceps
3178 2518 3209 2556 a
3241 2518 3300 2560 se
3331 2503 3576 2558 fabulam

1985 2595 2258 2652 allii-mare
2299 2603 2534 2652 conatus
2562 2602 2667 2651 est.
2704 2595 2930 2650 Interim
2969 2595 3174 2666 ingenti
3213 2596 3577 2667 pecuniarum

1977 2691 2030 2746 vi
2096 2689 2448 2758 assiduisque
2501 2689 2758 2760 precibus
2819 2697 3047 2744 exorato
3089 2687 3576 2743 commentariensi

1979 2782 2168 2854 fugam
2208 2782 2425 2852 arripit,
2461 2797 2525 2836 ac
2555 2781 2743 2837 relicta
2779 2779 3006 2835 Perside
3038 2777 3410 2834 Romanorum
3442 2779 3580 2835 ﬁncs

1979 2870 2318 2942 ingreditur.
2381 2871 2633 2941 Cumque
2665 2870 2777 2939 jam
2828 2869 2896 2924 ad
2941 2869 3350 2940 Mesopotamiae
3395 2868 3582 2924 Persi-

1979 2961 2176 3034 disquc
2205 2960 2445 3017 conﬁnia
2483 2975 2549 3016 ac
2587 2960 2962 3025 solitudinem,
2999 2974 3123 3030 qua
3159 2959 3273 3014 illic
3325 2966 3432 3024 est,
3464 2974 3583 3029 per-

1981 3054 2242 3118 venisset,
2274 3053 2589 3108 nuntiatum
2610 3060 2695 3108 est
2725 3051 3244 3122 praestantissimum
3270 3051 3567 3120 quemdam

1987 3159 2112 3200 esse
2159 3145 2376 3210 virum,
2436 3155 2602 3214 atque
2658 3143 2948 3199 excellenti
3010 3144 3214 3214 pietate
3262 3142 3580 3213 praeditum,

1987 3237 2304 3292 Marcellum
2340 3237 2585 3297 nomine,
2619 3237 2712 3307 qui
2745 3235 3058 3298 Cascbaraz,
3088 3235 3234 3305 quod
3267 3234 3582 3305 Mesopota-

1988 3326 2110 3380 mia:
2143 3325 2406 3395 oppidum
2465 3333 2570 3390 est,
2627 3325 2924 3388 habitaret,
2981 3325 3162 3378 virum
3214 3323 3584 3393 undequaque

1985 3417 2403 3481 Christianum,
2475 3423 2640 3487 atque
2688 3415 2744 3470 in
2793 3415 3053 3469 omnibus
3103 3414 3332 3484 justitiae
3388 3413 3583 3470 ciliciis

1985 3508 2149 3577 plane
2207 3507 2517 3562 mirabilem
2553 3524 2566 3560 :
2598 3506 2692 3577 qui
2741 3513 2797 3561 et
2851 3505 3056 3563 viduis.
3115 3511 3171 3560 et
3225 3505 3582 3575 pauperibus,

1989 3615 2204 3656 necnon
2262 3607 2317 3655 et
2346 3599 2637 3670 orplianis,
2669 3614 2734 3654 ae
2761 3596 3003 3667 denique
3053 3596 3429 3668 indigentibus
3473 3595 3585 3650 Iar-

1990 3696 2220 3765 giretur.
2271 3692 2352 3747 Ad
2389 3680 2542 3746 hunc
2574 3690 2746 3762 igitur
2787 3690 3063 3761 applicare
3095 3705 3154 3746 se
3179 3687 3344 3760 623
3377 3688 3586 3742 consti-

1990 3778 2119 3846 tuit,
2176 3787 2236 3834 ut
2278 3792 2404 3833 cum
2451 3777 2755 3833 obnoxium
2807 3775 2910 3831 sibi
2956 3775 3238 3830 hominem
3275 3773 3584 3838 habuisset,

1991 3889 2103 3929 non
2151 3873 2206 3928 in
2254 3871 2649 3942 Mesopotamia
2681 3868 2867 3934 modo,
2911 3867 3007 3924 sed
3048 3874 3104 3922 et
3133 3875 3251 3921 toto
3283 3865 3377 3920 illo
3412 3863 3588 3935 Syriae

1992 3964 2337 4035 Romanique
2375 3961 2589 4033 imperii
2628 3968 2810 4016 tractu
2843 3958 3116 4015 dominari
3163 3964 3372 4028 posset.
3428 3955 3582 4022 Quo-
3636 3996 3645 4007 .

1992 4058 2142 4112 circa
2169 4054 2443 4126 ejusmodi
2476 4053 2546 4108 ad
2577 4052 2730 4106 illum
2760 4051 3051 4122 epistolam
3078 4050 3293 4114 scribit,
3323 4063 3420 4119 per
3441 4047 3588 4101 Tur;

1993 4149 2191 4204 bouem
2242 4147 2561 4218 quemdam,
2591 4159 2762 4199 unum
2791 4159 2854 4200 ex
2888 4141 3182 4212 discipulis
3215 4140 3356 4206 suis,
3396 4154 3463 4194 ex
3497 4153 3590 4194 ea-

1995 4241 2156 4297 stello
2203 4238 2502 4302 Arabione,
2553 4237 2701 4308 quod
2737 4236 2803 4292 ad
2834 4237 3130 4304 Strangam
3165 4232 3392 4288 ﬂuvium
3422 4231 3588 4285 situm

1994 4342 2081 4391 est
2111 4351 2126 4389 :
2162 4331 2394 4403 epistola
2439 4345 2608 4401 porro
2660 4332 2736 4384 ita
2769 4344 2892 4384 sese
2933 4327 3190 4382 habebat.
3239 4325 3413 4390 Quam
3444 4331 3501 4376 tu
3536 4324 3590 4376 in

1994 4440 2195 4481 manus
2225 4423 2504 4494 accipiens
2530 4421 2854 4491 inipostoris
2895 4420 3045 4475 illius
3068 4417 3322 4473 callidam
3353 4429 3418 4469 ac
3445 4421 3588 4469 vete-

1919 4541 1962 4596 ι)
2005 4518 2264 4575 ratoriam
2302 4525 2476 4570 artem
2512 4513 2742 4585 legendo
2772 4512 3116 4581 cognoscito.

2290 4631 2582 4688 Manicha'i
2611 4632 2680 4684 ad
2710 4628 3029 4684 Marcellum
3057 4625 3304 4697 epistola.

2070 4747 2159 4803 τι.
2217 4745 2556 4802 Manichacus
2597 4743 2883 4814 apostolus
2930 4740 3064 4796 Jesu
3115 4739 3356 4804 Christi,
3403 4743 3457 4792 et
3495 4735 3591 4806 qui

1999 4852 2214 4893 mecum
2259 4843 2390 4891 sunt
2429 4833 2612 4889 sancti
2679 4846 2871 4888 omnes
2910 4839 2968 4886 et
3010 4828 3286 4900 virgines,
3337 4826 3600 4882 Marcello

2001 4931 2112 4986 ﬁlio
2141 4929 2495 4994 charissimo,
2529 4925 2730 4998 gratia,
2786 4922 3194 4998 misericordia,
3246 4936 3351 4992 pax
3402 4935 3434 4974 a
3483 4919 3598 4974 Deo

2000 5022 2164 5078 Patre
2210 5029 2266 5078 et
2311 4995 2553 5075 Domino
2588 5026 2781 5073 nostro
2805 4995 2938 5072 Iesu
2965 5014 3219 5082 Christo;
3254 5022 3399 5070 acte
3431 5011 3595 5066 Lucis

2002 5111 2231 5168 dextera
2265 5108 2543 5166 custodiat
2575 5124 2606 5162 a
2635 5106 2892 5180 praesenti
2918 5107 3120 5164 saeculo
3149 5121 3406 5179 nequam,
3444 5104 3594 5174 ejus-

2002 5221 2111 5277 que
2142 5203 2388 5270 casibus,
2412 5211 2461 5259 el
2507 5202 2718 5274 laqueis
2752 5203 2999 5275 maligni.
3031 5202 3224 5258 Amen.

2076 5375 2234 5442 Quod
2268 5382 2321 5432 te
2346 5391 2562 5433 summa
2585 5377 2857 5434 charitate
2885 5374 3173 5447 praeditum
3195 5387 3318 5429 esse
3339 5372 3594 5442 cognovi,

2005 5470 2362 5539 vehementer
2426 5485 2550 5525 sum
2605 5471 2850 5542 gavisus.
2917 5467 3070 5536 Quod
3125 5479 3257 5521 vero
3293 5480 3400 5519 non
3432 5474 3600 5518 rectae

2003 5557 2207 5611 rationi
2261 5571 2694 5615 consentancam
2755 5559 2914 5614 ﬁdem
2977 5555 3272 5627 proﬁteris,
3339 5552 3596 5624 equidem

2003 5650 2176 5706 dolui.
2237 5649 2610 5718 Quamobrem
2679 5666 2806 5706 cum
2865 5649 2934 5703 ad
2989 5644 3373 5718 corrigendum
3425 5658 3596 5717 genus
