4078 6406
528 348 600 406 59
746 409 756 419 _
1929 352 1986 409 s.
2031 352 2373 410 EPlPlMNll
2452 320 2459 325 ’
2568 378 2574 391 ρ

3749 372 3828 431 60

527 472 832 526 humanum
899 470 1105 526 missus
1162 468 1383 537 fuerim,
1418 470 1757 543 'eorumque,
1816 473 1913 545 qui
1960 489 2020 531 se
2070 474 2086 529 i

2195 474 2418 546 ,ἀπάτῃ
2471 476 2564 530 καὶ
2601 477 2775 548 πλάνη
2824 479 3049 541 ἑαυτοὺς
3095 478 3492 549 ἐκδεδωκότων,
3530 485 3712 542 ταῦτα
3750 489 3827 544 τὰ

525 560 777 615 fraudem
823 575 1180 630 erroremque
1218 561 1620 628 commiserint,
1691 564 1961 620 rationem
2016 565 2116 620 ba-

525 656 707 720 beam,
755 654 1133 709 necessarium
1177 654 1369 725 putavi
1415 654 1519 712 has
1552 655 1622 711 ad
1655 666 1707 712 te
1737 656 1949 714 litteras
1977 673 2116 715 scrt-

527 745 656 801 bere
688 764 700 799 :
744 744 949 816 quibus
998 746 1055 799 in
1091 746 1286 815 primis
1333 746 1531 802 animae
1567 754 1695 812 tute,
1738 753 1856 803 tum
1894 755 2111 804 tuorum

525 836 691 890 saluti
723 836 1099 902 consulerem,
1152 847 1211 893 ut
1252 852 1320 893 nc
1361 837 1653 894 confusum
1684 840 1946 910 quiddam
1985 856 2111 911 per-

520 928 919 998 turbatumque
943 930 1203 993 sentires,
1233 943 1333 999 pro
1361 944 1427 985 eo
1452 944 1518 985 ac
1546 930 1832 987 radiorum
1864 932 2112 1001 magistri

521 1020 741 1087 docent,
797 1022 890 1093 qui
927 1022 1145 1093 quidem
1177 1023 1252 1076 ita
1283 1021 1623 1091 praedicant:
1658 1020 1868 1077 Bonum
1908 1035 1974 1076 ac
1997 1037 2114 1078 ma-

522 1111 636 1183 lum
673 1113 742 1167 ab
770 1114 961 1170 eodem
997 1112 1271 1183 proﬁcisci
1301 1130 1316 1182 ;
1358 1128 1640 1184 unumque
1663 1112 1932 1168 duntaxat
1959 1112 2112 1182 prin-

520 1204 729 1275 cipium
777 1213 1064 1268 statuunt;
1113 1220 1294 1276 neque
1330 1205 1508 1260 lucem
1541 1220 1572 1260 a
1605 1204 1871 1270 tenebris,
1902 1203 2109 1259 bonum

521 1310 554 1350 a
581 1297 745 1361 malo,
779 1299 1105 1353 exteriorem
1146 1297 1428 1353 hominem
1468 1297 1539 1353 ab
1593 1296 1864 1364 interiori,
1897 1304 1958 1351 ut
1983 1304 2111 1352 ante

519 1386 657 1453 dixi,
707 1388 1032 1444 discernunt
1079 1392 1164 1444 'ac
1246 1396 1506 1459 separant
1554 1405 1571 1443 :
1611 1389 1723 1444 imo
1784 1402 1919 1444 vero
1967 1389 2109 1444 alte-

519 1479 636 1535 rius
669 1492 796 1535 cum
838 1480 1014 1535 altero
1063 1478 1433 1536 confundendi
1486 1479 1866 1550 miscendique
1898 1479 2106 1535 nullum

519 1570 680 1626 tinem
712 1571 945 1628 faciunt.
982 1570 1067 1627 Tu
1095 1586 1251 1640 vero,
1294 1571 1393 1640 ﬁli,
1436 1587 1508 1627 ne
1554 1579 1615 1628 ut
1652 1572 1902 1643 plerique
1936 1572 2108 1629 homi-

515 1680 650 1721 num
692 1676 896 1721 temere
926 1679 993 1721 ac
1021 1664 1141 1721 sine
1169 1665 1385 1721 ratione
1413 1664 1576 1720 ambo
1610 1664 1716 1720 ista
1742 1664 2066 1735 conjungito
2085 1706 2104 1734 ,

519 1773 701 1825 neque
728 1756 992 1811 bonitatis
1018 1754 1233 1811 auctori
1263 1754 1373 1811 Deo
1396 1755 1643 1811 tribuite.
1680 1753 1821 1810 Nam
1851 1756 1927 1810 illi
1956 1757 2106 1825 priu-

2219 566 2526 637 γράμματα
2557 566 2698 637 πρὸς
2730 566 2789 620 σὲ
2811 569 3108 637 ἀναγκαῖον
3146 571 3443 643 ἡγησάμην
3475 574 3821 633 ἀποστεῖλαν

2217 654 2435 729 πρῶτον
2487 656 2587 727 μὲν
2642 657 2780 730 πρὸς
2829 659 3105 731 σωτηρίαν
3158 661 3260 731 τῆς
3320 664 3549 719 σεαυτοῦ
3599 665 3821 740 ψυχῆς,

2216 745 2408 801 ἔπειτα
2443 747 2501 801 δὲ
2533 749 2629 802 καὶ
2682 748 2792 804 τῶν
2844 750 2963 821 ἅμα
3015 767 3098 806 σοι
3138 755 3539 825 τυγχανόντων,
3585 757 3724 830 πρὸς
3755 760 3824 816 τὸ

2215 840 2527 913 ἀδιάκριτόν
2553 844 2573 874 ⁸
2602 859 2662 896 σε
2682 842 2828 914 ἔχειν
2844 842 2934 897 τὸν
2965 842 3246 917 λογισμὸν,
3275 846 3353 911 ὠς
3381 848 3432 924 οἱ
3456 848 3566 902 τῶν
3610 850 3822 905 ἁπλου-

2216 930 2422 1002 στέρων
2450 933 2825 1007 καθηγεμόνες
2865 938 3200 1005 διδάσκουσι,
3222 941 3474 1011 λέγοντες
3503 943 3567 998 τὸ
3604 945 3817 1014 ἀγαθὸν

2214 1023 2310 1076 καὶ
2329 1023 2391 1077 τὸ
2408 1026 2575 1079 κακὸν
2592 1027 2700 1080 ἀπὸ
2722 1026 2817 1081 τοῦ
2840 1029 3008 1084 αὐτοῦ
3033 1033 3319 1103 φέρεσθαι,
3345 1037 3441 1089 καὶ
3470 1036 3600 1107 μίαν
3630 1039 3815 1110 ἀρχὴν

2213 1115 2615 1187 εἰσηγούμενοι,
2649 1119 2710 1172 οὐ
2738 1119 3129 1191 διακρίνοντες,
3176 1124 3298 1178 οὐδὲ
3329 1126 3668 1199 διαιροῦντες
3699 1129 3815 1185 ἀπὸ

2212 1205 2308 1259 τοῦ
2339 1207 2517 1275 φωτὸς
2545 1209 2607 1262 τὸ
2650 1211 2864 1277 σκότος,
2901 1214 2998 1267 κα)⁵
3039 1215 3100 1268 τὸ
3135 1216 3340 1285 ἀγαθὸν
3366 1219 3476 1273 άπὸ
3503 1221 3600 1274 τοῦ
3631 1221 3814 1277 κακοῦ

2212 1298 2308 1351 καὶ
2347 1298 2575 1367 φαύλου,
2599 1302 2693 1355 καὶ
2723 1302 2815 1356 τὸν
2838 1303 3039 1370 ἔξωθεν
3061 1306 3351 1378 ἄνθρωπον
3375 1310 3485 1365 ἀπὸ
3507 1309 3602 1365 τοῦ
3633 1310 3808 1379 ἔνδον,

2210 1387 2287 1452 ὡς
2351 1388 2719 1461 προείπομενσ
2777 1391 2917 1447 ἀλλὰ
2998 1394 3295 1466 κιρνῶντες
3351 1399 3445 1451 καὶ
3496 1399 3806 1470 ἐγκαταμι-

2210 1476 2435 1544 γνύντες
2461 1477 2688 1551 θάτερον
2708 1480 2921 1555 θατέρῳ
2937 1484 2998 1537 οὐ
3018 1485 3305 1542 παύονται.
3330 1489 3402 1543 Σὺ
3417 1488 3495 1555 δὲ,
3522 1489 3568 1544 ὧ
3588 1492 3807 1562 τέκνον,

2213 1567 2287 1638 μὴ
2321 1566 2411 1622 ῐσα
2444 1572 2557 1633 τοῖς
2610 1572 2828 1638 πολλοῖς
2872 1574 2982 1628 τῶν
3034 1576 3342 1648 ἀνθρώπων
3374 1580 3678 1650 ἀλογίστως
3707 1587 3809 1641 καὶ

2211 1658 2399 1725 ἁπλῶς
2427 1661 2736 1735 ἀμφότερα,
2767 1665 2844 1729 ὡς
2874 1666 2941 1720 ἂν
2970 1666 3143 1738 τύχοι,
3173 1669 3403 1745 ἑνώσῃς,
3435 1674 3572 1746 μηδὲ
3597 1676 3674 1748 τῷ
3699 1677 3807 1749 τῆς

2209 1748 2553 1821 ἀγαθοσύνης
2583 1752 2705 1824 Θεῷ
2759 1755 3068 1811 ἁνατίθεσο.
3120 1757 3319 1831 ’Δρχὴν
3349 1764 3457 1832 γὰρ
3505 1764 3600 1818 καὶ
3642 1748 3806 1832 τέλος

518 1842 747 1910 cipium,
780 1855 846 1894 ac
870 1841 1054 1909 linem,
1084 1849 1141 1896 et
1166 1841 1365 1897 borum
1400 1850 1684 1899 auctorem
1734 1844 2004 1899 malorum
2033 1844 2089 1900 ad

2206 1841 2300 1894 καὶ
2324 1841 2418 1896 τὸν
2438 1842 2645 1899 τούτων
2675 1845 2887 1917 πατέρα
2905 1847 3017 1902 τῶν
3042 1848 3229 1904 κακῶν
3261 1850 3354 1904 ἐπὶ
3386 1852 3478 1907 τὸν
3503 1852 3636 1908 Θεὸν
3663 1856 3805 1909 άναο

519 1930 690 1985 Deum
752 1928 1020 1996 referunt,
1068 1946 1296 2000 quorum
1333 1930 1461 2001 ﬁnis
1504 1930 1789 1988 maledicto
1829 1934 2104 2002 proximus

516 2030 597 2076 est
630 2023 670 2074 ί.
694 2020 811 2076 Νοη
843 2022 990 2077 enim
1031 2020 1101 2077 iis
1147 2037 1273 2093 qua:
1320 2023 1378 2077 in
1423 2021 1735 2092 Evangeliis
1765 2039 1795 2077 a
1823 2023 2105 2082 Salvatore

514 2127 581 2168 ac
611 2111 846 2168 Domino
874 2122 1066 2170 nostro
1089 2112 1223 2171 Iesu
1255 2112 1476 2170 Christo
1508 2114 1789 2182 dicuntur,
1815 2115 1977 2171 ﬁdem
2004 2116 2103 2171 ad-

512 2203 706 2259 hibent
731 2221 747 2259 :
777 2202 904 2263 Non
947 2214 1119 2275 potest
1174 2206 1337 2261 arbor
1376 2205 1515 2261 bona
1548 2206 1756 2276 fructus
1799 2208 1971 2263 malas
2015 2207 2101 2277 fa-

507 2311 623 2350 cere
641 2334 656 2361 ,
687 2311 849 2366 neque
869 2296 1032 2352 arbor
1047 2298 1194 2352 mala
1232 2298 1395 2353 bonos
1419 2296 1589 2369 624
1624 2298 1832 2368 fructus
1864 2300 2039 2370 facere
2054 2301 2095 2356 ³.

512 2385 993 2454 Quemadmodum
1047 2402 1181 2444 vero
1233 2387 1406 2444 Deum
1451 2390 1673 2445 Satanae
1722 2392 2101 2463 malorumque

506 2494 632 2550 quae
676 2479 746 2535 ab
779 2494 847 2535 eo
889 2488 1160 2550 geruntur
1207 2479 1553 2538 conditorem
1595 2495 1659 2537 ac
1687 2493 2097 2554 procreatorem

506 2585 760 2626 asserere
785 2571 1047 2638 audeant,
1074 2587 1403 2653 magnopere
1447 2573 1713 2631 demiror.
1760 2566 1942 2649 Atque
1991 2578 2100 2635 uti-

508 2671 636 2710 nam
679 2657 950 2715 hactenus
999 2659 1298 2716 vanissima
1345 2661 1565 2719 illorum
1603 2665 1833 2723 consilia
1876 2683 2098 2742 progro-

505 2740 795 2814 derentur,
849 2763 953 2804 nec
1008 2749 1351 2821 unigenitum
1407 2751 1504 2810 Dei
1555 2753 1754 2811 Filium
1809 2740 2095 2818 Christum

509 2832 823 2903 Dominum,
873 2837 966 2908 qui
1016 2836 1083 2893 de
1135 2836 1317 2896 Patris
1365 2841 1493 2898 sinu
1530 2841 1815 2903 descendit
1838 2847 1882 2913 ³,
1914 2848 2098 2908 Martiae

504 2926 795 2995 cuiusdam
845 2930 1181 2986 mulierculae
1227 2930 1400 2987 ﬁlium
1447 2948 1573 2992 esse
1625 2938 1896 3006 dicerent,
1931 2953 2097 3014 atqae

505 3033 570 3073 es
627 3021 902 3091 sanguine
953 3037 1269 3096 carneque,
1319 3036 1433 3083 tum
1470 3043 1598 3086 vero
1648 3032 1859 3103 reliquo
1898 3035 2095 3093 mulie-

507 3126 629 3164 rrcn
682 3110 862 3169 fetore
913 3115 1209 3186 prodiisse.
1249 3116 1359 3176 Sed
1384 3134 1455 3175 ne
1479 3120 1780 3193 longiorem
1806 3125 2094 3195 epistolam

505 3199 760 3256 scribens
810 3201 1018 3260 diutius
1068 3207 1583 3277 aequitatem‘tuam
1633 3211 1931 3280 detineam,
1962 3229 2090 3271 cum

501 3292 806 3359 praesertim
856 3295 1096 3350 naturali
1150 3297 1466 3369 eloquentia
1525 3315 1769 3366 caream,
1829 3303 1919 3360 his
1964 3320 2088 3375 qua:

497 3382 647 3438 dicta
693 3393 819 3440 sunt
870 3400 969 3442 ero
1012 3396 1329 3446 contentus.
1361 3388 1465 3445 Ubi
1499 3406 1631 3448 vero
1674 3393 1742 3449 ad
1773 3404 1826 3451 te
1856 3411 2080 3463 venero,

496 3472 714 3543 plenius
762 3476 950 3532 omnia
993 3491 1323 3551 cognosces,
1383 3481 1432 3538 si
1468 3483 1691 3553 quidem
1738 3486 1934 3544 salutis
1977 3496 2085 3545 tuae

495 3580 687 3623 curam
722 3568 964 3639 aliquam
999 3566 1261 3643 suscipis.
1296 3572 1490 3645 Neque
1514 3578 1662 3632 enim
1692 3580 1952 3648 cuiquam
2001 3580 2082 3635 la-

492 3674 693 3727 queum
748 3660 1031 3730 injicitnus
1071 3663 1130 3730 ⁸,
1197 3671 1258 3719 ut
1313 3666 1631 3724 stolidiores
1688 3671 1942 3727 nonnulli
2001 3672 2084 3728 fa-

492 3750 666 3804 ciunt.
703 3748 950 3823 lntellige
970 3768 1093 3824 quae
1112 3754 1260 3823 dico,
1285 3755 1359 3812 fili
1379 3758 1724 3817 cbarissime.

564 3840 675 3894 νη.
717 3841 873 3898 llanc
899 3844 1190 3914 epistolam
1229 3864 1357 3903 cum
1389 3848 1682 3908 Marcellus
1718 3852 1799 3908 vir
1826 3855 2080 3926 egregius

492 3946 558 3986 ac
610 3932 1089 4004 religiosissimus,
1136 3940 1283 3996 etin
1316 3942 1517 4013 primis
1571 3943 1806 4001 illustris
1829 3946 2075 4017 legisset,

491 4018 693 4074 mirum
715 4022 771 4074 in
808 4021 1031 4080 modum
1064 4026 1373 4099 obstupuit.
1404 4031 1487 4086 Ac
1515 4039 1629 4086 tum
1654 4032 1795 4090 forte
1820 4036 2074 4108 contigit,

490 4116 553 4161 ut
587 4108 779 4165 eodem
810 4111 921 4177 die,
950 4130 1061 4184 quo
1092 4116 1240 4173 illam
1269 4135 1302 4190 a
1329 4118 1635 4178 Manicbteo
1662 4123 1951 4194 epistolam
1980 4125 2075 4182 Dei

488 4211 686 4253 servus
742 4200 995 4271 accepit,
1043 4202 1350 4263 Archelaus
1409 4208 1566 4265 urbis
1619 4211 1914 4283 episcopus
1966 4230 2074 4271 una

486 4302 610 4342 cum
640 4288 734 4345 illo
766 4289 913 4347 domi
947 4304 1113 4351 esset.
1158 4296 1261 4364 Qui
1295 4313 1354 4356 re
1380 4301 1532 4356 omni
1563 4313 1871 4374 perspecta,
1904 4306 2075 4363 denti-

486 4377 588 4434 bus
636 4377 902 4445 l‘remens,
955 4385 1226 4455 rugientis
1274 4385 1449 4445 leonis
1497 4389 1713 4457 instar,
1767 4406 1834 4448 ac
1881 4393 2072 4449 divino

483 4469 720 4537 quodam
775 4471 974 4529 ardore
1005 4477 1274 4546 percitus,
1330 4479 1401 4535 ad
1455 4480 1816 4539 Manicbazum
1882 4488 2070 4557 potius

484 4561 761 4628 proﬁcisci
808 4564 1086 4635 cupiebat,
1121 4568 1512 4642 hominemque
1545 4590 1575 4630 e
1604 4575 1882 4641 barbaris,
1918 4579 2065 4633 unde

483 4650 530 4705 is
572 4659 730 4728 ortus
781 4662 918 4719 erat,
972 4655 1350 4714 advenientem
1384 4668 1439 4716 et
1495 4663 1562 4717 ad
1595 4664 1817 4737 humani
1850 4669 2066 4737 generis

483 4738 777 4806 perniciem
831 4742 1206 4814 insurgentem
1249 4760 1469 4818 capere.
1505 4748 1614 4806 Sed
1642 4754 1889 4822 prudens
1925 4755 2064 4809 Mar-

479 4826 672 4892 cellus,
706 4832 955 4903 mitigato
981 4836 1238 4904 precibus
1268 4838 1553 4911 episcopo,
1584 4840 1895 4913 Tyrbonem
1932 4845 2064 4901 hor-

477 4924 626 4974 tatus
675 4930 780 4985 est,
823 4931 882 4978 ut
933 4926 999 4980 ad
1055 4927 1268 5005 Manem
1318 4931 1373 4986 in
1426 4932 1722 4996 Arabionis
1773 4938 2060 4993 castellum

476 5009 700 5075 rediret,
740 5013 831 5066 ubi
866 5015 935 5070 ab
976 5017 1069 5072 illo
1096 5025 1544 5091 exspectabatur.
1583 5024 1698 5081 lloe
1727 5037 1912 5083 autem
1966 5045 2059 5084 ra-

474 5099 694 5153 stellum
723 5109 809 5155 est
846 5102 989 5158 inter
1034 5105 1318 5164 Persidem
1362 5127 1427 5169 ac
1471 5114 1922 5186 Mesopotamiam
1979 5121 2057 5175 si-

472 5200 607 5245 tum.
649 5190 757 5248 Sed
787 5209 912 5248 cum
943 5195 1127 5267 Tyrbo
1152 5204 1352 5255 reverti
1381 5205 1449 5259 ad
1478 5206 1838 5265 Maniclimum
1864 5213 2054 5277 nollet,

470 5298 533 5335 eo
566 5284 778 5351 relicto,
830 5288 1142 5356 expeditum
1188 5280 1479 5362 quemdam
1520 5312 1799 5356 cursorem
1836 5318 1867 5357 e
1901 5304 2058 5358 fami-

470 5371 540 5424 lia
581 5386 712 5442 sua,
761 5375 1024 5446 destinat,
1068 5396 1167 5451 per
1205 5397 1369 5451 quem
1409 5385 1512 5441 has
1554 5390 1622 5444 ad
1653 5390 1806 5446 illum
1839 5394 2056 5453 litteras

2209 1930 2490 2003 φέρουσιν,
2510 1926 2604 1989 ὧν
2619 1933 2687 1988 τό
2706 1935 2884 2003 τέλος
2909 1935 3172 2007 κατάρας
3198 1937 3397 2009 ἐγγύς.
3420 1939 3561 1996 Οὔτε
3590 1942 3701 2016 γὰρ
3741 1947 3805 1999 ὲν

2204 2025 2314 2086 τοῖς
2343 2023 2659 2095 εἰρημένοις
2687 2027 3040 2097 Εύαγγελίοις
3069 2032 3200 2102 παρ’
3230 2030 3394 2085 αὑτοῦ
3427 2032 3519 2087 τοῦ
3547 2034 3805 2107 Σωτῆρος

2204 2112 2362 2186 ημῶν
2407 2116 2504 2170 καὶ
2567 2117 2775 2189 Κυρίου
2840 2119 3018 2193 ἰησοῦ
3047 2121 3283 2193 Χριστοῦ
3320 2123 3688 2193 πιστεύουσιν,
3714 2127 3804 2185 ὅτι

2206 2205 2291 2259 Οὐ
2342 2204 2593 2263 δύναται
2658 2209 2916 2281 δένδρον
2990 2213 3185 2268 καλὸν
3240 2215 3511 2284 καρποὺς
3566 2221 3803 2288 κακοὺς

2202 2294 2472 2367 ποιῆσαι,
2525 2300 2671 2356 οὐδὲ
2709 2303 2828 2373 μὲν
2863 2304 3118 2374 δένδρον
3159 2305 3351 2361 κακὸν
3380 2310 3609 2377 καλοὺς
3649 2328 3802 2382 καρ-

2202 2388 2359 2456 ποὺς
2388 2392 2656 2462 ποιῆσαι.
2694 2396 2807 2450 Kal
2853 2396 2973 2461 πῶς
3009 2397 3099 2452 τὸν
3127 2387 3261 2453 Θεὸν
3302 2400 3398 2455 τοῦ
3440 2402 3657 2457 Σατανᾶ
3697 2404 3803 2458 καὶ

2201 2479 2312 2536 τῶν
2343 2482 2531 2539 κακῶν
2558 2485 2724 2540 αὐτοῦ
2772 2489 3118 2561 πραγμάτων
3145 2490 3327 2561 λέγειν
3355 2492 3598 2566 τολμῶσι
3633 2513 3802 2567 ποιη-

2202 2570 2301 2643 τὴν
2332 2572 2427 2626 καὶ
2472 2573 2827 2648 δημιουργὸν,
2861 2580 3164 2652 θαυμάζειν
3199 2601 3291 2655 μοι
3329 2584 3648 2657 ἐπέρχεται.
3682 2588 3802 2643 Kal

2202 2662 2313 2717 εῐτε
2337 2664 2438 2735 μὲν
2465 2665 2599 2739 ἄχρι
2625 2668 2832 2725 τούτων
2856 2670 3092 2741 ἔφθασεν
3140 2675 3319 2731 αὐτῶν
3345 2678 3379 2749 ἡ
3407 2679 3796 2749 ματαιοπονία,

2202 2755 2295 2809 καὶ
2329 2755 2405 2829 μὴ
2432 2755 2523 2812 τὸν
2558 2759 2838 2834 Μονογενῆ
2868 2762 2960 2818 τὸν
3000 2764 3065 2818 ὲκ
3090 2765 3201 2821 τῶν
3226 2766 3443 2821 κόλπων
3459 2767 3553 2822 τοῦ
3575 2770 3800 2841 Πατρδς

2201 2846 2518 2905 καταϐάντα
2560 2851 2819 2924 Χριστὸν,
2869 2856 3087 2929 Μαρίας
3119 2859 3263 2926 τινὸς
3299 2862 3560 2932 γυναικὸς
3602 2864 3799 2945 ελεγον

2199 2935 2338 2996 εῖναι
2372 2941 2507 3010 υίὺν,
2565 2944 2627 3009 ἐξ
2659 2946 2914 3018 αἵματος,
2952 2953 3048 3005 καὶ
3081 2954 3301 3026 σαρκὸς.
3347 2956 3444 3011 καὶ
3482 2956 3585 3029 τῆς
3620 2937 3797 3032 ἄλλης

2198 3031 2476 3123 δυσωδίας-
2513 3035 2621 3123 τῷν
2651 3039 2929 3106 γυναικῶν
2966 3043 3318 3115 γεγενῆσθαι.
3358 3047 3470 3102 Kal
3500 3048 3585 3103 ῐνα
3613 3050 3689 3123 μὴ
3719 3031 3797 3107 τὰ

2202 3117 2372 3212 πολλὰ
2402 3119 2491 3175 διὰ
2523 3122 2684 3195 τῆσδε
2729 3126 2829 3198 τῆς
2884 3130 3175 3204 ἐπιστολῆς
3226 3135 3454 3207 γράφων
3490 3139 3571 3203 είς
3609 3117 3796 3212 μῆκος

2197 3211 2391 3284 χρόνου
2424 3212 2665 3286 διασύρω
2718 3235 2813 3274 σου
2848 3222 2949 3295 τὴν
2996 3225 3317 3296 ἐπιείκειαν,
3347 3230 3448 3285 οὐκ
3494 3230 3633 3303 ἔχων
3680 3211 3795 3301 τὰς

2195 3301 2433 3393 φυσικὰς
2477 3305 2730 3378 φράσεις,
2765 3311 2859 3366 ἐπὶ
2911 3313 3125 3381 τούτοις
3176 3301 3611 3393 ἀρκεσθήσομαι.
3640 3324 3714 3378 Τὸ
3741 3326 3792 3380 δ’

2191 3390 2314 3448 ὅλον
2335 3394 2523 3471 γνώσῃ
2559 3400 2826 3471 παρόντος
2847 3421 2950 3475 μου
2980 3409 3119 3477 πρὸς
3166 3410 3249 3476 σὲ,
3277 3390 3416 3480 εἴγε-
3432 3390 3534 3484 τῆς
3557 3418 3790 3472 σεαυτοῦ

2194 3484 2473 3575 σωτηρίας
2500 3487 2583 3542 ἔτι
2615 3489 2795 3563 φείδῃ.
2833 3495 2969 3550 Οὐδὲ
2994 3498 3103 3570 γὰρ
3125 3498 3320 3572 βρόχον
3354 3503 3462 3556 τινὶ
3484 3505 3787 3575 ἔπιδάλλω,

2191 3572 2268 3639 ὡς
2309 3577 2359 3628 οί
2396 3576 2507 3632 τῶν
2555 3580 2768 3637 πολλῶν
2819 3584 3209 3663 ἀφρονέστεροι
3260 3592 3527 3653 ποιοῦσιν.
3581 3595 3709 3653 Νόει

2192 3663 2357 3736 λέγω,
2392 3668 2583 3727 τέκνον
2611 3675 2910 3747 τιμιώτατε
2923 3721 2939 3739 .

2260 3851 2333 3905 Z’.
2357 3851 2576 3925 Ταύτην
2600 3855 3009 3931 ἀναγνοὺς,τὴν
3037 3861 3328 3936 ἐπιστολὴν
3363 3865 3392 3917 ό
3419 3864 3787 3937 ἀξιολογώτα-

2186 3952 2278 4001 τος
2298 3938 2646 4011 Μάρκελλος,
2676 3946 2772 3999 καὶ
2807 3946 3225 4016 θεοσεϐέστατος
3258 3953 3419 4027 ἀνὴρ,
3456 3958 3552 4010 καὶ
3583 3957 3786 4029 διαφα-

2185 4025 2305 4098 νὴς,
2352 4029 2634 4101 ἐθαύμαζε
2705 4036 2800 4089 καὶ
2855 4037 3236 4111 ἐξεπλήττετο.
3297 4025 3621 4118 Συμὸέόηκε
3667 4025 3784 4120 γὰρ

2197 4117 2487 4191 Ἀρχέλαον
2534 4123 2627 4180 τὸν
2670 4127 2771 4198 τῆς
2817 4130 3027 4196 πόλεως
3076 4133 3373 4190 ἐπίσκοπον
3412 4137 3613 4214 Δοἴκαδε
3658 4117 3783 4211 ἅμα

2181 4211 2332 4283 αὐτῷ
2381 4218 2621 4271 συνεῖναι
2672 4220 2795 4273 κατ’
2833 4221 3049 4294 εκείνην
3099 4225 3199 4298 τὴν
3245 4211 3478 4301 ἡμέραν,
3524 4231 3584 4284 ἐν
3672 4233 3779 4306 τὴν

2180 4304 2473 4376 επιστολὴν
2501 4308 2596 4363 τοῦ
2622 4310 2924 4383 Μανιχαίου
2967 4316 3107 4387 μετὰ
3137 4321 3325 4391 χεῖρας
3357 4320 3581 4393 εἴληφεν
3612 4304 3641 4375 ό
3671 4304 3772 4379 τοῦ

2179 4394 2315 4450 Θεοῦ
2349 4396 2556 4466 δοῦλος.
2597 4403 2657 4456 '0
2685 4403 2743 4457 δὲ
2788 4406 3113 4479 ’Δρχέλαοςν
3129 4412 3290 4479 γνοὺς
3316 4412 3418 4486 τὴν
3450 4415 3648 4483 αἰτίαν,
3677 4418 3774 4472 καὶ

2176 4486 2275 4559 τὴν
2300 4489 2589 4565 ἐπιστολὴν
2610 4494 2896 4566 ἀναγνοὺς,
2925 4499 3125 4573 ἐσρυχε
3152 4505 3279 4568 τοὺς
3309 4504 3547 4573 ὀδόντας,
3579 4506 3775 4579 ὥσπερ

2174 4577 2312 4635 λέων
2332 4581 2665 4657 ὠρυόμενος,
2696 4590 2791 4644 καὶ
2819 4590 2980 4663 ζῆλον
3006 4592 3143 4647 Θεοῦ
3174 4595 3480 4665 ἀναλαϐὼν,
3507 4577 3773 4672 ἐπειρᾶτο

2171 4672 2412 4745 ὁρμῆσαι
2480 4678 2681 4747 μᾶλλον
2728 4680 2832 4750 ἓως
2880 4684 3068 4753 αὐτοῦ,
3126 4687 3220 4740 καὶ
3261 4688 3631 4762 χειρώσασθαι
3672 4690 3768 4745 τὸν

2156 4763 2431 4831 τοιοῦτον,
2476 4768 2554 4833 ὡς
2605 4770 2857 4828 ὲπίλυτον
2888 4775 2909 4806 ⁶
2936 4777 3001 4830 ὲκ
3034 4777 3347 4851 βαρϐάρων,
3372 4780 3495 4835 ὅθεν
3526 4782 3620 4847 καὶ
3648 4783 3765 4856 ὼρ-

2174 4855 2314 4925 μᾶτο
2343 4858 2482 4929 πρὸς
2521 4861 2830 4935 ἀφανισμὸν
2873 4867 2983 4922 τῶν
3010 4870 3143 4924 υἱῶν
3181 4870 3291 4926 τῶν
3332 4872 3638 4944 ἀνθρώπων
3671 4855 3767 4929 ὲπ-

2168 4951 2497 5007 αναστάντα.
2538 4954 2597 5006 ’0
2627 4955 2685 5009 δὲ
2720 4959 2938 5024 συνετὸς
2957 4962 3277 5033 Μάρκελλος
3300 4964 3392 5018 τὸν
3419 4966 3517 5037 μὲν
3538 4966 3763 5022 ἐπίσκο-

2170 5056 2272 5093 πον
2293 5038 2535 5108 ἀξιώσας
2568 5049 2942 5121 κατεπράϋνε,
2975 5054 3018 5105 Τ
3023 5052 3226 5124 ύρσωνι
3255 5054 3311 5108 δὲ
3359 5058 3765 5130 παρεκελεύετο

2165 5132 2404 5188 διανύειν
2453 5136 2553 5208 τὴν
2603 5137 2914 5213 ὁδοιπορίαν
2957 5145 3096 5217 πρὸς
3136 5146 3228 5200 τὸν
3255 5147 3448 5219 Μάνην
3473 5151 3531 5204 ἐν
3554 5148 3632 5220 τῷ
3660 5167 3762 5204 καφ

2169 5222 2373 5294 στέλλῳ
2406 5225 2754 5297 Ἀραϐίωνος,
2775 5231 2903 5286 ἔνθα,
2926 5250 3031 5288 που
3052 5236 3330 5309 ἐξεδέχετο
3354 5238 3445 5291 τὸν
3464 5239 3540 5293 Τύ
3549 5241 3754 5312 ρὸωνα.

2169 5312 2325 5369 Ἔστι
2376 5315 2435 5368 δὲ
2464 5318 2622 5374 τοῦτο
2654 5322 2716 5375 τὸ
2749 5323 3011 5396 φρούριον
3047 5328 3156 5385 ’ἀνὰ
3184 5331 3348 5399 μέσον
3385 5329 3495 5384 τῶν
3526 5335 3755 5403 Περσῶν
