4078 6408
315 334 371 392 ﬂ
965 340 1338 402 ADVERSUS
1371 343 1716 404 ﬂA‘IRESES
1755 345 1886 403 LIB.

2032 341 2196 405 Ton.
2239 347 2304 406 ιι.
2346 383 2414 395 -.
2456 346 2732 411 lUERES.
2776 354 2963 413 LXVI.
3531 349 3601 406 η

468 474 804 548 Ἐπιστολὴ
832 481 1194 550 Μαρκέλλου
1225 486 1377 557 πρὸς
1412 490 1569 543 Mart
1572 487 1767 559 χαῖον.

386 609 710 681 Μάρκελλος
750 611 893 684 ἀνὴρ
930 615 1205 688 ἐπίσημος
1250 619 1542 693 Μανιχαίῳ
1569 621 1648 691 τῷ
1684 620 1774 674 διὰ
1810 619 1914 691 τῆς

310 703 610 773 ἐπιστολῆς
643 703 964 779 δηλουμένῳ
992 709 1225 781 χαίρειν.
1251 712 1362 784 Τὴν
1385 713 1488 784 μὲν
1516 714 1621 767 ὑπὸ
1651 715 1746 769 σοῦ
1776 732 1916 787 γρα-

313 796 508 861 φεῖσαν
527 794 823 865 ἐπιστολὴν
847 800 1213 871 προσηκάμην
1231 818 1247 833 ο
1269 803 1433 857 τὸνδὲ
1456 804 1531 856 Τύ
1542 805 1724 876 ρϐωνα
1746 824 1915 877 προσ-

312 885 589 959 εδεξάμην
614 888 760 943 κατὰ
804 890 1204 965 φιλοφροσύνην
1238 896 1399 967 ἐμήν.
1431 896 1553 950 Τῶν
1575 898 1634 950 δὲ
1657 900 1918 969 γραμμά-

315 996 429 1033 των
469 980 562 1033 τὸν
608 979 733 1035 νοῦν
762 982 1013 1055 οὐδαμῶς
1049 984 1254 1055 ἔγνων·
1286 989 1335 1041 ει
1371 988 1447 1061 μὴ
1489 990 1555 1043 σὺ
1602 992 1916 1062 παραγενό-

317 1087 483 1141 μενος
498 1070 713 1143 φράσῃς
742 1074 876 1144 ἡμῖν
905 1076 1280 1149 καταλογάδην
1297 1079 1551 1145 ἕκαστον,
1575 1081 1651 1144 ὡς
1674 1081 1914 1152 ὑπέσχου

316 1160 407 1214 διὰ
427 1162 527 1231 τῆς
555 1162 867 1234 ἐπιπολῆς.
896 1164 1202 1239 Ἔρρωσθε.

392 1279 475 1331 H’.
516 1277 701 1333 Ταῦτα
734 1282 897 1348 γνοὺς
926 1283 955 1336 6
986 1282 1181 1355 Μάνης
1228 1285 1527 1342 ἐσκέπτετο
1571 1287 1672 1343 οὐκ
1703 1290 1917 1364 ἀγαθὴν

317 1366 459 1425 εἶναι
480 1371 579 1443 τὴν
598 1372 692 1426 τοῦ
719 1373 1010 1445 Τύρὸωνος
1036 1378 1095 1430 ὲν
1118 1377 1339 1443 καθέξει
1378 1382 1677 1454 γενομένην
1712 1400 1918 1455 παρου-

317 1461 446 1513 σιαν
480 1461 762 1531 (πολλάκις
801 1462 861 1516 δὲ
908 1464 1007 1518 καὶ⁵
1041 1465 1204 1520 αὐτὸν
1231 1468 1438 1539 ἠπάτα,
1473 1469 1610 1524 ἄλλα
1653 1473 1803 1544 παρὰ
1847 1473 1918 1528 τά

315 1554 449 1607 ὅντα
480 1553 879 1627 λογιζόμενος),
910 1558 1285 1631 πληροφορίας
1319 1562 1420 1634 τῆς
1447 1563 1641 1617 ἑαυτοῦ
1674 1565 1918 1631 διανοίας

317 1646 501 1717 χάριν.
561 1647 775 1719 Ὅμως,
833 1649 923 1703 διὰ
976 1652 1075 1722 τῆς
1139 1654 1434 1725 ἐπιστολῆς
1489 1656 1788 1728 λαϐόμενος
1815 1658 1917 1729 τὴν

317 1738 622 1810 πρόφασιν,
654 1739 932 1812 δρομαίως
962 1738 1065 1815 ἧκε
1092 1745 1231 1816 πρὸς
1263 1746 1355 1800 τὸν
1387 1748 1727 1821 Μάρκελλον.
1767 1752 1826 1805 '0
1859 1752 1917 1806 δὲ

2294 490 2544 552 Marcelli
2577 499 2647 553 ad
2681 470 3039 556 Manichazum
3075 498 3326 571 cpistola-

2090 632 2382 690 Marcellus
2428 638 2511 690 vir
2555 637 2785 697 illustris
2818 639 3117 696 Mantcbato
3166 655 3265 711 per
3313 640 3609 711 epistolam

2018 726 2151 782 mihi
2182 728 2406 798 cognito
2451 729 2705 784 salutem.
2760 732 2960 802 Accepi
3010 747 3151 802 quas
3186 735 3252 787 ad
3287 749 3374 789 me
3407 735 3607 790 dedisti

2025 819 2256 875 litteras.
2297 820 2608 892 Tyrbonem
2636 821 2801 893 625
2830 838 2961 879 vero
2992 839 3089 894 pro
3122 841 3240 879 mea
3273 828 3612 897 benignitate

2019 913 2258 981 suscepi.
2298 911 2441 978 Quid
2478 923 2662 970 autem
2696 915 2894 971 littera:
2946 926 3052 973 tuae
3101 918 3207 974 sibi
3252 920 3421 973 velint
3469 936 3610 975 non-

2018 1000 2149 1054 dum
2204 988 2488 1067 intellexi,
2545 1004 2653 1059 nisi
2706 1013 2764 1058 tu
2816 1005 2883 1059 ad
2932 1022 3033 1062 nos
3090 1008 3317 1063 veniens
3370 1010 3609 1079 singula,

2020 1093 2096 1146 uti
2155 1109 2249 1161 per
2304 1095 2518 1152 litteras
2566 1098 2845 1169 recepisti,
2890 1099 2954 1154 ad
2996 1100 3223 1155 verbum
3264 1102 3610 1171 exposueris.

2020 1181 2229 1239 Valete.

2095 1297 2231 1353 VIII.
2276 1298 2401 1354 Hzec
2455 1300 2548 1354 ubi
2597 1299 2785 1358 Manes
2834 1305 3068 1374 accepit,
3118 1308 3333 1362 tametsi
3383 1309 3518 1364 nihil
3558 1309 3614 1365 in

2024 1406 2088 1445 ea
2138 1391 2414 1463 Tyrbonis
2464 1395 2769 1450 retentionc
2802 1396 2931 1450 boni
2971 1411 3097 1452 esse
3131 1414 3318 1453 secum
3363 1402 3607 1456 animad-

2019 1470 2259 1541 verteret
2297 1487 2317 1556 (
2346 1502 2588 1557 persaepe
2624 1503 2754 1543 vero
2784 1488 2895 1542 falli
2922 1491 3182 1560 opinione
3211 1493 3442 1556 solebat,
3475 1496 3615 1550 alia-

2020 1592 2127 1647 que
2149 1579 2354 1643 omnia,
2382 1593 2546 1649 qnam
2573 1581 2668 1644 ita,
2699 1581 2775 1634 uti
2805 1596 2863 1636 se
2893 1596 2984 1636 res
3012 1582 3247 1637 habebat
3279 1584 3607 1656 conjicere),

2024 1679 2083 1725 ut
2114 1671 2184 1726 de
2217 1679 2331 1726 tota
2378 1689 2435 1727 re
2468 1673 2671 1728 certior
2702 1674 2879 1738 ﬁeret,
2916 1676 3214 1732 occasione
3261 1694 3328 1733 ex
3374 1677 3617 1735 Marcelli

2024 1766 2224 1822 litteris
2289 1777 2536 1837 accepta,
2581 1768 2866 1824 celerrime
2915 1769 2983 1825 ad
3016 1770 3190 1829 .illum
3229 1773 3491 1827 accurrit.
3548 1773 3621 1827 At

318 1827 623 1893 ἐπίσκοπος
670 1829 962 1902 Ἀρχέλαος
994 1833 1134 1905 ἔχων
1175 1837 1236 1888 ὲν
1277 1836 1457 1909 ἑαυτῷ
1511 1839 1653 1909 μετά
1695 1841 1789 1895 τὸν
1824 1841 1916 1895 λό-

2030 1857 2332 1915 Archelaus
2359 1860 2656 1930 episcopus
2693 1871 2891 1931 praeter
2926 1862 3242 1918 doctrinam
3297 1863 3419 1919 ﬁdei
3463 1865 3620 1920 insu-

328 1940 419 1992 γον
450 1925 467 1955 ¹
500 1924 594 1977 καὶ
621 1923 683 1978 τὸ
711 1923 1012 1996 ξηλωτικὸν
1052 1928 1157 1997 τῆς
1197 1928 1454 1993 πίστεως,
1485 1930 1823 1997 ἐϐουλεύετο,
1867 1936 1917 1989 εί

319 2011 390 2086 ἦν
420 2015 667 2080 δυνατὸν,
702 2016 763 2085 ἐξ
803 2017 979 2089 αὐτῆς
1006 2019 1098 2074 τὸν
1125 2020 1315 2092 ἄνδρα,
1336 2021 1529 2095 ὥσπερ
1563 2025 1851 2096 πάρδαλιν,
1881 2027 1917 2099 ἢ

315 2105 508 2170 λύκον,
535 2108 570 2180 ἦ
593 2125 647 2161 τι
668 2108 858 2181 ἕτερον
884 2109 995 2163 τῶν
1018 2109 1223 2182 θηρίων
1251 2112 1549 2183 άγρεύσας,
1576 2115 1795 2186 θανάτῳ
1816 2135 1920 2171 πα-

321 2197 600 2269 ραδοῦναι,
629 2198 717 2253 ἶνα
745 2200 822 2272 μὴ
853 2200 1101 2273 λυμανθῇ
1123 2203 1193 2256 τά
1213 2203 1530 2276 θρέμματα,
1555 2208 1803 2263 τοιούτου
1823 2210 1921 2283 θη-

323 2291 441 2362 ρὸς.
474 2290 582 2363 [ἐφ’
610 2291 754 2365 όδοῦ]
788 2293 891 2364 τὴν
931 2294 955 2327 ⁸
994 2295 1200 2349 εἴσοδον
1232 2297 1533 2353 κατανοῶν.
1582 2299 1642 2353 Ὀ
1675 2299 1733 2355 δὲ
1761 2301 1921 2373 Μάρ-

324 2380 517 2446 κελλος
547 2385 613 2455 τῇ
645 2383 1002 2457 μακροθυμίᾳ
1037 2386 1239 2456 μᾶλλον
1265 2388 1421 2459 ἠξίου
1462 2391 1557 2445 καὶ
1582 2391 1922 2460 ἀνεξικάκως

324 2474 419 2527 τὸν
468 2475 607 2547 πρὸς
649 2476 814 2530 αὐτὸν
847 2477 1097 2548 διάλογον
1132 2480 1228 2533 ἀπ’
1250 2481 1419 2536 αὐτοῦ
1458 2485 1732 2554 γενέσθαι.
1771 2488 1831 2542 '0
1863 2488 1922 2542 δὲ

324 2567 431 2638 ἤδη
485 2567 824 2641 μεμαθηκὼς
875 2569 978 2642 τῆς
1020 2571 1116 2626 τοῦ
1147 2574 1309 2648 Μάνη
1337 2575 1566 2651 γνώμης
1597 2577 1700 2651 τὴν
1740 2580 1923 2636 πᾶσαν

324 2659 604 2714 ὑπόθεσινο
645 2662 944 2735 διηγήσατο
985 2665 1095 2737 γὰρ
1134 2667 1319 2733 αὐτοῖς
1348 2671 1378 2723 6
1406 2669 1655 2743 Τύρὸων,
1681 2673 1831 2746 αὐτῷ
1863 2692 1925 2729 τε

325 2753 426 2805 καὶ
456 2753 782 2827 Μαρκέλλῳ,
805 2756 906 2828 τὴν
931 2757 1034 2829 τῆς
1063 2760 1326 2832 τίρέσεως
1354 2764 1536 2819 πᾶσαν
1566 2767 1923 2838 κενοφωνίανο

324 2846 409 2909 ὡς
435 2847 463 2898 6
496 2847 595 2916 μὲν
634 2849 833 2919 Μάνης
865 2849 958 2905 δύο
996 2853 1170 2924 ἀρχὰς
1192 2856 1494 2927 εἰσηγεῖται
1521 2858 1794 2932 ἁνάρχους
1839 2861 1928 2915 ἀεὶ

325 2936 518 3003 οὔσας,
555 2941 648 2993 καὶ
679 2943 946 3013 μηδέποτε
981 2945 1363 3012 διαλειπούσας
1403 2949 1462 3003 τὸ
1495 2945 1657 3015 εἶναι,
1686 2952 1927 3007 ἀντικει-

333 3033 504 3100 μένας
532 3032 669 3104 πρὸς
701 3034 954 3108 ἀλλήλας·
987 3039 1082 3092 καὶ
1102 3041 1166 3111 τῇ
1203 3040 1303 3111 μὲν
1337 3042 1436 3113 μιᾷ
1458 3042 1630 3116 ὄνομα
1654 3045 1835 3117 τίθησι
1866 3046 1929 3101 τὸ

331 3125 451 3194 φῶς
489 3126 587 3180 καὶ
616 3128 841 3197 ἀγαθὸν,
870 3126 936 3201 τῇ
968 3130 1026 3185 δὲ
1055 3131 1219 3204 ἑτέρᾳ
1254 3133 1446 3197 σκότος
1472 3135 1567 3189 καὶ
1604 3137 1824 3204 κακίαν,
1849 3137 1926 3202 ὡς

332 3213 475 3272 εἶναι
504 3218 636 3273 Θεὸν
659 3222 753 3275 καὶ
778 3221 1042 3277 διάϐολον⁵
1066 3225 1197 3278 ποτὲ
1218 3224 1275 3277 δὲ
1303 3227 1397 3280 καὶ
1422 3226 1579 3292 θεοὺς
1605 3229 1733 3294 τοὺς
1753 3231 1931 3301 ἀμφο-

331 3309 528 3383 τέρους
558 3312 734 3378 καλεῖ,
771 3314 903 3368 Θεὸν
931 3316 1155 3384 ἀγαθὸν,
1193 3319 1287 3372 καὶ
1320 3319 1456 3373 Θεὸν
1481 3320 1742 3393 πονηρόν.
1775 3318 1931 3376 Εἶναι

333 3403 396 3458 δὲ
424 3406 489 3457 ὲκ
514 3403 627 3459 τῶν
659 3404 753 3459 δύο
781 3407 969 3478 ἀρχῶν
1002 3408 1072 3462 τὰ
1096 3411 1295 3477 πάντα,
1323 3412 1419 3466 καὶ
1460 3414 1804 3469 συνεστάναιο
1838 3416 1933 3470 καὶ

336 3494 437 3567 τὴν
477 3496 576 3566 μὲν
611 3497 742 3567 μίαν
778 3498 954 3570 ἀρχὴν
985 3499 1057 3554 τὰ
1099 3502 1280 3570 ἀγαθὰ
1305 3504 1485 3558 πάντα
1517 3508 1714 3573 ποιεῖν,
1744 3506 1842 3579 τὴν
1873 3507 1933 3561 δὲ

333 3585 425 3640 ἑτέ
436 3602 533 3649 ραν
562 3587 760 3657 ὁμοίως
794 3589 863 3642 τὰ
887 3589 1087 3659 φαῦλα.
1120 3594 1306 3664 Ἔχειν
1331 3595 1389 3648 δὲ
1419 3597 1478 3649 ὲν
1501 3596 1582 3667 τῷ
1605 3597 1796 3669 κόσμῳ
1821 3598 1933 3653 τῶν

332 3682 432 3734 δύο
458 3679 662 3735 τούτων
688 3682 872 3755 ἀρχῶν
897 3685 996 3750 τὰς
1018 3686 1365 3753 ὑποστάσεις.
1395 3690 1509 3744 Καὶ
1539 3693 1640 3763 τὴν
1674 3692 1772 3764 μὲν
1802 3693 1933 3765 μίαν

332 3773 512 3845 ἀρχὴν
544 3777 901 3845 πεποιηκέναι
926 3776 988 3831 τὺ
1019 3778 1202 3848 σῶμα,
1231 3779 1333 3852 τὴν
1365 3780 1423 3835 δὲ
1451 3780 1631 3855 ψυχὴν
1657 3778 1801 3836 εἶναι
1832 3784 1934 3855 τῆς

334 3866 552 3935 ἑτέρας.
577 3866 759 3938 Αὐτὴν
789 3866 848 3921 δὲ
881 3864 1021 3924 εἶναι
1046 3869 1145 3942 τὴν
1168 3871 1352 3945 ψυχὴν
1377 3875 1478 3947 τὴν
1508 3876 1569 3930 ὲν
1600 3875 1932 3948 ἀνθρώποις,

334 3960 436 4013 καὶ
469 3959 531 4013 ὲν
557 3961 724 4013 παντὶ
764 3960 915 4032 ζὼῳ,
965 3964 1062 4018 καὶ
1108 3963 1363 4037 πετεινῷ,
1405 3968 1502 4021 καὶ
1544 3969 1781 4041 ἑρπετῷ,
1838 3970 1935 4024 καὶ

336 4051 617 4125 κνωδάλῳ·
643 4054 706 4107 οὐ
746 4054 907 4125 μόνον
954 4056 1091 4110 ἀλλὰ
1123 4058 1220 4111 καὶ
1252 4060 1312 4113 ὲν
1336 4062 1450 4123 τοῖς
1480 4064 1671 4130 φυτοῖς
1705 4063 1805 4134 τὴν
1832 4061 1934 4132 τῆς

335 4143 489 4213 ζωῆς
519 4143 720 4216 ἰκμάδα
746 4146 964 4219 κίνησιν
987 4144 1128 4204 εἶναι
1161 4150 1343 4223 ψυχῆς
1373 4151 1620 4223 φάσκων,
1647 4156 1713 4226 ἢν
1742 4154 1839 4209 καὶ
1874 4155 1934 4208 ὲν

334 4241 453 4303 τοῖς
484 4239 792 4313 ἀνθρώποις
816 4242 1173 4316 ὑπάρχουσαν
1195 4246 1363 4316 λέγει.

407 4355 487 4412 6'.
532 4357 701 4413 Ἀλλά
728 4358 781 4413 δὲ
802 4360 904 4414 ὅσα
937 4360 1270 4431 μυθοποιῶν,
1294 4362 1390 4417 καὶ
1409 4363 1679 4419 διδάσκων
1709 4365 1928 4435 φάσκει,

335 4450 431 4504 τὸν
471 4450 718 4505 ἐσθίοντα
758 4452 968 4524 σάρκας
994 4455 1174 4527 ψυχήν
1207 4474 1373 4528 φησιν
1392 4457 1595 4512 ἐσθίειν
1628 4458 1721 4512 τὸν
1758 4458 1929 4513 τοιοῦ-

2034 1967 2135 2022 per
2183 1953 2382 2008 ardore
2431 1953 2718 2023 praeditus,
2759 1964 2954 2010 auctor
2990 1965 3128 2021 erat,
3164 1968 3246 2021 ut,
3277 1960 3320 2013 si
3350 1959 3464 2015 ﬁeri
3491 1975 3621 2030 pos-

2028 2050 2134 2108 set,
2171 2044 2337 2098 homo
2384 2044 2496 2106 ille,
2545 2044 2703 2114 pardi
2752 2045 2932 2101 instar
2961 2062 3024 2102 ac
3056 2048 3193 2118 lupi,
3237 2050 3321 2104 vel
3372 2051 3622 2121 cujusvis

2024 2135 2256 2191 alterius
2306 2135 2530 2200 bestiae,
2575 2137 2913 2208 interceptus
2954 2141 3118 2194 morti
3166 2142 3496 2211 traderetur,
3552 2160 3623 2201 ne

2039 2226 2315 2297 ejusmodi
2352 2228 2480 2283 ferae
2517 2227 2836 2284 incursione
2868 2245 3064 2299 pecora
3098 2232 3452 2300 laederentur,
3493 2250 3621 2291 cum

2031 2319 2184 2375 illius
2216 2320 2529 2391 ingressum
2568 2332 2950 2393 cognosceret.
2988 2324 3278 2382 Marcellus
3307 2335 3500 2383 contra
3528 2344 3624 2398 pa-

2035 2413 2238 2469 tienter
2271 2428 2336 2468 ac
2358 2412 2554 2467 leniter
2588 2414 2773 2485 potius
2808 2416 2959 2471 illum
2987 2416 3042 2470 in
3074 2418 3351 2490 colloquio
3378 2429 3623 2476 tractan-

2035 2507 2166 2562 dnm
2200 2507 2451 2578 putabat.
2510 2506 2606 2563 llle
2651 2523 2782 2563 vero
2822 2519 3101 2581 comperta
3141 2511 3253 2581 jam
3299 2511 3476 2571 Manis
3502 2516 3624 2586 opi-

2026 2600 2193 2655 nione
2220 2614 2284 2654 ac
2313 2598 2564 2655 doctrina
2598 2620 2611 2656 :
2647 2602 2923 2672 siquidem
2955 2602 3138 2675 Tyrbo
3193 2607 3414 2678 utrique
3447 2616 3620 2666 totam

2026 2690 2177 2770 illius
2223 2700 2389 2748 secta:
2431 2693 2736 2748 vanitatem
2781 2695 3107 2769 explicarat,
3154 2700 3623 2768 quemadmodum

2028 2783 2241 2840 scilicet
2276 2784 2387 2839 duo
2418 2786 2690 2857 principia
2739 2796 3035 2850 statueret,
3083 2805 3205 2859 quae
3251 2799 3306 2846 et
3352 2793 3625 2865 principio

2030 2884 2309 2939 carerent,
2343 2891 2443 2932 nec
2469 2892 2712 2946 unquam
2746 2877 3083 2942 desinerent,
3118 2881 3462 2954 invicemque
3499 2897 3627 2940 con-

2031 2967 2202 3022 traria
2231 2966 2452 3030 forent;
2483 2984 2716 3039 quorum
2761 2986 2931 3024 unum
2980 2971 3155 3027 lucem
3190 2987 3255 3027 ac
3285 2973 3491 3029 bonum
3528 2991 3627 3048 ap—

2031 3059 2300 3130 pellaret:
2367 3060 2602 3115 alterum
2663 3061 2920 3117 tenebras
2969 3076 3034 3116 ac
3085 3065 3312 3130 malum,
3364 3074 3424 3120 ut
3476 3066 3624 3124 idem

1958 3188 2005 3250 ϐ
2035 3152 2147 3207 sint
2171 3166 2237 3205 ac
2259 3149 2404 3207 Deus
2433 3159 2488 3207 et
2522 3152 2778 3208 diabolus
2803 3172 2816 3208 :
2848 3170 2989 3224 quos
3012 3154 3233 3225 quidem
3264 3158 3457 3213 ambos
3484 3173 3629 3215 non-

2035 3255 2317 3311 nunquam
2358 3239 2501 3297 Deos
2524 3244 2871 3307 .nominaret,
2900 3243 3070 3299 Deum
3103 3248 3360 3303 videlicet
3393 3250 3624 3316 bonum,

2036 3348 2101 3390 ac
2128 3333 2298 3389 Deum
2339 3335 2566 3389 malum.
2610 3335 2697 3390 Ab
2736 3336 2824 3391 his
2851 3336 3071 3392 duobus
3100 3339 3393 3410 principiis
3424 3351 3625 3398 exorta

2036 3440 2102 3480 ac
2122 3425 2424 3481 constituta
2453 3440 2579 3482 esse
2603 3427 2820 3494 omnia;
2848 3441 3086 3498 quorum
3143 3430 3214 3484 ab
3252 3431 3427 3488 altero
3453 3433 3625 3500 bona,

2035 3518 2105 3573 ab
2127 3518 2301 3573 altero
2322 3516 2468 3572 mala
2488 3517 2675 3573 omnia
2702 3519 3157 3588 proﬁciscuntur,
3191 3536 3315 3591 qua:
3338 3524 3623 3581 amborum

2035 3607 2431 3678 principiorum
2466 3608 2523 3663 in
2556 3607 2661 3665 hoc
2683 3609 2891 3665 mundo
2917 3611 3335 3670 subsistentiam
3367 3616 3623 3674 habeant.

2035 3697 2121 3752 Ad
2173 3698 2292 3754 haec
2342 3713 2546 3770 corpus
2592 3698 2662 3753 ab
2707 3714 2819 3755 uno
2864 3702 3088 3757 illorum
3138 3719 3264 3761 esse
3313 3707 3623 3774 conditum,

2037 3790 2278 3846 animam
2309 3792 2380 3847 ab
2404 3792 2598 3846 altero.
2636 3791 2772 3858 Quae
2798 3793 3019 3863 quidem
3060 3796 3243 3851 anima
3279 3807 3388 3852 tam
3425 3801 3479 3853 in
3521 3802 3627 3856 ho-

2037 3882 2323 3946 minibus,
2386 3899 2554 3953 quam
2624 3884 2681 3938 in
2740 3887 2958 3942 caeteris
3016 3888 3383 3947 animalibus.
3455 3893 3626 3949 adeo-

2036 3989 2147 4044 que
2197 3973 2426 4038 avibus,
2489 3976 2841 4045 serpentibus
2912 3992 2978 4034 ac
3028 3981 3225 4038 bestiis
3278 3982 3413 4038 insit
3454 4002 3468 4039 :
3515 3985 3627 4041 imo

2036 4067 2202 4122 etiam
2249 4067 2541 4136 stirpibus,
2587 4067 2645 4123 in
2685 4070 2889 4140 quibus
2930 4071 3152 4127 vitalem
3184 4072 3468 4130 humorem
3506 4092 3628 4131 mo-

2036 4166 2154 4213 tum
2187 4158 2391 4214 anima
2416 4158 2609 4215 deﬁnit
2653 4175 2801 4228 esse,
2848 4162 3158 4233 cujusmodi
3208 4166 3263 4221 in
3308 4167 3627 4225 hominibus

2036 4249 2307 4306 cernitur.

2107 4362 2196 4419 IX.
2240 4363 2447 4420 Praeter
2474 4364 2592 4421 haec
2618 4366 2756 4422 alias
2777 4371 3064 4439 plerasque
3094 4367 3309 4425 fabulas
3351 4369 3621 4438 adjungit,

2036 4456 2182 4510 velut
2218 4455 2262 4511 si
2296 4456 2421 4526 quis
2449 4455 2713 4511 carnibus
2742 4469 3019 4517 vescatur.
3061 4461 3297 4513 animam
3334 4458 3623 4529 devorare,

334 4559 452 4605 τον,
488 4543 584 4596 καὶ
605 4537 743 4597 εἶναι
764 4544 926 4599 αὑτὸν
959 4545 1144 4619 ἔνοχον
1166 4545 1261 4601 τοῦ
1292 4549 1389 4603 καὶ
1419 4548 1583 4603 αὑτὸν
1610 4548 1851 4604 τοιοῦτόν
1875 4568 1925 4603 τι

2035 4561 2267 4617 eamque
2308 4548 2659 4602 committere
2699 4560 2939 4616 poenam,
2972 4559 3032 4604 ut
3067 4552 3120 4605 in
3157 4550 3394 4622 idipsmn
3446 4561 3627 4608 mute-

334 4636 614 4705 γενέσθαι.
653 4637 742 4702 Ὧς
770 4640 819 4692 εἰ
840 4638 1010 4710 ἔφαγε
1038 4642 1243 4713 χοῖρον,
1262 4643 1446 4713 χοῖρον
1466 4637 1624 4707 αὖθις
1650 4642 1925 4710 γενέσθαι,

332 4730 369 4801 ἢ
406 4729 628 4800 ταῦρον,
665 4728 699 4800 ἢ
738 4730 944 4800 ὄρνεον,
980 4729 1015 4801 ἦ
1054 4748 1104 4784 τι
1133 4728 1243 4782 τῶν
1279 4730 1555 4801 ἐδωδίμων
1587 4729 1922 4801 κτισμάτων.

335 4822 430 4875 Διὸ
459 4821 720 4893 ἐμψύχων
750 4822 812 4875 ού
847 4823 1164 4893 μετέχουσιν
1190 4814 1356 4877 οὗτοι.
1388 4822 1500 4875 Καὶ
1523 4821 1639 4885 ἐὰν,
1668 4823 1821 4895 φησὶ,
1844 4822 1929 4886 τὶς

337 4915 584 4986 φυτεύσῃ
613 4914 648 4985 ἢ
689 4914 882 4985 συκῆν,
917 4915 950 4986 ἢ
980 4916 1189 4980 ἐλαίαν,
1220 4917 1253 4988 ἢ
1298 4914 1562 4988 ἄμπελον,
1608 4917 1642 4988 ἢ
1692 4933 1928 4986 συκομο-

337 5008 482 5081 ρίαν,
514 5008 550 5079 ἢ
582 5008 840 5079 περσέαν,
874 5008 969 5063 καὶ
1006 5007 1167 5062 αὐτὸν
1193 5010 1613 5081 τελευτήσαντα,
1649 5004 1807 5073 αὖθις
1836 5008 1927 5062 6e-

338 5098 596 5170 σμεῖσθαι
625 5099 790 5153 αὐτοῦ
824 5099 921 5172 τὴν
953 5100 1130 5174 ψυχὴν
1171 5104 1229 5155 ἐν
1261 5103 1374 5165 τοῖς
1402 5101 1637 5165 κλάδοις,
1671 5095 1751 5166 οἷς
1794 5099 1927 5169 ἐφύ-

333 5209 495 5246 τευσε
522 5191 783 5263 δένδρεσι,
809 5192 904 5245 καὶ
942 5194 1017 5266 μὴ
1050 5187 1311 5247 δύνασθαι
1339 5193 1708 5265 ὑπερϐαίνειν.
1738 5193 1849 5247 Καὶ
1878 5192 1930 5245 εἴ

334 5300 443 5345 τις,
478 5282 631 5354 φησὶ,
671 5285 827 5355 γήμῃ
865 5289 1118 5353 γυναῖκα,
1159 5282 1313 5350 αὖθις
1346 5286 1507 5341 αὑτὸν
1547 5285 1684 5357 μετὰ
1716 5285 1814 5357 τὴν
1841 5288 1928 5339 ἐν·

335 5374 529 5428 τεῦθεν
568 5367 888 5447 ἀπαλλαγὴν
933 5379 1502 5449 μετενσωματοῦσθαι,
1545 5380 1640 5433 καὶ
1684 5378 1929 5447 γενεσθαι

338 5467 503 5519 αὑτὸν
555 5470 805 5535 γυναῖκα,
866 5468 1016 5532 ὅπως
1068 5471 1164 5523 καὶ
1214 5471 1376 5534 αὐτὸς
1403 5471 1702 5542 γαμηθείη.
1736 5471 1844 5524 Καὶ
1882 5471 1932 5522 εἴ

339 5578 445 5623 τις,
474 5561 657 5631 φησὶν.
694 5562 982 5628 ἐφόνευσεν
1024 5563 1330 5635 ἄνθρωπον,
1373 5564 1511 5636 μετὰ
1536 5565 1634 5636 τὴν
1681 5563 1933 5634 σώματος

336 5651 662 5725 ἀπαλλαγὴν
694 5650 852 5719 αὖθις
903 5657 1376 5728 καταστρέφεσθαι
1417 5657 1513 5730 τὴν
1553 5659 1719 5712 αὐτοῦ
1752 5658 1932 5729 ψυχὴν

412 5826 433 5858 ¹
463 5824 525 5881 ιν.
563 5830 702 5899 μετὰ
727 5828 839 5882 τῶν
866 5830 1063 5899 λόγων.
1162 5836 1196 5873 ι’
1227 5833 1285 5889 F.
1313 5836 1507 5908 ὲφόδιιι,
1539 5834 1661 5906 τήν.

674 5922 949 5983 ΡΔτιιοι..
983 5925 1101 5983 Gn.
1144 5926 1199 5986 Χ
1214 5926 1313 5985 Lll

2037 4646 2148 4694 tur.
2192 4639 2364 4713 626
2411 4639 2659 4710 Exempli
2711 4639 2910 4711 gratia,
2948 4638 2994 4697 si
3028 4658 3256 4714 porcum
3298 4646 3622 4713 comederit,

2034 4748 2266 4803 porcum
2321 4734 2474 4788 illum
2526 4733 2680 4799 fore,
2735 4736 2819 4791 vel
2875 4743 3117 4800 taurum,
3179 4738 3266 4792 vel
3318 4753 3497 4803 avem,
3537 4741 3622 4795 vel

2034 4827 2314 4898 quidpiam
2354 4843 2464 4897 quo
2490 4830 2787 4884 vescimur.
2826 4827 3060 4901 Ideoque
3092 4831 3160 4886 ab
3191 4831 3451 4889 animatis
3487 4833 3614 4889 abs.

2045 4927 2242 4973 tinent.
2297 4917 2453 4984 Quod
2499 4918 2545 4973 si
2605 4920 2761 4991 quis,
2800 4920 2996 4991 inquit,
3054 4921 3217 4977 ﬁcum
3265 4925 3489 4991 sevcrit,
3530 4940 3628 4989 an

2037 5011 2243 5074 oleam,
2294 5019 2389 5064 aut
2432 5011 2622 5076 vitem,
2662 5020 2755 5066 aut
2789 5028 3162 5083 sycomorum,
3199 5023 3295 5068 aut
3328 5015 3632 5086 persicaln,

2039 5110 2163 5172 post
2208 5109 2438 5157 mortem
2492 5103 2635 5172 ejus,
2680 5120 2844 5174 quam
2889 5105 3176 5176 plantavit,
3207 5108 3425 5164 arboris
3454 5108 3631 5163 ramis

2038 5195 2318 5264 alligatur,
2368 5204 2429 5249 ut
2476 5195 2603 5251 inde
2657 5197 2843 5267 egredi
2894 5214 3003 5254 non
3048 5201 3245 5271 possit.
3299 5200 3632 5271 Quicunque

2038 5300 2169 5340 vero
2211 5300 2433 5340 uxorem
2485 5285 2723 5348 duxerit,
2759 5296 2880 5359 post
2908 5288 3116 5343 obitum
3149 5293 3202 5344 in
3244 5288 3391 5344 aliud
3425 5304 3631 5358 corpus

2039 5378 2261 5436 transit.
2294 5376 2459 5449 ﬁtque
2499 5380 2715 5446 mulier,
2748 5390 2877 5437 utet
2907 5384 3150 5439 vicissim
3187 5383 3360 5453 possit
3401 5382 3623 5437 nubere.

2040 5471 2142 5539 Qui
2187 5472 2462 5527 hominem
2505 5473 2791 5541 occiderit,
2838 5477 2930 5530 ubi
2963 5493 3025 5530 ex
3062 5477 3163 5530 hac
3204 5478 3313 5529 vita
3347 5475 3628 5539 discessit,

2043 5565 2096 5619 in
2145 5565 2354 5637 celephi
2404 5581 2608 5638 corpus
2662 5567 2949 5639 demigrat,
2985 5580 3078 5622 aut
3112 5570 3310 5633 muris,
3370 5578 3464 5626 aut
3516 5586 3632 5625 ser-

2041 5659 2243 5729 pentis,
2292 5669 2385 5713 aut
2427 5658 2578 5714 aliud
2630 5660 2868 5730 denique
2902 5660 2959 5714 ﬁt
3009 5660 3304 5730 ejusmodi,
3363 5661 3525 5734 quale
3575 5661 3632 5717 id

3312 5934 3353 5984 2
