4078 6412
478 322 545 379 ,43
1887 322 1942 376 S.
1986 322 2325 381 ΕΡΙΡΠΛΝΞΙ
3678 329 3755 391 44

477 445 561 492 est
610 434 755 507 quod
794 434 1149 491 interfecerit.
1182 434 1325 502 Quin
1356 435 1460 491 hoc
1495 435 1720 506 insuper
1748 438 2055 503 asserebat,

2173 441 2247 502 εἰς
2305 440 2534 508 κελέφου
2554 440 2568 469 ¹
2597 440 2779 512 σῶμα,
2807 441 2839 512 ἢ
2868 441 2947 505 είς
2980 440 3105 511 μῦν,
3136 442 3170 511 ῆ
3203 441 3281 505 είς
3311 440 3455 508 ὅφιν,
3495 441 3529 510 ἢ
3560 459 3612 497 τι
3635 459 3753 496 τοι·

478 531 757 586 cmlestem
798 528 943 583 illam
987 528 1113 584 boni
1142 528 1236 583 Dei
1277 528 1624 599 sapientiam,
1659 543 1783 582 cum
1824 530 2058 582 animam

477 636 573 690 per
633 621 812 675 omnia
866 620 1187 691 dissipatam
1247 621 1506 692 colligere
1561 620 1719 675 vellet
1787 619 2058 691 (animam

476 717 621 766 enim
649 721 759 765 tam
806 712 917 779 ille,
944 727 1107 782 quam
1141 712 1264 781 ejus
1293 719 1595 767 sectatores
1628 710 1931 770 Manichaai.
1968 710 2060 766 Dei

475 803 802 872 particulam
851 821 974 860 esse
1022 813 1235 874 putant,
1267 804 1340 859 ab
1367 819 1542 874 eoque
1583 805 1850 866 avulsam,
1904 812 1957 857 et
1993 804 2061 857 ab

477 894 694 950 adversi
739 896 955 965 imperii
997 896 1311 965 radicisque
1354 896 1697 966 principibus
1742 896 1797 950 in
1828 894 2059 966 captivi-

474 996 644 1041 tatem
691 985 967 1042 redactam
1002 987 1056 1041 in
1098 1002 1328 1057 corpora
1356 1004 1483 1043 esse
1513 988 1882 1057 depressam).
1928 984 2063 1041 Pro-

480 1077 609 1132 inde
645 1076 792 1148 quod
820 1078 1010 1133 eadem
1052 1079 1141 1133 illa
1169 1080 1326 1135 cibus
1356 1096 1546 1135 eorum
1582 1092 1728 1137 esset
1749 1080 2058 1147 hominum,

479 1168 572 1241 qui
596 1168 773 1238 ipsam
810 1176 1126 1238 rapuerant,
1159 1178 1322 1241 atque
1358 1172 1412 1225 in
1452 1173 1780 1242 corporibus
1814 1174 1929 1227 suis
1946 1172 2065 1229 dis-

485 1260 812 1324 tribuerant,
855 1261 1058 1331 quibus
1105 1262 1267 1317 etiam
1297 1263 1467 1320 robur
1490 1264 1745 1335 viresque
1803 1264 2063 1336 suppedi-

478 1358 558 1406 tet
593 1369 608 1418 ;
669 1359 955 1421 prepterea
1013 1352 1310 1424 Sapientia,
1358 1354 1556 1426 inquit,
1595 1356 1688 1411 illa
1722 1371 1887 1427 quam
1922 1356 2062 1412 dixi-

484 1459 626 1507 mus,
665 1442 849 1499 sidera
894 1443 947 1497 in
984 1445 1125 1500 cmlo
1170 1445 1275 1501 ista
1321 1447 1612 1504 collocavit
1650 1449 1820 1504 solem
1871 1463 1935 1504 ac
1984 1449 2062 1503 lu-

480 1549 630 1598 nam,
679 1534 979 1606 stellasque
1023 1545 1276 1602 cmteras,
1321 1547 1377 1595 et
1418 1540 1568 1596 illam
1620 1538 1910 1598 duodecim
1952 1543 2064 1600 ele-

480 1626 701 1691 mentis,
744 1634 804 1680 ut
853 1625 1060 1685 Graecis
1115 1631 1314 1702 placet,
1359 1641 1706 1691 constantem
1754 1635 2062 1692 machinam

476 1720 759 1788 produxit.
795 1720 1010 1788 Quibus
1039 1722 1109 1777 ab
1140 1722 1427 1781 elementis
1449 1725 1679 1780 allirmat
1720 1734 2060 1783 mortuorum

480 1808 787 1873 hominum,
836 1810 1265 1880 animaliumque
1304 1823 1626 1871 cancrorum
1666 1818 1880 1875 animas
1910 1819 1964 1873 in
1989 1818 2066 1872 al—
2097 1793 2138 1849 Β

481 1909 593 1954 tum
632 1901 944 1972 splendidas
988 1920 1054 1960 ac
1086 1904 1418 1963 collucentes
1456 1908 1631 1972 evehi,
1671 1911 1815 1965 unde
1857 1911 1910 1965 iu
1946 1926 2066 1966 sca-

485 1990 649 2062 pham
708 1992 975 2050 ferantur.
1025 1995 1205 2052 Solem
1250 1998 1451 2069 quippe
1498 2014 1562 2054 ac
1613 2000 1797 2054 lunam
1848 2002 2063 2072 navigia

478 2098 604 2139 esse
644 2085 893 2155 quaedam
944 2089 1264 2144 existimat:
1294 2105 1529 2160 quorum
1576 2092 1718 2161 quod
1771 2093 1954 2149 minus
1980 2100 2064 2149 est

438 2192 453 2207 -λ
477 2188 580 2246 pro
617 2177 760 2234 luna:
785 2179 1090 2237 crescentis
1138 2181 1316 2251 spatio
1346 2199 1415 2237 xv
1445 2181 1640 2239 diebus
1671 2199 1813 2241 onus
1844 2186 2061 2253 vehere,

479 2269 645 2339 idque
675 2268 919 2339 demum,
951 2272 1206 2328 conlecto
1238 2281 1361 2343 post
1392 2290 1458 2328 xv
1488 2273 1632 2329 diem
1660 2292 1846 2338 cursu,
1886 2280 2064 2348 majus

481 2359 536 2413 in
598 2360 916 2431 navigium,
971 2364 1142 2418 solem
1189 2361 1467 2429 videlicet,
1529 2380 1822 2435 exponere.
1883 2360 2063 2419 Solem

483 2466 632 2518 vero,
702 2452 813 2508 sive
885 2453 1150 2522 majorem
1216 2453 1366 2507 illam
1421 2455 1626 2522 navim,
1699 2455 1755 2509 in
1807 2465 2064 2511 aeternam

478 2541 668 2608 vitam,
721 2542 1119 2613 beatorumquc
1170 2541 1329 2599 sedes
1396 2545 1610 2601 animas
1673 2549 2063 2603 transmittere.

480 2631 561 2686 Ad
596 2647 722 2688 eum
747 2634 970 2688 modum
1003 2651 1099 2704 per
1130 2634 1301 2690 solem
1336 2651 1403 2691 ac
1429 2636 1615 2691 lunam
1650 2638 1863 2693 animas
1896 2648 2070 2695 trans-

480 2723 625 2779 vehi.
679 2723 836 2790 Quod
881 2726 1101 2795 quidem
1152 2727 1217 2780 ad
1253 2742 1349 2782 eas
1391 2727 1672 2797 pertinere
1720 2737 1897 2800 putat,
1948 2746 2071 2801 quae

482 2814 767 2872 vanissimi
803 2816 889 2872 sui
919 2814 1189 2888 dogmatis
1227 2817 1518 2873 scientiam
1569 2819 1933 2889 perceperint,
1992 2820 2066 2873 uti

481 2916 788 2979 repurgatae
839 2905 1020 2963 ﬁctam
1065 2908 1213 2963 illam
1249 2909 1721 2965 transductionem
1764 2911 2066 2967 obtineant.

479 2998 639 3066 Quod
665 2998 772 3055 nisi
801 2998 1136 3072 cognitionis
1163 3000 1309 3058 illius
1343 3001 1620 3073 particeps
1644 3001 1828 3070 fuerit,
1876 3002 2070 3058 animm

2169 531 2324 584 οῦτον
2353 529 2509 594 αὖθις
2539 531 2776 597 ἔσεσθαι,
2808 533 3025 596 ὁποίους
3048 534 3143 587 καὶ
3164 534 3472 602 ἐφόνευσεν.
3502 535 3755 603 Ἔφασκε

2164 622 2220 676 δὲ
2246 623 2427 689 πάλιν,
2455 625 2537 677 ὅτι
2569 626 2603 694 ἡ
2635 625 2794 693 σοφία
2827 622 2860 695 ἠ
2886 624 3093 679 ἀνωθεν
3121 624 3215 679 τοῦ
3236 624 3439 694 ἀγαθοῦ
3467 624 3602 679 Θεοῦ
3629 626 3755 696 βου-

2163 712 2427 782 λευομένη
2461 712 2561 783 τὴν
2582 712 2759 783 ψυχὴν
2790 713 2888 784 τὴν
2912 715 2971 767 ὲν
2998 714 3171 767 ἀπασι
3213 714 3559 785 διαχυθεῖσαν
3589 712 3755 785 (εἶναι

2165 802 2273 873 γάρ
2296 820 2431 873 φησι
2456 802 2637 868 αὐτὸς,
2662 805 2759 857 καὶ
2787 807 2835 857 οί
2870 806 2963 857 ἀπ’
2980 804 3146 858 αὑτοῦ
3172 806 3487 875 Μανιχαῖοι,
3518 806 3618 877 τὴν
3648 806 3755 875 ψυ-

2163 895 2266 964 χὴν
2308 894 2472 965 μέρος
2516 893 2675 957 Θεοῦ,
2716 894 2812 948 καὶ
2857 894 2952 948 ἀπ’
2988 894 3155 948 αὑτοῦ
3193 896 3661 959 ἀποσπασθεῖσαν,
3690 898 3758 951 ἐν

2165 985 2515 1057 αἰχμαλωσίᾳ
2540 986 2818 1058 ἀρχόντων
2838 986 2939 1056 τῆς
2964 986 3345 1059 ἀντικειμένης
3377 988 3552 1060 ἀρχῆς
3569 1005 3629 1042 τε
3655 991 3755 1042 καὶ

2165 1075 2321 1148 ῥίζης
2357 1077 2798 1149 καταδεδλῆσθαι
2844 1080 2902 1133 ὲν
2949 1082 3059 1143 τοῖς
3083 1078 3324 1150 σώμασι)
3343 1095 3358 1109 ·
3394 1080 3534 1134 κατά
3563 1082 3757 1136 τοῦτον

2162 1168 2257 1222 τὸν
2279 1169 2500 1240 τρόπον,
2533 1168 2688 1242 φησὶ,
2714 1169 2803 1224 διά
2827 1170 2888 1224 τὸ
2926 1168 3096 1241 αὐτὴν
3126 1168 3319 1241 βρῶμα
3347 1171 3614 1243 ὑπάρχειν
3641 1173 3755 1225 τῶν

2163 1260 2333 1333 αὐτὴν
2354 1260 2714 1332 ἀρπαξάντων
2736 1259 3062 1333 ἀνθρώπων,
3085 1261 3181 1315 καὶ
3207 1260 3388 1332 ἰσχύος
3409 1263 3757 1334 παρεκτικὴν

2166 1354 2279 1417 τοῖς
2310 1354 2518 1416 αὐτοῖς.
2549 1354 2647 1408 καὶ
2676 1355 2739 1408 ὲν
2769 1353 2985 1425 σώμασι
3020 1353 3530 1425 καταμερισάντων·
3560 1355 3754 1409 τούτου

2164 1443 2347 1509 ἕνεκα,
2376 1444 2563 1515 φησιν,
2603 1446 2637 1516 η
2690 1444 3064 1517 προειρημένη
3103 1444 3266 1513 σοφία
3288 1443 3415 1507 τοὺς
3457 1443 3756 1515 φωστῆρας

2163 1537 2387 1601 τούτους
2434 1536 2693 1591 κατέθετο
2730 1538 2790 1590 ὲν
2827 1535 3061 1608 οὐρανῷ,
3094 1535 3245 1608 ἥλιόν
3277 1552 3338 1589 τε
3375 1537 3470 1591 καὶ
3522 1535 3755 1609 σελήνην

2165 1628 2260 1681 καὶ
2296 1628 2491 1700 ἄστρα,
2519 1627 2767 1699 μηχανὴν
2787 1626 2989 1699 ταύτην
3012 1626 3362 1699 ἐργασαμένη
3386 1626 3474 1681 διὰ
3504 1627 3615 1681 τῶν
3650 1626 3758 1682 δώ-

2163 1720 2298 1774 δεκα
2329 1718 2628 1789 στοιχείων,
2657 1713 2731 1773 ὧν
2760 1719 2807 1773 oi
2833 1718 3094 1790 Ἕλληνες
3123 1717 3414 1788 φάσκουσι.
3442 1720 3554 1773 Καὶ
3580 1719 3755 1775 ταῦτα

2165 1812 2236 1867 τά
2281 1814 2522 1882 στοιχεῖα
2566 1810 2959 1883 διισχυρίζεται
2990 1810 3288 1882 ἀνιμᾶσθαι
3314 1810 3413 1875 τὰς
3440 1809 3617 1883 ψυχὰς
3645 1810 3754 1865 τῶν

2167 1905 2542 1959 τελευτώντων
2604 1903 2907 1975 ἀνθρώπιον
2950 1921 3008 1957 τε
3059 1903 3154 1957 καὶ
3196 1902 3306 1958 τῶν
3356 1903 3535 1959 ἀλλων
3575 1902 3755 1968 ζώων,

2168 1997 2393 2065 φαεινὰς
2413 1993 2601 2058 οὔσας·
2631 1995 2895 2068 φέρεσθαι
2921 1994 2977 2049 δὲ
2999 1994 3089 2049 ἐπὶ
3111 1995 3172 2048 τὸ
3200 1996 3425 2063 σκάφος.
3452 1995 3618 2048 Πλοῖα
3645 1994 3761 2066 γάρ

2168 2088 2312 2140 θέλει
2335 2088 2514 2156 λέγειν
2544 2087 2696 2158 ἥλιόν
2720 2105 2780 2141 τε
2806 2089 2900 2141 καὶ
2938 2087 3187 2159 σελήνην·
3224 2086 3320 2143 καὶ
3348 2086 3408 2139 τὸ
3431 2086 3528 2157 μὲν
3561 2084 3761 2156 μικρὸν

2168 2180 2354 2233 πλοῖον
2394 2179 2725 2251 φορτοῦσθαι
2767 2180 2872 2244 ἕως
2905 2179 3127 2252 ἡμερῶν
3168 2178 3487 2240 δεκαπέντε,
3524 2177 3619 2231 κοιλ⁵
3657 2176 3765 2247 τὴν

2168 2269 2449 2342 πλήρωσιν
2496 2270 2595 2340 τῆς
2651 2269 2901 2341 σελήνης,
2957 2269 3052 2324 καὶ
3097 2267 3242 2323 οὕτω
3283 2268 3513 2339 διαίρειν
3556 2285 3617 2320 τε
3663 2268 3765 2320 καὶ⁸

2169 2359 2522 2414 ἀποτίθεσθαι
2590 2360 2695 2415 ἀπὸ
2752 2359 3247 2432 πεντεκαιδεκάτης
3323 2360 3403 2422 εἰς
3477 2358 3538 2412 τὺ
3615 2358 3764 2429 μέγα

2170 2454 2375 2519 πλοῖον,
2406 2452 2652 2507 τουτέστι
2684 2452 2776 2507 τὸν
2816 2453 2987 2525 ἥλιον.
3034 2452 3137 2506 Τὸν
3164 2452 3225 2506 δὲ
3263 2452 3415 2522 ἥλιον
3443 2450 3543 2522 τὴν
3582 2451 3763 2522 μεγά-

2170 2545 2267 2615 λην
2290 2542 2423 2599 ναῦν
2454 2543 2878 2616 διαπορθμεύειν
2905 2546 2986 2609 είς
3014 2544 3109 2598 τὸν
3137 2546 3236 2616 τῆς
3266 2543 3413 2615 ζωῆς
3449 2543 3642 2606 αἰῶνα,
3665 2544 3766 2596 καὶ

2174 2636 2441 2707 μακάρων
2464 2636 2661 2708 χῶρον.
2698 2636 2812 2690 Καὶ
2837 2635 3009 2700 οὕτως
3037 2635 3136 2700 τὰς
3161 2635 3340 2707 ψυχάς
3363 2635 3451 2689 διὰ
3486 2635 3581 2687 τοῦ
3606 2635 3767 2706 ἡλίου

2171 2729 2266 2782 καὶ
2298 2729 2398 2799 τῆς
2426 2728 2657 2800 σελήνης
2685 2724 3236 2801 διαπορθμευθείσας.
3269 2728 3392 2781 Ἐπὶ
3432 2727 3543 2799 γὰρ
3565 2726 3672 2780 τῶν
3698 2727 3766 2779 ὲν

2172 2820 2402 2889 γνώσει’
2428 2822 2575 2892 λέγει
2593 2822 2693 2893 τῆς
2718 2822 2900 2877 αύτῶν
2929 2820 3301 2893 χυδαιολογίας
3320 2820 3522 2885 ταύτας
3551 2818 3768 2891 καθαρ-

2172 2914 2358 2978 θείσας
2412 2913 2802 2982 καταξιοῦσθαι
2847 2917 2947 2987 τῆς
2990 2912 3493 2986 διαπορθμεύσεως,
3558 2911 3768 2981 ταύτης

2171 3004 2271 3079 τῆς
2311 3007 2441 3077 παρ’
2477 3004 2627 3077 αὐτῷ
2674 3004 3019 3077 μυθοποιίας.
3054 3002 3229 3057 Πάλιν
3255 3002 3315 3057 δὲ
3355 3000 3534 3073 ψυχὴν
3577 2998 3771 3053 οὐκέτι

483 3097 646 3163 negat
682 3105 835 3162 spem
861 3092 1025 3148 ullam
1062 3093 1260 3149 salutis
1287 3109 1413 3151 esse
1443 3094 1801 3165 propositam.
1835 3093 2069 3151 Omnino

2175 3096 2467 3162 σώζεσθαι,
2502 3098 2552 3150 εἰ
2578 3097 2656 3168 μή
2681 3114 2733 3150 τι
2759 3094 2829 3151 ἂν
2860 3094 2960 3168 τῆς
2987 3093 3242 3166 γνώσεως
3266 3093 3366 3165 τῆς
3391 3092 3563 3163 αὐτῆς
3595 3089 3767 3163 μετάο

481 3183 723 3255 denique
750 3185 912 3257 longa
938 3193 1025 3240 est
1049 3184 1198 3242 illius
1214 3186 1507 3241 commenti
1541 3186 1830 3259 tragaadia.

551 3414 714 3485 627
754 3413 821 3469 Χ.
864 3412 993 3470 Hec
1022 3412 1186 3485 igitur
1214 3429 1340 3469 eum
1372 3413 1447 3468 ita
1482 3429 1545 3470 se
1566 3413 1848 3479 baberent,
1881 3422 1938 3469 et
1969 3414 2074 3469 Ar-

481 3500 706 3558 chelaus
733 3502 953 3572 penitus
986 3502 1170 3556 omnia
1207 3510 1533 3571 cognosset,
1563 3513 1623 3558 ut
1657 3503 1727 3559 de
1771 3506 2074 3574 quaestione

483 3593 574 3648 illa
601 3593 886 3664 disputare
917 3602 1127 3663 posset,
1149 3609 1385 3662 cumque
1413 3595 1484 3648 ad
1510 3595 1561 3649 id
1589 3603 1737 3650 esset
1756 3596 2073 3651 instructis-

482 3687 679 3749 simus,
709 3688 907 3755 partim
951 3686 1096 3755 quod
1140 3701 1171 3739 a
1218 3686 1508 3755 multiplici
1540 3686 1850 3742 divinarum
1888 3700 2071 3743 rerum

485 3777 719 3833 scientia
783 3777 1168 3845 paratissimus
1223 3786 1362 3842 erat,
1417 3777 1614 3847 partim
1666 3778 1811 3849 quod
1858 3793 1890 3834 a
1935 3778 2075 3850 Tyr-

491 3869 630 3924 bone
673 3867 970 3939 perdoctus
996 3878 1124 3923 ante
1158 3868 1357 3933 fuerat,
1403 3877 1460 3923 et
1500 3885 1692 3926 omnes
1734 3870 1926 3926 nefarii
1976 3871 2075 3926 ho-

488 3959 657 4015 minis
688 3960 994 4030 prmstigias
1040 3968 1300 4015 accurate
1340 3958 1628 4025 didicerat,
1662 3975 1792 4017 ecce
1820 3962 1919 4018 tibi
1946 3977 2072 4018 cum

487 4067 715 4107 suorum
770 4053 1032 4107 comitatu
1081 4049 1270 4107 Manes
1312 4051 1568 4108 accessit.
1614 4051 1803 4119 Quare
1838 4053 2074 4110 subinde

491 4142 637 4201 ttulla
682 4144 971 4213 interiecta
1015 4159 1168 4198 mora
1216 4143 1494 4214 publicam
1533 4145 1881 4201 collationem
1909 4145 2073 4202 insti-

488 4243 651 4289 tuunt
682 4235 735 4289 in
765 4234 966 4305 oppido
996 4235 1117 4306 ipso
1142 4234 1450 4298 Caschara,
1483 4244 1543 4290 ut
1571 4243 1697 4291 ante
1729 4237 1915 4293 omnia
1939 4254 2074 4293 con-

490 4325 816 4381 troversiam
858 4325 1007 4380 illam
1058 4326 1357 4398 agitarent.
1405 4326 1491 4382 Ad
1524 4326 1579 4383 id
1617 4341 1749 4383 vero
1787 4337 2074 4384 concerta-

488 4418 658 4473 tionis
710 4416 953 4473 arhitros
997 4417 1264 4489 deligunt,
1323 4416 1622 4491 Marsipum
1671 4420 1988 4492 quemdam,
2019 4429 2075 4475 et

2177 3204 2315 3259 σχοι.
2351 3189 2462 3241 Καὶ
2490 3186 2660 3258 πολλή
2700 3185 2787 3251 τίς
2831 3186 2981 3240 ἐστιν
3019 3187 3054 3259 ἠ
3092 3184 3195 3256 τῆς
3234 3182 3507 3254 ποιήσεως
3559 3179 3773 3251 ταύτης

2175 3276 2473 3349 τραγῳδία.

2246 3389 2302 3442 I'.
2344 3387 2433 3452 Ὧς
2462 3388 2521 3442 δὲ
2551 3387 2726 3443 ταῦτα
2761 3384 2831 3460 ἦν
2866 3387 3063 3452 οὕτως,
3105 3388 3200 3443 καὶ
3231 3389 3294 3442 ἐν
3322 3388 3629 3459 καταλήψει
3672 3404 3773 3457 γε-

2175 3479 2398 3550 γένηται
2429 3480 2537 3533 ὑπὸ
2559 3478 2654 3534 τοῦ
2688 3479 2983 3554 Ἀρχελάου
3012 3482 3094 3544 είς
3122 3480 3223 3552 τὴν
3250 3478 3535 3551 ἀντιϐολὴν
3558 3478 3651 3534 τοῦ
3676 3480 3772 3551 ζη-

2173 3573 2437 3643 τήματος,
2473 3571 2822 3643 ἑτοιμότατος
2866 3570 3152 3642 ὑπάρχων,
3192 3571 3281 3625 διὰ
3322 3570 3421 3641 τὴν
3466 3571 3603 3643 πρὸς
3630 3572 3773 3626 Θεὸν

2177 3662 2560 3718 πολυποίκιλον
2588 3662 2788 3732 γνῶσιν
2816 3662 2911 3717 τοῦ
2932 3662 3148 3734 ἀνδρὸς,
3185 3663 3280 3716 καὶ
3313 3660 3379 3714 δι’
3412 3662 3479 3732 ἢν
3505 3679 3768 3735 προεντε-

2176 3753 2445 3808 θείκειτο³
2492 3754 2644 3827 παρά
2680 3754 2777 3808 τοῦ
2804 3754 3091 3826 Τύρϐωνος
3138 3754 3384 3826 ἀκριόῶς
3432 3756 3771 3827 μεμαθηκὼς

2175 3840 2271 3916 τῆς
2315 3844 2446 3918 περὶ
2477 3845 2566 3899 τὸν
2602 3845 2773 3917 ἄνδρα
2804 3846 3057 3916 γοητείας
3095 3846 3165 3900 τά
3203 3846 3402 3914 πάντα,
3441 3847 3552 3902 ἰδοὺ
3586 3851 3616 3902 ὁ
3640 3849 3767 3903 Μά-

2175 3952 2272 4005 νης
2324 3938 2661 4009 παρεγένετο
2700 3937 2822 4008 μεθ’
2865 3932 2941 3993 ὧν
2983 3932 3100 4009 εἶχε
3150 3938 3269 4010 μεθ’
3296 3940 3495 3993 ἑαυτοῦ
3527 3940 3771 4012 ἀνδρῶν.

2189 4027 2279 4093 Ἐξ
2306 4028 2473 4098 αὐτῆς
2499 4023 2591 4083 οὖν
2627 4029 2722 4081 καὶ
2752 4028 2916 4093 εὐθὺς
2949 4030 3319 4103 παρέρχονται
3342 4031 3425 4094 είς
3466 4028 3773 4103 συζήτησιν

2175 4118 2431 4191 δημοσία,
2469 4122 2527 4172 ὲν
2552 4120 2686 4191 αὐτῇ
2712 4123 2779 4192 τῇ
2810 4122 3099 4197 Κασχάρῃ,
3134 4123 3400 4195 πρότερον
3433 4126 3513 4189 είς
3541 4125 3640 4195 τὴν
3665 4127 3769 4180 αύ-

2174 4210 2282 4262 τῶν
2313 4210 2597 4281 ἀντιϐολὴν
2632 4210 2728 4264 τοῦ
2759 4210 3073 4283 ζητήματος
3100 4214 3461 4288 αίρησάμενοι
3486 4216 3622 4287 ὁμοῦ
3649 4233 3774 4287 κρι-

2175 4301 2295 4363 τὰς,
2335 4301 2626 4372 Μάρσιπόν
2664 4320 2785 4356 τινα
2821 4304 3064 4376 ὀνόματι,
3096 4309 3192 4360 καὶ
3231 4307 3512 4373 Κλαύδιον,
3545 4309 3641 4363 καὶ
3671 4311 3771 4363 Δί-

2178 4389 2394 4459 γιαλέα,
2424 4390 2516 4444 καὶ
2540 4392 2897 4458 Κλεόϐουλον,
2921 4393 3015 4447 τὸν
3043 4396 3141 4466 μὲν
3164 4392 3271 4449 τῶν
3296 4396 3454 4460 ἐκτὸς
3484 4396 3658 4467 λόγων
3686 4416 3777 4468 φυ-

489 4508 802 4575 Claudium,
842 4518 898 4565 et
938 4478 1272 4580 IEgial‘taum',
1325 4520 1381 4566 et
1427 4478 1750 4566 Cleobuluiu
1785 4531 1798 4565 :
1837 4478 2070 4581 quorum

2178 4483 2424 4552 λόσοφον,
2454 4484 2546 4537 τὸν
2578 4483 2635 4571 δε
2684 4485 3122 4558 ίατροσοφιστὴν,
3151 4486 3241 4541 τὸν
3286 4487 3344 4541 δὲ
3372 4489 3531 4558 φύσει
3583 4507 3771 4561 γραμ-

488 4597 699 4668 primus
731 4598 954 4669 gentilis
975 4597 1276 4668 sapientiae,
1316 4598 1594 4655 secundus
1633 4599 1921 4654 medicina:
1946 4613 2075 4668 pro.

492 4688 688 4754 lesser,
736 4687 937 4743 tertius
979 4687 1404 4759 grammaticus;
1456 4694 1773 4757 postremus
1811 4697 1931 4742 erat
1986 4701 2074 4741 so-

491 4781 693 4850 phista.
743 4777 913 4834 Multa
959 4780 1015 4834 in
1059 4795 1124 4834 ea
1179 4778 1555 4849 disputatione
1610 4782 1756 4834 ultro
1823 4779 2075 4848 citroque

486 4873 690 4940 jactata
723 4882 872 4938 sunt,
898 4887 1023 4927 cum
1058 4873 1186 4927 hinc
1219 4871 1406 4929 Manes
1442 4871 1657 4928 fabulas
1703 4886 1835 4927 suas
1877 4887 2079 4943 propo-

490 4968 668 5027 neret,
706 4959 833 5018 inde
858 4964 1164 5020 Archelaus
1201 4964 1352 5018 velut
1377 4962 1631 5034 egregius
1677 4962 1836 5017 miles
1881 4963 2079 5017 adver-

493 5055 622 5110 sarii
649 5055 754 5111 tela
799 5056 846 5109 vi
891 5071 991 5110 sua
1039 5071 1104 5110 ac
1149 5056 1357 5111 virtute
1414 5055 1736 5112 discuteret.
1788 5052 2080 5110 Postremo

494 5146 673 5201 victus
706 5157 790 5201 εει
833 5144 1042 5210 Manes,
1074 5161 1138 5201 ac
1177 5147 1245 5202 de
1268 5147 1516 5216 judicum
1556 5147 1830 5202 sententia
1858 5146 2079 5202 veritati

493 5239 719 5294 victoria
750 5238 937 5294 cessit.
957 5237 1113 5305 Quod
1142 5239 1333 5309 utique
1364 5239 1563 5293 mirum
1594 5237 1801 5293 nemini
1829 5253 1954 5294 esse
1982 5239 2078 5294 de-

495 5325 605 5381 bet.
652 5322 868 5380 Veritas
906 5328 1051 5380 enim
1084 5342 1182 5397 per
1214 5342 1274 5381 se
1302 5327 1420 5398 ipsa
1453 5325 1736 5389 consistit,
1775 5341 1877 5381 nec
1911 5324 2077 5397 dejici

496 5425 695 5486 potest,
724 5418 1077 5488 quantumvis
1105 5419 1423 5490 improbitas
1447 5418 1676 5472 audacia
1705 5415 1842 5472 freta
1879 5416 2080 5473 tinnis-

496 5507 655 5573 sima,
703 5510 906 5580 quibus
936 5518 1020 5566 est
1054 5510 1144 5563 illa
1173 5509 1497 5574 constricta,
1530 5509 1751 5563 vincula
1773 5508 2077 5563 dissolvere

2187 4576 2437 4648 ματικὺν,
2464 4577 2561 4633 καὶ
2589 4562 2682 4632 τδν
2709 4577 2867 4635 ἀλλον
2895 4580 3176 4653 σοφιστήν.
3210 4580 3320 4636 Καὶ
3346 4580 3555 4636 πολλῶν
3590 4585 3775 4654 ῥημά-

2181 4688 2289 4725 των
2310 4671 2617 4744 εἰρημένων
2638 4669 2698 4739 ὲξ
2716 4671 2991 4742 ἑκατέρων
3021 4672 3130 4727 τῶν
3157 4673 3362 4745 μερῶν,
3393 4674 3487 4728 τοῦ
3514 4692 3573 4728 τε
3609 4677 3777 4747 Μάνη

2182 4765 2252 4818 τά
2277 4764 2376 4837 τῆς
2407 4762 2681 4836 μυθώδους
2706 4763 3053 4838 διδασκαλίας
3078 4764 3535 4838 προϐαλλομένου,
3562 4767 3655 4821 καὶ
3678 4767 3777 4821 τοῦ

2196 4836 2490 4929 Ἀρχελάου
2520 4836 3118 4928 ὥσπερίάριστεύοντος
3154 4836 3397 4925 ὁπλίτου,
3432 4859 3526 4914 καί¹
3558 4861 3625 4931 τῇ
3664 4857 3775 4926 ἰδία

2186 4948 2353 5003 αὐτοῦ
2402 4948 2629 5019 δυνάμει
2681 4946 3069 5018 καθαιροῦντος
3116 4947 3186 5001 τά
3235 4946 3365 5019 βέλη
3406 4947 3516 5001 τῶν
3560 4948 3776 5001 διεναν-

2186 5044 2328 5106 τίας,
2364 5040 2426 5096 τὸ
2472 5041 2647 5113 πέρας
2678 5041 2740 5095 τὸ
2774 5036 2937 5113 ἦττον
2980 5041 3429 5112 ἀπενεγκαμένου
3465 5040 3560 5096 τοῦ
3586 5039 3775 5111 Μάνη,

2187 5135 2282 5190 καὶ
2306 5136 2607 5205 κρινάντων
2632 5133 2742 5187 τῶν
2766 5133 2970 5205 κριτῶν
2987 5132 3058 5186 .τδ
3082 5132 3332 5206 βραϐεῖον
3370 5127 3510 5187 εἶναι
3542 5134 3609 5204 τῇ
3642 5131 3777 5202 ἀλη-

2189 5227 2329 5299 θείᾳ,
2352 5227 2490 5297 ὅπερ
2527 5227 2627 5281 οὐκ
2662 5222 2732 5299 ἦν
2766 5226 2974 5298 θαῦμα,
3022 5226 3431 5297 αύτοσυστάτης
3474 5224 3642 5295 οὔσης
3674 5223 3774 5294 τῆς

2187 5317 2463 5389 ἀληθείας,
2524 5320 2619 5373 καὶ
2667 5318 2744 5391 μὴ
2787 5318 3095 5390 δυναμένης
3134 5317 3537 5390 καθαιρεῖσθαι,
3566 5316 3666 5372 κάν
3711 5334 3775 5370 τε

2186 5411 2540 5481 ἀντι-πράττοι
2580 5412 2613 5482 ἡ
2645 5411 2846 5481 ἀνομία
2882 5411 3237 5483 ἀναισχυντία
3260 5410 3534 5482 φερομένη
3570 5408 3651 5481 τῷ
3675 5409 3773 5480 τῆς

2187 5502 2444 5574 ἀληθείας
2471 5501 2675 5572 δεσμῷ,
2700 5501 2796 5555 τοῦ
2823 5498 3056 5568 ψεύδους
3091 5504 3166 5575 μὴ
3194 5503 3409 5573 ἔχοντος
3452 5502 3777 5563 ὑπόστασιν,

579 5709 596 5740 ¹
639 5708 747 5791 Vox
777 5710 879 5764 ista
909 5708 1143 5791 κελέφου
1172 5708 1304 5790 mihi
1329 5706 1588 5791 ‘nopdum
1613 5707 1950 5791 cognitaA‘b
1979 5707 2070 5791 llas

2173 5704 2361 5773 λιφῖας
2377 5704 2617 5791 forsitan
2639 5703 2942 5773 derivatur,
2967 5706 3115 5778 quod
3151 5714 3237 5763 est
3269 5705 3494 5763 haeresis
3513 5718 3610 5767 ιν,
3635 5717 3693 5759 tt.
3714 5705 3767 5761 0.

501 5773 524 5809 ²
557 5777 685 5847 Leg.
710 5773 1236 5851 διαπορθμευθείσας
1258 5778 1351 5831 ἐπὶ
1373 5776 1482 5830 τῶν
1510 5778 1569 5829 ὲν
1604 5773 1823 5845 γνώσει,
1859 5786 1966 5832 etc.
2046 5776 2067 5807 ³
2104 5775 2160 5829 F.
2196 5774 2556 5845 προενήχητο.
