4078 6404
364 364 435 425 45
1052 360 1419 425 ADVERSUS
1458 368 1802 427 HEBESES
1841 364 1970 431 LIB.

2092 362 2257 427 TOM.
2300 370 2369 429 ll.
2393 402 2461 414 —
2482 364 2757 427 HrERES.
2800 364 2985 425 LXVI.
3593 367 3663 425 ιιι

381 482 509 562 μηδὲ
563 475 744 560 βάσιν,
787 489 864 553 ὡς
913 491 1006 543 καὶ
1058 494 1090 563 ή
1145 492 1273 545 σκιά
1316 488 1409 543 τοῦ
1448 490 1693 558 σκότους,
1743 495 1838 547 καὶ
1871 495 1965 547 τοῦ

2082 501 2320 549 :onctur.
2352 492 2560 549 Contra
2581 508 2710 548 vero
2737 492 3083 548 mendacium
3112 487 3274 547 solidi
3304 489 3444 545 nihil
3475 490 3662 557 habet,

373 583 552 652 δςρεως
596 580 661 635 τὸ
693 582 966 656 σφαλερὸν
1017 583 1115 654 τῆς
1158 585 1485 653 ὲπιϐἀσεως,
1530 588 1623 640 καὶ
1656 587 1969 658 ἀνέρειστον

376 676 473 747 τῆς
493 674 605 727 τῶν
640 675 822 729 ποδῶν
851 678 1192 749 στερήσεως,

451 854 555 909 IA'.
602 854 885 909 Ἐντεῦθεν
935 857 965 909 6
1012 856 1207 928 Μάνης
1238 858 1576 931 ἀποδράσας,
1630 859 1971 931 βουλομένων

375 946 488 1001 τῶν
532 947 722 1019 δήμων
774 947 940 1001 αὑτὸν
967 946 1337 1020 λιθοϐολῆσαι,
1368 953 1418 1004 εί
1451 950 1526 1024 μὴ
1564 952 1646 1005 ὅτι
1686 952 1971 1024 παρῆλθεν

378 1041 462 1101 εἰς
488 1039 651 1110 μέσον
682 1037 1023 1109 Μάρκελλος,
1062 1042 1157 1094 καὶ
1188 1039 1266 1112 τῷ
1291 1042 1559 1114 αὶδεσίμῳ
1597 1043 1762 1098 αὑτοῦ
1798 1058 1962 1117 προσ-

378 1129 518 1202 ώπῳ
548 1131 970 1201 κατεδυσώπησε
1015 1133 1144 1197 τοὺς
1182 1132 1409 1205 δήμους,
1456 1132 1579 1189 ἐπεὶ
1614 1135 1681 1189 ἀν
1728 1139 1758 1190 6
1801 1138 1969 1203 τάλας

380 1222 574 1294 νεκρὸς
609 1221 784 1291 μένων
812 1221 982 1275 πάλαι
1015 1220 1318 1293 ἐτεθνήκειο
1348 1223 1712 1295 ἀναχωρήσας
1739 1220 1795 1277 δὲ
1816 1225 1968 1296 ἔρχε-

382 1330 473 1367 ται
500 1315 581 1378 είς
614 1314 807 1386 κώμην
830 1315 955 1368 τινὰ
979 1314 1079 1385 τῆς
1106 1315 1419 1387 Καρχάρων
1451 1318 1532 1379 είς
1560 1315 1851 1388 Διοδωρίδα
1876 1333 1972 1371 κα-

381 1403 668 1475 λουμένην,
701 1406 760 1457 ὲν
843 1403 1079 1476 Τρύφων
1100 1422 1183 1470 τις
1208 1406 1620 1471 ἐπιεικέστατος
1639 1408 1759 1462 κατ’
1792 1412 1970 1465 έκεῖνο

381 1496 575 1566 καιροῦ
614 1495 879 1567 ἐτύγχανε
923 1496 1032 1549 τῶν
1061 1494 1248 1551 αὐτόθι
1279 1497 1670 1572 πρεσϐύτερος.
1705 1501 1844 1573 Παρ’
1871 1495 1917 1571 ᾧ
1940 1504 1969 1556 6

380 1588 573 1659 Μάνης
600 1589 914 1660 γενόμενος,
937 1590 1098 1645 πάλιν
1125 1588 1299 1645 ἐκύκα
1322 1591 1694 1664 καυχώμενος,
1724 1593 1966 1648 καταλα-

383 1678 496 1735 ϐὼν
526 1681 618 1734 τὸν
639 1680 809 1753 ἄνδρα
838 1680 1043 1750 ἀγαθὸν
1080 1682 1181 1755 μὲν
1211 1683 1401 1750 τᾶλλα,
1429 1684 1523 1739 καὶ
1551 1685 1865 1757 θαυμαστὸν
1896 1690 1964 1760 τῇ

383 1772 685 1843 θεοσεϐείᾳ,
732 1773 985 1844 πενιχρὸν
1021 1773 1079 1827 δὲ
1107 1774 1186 1846 τῷ
1220 1773 1383 1848 λόγῳ.
1429 1775 1592 1830 Ἀλλά
1624 1778 1721 1831 καὶ
1756 1780 1814 1831 ὲν
1844 1778 1968 1832 τούς

380 1882 517 1930 τοις,
557 1865 634 1930 ὡς
672 1865 991 1937 ὑπείληφεν,
1027 1865 1129 1921 οὐκ
1190 1867 1411 1942 ἴσχυσεν
1475 1871 1835 1935 ὶπιτωθάζειν
1889 1871 1969 1944 τῷ
2001 1851 2043 1906 Β

378 1955 477 2011 τοῦ
512 1956 746 2026 Χριστοῦ
771 1956 961 2029 δούλῳ.
1003 1960 1062 2013 ’0
1095 1958 1229 2024 Θεὸς
1260 1962 1370 2033 γάρ
1410 1962 1500 2016 ἀεὶ
1535 1965 1649 2029 τοῖς
1686 1966 1773 2018 ἐπ’
1806 1965 1971 2021 αὐτὸν

381 2048 691 2115 ἐλπίζουσιν
721 2050 1001 2123 ἑτοιμάζει
1026 2052 1125 2119 τάς
1152 2054 1215 2108 ὲκ
1235 2054 1553 2127 Πνεύματος
1581 2056 1737 2125 ἀγίου
1760 2058 1970 2130 δωρεὰς

382 2142 904 2214 ἔπιχορηγούμενος,
945 2144 1023 2210 ὡς
1069 2147 1166 2199 καὶ
1197 2147 1566 2219 ἐπηγγείλατο
1593 2149 1832 2221 ἀψευδὴς
1868 2150 1966 2215 ὢν,

380 2236 465 2289 ὅτι
494 2236 589 2304 Μὴ
612 2238 1019 2306 μεριμνήσητε
1043 2241 1102 2293 τι
1127 2240 1354 2308 εἴπητε.
1390 2240 1476 2296 Οὐ
1503 2241 1613 2312 γὰρ
1635 2243 1806 2312 ὑμεῖς
1830 2245 1971 2299 ἐστε

382 2329 442 2380 οι
471 2326 823 2395 λαλοῦντες,
857 2329 1022 2385 ἀλλά
1046 2331 1112 2385 τὸ
1149 2332 1392 2401 Πνεῦμα
1430 2331 1539 2387 τοῦ
1564 2336 1797 2403 Πατρός
1825 2353 1967 2404 μου,

380 2416 454 2472 τὸ
492 2420 728 2474 λαλοῦν
759 2422 829 2475 ἐν
874 2421 1036 2491 ὑμῖν.
1085 2423 1367 2478 Ἐντεῦθεν
1409 2423 1570 2478 πάλιν
1617 2425 1972 2498 βουληθέντος

380 2508 728 2576 διαλέξασθαι
765 2512 901 2584 πρὸς
924 2514 1195 2585 Τρύφωνα
1220 2514 1309 2569 τὸν
1337 2515 1730 2589 πρεσϐύτερον,
1757 2518 1852 2573 καὶ
1881 2521 1972 2574 αύ-

380 2600 478 2654 τοῦ
501 2603 561 2654 ὲν
588 2602 800 2668 πολλοῖς
830 2606 1202 2672 ἀντειπόντος,
1226 2607 1540 2678 γράψαντός
1565 2626 1625 2663 τε
1657 2609 1735 2681 τῷ
1777 2612 1971 2683 ’Λρχε-

381 2693 500 2764 λάῳ
519 2695 763 2766 περὶτῆς
795 2697 1107 2762 ὑποθέσεως
1130 2700 1356 2770 ταύτης,
1387 2700 1469 2752 ὅτι
1512 2700 1637 2771 ’Λνή
1647 2718 1679 2772 ρ
1702 2719 1787 2765 τις
1807 2697 1972 2772 ἦλθεν

384 2785 643 2849 ἐνταῦθα,
674 2783 761 2841 οῗα
794 2787 857 2859 δὴ
895 2788 1057 2852 λύκος
1088 2788 1281 2860 βαρὺς,
1317 2790 1411 2843 καὶ
1436 2791 1668 2845 διολέσαι
1704 2792 1803 2863 τὴν
1834 2794 1970 2864 μάν-

382 2877 521 2947 δραν
550 2880 832 2951 ἐπιχειρεῖ.
880 2881 1059 2944 Ἀλλὰ,
1090 2882 1417 2955 παρακαλῶ,
1449 2883 1770 2939 ἀπόστειλόν
1800 2902 1891 2955 μοι
1922 2885 1974 2938 τί

384 2971 453 3024 ἂν
489 2972 623 3043 πρὸς
660 2972 846 3028 τοῦτον
879 2976 1217 3047 ποιήσωμαι,
1247 2973 1280 3048 ἤ
1309 2976 1485 3040 ποίοις
1516 2976 1697 3046 λόγοις
1734 2978 1974 3031 ἀντείπω

382 3065 453 3133 τῇ
515 3063 692 3116 αὐτῶν
743 3066 1222 3139 κακοδιδασκαλίᾳ.
1280 3068 1391 3121 Καὶ
1433 3069 1482 3122 εί
1514 3069 1613 3140 μὲν
1648 3069 1811 3133 αὐτὸς
1842 3087 1975 3123 κατ-

385 3157 558 3223 αξιοῖς
602 3160 1027 3230 παραγενέσθαι,
1078 3160 1382 3233 ἀμέριμνον
1427 3162 1711 3233 ποιήσειας
1752 3161 1851 3233 τὴν
1877 3162 1973 3216 τοῦ
2003 3187 2048 3248 c

385 3247 625 3320 Χριστοῦ
652 3250 912 3322 μάνδραν,
945 3252 1040 3304 καὶ⁵
1062 3251 1132 3305 τά
1167 3252 1458 3324 θρέμματα
1485 3253 1671 3307 αὐτοῦ.
1707 3255 1766 3307 '0
1792 3255 1848 3308 δὲ
1869 3257 1977 3309 ἀπ-

387 3340 628 3395 έστειλεν
650 3343 798 3413 αύτῷ
822 3344 917 3397 δύο
942 3345 1133 3413 λόγους
1155 3347 1212 3399 ὲν
1236 3345 1514 3417 προχείρῳ
1538 3342 1939 3399 καταλαϐέσθαι
1957 3347 1972 3377 ¹

387 3429 471 3501 τῷ
505 3431 685 3503 Μάνῃ·
716 3432 1035 3500 ἐκδέξασθαι
1072 3434 1129 3488 δὲ
1155 3434 1254 3506 τὴν
1291 3435 1462 3488 αὑτοῦ
1492 3435 1796 3506 παρουσίαν
1828 3434 1979 3506 αὐτῷ

388 3522 681 3595 ἐσήμανεν.
730 3524 788 3578 Ὀ
820 3526 1015 3595 Μάνης
1047 3522 1103 3580 δὲ
1142 3528 1200 3580 ἐν
1234 3529 1300 3599 τῇ
1337 3528 1479 3601 μέσῃ
1508 3527 1674 3600 κώμῃ
1707 3527 1979 3600 προῆλθεν

388 3610 783 3685 δρθριαίτερον,
830 3616 1309 3688 προσκαλούμενος
1353 3621 1412 3673 ὲν
1462 3616 1541 3689 τῷ
1590 3618 1979 3691 συνάρξασθαι,

390 3703 780 3775 προκαλεῖσθαι
811 3706 903 3760 τὸν
929 3707 1200 3780 Τρύφωνα
1220 3712 1301 3772 εἰς
1319 3710 1511 3779 λόγους
1529 3710 1705 3781 ἥκειν.
1740 3710 1851 3764 Καὶ
1884 3708 1979 3764 τοῦ

390 3796 689 3868 Τρύφωνος
716 3798 1114 3870 ίνδαλλομένου,
1146 3801 1540 3873 ἀποκριθέντος
1559 3802 1616 3857 δὲ
1643 3802 1809 3856 αύτοῦ
1840 3802 1982 3874 πρὸς

391 3886 525 3949 επος
551 3881 623 3939 ὧν
652 3886 819 3959 ᾔτησε
847 3890 989 3943 κατά
1020 3890 1117 3962 τὴν
1146 3892 1212 3944 ὲκ
1233 3892 1369 3945 Θεοῦ
1395 3892 1644 3945 δοθεῖσαν
1672 3893 1822 3965 αὐτῷ
1852 3893 1981 3947 σύν-

393 3992 536 4043 εσιν,
567 3978 661 4031 καὶ
684 3979 1082 4052 στροϐήσαντος
1108 3981 1200 4036 τὸν
1225 3982 1517 4037 ἀπατεῶνα
1546 3983 1647 4055 ἠρέ
1657 4002 1734 4057 μα
1778 3985 1897 4050 πῶς
1923 3987 1983 4039 ὲν

391 4062 441 4137 ᾧ
465 4069 641 4141 ἐαυτῷ
669 4070 781 4143 (16)
810 4072 1130 4139 ἐνεδοίαζεν,
1160 4075 1465 4129 ἀνακόπτει
1493 4076 1523 4130 6
1563 4077 1853 4149 Ἀρχέλαος
1883 4078 1986 4132 ὥσ-

394 4176 505 4233 περ
561 4163 779 4236 ἰσχυρὸς
824 4166 1209 4239 οἰκοδεσπότης
1258 4168 1370 4221 τῶν
1410 4168 1557 4223 ίδίων
1614 4170 1983 4242 ἐπιμελούμε-

394 4273 488 4321 νος
512 4296 528 4318 ,
557 4258 651 4310 καὶ
682 4258 820 4327 μετά
847 4258 1164 4331 παρρησίας
1198 4259 1444 4315 ἐπελθὼν
1471 4260 1551 4332 τῷ
1582 4262 1749 4334 συλᾷν
1777 4264 1985 4334 ἐπιχει-

398 4349 582 4421 ροῦντι
615 4349 974 4422 ὲνεδριμείτο.
1006 4351 1187 4415 Εὐθὺς
1222 4351 1279 4406 δὲ
1314 4353 1392 4416 ὡς
1427 4348 1570 4407 εἶδεν
1597 4355 1625 4407 6
1663 4354 1858 4423 Μάνης
1892 4354 1986 4409 τὸν

408 4440 721 4512 Ἀρχέλαον,
750 4440 1117 4513 ὑποκριτικῶς
1143 4442 1268 4495 καθ’
1287 4441 1582 4515 ὑπόκρισιν
1623 4441 1750 4512 ἔφη’
1779 4442 1883 4495 Ἔα
1918 4459 1985 4513 με

2073 603 2251 658 neque
2317 586 2677 641 fundamento
2748 585 2861 641 ullo
2916 584 3155 651 nititur;
3209 583 3440 656 perinde
3500 589 3666 653 atque

2074 680 2267 733 umbra
2304 679 2680 744 tenebrarum,
2726 689 2825 732 aut
2868 677 3115 733 lubricus
3142 684 3198 732 et
3231 674 3529 741 instabilis,
3564 688 3665 745 pro

2073 783 2140 824 eo
2180 768 2327 838 quod
2357 766 2593 839 pedibus
2624 774 2795 831 caret,
2833 766 3107 837 serpentis
3140 767 3446 836 ingressus.

2143 859 2238 915 ΧΙ.
2303 858 2624 915 Secundum
2675 859 2792 914 luec
2845 858 3036 915 Manes
3074 857 3201 928 fuga
3248 855 3351 911 sibi
3395 853 3660 911 consulit.

2072 950 2321 1023 Populus
2342 955 2491 1009 enim
2524 952 2802 1024 lapidibus
2838 952 2992 1007 illum
3021 951 3259 1006 obruere
3290 948 3522 1015 volebat,
3555 948 3663 1003 nisi

2073 1044 2370 1103 Marcellus
2422 1045 2477 1100 in
2524 1045 2764 1101 medium
2796 1043 3058 1115 prodiens
3092 1044 3247 1098 vultu
3284 1042 3404 1112 ipso
3435 1057 3665 1096 venera‘

2072 1139 2241 1193 tionis
2292 1139 2456 1210 pleno
2506 1147 2844 1208 aspectuque
2895 1136 3276 1206 repressisset.
3342 1133 3499 1201 Quod
3556 1134 3663 1187 nisi

2074 1231 2318 1295 fecisset,
2337 1230 2664 1301 jamdudum
2700 1228 2891 1284 infelix
2921 1229 3011 1284 ille
3049 1229 3319 1299 periisset.
3349 1226 3476 1281 Inde
3501 1226 3667 1298 igitur

2073 1320 2367 1377 discedens
2397 1319 2747 1375 Diodoridem
2780 1320 2992 1390 (pagus
3036 1319 3084 1374 is
3114 1328 3199 1374 est
3240 1318 3297 1372 in
3334 1316 3665 1389 Carcliaris)

2071 1430 2196 1470 sese
2242 1414 2500 1479 contulit,
2556 1414 2647 1468 ubi
2691 1408 2953 1484 Tryphon
2995 1411 3219 1484 quidam
3264 1420 3385 1466 erat
3412 1411 3499 1466 vir
3523 1409 3668 1481 opti—

2070 1520 2217 1569 mus,
2244 1520 2308 1561 ac
2354 1517 2470 1559 tum
2499 1503 2607 1559 loci
2661 1504 2812 1558 illius
2849 1502 3157 1574 presbyter.
3187 1498 3268 1556 Ad
3301 1499 3448 1555 hunc
3478 1499 3668 1556 Manes

2070 1595 2356 1652 divertcns
2402 1610 2621 1651 rursum
2651 1595 2886 1649 miscere
2916 1592 3124 1655 omnia,
3156 1605 3221 1645 ac
3255 1606 3316 1646 se
3342 1597 3668 1662 arroganter

2070 1688 2288 1754 edet-re,
2348 1696 2545 1743 nactus
2576 1687 2851 1742 hominem
2880 1684 3085 1755 alioqui
3124 1683 3353 1746 bonum,
3397 1692 3451 1737 et
3486 1682 3669 1737 excel-

2078 1781 2215 1837 lenti
2261 1781 2464 1853 pietate
2510 1777 2825 1851 praeditum,
2857 1775 2953 1832 sed
2980 1776 3250 1831 orationis
3282 1774 3539 1846 praesidio
3571 1773 3669 1829 de-

2071 1875 2323 1931 stitulum
2353 1887 2369 1939 ;
2403 1888 2593 1929 verum
2646 1888 2713 1927 ne
2763 1872 2845 1926 sic
2881 1870 3138 1943 quidem,
3184 1869 3262 1923 uti
3324 1875 3666 1939 speraverat,

2071 1965 2308 2020 illudere
2330 1963 2536 2021 Christi
2566 1977 2729 2018 servo
2767 1961 2963 2035 potuit.
2993 1959 3139 2017 Deus
3179 1963 3325 2015 enim
3362 1959 3430 2014 iis
3464 1959 3557 2030 qui
3607 1959 3665 2013 in

2073 2073 2134 2113 se
2159 2057 2464 2120 conﬁdunt,
2507 2054 2750 2125 Spiritus
2791 2055 2969 2109 sancti
3005 2053 3150 2107 dona
3174 2050 3344 2123 628
3369 2056 3665 2121 pra-parat,

2073 2149 2293 2204 abunde
2326 2150 2580 2221 largitur,
2605 2155 2770 2218 prout
2801 2148 2919 2218 ipse
2948 2144 3225 2213 pollicitus
3249 2151 3354 2205 est,
3393 2144 3488 2213 qui
3514 2158 3667 2197 men-

2076 2243 2165 2296 tiri
2200 2258 2310 2296 non
2359 2250 2561 2313 potest.
2600 2239 2804 2303 Nolite,
2845 2239 3043 2307 inquit,
3096 2236 3316 2291 solliciti
3351 2252 3483 2297 esse,
3538 2232 3666 2305 quid

2075 2332 2388 2403 loquamini.
2459 2331 2577 2388 Non
2623 2332 2760 2386 enim
2810 2346 2899 2385 vos
2943 2329 3070 2383 estis
3105 2329 3195 2399 qui
3236 2327 3537 2398 loquimini,
3574 2322 3667 2379 sed

2076 2424 2313 2494 Spiritus
2342 2424 2527 2479 Patris
2557 2425 2677 2487 mei,
2698 2424 2788 2495 qui
2810 2424 3046 2494 loquitur
3074 2422 3129 2475 in
3152 2418 3296 2475 vobis
3327 2422 3370 2473 ¹.
3401 2419 3508 2474 Sed
3538 2432 3664 2472 cum

2075 2515 2266 2571 Manes
2298 2516 2497 2571 iterum
2546 2531 2671 2569 cuin
2722 2514 3016 2585 Tryphone
3052 2508 3374 2584 presbytero
3404 2510 3665 2578 congredi

2076 2608 2258 2669 vcllet,
2292 2607 2386 2679 qui
2419 2607 2524 2664 sibi
2563 2608 2620 2661 in
2658 2607 2937 2677 plerisque
2967 2603 3407 2664 contradixerat,
3435 2600 3526 2656 ille
3550 2615 3665 2655 rem

2075 2712 2295 2753 onmem
2327 2714 2425 2769 per
2448 2698 2660 2751 litteras
2690 2696 2961 2751 Archelao
2993 2693 3294 2766 significat,
3332 2692 3418 2747 his
3452 2690 3665 2746 verbis;

2078 2788 2253 2844 llomo
2284 2786 2510 2858 quidam
2544 2788 2653 2842 huc
2700 2789 2959 2853 accessit,
3014 2782 3106 2855 qui
3157 2783 3501 2839 infestissimi
3556 2782 3668 2852 lupl

2078 2896 2233 2935 nmre
2262 2880 2406 2934 ovile
2439 2880 2669 2950 perdere
2702 2879 3044 2950 aggreditur.
3083 2875 3305 2941 Verum,
3336 2874 3565 2930 obsccw
3594 2885 3669 2936 te,

2078 2974 2260 3028 scribe
2316 2972 2384 3026 ad
2433 2989 2522 3028 me
2575 2973 3037 3043 quemadmodum
3094 2971 3358 3025 adversus
3397 2969 3548 3022 illum
3585 2983 3671 3020 me

2080 3081 2269 3137 gerere
2318 3075 2591 3138 oporteat,
2646 3082 2711 3122 ac
2754 3067 2957 3137 quibus
3009 3064 3316 3117 rationibus
3348 3061 3673 3133 perniciosa:

2079 3161 2201 3227 ejus
2250 3159 2516 3214 doctrina!
2555 3160 2836 3214 resistere.
2866 3156 3021 3225 Quod
3056 3156 3101 3211 si
3128 3152 3313 3210 venire
3340 3156 3455 3226 ipse
3482 3153 3675 3226 digna.

2084 3250 2258 3315 heris,
2309 3248 2521 3305 Christi
2569 3250 2713 3303 ovile
2759 3262 3092 3320 gregemque
3122 3248 3189 3301 ah
3217 3246 3366 3301 omni
3403 3246 3673 3302 sollicitu-

2081 3340 2209 3393 dine
2238 3338 2517 3393 liberabis.
2558 3336 2859 3393 Archelaus
2891 3339 2976 3392 his
3008 3337 3253 3406 acceptis
3295 3335 3496 3390 litteris
3530 3335 3673 3388 duos

2080 3430 2148 3484 ad
2179 3446 2302 3485 eum
2351 3430 2520 3485 libros
2568 3429 2755 3493 mittit,
2805 3446 2946 3500 quos
2991 3430 3045 3482 in
3088 3437 3341 3499 promptu
3403 3428 3675 3497 facileque

2081 3519 2594 3592 comprehenderet,
2646 3530 2840 3575 contra
2891 3519 3108 3573 Manent
3146 3518 3518 3588 conscriptos.
3556 3519 3674 3571 Gate

2082 3622 2262 3667 termn
2302 3622 2358 3667 ut
2393 3612 2687 3668 adventum
2722 3629 2882 3669 suum
2914 3613 3333 3684 praestolaretur
3365 3610 3670 3667 admonuit.

2081 3703 2307 3762 Interim
2354 3704 2543 3761 Manes
2587 3705 2827 3761 medium
2859 3706 2914 3760 in
2948 3720 3145 3777 pagum
3178 3718 3396 3760 summo
3430 3704 3676 3760 diluculo

2083 3793 2347 3866 prodicns
2397 3793 2753 3867 Tryphonem
2805 3793 2875 3849 ad
2925 3794 3323 3866 diSputaudum
3390 3803 3675 3865 provocat.

2084 3887 2189 3955 Qui
2239 3903 2364 3943 cum
2418 3903 2480 3944 se
2527 3888 2783 3953 stitisset,
2813 3896 2868 3943 et
2899 3885 2967 3941 ad
3013 3888 3200 3943 omnia
3227 3902 3351 3959 quae
3384 3887 3679 3959 quassierat

2087 3980 2408 4052 singillatim
2440 3995 2542 4052 pro
2570 3996 2657 4047 ea,
2688 3995 2855 4052 quam
2884 3994 2915 4034 a
2947 3977 3059 4037 Deo
3094 3987 3408 4052 acceperat,
3457 3980 3679 4052 sapien-

2085 4074 2164 4129 tia
2197 4072 2598 4143 respondisset,
2626 4081 2792 4144 atque
2824 4072 3181 4142 impostorem
3212 4073 3392 4129 lenius
3421 4073 3676 4144 agitaret,

2090 4161 2234 4234 apud
2266 4177 2327 4217 se
2351 4161 2602 4217 nonnihil
2650 4162 2933 4226 haesitans,
2985 4169 3211 4232 repente
3240 4160 3546 4218 Archelaus
3576 4176 3681 4218 nec

2095 4256 2320 4325 opinato
2375 4264 2709 4326 conspectus
2757 4265 2861 4320 est,
2912 4256 3004 4325 qui
3055 4262 3318 4323 tanquam
3374 4255 3679 4311 acerrimus

2088 4345 2518 4422 paterfamilias,
2542 4360 2882 4416 suorumque
2914 4344 3385 4411 studiosissimus,
3417 4347 3681 4400 audacter

2096 4420 2153 4494 in
2195 4420 2517 4508 praedonem
2559 4438 2803 4494 fremens
2849 4440 3103 4493 incurrit.
3160 4441 3332 4505 Quem
3386 4448 3446 4494 ut
3491 4438 3679 4494 Manes

397 4533 538 4604 πρὸς
556 4532 823 4604 Τρύφωνα
844 4532 1207 4602 διαλέγεσθαιο
1238 4533 1556 4605 ὑπερϐαίνει
1584 4535 1693 4606 γάρ
1724 4553 1790 4605 με
1810 4535 1873 4588 τὸ
1894 4536 1981 4590 σὺν

2093 4532 2325 4603 aspexit,
2358 4530 2612 4587 simulata
2650 4531 2912 4586 blanditia
2944 4552 2957 4587 :
2987 4532 3118 4587 Siue
3171 4550 3278 4596 me,
3322 4534 3519 4604 inquit,
3553 4550 3679 4588 cum

396 4624 613 4696 ἀξίωμα
644 4625 734 4678 διὰ
764 4626 856 4679 τὸν
880 4626 1200 4680 ἐπίσκοπον.
1244 4626 1304 4680 '0
1332 4626 1410 4693 δὲ,
1444 4627 1538 4679 καὶ
1566 4628 1704 4697 μετά
1726 4628 1984 4697 ἐλέγχους

397 4715 496 4770 τοῦ
526 4715 686 4786 λόγου
729 4717 950 4788 μείζονα
978 4718 1139 4771 αὑτὸν
1174 4718 1476 4790 ὑποκριτὴν
1513 4717 1819 4782 ἀποδείξας,
1864 4721 1987 4771 ἀπ-

399 4810 668 4881 εφίμωσε.
743 4809 865 4863 Τῶν
914 4809 972 4863 δὲ
1013 4811 1104 4863 ὑπ’
1146 4811 1355 4864 ἐκείνου
1405 4810 1778 4883 προτεθέντων
1814 4811 1988 4879 λόγων

398 4905 497 4967 τὰς
541 4902 817 4966 ὲπιλύσεις
858 4904 1245 4974 ποιησάμενος,
1275 4899 1433 4968 αὖθις
1471 4906 1551 4966 εἰς
1583 4902 1846 4975 αἰσχύνην
1892 4905 1991 4958 αύ-

399 4994 493 5048 τδν
529 4993 856 5065 κατέστησε,
890 4994 1087 5066 μηκέτι
1115 4995 1414 5066 δυνάμενον
1436 4996 1665 5067 διαίρειν
1698 4996 1893 5067 στόμα.
1927 4998 1992 5049 υἱ

400 5089 459 5142 δὲ
482 5088 625 5152 λαοὶ,
655 5085 818 5158 ζῆλον
845 5087 1008 5141 πάλιν
1033 5088 1404 5160 ἀνειληφότες,
1435 5089 1737 5161 ἐπειρῶντο
1763 5089 1855 5142 τὸν
1878 5088 1994 5141 ἀλι-

402 5182 591 5251 τήριον
631 5177 1085 5248 διαχειρίσασθαι.
1141 5179 1199 5232 ⁸0
1226 5179 1283 5231 δὲ
1314 5177 1558 5249 ἀποδρὰς
1595 5182 1721 5243 τοὺς
1760 5181 1990 5251 δήμους,

407 5275 505 5328 καὶ
531 5274 609 5336 εἰς
636 5272 729 5325 τὸν
755 5271 1152 5343 προειρημένον
1183 5272 1479 5328 κάστελλον
1517 5273 1847 5344 ’Λραὸίωνος
1886 5272 1993 5325 πά-

407 5366 493 5418 λιν
515 5365 756 5432 ἀφῖκται.

484 5702 498 5733 ¹
532 5697 658 5755 Vitii
690 5699 940 5755 nonnihil
975 5699 1159 5754 subest
1194 5697 1323 5752 huic
1357 5698 1500 5752 loco.
1580 5695 1601 5725 ¹
1630 5690 1822 5748 Matth.
1861 5710 1913 5759 κ,
1959 5695 2044 5749 i9.

486 5835 598 5899 (l6)
654 5829 860 5901 ’κρίμα
882 5844 1009 5896 πως
1038 5831 1107 5884 ὲν
1143 5823 1192 5896 ᾧ
1217 5828 1427 5893 ἐαυτῷ.
1462 5827 1589 5885 Cor.
1651 5828 1835 5899 ἠρέμα
1872 5844 1989 5892 πως
2017 5847 2028 5859 ·

2094 4619 2389 4690 Tryphone
2446 4621 2815 4685 contendere;
2853 4628 2909 4673 tu
2962 4619 3106 4673 enim
3162 4636 3249 4674 me
3296 4638 3422 4676 cum
3454 4622 3529 4677 sis
3562 4623 3681 4691 epi-

2096 4726 2301 4781 scopus
2359 4710 2625 4781 dignitate
2668 4727 2919 4781 superas.
2968 4711 3272 4767 Archelaus
3320 4728 3470 4777 vero,
3519 4730 3582 4767 ex
3618 4733 3684 4766 cu

2094 4805 2239 4875 quod
2290 4806 2401 4876 jam
2458 4805 2606 4861 illius
2668 4807 2865 4877 dogma
2917 4805 3260 4861 confutatum
3312 4814 3450 4869 erat,
3512 4810 3684 4862 multo

2095 4912 2259 4968 quam
2295 4899 2478 4952 verbis
2512 4898 2746 4966 exprimi
2777 4905 2986 4967 posset,
3017 4897 3313 4952 simulandi
3345 4899 3682 4955 callidiorem

2096 5004 2220 5046 esse
2254 4989 2461 5054 docuit,
2520 5004 2692 5058 osque
2721 4988 2798 5043 illi
2832 5003 3063 5058 prorsus
3093 4990 3347 5045 occlusit.
3391 4988 3530 5046 Tum
3564 5007 3684 5062 quar

2099 5082 2167 5134 ab
2203 5080 2297 5133 illo
2339 5079 2620 5149 proposita
2663 5079 2879 5134 fuerant
2908 5079 3237 5147 dissolvens,
3279 5099 3480 5138 norum
3505 5083 3553 5138 ei
3587 5100 3685 5153 pu-

2100 5173 2289 5225 dorem
2311 5172 2565 5235 incussit,
2594 5184 2716 5224 cum
2743 5186 2811 5225 ne
2842 5170 3060 5226 hiscere
3088 5172 3310 5243 quidem
3337 5175 3574 5243 amplius
3590 5189 3680 5227 au-

2102 5262 2275 5317 deret.
2307 5261 2422 5317 Sub
2451 5263 2565 5317 baec
2594 5265 2829 5334 populus
2873 5262 3195 5320 ardentibus
3229 5280 3447 5321 rursum
3487 5264 3686 5320 animi!

2104 5356 2398 5411 scelestum
2444 5356 2596 5410 illutn
2644 5358 2957 5427 opprimere
3006 5366 3240 5413 conatus
3285 5366 3389 5412 cst.
3442 5356 3685 5422 Quorum

2107 5450 2198 5502 ille
2224 5463 2423 5504 manus
2450 5448 2718 5520 effugiens
2751 5449 2818 5505 ad
2849 5450 3140 5505 castellum
3176 5448 3474 5505 Arahionis
3500 5462 3685 5505 rever-

2106 5553 2201 5596 sus
2225 5548 2333 5596 est.

2072 5830 2133 5883 ὲν
2166 5822 2233 5897 ᾧ,
2260 5834 2367 5882 etc.
