4078 6428
450 357 517 413 ιτ
1877 344 1938 403 8.
1978 338 2326 402 EPIPHANII
3656 336 3732 401 43

517 470 633 527 XII.
674 471 780 529 Sed
799 470 1089 529 Persarum
1114 489 1229 541 rex,
1259 478 1541 544 comperta
1559 468 1844 527 Manichzei
1868 467 2016 541 iuga,

2196 466 2298 523 lB’.
2352 463 2594 520 Ἐκεῖθεν
2621 465 2677 520 δὲ
2699 465 2729 519 ό
2755 464 2865 519 τῶν
2886 462 3116 537 Περσῶν
3142 462 3414 535 βασιλεὺς,
3438 464 3600 533 γνοὺς
3619 466 3724 536 τὴν

446 564 636 621 missis
675 566 1004 622 satellitibus
1044 567 1097 621 in
1142 565 1331 622 eodem
1377 565 1472 620 illo
1504 562 1734 619 castello
1771 575 2027 631 compre-

450 657 679 711 hensum
722 655 997 711 hominem
1038 656 1403 727 ignominiose
1446 655 1504 710 in
1548 652 1830 710 Persidem
1862 652 2032 707 abdu-

448 744 527 797 xit
555 765 572 797 .-
602 744 693 798 ubi
732 745 949 800 calamo
995 753 1123 800 cute
1168 745 1440 809 detracta,
1470 744 1726 799 ultimum
1759 740 1928 813 629
1955 739 2024 797 de

445 846 514 887 eo
544 834 870 904 supplicium
907 836 1165 907 sumpsit.
1214 834 1389 902 Quam
1413 833 1635 906 quidem
1670 838 1853 888 cutem
1885 831 2028 887 utris

446 922 503 976 in
537 925 782 987 modum,
833 925 1051 980 infartis
1094 926 1291 996 paleis,
1328 926 1395 982 ad
1428 925 1754 981 hodiernum
1782 922 1928 979 diem
1971 924 2029 978 in

444 1012 671 1070 Perside
702 1026 949 1070 servant.
996 1014 1156 1071 Hunc
1185 1016 1353 1087 igitur
1385 1016 1477 1071 ille
1507 1015 1714 1072 exitum
1739 1015 1864 1069 vitae
1889 1028 2029 1069 con-

445 1112 670 1159 secutus
689 1112 794 1162 est.
821 1102 904 1161 0b
934 1105 987 1160 id
1008 1104 1287 1161 Manicme
1318 1106 1535 1162 lectulis
1559 1106 1676 1161 suis
1704 1104 2026 1159 arundinem

444 1195 829 1258 substernunt.
870 1194 1012 1266 Ergo
1043 1195 1134 1252 ille
1162 1198 1243 1251 sic
1277 1206 1531 1252 mortuus
1559 1213 1678 1263 eos,
1713 1212 1854 1266 quos
1890 1196 2027 1261 dixi,

443 1285 749 1356 discipulos
782 1288 1023 1357 reliquit,
1054 1287 1287 1355 Addam,
1319 1287 1609 1353 Thomam,
1636 1297 1690 1343 et
1716 1288 2026 1355 Hermeam,

444 1392 610 1447 quos,
659 1386 953 1449 antequam
988 1378 1082 1433 illo
1130 1380 1323 1435 mortis
1357 1395 1556 1450 genere
1597 1395 1788 1450 poenas
1831 1381 2027 1444 lueret,

442 1471 594 1523 varia
632 1468 687 1522 in
731 1469 849 1523 loca
900 1467 1202 1524 dimiserat.
1251 1467 1516 1525 Hermeas
1563 1471 1708 1525 enim
1762 1471 1817 1525 in
1863 1469 2032 1542 Egy-

426 1565 595 1627 ,ptum
632 1556 911 1629 profectus
943 1566 1048 1625 est,
1076 1574 1315 1629 quocum
1363 1560 1611 1630 plerique
1645 1560 1843 1615 versati
1880 1567 2027 1616 sunt.

424 1650 632 1722 .Ncque
680 1651 825 1706 enim
879 1651 1107 1721 antiqua
1135 1662 1220 1706 est
1253 1650 1551 1706 admodum
1606 1650 1722 1708 haec
1780 1651 2028 1717 haeresis,

2132 556 2226 611 τοῦ
2250 557 2410 630 Μάνη
2436 558 2780 628 καταφυγὴν,
2808 556 3158 620 ἀποστείλας,
3189 555 3286 611 καὶ
3309 556 3725 628 χειρωσάμενος

2132 647 2296 701 αὑτὸν
2322 648 2381 703 ἐν
2409 646 2487 719 τῷ
2512 648 2902 719 προειρημένῳ
2936 646 3238 718 καστέλλῳ,
3273 647 3356 710 εἰς
3384 646 3485 717 τὴν
3515 646 3724 716 Περσί-

2130 738 2200 793 δα
2237 739 2448 809 ἀτίμως
2483 737 2831 793 καθείλκυσε’
2862 739 2960 792 καὶ
2987 738 3047 791 τὸ
3079 738 3259 810 δέρμα
3291 736 3458 792 αὐτοῦ
3484 737 3725 808 καλάμῳ

2133 829 2396 894 κελεύσας
2429 830 2748 902 ἐκδαρῆναι,
2795 829 2940 885 οὕτω
2973 830 3073 902 τὴν
3103 830 3375 905 τιμωρίαν
3422 830 3573 901 αὐτῷ
3613 832 3727 885 ἀπ-

2133 922 2351 977 έδωκεν.
2380 922 2543 978 Ὅθεν
2565 924 2659 978 καί
2683 922 2982 995 ἐκδαρέντα
3016 922 3271 993 καλάμῳ,
3294 923 3390 978 καὶ
3432 922 3523 975 τὸν
3550 924 3723 977 ἀσκὸν

2130 1015 2296 1070 αὐτοῦ
2324 1015 2708 1088 ἐμπλησθέντα
2736 1014 2958 1087 ἀχύρων
2995 1014 3075 1069 ἔτι
3096 1015 3192 1068 καὶ
3217 1013 3379 1086 δεῦρο
3407 1015 3464 1067 ὲν
3494 1015 3726 1085 Περσίδι

2132 1107 2335 1178 ἔχουσι.
2374 1108 2485 1162 Kal.
2510 1107 2653 1162 οῦτω
2688 1107 2781 1161 τὸν
2814 1106 2930 1178 βίον
2958 1106 3318 1177 κατέστρεψε.
3350 1106 3441 1160 Διὸ
3474 1106 3629 1161 αύτοί
3670 1107 3726 1160 οἰ

2131 1201 2422 1271 Μανιχαῖοι
2471 1200 2585 1272 (17)
2634 1199 2730 1254 ἐπὶ
2796 1197 3066 1270 καλάμοις
3127 1197 3229 1262 τάς
3290 1197 3477 1261 κοίτας
3539 1198 3725 1253 αὐτῶν

2131 1289 2431 1345 ποιοῦνται.
2464 1290 2622 1344 οὕτω
2639 1289 2696 1343 δὲ
2720 1287 2886 1343 αὑτοῦ
2920 1286 3302 1351 ἀποθανόντος,
3339 1287 3433 1342 καί
3466 1287 3727 1342 καταλεί-

2130 1386 2330 1455 ψαντος
2375 1383 2503 1446 τοὺς
2539 1381 2733 1436 ἑαυτοῦ
2772 1380 3042 1453 μαθητὰς,
3077 1379 3171 1443 οὓς
3216 1382 3463 1451 εἴπομεν,
3511 1381 3725 1447 Ἄδων,

2131 1477 2225 1530 καί
2257 1475 2480 1546 Θωμᾶν,
2526 1475 2620 1529 καὶ
2663 1474 2944 1546 Ἑρμείαν,
2987 1474 3116 1544 πρὶν
3159 1472 3191 1542 ἢ
3227 1472 3390 1527 αὑτὸν
3422 1472 3522 1545 τὴν
3561 1474 3724 1543 δίκην

2130 1563 2427 1620 ἀπολαϐεῖν
2462 1563 2604 1618 κατά
2635 1564 2727 1617 τὸν
2758 1561 3127 1633 δεδηλωμένον
3156 1562 3376 1632 τρόπον,
3406 1553 3547 1635 ἦσαν
3579 1564 3728 1617 ἀπο-

2134 1657 2420 1721 σταλέντες
2462 1657 2555 1709 ὑπ’
2588 1654 2776 1721 αὑτοῦ,
2810 1658 2840 1710 ό
2869 1656 2968 1726 μὲν
3016 1654 3276 1726 Ἑρμείας
3303 1658 3384 1719 εἰς
3412 1654 3511 1727 τὴν
3552 1654 3728 1725 Δίγυ-

430 1741 578 1798 σαίίεο
609 1750 669 1797 ιιι
695 1742 790 1811 qui
820 1757 946 1796 cum
976 1742 1211 1796 Hermea
1259 1740 1436 1798 Manis
1465 1742 1739 1813 discipulo
1770 1741 2028 1798 collocuti

2135 1767 2287 1815 πτον,
2318 1743 2363 1818 ᾧ
2400 1748 2495 1802 καὶ
2521 1749 2810 1820 συνέτυχον
2844 1748 3050 1802 πολλοί·
3094 1750 3196 1804 οὐκ
3227 1748 3341 1802 ἔστι
3372 1750 3481 1819 γὰρ
3524 1748 3727 1819 ἀρχαϊ-

435 1846 595 1899 sunt,
638 1808 800 1891 nobis
830 1850 953 1906 qua:
983 1835 1054 1890 ad
1086 1835 1239 1889 illum
1278 1808 1626 1905 pertinebant
1658 1835 2025 1891 narraverint.

2132 1808 2302 1904 ζουσα
2396 1840 2630 1911 αἵρεσις,
2667 1808 2762 1892 καὶ
2791 1839 2841 1891 οἱ
2878 1837 3337 1908 συντετυχηκότες
3359 1808 3725 1909 ’τῷ-προείρη-

444 1928 630 1985 ‘Addas
686 1929 742 1983 in
795 1928 1137 1998 superiorem
1190 1928 1474 1999 regionem
1506 1928 1664 1992 abiit,
1692 1927 1934 1982 Thomas
1971 1927 2025 1981 in

438 2018 710 2077 Iudaeam.
762 2019 941 2089 Atque
988 2019 1058 2074 ab
1115 2017 1184 2074 iis
1242 2030 1392 2075 secta
1447 2019 1541 2073 illa
1589 2019 1654 2074 ad
1703 2018 2026 2096 hodiernum

444 2128 619 2184 usque
653 2112 796 2166 diem
839 2112 983 2166 vires
1020 2120 1184 2181 atque
1218 2111 1618 2166 incrementum
1656 2111 1866 2166 habuit.
1904 2110 2025 2166 Cae-

439 2211 619 2258 terum
655 2199 842 2255 Manes
880 2197 1146 2269 Spiritum
1177 2214 1237 2253 se
1264 2214 1387 2254 csse
1434 2200 1770 2269 paracletuin
1812 2213 2030 2253 assere-

441 2295 537 2349 bat
561 2334 576 2355 ,
607 2307 695 2349 .ac
748 2306 1144 2360 nonnunquam
1194 2291 1501 2362 apostolum
1532 2306 1591 2346 se
1619 2305 1745 2346 esse
1794 2289 2025 2357 Christi,

441 2385 579 2439 alias
612 2382 952 2454 puracletum
999 2379 1266 2452 Spiritum
1299 2381 1583 2451 praedicat.
1634 2379 1843 2451 Estque
1870 2396 2030 2452 pror—

444 2492 541 2532 sus
561 2475 804 2530 insolens
831 2481 887 2529 et
919 2472 1162 2528 absurda
1192 2472 1453 2529 excaecati
1486 2473 1729 2528 hominis
1768 2473 1861 2528 illa
1897 2488 2021 2545 per-

443 2566 648 2621 suasio.

493 2654 654 2710 "Xlll.
694 2653 814 2710 lam
842 2669 974 2709 vero
1004 2668 1228 2710 necesse
1265 2661 1349 2710 est
1382 2660 1441 2709 ut
1469 2646 1727 2725 deinceps
1758 2655 2029 2711 adversus

444 2755 587 2809 hanc
630 2753 882 2808 haeresim
936 2750 1251 2821 stolidaque
1312 2750 1462 2805 illius
1510 2748 1734 2804 decreta
1783 2748 2032 2818 dispute-

445 2862 589 2902 mus.
632 2843 768 2899 Nam
820 2860 941 2914 qua:
990 2844 1255 2899 hactenus
1292 2841 1536 2896 diximus
1570 2841 1775 2896 nudam
1821 2840 1890 2895 de
1938 2840 2032 2896 illo

446 2928 1082 2992 historiam-continent.
1132 2932 1216 2986 Ab
1254 2946 1321 2987 eo
1359 2932 1526 3002 igitur
1568 2931 1849 2986 ordiemur
1878 2929 2028 3001 quod

445 3026 679 3082 docendi
711 3042 775 3081 ac
821 3024 1097 3080 scribendi
1145 3022 1474 3093 dicendique
1523 3022 1741 3077 initium
1794 3022 2029 3093 sumpsit

2135 1931 2282 2003 μένῳ
2312 1930 2561 2004 Ἑρμείᾳ,
2593 1930 2811 2002 μαθητῇ
2850 1930 2965 1985 δντι
2996 1929 3093 1985 τοῦ
3128 1929 3313 2000 Μάνη.
3340 1929 3473 2000 ἡμῖν
3499 1928 3568 1982 τὰ
3595 1928 3727 1982 κατ’

2129 2025 2293 2080 ἀύτὸν
2313 2024 2660 2096 διηγήσαντο’
2695 2023 2878 2087 ’Δδδᾰς
2907 2024 2965 2078 δὲ
2988 2022 3084 2076 ἐπὶ
3106 2022 3176 2077 τὰ
3203 2022 3511 2093 ἀνωτερικὰ
3535 2019 3679 2092 μέρη
3707 2035 3724 2051 ·

2129 2118 2333 2190 Θωμᾶς
2352 2118 2409 2171 δὲ
2443 2117 2538 2171 ἐπὶ
2557 2116 2656 2188 τὴν
2694 2116 2950 2171 Ἰουδαίαν
2972 2116 3103 2185 (i8).
3121 2115 3211 2183 Ἐξ
3231 2108 3305 2169 ὧν
3330 2110 3641 2186 ἐκρατύνθη
3659 2111 3731 2166 τὸ

2128 2211 2307 2283 δόγμα
2357 2210 2527 2264 εἰσέτι
2570 2210 2749 2282 δεῦρο.
2776 2209 2969 2277 Ἔλεγε
3005 2209 3063 2263 δὲ
3100 2209 3293 2263 ἑαυτὸν
3329 2223 3357 2263 ο
3385 2209 3578 2279 Μάνης
3607 2211 3725 2276 (l9)

2130 2297 2270 2359 εἶναι
2304 2303 2364 2356 τὸ
2396 2301 2621 2373 Πνεῦμα
2649 2302 2709 2355 τὸ
2741 2300 3109 2372 παράκλητονο
3156 2300 3250 2353 καὶ
3287 2300 3418 2353 ποτὲ
3457 2299 3558 2371 μὲν
3585 2302 3725 2355 ἀπό-

2133 2395 2321 2474 στολον
2366 2395 2565 2464 φάσκει
2593 2393 2784 2447 ἑαυτὸν
2817 2391 3075 2464 Χριστοῦ,
3106 2392 3236 2446 ποτὲ
3272 2392 3325 2445 δὲ
3353 2392 3580 2462 Πνεῦμα
3609 2410 3724 2445 πα-

2133 2487 2421 2561 ράκλητον.
2445 2486 2556 2539 Καὶ
2586 2483 2753 2556 πολλὴ
2788 2482 2888 2554 τῆς
2914 2480 3241 2552 τυφλὼσεως
3272 2481 3461 2535 τούτου
3495 2482 3728 2536 κακόδο-

2131 2576 2221 2643 ξος
2249 2573 2648 2645 άλλοιοτροπία.

2203 2667 2300 2723 ll”.
2329 2666 2608 2721 Ἐντεῦθεν
2624 2665 2833 2729 λοιπὸν,
2857 2665 3152 2734 ἀγαπητοὶ,
3174 2665 3335 2736 χρεία
3352 2666 3486 2735 ἡμῖν
3510 2664 3728 2733 γίνεται

2132 2763 2211 2826 εἰς
2237 2760 2334 2832 τὴν
2360 2760 2573 2832 αἵρεσιν
2597 2761 2791 2819 εἰπεῖν,
2821 2759 2915 2812 καὶ
2945 2759 3025 2821 εἰς
3055 2756 3154 2828 τὴν
3181 2756 3356 2827 αὐτῆς
3381 2774 3725 2828 ματαιοφρο-

2133 2852 2299 2923 σύνην
2319 2867 2333 2881 ·
2368 2850 2439 2904 τά
2482 2851 2588 2922 γάρ
2613 2848 2954 2921 παρελθόντα
2975 2849 3154 2902 πάντα
3176 2847 3319 2901 κατά
3347 2849 3589 2920 ἱστορίαν
3617 2849 3726 2918 ὑφ·-

2128 2944 2427 3016 ηγησάμην
2447 2959 2459 2973 ·
2485 2942 2607 2997 ὅθεν
2633 2941 2699 3011 δὴ
2726 2939 2953 3012 ἄρχεται
2976 2940 3244 2994 διδάσκειν
3275 2957 3335 2994 τε
3363 2940 3457 2995 καί
3486 2942 3724 3012 γράφειν

2132 3038 2226 3091 καί
2255 3035 2434 3105 λέγειν
2461 3036 2489 3089 ὁ
2519 3031 2902 3105 χαλεπώτατος
2918 3032 3109 3101 Μάνης
3125 3035 3181 3086 ὲν
3197 3032 3275 3102 τῷ
3291 3033 3431 3100 Περὶ
3458 3033 3724 3098 πίστεως

446 3115 887 3186 improbissimus
931 3114 1119 3169 Manes
1166 3112 1221 3167 in
1267 3128 1334 3168 eo
1389 3113 1552 3178 libro,
1599 3128 1761 3184 quem
1805 3111 1881 3166 De
1927 3111 2028 3182 [ide

2134 3127 2298 3182 αὐτοῦ
2330 3127 2493 3198 λόγῳ.
2543 3124 2767 3189 Βίϐλους
2811 3124 2921 3195 γάρ
2960 3116 3117 3187 οὗτος
3148 3124 3434 3195 διαφόρους
3466 3124 3681 3189 ἐξέθετο
3702 3141 3719 3154 °

448 3164 885 3186 ----,.--_-__7-_-___
1274 3164 1325 3168 --
1607 3164 1759 3184 γη
1806 3164 1871 3166 ω,
1927 3164 1958 3182 ,κ

447 3209 706 3281 scripsit;
756 3208 925 3264 libros
965 3210 1108 3262 enim
1146 3204 1326 3261 varios
1370 3204 1559 3273 edidit,
1605 3221 1837 3277 quorum
1888 3222 2028 3262 unus

2134 3164 2200 3182 “V
2217 3164 2298 3182 ’ν’
2331 3164 2493 3198 ηνιιιιο
2544 3164 2766 3189 ν”ν’“¹“’ν
2823 3164 2920 3195 δ”-ε’
2962 3164 3115 3187 ν”νν
3149 3164 3431 3195 “’““”Υ“’ί¹”⁴’“’ν
3467 3164 3615 3189 ’ἳ*ν“’
3630 3164 3680 3178 ’ν

2139 3220 2269 3292 μίαν
2316 3219 2417 3289 μὲν
2470 3217 2755 3290 ἰσάριθμον
2802 3217 3071 3271 εἰκοσιδύο
3104 3216 3384 3285 στοιχείων
3429 3217 3537 3270 τῶν
3577 3217 3724 3271 κατά

449 3302 640 3374 viginti
680 3302 815 3357 duas
845 3301 900 3356 in
926 3307 1128 3372 partes
1166 3297 1500 3355 distributus
1538 3306 1648 3363 est,
1687 3297 2028 3369 alphabetico

2134 3313 2234 3384 τὴν
2264 3311 2372 3364 τῶν
2396 3308 2582 3382 Σύρων
2608 3308 2942 3380 στοιχείωσιν
2967 3308 3034 3361 δι’
3057 3307 3388 3379 ἀλφαόήτων
3426 3307 3721 3378 συγκειμέ·

445 3395 639 3471 ordine
690 3409 793 3465 pro
848 3394 1151 3449 litterarum
1212 3393 1413 3465 quibus
1474 3391 1596 3464 Syri
1652 3399 1882 3446 utuntur
1932 3407 2028 3446 nu-

2134 3421 2232 3475 νην
2258 3420 2271 3432 ·
2302 3403 2539 3474 χρῶνται
2565 3401 2674 3472 γὰρ
2696 3401 2746 3453 οί
2773 3400 3014 3453 πλεῖστοι
3035 3398 3145 3453 τῶν
3172 3397 3400 3470 Περσῶν
3425 3391 3563 3469 μετὰ
3584 3399 3721 3469 Περ-

443 3502 635 3555 mero;
689 3502 817 3541 nam
862 3487 1114 3559 plerique
1160 3485 1452 3541 Persarum
1506 3495 1705 3555 praeter
1759 3485 2028 3539 elementa

2136 3494 2265 3548 σικά
2295 3495 2531 3564 στοιχεῖα
2577 3493 2671 3545 καὶ
2703 3489 2781 3561 τῷ
2821 3490 2979 3562 Σύρῳ
3014 3491 3325 3563 γράμματι,
3361 3486 3553 3560 ὥσπερ
3584 3489 3718 3559 παρ’

444 3577 661 3633 Persica
696 3576 961 3648 Syrorum
990 3591 1210 3647 quoque
1244 3574 1442 3630 litteris
1481 3583 1732 3639 utuntur,
1770 3573 2033 3644 quemad-

446 3668 667 3723 modum
708 3668 852 3738 apud
906 3683 1007 3722 nos
1050 3669 1352 3723 innumera:
1392 3675 1581 3736 gentes
1618 3664 1835 3721 Graecas
1876 3666 2034 3720 adhi—

442 3764 608 3825 bent,
661 3759 880 3816 tametsi
930 3760 1162 3832 singulm
1211 3759 1320 3815 fere
1364 3775 1495 3815 snas
1537 3774 1601 3813 ac
1640 3758 1895 3829 proprias
1927 3757 2031 3813 ha—

444 3853 628 3908 beant.
685 3852 792 3906 A‘Iii
846 3855 973 3908 vero
1018 3850 1467 3908 reconditissima
1532 3848 1795 3923 Syrorum
1845 3850 2032 3922 lingua

447 3958 571 3997 sese
641 3942 946 4008 venditant,
1023 3939 1336 4013 cuiusmodi
1407 3951 1493 3997 est
1547 3939 2028 4013 Palmyrenorum,

445 4048 607 4103 quam
644 4049 750 4089 una
773 4048 897 4088 cum
934 4032 1124 4105 viginti
1164 4032 1378 4088 duobus
1406 4031 1529 4102 ejus
1568 4032 1854 4089 elementis
1883 4034 2035 4089 adhi-

446 4125 595 4181 bent.
619 4122 767 4178 Hinc
793 4132 880 4179 est
918 4124 1065 4194 quod
1097 4123 1382 4181 Mauichaéi
1415 4125 1552 4180 liber
1588 4123 1812 4180 totidem
1854 4124 1909 4180 in
1940 4141 2030 4182 se-

443 4217 657 4273 ctiones
703 4214 968 4271 dividitur
1008 4234 1023 4271 :
1073 4216 1240 4287 hujus
1280 4215 1568 4286 inscriptio
1614 4223 1700 4272 est
1741 4214 2030 4273 Manicluei

444 4309 716 4380 mysteria.
750 4306 907 4363 Alius
943 4315 1026 4362 est
1063 4308 1155 4362 cui
1204 4305 1476 4362 Thesauro
1519 4323 1717 4363 nomen
1762 4307 2026 4364 inditum.

441 4400 646 4456 Practer
674 4399 812 4473 hos,
851 4398 988 4453 alios
1015 4397 1282 4469 quosdam
1322 4399 1391 4453 ad
1428 4398 1740 4456 illudendos
1780 4399 2029 4457 homines

2131 3588 2264 3657 ἡμῖν
2300 3585 2472 3638 πολλὰ
2511 3584 2638 3655 έθνη
2672 3587 2785 3647 τοῖς
2830 3583 3161 3655 Ἑλληνικοῖς
3187 3583 3509 3654 κέχρηνται,
3539 3581 3720 3634 καίτοι

2133 3695 2197 3745 γε
2220 3677 2388 3731 ὄντων
2416 3675 2599 3746 σχεδὸν
2626 3673 2770 3729 κατά
2793 3674 2946 3738 ἔθνος
2972 3674 3119 3729 ἰδίων
3138 3674 3507 3747 γραμμάτων.
3535 3671 3723 3726 Ἄλλοι

2132 3768 2189 3822 δὲ
2219 3766 2376 3839 δῆθεν
2402 3766 2503 3837 τὴν
2533 3764 2840 3837 βαθυτάτην
2861 3763 2971 3817 τῶν
2996 3751 3185 3837 Σύρων
3214 3762 3492 3816 διάλεκτον
3524 3760 3721 3832 σεμνύ-

2132 3877 2334 3927 νονται,
2373 3859 2472 3930 τήν
2497 3876 2557 3912 τε
2588 3855 2731 3931 [τὴν]
2774 3856 2915 3911 κατὰ
2951 3856 3051 3926 τὴν
3084 3854 3385 3928 Παλμύραν
3416 3854 3721 3920 διάλεκτον,

2132 3950 2304 4022 αὑτήν
2331 3965 2392 4003 τε
2424 3950 2517 4004 καὶ
2547 3949 2616 4003 τά
2639 3947 2820 4002 αὐτῶν
2851 3950 3121 4018 στοιχεῖα’
3158 3945 3428 4000 εἰκοσιδύο
3459 3947 3517 4001 δὲ
3542 3946 3721 4000 ταῦτα

2132 4044 2390 4116 ὑπάρχει.
2440 4042 2639 4114 Διόπερ
2675 4041 2771 4095 καὶ
2814 4041 2849 4112 ἡ
2892 4040 3033 4112 αὐτὴ
3067 4038 3248 4110 βίΰλος
3281 4039 3551 4094 εἰκοσιδύο
3575 4041 3721 4111 τμήσ-

2133 4152 2284 4207 ματα
2323 4134 2498 4203 λόγων
2531 4134 2835 4205 τέτμηται·
2885 4131 3060 4204 ταύτῃ
3093 4131 3149 4185 δὲ
3192 4130 3501 4203 ἐπιτίθησιν
3546 4130 3722 4202 ὄνομα

2132 4226 2465 4295 Μανιχαίου
2506 4223 2841 4294 μυστήρια·
2899 4223 3063 4295 ἑτέρᾳ
3112 4221 3171 4275 δὲ
3217 4223 3556 4291 Θησαυρός.
3605 4222 3721 4275 Καὶ

2132 4318 2296 4382 ἄλλας
2324 4316 2389 4390 δὴ
2423 4316 2641 4386 βίϐλους
2666 4313 2943 4376 καττύσας
2984 4313 3343 4384 φαντάζεται,
3374 4312 3466 4368 τόν
3490 4314 3722 4381 Μικρίν

2131 4411 2196 4484 δὴ
2224 4408 2538 4479 θησαυρὸν
2574 4407 2717 4461 οὕτω
2754 4406 3113 4477 καλούμενον,
3155 4406 3323 4478 ἀλλην
3353 4406 3412 4460 δὲ
3444 4405 3543 4477 τὴν
3571 4406 3717 4474 Περὶ

441 4493 743 4560 contexuit,
770 4493 918 4548 velut
944 4490 1205 4547 Hinorem
1227 4492 1551 4547 thesaurum.
1579 4493 1715 4548 Item
1750 4491 1825 4547 De
1851 4502 2028 4548 astro-

2134 4500 2550 4571 ἀστρολογίας.
2592 4500 2667 4552 Οὐ
2690 4498 2800 4570 γὰρ
2826 4498 3113 4552 ἀποδέουσι
3140 4498 3239 4568 τῆς
3273 4495 3531 4569 τοιαύτης
3564 4513 3722 4567 περι-

441 4590 608 4660 logia.
658 4586 851 4658 Neque
886 4588 1032 4643 enim
1068 4602 1100 4641 a
1127 4586 1363 4642 curiosis
1398 4585 1506 4642 illis
1560 4586 1773 4642 artibus
1812 4586 2019 4642 abhor-

444 4690 611 4737 rent:
665 4680 797 4752 quin
850 4678 1035 4750 potius
1084 4678 1438 4734 astronomiae
1485 4678 1773 4734 scientiam
1819 4694 1933 4748 prae
1966 4695 2028 4736 se

443 4771 645 4835 ferunt,
686 4787 751 4827 ac
794 4770 864 4827 de
905 4786 970 4825 ea
1014 4770 1328 4841 gloriantur.
1393 4767 1501 4824 Sed
1554 4777 1611 4826 et
1648 4770 1888 4826 amuleta
1922 4771 2030 4828 hoc

442 4874 526 4922 est
566 4881 803 4936 appensa
834 4862 1084 4935 quaedam
1114 4878 1146 4919 e
1178 4863 1321 4918 collo
1346 4903 1362 4928 ,
1408 4876 1619 4917 necnon
1656 4870 1712 4917 et
1744 4862 2031 4922 cautiones

439 4958 605 5031 630
651 4958 892 5028 magicas
937 4971 1002 5011 ac
1053 4955 1358 5027 praestigias
1393 4962 1679 5025 usurpant.
1714 4952 1919 5011 Verum
1949 4957 2030 5015 sic

442 5054 593 5122 illum
625 5064 788 5119 quem
823 5047 934 5104 dixi
959 5048 1162 5102 librum
1195 5046 1383 5104 Manes
1421 5046 1741 5103 exorditur:

509 5140 652 5198 XIV.
697 5140 832 5195 Erat
869 5140 1010 5194 Deus
1038 5149 1087 5194 et
1124 5141 1370 5205 materia,
1414 5140 1508 5193 tua;
1545 5149 1594 5192 et
1628 5138 1891 5201 tenebrae,
1936 5139 2027 5193 bo—

442 5253 565 5290 num
594 5243 642 5289 et
674 5232 896 5295 malum,
930 5245 1045 5299 quis
1087 5239 1197 5282 tam
1237 5231 1442 5298 penitus
1471 5229 1573 5283 sibi
1613 5230 1833 5285 invicem
1873 5240 2029 5285 erant

509 5458 624 5526 (Π)
658 5457 758 5510 Διὸ
795 5452 968 5509 αὐτοὶ
1025 5454 1081 5506 οἱ
1123 5450 1466 5526 Μᾳγιχαῖοι.
1507 5448 1651 5526 Ver_t_i
1687 5459 1866 5526 potest
1898 5472 1912 5508 :
1945 5453 2025 5507 0b

442 5531 495 5583 id
515 5518 814 5581 'Manichwi
845 5539 1003 5592 super
1039 5518 1330 5575 arundines
1353 5520 1572 5592 _cub_ant.
1599 5518 1734 5576 Nam
1776 5521 2027 5578 Mauarii

443 5605 731 5675 propterea
763 5588 918 5675 dicti,
953 5592 1100 5675 quod
1131 5592 1186 5675 in
1211 5590 1398 5645 mattis
1436 5588 1758 5647 dormirent.
1799 5595 1941 5665 Aug.
1993 5611 2026 5648 v

441 5662 613 5722 contr.
654 5663 917 5717 Faustum
952 5662 1190 5718 Manich.
1891 5662 1908 5665 '

515 5734 624 5814 (L8)
667 5730 873 5814 θςυμεῖς
897 5733 1089 5814 δεέπ)
1119 5727 1589 5814 thalamum-
1623 5731 2026 5814 ςρττίεεηάυιη

442 5800 880 5860 ex'Theodoreto
904 5803 1072 5860 videri
1105 5800 1396 5874 possitént
1427 5801 1525 5870 τὴν
1553 5802 1766 5857 Ἰνδίαν.
1792 5800 1946 5859 ’Ναω
1968 5812 2031 5859 ιιι

2129 4592 2322 4664 εργίας
2342 4609 2357 4621 ⁸
2406 4589 2541 4643 ἀλλά
2573 4588 2774 4660 μᾶλλον
2806 4588 2990 4651 αὐτοῖς
3019 4590 3077 4641 ὲν
3121 4585 3400 4658 προχείρῳ
3424 4587 3721 4657 καυχήμα-

2131 4702 2224 4747 τος
2248 4682 2534 4754 πρόκειται
2561 4678 2897 4751 ἀστρονομία
2919 4695 2933 4708 ·
2965 4680 3062 4733 καὶ
3091 4678 3462 4750 φυλακτήρια,
3496 4678 3641 4751 φημὶ
3659 4677 3721 4731 δὲ

2130 4777 2201 4830 τὰ
2240 4775 2541 4847 περίαπτα,
2591 4773 2687 4827 καί
2725 4771 2884 4826 ἄλλαι
2923 4771 3065 4836 τινὲς
3106 4771 3314 4841 ὲτοῳδαί
3361 4772 3458 4825 καὶ
3499 4788 3720 4842 μαγγα-

2132 4869 2293 4922 νεῖαι.
2336 4867 2598 4937 Ἀρχεται
2647 4861 2775 4933 γοῦν
2828 4863 2888 4916 ὲν
2937 4863 3007 4933 τῇ
3042 4861 3209 4916 αὑτοῦ
3268 4861 3436 4934 βίϐλῳ
3466 4861 3646 4932 λέγειν
3691 4864 3721 4915 ὁ

2133 4959 2295 5024 αὐτὸς
2327 4958 2521 5028 Μάνης
2540 4976 2553 4988 ·

2199 5144 2298 5197 ΙΔ¹.
2311 5136 2422 5197 Ἦν
2440 5141 2585 5206 Θεὸς
2599 5141 2696 5195 καί
2716 5140 2856 5208 ὕλη,
2873 5140 3000 5210 φῶς
3011 5141 3109 5195 καί
3126 5141 3369 5206 σκότος,
3383 5140 3608 5210 ἀγαθὸν
3624 5139 3725 5193 καί

2136 5230 2346 5299 κακὸν,
2368 5233 2491 5299 τοῖς
2520 5230 2710 5288 πᾶσιν
2729 5231 2927 5302 ἄκρως
2947 5234 3212 5298 ἐναντία,
3245 5234 3327 5300 ὡς
3354 5231 3507 5287 κατὰ
3529 5230 3727 5303 μηδὲν

2126 5454 2412 5529 Christum
2456 5453 2787 5529 imitaretur,
2839 5456 3222 5529 cognominem
3266 5457 3416 5514 illius
3466 5458 3728 5529 apostolq

2125 5524 2460 5597 discipulum
2494 5524 2550 5581 in
2585 5524 2795 5597 Indiam
2824 5524 3099 5597 allegavit.
3131 5525 3338 5581 Verum
3371 5524 3536 5597 etiam
3576 5524 3722 5583 infra

2127 5611 2184 5670 ῃ.
2228 5593 2290 5670 οι
2333 5593 2802 5670 Thomam__i_stum
2852 5593 3346 5667 pséudapostolum
3402 5599 3460 5653 in
3503 5596 3724 5670 Syriam

2128 5665 2469 5721 destinatum
2502 5664 2714 5723 scribit.

2197 5733 2249 5815 μ
2260 5732 2317 5805 9)
2351 5733 2950 5815 Ἐλεγε-ᾷὲ-ἐατέ-ζὸνό
2964 5735 3196 5806 Μάνης.
3220 5735 3334 5795 lmo
3361 5746 3415 5795 et
3435 5738 3722 5795 Christum

2130 5805 2374 5873 seipsum
2395 5805 2519 5861 esse
2562 5807 2737 5865 dixit:
2767 5805 3041 5863 Theodor.
