4078 6414
324 370 394 429 ἇθ
958 369 1331 428 ADVERSUS
1387 372 1737 430 lI/ERESES
1774 360 1903 431 LI'B.
1945 375 1954 430 1

2057 362 2223 433 rei].
2269 378 2332 434 ιι.
2374 410 2443 420 -
2482 378 2751 437 uanas.
2805 380 2989 437 var.
3542 387 3614 442 se

323 483 753 540 ἐπικοινωνεῖν
768 486 1019 554 θάτερον
1045 488 1287 557 θατέρῳ.
1324 489 1436 542 Καὶ
1466 481 1621 554 οὗτος
1652 490 1754 562 μέν
1779 491 1926 544 ἐστιν

2061 495 2326 557 ontraria,
2380 495 2531 549 nulla
2580 505 2638 548 ut
2691 495 2917 550 allerum
2972 512 3089 550 cum
3153 495 3320 549 altera
3373 513 3609 551 commu-

327 578 361 632 ό
386 576 666 648 πρόλογος
695 576 791 631 τοῦ
822 576 1084 650 ἀγύρτου.
1126 580 1411 635 Ἐντεῦθεν
1437 581 1665 653 ἄρχεται
1697 582 1798 653 τῆς
1824 582 1930 635 αὐ-

331 668 430 722 τοῦ
457 669 898 740 κακομηχανίας.
926 670 1038 725 Καὶ
1053 672 1086 740 ἠ
1112 671 1212 742 μὲν
1235 671 1416 742 βίϐλος
1436 675 1495 727 ὲν
1517 674 1709 729 πλάτει
1727 676 1927 741 κεῖται,

337 760 570 815 τοιαῦτά
598 778 723 815 τινα
751 761 932 832 φαῦλα
956 763 1094 817 ἄττα
1128 765 1478 837 περιέχουσα,
1507 761 1584 822 ὧν
1609 767 1705 839 τὴν
1734 768 1929 822 δυσκο-

340 852 483 919 λίαν,
522 853 621 908 καὶ
644 853 749 925 τὴν
777 856 1127 926 ἐναντιότητα
1157 856 1267 910 τῶν
1304 857 1478 927 λόγων
1506 860 1601 913 καὶ
1634 861 1730 914 ἀπ’
1757 860 1932 930 αὐτῆς

340 944 444 1015 τῆς
473 944 653 1016 ἀρχῆς
675 946 770 999 τοῦ
811 946 1014 1001 σκοποῦ
1051 947 1131 1001 ἔτι
1182 950 1564 1023 περιληπτέον.
1603 952 1667 1007 Et
1698 952 1806 1024 7&9
1838 952 1935 1006 καὶ

345 1035 518 1107 πολλὴ
561 1037 596 1105 ἡ
637 1036 798 1108 λοιπὴ
834 1037 1090 1108 φλυαρία,
1126 1039 1221 1093 καὶ
1268 1038 1522 1112 μυθώδης
1552 1040 1827 1105 ὑπόθεσις,
1867 1043 1937 1095 ὲκ

343 1128 448 1197 τῆς
477 1129 794 1199 εἰσαγωγῆς
831 1129 893 1183 τὸ
927 1131 1037 1183 πᾶν
1062 1130 1406 1203 δειχθήσεται
1434 1130 1538 1201 τῆς
1574 1131 1740 1185 αὐτοῦ
1763 1147 1934 1203 πονη-

350 1219 496 1290 ρίας.
520 1220 597 1272 Τὸ
622 1220 754 1290 γὰρ,
778 1215 899 1274 Ἦν
928 1220 1076 1288 θεὸς
1105 1220 1205 1276 καί
1235 1221 1376 1289 ὕλη,
1403 1223 1556 1276 οὐδὲν
1587 1222 1815 1277 ἀποδέον
1835 1223 1935 1294 τῆς

345 1309 460 1363 τῶν
494 1310 760 1382 Ἐλλήνων
788 1311 1023 1381 ματαίας
1053 1311 1311 1376 ὑπονοίας
1339 1313 1683 1385 ὑφηγήσατο.
1718 1313 1937 1366 Εὐάλω-

345 1420 444 1457 τον
471 1402 550 1465 δὲ,
580 1403 675 1456 καὶ
698 1403 901 1475 ῥᾴδιον,
932 1404 1029 1457 καὶ
1054 1404 1420 1459 εὐκατάλυτον
1447 1406 1549 1476 τῆς
1569 1406 1936 1474 συκοφαντίας

348 1494 512 1548 τοῦτο
554 1494 617 1547 τὸ
658 1496 1061 1567 κενοφρόνημα.
1121 1496 1226 1550 Δύο
1272 1495 1383 1567 γὰρ
1425 1497 1715 1551 ὲπιτοαυτὸ
1747 1493 1935 1570 [εἶναι]

2032 588 2186 642 nione
2206 588 2544 658 jungcrelur.
2593 587 2709 644 Hoc
2743 591 2907 645 modo
2942 590 3234 652 circulator
3281 590 3385 644 iste
3423 589 3617 661 praeia—

2034 686 2145 734 tur.
2195 678 2334 734 Tum
2373 680 2672 750 pessimum
2722 680 2918 751 dogma
2957 680 3234 749 explicare
3280 679 3612 749 aggreditur.

2031 771 2130 825 Est
2159 781 2342 826 autem
2383 772 2520 826 liber
2558 772 2649 827 ille
2695 767 2976 827 fusissime
3014 772 3275 841 scriptus,
3317 784 3382 823 ac
3420 781 3619 824 caetera

2034 860 2283 927 eiusdem
2342 862 2562 932 generis
2614 862 2758 915 mala
2816 869 2870 915 et
2937 863 3122 931 inepta
3175 859 3616 929 complectitur:

2034 967 2270 1023 quorum
2318 953 2639 1023 perplexam
2687 951 3101 1016 obscuritatem,
3140 949 3618 1004 contrarietatem-

2035 1063 2143 1117 que
2168 1061 2483 1102 sermonum
2512 1045 2627 1117 jam
2657 1053 2771 1100 tum
2803 1044 2873 1100 ab
2902 1044 3022 1113 ipso
3065 1041 3373 1111 argumenti
3417 1039 3621 1110 princi-

2036 1138 2129 1208 pio
2177 1136 2613 1191 animadvertere
2652 1142 2889 1206 oportet.
2934 1132 3087 1187 Licet
3133 1132 3278 1187 enim
3328 1146 3539 1200 magum
3567 1130 3622 1183 in

2037 1230 2265 1299 reliquis
2307 1244 2467 1300 nugae
2517 1243 2581 1283 ac
2622 1227 2817 1282 fabula:
2857 1228 3001 1290 sint,
3037 1241 3102 1279 ex
3133 1225 3253 1294 ipso
3296 1231 3476 1276 tamen
3513 1221 3626 1290 pri-

2037 1321 2250 1376 mordio
2292 1327 2406 1375 tota
2438 1320 2584 1375 illius
2623 1320 2947 1390 improbitas
2999 1316 3237 1388 pateﬁet.
3283 1312 3440 1380 Quod
3480 1311 3627 1366 enim

2038 1413 2265 1477 scribit,
2307 1411 2440 1467 Erat
2462 1410 2605 1469 Deus
2633 1423 2681 1465 et
2713 1410 2965 1475 materia,
2997 1424 3121 1464 cum
3154 1408 3449 1461 vanissima
3491 1420 3627 1473 gen-

2038 1506 2216 1560 tilium
2269 1503 2665 1574 superstitione
2715 1501 2993 1574 congruit.
3040 1499 3147 1554 Sed
3188 1506 3242 1554 et
3285 1496 3627 1552 calumniosa

351 1586 629 1657 σύγχρονά
657 1603 717 1640 τε
744 1588 841 1640 καὶ
870 1587 1015 1641 ἀΐδια
1044 1587 1104 1653 ἐξ
1126 1587 1365 1656 εὐλόγων
1391 1589 1667 1660 λογισμῶν
1689 1589 1784 1643 καὶ
1808 1607 1938 1644 συν-

2057 1597 2135 1650 lla
2189 1595 2481 1666 iuuenisque
2552 1594 2827 1650 sententia
2889 1591 3144 1647 convinci
3200 1589 3351 1643 nullo
3408 1584 3630 1656 negotio

347 1680 481 1750 ετῆς
511 1679 723 1743 εὐνοίας
750 1679 1012 1733 ἀδύνατον
1033 1674 1173 1733 εἶναι
1202 1680 1354 1751 παρὰ
1374 1681 1452 1753 τῷ
1469 1680 1675 1752 κρίνειν
1701 1680 1939 1750 εὐλόγως

2057 1686 2427 1755 :onl'utarique
2474 1691 2674 1755 potest.
2728 1681 2944 1737 Etenim
3000 1681 3111 1735 duo
3159 1677 3324 1735 simul
3373 1684 3432 1731 ut
3484 1676 3630 1730 exsi-

350 1768 699 1838 γινώσκοντι.
766 1772 877 1824 Καὶ
921 1771 1192 1840 γνωστέον
1238 1772 1399 1826 τοῦτο
1448 1773 1605 1827 ἔσται
1647 1774 1813 1826 παντὶ
1858 1772 1939 1842 τῷ

2057 1787 2192 1834 stant
2218 1777 2448 1847 aequalis
2478 1776 2579 1830 aevi
2619 1789 2684 1830 ac
2726 1773 3088 1844 sempiterna,
3133 1768 3248 1824 ﬁeri
3280 1767 3433 1822 nullo
3468 1765 3633 1820 modo

351 1860 574 1916 σύνεσιν
607 1862 951 1933 κεκτημένῳ.
997 1863 1059 1917 Εἰ
1091 1864 1204 1935 γὰρ
1244 1864 1314 1919 τὰ
1349 1865 1443 1919 δύο
1475 1865 1775 1936 σύγχρονα,
1817 1864 1942 1918 οὐδὲ

2057 1876 2257 1940 potest;
2295 1869 2375 1924 uti
2401 1882 2537 1923 sana
2578 1880 2643 1921 ac
2678 1863 2922 1936 prudens
2953 1864 3095 1918 ratio
3129 1862 3178 1918 ei
3219 1860 3378 1915 facile
3402 1872 3633 1930 persua-

353 1953 462 2007 κᾶν
490 1953 568 2024 τῷ
593 1954 820 2024 ὀνόματι
861 1954 1201 2026 διήλλακται.
1251 1956 1370 2010 Πᾶν
1397 1956 1509 2028 γὰρ
1545 1956 1608 2009 τὸ
1643 1954 1941 2027 σύηρονον

2057 1962 2196 2024 terit,
2215 1957 2689 2031 quirectojudicio
2715 1958 2787 2011 sit
2806 1955 3089 2027 praeditus.
3114 1954 3293 2024 Atque
3322 1954 3426 2007 hoc
3466 1950 3632 2003 intel-

352 2045 452 2099 καὶ
476 2046 767 2102 συναϊδιον,
795 2045 868 2100 Τδ
891 2047 949 2101 δὲ
972 2048 1242 2103 συναῖδιον
1262 2048 1356 2103 καὶ
1373 2048 1461 2102 ἀεὶ
1486 2048 1757 2120 ὑπάρχον,
1781 2046 1942 2100 τοῦτο

2057 2050 2217 2122 .igens
2246 2048 2481 2120 quisque
2519 2062 2857 2118 cognoscere
2901 2044 3085 2099 debet.
3138 2044 3275 2096 Nam
3321 2040 3367 2095 si
3407 2038 3633 2108 aequalia

352 2137 511 2202 Θεὸς,
548 2138 781 2209 μάλιστα
829 2138 938 2192 ἀπό
976 2156 1119 2203 τινος
1147 2139 1320 2193 αἰτίου
1349 2139 1526 2212 ἀρχὴν
1574 2140 1649 2211 μὴ
1696 2139 1939 2208 εἰληφός.

354 2232 527 2286 Οὖδὲν
555 2232 664 2304 7&9
694 2232 864 2285 ἀΐδιον
894 2231 929 2304 ἢ
966 2233 1125 2302 μόνον
1161 2232 1316 2297 Θεός.
1368 2233 1656 2304 Διαφόροις
1687 2232 1796 2303 γὰρ
1824 2231 1943 2286 ὀνό-

362 2339 498 2391 μασι
517 2323 717 2385 ταύτας
738 2322 840 2386 τὰς
868 2322 1042 2393 ἀρχὰς
1062 2320 1269 2388 ὲξέθου,
1292 2317 1338 2377 ὦ
1368 2322 1613 2395 βάρϐαρε
1632 2325 1732 2396 τὴν
1751 2323 1944 2394 φρένα,

359 2414 457 2466 καὶ
492 2414 716 2484 πολέμιε
746 2413 847 2485 τῆς
873 2414 1223 2484 ἀνθρωπείας
1251 2414 1489 2485 φύσεως.
1540 2416 1615 2468 Τὸ
1644 2415 1743 2487 μὲν
1760 2414 1946 2481 ὲξέθου

359 2506 503 2575 φῶς,
526 2507 588 2559 τὸ
625 2506 682 2559 δὲ
717 2506 929 2569 σκότος,
967 2506 1028 2558 τὺ
1072 2505 1116 2560 δ’
1152 2500 1220 2559 αὖ
1251 2505 1480 2574 ἀγαθὸν,
1520 2507 1615 2560 καὶ
1652 2506 1714 2559 τὸ
1760 2507 1949 2577 ἕτερον

358 2596 553 2651 κακόν.
586 2596 820 2659 Φάσκεις
850 2595 929 2659 δὲ,
961 2596 1044 2649 ὅτι
1074 2597 1186 2659 τοῖς
1221 2597 1385 2649 πᾶσιν
1412 2595 1597 2668 ἄκρως
1628 2597 1746 2649 ἐστὶ
1773 2596 1951 2652 ταῦτα

361 2687 602 2753 ἐναντία,
622 2688 697 2751 ὡς
726 2686 868 2741 κατά
889 2686 1055 2758 μηδὲν
1069 2688 1442 2741 ἐπικοινωνεῖν
1462 2687 1689 2757 θάτερον
1714 2687 1949 2760 θατέρῳ.

362 2780 574 2834 Οὐκοῦν
601 2780 855 2850 χωρίζεις
883 2779 1055 2832 ταῦτα
1084 2778 1179 2832 ἀπ’
1209 2778 1478 2850 ἀλλήλων.
1513 2778 1684 2849 Δῆλον
1713 2779 1842 2851 γὰρ,
1871 2781 1952 2835 ὅτι

361 2872 603 2933 ἐναντία,
626 2871 700 2934 ὡς
735 2869 891 2941 ἔφης.
940 2871 1002 2923 Εἰ
1042 2871 1099 2924 δὲ
1139 2869 1369 2924 συνόντα
1400 2871 1643 2940 πέφυκε,
1685 2871 1814 2940 φίλα
1858 2873 1955 2924 καὶ

366 2962 657 3032 σύμφωνα,
691 2962 784 3015 καὶ
810 2960 1058 3032 ἀλλήλοις
1090 2961 1318 3015 συνόντα
1339 2962 1716 3034 εὑρεθήσεται,
1740 2962 1956 3015 συνδια-

364 3054 625 3125 τρίϐοντά
655 3070 715 3107 τε
750 3054 847 3107 καὶ
887 3052 1378 3122 συγκοινωνοῦντα,
1415 3055 1509 3109 καὶ
1542 3056 1665 3127 μηδ’
1694 3055 1831 3120 ὅλως
1860 3058 1955 3110 ἀπ’

2048 2152 2290 2211 tempore
2315 2140 2423 2194 duo
2448 2144 2601 2202 sunt,
2626 2151 2694 2190 ne
2711 2134 3070 2206 appellatione
3094 2130 3315 2202 quidem
3351 2127 3631 2185 diﬁ‘erunt.

2049 2230 2330 2303 Quidquid
2362 2230 2509 2285 enim
2533 2229 2742 2299 aequale
2776 2235 2861 2283 est
2919 2224 3078 2280 alteri
3112 2230 3380 2292 tempore,
3417 2236 3543 2276 cum
3570 2234 3637 2274 eo

2047 2340 2270 2397 quoque
2307 2323 2669 2378 aeternitatem
2719 2319 2883 2374 habet
2921 2317 3210 2387 aequalem.
3257 2315 3413 2381 Quod
3453 2324 3636 2366 autem

2048 2419 2259 2490 aequale
2298 2423 2385 2471 est
2417 2414 2743 2476 aeternitate,
2786 2426 2849 2465 ac
2882 2424 3098 2480 semper
3127 2406 3366 2468 exsistit,
3400 2404 3638 2475 idipsum

2051 2512 2197 2568 Deus
2239 2517 2347 2577 est,
2398 2498 2525 2561 eum
2577 2504 2880 2577 praesertim
2928 2503 3078 2556 nulla
3126 2500 3194 2555 ab
3224 2513 3392 2554 causa
3422 2497 3641 2551 initium

2053 2600 2344 2671 acceperit.
2395 2595 2542 2650 Nihil
2584 2594 2730 2649 enim
2779 2599 2977 2663 praeter
3013 2589 3184 2645 Deum
3230 2595 3316 2643 est
3350 2594 3639 2642 aeternum.

2054 2694 2136 2749 Ad
2164 2695 2285 2747 haec
2315 2693 2421 2747 ista
2449 2688 2717 2761 principia
2750 2686 2984 2742 diversis
3022 2686 3336 2738 nominibus
3372 2678 3643 2765 extulisti,

2054 2788 2220 2842 homo
2245 2783 2464 2854 ingenio
2504 2781 2759 2843 barbare,
2795 2788 2849 2834 et
2886 2778 3111 2833 humani
3154 2775 3369 2848 generis
3399 2773 3645 2828 inimice.

2054 2881 2192 2938 Nam
2229 2880 2377 2935 aliud
2421 2877 2599 2932 lucrm
2641 2873 2948 2945 appellasti,
2994 2869 3142 2924 aliud
3179 2869 3443 2933 tenebrru,
3500 2860 3646 2918 aliud

2057 2974 2284 3037 bonum,
2306 2968 2454 3024 aliud
2477 2968 2699 3021 malum.
2719 2964 2889 3019 Addis
2913 2975 3125 3018 summe
3148 2960 3264 3014 haec
3288 2957 3522 3011 invicem
3542 2953 3649 3009 sibi

2058 3060 2477 3123 essecontraria
2499 3077 2513 3123 ;
2533 3058 2669 3114 nihil
2694 3066 2751 3110 ut
2768 3055 2862 3111 uni
2885 3055 2955 3109 sit
2983 3068 3108 3107 cum
3131 3051 3304 3105 altero
3333 3061 3645 3103 commune.

366 3147 616 3217 ἀλλήλων
639 3145 1091 3217 ἀπαλλαττόμενα
1127 3145 1196 3199 δι’
1231 3146 1535 3218 ὑπερϐολὴν
1560 3149 1764 3216 φιλίας.
1808 3148 1873 3200 Εἰ
1902 3148 1954 3201 δὲ

2064 3157 2230 3227 Igitur
2257 3168 2288 3207 a
2323 3168 2384 3209 se
2430 3151 2524 3205 illa
2548 3155 2737 3202 mutua
2773 3158 3031 3215 separas;
3061 3155 3239 3210 neque
3273 3137 3501 3193 dubium
3537 3146 3645 3194 ρει,

369 3240 537 3310 χωρὶς
555 3238 798 3310 ἀλλήλων
825 3239 961 3299 ἐστὶ,
988 3238 1206 3302 πάντως
1221 3238 1452 3292 ἕκαστον
1474 3238 1678 3293 τούτων
1702 3240 1953 3311 πεπέρα-

372 3349 515 3384 σται.
549 3332 662 3384 Πᾶν
689 3332 746 3385 δὲ
771 3332 833 3384 τὸ
864 3331 1303 3403 πεπερασμένον,
1322 3333 1384 3385 οὐ
1406 3332 1632 3389 τέλειον.
1681 3333 1954 3404 ὐρίζεται

368 3424 483 3493 7&9
521 3421 587 3477 δι’
617 3422 784 3477 αὑτοῦ
804 3424 819 3453 ¹
856 3424 1222 3496 πεπεράσθαι.
1266 3424 1475 3487 ’Ἄλλως
1511 3424 1567 3477 δὲ
1594 3424 1688 3478 καὶ
1717 3425 1957 3497 ζητηθή-

372 3534 527 3571 σεται
548 3518 692 3588 ὂριον
719 3519 798 3581 είς
822 3517 1197 3587 διαπερασμὸν
1227 3516 1575 3587 ἀμφοτέρων,
1598 3516 1685 3571 ἵνα
1713 3518 1787 3589 μὴ
1815 3520 1959 3572 κατὰ

370 3610 442 3663 τὰ
467 3609 716 3681 τέρματα
761 3608 1012 3681 ἀλλήλοις
1044 3609 1397 3679 ἐφαπτόμενα
1429 3609 1719 3684 ἀμφότερα
1749 3611 1817 3664 τὰ
1854 3612 1961 3667 ἴδια

370 3702 461 3756 διὰ
497 3702 605 3756 τῶν
631 3703 917 3775 τερμάτων
945 3700 1196 3773 ἀλλήλοις
1225 3701 1584 3772 συνάπτηται,
1620 3702 1715 3756 καὶ
1752 3703 1963 3756 ἐπικοι-

372 3796 633 3866 νωνήσειε
660 3795 887 3866 θάτερον
927 3792 1160 3866 θατέρῳ,
1200 3795 1294 3847 καὶ
1337 3793 1427 3849 τὸν
1458 3794 1556 3865 τῆς
1590 3794 1961 3865 ἐναντιότητος

372 3888 614 3961 ἀφανίσῃ
635 3889 772 3960 ὅρον.

2062 3244 2526 3318 quandoquidem,
2560 3248 2618 3296 ut
2662 3239 2820 3302 diris,
2860 3235 3137 3291 contraria
3181 3240 3329 3287 sunt.
3384 3229 3549 3298 Atqui
3600 3227 3649 3282 si

2061 3354 2126 3392 ex
2158 3344 2355 3390 natura
2411 3346 2511 3387 sua
2569 3343 2676 3382 una
2731 3340 3041 3385 versentur,
3082 3334 3426 3390 consequens
3459 3324 3543 3372 est
3591 3322 3651 3369 ut

2063 3436 2119 3484 et
2160 3426 2338 3481 amice
2387 3423 2624 3477 invicem
2662 3418 3033 3479 consentiant,
3082 3421 3378 3482 mutuaque
3420 3408 3652 3479 conjun-

2065 3519 2253 3575 ctione
2311 3529 2378 3569 ac
2427 3507 2834 3568 consuetudine
2882 3506 3181 3566 sociemur,
3239 3515 3416 3572 neque
3459 3515 3489 3553 a
3532 3512 3654 3553 sese

2068 3625 2182 3683 prae
2212 3620 2400 3662 amore
2441 3619 2506 3658 ac
2552 3600 2851 3657 concordia
2906 3596 3255 3653 divellantur.
3290 3592 3449 3659 Quod
3477 3592 3523 3647 si
3570 3592 3655 3683 in—

2073 3680 2244 3757 vicem
2296 3700 2548 3765 separata
2597 3697 2749 3753 sunt,
2797 3689 2994 3744 horum
3050 3685 3482 3755 unumquodque
3531 3680 3656 3735 ﬁui-

2068 3804 2184 3851 tum
2237 3790 2310 3848 sit
2351 3794 2581 3859 oportet.
2626 3782 2783 3850 Quod
2827 3790 3008 3835 autem
3056 3778 3269 3833 ﬁnitum
3314 3784 3420 3841 est,
3478 3773 3674 3845 peric--

2071 3900 2219 3944 ctum
2266 3898 2375 3937 non
2411 3888 2519 3948 est;
2549 3884 2635 3933 est
2675 3875 2821 3931 enim
2865 3874 2970 3928 ﬁne
3020 3886 3120 3928 suo
3160 3868 3655 3937 circumscriptum.

373 3982 518 4049 Quin
542 3984 708 4039 etiam
738 3983 1004 4039 terminus
1032 3983 1231 4054 aliquis
1273 3981 1631 4053 requirendus
1668 3983 1797 4048 erit,
1836 3986 1931 4056 qui
1970 3995 2267 4053 utrumque
2299 3976 2555 4041 deﬁniat;
2591 3990 2680 4034 ne,
2714 3971 2762 4028 si
2792 3986 2851 4025 se
2880 3975 3072 4024 mutuo
3095 3964 3458 4033 contigerint,
3503 3976 3658 4056 com-

377 4076 637 4130 munione
661 4076 840 4146 aliqua
872 4051 1138 4131 extremis
1164 4075 1272 4130 illis
1296 4051 1362 4129 inv
1384 4074 1582 4130 ﬁnibus
1621 4051 1945 4147 copulentur

2057 4051 2360 4148 alatque
2399 4068 2475 4123 ita
2507 4065 2805 4121 constituta
2831 4061 2921 4115 illa
2951 4058 3317 4114 contrarietas
3346 4051 3659 4110 intercidat.

448 4167 560 4220 Καὶ
589 4168 636 4219 εί
664 4166 807 4237 aeq;
834 4184 889 4220 τι
911 4167 1148 4237 διεῖργον
1174 4167 1446 4238 ἀναμέσον
1474 4167 1583 4220 τῶν
1611 4146 1954 4241 ἀμφοτέρων,

2076 4146 2101 4148 ⁷
2143 4168 2262 4222 1am
2294 4177 2424 4220 vero
2454 4161 2499 4217 si
2532 4156 2834 4229 quidpiam,
2870 4152 3017 4224 quod
3063 4152 3154 4205 illa
3186 4149 3429 4212 dirimat,
3470 4146 3659 4199 ambo-

376 4257 564 4312 οὐκέτι
607 4258 669 4311 τὸ
702 4234 937 4331 διεῖργον
974 4234 1161 4329 ὅμοιον
1218 4234 1372 4311 ἔσται
1413 4257 1624 4322 τούτοις
1638 4234 1665 4323 ,1
1705 4234 1954 4314 ἀλλ”οὕθ

2068 4272 2191 4312 rum
2226 4257 2282 4311 in
2322 4252 2505 4309 medio
2539 4244 2923 4309 collocaveris,
2957 4258 3065 4298 non
3107 4246 3289 4310 potest
3328 4236 3383 4291 id
3414 4235 3558 4307 quod
3584 4234 3664 4289 di-

375 4354 566 4423 ἕτερον
586 4350 739 4405 ἔσται
762 4325 875 4416 τοῖς
894 4325 1246 4423 ἀμφοτέροις.
1278 4352 1342 4404 Et
1358 4349 1468 4422 7&9
1483 4352 1590 4404 ἀπὸ
1619 4352 1737 4414 ἐνὸς
1764 4352 1954 4424 μέρους

2071 4349 2221 4405 rimit
2273 4346 2492 4399 illorum
2543 4354 2666 4396 esse
2723 4335 2924 4398 simile,
2969 4333 3065 4388 sed
3099 4331 3166 4385 ab
3202 4336 3435 4394 utraque
3483 4325 3663 4378 (liver-

380 4413 1190 4516 dﬁpouuﬁﬁcerat‘rb'sisiﬁov
1209 4413 1297 4497 ένὶ
1316 4413 1425 4499 των
1439 4413 1545 4497 ’δύο
1570 4443 1679 4497 τῶν
1695 4413 1865 4515 πρότε
1873 4413 1954 4516 poi

2070 4455 2214 4496 sum.
2251 4434 2461 4490 Etenim
2492 4431 2537 4487 si
2567 4431 2636 4484 ab
2669 4440 2777 4481 una
2801 4433 2957 4495 parte
2998 4423 3051 4478 id
3078 4420 3224 4491 quod
3251 4423 3472 4516 separat
3499 4413 3661 4467 alteri

379 4506 697 4607 εἰῇμένων
727 4536 941 4600 ἀϊδίων,
996 4506 1118 4590 ἀπὸ.
1149 4536 1244 4591 τοῦ
1296 4506 1755 4607 ἀφομοιουμένουΠ
1779 4506 1954 4591 οὐδίέτι

2071 4545 2136 4584 ex
2182 4523 2406 4584 atternis
2446 4521 2557 4576 illis
2592 4515 2877 4590 principiis
2920 4512 3099 4568 simile
3145 4510 3328 4573 fuerit,
3371 4506 3439 4561 ab
3468 4520 3534 4560 eo
3567 4520 3666 4558 cu-

379 4594 662 4699 ἀλλότριον
703 4628 789 4701 εἴη
835 4629 896 4682 τὸ
928 4594 1201 4702 διεῖργον,
1258 4594 1845 4700 ἀλλὰισυναπτόμενον
1886 4627 1954 4700 τίξ

2064 4621 2160 4692 jus
2213 4613 2631 4673 similitudinem
2690 4609 2877 4671 habet,
2934 4620 3045 4659 non
3099 4601 3205 4658 erit
3253 4600 3514 4701 alienum,
3570 4594 3667 4650 sed

376 4693 819 4792 ἀφομοιουμένιρ,
851 4721 946 4773 καὶ
966 4693 1053 4774 διά
1083 4693 1179 4773 τοῦ
1208 4717 1555 4791 ὲξισουμένου
1587 4693 1787 4792 μέρους
1815 4693 1954 4771 ἐστῶ

2068 4725 2193 4765 cum
2227 4724 2292 4763 eo
2336 4703 2714 4775 conjunctum.
2757 4698 2969 4769 Quippe
2999 4710 3094 4766 per
3150 4693 3292 4746 hanc
3334 4693 3508 4759 ipsam
3549 4700 3670 4757 par—

378 4816 417 4884 ἠ
452 4813 738 4882 συνάφεια,
794 4813 889 4867 καὶ
913 4812 1098 4867 οὐκέτι
1130 4812 1627 4885 τερματισθήσεται
1666 4812 1724 4863 ὲν
1758 4812 1825 4883 τῇ
1864 4808 1974 4863 τῶν

375 4907 475 4960 δύο
499 4905 716 4974 φύσεων
746 4906 842 4959 ἀπ’
878 4905 1125 4976 ἀλλήλων
1159 4904 1460 4960 διαστάσει.
1518 4904 1583 4957 Εἰ
1607 4903 1664 4956 δὲ
1699 4901 1795 4956 καὶ
1822 4902 1970 4956 ἐστιν

377 4994 505 5050 οὔτε
533 4997 718 5068 ὅμοιον
742 4996 851 5050 τῶν
876 4996 988 5061 δύο,
1028 4997 1153 5052 οὔτε
1184 4997 1411 5069 μέτοχον
1451 4997 1559 5050 ἀπὸ
1583 4997 1783 5069 μέρους
1816 4996 1974 5050 θατέ-
2030 5052 2037 5060 ,

379 5108 499 5162 pou,
552 5088 738 5142 οὐκέτι
763 5088 858 5143 δύο
910 5090 1026 5144 ἐστὶ
1054 5091 1125 5145 τὰ
1159 5090 1327 5155 ἀΐδια,
1362 5089 1459 5143 καὶ
1503 5089 1592 5143 ἀεὶ
1621 5088 1778 5143 ὄντα·
1838 5087 1975 5142 ἀλλὰ

377 5178 567 5232 λοιπὸν
600 5177 717 5232 ἔστι
748 5178 896 5251 τρία,
942 5180 1034 5233 καὶ
1066 5179 1253 5234 οὐκέτι
1295 5178 1391 5234 δύο
1418 5179 1604 5252 ἀρχαὶ,
1637 5179 1731 5232 καὶ
1757 5178 1851 5233 δύο
1877 5179 1973 5234 ἀλ·-

378 5270 566 5341 λήλοις
582 5269 803 5325 ἐναντία
819 5269 889 5324 τὰ
918 5270 1130 5342 πρῶτα,
1155 5269 1296 5326 ἀλλὰ
1316 5270 1498 5343 τρίτον
1524 5269 1675 5335 ἄλλο,
1697 5269 1793 5327 καὶ
1822 5272 1979 5324 ἐναν-

376 5363 498 5417 τίον
530 5362 640 5416 τῶν
671 5362 1020 5435 ἀμφοτέρων,
1060 5364 1157 5420 καὶ
1186 5362 1442 5435 ἀνόμοιον
1472 5365 1586 5427 τοῖς
1620 5363 1973 5435 ἀμφοτέροις»

382 5456 479 5508 καὶ
508 5454 744 5527 διεῖργον
770 5455 1042 5526 ἀναμέσον
1066 5457 1179 5510 τοῖν
1202 5455 1371 5520 δυοῖν,
1393 5455 1490 5509 καὶ
1520 5456 1594 5527 μὴ
1615 5455 1826 5528 θατέρῳ
1855 5456 1977 5508 ἐπι-

382 5533 676 5600 )ὶοινωνοῦν
703 5546 790 5600 διὰ
810 5545 872 5599 τὸ
897 5545 1207 5612 ἀλλόκοτον,
1232 5547 1328 5600 καὶ
1345 5545 1469 5601 οὔτε
1490 5545 1818 5618 ἀμφοτέρων
1841 5545 1978 5616 λαμ-

383 5637 548 5693 εάνον
587 5638 689 5709 τὴν
728 5638 1010 5709 ὁμοίωσιν.
1073 5638 1185 5692 Καὶ
1221 5638 1407 5693 λοιπὸν
1440 5638 1593 5695 ἔσται
1628 5636 1816 5693 οὐκέτι
1861 5635 1976 5704 δύο,

461 5818 479 5849 ⁸
504 5816 629 5889 Leg.
670 5815 836 5872 αὐτοῦ
864 5814 985 5871 τοῦ.

2070 4811 2203 4863 tem,
2246 4813 2354 4871 qua
2394 4796 2464 4852 ad
2537 4791 2672 4849 illud
2711 4789 2946 4853 accedit,
2992 4785 3245 4857 quaedam
3294 4781 3661 4837 contrahetur

2080 4891 2357 4959 allinitas;
2403 4891 2548 4946 unde
2582 4889 2768 4943 nullus
2793 4886 2906 4956 jam
2943 4885 2997 4939 in
3041 4883 3328 4937 ambarum
3363 4875 3673 4933 contraria-

2079 5002 2201 5041 rum
2250 4984 2486 5041 invicem
2532 4990 2855 5037 naturarum
2904 4976 3142 5032 divortio
3184 4971 3454 5029 terminus
3502 4969 3671 5025 relin-

2079 5084 2296 5150 quetur.
2334 5076 2404 5129 At
2441 5075 2487 5128 si
2512 5086 2693 5143 neque
2736 5069 3025 5124 amborum
3068 5066 3246 5122 simile
3277 5071 3384 5132 est,
3423 5077 3525 5117 nec
3562 5061 3671 5114 ulla

2079 5168 2164 5225 sui
2193 5177 2349 5240 parte
2375 5182 2500 5222 cum
2531 5164 2706 5219 altero
2736 5161 3138 5222 communicat,
3175 5158 3374 5214 falsum
3403 5163 3489 5212 est
3512 5162 3672 5208 reter-

2081 5277 2152 5317 na
2182 5276 2308 5317 esse
2354 5260 2495 5326 duo,
2548 5271 2671 5329 quae
2728 5269 2946 5326 semper
2988 5251 3327 5316 exstiterint,
3386 5249 3512 5304 cum
3563 5243 3672 5297 tria

2082 5363 2438 5424 consurgant.
2480 5349 2669 5422 Itaque
2694 5346 2872 5421 neque
2910 5347 3022 5403 duo
3045 5345 3155 5414 jam
3181 5347 3344 5399 erunt
3374 5333 3668 5409 principia.

2082 5462 2262 5516 neque
2299 5444 2411 5500 duo
2450 5443 2629 5516 prima
2676 5442 2911 5498 invicem
2954 5436 3269 5500 contraria;
3307 5432 3402 5489 sed
3449 5428 3671 5484 tertium

2082 5536 2360 5610 quoddam
2416 5537 2648 5603 orietur,
2701 5536 2923 5605 utrique
2980 5528 3343 5593 contrarium,
3391 5538 3457 5578 ac
3509 5517 3674 5575 dissi-

2086 5631 2235 5703 mile,
2282 5645 2392 5703 quo
2421 5630 2610 5687 eadem
2642 5628 2736 5685 illa
2777 5629 3144 5696 separantur:
3179 5615 3328 5691 quod
3368 5613 3505 5673 nihil
3543 5625 3672 5668 cum
