4078 6446
459 365 523 421 si
1880 349 1936 403 S.
1981 346 2320 402 EPIPUANII
2822 386 2825 389 ς
3655 343 3723 396 9‘2

463 479 730 532 alterutro
777 487 1065 533 commune
1112 478 1332 541 propter
1385 468 1760 524 diversitatem
1806 468 2036 530 habeat,

2143 466 2278 519 ἀλλά
2304 464 2432 536 τρία
2458 461 2651 517 ταῦτα.
2705 461 2913 525 ’Ἄλλως
2942 461 3001 516 δὲ
3034 462 3129 514 καὶ
3168 458 3535 530 ζητηθήσεται
3563 457 3725 521 ἄλλος

461 582 566 623 nec
593 566 875 621 amborum
915 564 1093 619 simile
1115 562 1207 617 sit.
1242 560 1318 613 lta
1360 575 1468 613 non
1497 558 1611 628 jam
1637 557 1773 625 duo,
1813 558 1930 622 sed,
1963 560 2044 613 uti

460 658 669 712 dictum
697 665 802 719 est,
838 656 940 710 tria
971 651 1312 709 numeranda
1341 658 1492 712 sunt,
1534 651 1630 705 sed
1660 658 1715 704 et
1739 649 1880 703 alius
1912 649 2039 719 qui-

460 745 728 817 dam,qui
769 746 981 801 medius
1022 742 1370 804 interveniat,
1406 740 1733 811 quaerendus
1761 748 1884 805 est;
1926 740 2040 795 sive

461 847 713 908 quartus,
738 837 831 907 qui
873 832 1184 891 istiusmodi
1215 832 1507 888 terminum
1539 831 1814 886 immittat.
1853 830 2040 902 Neque

459 929 605 983 enim
642 928 753 984 duo
796 928 898 982 soli
943 926 1240 983 terminum
1277 925 1444 985 hunc,
1495 938 1560 979 ac
1601 924 1767 979 velut:
1818 938 2035 981 murum

458 1024 796 1077 constituere
819 1028 1070 1092 pOSSunt,
1104 1019 1210 1075 nisi
1238 1018 1374 1072 alter
1399 1016 1620 1087 quidam
1657 1014 1841 1069 ﬁnitor
1877 1029 2029 1070 acccc

456 1113 572 1179 dat,
602 1115 696 1183 qui
736 1113 878 1167 inter
906 1113 999 1165 illa
1036 1111 1145 1165 duo
1174 1108 1455 1181 quidpiam
1487 1124 1598 1179 quo
1642 1115 1927 1178 separetur
1954 1108 2040 1161 in-

452 1202 631 1271 jiciat.
657 1203 801 1270 Quin
825 1204 990 1257 etiam
1039 1210 1095 1256 et
1134 1201 1367 1256 scientia
1412 1200 1718 1257 instructus
1763 1197 1902 1252 idem
1948 1198 2040 1253 ille

458 1291 620 1346 debet
653 1307 798 1353 esse,
837 1298 894 1346 et
936 1288 1201 1360 prudens,
1247 1299 1301 1344 et
1345 1288 1604 1359 aequitate
1647 1287 1944 1357 praeditus,
1983 1294 2039 1341 et

455 1379 723 1443 illustris,
756 1387 817 1435 ut
854 1380 1046 1433 ambos
1084 1377 1207 1434 illos
1241 1378 1308 1432 ad
1346 1393 1535 1447 pacem
1573 1376 2038 1446 concordiamque

456 1480 698 1530 revocet.
742 1469 818 1525 Et
858 1471 1058 1541 quibus
1101 1470 1352 1541 sequitur
1384 1480 1550 1525 unum
1587 1483 1709 1523 esse
1738 1468 2032 1533 ﬁnitorem,

456 1573 826 1631 separatorem
868 1565 1126 1625 alterum,
1157 1578 1223 1617 ac
1256 1563 1365 1617 duo
1405 1562 1639 1631 denique
1673 1561 1910 1615 termino
1938 1561 2034 1617 illo

2152 559 2182 609 ὁ
2205 556 2549 627 μεσιτεύσας,
2573 554 2667 608 καὶ
2690 552 2782 606 τὸν
2802 553 2925 625 ὅρον
2944 552 3131 606 τοῦτον
3162 549 3414 621 ἒμόαλὼν
3442 551 3720 618 τέταρτος.

2142 648 2217 703 Οὐ
2241 647 2349 716 γὰρ
2372 644 2636 715 ἠδύναντο
2654 644 2704 699 οἱ
2723 642 2817 696 δύο
2837 642 3094 697 ἐκθέσθαι
3110 642 3202 695 τὸν
3229 643 3355 711 ὅρον
3378 640 3414 711 ἢ
3433 638 3499 693 τὸ
3518 641 3722 708 τεῖχος,

2141 740 2189 791 ει
2215 740 2290 809 μὴ
2320 738 2505 811 ἕτερος
2548 735 2633 807 εἴη
2663 738 2693 789 ό
2725 734 3006 808 ὁροθέτης,
3038 735 3067 787 ὁ
3094 734 3155 788 τὸ
3181 733 3418 805 διεῖργον
3444 730 3721 801 ἀναμέσον

2139 831 2248 885 τῶν
2291 829 2615 905 ἀμφοτέρων
2658 826 2933 899 ἐμϐαλών.
2997 825 3160 879 Ἀλλά
3205 825 3301 879 καὶ⁵
3338 824 3580 893 αἰδήμων
3618 819 3723 891 τὴν

2128 926 2483 996 ἐπιστήμην,
2534 923 2629 976 καὶ
2664 921 2885 982 συνετὸς
2914 919 3007 977 τὸν
3040 916 3286 990 τρόπον,,
3322 914 3418 968 καὶ
3447 912 3719 982 ἐπιεικὴς,

2140 1019 2234 1072 καὶ
2267 1014 2633 1088 ἐνδοξότερος⁸
2681 1014 2824 1069 ὥστε
2860 1012 3120 1068 δύνασθαι
3157 1013 3343 1063 πεῖσαι
3373 1006 3719 1077 ἀμφοτέρους

2138 1109 2222 1171 εἰς
2253 1105 2630 1181 συμϐιϐασμδν
2657 1107 2900 1178 εἰρήνης.
2941 1104 3135 1160 Ἔσται
3163 1098 3257 1156 οὖν
3278 1095 3359 1163 εἷς
3377 1101 3408 1153 ὁ
3427 1096 3718 1168 ὁροθετῶν,

2140 1202 2234 1255 καὶ
2248 1201 2309 1255 ἓν
2326 1201 2388 1255 τὸ
2403 1201 2657 1274 διεῖργον,
2683 1199 2885 1255 καὶδύο
2906 1198 2978 1252 τά
2996 1196 3455 1268 τερματιζόμενα,
3471 1192 3567 1246 καὶ
3583 1191 3718 1245 οὑκ-

2139 1291 2220 1347 έτι
2255 1292 2350 1346 δύο
2396 1292 2564 1364 ἀρχαὶ
2593 1291 2773 1365 μόνον,
2810 1289 2947 1346 ἀλλά
2993 1290 3090 1347 καὶ
3118 1290 3287 1360 τρεῖς,
3316 1285 3412 1343 καὶ
3434 1283 3716 1352 τέσσαρες.

2139 1383 2250 1437 Καὶ
2281 1384 2420 1439 κατά
2461 1383 2654 1436 τοῦτον
2691 1382 2784 1436 τὸν
2809 1383 3011 1453 τρόπον
3059 1379 3154 1438 ἐπὶ
3194 1378 3393 1440 πολλὰς
3418 1374 3592 1449 ἀρχὰς
3619 1370 3720 1442 τὴν

2138 1473 2376 1529 διάνοιαν
2396 1474 2620 1545 τρέπειν
2646 1472 2849 1538 ἔνεστι,
2870 1474 2968 1527 καὶ
2988 1473 3084 1544 ὲᾷν
3110 1470 3180 1526 τὰ
3204 1470 3357 1535 ὄντα,
3385 1468 3480 1523 καὶ
3512 1463 3720 1535 φαντά-

2139 1562 2329 1629 ζεσθαι
2353 1564 2423 1618 τὰ
2447 1566 2523 1637 μὴ
2550 1564 2698 1621 ὄντα.

454 1653 907 1723 circumscripta;
947 1670 1126 1723 neque
1184 1652 1295 1707 duo
1331 1653 1444 1722 jam
1511 1666 1656 1715 esse,
1704 1651 1801 1709 sed
1863 1652 1970 1705 tria
2006 1662 2350 1727 quatuorque
2382 1655 2671 1727 principia.
2723 1655 2844 1724 Qua
2884 1654 3100 1712 ratione
3143 1653 3302 1725 plura
3353 1653 3409 1708 in
3452 1648 3721 1723 principia

455 1746 857 1801 convertendus
885 1752 970 1798 est
1004 1745 1241 1806 animus,
1274 1752 1326 1796 et
1360 1743 1445 1798 his
1482 1755 1605 1811 qua;
1629 1742 1808 1812 reipsa
1851 1753 1980 1798 sunt
2012 1746 2239 1810 relictis,
2301 1762 2425 1815 quae
2487 1761 2596 1801 non
2650 1753 2781 1801 sunt
2810 1744 3141 1817 cogitatione
3166 1743 3436 1811 ﬁngenda.

528 1830 643 1889 XV.
694 1835 851 1903 Quod
878 1842 1058 1890 autem
1092 1833 1338 1891 nefarius
1365 1832 1455 1887 ille
1487 1833 1703 1902 querit.
1736 1840 1795 1886 ut
1827 1849 1895 1889 ne
1921 1832 2031 1890 Deo

2204 1837 2309 1891 IE'.
2356 1837 2446 1891 Ἐν
2469 1836 2527 1893 δὲ
2566 1836 2645 1907 τῷ
2676 1835 2859 1907 ζητεῖν
2887 1835 2980 1888 τὸν
3020 1834 3298 1907 ἀλιτήριον
3332 1833 3531 1889 κακίαν
3558 1834 3722 1904 δῆθεν

455 1928 723 1986 malitiam
751 1925 1004 1996 aﬂingat;
1029 1935 1113 1982 est
1146 1923 1201 1978 id
1231 1923 1476 1994 quidem,
1506 1922 1700 1989 fateor,
1714 1923 2037 1990 absurdum,

455 2016 602 2072 istud
628 2018 806 2088 ipsum
828 2016 1069 2072 tribuere
1088 2014 1219 2072 Deo.
1233 2014 1386 2072 Unde
1411 2016 1801 2072 ecclesiasticae
1820 2015 2028 2077 doctri-

456 2122 540 2167 nae
569 2109 741 2162 forma
768 2107 1070 2178 prolitetur,
1094 2106 1334 2161 divinum
1359 2103 1570 2160 Numen
1601 2106 1669 2158 ab
1699 2105 1845 2158 omni
1879 2105 2032 2175 peni-

453 2206 543 2252 tus
602 2199 870 2268 pravitate
922 2197 1159 2253 alieuum
1202 2210 1266 2249 ac
1318 2203 1584 2250 remotqu
1640 2209 1783 2251 esse.
1817 2192 2037 2249 Nullum

451 2289 597 2343 enim
626 2289 715 2342 ille
753 2288 955 2345 malum
991 2287 1137 2350 fecit,
1162 2286 1257 2341 sed
1285 2286 1468 2340 omnia
1494 2283 1650 2339 valde
1670 2285 1841 2339 bona'
1867 2306 1878 2339 :
1912 2300 2037 2339 cum

451 2390 506 2439 et
539 2382 612 2441 sit
645 2389 842 2435 natura
872 2381 1071 2445 bonus,
1105 2395 1280 2449 neque
1322 2377 1707 2448 comprehendi
1744 2378 1890 2433 illius
1945 2392 2037 2433 es-

452 2472 633 2527 sentia
661 2471 853 2541 possit,
877 2480 932 2525 et
954 2471 1209 2526 universa
1230 2470 1527 2531 contineat,
1553 2483 1655 2523 nec
1683 2468 1754 2523 ab
1784 2469 1894 2522 ulio
1920 2468 2038 2540 ipse

453 2563 819 2625 contineatur.
844 2562 1112 2629 Quocirca
1144 2576 1320 2631 neque
1341 2559 1542 2615 malum
1572 2575 1785 2630 semper
1804 2559 2036 2624 exstitit,

453 2668 633 2726 neque
653 2667 684 2706 a
708 2648 820 2705 Deo
849 2650 1171 2721 productum
1199 2656 1301 2705 est.
1317 2648 1505 2721 itaque
1529 2665 1653 2704 cum
1676 2666 1851 2720 neque
1874 2650 2036 2723 632

452 2742 656 2797 malum
689 2741 781 2804 sit,
802 2756 980 2811 neque
1008 2755 1222 2813 semper
1250 2738 1433 2806 fuerit,
1468 2756 1568 2795 nec
1590 2756 1620 2793 a
1644 2739 1755 2797 Deo
1780 2754 2038 2810 procrea-

422 2854 425 2859 ι
452 2841 605 2905 tum;
637 2841 888 2903 superest
921 2831 1052 2886 illud
1083 2839 1142 2886 ut
1166 2846 1496 2902 quaeramus.
1520 2831 1664 2901 quod
1694 2846 1910 2901 semper
1938 2830 2040 2889 mi-

451 2925 602 2982 nime
632 2925 818 2992 fuerit,
848 2934 904 2980 et
927 2924 1143 2978 initiqu
1172 2923 1390 2994 aliquod
1413 2924 1757 2991 habuerit,et
1789 2925 2038 2994 aliquan-

450 3020 527 3074 do
552 3018 766 3074 desinat
791 3034 854 3072 ac
886 3026 1091 3088 pereat,
1118 3032 1296 3086 neque
1318 3029 1580 3086 perpetuo
1612 3022 1847 3083 maneat,
1865 3015 2039 3070 unde-

452 3123 583 3165 nam
596 3108 862 3178 originem
879 3108 1167 3179 acceperit.
1182 3107 1286 3163 Sed
1304 3122 1426 3162 cum
1449 3107 1581 3161 illud
1600 3105 2031 3176 inquisierimus,

2140 1925 2218 1998 μὴ
2238 1924 2532 1997 προσμῖξαι
2543 1926 2690 2000 Θεῷ·
2719 1925 2938 1999 καὶγὰρ
2952 1927 3047 1982 καὶ
3066 1926 3265 1981 ἄτοπόν
3286 1926 3535 1997 ἐστιοεῷ
3549 1943 3720 1996 προσ-

2137 2016 2292 2087 άψαι.
2328 2016 2687 2089 Ὠμολόγηται
2715 2018 2825 2091 γὰρ
2859 2019 2919 2072 ἔν
2946 2016 3026 2089 τῷ
3048 2016 3358 2089 χαρακτῆρι
3387 2017 3487 2089 τῆς
3512 2016 3718 2088 ἐκκλη-

2138 2109 2423 2180 σιαστικῆς
2445 2109 2796 2174 διδασκαλίας
2824 2108 3104 2182 ἀλλότριον
3129 2109 3445 2165 παντάπασι
3472 2109 3533 2162 τὸ
3559 2108 3718 2165 Θεῖον

2135 2199 2231 2253 καὶ
2263 2199 2459 2272 ἀμιγὲς
2489 2199 2688 2264 κακίας
2717 2202 3007 2273 ὑπάρχειν.
3057 2200 3187 2265 Θεὸς
3215 2200 3323 2271 γὰρ
3357 2200 3512 2255 οὐδὲν
3546 2198 3719 2255 κακὸν

2135 2291 2410 2363 ἐποίησεν,
2439 2291 2576 2346 ἀλλὰ
2600 2293 2777 2348 πάντα
2804 2291 2948 2346 καλά
2975 2292 3116 2357 λίαν,
3145 2292 3349 2360 ἀγαθὸς
3380 2290 3455 2346 ὣν
3481 2292 3582 2363 τὴν
3608 2290 3717 2360 φῦ·

2137 2402 2243 2449 σιν,
2275 2385 2659 2457 ἀκατάληπτος
2681 2384 2781 2455 τήν
2800 2383 3010 2448 οὐσίαν,
3035 2384 3213 2438 πάντα
3239 2383 3530 2454 περιέχων,
3553 2382 3717 2447 αὐτὸς

2134 2478 2192 2535 ἃ
2224 2478 2315 2533 ὑπ’
2354 2478 2568 2542 οὑδενὸς
2620 2476 3026 2549 περιεχόμενος.
3077 2473 3215 2530 Οὑτε
3248 2474 3429 2529 τοίνυν
3454 2476 3515 2528 τὸ
3547 2474 3716 2528 κακὸν

2133 2563 2203 2642 ἦν
2229 2568 2339 2632 ἀεὶ,
2359 2567 2485 2623 οὔτε
2514 2569 2580 2622 ὲκ
2601 2567 2736 2622 Θεοῦ
2763 2568 2825 2621 τὸ
2851 2567 3023 2622 κακὸν
3056 2566 3371 2637 γεγένηται.
3431 2567 3587 2637 Μήτε
3617 2561 3715 2619 οὖν

2135 2658 2287 2724 δντος
2324 2658 2419 2713 τοῦ
2456 2658 2650 2720 κακοῦ,
2688 2659 2825 2731 μήτε
2857 2658 3009 2725 όντος
3033 2659 3143 2721 ἀεὶ,
3178 2658 3315 2727 μήτε
3351 2658 3417 2710 ὲκ
3447 2656 3582 2710 Θεοῦ
3617 2673 3712 2725 γεο

2136 2747 2470 2820 γενημένου,
2521 2746 2705 2802 λοιπὸν
2734 2746 2918 2815 ζητεῖν
2957 2748 3075 2805 εστι
3107 2750 3256 2801 ποῖον
3297 2748 3497 2821 τρόπον
3536 2746 3599 2799 τὸ
3638 2746 3717 2819 μὴ

2136 2838 2195 2892 ὃν
2218 2839 2326 2903 ἀεὶ,
2354 2840 2528 2913 ἀρχὴν
2548 2839 2604 2893 δὲ
2621 2839 2853 2910 ὲσχηκὺς
2869 2838 2965 2893 τοῦ
2985 2833 3146 2905 εἶναι,
3164 2839 3330 2909 λῆγον
3353 2838 3410 2891 δὲ
3428 2840 3524 2892 καὶ⁵
3543 2837 3714 2891 ἀπολ-

2137 2931 2385 3002 λύμενον,
2416 2930 2511 2986 καὶ
2532 2932 2611 2994 εἰς
2634 2930 2785 2994 τέλος
2815 2930 2889 3001 μὴ
2912 2930 3246 3001 παραμένον,
3271 2928 3434 2982 πόθεν
3461 2928 3586 2998 ἔσχε
3613 2929 3716 2998 τὴν

2138 3023 2334 3095 ἀρχήν.
2394 3022 2504 3075 Καὶ
2531 3021 2659 3075 ὅταν
2691 3020 2851 3074 τοῦτο
2880 3020 3225 3093 ζητήσωμεν,
3256 3019 3471 3092 πρῶτον
3498 3019 3715 3091 διανοη-

2137 3114 2258 3168 τέον
2288 3114 2456 3180 ἐστὶν,
2484 3112 2667 3171 ὁποῖόν
2693 3114 2811 3167 ἐστι
2830 3112 2893 3168 τὸ
2920 3112 3110 3178 κακὸν,
3139 3112 3235 3164 κα)⁵
3259 3112 3315 3164 ὲν
3339 3110 3475 3180 ποίῳ
3503 3110 3716 3178 γίνεται

452 3200 587 3259 illud
618 3201 673 3259 in
702 3200 894 3273 primis
927 3199 1269 3272 cogitandum
1302 3208 1408 3260 est.
1442 3199 1753 3272 cuiusmodi
1774 3198 1867 3266 sit,
1890 3207 1943 3255 et
1978 3198 2032 3254 in

2137 3206 2196 3260 τὸ
2227 3205 2414 3271 κακὸν,
2444 3206 2539 3260 καὶ
2570 3204 2619 3257 εί
2650 3203 2768 3259 ἐστι
2797 3202 3243 3277 ὲμπερίγραπτόν
3268 3201 3394 3272 τι.ἣ
3429 3200 3609 3272 σῶμα,
3637 3201 3715 3263 ὡς

454 3308 564 3366 quo
602 3293 674 3349 sit
705 3293 929 3348 malum.
966 3292 1168 3347 Deinde
1200 3293 1344 3347 sitne
1381 3291 1584 3360 aliquid
1610 3289 1755 3361 quod
1797 3289 2037 3343 circqu-

454 3386 621 3445 scribi
649 3386 843 3457 possit,
882 3393 1012 3455 puta
1046 3399 1267 3455 corpus,
1298 3389 1351 3437 rt
1380 3393 1563 3437 utrum
1598 3382 1901 3439 substantia
1938 3381 2041 3435 ali-

453 3492 560 3551 qua
590 3483 828 3542 constet,
846 3484 939 3530 aut
962 3476 1071 3529 ulla
1101 3474 1284 3530 radice
1308 3474 1570 3530 nitantur.
1591 3471 1723 3538 Quae
1743 3486 1866 3526 cum
1893 3469 2038 3541 apud

454 3586 556 3627 nos
584 3567 1055 3642 perpenderimus,
1090 3567 1297 3621 nullam
1328 3566 1510 3621 inesse
1542 3564 1689 3619 malo
1721 3562 2031 3619 subsisten-

454 3663 609 3725 tiarn,
654 3675 756 3715 nec
788 3659 1028 3714 radicem
1064 3659 1227 3712 ullam
1277 3657 1481 3712 habere
1529 3657 1887 3727 reperiemus,
1936 3656 2033 3713 sed

454 3752 512 3813 in
545 3751 680 3807 solis
710 3750 872 3807 factis
916 3751 1243 3811 consistere,
1274 3756 1328 3803 et
1357 3747 1652 3803 humanam
1688 3748 2032 3803 ellicientiam

454 3847 509 3899 in
535 3842 744 3914 agendo
780 3843 1057 3912 perﬁcere.
1105 3839 1317 3895 Etenim
1355 3845 1632 3910 quatenus
1680 3838 1884 3907 aliquid
1944 3835 2032 3891 fa—

453 3935 688 3997 ciamus,
719 3934 861 3987 inest
894 3932 950 3986 in
999 3946 1066 3986 eo
1115 3931 1352 3996 malum;
1400 3945 1527 3985 cum
1571 3943 1700 3985 vero
1745 3928 1883 3984 nihil
1916 3928 2034 3999 agi.

455 4041 599 4088 mus,
630 4040 903 4096 nusquam
932 4032 1036 4079 est.
1069 4023 1123 4078 In
1159 4038 1270 4093 quo
1298 4022 1433 4078 illud
1459 4020 1823 4092 intelligentia
1846 4027 2039 4076 nostra

454 4116 892 4188 comprehendit,
922 4114 1056 4190 quid
1100 4113 1172 4169 sit
1206 4113 1333 4168 mali
1380 4112 1587 4183 aliquid
1621 4112 1853 4177 eliicere,
1890 4112 2039 4183 quod

455 4212 569 4268 Deo
600 4211 912 4283 displiceat,
950 4211 1098 4284 quod
1140 4211 1190 4265 ei
1226 4219 1404 4265 tamen
1448 4209 1711 4282 refragari
1759 4225 1827 4266 ac
1872 4225 2040 4283 repu—

453 4321 629 4377 gnare
651 4320 758 4359 non
791 4311 989 4375 potest.
1016 4301 1297 4375 Quidquid
1328 4301 1472 4356 enim
1505 4300 1573 4356 ab
1600 4301 1915 4359 hominibus
1942 4317 2041 4357 ex-

452 4393 560 4454 cidi
587 4391 973 4464 exstinguique
1000 4398 1218 4469 potest,
1244 4390 1417 4451 multo
1437 4390 1621 4450 minus
1644 4392 1903 4449 resistere
1931 4391 2040 4453 Deo

457 4487 679 4559 poterit.

2140 3299 2337 3358 εἰπεῖν,
2366 3296 2399 3369 ἢ
2425 3297 2720 3351 ὑπόστασιν
2751 3294 2935 3368 ἔχει,ἢ
2967 3295 3060 3348 καὶ
3091 3294 3245 3366 ῥίζαν
3270 3292 3493 3346 δύναται
3521 3291 3719 3363 κεκτῆ-

2142 3388 2285 3443 σθαι.
2346 3388 2460 3443 Καὶ
2497 3388 2623 3445 ὅταν
2664 3386 2843 3442 ταῦτα
2885 3388 2945 3441 ὲν
2987 3386 3198 3448 ἑαυτοῖς
3237 3384 3714 3454 διασκοπήσωμεν,

2138 3480 2504 3534 ἀνυπόστατον
2552 3479 2908 3552 εὑρεθήσεται
2952 3477 3013 3531 τὸ
3057 3475 3248 3539 κακὸν,
3304 3475 3399 3528 καὶ
3447 3475 3714 3548 μηδεμίαν

2141 3571 2297 3644 ῥίζαν
2326 3571 2469 3642 ἔχον,
2505 3571 2642 3625 ἀλλά
2672 3572 2778 3636 ἓως
2819 3570 2997 3642 ἔργων
3031 3569 3190 3639 μόνον
3240 3568 3358 3621 ἐστὶ
3402 3568 3716 3639 πρακτικῆς

2138 3659 2485 3737 ἀνθρωπίνης
2534 3660 2814 3735 ἐνεργείας
2853 3656 3286 3714 ἀποτελεστικόν.
3353 3656 3443 3715 Ἐν
3488 3655 3568 3726 τῷ
3606 3656 3717 3729 γὰρ

2139 3757 2313 3808 ποιεῖν
2341 3755 2488 3827 ἡμᾶς
2521 3752 2582 3813 τὸ
2620 3752 2790 3809 κακόν
2820 3751 2969 3806 ἐστιν
2989 3767 3004 3782 ο
3041 3753 3098 3804 ὲν
3128 3748 3282 3821 δὲτῷ
3314 3748 3389 3821 μὴ
3425 3751 3598 3803 ποιεῖν
3616 3748 3716 3819 οὑχ

2139 3845 2394 3917 ὑπάρχει,
2430 3847 2528 3916 τῆς
2552 3844 2762 3908 ἑννοίας
2802 3842 3229 3915 ὲφευρισκοὺσης
3264 3840 3325 3897 τὸ
3359 3842 3412 3897 τί
3437 3841 3568 3895 ποτέ
3599 3844 3717 3900 ἐστι

2138 3940 2200 3993 τὸ
2218 3938 2452 4010 πονηρὸν
2477 3937 2812 4013 ἐργάσασθαι
2826 3938 2926 3991 οὑκ
2942 3936 3174 4008 ἀρέσκον
3193 3934 3334 4011 Θεῷ,
3356 3935 3450 3991 καὶ
3470 3932 3597 3988 οὔτε
3619 3934 3717 3989 δυσ.

2137 4031 2368 4101 νάμενον
2394 4031 2696 4101 ἀντιλέγειν
2732 4028 2875 4102 θεῷ,
2914 4029 3036 4083 οὐδὲ
3062 4027 3460 4098 ἀντιμάχεσθαι
3488 4028 3625 4101 πρὸς
3653 4026 3717 4082 τὸ

2138 4123 2313 4177 Θεῖον.
2353 4123 2469 4177 Πᾶν
2501 4121 2611 4193 γὰρ
2641 4123 2701 4176 τὸ
2732 4121 2837 4176 ὑπὸ
2874 4119 3174 4193 ἀνθρώπιον
3213 4120 3509 4192 δυνάμενον
3556 4121 3717 4175 ἐκκό-

2140 4212 2369 4267 πτεσθαι
2403 4212 2497 4266 καὶ
2545 4211 2921 4283 ἀναιρεῖσθαι,
2968 4208 3148 4281 πολλῷ
3179 4207 3382 4289 μᾶλλον
3417 4211 3553 4289 πρὸς
3583 4210 3717 4269 Θεὸν

2139 4301 2329 4377 ἀντέχε
2338 4320 2386 4357 ιν
2414 4303 2693 4365 ἀδύνατον.

526 4579 668 4635 XVI.
708 4579 785 4636 De
817 4578 1039 4640 diabolo
1060 4591 1278 4649 quoque
1303 4576 1383 4633 sic
1428 4577 1740 4633 habendum
1769 4584 1876 4643 est,
1910 4591 2036 4632 eum

2210 4574 2330 4642 ις’.
2354 4574 2506 4646 ’Δμα
2529 4573 2587 4626 δὲ
2623 4574 2715 4628 καὶ
2742 4573 2872 4647 περὶ
2895 4572 3146 4629 διαϐόλου
3166 4572 3340 4637 οὕτως
3370 4573 3713 4644 διαληπτέον,

456 4672 682 4733 minime
709 4670 783 4735 ab
809 4669 1023 4741 origine
1048 4669 1165 4740 ipsa
1204 4676 1524 4739 natumque
1566 4668 1882 4724 conditione
1914 4683 2035 4722 ma-

459 4766 571 4821 lum
609 4762 911 4827 exstitisse,
947 4760 1044 4819 sed
1085 4759 1366 4830 aliquanto
1403 4767 1593 4828 postea
1644 4767 1889 4830 tempore
1918 4773 2036 4812 ma-

459 4854 575 4913 ιιωι
617 4853 763 4924 quod
823 4851 1026 4908 faceret
1073 4852 1454 4923 excogitasse:
1488 4850 1566 4906 ita
1605 4858 1790 4905 tamen
1826 4860 1889 4906 ut
1938 4864 2038 4904 cu-

454 4944 698 5023 jusmodi
729 4944 946 5009 futurus
977 4952 1145 5009 esset,
1193 4957 1540 5015 nequaquam
1573 4941 1806 5007 lateret;
1841 4955 2033 4995 verum

459 5034 918 5108 quemadmodum
947 5043 1143 5093 caetera
1168 5036 1305 5092 bene
1331 5041 1494 5109 atque
1519 5034 1726 5089 utiliter
1754 5046 1878 5088 esse
1902 5046 2026 5087 cono

459 5131 579 5192 dita
613 5143 727 5201 prae
760 5127 1047 5182 excellenti
1074 5126 1166 5183 Dei
1208 5128 1441 5197 iustitia,
1473 5126 1564 5200 qui
1616 5139 1715 5196 pro
1771 5125 2035 5194 singulari

459 5236 560 5282 sua
591 5221 835 5281 bonitate
862 5217 1252 5274 exsisterevult
1274 5217 1478 5283 omnia,
1510 5217 1761 5287 bonaque
1790 5230 1891 5271 sua
1916 5232 2035 5269 0m-

459 5312 627 5368 nibus
658 5311 715 5365 in
751 5323 1041 5365 commune
1077 5308 1352 5381 proponit.
1412 5309 1492 5363 Ac
1535 5308 1894 5366 nihilominus
1952 5315 2036 5361 ta-

461 5418 588 5457 men
625 5416 725 5473 pro
753 5415 818 5455 eo
854 5414 919 5454 ac
965 5398 1203 5454 libertati
1239 5398 1510 5469 cujusque
1552 5412 1878 5455 concessum
1911 5403 1995 5452 est
2017 5436 2033 5462 ,

461 5492 711 5568 privatim
737 5489 790 5545 id
827 5489 1127 5561 permittit,
1160 5502 1274 5544 suae
1309 5495 1368 5545 ut
1404 5487 1670 5541 voluntati
1700 5488 2030 5557 obsequens,

460 5582 724 5663 quidquid
755 5584 971 5640 libitum
1007 5583 1113 5638 erit
1157 5581 1374 5639 eﬂiciat.
1416 5578 1487 5638 Ut
1524 5588 1580 5637 et
1620 5581 1736 5657 ipse
1776 5581 1843 5634 ab
1885 5580 2036 5643 omni

541 5744 562 5783 t
586 5741 719 5804 Gen.
760 5759 800 5808 ι,
828 5743 916 5803 51,
991 5745 1012 5774 ⁸
1053 5741 1113 5801 ιτ.
1145 5740 1501 5818 προθέμενον.

2136 4668 2238 4721 οὑκ
2275 4665 2385 4720 ἀπὸ
2410 4664 2642 4727 κτίσεως
2678 4663 2924 4734 φυσικῶς
2969 4663 3140 4718 κακοῦ
3183 4664 3524 4735 ὲκτισμένου,
3580 4664 3717 4718 ἀλλὰ

2136 4756 2315 4828 ἑαυτῷ
2347 4755 2486 4827 μετά
2533 4755 2723 4827 χρόνον
2760 4758 2936 4809 ποιεῖν
2983 4756 3150 4811 κακὸν
3191 4757 3587 4827 ὲφευραμένου,
3617 4758 3719 4812 οὑκ

2088 4879 2103 4894 ς
2136 4847 2506 4919 ἀγνοουμένου
2564 4847 2622 4904 δὲ
2662 4849 2847 4911 ὁποῖος
2884 4846 3107 4917 ἔμελλεν
3141 4846 3382 4913 ἔσεσθαι,
3415 4846 3552 4903 ἀλλά
3602 4865 3719 4901 κτι-

2138 4940 2356 5004 σθέντος
2389 4939 2487 5010 μὲν
2515 4939 2632 5011 ἅμα
2669 4940 2805 4995 πᾶσι
2841 4938 3021 5003 καλῶς
3039 4938 3127 4992 διὰ
3156 4939 3253 5010 τὴν
3294 4939 3598 5013 ὑπερϐολὴν
3620 4939 3718 5009 τῆς

2118 5030 2484 5112 ’δικαιοσύνης
2516 5031 2937 5101 χρησιμώτατα,
2966 5029 3047 5100 τῷ
3090 5030 3183 5083 τὸν
3220 5029 3350 5082 Θεὸν
3382 5029 3451 5082 δι’
3481 5029 3715 5097 ὑπερϐο-

2135 5124 2234 5196 λὴν
2260 5122 2595 5194 ἀγαθότητος
2642 5122 2853 5184 πάντας
2885 5122 2980 5176 καὶ
3017 5121 3198 5175 πάντα
3229 5120 3533 5193 θελήσαντα
3555 5118 3718 5187 εἶναι,

2137 5217 2232 5268 καὶ
2260 5215 2330 5267 τὰ
2359 5214 2524 5271 αὑτοῦ
2545 5213 2726 5283 ἀγαθά
2758 5214 2893 5267 πᾶσι
2919 5212 3257 5285 προθεμένου
3278 5215 3319 5278 ³,
3346 5212 3488 5270 κατὰ
3511 5211 3721 5282 συγχώ-

2140 5321 2297 5376 ρησιν
2351 5304 2408 5358 δὲ
2458 5304 2938 5374 αὑτεξουσιότητος
2987 5306 3290 5374 συγχωρεῖν
3348 5306 3461 5366 τοῖς
3517 5302 3723 5356 ἅπασιν

2140 5396 2246 5468 ἰδίᾳ
2268 5395 2519 5468 βουλήσει
2542 5395 2796 5468 χρῆσθαι,
2817 5390 2861 5464 ᾧ
2880 5395 3164 5468 θελήσειαν
3182 5397 3572 5467 ἐπιχειρήματι
3588 5395 3715 5447 ἔκα-

2139 5504 2261 5551 στος
2281 5503 2296 5518 ο
2321 5488 2408 5540 ἵνα
2429 5488 2591 5551 αὑτὸς
2616 5487 2713 5559 μὲν
2741 5486 2982 5549 ἀναίτιος
3002 5487 3110 5540 τῶν
3133 5486 3352 5557 φαύλων
3375 5488 3484 5558 εἴη,
3508 5486 3725 5556 διάκρι-

2146 5596 2230 5649 σις
2258 5578 2314 5639 δὲ
2345 5578 2497 5638 ἔσται
2534 5579 2643 5637 τῶν
2673 5581 2753 5647 εἰς
2782 5579 2982 5655 ἀρετὴν
3022 5579 3459 5654 προκοπτόντων,
3491 5579 3588 5641 καὶ
3613 5577 3726 5641 πᾶν
