4078 6418
365 349 434 405 53
1029 339 1400 398 ADVERSUS
1439 339 1784 396 HERESES
1815 339 1943 396 LIB.
1987 343 2058 397 II.
2100 340 2262 396 ΤΟΜ.
2301 340 2364 395 II.
2403 371 2470 380 ——
2513 340 2786 398 I-IASRES.
2830 337 3011 399 LXVI.
3581 344 3650 400 5i

372 464 452 516 λιν
473 461 574 533 τῆς
600 459 766 516 αὑτοῦ
800 460 1211 532 φιλανθρωπίας
1245 463 1339 514 καὶ
1367 461 1703 532 ἀγαθότητος
1732 462 1800 516 τὰ
1826 461 1960 534 βρα-

2086 461 2333 515 nalorum
2370 461 2528 531 culpa
2571 464 2642 517 sit
2685 464 2970 527 immunis,
3025 469 3076 516 ct
3111 475 3302 516 eorum
3333 460 3424 531 qui
3453 462 3507 515 in
3535 467 3650 517 vir-

371 555 495 607 6εἱα
526 552 1011 623 εἰσκομιζομένων.
1069 553 1127 605 '0
1159 553 1216 606 δὲ
1251 553 1527 624 μανιώδης
1561 548 1716 617 οὗτος
1747 555 1959 624 Μάνης,

375 647 699 717 βουλόμενος
720 645 922 708 κακίας
951 643 1267 714 ὑπεξαίρειν
1294 645 1387 698 τὸν
1409 645 1562 706 Θεὸν,
1594 646 1793 717 μᾶλλον
1814 645 1963 716 αὐτῷ

373 735 576 790 κακίαν
604 735 740 806 πρὸς
771 734 885 788 ῐσον
915 733 1391 803 ἀντικατέστησεν.
1440 735 1606 805 Ὁμοῦ
1631 735 1688 788 δὲ
1723 734 1963 798 κακίζων

371 826 475 897 τὴν
521 827 700 882 πᾶσαν
742 827 922 880 κτίσιν
955 825 1056 878 οὑκ
1098 824 1433 894 αἰσχύνεται,
1473 827 1539 878 ὲκ
1584 825 1694 878 τῶν
1725 827 1784 878 ὲν
1832 827 1963 897 ἡμῖν

377 917 714 987 σφαλμάτων
740 917 1080 987 γιγνομένων
1095 917 1194 979 τὰς
1213 917 1517 988 προφάσεις
1543 918 1961 989 ἀπεμπολήσας,

376 1010 477 1062 καὶ
527 1008 605 1070 είς
656 1007 756 1076 τὴν
800 1008 980 1060 πᾶσαν
1020 1006 1381 1076 δημιουργίαν
1426 1007 1576 1078 (τῶν)
1611 1009 1958 1080 ίσορρότιεωνΙ

382 1101 716 1171 συνυφήνας,
749 1100 1069 1170 ὑπέρμαχος
1100 1099 1299 1169 μᾶλλον
1322 1100 1619 1170 γεγένηται
1660 1101 1756 1154 κα)⁴
1795 1102 1966 1172 ὑπερ-

378 1193 672 1263 ασπιστὴς,
722 1189 790 1263 ἧς
833 1191 1033 1260 φάσκει
1069 1191 1433 1263 ἀπαγορεύειν
1464 1192 1684 1257 κακίας,
1719 1193 1814 1246 καὶ
1845 1194 1965 1245 ἀντὶ

379 1283 477 1335 τοῦ
502 1283 638 1352 πρὸς
658 1281 828 1352 αὐτὴν
849 1282 1039 1351 μίσους
1059 1281 1240 1350 φιλίαν
1262 1282 1386 1336 τινὰ
1407 1282 1502 1337 καὶ
1522 1281 1807 1335 κοινωνίαν
1831 1283 1966 1352 πρὸς

381 1374 553 1444 αὑτὴν
579 1372 980 1443 ἀσπαζόμενος,
1003 1373 1164 1426 ὁπότε
1193 1372 1450 1426 σύστασιν
1476 1375 1614 1443 αὑτῇ
1642 1373 1844 1438 δίδωσι,
1873 1375 1966 1426 καὶ

382 1464 732 1527 ἀῖδιάζουσαν
748 1464 916 1535 αὑτὴν
937 1463 1319 1531 καταγγέλλει,
1341 1464 1437 1517 σὺν
1458 1463 1576 1532 Θεῷ
1596 1463 1651 1516 δὲ
1667 1464 1754 1516 ἀεὶ
1777 1460 1964 1527 οὖσαν,

383 1558 478 1610 καὶ
513 1557 779 1627 μηδέποτε
819 1557 1091 1626 λήγουσαν
1117 1554 1210 1612 τοῦ
1235 1551 1395 1612 εἶναι.
1459 1555 1712 1624 Ὀνόμασι
1741 1555 1799 1608 δέ
1827 1573 1967 1608 τισιν

383 1650 555 1720 αὐτὴν
585 1648 875 1703 ἀποκαλῶν
895 1648 982 1702 διὰ
1015 1648 1203 1702 πασῶν
1221 1647 1330 1702 τῶν
1357 1648 1686 1712 ὑποθέσεων,
1720 1649 1968 1704 ἐκπεσὼν

382 1742 484 1810 τῆς
525 1739 781 1810 ἀληθείας
825 1737 1232 1809 φωραθήσεται,
1273 1736 1371 1806 τῆς
1419 1739 1600 1808 πάσης
1642 1739 1870 1801 κτίσεως
1905 1741 1970 1792 ὲκ

2071 561 2184 607 tute
2212 553 2660 623 progrediuntur,
2702 568 2866 625 atque
2906 555 2975 610 ab
3005 553 3341 608 humanitate
3374 554 3648 609 bonitate-

2067 662 2172 716 que
2206 661 2305 702 sua
2357 647 2580 717 praemia
2627 648 2892 712 referunt,
2941 647 3235 703 discrimen
3277 646 3498 715 aliquod
3533 654 3649 702 sta-

2067 745 2271 790 tuatur.
2303 736 2373 789 At
2399 737 2623 790 insanus
2665 738 2755 792 ille
2785 736 2990 798 Manes,
3027 735 3156 790 dum
3187 736 3256 789 ab
3293 735 3442 788 omni
3492 733 3652 787 mali-

2067 828 2155 882 tia:
2185 827 2305 881 labe
2334 826 2501 882 Deum
2530 829 2770 884 eximere
2809 830 3014 895 studet,
3058 843 3167 882 non
3215 826 3378 881 modo
3417 826 3469 881 id
3501 826 3651 896 quod

2066 919 2181 971 vult
2211 933 2319 972 non
2365 919 2698 988 assequitur,
2731 920 2825 974 sed
2863 919 2970 972 alia
3008 919 3221 972 ratione
3255 917 3520 985 aequalem
3554 931 3654 986 po-

2067 1011 2177 1064 tius
2210 1009 2356 1063 illam
2399 1009 2667 1080 rependit.
2704 1010 2847 1076 Quin
2870 1011 3033 1064 etiam
3059 1009 3311 1064 conditas
3345 1022 3377 1061 a
3421 1007 3530 1062 Deo
3564 1023 3652 1063 res

2071 1116 2264 1156 onmes
2290 1101 2410 1156 sine
2460 1101 2571 1155 ullo
2621 1101 2829 1171 pudore
2864 1103 3136 1170 vituperat
3169 1119 3181 1154 :
3233 1100 3393 1169 cujus
3431 1099 3654 1170 quidem

2071 1195 2152 1251 sic
2185 1209 2248 1247 ex
2283 1193 2351 1249 iis
2386 1193 2600 1248 delictis
2638 1208 2760 1263 quae
2790 1193 2845 1248 in
2886 1194 3046 1248 nobis
3079 1199 3380 1248 cernuntur
3414 1191 3656 1246 occasio-

2071 1302 2193 1340 nem
2237 1285 2448 1354 arripit,
2485 1294 2545 1337 ut
2581 1285 2634 1338 in
2676 1292 2871 1339 caetera
2899 1285 3084 1338 omnia
3131 1282 3345 1353 opiﬁcia
3391 1282 3653 1352 probrum

2071 1378 2201 1431 illud
2225 1391 2290 1432 ex
2321 1390 2478 1446 aequo
2504 1376 2732 1430 derivet.
2779 1374 2838 1427 In
2887 1390 2994 1443 quo
3026 1375 3246 1428 malitia:
3288 1374 3457 1435 illius,
3488 1387 3654 1442 quam

2069 1468 2284 1523 excludi
2319 1484 2349 1521 a
2380 1483 2439 1522 se
2471 1467 2729 1536 praedicat
2755 1474 3129 1536 propugnator
3155 1466 3338 1535 potius
3369 1479 3432 1518 ac
3461 1463 3655 1518 defun-

2071 1575 2164 1616 sor
2196 1567 2448 1631 apparet;
2497 1567 2822 1628 tantumque
2863 1558 3042 1620 abest,
3077 1565 3135 1610 ut
3181 1557 3330 1609 illam
3361 1555 3562 1618 oderit,
3599 1561 3658 1606 ut

2072 1653 2364 1706 amicitiam
2395 1664 2620 1720 quoque
2659 1664 2783 1702 cum
2825 1663 2887 1702 ea
2913 1648 3076 1719 633
3107 1645 3658 1712 communionemque

2074 1742 2356 1812 suscipiat.
2386 1739 2522 1794 Nam
2555 1748 2610 1796 et
2647 1741 3013 1793 substantiam
3040 1739 3131 1792 ille
3166 1737 3376 1799 tribuit,
3419 1742 3474 1789 et
3497 1742 3658 1788 aeter-

381 1830 522 1884 Θεοῦ
567 1830 749 1894 καλῶς
790 1828 1138 1900 ὲκτισμένης,
1187 1827 1248 1893 ἐξ
1288 1822 1362 1882 ὧν
1408 1829 1567 1891 αὑτὸς
1610 1830 1968 1901 παρατίθεται

2086 1850 2199 1888 nam
2231 1849 2355 1890 esse
2401 1833 2665 1894 defendit,
2706 1847 2771 1886 ac
2799 1847 2925 1886 cum
2975 1829 3086 1884 Deo
3117 1844 3334 1899 semper
3380 1842 3526 1890 esse,
3558 1839 3660 1880 nec

387 1922 728 1993 μαρτυριῶν.

2077 1941 2319 1995 unquam
2371 1924 2624 1979 desinere
2664 1925 2972 1993 proﬁtetur.
3015 1922 3188 1976 Porro
3233 1937 3359 1976 cum
3405 1920 3460 1975 in
3510 1917 3660 1973 omni

384 2015 760 2085 disputatione
789 2014 955 2069 variis
996 2014 1140 2070 Illam
1182 2011 1502 2068 nominibus
1545 2013 1799 2082 appellet,
1872 2029 1903 2068 a
1961 2018 2193 2074 veritate
2247 2018 2438 2088 procul
2483 2017 2739 2072 aberrare
2783 2015 3241 2086 deprehendetur,
3280 2029 3405 2069 cum
3453 2028 3518 2067 ex
3591 2009 3663 2063 al-

388 2108 517 2162 latis
554 2107 622 2162 ab
658 2106 776 2177 ipso
830 2106 1162 2161 testimoniis
1209 2105 1418 2173 liquido
1455 2106 1788 2169 constiterit,
1822 2107 2086 2178 quidquid
2125 2126 2154 2162 a
2196 2109 2304 2164 Deo
2333 2109 2618 2163 conditum
2651 2118 2736 2163 est
2766 2110 2902 2163 bene
2930 2122 2993 2161 ac
3062 2117 3210 2161 recte
3279 2105 3452 2159 fuisse
3527 2117 3662 2172 pro-

387 2208 654 2254 creatum.

463 2286 560 2342 IZ'.
600 2287 703 2342 Kal.
736 2287 953 2359 πρῶτον
996 2287 1117 2357 μὲν,
1166 2289 1248 2344 ὅτι
1289 2287 1423 2357 ὓλην
1460 2288 1662 2358 ταύτην
1711 2287 1972 2356 κέκληκε,

392 2380 536 2434 κατά
561 2380 616 2432 δὲ
647 2379 737 2432 τὸν
777 2378 936 2433 αὑτὸν
966 2377 1090 2434 νοῦν
1117 2378 1390 2447 λογίζεται
1430 2377 1632 2450 ταύτην
1661 2374 1802 2434 εἶναι
1837 2380 1968 2448 φθο-

391 2473 512 2543 ράν.
551 2471 659 2526 Kal.
694 2471 908 2541 πρῶτον
945 2471 1062 2540 μὲν,
1101 2473 1149 2524 εί
1181 2470 1298 2525 ἔστι
1339 2469 1536 2543 φθορὰ,
1569 2472 1713 2535 τίνος
1739 2473 1849 2542 ἄρα
1887 2475 1973 2542 εἴη

390 2563 590 2636 φθορά.
624 2563 733 2617 Kal.
773 2565 821 2616 εί
869 2563 966 2634 μὲν
1003 2562 1177 2617 ἄλλων
1215 2562 1390 2634 φθορά
1422 2563 1678 2636 ὑπάρχει,
1712 2564 1854 2632 αὕτη
1913 2563 1972 2616 δὲ

389 2655 778 2728 ὲμπαράμονός
822 2659 990 2723 ἐστιν,
1037 2655 1144 2726 ἄρα
1187 2654 1423 2711 ἔκπαλαι
1473 2655 1692 2725 ἔφθειρε
1730 2655 1796 2710 τὰ
1823 2656 1976 2721 ὅντα,

391 2746 490 2798 καὶ
523 2745 658 2816 μόνη
686 2743 826 2816 αὕτη
859 2745 1190 2814 συνέστηκεν
1223 2745 1281 2798 ἐν
1307 2744 1486 2816 χρόνῳ
1515 2744 1756 2815 τοσούτῳ
1783 2744 1846 2799 τὸ
1876 2743 1976 2812 τῆς

392 2838 567 2908 αὑτῆς
611 2837 896 2908 δυνάμεως
945 2829 1295 2909 ἐνεργητικὸν
1334 2837 1718 2908 ἐργαζομένη,
1759 2836 1848 2890 καὶ
1902 2836 1977 2906 μὴ

392 2929 792 2999 ὲκκοπτομένη.
825 2927 890 2980 Εί
925 2927 983 2980 δὲ
1029 2926 1231 2997 ἑαυτῆς
1268 2927 1383 2981 ἐστι
1434 2927 1630 2998 φθορὰ,
1682 2927 1978 2996 φθείρουσά

393 3038 457 3075 τε
487 3021 582 3074 καὶ
603 3019 940 3091 δαμάζουσα,
973 3021 1069 3073 καὶ
1100 3019 1490 3084 ἀναλίσκουσα,
1521 3020 1616 3073 καὶ
1643 3018 1973 3082 ἀπόλλουσα,

2154 2283 2318 2340 XVII.
2359 2287 2538 2355 Atque
2577 2283 2711 2338 illud
2754 2282 2988 2353 primum
3035 2279 3331 2334 videndum
3362 2287 3481 2344 est,
3517 2281 3664 2350 quod

2081 2394 2201 2433 eam
2233 2377 2517 2431 materiam
2547 2377 2812 2437 nominat,
2839 2372 2893 2427 id
2923 2371 3069 2441 quod
3099 2386 3166 2425 ex
3198 2371 3346 2424 illius
3392 2374 3666 2426 sententia

2083 2468 2224 2524 idem
2251 2477 2336 2524 est
2366 2483 2430 2522 ac
2459 2467 2764 2535 corruptio.
2799 2463 3002 2519 Verum
3041 2464 3089 2518 si
3124 2463 3408 2533 corruptio
3441 2464 3534 2530 sit,
3569 2481 3667 2517 cu-

2079 2560 2172 2630 jus
2196 2561 2302 2615 erit
2327 2557 2549 2613 tandem
2577 2555 2904 2626 corruptio?
2934 2553 2991 2610 Si
3025 2555 3254 2610 aliorum
3277 2565 3382 2623 est,
3407 2564 3669 2612 constan-

2083 2660 2166 2706 ter
2216 2650 2335 2721 ipsa
2387 2664 2654 2715 manens,
2712 2646 3037 2718 jamdudum
3087 2649 3270 2702 omnia
3311 2662 3669 2719 corrumpere

2083 2743 2312 2808 debuit,
2367 2755 2432 2796 ac
2474 2741 2589 2796 sola
2632 2749 2743 2794 tam
2790 2739 3006 2794 infinito
3051 2747 3299 2811 tempore
3341 2743 3667 2807 consistere,

2083 2836 2214 2889 dum
2255 2833 2454 2888 virium
2499 2848 2721 2888 suarum
2773 2831 3148 2887 eﬂicacitatem
3188 2832 3419 2897 exserit,
3468 2849 3569 2888 nec
3599 2833 3670 2889 ab

2087 2927 2197 2981 ullo
2229 2924 2582 2980 rescinditur.
2607 2924 2662 2979 Si
2695 2940 2824 2979 vero
2853 2923 3232 2993 suimetipsius
3263 2931 3347 2980 est
3366 2925 3675 2995 corruptio,

2084 3029 2442 3084 corrumpens
2477 3029 2542 3067 ac
2570 3014 2902 3082 perdomans
2934 3029 3057 3068 sese
3077 3055 3090 3078 ,
3122 3022 3175 3068 et
3207 3029 3566 3077 consumens,
3607 3031 3672 3069 ac

393 3111 741 3182 ἀπολλυμένη
773 3112 912 3175 ἐστὶ,
943 3111 1038 3164 καὶ
1062 3113 1123 3165 οὐ
1161 3109 1510 3180 σταθήσεται,
1543 3109 1746 3180 ἑαυτῆς
1769 3110 1978 3164 ἀναλω-

2086 3105 2323 3176 perdens
2352 3105 2551 3175 peribit
2591 3107 2850 3170 tandem,
2884 3120 3064 3174 neque
3093 3106 3394 3168 consistet,
3430 3121 3554 3160 cum
3585 3107 3675 3160 sui.

395 3205 527 3276 τική
557 3220 639 3266 τις
667 3199 803 3256 οὖσα
833 3203 930 3256 καὶ
957 3201 1252 3273 φθαρτικὴ.
1292 3200 1418 3264 Πῶς
1446 3196 1538 3254 οὖν
1564 3200 1767 3270 ἕστηκε
1792 3198 1980 3252 τοσοῦ-

396 3313 492 3349 τον
519 3295 704 3366 χρόνον
725 3295 1044 3365 ὑπάρχουσα
1069 3293 1210 3347 κατά
1231 3292 1322 3346 τὸν
1346 3290 1585 3361 ἀγύρτου
1614 3291 1800 3359 λόγον;
1830 3291 1983 3361 ’Ἅμα

410 3387 467 3440 δὲ
495 3387 556 3441 οὑ
583 3387 1010 3457 συγκοινωνὴσει
1039 3385 1175 3447 ὅλως
1204 3387 1270 3454 τῇ
1310 3383 1445 3454 ζωῇ,
1481 3383 1601 3436 οὑδὲ
1635 3383 1749 3451 ἅμα
1782 3381 1928 3452 ζωῆς
1959 3383 1979 3412 ²

402 3480 775 3551 εὑρεθήσεται,
809 3478 931 3534 οὔτε
961 3477 1314 3547 ἀγαθότητος.
1360 3476 1552 3528 Ὁπότε
1583 3475 1641 3529 δὲ
1680 3476 1738 3527 ὲν
1771 3474 1986 3546 ἑκάστῳ

402 3572 512 3628 τῶν
538 3573 626 3626 ὑπ’
656 3570 820 3626 αὑτοῦ
849 3570 1226 3640 κακιζομένων
1249 3568 1565 3635 κτισμάτων
1592 3568 1686 3621 καὶ
1714 3567 1988 3638 ἀγαθότης

405 3665 598 3726 ἔνεστι,
629 3662 844 3716 διέπεσε
875 3659 1211 3730 πανταχόθεν
1252 3661 1280 3710 ὁ
1317 3659 1448 3727 περὶ
1483 3657 1683 3719 κακίας
1705 3656 1870 3710 αὑτοῦ
1900 3655 1986 3709 λὸρ

404 3773 522 3822 γος,
550 3755 638 3809 διὰ
661 3756 723 3808 τὸ
766 3756 1139 3808 ἐπικοινωνεῖν
1179 3752 1405 3820 θάτερον
1435 3751 1544 3804 τῶν
1573 3749 1664 3804 ὑπ’
1695 3748 1862 3803 αὑτοῦ
1903 3749 1986 3802 λε-

409 3850 656 3920 γομένων
712 3847 960 3917 θατέρῳ,
1010 3846 1086 3908 ὡς
1130 3847 1304 3899 εἰπεῖν
1343 3846 1472 3917 περὶ
1513 3846 1688 3914 ὄφεων
1738 3843 1833 3896 καὶ
1882 3839 1990 3893 τῶν

406 3939 580 3994 ἄλλων
616 3937 858 4008 ἑρπετῶν
887 3935 1124 3990 ἰοϐόλων.
1152 3935 1290 3990 Ὅσα
1323 3935 1430 4006 γάρ
1456 3937 1605 3989 ἐστιν
1637 3935 1730 3988 ἐπὶ
1760 3934 1820 3986 τὸ
1846 3933 1978 4002 χρή-

409 4048 569 4100 σιμον
623 4027 1134 4096 κατεσκευασμένα,
1169 4028 1297 4098 παρ’
1336 4025 1486 4096 αὑτῷ
1539 4026 1596 4079 δὲ
1638 4025 1716 4097 τῷ
1756 4024 1984 4093 ὀνόματι

411 4123 772 4192 κακιζόμενα,
801 4123 857 4174 ἐν
902 4121 1086 4181 αὑτοῖς
1117 4121 1214 4174 καὶ
1241 4118 1302 4172 τὸ
1337 4119 1612 4172 ἀντίθετον
1650 4118 1751 4188 τῆς
1797 4115 1992 4176 κακίας

417 4216 753 4286 εὑρίσκεται,
783 4214 856 4278 ὡς
902 4215 1075 4266 εἰπεῖν
1123 4211 1252 4282 περὶ
1288 4211 1464 4279 ὄφεως
1509 4210 1742 4264 καὶτῶν
1792 4207 1990 4261 ἄλλων.

423 4311 516 4375 Ἐξ
540 4304 620 4363 ὧν
649 4309 758 4380 γὰρ
788 4309 864 4373 to;
888 4309 967 4372 είς
1006 4307 1234 4361 θάνατον
1265 4308 1323 4359 έν
1354 4307 1565 4367 ἑαυτοῖς
1589 4303 1631 4368 ³,
1664 4301 1758 4356 καὶ
1783 4301 1994 4355 ἀντίδω-

410 4419 501 4464 τος
540 4400 676 4473 πρὸς
717 4399 989 4455 ἀντίδοτον
1033 4398 1284 4461 θανάτου,
1326 4396 1421 4450 καὶ
1448 4395 1744 4458 κακώσεως
1773 4391 1997 4458 κακιζο-

2089 3195 2551 3266 consumptricem
2583 3211 2648 3251 ac
2687 3197 3089 3264 corruptricem
3130 3197 3239 3249 vim
3290 3196 3505 3251 habeat.
3543 3195 3674 3262 Quae

2088 3303 2214 3342 cum
2243 3287 2319 3341 ita
2353 3287 2484 3350 sint,
2515 3302 2752 3356 quanam
2783 3290 2995 3342 ratione
3023 3295 3178 3342 tanto
3213 3297 3476 3356 tempore,
3501 3296 3562 3342 ut
3585 3288 3675 3342 ille

2092 3379 2392 3434 circulator
2439 3380 2676 3442 asserit,
2722 3379 2900 3448 potuit
2940 3379 3240 3433 exsistere?
3270 3379 3540 3435 Praeterea
3572 3394 3675 3435 nec

2090 3471 2254 3525 ullam
2289 3470 2513 3524 omnino
2555 3486 2678 3523 cum
2715 3470 2825 3523 vita
2864 3469 3307 3524 communionem
3341 3471 3541 3525 habere
3567 3485 3676 3540 po-

2091 3563 2239 3626 terit,
2268 3577 2446 3630 neque
2479 3575 2603 3615 cum
2657 3576 2720 3616 ea
2765 3569 2860 3614 aut
2903 3575 3026 3614 cum
3062 3561 3305 3615 bonitate
3341 3562 3672 3616 versabitur.

2090 3653 2208 3706 Jam
2252 3667 2382 3706 vero
2429 3667 2554 3705 cum
2609 3652 2666 3705 in
2719 3666 3047 3721 unaquaque
3089 3661 3398 3707 creatarum
3444 3669 3627 3708 rerum
3656 3693 3672 3717 ,

2092 3763 2230 3816 quas
2271 3747 2361 3802 ille
2383 3747 2678 3816 vituperat,
2707 3746 2970 3801 bonitatis
2990 3747 3123 3800 insit
3153 3747 3379 3816 aliquid,
3412 3755 3525 3802 tota
3555 3748 3677 3816 ejus

2093 3843 2161 3897 de
2194 3841 2401 3896 malitia
2433 3839 2739 3909 disputatio
2759 3839 3017 3894 concidat
3047 3855 3272 3895 necesse
3301 3846 3405 3902 est,
3435 3855 3500 3893 eo
3531 3841 3676 3908 quod

2095 3935 2319 3990 alterius
2349 3933 2602 3991 illorum.
2637 3947 2759 4002 qua:
2792 3931 3283 3992 commemoravit,
3319 3931 3568 4002 quaedam
3608 3933 3680 3986 sit

2095 4039 2219 4079 cum
2249 4025 2422 4078 altero
2465 4023 2724 4085 societas,
2768 4030 2828 4076 ut
2857 4023 2926 4077 de
2954 4023 3323 4093 serpentibus,
3355 4025 3681 4092 ceterisque

2096 4115 2380 4171 venenatis
2416 4115 2610 4170 bestiis
2643 4113 2893 4168 nonnihil
2936 4115 3169 4170 dicatur.
3214 4116 3343 4169 Haec
3376 4115 3522 4170 enim
3562 4130 3682 4168 om-

2096 4209 2213 4271 nia,
2243 4224 2365 4277 quae
2396 4207 2462 4261 ab
2493 4207 2584 4260 illo
2612 4207 2834 4261 nomine
2859 4207 2978 4276 ipso
3000 4208 3402 4276 vituperantur,
3433 4207 3498 4261 ad
3523 4220 3681 4259 usum

2098 4301 2340 4369 aliquem
2394 4301 2797 4370 utilitatemque
2845 4311 3132 4369 procreata
3187 4308 3352 4366 sunt,
3401 4308 3456 4353 et
3504 4300 3558 4353 in
3597 4299 3683 4354 bis

2099 4391 2226 4445 mali
2268 4391 2570 4446 remedium
2607 4391 2904 4455 invenitur,
2950 4391 3098 4461 quod
3129 4391 3198 4444 ad
3246 4398 3530 4460 serpentes
3565 4391 3685 4445 reli-

413 4491 616 4561 μένων,
661 4489 754 4543 καὶ
785 4488 1036 4561 ἡε.ι,έριιν¹δ
1095 4489 1194 4560 μὲν
1235 4488 1315 4550 είς
1356 4487 1621 4559 ἐργασίαν
1660 4482 1972 4554 ἀνθρώποις

2099 4498 2316 4553 quaque
2345 4482 2398 4536 id
2449 4495 2621 4551 genus
2661 4480 2939 4535 convenit.
2989 4480 3065 4533 Ex
3110 4480 3302 4535 iisdem
3348 4482 3493 4536 enim
3526 4481 3684 4536 letale

411 4582 489 4645 ὡς
519 4581 611 4635 καὶ
637 4582 718 4643 είς
749 4581 811 4632 τὸ
837 4579 1166 4650 φωτίζεσθαί
1208 4597 1270 4632 τε
1307 4579 1402 4632 καὶ
1431 4578 1584 4648 ὁρᾷν.
1629 4575 1792 4628 Ἀλλά
1826 4575 1921 4628 καὶ
1956 4576 1989 4646 ἡ

408 4672 511 4737 νὺξ
532 4675 566 4743 ἡ
593 4673 722 4744 παρ’
749 4672 897 4742 αὐτῷ
924 4672 1144 4743 ὀνόματι
1177 4669 1537 4740 κακιζομένη,
1571 4669 1875 4730 ἀνάπαυσις
1908 4685 1990 4730 τις

414 4763 726 4833 εὑρίσκεται
757 4764 822 4817 ὲκ
855 4761 990 4814 Θεοῦ
1025 4760 1334 4835 ἀνθρώποις
1366 4761 1645 4828 γεγονυῖα.
1675 4759 1785 4812 Kal.
1820 4755 1992 4818 οὑτως

413 4857 478 4909 τὸ
503 4856 624 4910 καθ’
662 4855 720 4908 ἓν
754 4853 959 4922 ἀγαθὸν
989 4853 1231 4924 ὑπάρχον
1281 4851 1616 4921 εὑρίσκεται,
1665 4848 1759 4902 καὶ
1799 4849 1873 4917 μὴ
1905 4847 1996 4900 δυ-

413 4947 646 5017 νάμενον
699 4946 807 4999 ἀπὸ
850 4944 962 4998 τῶν
994 4946 1053 4998 ὲν
1095 4945 1226 5015 ἡμῖν
1259 4942 1675 5013 ἁμαρτημάτων
1722 4941 1784 4992 τὸ
1825 4940 1996 5010 ὄνομα

413 5039 580 5110 ἔχειν,
609 5038 642 5108 ἦ
671 5039 730 5093 τὸ
765 5039 878 5091 ἴσον
906 5035 999 5090 τοῦ
1025 5034 1198 5090 κακοῦ
1229 5034 1330 5106 τὴν
1363 5035 1684 5104 ὁμωνυμίαν
1712 5032 1986 5103 εὑρίσκον.

2104 4576 2256 4631 virus
2279 4615 2292 4637 ,
2325 4584 2378 4630 et
2410 4579 2598 4629 contra
2647 4581 2877 4626 mortem
2929 4573 3304 4642 inllictamque
3339 4573 3407 4627 ab
3450 4573 3584 4643 ipsis
3615 4574 3686 4628 la-

2106 4661 2226 4716 bem
2259 4660 2560 4718 remedium
2609 4660 2680 4714 ab
2710 4660 2776 4716 iis
2803 4660 2895 4730 qui
2946 4662 3058 4716 laesi
3092 4670 3225 4716 sunt
3255 4663 3554 4732 colligitur.
3594 4663 3686 4718 Sic

2107 4755 2226 4809 dies
2255 4755 2477 4824 quidem
2507 4753 2766 4808 humanis
2799 4761 2884 4809 est
2918 4755 3237 4810 exercendis
3268 4756 3524 4825 Operiths
3561 4771 3688 4812 con-

2107 4848 2322 4912 stituta,
2350 4845 2507 4912 cujus
2534 4846 2796 4901 beneﬁcio
2834 4846 3247 4907 collustrantur,
3284 4863 3348 4902 ac
3368 4847 3689 4904 discernunt

2107 4940 2312 4998 omnia.
2345 4937 2529 4993 Sedet
2561 4955 2692 5004 nox,
2731 4941 2818 4993 cui
2855 4940 3180 5009 probrosum
3217 4941 3350 4995 illud
3383 4957 3580 4996 nomen
3609 4951 3689 4997 at-

2104 5032 2318 5097 tribuit,
2355 5031 2421 5084 ad
2451 5031 2732 5085 hominum
2765 5031 3002 5100 quietem
3042 5041 3128 5086 est
3172 5048 3202 5084 a
3241 5032 3352 5087 Deo
3397 5048 3686 5089 concessa.

414 5133 592 5199 Atque
619 5131 690 5184 ita
722 5130 1021 5200 quamlibet
1080 5144 1263 5184 rerum
1291 5130 1536 5182 omnium
1575 5128 1775 5184 bonam
1841 5143 1966 5183 esse
2003 5127 2366 5194 reperiemus,
2414 5142 2592 5194 neque
2636 5142 2665 5179 a
2717 5126 2958 5195 peccatis
3003 5128 3212 5182 nostris
3255 5143 3378 5183 esse
3444 5128 3690 5184 denomi-

414 5229 673 5286 nandam,
711 5234 807 5280 aut
835 5226 1026 5281 eadem
1054 5241 1178 5280 cum
1209 5224 1354 5278 malo
1381 5223 1748 5293 appellatione
1773 5223 2126 5278 censendam.

489 5323 595 5375 IH'.
635 5322 818 5376 Πάντα
847 5319 956 5390 γὰρ
990 5317 1131 5372 καλά
1155 5319 1248 5371 καὶ
1274 5317 1425 5387 ἡδέα,
1452 5319 1548 5371 καὶ
1575 5317 1728 5370 οὐδὲν
1752 5317 1996 5385 ἀπόϐλη-

419 5431 532 5478 τον,
566 5411 676 5483 τῷ,
718 5410 826 5466 Kal
861 5410 1013 5472 ὶδοὺ,
1048 5409 1204 5478 φησὶ,
1257 5409 1454 5464 πάντα
1500 5410 1655 5464 καλὰ
1692 5410 1862 5463 λίαν·
1909 5410 2000 5462 καὶ

419 5503 655 5574 οὐδαμοῦ
695 5502 895 5565 κακίας
937 5501 1054 5553 ἐστὶ
1094 5502 1239 5571 ῥίζα.
1283 5500 1484 5553 Τούτου
1516 5499 1625 5572 γὰρ
1653 5501 1811 5572 χάριν
1840 5500 1936 5553 καὶ
1972 5501 2000 5552 ὁ

420 5598 568 5661 Θεὸς,
593 5597 652 5661 ἐξ
682 5595 938 5666 ὑπαρχῆς
969 5592 1166 5658 κτίζων
1193 5594 1284 5647 τὸν
1310 5593 1487 5648 πάντα
1510 5593 1716 5662 κόσμον
1741 5595 1804 5663 τῇ
1835 5592 2000 5645 αὑτοῦ

489 5755 506 5788 ¹
534 5754 595 5809 F.
634 5753 966 5826 ίσορῤεπῶς.
1045 5751 1064 5780 ²
1105 5749 1228 5803 Cor.
1284 5751 1414 5821 ζωῇ.

1494 5751 1512 5781 ³
1544 5749 1600 5804 F.
1643 5751 1839 5812 αὐτοῖς.
1906 5747 1924 5780 ⁸
1952 5745 2012 5800 F.
2049 5747 2247 5819 ἡμέρα,

2179 5313 2366 5368 XVIII.
2431 5313 2570 5368 Sunt
2631 5315 2777 5368 enim
2832 5316 2974 5369 bona
3039 5330 3104 5370 ac
3158 5314 3400 5383 jucunda
3455 5329 3686 5382 prorsus

2109 5407 2316 5468 omnia,
2347 5421 2527 5475 neque
2556 5406 2854 5476 quidquam
2886 5414 3002 5470 est,
3037 5405 3182 5475 quod
3215 5404 3573 5472 rejiciendum
3603 5403 3687 5458 vi-

2111 5495 2325 5550 deatur.
2345 5496 2499 5561 Quod
2524 5513 2588 5550 ex
2616 5498 2698 5551 bis
2723 5498 2903 5551 verbis
2927 5504 3155 5567 apparet
3185 5515 3196 5549 :
3230 5493 3297 5547 Et
3320 5511 3454 5560 cccc,
3482 5493 3683 5564 inquit.

2113 5593 2294 5644 omnia
2324 5591 2474 5644 valde
2505 5590 2642 5645 bam:
2666 5591 2687 5623 ⁵
2719 5610 2732 5646 :
2777 5605 3046 5660 nusquam
3078 5597 3135 5642 ut
3156 5586 3376 5641 malitiae
3399 5585 3552 5640 radix
3581 5585 3698 5639 ulla

2327 5748 2346 5778 ⁵
2382 5745 2512 5801 Cen.
2548 5760 2588 5812 t,
2614 5746 2700 5799 5|.
