4078 6446
470 326 540 383 55
785 326 792 334 ’
1874 326 1914 382 S
1978 326 2313 385 EPIPHANH
3678 342 3753 398 56

469 441 950 514 cernattm.635
984 444 1195 499 Etenim
1232 451 1519 514 propterea
1560 441 1704 497 Deus
1742 458 1865 496 cum
1902 443 2043 497 initic

2159 443 2483 514 ἀγαθότητι,
2526 444 2651 497 καθ’
2684 446 2915 499 ἕκαστον
2956 447 3066 501 τῶν
3113 449 3431 520 κτισμάτων
3468 450 3533 504 τὸ
3582 454 3752 508 καλὸν

469 535 738 589 mundum
764 551 867 607 pro
894 552 996 592 sua
1026 535 1270 592 bonitate
1294 534 1612 599 fabricaret,
1636 534 1703 591 de
1733 550 2058 606 unaquaque

468 634 779 682 creatarum
804 642 836 681 a
866 642 927 685 se
956 643 1140 683 rerum
1166 628 1368 684 bonam
1397 643 1522 683 esse
1546 628 1920 699 pronuntiavit
1945 646 1958 682 :
1987 626 2058 682 Et

468 718 622 783 vidit,
659 718 875 788 inquit,
916 719 1061 776 Deus
1098 720 1237 787 quod
1270 729 1405 775 esset
1431 721 1627 774 bonum
1648 720 1688 785 ¹,
1722 730 1783 774 ut
1809 728 1865 775 et
1894 721 1962 775 de
1985 721 2055 776 il-

466 809 646 864 larum
688 811 937 867 bonitate
968 813 1349 868 testimonium
1395 812 1585 879 ferret,
1616 821 1671 868 et
1705 813 1929 867 humani
1961 827 2057 883 ge-

463 901 614 955 neris
645 901 999 957 inimicorum
1039 904 1399 959 calliditatem
1431 902 1784 969 excluderet,
1818 904 1913 974 qui
1958 919 2054 959 ne-

464 990 753 1059 quissimis
788 989 993 1047 fabulis
1035 992 1322 1047 veritatem
1351 1006 1418 1047 ex
1449 992 1766 1048 hominibus
1806 992 2054 1050 funditus

460 1081 818 1153 exstinguere
847 1092 1138 1139 conantur.
1186 1083 1372 1139 Primo
1404 1084 1674 1155 siquidem
1710 1085 1800 1140 die
1849 1087 2052 1141 cmlum

461 1189 528 1231 ac
578 1185 779 1229 terram
806 1215 822 1238 ,
855 1176 1148 1245 lucemque
1180 1190 1305 1231 cum
1345 1176 1633 1241 omnibus,
1663 1191 1787 1246 quae
1809 1179 1865 1230 in
1906 1185 2051 1232 terra

459 1274 624 1333 sunt,
656 1268 923 1324 condidit.
971 1269 1039 1323 Et
1076 1270 1245 1333 vidit,
1281 1278 1332 1322 et
1381 1285 1500 1323 ecce
1530 1268 1756 1334 bonum,
1788 1270 1866 1323 ait
1901 1270 2053 1324 Scri-

459 1366 641 1426 ptura.
682 1358 1009 1414 Utrumnam
1059 1374 1186 1414 vero
1242 1358 1446 1413 bonum
1497 1375 1558 1415 se
1607 1358 1881 1415 facturum
1925 1376 2052 1417 esse

458 1448 768 1513 nesciebat,
817 1465 884 1504 eo
908 1449 1077 1519 quod,
1114 1464 1281 1519 opere
1332 1449 1571 1521 denique
1605 1451 1886 1521 perfecto,
1932 1468 2051 1507 ecce

457 1538 654 1594 bonum
696 1540 905 1597 dixisse
943 1543 1176 1611 legitur?
1222 1542 1398 1608 Quam
1428 1558 1623 1598 vocem
1671 1543 1935 1614 deinceps
1980 1545 2051 1601 de

459 1631 625 1702 aquis
645 1670 661 1696 ,
707 1633 776 1688 de
805 1632 947 1689 mari
974 1673 989 1696 ,
1018 1632 1087 1689 de
1111 1633 1452 1704 gerininihus
1471 1674 1488 1700 ,
1521 1633 1591 1688 de
1623 1634 1948 1700 arboribus,
1978 1635 2050 1692 do

453 1723 584 1779 caeli
614 1722 910 1790 sideribus,
945 1723 1016 1780 de
1045 1724 1373 1794 pecudibus,
1403 1725 1583 1794 deque
1624 1726 1843 1790 avibus,
1881 1728 2048 1797 repti-

2159 534 2431 606 ὲπέςερε,
2492 534 2695 604 λέγων’
2731 536 2841 591 Καὶ
2879 533 3040 594 εἶδεν
3082 542 3116 593 ό
3167 541 3344 606 Θεὸς,
3391 541 3481 595 ὅτι
3522 547 3740 600 καλόν

2157 626 2309 691 ὅπως
2330 628 2409 698 τῷ
2443 627 2595 699 καλῷ
2643 632 2992 703 μαρτυρήσῃ,
3038 631 3134 684 καὶ
3162 632 3344 686 ἀνέλοι
3366 634 3467 705 τὴν
3497 636 3608 689 τῶν
3634 640 3752 692 ἐπιρ

2157 717 2368 773 δούλων
2410 720 2513 790 τῆς
2541 719 2895 791 ἀνθρωπείας
2928 722 3146 791 φύσεως
3176 723 3480 796 δεινότητα,
3517 728 3630 783 τῶν
3656 729 3749 785 διά

2159 809 2348 881 μύθων
2386 811 2643 883 πονηρῶν
2677 812 3088 885 ὲπινοησάντων
3117 816 3377 886 ἀφανίσαι
3410 821 3476 872 ὲκ
3505 821 3615 874 τῶν
3645 823 3734 876 ἀν-

2157 901 2393 974 θρώπιον
2427 904 2528 975 τὴν
2574 905 2854 976 ἀλήθειαν.
2909 908 3166 980 Ἐποίησε
3210 909 3321 983 γὰρ
3357 912 3451 966 τὸν
3489 914 3741 986 οὐρανὸν,

2155 997 2252 1049 καὶ
2290 998 2393 1069 τὴν
2434 998 2562 1069 γῆν,
2596 999 2782 1053 καὶτὸ
2825 1000 2965 1068 φῶς,
3005 1003 3101 1055 καὶ
3141 1002 3215 1057 τὰ
3254 1004 3314 1058 ἐν
3359 1008 3426 1077 τῇ
3461 1010 3532 1078 γῇ
3585 1010 3645 1063 ὲν
3673 1014 3743 1081 τῇ

2154 1088 2349 1163 πρώτῃ
2383 1090 2587 1161 ἡμέρᾳ.
2632 1090 2739 1145 Καὶ
2760 1088 2904 1155 εἶδε,
2938 1093 3038 1147 καὶ
3067 1093 3198 1149 ἰδοὺ
3246 1097 3461 1161 καλὸν,
3502 1100 3667 1170 φησὶν
3694 1103 3730 1172 ή

2152 1179 2368 1252 Γραφή.
2409 1183 2553 1254 ’Δρα
2595 1182 2708 1255 γὰρ
2747 1183 2848 1237 οὐκ
2885 1184 3029 1256 ᾔδει,
3067 1185 3150 1239 ὅτι
3191 1186 3357 1240 καλὸν
3386 1188 3620 1259 ἤμελλεν
3647 1193 3744 1263 ἑρ-

2151 1270 2441 1340 γάζεσθαι,
2479 1273 2562 1326 ὅτι
2589 1274 2731 1342 μετά
2754 1276 2816 1327 τὸ
2841 1276 3095 1344 γενέσθαι
3124 1276 3292 1345 λέγει,
3334 1277 3491 1333 Ἰδοὺ
3519 1284 3741 1348 tam;

2154 1362 2267 1416 Καὶ
2287 1362 2431 1416 οὕτω
2452 1363 2689 1434 καθεξῆς
2709 1366 2803 1418 ἐπὶ
2822 1368 2935 1429 τοῖς
2963 1366 3170 1431 ὖδασιν,
3199 1368 3293 1420 ἐπὶ
3316 1368 3417 1439 τῆς
3439 1371 3737 1442 θαλάσσης,

2153 1457 2248 1509 ἐπὶ
2273 1456 2384 1510 τῶν
2416 1456 2836 1529 βλαστημάτων,
2864 1459 2958 1511 ἐπὶ
2984 1458 3094 1512 τῶν
3125 1458 3318 1527 ξύλων,
3353 1463 3450 1516 ἐπὶ
3480 1464 3589 1516 τῶν
3617 1481 3734 1532 (pw-

2152 1549 2367 1620 στήρων
2390 1551 2450 1602 ὲν
2476 1548 2715 1621 οὐρανῷ,
2749 1550 2844 1603 ἐπὶ
2862 1550 2970 1604 τῶν
2997 1552 3234 1621 κτηνῶν,
3260 1555 3354 1607 ἐπὶ
3365 1554 3477 1608 τῶν
3496 1558 3739 1626 πτηνῶν,

2149 1640 2246 1692 καὶ
2272 1639 2542 1708 ἑρπετῶν,
2583 1642 2679 1694 καὶ
2709 1640 2929 1712 ίχθύων.
2972 1642 3110 1697 Καθ’
3139 1644 3370 1698 ἕκαστον
3398 1646 3508 1719 γὰρ
3538 1646 3694 1716 ἔλεγε
3721 1664 3735 1680 ·

2150 1731 2262 1786 Καὶ
2295 1727 2459 1786 εἶδεν
2484 1734 2517 1786 ό
2547 1730 2716 1798 Θεὸς,
2747 1733 2848 1786 καὶ
2878 1732 3009 1788 ίδοὺ
3031 1736 3245 1788 καλόν.
3273 1734 3349 1788 Ob
3377 1735 3440 1788 τὸ
3471 1736 3738 1807 πρότερον

456 1814 605 1871 libus
648 1830 715 1870 ac
756 1817 1005 1886 piscibus
1052 1824 1303 1887 usurpat.
1355 1815 1492 1871 Nam
1562 1818 1618 1871 in
1674 1832 2043 1888 unoquoque,

2150 1822 2384 1892 ἀγνοῶν,
2406 1823 2529 1877 οὐδὲ
2555 1824 2696 1895 μετά
2714 1824 2776 1877 τὸ
2801 1825 3075 1893 γενέσθαι,
3098 1826 3175 1889 ὼς
3204 1827 3491 1899 διαπείρας
3517 1800 3541 1859 3
3566 1800 3737 1900 ὲσγη-

454 1907 623 1972 m’dit,
661 1909 874 1979 Inquit,
911 1907 1087 1973 Deus,
1140 1917 1189 1963 et
1229 1924 1346 1963 ecce
1375 1909 1588 1963 bonum.
1621 1907 1738 1964 Non
1778 1910 1924 1980 quod
1953 1918 2049 1966 aut

455 1999 740 2070 ignoraret
760 2009 944 2066 antea,
977 2011 1073 2056 aut
1103 2002 1195 2057 ubi
1230 2010 1516 2072 procreata
1556 2011 1728 2067 sunt,
1765 2003 1915 2058 velut
1946 2019 2048 2059 ex-

453 2092 727 2162 perientia
754 2093 992 2163 quadam
1023 2094 1165 2148 bona
1195 2108 1319 2150 esse
1346 2094 1743 2163 comperisset;
1776 2094 1873 2150 scd
1897 2097 2045 2165 quod

451 2183 600 2240 bona
629 2186 814 2239 omnia
843 2201 1030 2241 revera
1060 2185 1194 2250 sint,
1214 2201 1393 2257 neque
1418 2186 1543 2240 mali
1565 2185 1866 2257 quidquam
1891 2187 2043 2253 insit,

451 2287 680 2348 prOpter
701 2277 1083 2347 improborum
1114 2278 1401 2334 hominum
1425 2278 1743 2349 opinionem
1770 2280 1875 2334 hoc
1899 2281 2045 2336 velut

450 2367 682 2421 oraculo
706 2365 852 2421 bona
885 2381 1010 2424 esse
1044 2368 1229 2422 omnia
1265 2383 1330 2422 ac
1364 2368 1627 2439 praeclara
1655 2375 1888 2426 testatus
1921 2379 2039 2437 est;

452 2460 691 2530 ideoque
733 2459 939 2515 bonum
972 2476 1099 2516 esse
1139 2460 1313 2526 dixit,
1357 2459 1505 2530 quod
1532 2461 1663 2515 mali
1693 2475 1758 2516 ac
1783 2462 2043 2533 nequitiae

452 2551 638 2607 omnis
674 2552 1049 2607 exclusionem
1080 2551 1349 2605 continet.
1386 2548 1449 2604 Ut
1479 2551 1741 2605 nimirum
1771 2550 1876 2605 hoc
1898 2551 2040 2622 ipso,

451 2644 601 2714 quod
642 2657 768 2699 esse
812 2643 1018 2698 bonum
1069 2658 1232 2699 omne
1260 2643 1610 2715 signiﬁcavit,
1652 2643 1874 2697 tollatur
1905 2642 2044 2698 falsa

452 2734 548 2789 illa
581 2734 649 2789 de
672 2733 880 2788 malitia
916 2734 972 2788 in
1004 2734 1259 2790 homines
1287 2735 1503 2791 invecta
1533 2736 1838 2797 sententia,
1871 2735 2044 2804 pessi-

452 2842 655 2898 maque
691 2826 874 2882 omnis
908 2826 1036 2881 mali
1076 2824 1353 2897 dogmatis
1390 2825 1817 2881 architectorum
1851 2825 2040 2896 opinio

451 2918 793 2990 profligetur.

523 3009 813 3066 Postremo
852 3011 943 3067 ubi
983 3010 1053 3066 ad
1101 3010 1379 3065 hominem
1424 3017 1652 3067 ventum
1682 3017 1802 3073 est,
1835 3010 2039 3065 bonum

456 3116 581 3157 esse
613 3116 725 3157 nou
771 3099 943 3166 dixit,
988 3116 1101 3157 non
1141 3101 1288 3171 quod
1333 3103 1539 3157 malum
1584 3103 1844 3173 quiddam
1877 3102 2040 3158 homo
2067 3143 2111 3201 ο

452 3193 548 3258 εἰι,
581 3208 721 3264 opus
749 3194 996 3248 omnium
1029 3209 1153 3265 qua:
1184 3194 1241 3248 in
1268 3200 1417 3249 terra
1454 3194 1678 3249 condita
1720 3201 1851 3249 sunt
1882 3193 2042 3264 longe

454 3285 1004 3355 praestantissimum;
1036 3285 1184 3358 quod
1221 3293 1280 3340 ut
1316 3286 1611 3357 imperaret
1641 3286 1858 3342 caeteris
1887 3288 2044 3342 inex-

453 3376 695 3447 plicabili
732 3376 970 3448 quadam
1000 3386 1086 3431 est
1125 3391 1156 3430 a
1209 3376 1322 3432 Deo
1376 3377 1645 3447 sapientia
1678 3378 2037 3447 productum;

451 3471 543 3526 cui
585 3471 823 3540 denique
873 3486 1056 3525 rerum
1088 3470 1334 3525 omnium
1376 3483 1406 3522 a
1438 3484 1498 3524 se
1527 3478 1837 3524 creatarum
1867 3469 2038 3526 domi-

452 3572 642 3618 natum
676 3579 739 3617 ac
787 3563 1155 3633 principatum
1185 3561 1404 3617 deferre
1430 3569 1699 3617 statuerat
1729 3580 1741 3616 :
1771 3562 2043 3630 quemad-

451 3637 678 3709 modum
708 3654 823 3708 haac
858 3654 1024 3708 verba
1066 3652 1387 3708 declarant:
1441 3651 1733 3705 Faciamus
1775 3651 2039 3705 Immineat

454 3746 524 3801 ad
565 3747 852 3816 imaginem
894 3754 1134 3799 nostram
1171 3755 1222 3799 et
1268 3743 1706 3808 similitudinem;
1736 3753 1785 3797 et
1819 3744 2039 3811 praesint

453 3836 685 3907 piscibus
708 3837 896 3903 maris,
921 3847 968 3890 et
992 3835 1297 3891 volatilibus
1323 3837 1463 3901 caeli,
1488 3845 1541 3890 et
1562 3835 1835 3905 reptilibus
1859 3846 2037 3900 terrae,

452 3941 506 3986 et
537 3930 833 4000 jumentis,
890 3939 940 3985 et
980 3930 1198 3996 bestiis,
1241 3938 1292 3983 et
1333 3927 1577 3983 omnibus
1624 3943 1742 3999 qua’
1792 3927 1851 3980 in
1893 3936 2039 3981 terra

454 4031 578 4076 sunt
609 4025 651 4079 ’.
688 4020 887 4078 Verum
935 4021 1196 4093 quoniam
1233 4020 1301 4075 ad
1346 4019 1441 4076 Dei
1488 4020 1780 4089 imaginem
1818 4025 2038 4074 creatus

453 4123 560 4178 est,
583 4126 689 4169 tam
713 4115 1002 4170 excellenti
1032 4114 1296 4186 dignitate
1325 4122 1595 4169 contentae
1627 4127 1799 4168 sacra:
1820 4110 2038 4166 Litterae

453 4207 711 4274 fuerunt,
753 4209 904 4262 nulla
953 4218 1011 4263 ut
1039 4209 1359 4263 accessione
1386 4221 1525 4277 opus
1571 4220 1694 4260 esse
1737 4205 2034 4261 videretur.

451 4298 592 4353 Nam
645 4300 689 4355 si
745 4299 1010 4355 bonitatis
1068 4300 1244 4371 ipsius
1293 4306 1411 4353 erat
1461 4296 1701 4367 imagine
1750 4296 2034 4366 praeditus,

451 4390 550 4446 Dei
580 4392 840 4445 nimirum
858 4405 922 4445 ac
955 4389 1201 4458 Domini,
1231 4391 1325 4461 qui
1359 4391 1432 4446 sit
1459 4389 1705 4443 omnium
1740 4403 1921 4443 rerum
1949 4401 2039 4440 ar-

2149 1913 2263 1978 κὼς
2284 1913 2378 1968 τοῦ
2401 1915 2624 1980 ειδέναι,
2650 1916 2733 1969 ὅτι
2762 1915 2947 1981 καλὸν,
2970 1916 3110 1970 ἀλλά
3129 1918 3240 1971 ἀπὸ
3261 1916 3356 1971 τοῦ
3384 1915 3522 1972 εἶναι
3555 1919 3745 1973 πάντα

2146 2004 2313 2066 καλὰ,
2363 2004 2462 2057 καὶ
2498 2003 2739 2076 οὐδαμοῦ
2789 2001 2929 2059 εἶναι
2976 2006 3151 2060 κακὸν
3197 1990 3593 2079 προεθέσπιζε,
3646 2010 3739 2063 διὰ

2144 2095 2247 2166 τὴν
2276 2094 2388 2148 τῶν
2419 2095 2770 2149 κακοϐούλων
2797 2095 2980 2161 δόξαν,
3008 2096 3120 2149 τῶν
3155 2098 3371 2152 πάντων
3400 2097 3623 2166 ἀγαθῶν
3649 2098 3738 2151 ὅν-

2143 2206 2254 2243 των
2287 2190 2384 2244 καὶ
2415 2188 2596 2243 καλῶν
2630 2189 3112 2261 μαρτυρουμένων,
3142 2189 3285 2243 κατά
3315 2190 3414 2261 τὴν
3438 2189 3534 2243 τοῦ
3568 2189 3734 2244 καλοῦ

2144 2279 2526 2352 ἀληθεστάτην
2553 2279 2863 2352 μαρτυρίαν
2890 2280 2952 2333 τὸ
2986 2280 3151 2334 καλὸν
3178 2281 3355 2350 ἔλεγε,
3391 2281 3645 2353 στέρησις
3673 2281 3736 2335 δν

2146 2372 2351 2436 παντὸς
2378 2371 2587 2441 ἀγαθοῦ
2632 2372 2730 2449 καὶ
2759 2372 2945 2443 πάσης
2982 2373 3185 2436 κακίας
3203 2391 3216 2404 ·
3247 2374 3342 2428 καὶ
3379 2374 3466 2427 ἴνα
3501 2373 3611 2428 ἀπὸ
3637 2373 3733 2426 τοῦ

2144 2462 2313 2518 καλὸν
2337 2460 2480 2517 εἶναι
2505 2462 2567 2516 τὸ
2592 2465 2723 2529 πᾶν,
2755 2464 3050 2535 ἀναιρῆται
3073 2465 3103 2516 ὁ
3135 2466 3265 2535 περὶ
3293 2466 3492 2528 κακίας
3523 2464 3737 2536 ἀνθρὼ-

2143 2571 2270 2619 ποις
2303 2556 2723 2626 ὲπινενοημένος
2750 2554 2927 2624 λόγος,
2963 2556 3052 2609 ἵνα
3087 2555 3187 2626 τὴν
3232 2558 3415 2611 πᾶσαν
3457 2557 3734 2628 ὑπόληψιν

2142 2646 2243 2716 τὴν
2265 2645 2606 2717 κακότροπον
2621 2644 2732 2700 τῶν
2759 2646 2860 2716 τὴν
2877 2644 3228 2701 διδασκαλίαν
3254 2648 3736 2720 παρεισφερόντων

2142 2739 2489 2793 παντάπασιν
2521 2738 2703 2793 ἀνέλοι

2213 2997 2348 3056 Εἶτα
2378 3001 2547 3057 ἐλθὼν
2580 3002 2675 3057 ἐπὶ
2708 3002 2801 3057 τὸν
2833 3002 3143 3075 ἄνθρωπον,
3170 3003 3274 3057 οὐκ
3315 2998 3492 3068 εἶπεν,
3522 3004 3608 3059 ὅτι
3631 3022 3734 3060 κα-

2143 3094 2254 3156 λὸν,
2282 3093 2383 3165 οὐχ
2409 3094 2492 3148 ὅτι
2522 3095 2694 3151 κακὸν
2725 3097 2754 3149 ὁ
2782 3094 3090 3167 ἄνθρωπος,
3122 3095 3186 3149 τὸ
3208 3094 3543 3166 ὲξοχώτατον
3576 3099 3733 3169 παρά

2148 3187 2328 3242 πάντα
2358 3186 2429 3241 τὰ
2460 3188 2555 3240 ἐπὶ
2586 3187 2688 3258 τῆς
2712 3188 2818 3260 γῆς
2844 3188 3167 3259 ἐκτισμένα,
3192 3188 3286 3242 τδν
3313 3189 3406 3241 ἐπὶ
3434 3188 3514 3260 τῷ
3537 3190 3730 3262 ἀρχειν

2144 3279 2209 3332 ὲκ
2243 3277 2381 3332 θεοῦ
2424 3278 2746 3350 ὲκτισμένον
2781 3279 2946 3350 σοφίᾳ
2971 3280 3219 3351 ἀρρήτῳ,
3253 3272 3298 3347 ᾧ
3324 3278 3518 3349 ἔμελλε
3549 3298 3732 3353 παρα-

2142 3371 2345 3426 διδόναι
2395 3370 2529 3435 Θεὸς
2568 3373 2648 3435 είς
2680 3370 3001 3426 δεσποτείαν
3040 3370 3150 3425 τῶν
3179 3372 3271 3424 ὑπ’
3306 3356 3474 3425 αὐτοῦ
3508 3371 3730 3427 πάντων

2142 3466 2507 3538 ὲκτισμένων,
2534 3465 2611 3529 ὥς
2639 3482 2805 3538 φησιο
2844 3464 3203 3533 Ποιήσωμεν
3241 3463 3560 3533 ἄνθρωπον
3599 3466 3734 3521 κατ’

2140 3559 2346 3612 εἰκόνα
2377 3555 2673 3626 ἡμετέραν
2702 3557 2803 3609 καὶ
2835 3556 2965 3609 καθ’
2987 3555 3273 3623 ὁμοίωσιν
3291 3572 3305 3587 ο
3344 3556 3445 3611 καὶ
3474 3557 3731 3628 ἀρχέτω-

2139 3664 2263 3704 σαν
2295 3648 2414 3702 τῶν
2448 3648 2668 3716 ἰχθύων
2709 3645 2818 3716 τῆς
2860 3646 3183 3715 θαλάσσης
3244 3649 3345 3703 καί
3383 3650 3502 3705 τῶν
3538 3666 3732 3706 areret-

2139 3739 2264 3794 νῶν
2307 3739 2415 3794 τοῦ
2444 3736 2726 3807 οὐρανοῦ,
2759 3737 2859 3792 καὶ
2890 3736 3011 3792 τῶν
3032 3739 3298 3807 ἑρπετῶν
3320 3740 3432 3809 τῆς
3464 3740 3599 3812 τῆς,
3628 3741 3731 3797 καί

2140 3831 2399 3901 κτηνῶν,
2435 3829 2538 3885 καί
2561 3830 2801 3900 θηρίων,
2832 3830 2935 3886 καί
2965 3831 3209 3887 πάντων
3242 3833 3363 3887 τῶν
3393 3833 3585 3888 ὄντων
3625 3834 3727 3889 ἐπὶ

2138 3925 2252 3993 τῆς
2289 3924 2425 3994 γῆς.
2473 3923 2614 3977 Ἀλλ’
2665 3923 2852 3995 ἐπειδὴ
2899 3925 3017 3978 κατ’
3068 3926 3252 3979 είκόνα
3298 3925 3436 3979 Θεοῦ
3476 3926 3725 3998 ἐκτίσθη,

2139 4015 2386 4088 ἠρκέσθη
2413 4016 2476 4069 τὸ
2515 4017 2656 4069 θεῖον
2694 4015 2932 4087 γράμμα
2970 4015 3045 4087 τῷ
3070 4017 3310 4088 τοσούτῳ
3343 4017 3616 4089 ἀξιώματι
3649 4020 3727 4091 μὴ

2140 4109 2328 4181 χρείαν
2359 4108 2506 4179 ἔχειν
2538 4107 2859 4181 προσθήκης
2885 4108 2986 4163 ἔτι.
3019 4111 3079 4162 Et
3111 4109 3221 4181 γὰρ
3252 4109 3425 4180 αὐτῆς
3451 4110 3554 4181 τῆς
3581 4112 3726 4179 ἀγα-

2141 4201 2363 4271 θότητος
2408 4196 2521 4271 εἶχε
2568 4200 2907 4271 κεκτημένος
2947 4201 3048 4271 τὴν
3080 4202 3297 4269 εἰκόνα,
3346 4202 3490 4275 φημὶ
3528 4202 3586 4256 δὲ
3630 4201 3727 4259 τοῦ

2141 4293 2351 4365 Κυρίου
2383 4291 2521 4346 Θεοῦ
2549 4291 2731 4364 πάσης
2757 4291 2989 4355 κτίσεως
3007 4291 3342 4365 δημιουργοῦ
3370 4295 3465 4347 καὶ
3493 4292 3724 4361 ἀγαθοῦ,

2140 4385 2200 4451 se
2227 4380 2289 4440 οῦ
2337 4387 2487 4439 πᾶσα
2534 4386 2685 4457 πηγὴ
2719 4384 3083 4456 ἀγαθοσύνης,
3118 4385 3178 4450 ἐξ
3208 4380 3271 4439 οῦ
3313 4385 3376 4438 τὸ
3413 4385 3617 4455 ἀγαθὸν
3664 4389 3725 4440 ὲν

450 4480 586 4537 til‘ex
617 4497 681 4537 ac
708 4483 907 4543 bonus,
933 4499 964 4536 a
986 4497 1097 4553 quo
1114 4481 1378 4537 bonitatis
1406 4482 1528 4536 fons
1555 4480 1758 4542 omnis,
1791 4477 2037 4546 adeoque

2144 4480 2308 4533 πᾶσιν
2363 4479 2631 4550 ὑπάρχειο
2693 4477 2814 4542 πῶς
2866 4477 2947 4531 ἔτι
3002 4478 3193 4550 χρείαν
3245 4475 3361 4550 εἶχε
3414 4479 3724 4551 μαρτυρίας

450 4575 656 4630 bonum
687 4575 850 4646 635
880 4575 1058 4644 ipsum
1092 4573 1147 4627 in
1176 4573 1433 4627 universa
1461 4572 1761 4635 derivatur,
1794 4568 1928 4639 quid
1955 4577 2038 4622 οι-

449 4664 663 4718 tinebat
694 4663 800 4718 hoc
850 4662 1046 4717 audire
1082 4660 1499 4723 testimonium,
1535 4657 1607 4711 Et
1641 4672 1757 4711 ecce
1801 4658 1994 4710 bonum
2018 4694 2034 4719 ,

448 4765 577 4807 cum
596 4751 726 4807 boni
750 4752 924 4823 ipsius
945 4750 1237 4821 imaginem
1271 4749 1327 4802 in
1356 4762 1479 4804 sese
1500 4745 1849 4801 contineret?
1877 4744 2037 4800 Post-

448 4860 515 4901 ea
558 4853 781 4910 tamen,
824 4844 1095 4900 absolutis
1138 4842 1398 4897 omnibus
1446 4839 1815 4907 universoquc
1868 4851 2035 4906 opere

450 4936 718 5009 perfecto,
753 4936 903 4992 velut
942 4935 1278 5005 obsignans,
1315 4931 1457 4986 idem
1506 4931 1573 4985 de
1600 4929 1857 4983 omnibus
1884 4930 2038 4984 testi-

448 5029 695 5083 monium
722 5027 941 5082 divinus
968 5039 1150 5082 sermo
1176 5024 1404 5093 protulit
1444 5040 1457 5076 :
1490 5019 1560 5073 Et
1583 5018 1716 5074 vidit
1741 5018 1884 5073 Deus
1907 5035 2038 5072 cuu-

448 5131 538 5173 cta
563 5134 682 5189 qua:
723 5118 945 5187 fecerat,
977 5126 1027 5170 et
1067 5130 1184 5169 ecce
1227 5112 1381 5167 ualde
1417 5111 1588 5178 bona;
1621 5109 1713 5165 ubi
1761 5119 1815 5165 et
1844 5124 2034 5164 vocent

449 5213 622 5275 illam,
647 5210 822 5271 vulde,
856 5208 1100 5263 additam
1132 5206 1305 5261 voluit
1341 5206 1482 5276 (erat
1508 5220 1640 5260 vero
1669 5211 1785 5256 tum
1811 5219 1860 5256 νι
1888 5201 2030 5264 dies,

449 5304 536 5356 vel
564 5303 766 5372 quietis
803 5305 900 5371 VII)
926 5339 944 5364 ,
976 5306 1068 5364 ut,
1100 5297 1250 5353 omni
1296 5297 1536 5367 perversi
1586 5297 1735 5350 illius
1775 5294 1843 5350 de
1884 5294 2031 5350 malo

449 5392 726 5461 dogmatis
765 5392 912 5446 velut
942 5389 1129 5444 radice
1163 5388 1407 5451 sublata,
1443 5401 1635 5441 ansam
1682 5385 1809 5441 inde
1841 5385 2031 5441 nullus

452 5490 617 5536 tantae
656 5481 983 5538 temeritatis
1027 5480 1333 5549 arriperet,
1375 5477 1768 5546 sempiternam
1804 5488 1865 5532 ut
1904 5493 2031 5533 esse

449 5574 712 5627 malitiam
740 5573 1032 5643 cogitaret.
1055 5571 1189 5625 Nam
1211 5568 1484 5641 ejusmodi
1508 5568 1575 5623 de
1596 5569 1688 5623 illa
1714 5583 2029 5624 sermonum

2136 4570 2392 4637 ἀκοῦσαι,
2422 4573 2505 4626 ὅτι
2540 4571 2686 4626 Ἰδοὺ
2734 4571 2960 4636 καλὸν,
2992 4571 3154 4624 ὁπότε
3195 4570 3295 4643 τὴν
3337 4572 3524 4625 εἰκόνα
3555 4572 3721 4626 αὐτοῦ

2133 4663 2229 4716 τοῦ
2255 4662 2424 4716 καλοῦ
2457 4658 2574 4734 εἶχε
2607 4663 2979 4735 κεκτημένος;
3020 4662 3137 4732 Ἐφ’
3169 4662 3396 4735 ὕστερον
3425 4663 3485 4717 δὲ
3509 4664 3603 4717 ἐπὶ
3628 4664 3720 4719 τέ-

2128 4753 2216 4827 λει
2254 4753 2365 4807 τῶν
2406 4753 2565 4818 ὅλων,
2611 4753 2753 4825 μετὰ
2783 4753 2848 4807 τὸ
2877 4754 3101 4824 ποιῆσαι
3128 4755 3311 4808 πᾶσαν
3340 4752 3719 4827 δημιουργίαν,

2135 4843 2681 4914 ὲπισφραγισάμενος
2715 4845 2744 4896 ό
2778 4842 2923 4907 θεῖος
2949 4842 3129 4912 λόγος,
3156 4846 3269 4907 τοῖς
3300 4845 3436 4898 πᾶσι
3481 4845 3579 4917 τὴν
3627 4847 3725 4901 ab-

2137 4934 2238 5004 τὴν
2268 4935 2579 5006 μαρτυρίαν
2605 4933 2874 5006 προῠθετο
2901 4933 3127 5004 φάσκων
3149 4951 3163 4964 ’
3187 4935 3298 4990 Καὶ
3326 4934 3490 4990 εῖδεν
3508 4941 3544 4992 ὁ
3578 4939 3723 5005 Θεὸς

2138 5023 2338 5078 πάντα
2378 5024 2499 5078 ὅσα
2539 5025 2815 5092 ἐποίησε,
2861 5022 2962 5077 καί
3004 5022 3133 5077 ὶδοὺ
3166 5025 3326 5080 καλά
3367 5026 3545 5080 llas"
3584 5027 3724 5098 μετά

2137 5117 2458 5190 προσθήκης
2500 5117 2595 5171 τοῦ
2643 5118 2789 5171 λίαν
2833 5116 3013 5170 εἰπών
3082 5116 3263 5189 (αὕτη
3316 5118 3371 5172 δὲ
3427 5118 3723 5190 ἐτύγχανεν

2133 5208 2267 5278 ἕκτη
2303 5208 2489 5279 ἡμέρα
2515 5208 2612 5260 καὶ
2640 5207 2847 5279 ἑϐδόμη
2886 5208 3311 5280 καταπαύσεως)
3338 5227 3353 5240 ·
3385 5210 3471 5262 ἵνα
3496 5211 3599 5282 τὴν
3638 5211 3719 5282 ῥί-

2137 5297 2238 5362 ζαν
2257 5298 2357 5368 τὴν
2386 5298 2515 5369 περὶ
2540 5297 2639 5351 τοῦ
2673 5299 2846 5353 κακοῦ
2891 5299 3119 5366 ἀνελὼν,
3155 5299 3353 5371 μηκέτι
3383 5300 3536 5372 εὖροι
3577 5301 3713 5365 πρό-

2138 5389 2302 5458 φασίν
2344 5406 2429 5452 τις
2472 5389 2632 5443 τοῦτο
2668 5390 2961 5461 τολμῆσαι,
2994 5390 3343 5456 ἀῖδιάζουσαν
3384 5392 3482 5462 τὴν
3524 5393 3718 5446 κακίαν

2136 5479 2484 5533 διανοεῖσθαι.
2531 5480 2824 5551 Ἀνῄρηται
2857 5480 2966 5553 γὰρ
2992 5484 3022 5536 ό
3047 5483 3212 5546 αὐτὸς
3235 5482 3363 5554 περὶ
3393 5482 3601 5554 ταύτης
3625 5483 3713 5537 λό-

2140 5587 2255 5640 γος.
2289 5569 2546 5642 Οὐδαμοῦ
2576 5573 2684 5644 γὰρ
2704 5570 2771 5647 ἦν
2794 5573 2858 5627 τὸ
2882 5575 3072 5642 κακὸν,
3099 5574 3320 5630 πάντων
3345 5574 3528 5629 καλῶν
3549 5575 3721 5630 ὄντων

525 5725 542 5756 ¹
566 5723 700 5780 Gen.
733 5737 773 5789 ι,
810 5725 896 5792 10,
934 5725 1018 5793 12,
1054 5727 1139 5793 18,
1169 5724 1261 5791 91,
1287 5723 1378 5779 25.
1458 5724 1478 5754 '
1516 5722 1645 5779 ibid.
1687 5738 1725 5787 I,
1752 5723 1842 5780 26.
1919 5724 1939 5755 ³
1978 5722 2039 5778 F.

2144 5726 2162 5779 ί
2196 5726 2410 5796 πείρας.
