4078 6404
254 339 315 405 37
844 348 1217 405 ADVERSUS
1256 350 1599 409 "IERESES
1634 350 1765 408 LIB.
1810 351 1875 408 il.
1919 353 2084 413 T031.
2128 357 2190 415 ll.
2230 390 2300 402 —-
2339 360 2621 417 "AZRES.
2662 360 2844 417 LXVI.
3451 367 3517 421 58

249 463 379 531 λίαν,
408 463 500 517 καὶ
526 466 589 516 ὲκ
622 463 758 517 Θεοῦ
786 463 992 534 ἀγαθοῦ
1024 468 1434 538 γεγενημένων,
1481 469 1575 521 καὶ
1610 484 1816 539 μεμαρ-

1923 471 2140 528 occasio
2164 474 2498 545 praeciditur.
2525 474 2712 546 Neque
2731 477 2876 530 enim
2904 474 3104 531 malum
3135 478 3347 547 uSpiam
3377 492 3514 542 erat,

248 572 372 629 τυρη
380 555 573 627 μένων.

312 735 407 790 ιε’.
447 734 620 805 ’Υλης
657 733 716 787 δὲ
744 733 894 805 διττὴ
935 731 1383 804 ὴόνομασία.Τὸ
1417 732 1517 803 μὲν
1562 734 1693 803 γὰρ,
1742 740 1819 796 ὡς

250 827 394 898 ἔφην,
427 826 570 881 κατά
607 826 700 880 τὸν
732 824 859 880 νοῦν
888 826 983 879 τοῦ
1019 825 1300 895 ἀλιτηρίου
1341 824 1490 877 ἐστὶν
1536 825 1817 894 ἐνεργείας

248 919 335 973 καὶ
358 918 561 989 φθορᾶς
595 916 741 989 [καὶ]
773 917 1115 987 ἀναλωτικῆς
1149 916 1320 987 ὄνομα
1336 931 1351 946 ⁸
1377 913 1512 987 ὕλην
1537 915 1594 970 δὲ
1620 915 1816 970 εἰώθα-

251 1027 343 1080 μεν
364 1010 538 1079 λέγειν
563 1008 661 1080 τὴν
685 1011 955 1081 κόσμησιν
979 1010 1213 1064 ἑκάστου
1235 1008 1561 1080 πράγματος
1583 1010 1694 1071 τοῖς
1717 1008 1819 1071 τὰς

251 1103 429 1173 τέχνας
479 1102 903 1174 ἐργαζομένοιςο
951 1103 1026 1166 ὡς
1078 1102 1275 1164 εἰπεῖν,
1331 1100 1430 1171 ὖλη
1465 1099 1660 1167 ξύλων,
1714 1097 1816 1170 ὕλη

252 1195 593 1266 πηλουργίας,
637 1194 738 1264 ῦλη
777 1193 1002 1265 χρυσοῦ,
1041 1192 1141 1264 ὕλη
1177 1191 1441 1264 ἀργύρου.
1480 1191 1714 1258 Λέγεται
1760 1189 1816 1243 δὲ

255 1286 346 1357 ὕλη
370 1304 453 1352 τις
474 1286 743 1358 ἐργασίας
771 1287 829 1339 έν
855 1289 971 1349 τοῖς
1001 1284 1307 1356 σώμασινὴ
1337 1284 1445 1337 ἀπὸ
1479 1282 1817 1353 φθαρμάτων

252 1378 531 1442 κακώσεως
572 1377 939 1449 συναγομένη.
975 1377 1197 1446 Λεγέτω
1239 1376 1419 1429 τοίνυν
1442 1376 1471 1428 6
1504 1375 1816 1446 πρόσφατος

249 1471 387 1542 ἥκων
430 1470 646 1541 μάντις,
678 1471 774 1524 καὶ
808 1471 877 1523 τὰ
924 1468 1031 1541 πρὸ
1070 1467 1283 1522 αἰώνων
1328 1467 1813 1538 ἐπαγγελλόμενος.

262 1561 543 1633 Ἐτόλμησε
579 1560 690 1632 γὰρ
720 1561 750 1614 6
788 1559 1027 1623 τοιοῦτος
1062 1560 1156 1613 καὶ
1200 1558 1426 1629 Πνεῦμα
1466 1558 1815 1630 παράκλητον

250 1652 423 1707 ἑαυτὸν
461 1652 677 1722 λέγειν’
706 1651 897 1708 ἄλλοτε
922 1651 980 1704 δὲ
1020 1651 1318 1705 ἀπόστολον
1373 1650 1548 1719 Ἰησοῦ
1575 1648 1814 1721 Χριστοῦ

250 1747 443 1811 ἑαυτὸν,
473 1746 551 1809 ὡς
581 1745 742 1816 ἔφην,
771 1744 1121 1815 έπιφημίζει,
1151 1743 1274 1797 οὗτε
1305 1738 1442 1807 εἶδος
1482 1743 1815 1814 περιστερᾶς

1921 578 2046 618 cum
2074 566 2234 621 valde
2268 567 2410 622 bona
2447 576 2636 624 essent
2673 568 2879 632 omnia,
2911 578 2963 622 ct
3002 583 3032 622 a
3075 569 3218 624 bono
3249 569 3357 625 Deo
3391 588 3515 641 pro-

1921 655 2109 718 ducta,
2141 656 2501 729 ejusdemque
2538 658 2857 713 testimonio
2894 660 3271 729 comprobata.
3348 654 3353 658 ’

1992 744 2132 800 XIX.
2176 746 2447 803 Caeterum
2506 748 2749 804 materia:
2782 764 2980 803 nomen
3025 749 3297 820 duplicem
3343 753 3517 823 signi-

1922 836 2231 893 ﬁcationem
2280 839 2536 895 obtinet:
2590 841 2763 896 altera
2791 850 2876 897 est
2927 858 3049 912 qua:
3096 859 3159 898 ex
3201 842 3514 899 detestandi

1920 931 2071 987 illius
2131 932 2369 990 hominis
2418 934 2720 999 sententia,
2772 934 3044 990 actionem
3098 942 3153 990 et
3199 938 3506 1006 corruptio-

1921 1037 2044 1078 nem
2096 1038 2161 1078 ac
2202 1025 2669 1095 consumptricem
2713 1026 3007 1096 quamdam
3063 1027 3170 1080 vim
3223 1029 3513 1097 exprimit;

1919 1113 2109 1177 altera,
2134 1131 2242 1185 qua
2264 1119 2428 1187 vulgo
2450 1132 2636 1171 rerum
2659 1118 2927 1186 omnium,
2944 1134 3065 1188 quae
3092 1120 3158 1172 ad
3183 1136 3341 1174 usum
3374 1121 3476 1175 arti
3495 1150 3514 1160 ι-

1920 1207 2037 1262 ficis
2062 1217 2335 1278 spectant,
2371 1219 2693 1280 apparatum
2720 1212 3005 1265 materiam
3031 1212 3269 1266 dicimus
3300 1227 3313 1263 :
3341 1213 3512 1267 veluti

1918 1297 2215 1369 lignorum,
2265 1301 2483 1372 ﬁglinte,
2521 1302 2641 1356 auri
2682 1303 3007 1373 argentique
3050 1304 3355 1358 materiem.
3403 1302 3515 1373 Ap-

1918 1390 2153 1461 pellatur
2180 1400 2235 1446 et
2263 1393 2488 1446 materia
2526 1393 2578 1446 in
2607 1392 2954 1462 corporibus.
2979 1407 3101 1463 quae
3124 1408 3190 1446 ex
3218 1393 3510 1448 humerum

1918 1483 2232 1552 corruptela
2286 1484 2531 1552 vitioque
2571 1484 2869 1555 colligitur.
2925 1481 3080 1537 Dicat
3125 1484 3308 1554 itaque
3337 1500 3512 1539 novus

1917 1573 2011 1628 ille
2033 1582 2205 1638 vates,
2254 1576 2347 1644 qui
2380 1590 2439 1629 se
2472 1590 2535 1629 ea
2585 1577 2728 1630 scire
2768 1575 3075 1645 proﬁtetur,
3111 1592 3233 1646 quae
3262 1577 3332 1631 ab
3362 1578 3512 1631 omni

1917 1665 2222 1720 aeternitate
2271 1664 2511 1719 fuerunt.
2548 1664 2826 1734 Siquidem
2856 1673 2909 1721 et
2934 1667 3267 1737 paraelelum
3298 1683 3359 1723 se
3391 1666 3516 1737 Spi-

1917 1758 2085 1813 ritum
2120 1758 2263 1813 idem
2322 1757 2415 1813 ille
2461 1773 2570 1811 non
2604 1757 2875 1812 dubitavit
2915 1774 3183 1815 asserere.
3231 1760 3512 1816 Interdum

248 1854 366 1891 ποτε
408 1813 795 1908 ἐνδυσάμενος,
840 1813 964 1890 οὗδέ
999 1834 1063 1889 τὸ
1104 1835 1199 1889 ἀπ’
1226 1832 1457 1907 οὐρανοῦ
1490 1813 1570 1897 εἰς
1613 1832 1817 1903 ἔνδυμα

1923 1864 2051 1904 vero
2089 1859 2141 1905 et
2179 1848 2489 1919 apostolum
2522 1846 2651 1903 Jesu
2680 1849 2909 1912 Christi,
2940 1859 2999 1903 ut
3032 1860 3159 1904 ante
3190 1849 3339 1915 dixi,
3372 1866 3515 1904 nun-

249 1928 537 2000 ἀφθαρσίας
560 1926 792 1998 δύναμιν
820 1929 932 1991 τοῖς
958 1925 1279 1988 ἀποστόλοις
1318 1924 1566 1996 πεμφθὲν
1591 1924 1818 1994 Πνεῦμα

248 2021 604 2092 παράκλητον,
641 2018 670 2072 ὅ
716 2016 1085 2090 ἐπηγγείλατο
1133 2020 1375 2089 πέμπειν
1412 2017 1442 2069 6
1480 2015 1813 2087 Μονογενὴς,

247 2112 311 2165 οὐ
335 2109 479 2180 μετὰ
506 2110 748 2176 πολλὰς
771 2108 1002 2178 ἡμέρας
1034 2109 1275 2175 ἐκείνας
1303 2108 1649 2180 ὁρισάμενος,
1681 2106 1818 2160 ἀλλά

246 2201 394 2265 εὐθὺς
422 2201 591 2255 αὐτοῦ
635 2201 974 2265 ἀνελθόντος,
1006 2202 1082 2264 ὡς
1125 2201 1311 2268 ἔλεγεν
1332 2217 1347 2230 ·
1393 2201 1528 2254 Ἐὰν
1557 2198 1672 2270 ἐγὼ
1703 2201 1816 2253 ἀπ-

245 2292 404 2357 έλθω,
426 2292 661 2357 ἐκεῖνος
686 2292 1026 2346 ἐλεύσεται.
1059 2292 1170 2346 Καὶ
1193 2291 1357 2355 εὐθὺς
1392 2292 1451 2345 ὲν
1473 2291 1552 2361 τῷ
1582 2289 1816 2362 ὑπερῴῳ

247 2384 581 2457 ἐπλήσθησαν
614 2385 937 2454 Πνεῦματος
963 2384 1144 2452 ἁγίου,
1175 2387 1234 2439 ὲν
1258 2382 1338 2454 τῷ
1369 2384 1689 2454 ἀνακάμψαι
1719 2383 1817 2435 αὺ-

245 2478 357 2541 τοὺς
384 2478 490 2531 ἀπὺ
515 2476 615 2529 τοῦ
636 2476 797 2548 ὄρους
822 2476 931 2529 τῶν
964 2476 1216 2539 Ἐλαιῶν,
1241 2476 1385 2529 κατά
1410 2476 1471 2528 τὸ
1495 2473 1816 2545 γεγραμμέ⁴

247 2585 324 2622 νον
341 2586 355 2599 ·
377 2569 486 2624 Καὶ
513 2568 812 2639 ὤφθησαν
836 2569 1045 2636 αὐτοῖς
1078 2568 1356 2639 γλῶσσαι
1395 2566 1586 2638 πυρὸς
1613 2566 1815 2636 διαμει-

239 2659 536 2731 ριζὸμεναι,
577 2660 677 2716 καὶ
714 2664 748 2716 ὀ
785 2657 953 2726 οἶκος
984 2660 1340 2730 ἐνεπλήσθη
1383 2659 1587 2727 ὥσπερ
1617 2656 1816 2726 πνοῆς

240 2752 461 2819 βιαίας,
506 2752 616 2807 καί
657 2751 982 2807 ἐπεκάθισε
1020 2751 1089 2806 τὸ
1129 2751 1377 2821 Πνεῦμα
1422 2751 1515 2820 ἐφ’
1553 2750 1817 2804 ἕκαστον

245 2843 445 2913 αὐτῶν,
489 2844 593 2899 καί
622 2843 897 2900 ἐλάλουν
938 2844 1246 2915 γλώσσαις
1275 2844 1349 2897 τὰ
1385 2841 1687 2913 θαυμάσια
1707 2838 1816 2895 τοῦ

248 2935 413 2997 Θεοῦ,
463 2937 562 2990 καί
620 2934 881 3003 ἕκαστος
929 2933 1160 3005 ἤκουσε
1218 2933 1297 3003 τῇ
1363 2933 1485 3001 ἰδίᾳ
1537 2933 1813 3004 γλώσσῃ.

245 3021 429 3082 Ἦσαν
448 3028 517 3081 δὲ
540 3028 666 3084 ἀπὸ
696 3028 928 3096 παντὸς
956 3028 1177 3099 γένους
1204 3027 1319 3096 τῆς
1344 3028 1466 3082 ὑπὸ
1491 3026 1602 3081 τὸν
1636 3029 1816 3095 οὐρα-

1918 1949 2107 2010 cupat.
2158 1941 2323 2011 Atqui
2360 1955 2535 2010 neque
2582 1940 2850 1995 columbae
2884 1940 3114 2012 ﬁguram
3149 1957 3391 2011 unquam
3438 1943 3517 1999 in-

1917 2033 2066 2098 duit,
2126 2050 2304 2104 neque
2363 2032 2628 2104 Spiritum
2681 2033 2834 2087 illum
2890 2034 3252 2104 paracletum,
3307 2036 3400 2106 qui
3454 2047 3516 2091 ut

1918 2127 2199 2197 apostolos
2232 2128 2435 2179 virtute
2468 2124 2902 2194 incorruptionis
2937 2124 3230 2188 indueret,
3266 2126 3320 2179 in
3359 2142 3454 2181 eos
3482 2146 3514 2181 e

1918 2215 2061 2269 etelo
2094 2214 2371 2269 demissus
2397 2221 2502 2268 est.
2547 2211 2721 2278 Quem
2770 2213 2933 2267 etiam
2968 2214 3268 2268 missurum
3294 2232 3353 2271 se
3391 2218 3515 2271 uni-

1917 2309 2139 2381 genitus
2181 2307 2277 2363 Dei
2311 2304 2484 2362 Filius
2530 2305 2818 2376 promisit,
2875 2324 2980 2362 non
3023 2317 3141 2376 post
3178 2309 3372 2365 multos
3417 2313 3513 2367 hos

1921 2403 2034 2457 dies
2056 2403 2096 2467 ⁸,
2120 2400 2213 2457 sed
2233 2398 2397 2455 simul
2431 2407 2596 2469 atque
2634 2399 3049 2455 conscendisset
3082 2400 3137 2453 in
3186 2402 3412 2465 caelum,
3454 2414 3513 2456 ut

1917 2493 2037 2564 ipse
2066 2491 2256 2547 deﬁnit
2292 2492 2383 2548 his
2416 2493 2641 2548 verbis:
2675 2491 2739 2547 Si
2767 2494 2907 2546 enim
2949 2492 3129 2548 abiero
3161 2494 3252 2548 ille
3277 2496 3509 2553 veniet’.

1916 2587 1996 2640 Ac
2028 2584 2262 2641 subinde
2291 2583 2346 2637 in
2397 2584 2686 2639 caenaculo
2730 2584 2924 2654 repleti
2960 2593 3089 2639 sunt
3128 2584 3336 2655 Spiritu
3377 2601 3511 2641 san—

1916 2685 2030 2742 cto,
2054 2693 2179 2731 cum
2208 2693 2276 2732 ex
2305 2676 2588 2731 OlivarUm
2623 2685 2811 2731 monte
2840 2675 3155 2732 rediissent.
3185 2677 3350 2747 quue
3376 2677 3513 2733 adeo

1917 2771 2006 2827 his
2032 2771 2217 2827 verbis
2250 2771 2536 2841 Scriptura
2570 2776 2804 2825 testatur
2839 2788 2853 2825 :
2900 2768 2971 2822 Et
3005 2772 3513 2840 apparueruntipsis

1920 2860 2116 2932 lingua:
2157 2861 2294 2930 ignis
2330 2860 2662 2930 dispertita,
2705 2869 2757 2913 et
2796 2859 2985 2915 domus
3020 2862 3224 2931 repleta
3248 2872 3326 2914 est
3357 2864 3514 2932 quasi

1918 2963 2069 3009 vento
2107 2954 2397 3008 vehementi
2423 2993 2437 3015 ,
2490 2952 2784 3022 reseditque
2815 2952 3046 3022 Spiritus
3082 2969 3245 3018 supra
3273 2954 3514 3025 singulos

1918 3060 2124 3102 eorum.
2147 3053 2195 3098 et
2223 3042 2573 3114 loquebantur
2595 3041 2788 3112 tinguis
2818 3044 3089 3112 magnatia
3121 3043 3237 3108 Dei,
3265 3054 3314 3098 et
3349 3061 3515 3098 unus~

245 3122 364 3184 τὸν,
400 3120 491 3175 καὶ
531 3121 767 3185 ἕκαστος
796 3120 885 3174 διὰ
919 3120 1014 3175 τοῦ
1045 3120 1361 3191 Πνεύματος
1385 3118 1813 3190 παρεκαλοῦντο,

1923 3135 2136 3204 quisque
2181 3134 2362 3202 lingua
2400 3149 2501 3187 sua
2554 3132 2822 3201 loquentes
2855 3131 2981 3187 illos
3026 3132 3295 3186 audiebat.
3342 3134 3513 3187 Erant

245 3210 293 3265 ei
315 3228 372 3264 τε
400 3212 689 3267 ἀπόστολοι
721 3211 810 3267 διά
846 3212 946 3282 τῆς
973 3214 1203 3285 δωρεᾶς,
1237 3212 1332 3264 καὶ
1379 3213 1554 3266 πάντα
1591 3210 1660 3264 τά
1689 3209 1817 3282 ἔθνη

245 3303 324 3356 διὰ
344 3305 441 3375 τῆς
465 3306 783 3377 ένηχήσεως
795 3304 898 3376 τῆς
922 3305 1018 3359 τοῦ
1046 3304 1183 3358 Θεοῦ
1207 3305 1528 3376 θαυμαστῆς
1559 3304 1817 3358 διδασκα-

245 3393 375 3461 λίας.

310 3664 368 3716 Εἰ
392 3663 499 3735 γὰρ
524 3664 586 3718 τὸ
620 3662 850 3734 Πνεῦμα
879 3665 944 3717 τὸ
977 3663 1348 3735 παράκλητον,
1380 3664 1518 3735 ὅπερ
1551 3664 1820 3735 ἐπηγγεί-

246 3753 362 3810 λατο
379 3760 488 3821 τοῖς
519 3756 794 3829 μαθηταῖς
820 3755 848 3807 6
877 3755 1101 3827 Κύριος,
1135 3757 1162 3809 6
1193 3757 1437 3829 ἀγύρτης
1469 3749 1625 3819 οὗτος
1658 3754 1819 3825 ἐτύγ-

247 3863 413 3917 χανεν,
436 3849 465 3901 6
493 3848 749 3920 ἐμμανὴς
780 3847 1017 3919 ἀληθῶς,
1061 3848 1156 3902 καὶ
1187 3847 1508 3921 φερώνυμος
1532 3848 1634 3917 τῆς
1684 3848 1817 3902 έαυ-

247 3938 332 3993 τοῦ
354 3942 691 4012 ἐπωνυμίας,
729 3940 1007 4012 παρῆλθον
1051 3943 1102 3995 οἱ
1141 3942 1432 3997 ἀπόστολοι
1465 3941 1822 4013 στερηθέντες

248 4031 336 4100 τῆς
358 4033 714 4102 ἐπαγγελίας,
749 4033 1082 4097 ἀκούσαντες
1111 4033 1262 4106 παρά
1293 4033 1388 4087 τοῦ
1418 4033 1687 4104 ἀψευδοῦς
1710 4036 1822 4088 Κυ-

251 4125 386 4194 ρίοψ
412 4125 701 4195 Λήψεσΰε
724 4125 838 4196 τὴν
870 4126 1097 4196 δωρεὰν
1128 4126 1235 4181 τοῦ
1271 4127 1446 4198 ἁγίου
1473 4129 1823 4197 Πνεύματος

252 4218 317 4270 οὐ
348 4217 493 4286 μετὰ
525 4220 769 4285 πολλὰς
803 4220 1025 4285 ταύτας
1051 4218 1295 4288 ἡμέρας.
1328 4220 1438 4274 Καὶ
1467 4220 1823 4293 εὑρεθήσεται

249 4309 276 4361 6
298 4309 540 4365 ἀπατεὼν
567 4310 665 4364 τοῦ
689 4310 927 4381 Χριστοῦ
948 4311 1445 4381 καταψευδόμενος,
1474 4312 1549 4377 ὡς
1579 4312 1653 4384 μὴ
1683 4311 1823 4384 πλη-

254 4400 512 4472 ρώσαντος
543 4405 618 4459 τά
657 4403 807 4474 αὐτῷ
836 4404 1124 4475 εἰρημένα.
1156 4403 1410 4476 Παρῆλθε
1457 4405 1566 4477 γὰρ
1594 4407 1628 4477 ἡ
1662 4406 1825 4475 γενεά

1922 3236 2098 3280 autem
2120 3241 2184 3279 ea:
2215 3227 2359 3279 omni
2381 3226 2596 3278 natione
2629 3239 2744 3292 qua:
2771 3222 2867 3276 sub
2899 3223 3029 3277 οωίο
3055 3233 3135 3278 est
3166 3223 3208 3291 ³,
3239 3224 3504 3295 singulos-

1921 3334 2029 3388 que
2090 3317 2484 3372 consolabatur
2559 3316 2804 3385 Spiritus
2885 3323 3156 3380 sanctus,
3231 3318 3513 3384 apostolos

1921 3410 2143 3480 quidem
2173 3409 2387 3463 ewlesti
2420 3409 2512 3462 illo
2537 3408 2705 3479 636
2735 3407 3031 3475 beneﬁcio;
3065 3410 3353 3464 universas
3385 3422 3514 3464 vero

1922 3501 2177 3556 nationes
2221 3500 2423 3554 divinae
2463 3498 2612 3553 illius
2656 3498 3004 3555 admirabilis
3039 3500 3387 3556 institutione
3413 3501 3515 3556 do-

1924 3593 2135 3648 etrinaa.

1997 3683 2064 3737 Et
2118 3696 2244 3737 vero
2293 3684 2338 3736 si
2397 3682 2663 3752 impostor
2714 3684 2819 3739 iste
2870 3681 3108 3752 Spiritus
3145 3683 3233 3738 ille
3287 3690 3516 3738 sanctus

1922 3782 2090 3837 esset,
2121 3788 2286 3843 quem
2329 3771 2621 3843 discipulis
2657 3773 2938 3844 pollicitus
2967 3780 3088 3827 erat
3123 3770 3423 3834 Dominus,
3462 3784 3515 3828 et

1922 3864 2292 3935 promissione
2349 3861 2591 3919 fraudati
2643 3864 3039 3920 discessissent
3079 3865 3344 3934 apostoli,
3387 3881 3513 3919 eum

1922 3964 2111 4011 tamen
2144 3970 2175 4010 a
2215 3954 2472 4023 Domino,
2508 3956 2602 4026 qui
2643 3956 2864 4012 mentiri
2902 3971 3012 4011 non
3058 3965 3271 4027 potest,
3307 3958 3515 4027 pridem

1924 4047 2062 4103 illud
2117 4049 2444 4103 audissent:
2491 4049 2775 4110 Accipietis
2819 4049 3016 4103 donum
3062 4048 3297 4119 Spiritus
3346 4051 3518 4104 sancti

1925 4156 2029 4194 non
2069 4149 2189 4207 post
2236 4140 2432 4194 multos
2474 4140 2568 4194 hos
2611 4140 2722 4195 dies
2748 4143 2790 4194 ⁵.
2832 4140 2912 4196 Ex
2964 4156 3077 4212 quo
3123 4149 3402 4197 veterator
3428 4143 3519 4197 ille

1925 4229 2295 4291 convincitur,
2319 4228 2449 4282 dum
2474 4228 2757 4283 Christum
2785 4246 2908 4300 qua:
2928 4230 3142 4285 dixerat
3171 4243 3515 4299 nequaquam

1927 4318 2189 4388 implesse
2237 4321 2524 4372 mentitur.
2557 4318 2949 4387 Apostolorum
3001 4321 3204 4389 quippe
3236 4320 3518 4389 generatio

1928 4409 2180 4473 transiit,
2212 4408 2472 4463 nimirum
2517 4424 2548 4462 a
2591 4408 2738 4463 Petri
2792 4417 3041 4479 tempore
3083 4411 3151 4463 ad
3197 4409 3426 4463 Paulum
3461 4416 3517 4464 et

249 4492 350 4547 τῶν
386 4496 728 4562 ἀποστόλων,
770 4498 914 4568 φημὶ
946 4498 1004 4551 δὲ
1043 4498 1151 4551 ἀπὸ
1180 4498 1391 4570 Πέτρου
1423 4498 1553 4571 ἄχρι
1585 4500 1822 4564 Παύλου,

1929 4501 2219 4569 Joannem,
2254 4501 2347 4573 qui
2366 4501 2435 4556 ad
2462 4517 2636 4573 usque
2659 4499 2882 4572 Trajani
2906 4503 3193 4572 imperium
3223 4500 3514 4572 superfuit.

252 4584 339 4636 καὶ
373 4584 499 4656 ἄχρι
555 4585 839 4647 Ἰωάννου,
878 4586 976 4640 τοῦ
1022 4589 1117 4642 καὶ
1155 4588 1509 4660 χρονίσαντος
1545 4593 1604 4645 ἐν
1637 4589 1828 4665 κόσμῳ

256 4674 375 4747 ἄχρι
406 4676 516 4731 τῶν
546 4678 822 4749 Τραϊανοῦ
852 4680 1082 4750 χρόνων.
1110 4679 1219 4734 Καὶ
1247 4682 1528 4754 παρῆλθεν
1574 4684 1830 4750 Ἰάκωόος

252 4768 279 4819 ὁ
306 4769 513 4839 πρῶτος
543 4771 957 4834 ἐπισκοπεῦσας
987 4772 1048 4824 έν
1095 4772 1513 4845 Ἰεροσολύμοις,
1547 4779 1575 4831 ό
1603 4778 1831 4846 ἀδελφὸς

251 4858 556 4933 ἔπικληθεὶς
581 4861 679 4915 τοῦ
707 4863 937 4934 Κυρίου,
975 4866 1105 4927 παῖς
1125 4865 1183 4918 δὲ
1212 4866 1307 4920 τοῦ
1348 4868 1570 4938 Ἰωσὴφ,
1600 4871 1707 4924 ἀπὸ
1730 4871 1830 4942 τῆς

256 4951 382 5017 ἰδίας
411 4956 583 5008 αὐτοῦ
610 4956 872 5024 γυναικὸς
897 4958 1185 5028 γεννηθεὶς
1220 4960 1319 5014 σὺν
1354 4963 1466 5026 τοῖς
1496 4962 1701 5027 λοιποῖς
1731 4964 1833 5017 αὑ·-

250 5043 336 5097 τοῦ
366 5045 637 5115 ἀδελφοῖς,
690 5040 770 5109 οἷς
810 5052 1280 5121 συναναστραφεὶς
1312 5052 1342 5105 6
1370 5052 1571 5124 Κύριος
1622 5054 1828 5126 Ἰησοῦς

252 5134 494 5206 Χριστὸς,
518 5140 549 5191 6
572 5138 687 5191 ἀπὸ
707 5139 930 5208 Μαρίας
956 5141 1058 5211 τῆς
1082 5141 1449 5214 ἀειπαρθένου
1481 5144 1624 5197 κατὰ
1650 5146 1831 5217 σάρκα

253 5228 542 5300 γεννηθεὶς,
570 5230 631 5282 ὲν
654 5229 806 5296 τάξει
821 5231 1067 5303 ἀδελφῶν
1088 5232 1213 5304 ἔσχε
1230 5232 1324 5287 τοῦ
1341 5235 1625 5291 καλεῖσθαι
1650 5238 1830 5291 αὐτῶν

252 5319 487 5389 ἀδελφὸς,
521 5323 620 5377 καὶ
650 5324 700 5375 οἱ
732 5323 1014 5396 σύνθρονοι
1042 5326 1206 5380 αὑτοῦ
1228 5327 1429 5392 πάντες
1457 5331 1504 5382 οἱ
1530 5329 1677 5399 ἅγιοι
1694 5348 1706 5359 ο
1736 5330 1832 5384 καὶ

257 5412 366 5481 μετ’
403 5414 588 5467 αὐτῶν
623 5414 852 5485 Συμεὼν
881 5418 910 5469 6
951 5417 1068 5481 υίὸς
1100 5419 1195 5472 τοῦ
1248 5421 1626 5493 πατραδέλφου
1667 5423 1832 5477 αὑτοῦ

256 5500 360 5566 υίὸς
386 5503 481 5557 τοῦ
515 5506 883 5566 Κλεώπα,τοῦ
913 5507 1144 5578 ἀδελφοῦ
1182 5510 1402 5582 Ἰωσήφ.
1434 5506 1533 5567 ’Ὧν
1561 5514 1688 5577 τοὺς
1714 5514 1836 5586 χρό-

255 5604 370 5657 νους
397 5595 637 5666 καθεξῆς
680 5599 773 5650 καὶ
799 5597 922 5651 καθ’
957 5599 1147 5670 εἱρμδν
1179 5601 1288 5654 ἀπὸ
1311 5601 1408 5655 τοῦ
1446 5603 1705 5657 Ἰακὼὖου
1736 5606 1833 5658 τοῦ

1930 4593 2201 4650 Praeteriit
2234 4603 2288 4649 et
2328 4593 2568 4649 Jacohus
2608 4593 2820 4665 primus
2857 4592 3364 4665 Hierosolymorum
3404 4595 3521 4665 cpi-

1931 4698 2155 4754 scopus,
2192 4684 2287 4754 qui
2338 4684 2507 4739 frater
2539 4683 2755 4739 Domini
2791 4685 3214 4755 cognominatus
3245 4693 3350 4746 est,
3388 4684 3520 4739 fuit-

1930 4791 2041 4847 que
2064 4774 2293 4847 Josepbi
2329 4776 2475 4832 ﬁlius
2496 4817 2512 4841 ,
2549 4787 2604 4832 et
2647 4776 2718 4831 ab
2756 4792 2822 4832 eo
2850 4791 2977 4830 cum
3008 4776 3130 4830 aliis
3164 4777 3424 4832 fratribus
3452 4793 3516 4834 ex

1934 4889 2107 4929 uxore
2139 4889 2238 4928 sua
2286 4880 2600 4943 susceptus.
2649 4871 2990 4938 Quibuscum
3028 4871 3292 4928 fratribus
3342 4872 3523 4927 Domi~

1935 4979 2043 5019 nus
2074 4971 2264 5018 noster
2296 4961 2457 5018 Jesus
2491 4962 2747 5019 Christus
2779 4978 2809 5018 e
2843 4960 3014 5017 Maria
3061 4960 3285 5034 Virgine
3317 4980 3519 5019 secun-

1936 5055 2065 5110 dum
2115 5070 2335 5110 carnem
2386 5061 2547 5110 natus
2587 5055 2662 5108 ita
2699 5063 2953 5110 versatus
2998 5062 3114 5123 est,
3151 5063 3210 5109 ut
3242 5055 3365 5111 illos
3411 5056 3524 5110 fra-

1936 5158 2082 5203 trum
2116 5147 2340 5203 haberet
2371 5148 2510 5210 loco,
2535 5162 2601 5202 ae
2641 5148 2884 5204 vicissim
2912 5163 3102 5204 eorum
3129 5147 3300 5204 frater
3330 5150 3521 5220 appel-

1938 5240 2166 5295 laretur.
2202 5239 2398 5293 Mortui
2445 5249 2710 5308 praeterea
2743 5253 2871 5295 sunt
2902 5247 2957 5295 et
2983 5254 3174 5294 omnes
3220 5240 3394 5295 sancti
3431 5238 3524 5293 Ja-

1932 5331 2053 5385 cobi
2104 5332 2160 5385 in
2202 5331 2293 5385 illa
2331 5330 2594 5401 dignitate
2633 5332 2899 5402 collegae:
2946 5347 3167 5401 unaque
3212 5347 3337 5384 cum
3376 5333 3443 5385 iis
3468 5338 3524 5384 et

1935 5423 2172 5496 Symeon
2221 5423 2475 5494 Cleophae
2523 5424 2706 5494 patrui
2752 5425 2899 5479 illius
2946 5439 3010 5479 ac
3055 5422 3280 5493 Iosephi
3329 5419 3518 5476 fratris

1934 5517 2098 5572 ﬁlius.
2139 5515 2381 5582 Quorum
2413 5516 2660 5571 omnium
2694 5522 2939 5587 tempora
2978 5514 3289 5583 seriemque
3325 5511 3514 5582 subje-

1934 5611 2114 5664 rimus
2138 5648 2153 5673 ,
2185 5608 2289 5662 hoe
2323 5617 2408 5663 est
2440 5606 2945 5680 Hierosolymorum
2979 5604 3271 5677 episcopos
3298 5618 3526 5671 clunes,

325 5777 339 5807 ⁸
365 5777 488 5833 Act.
509 5794 551 5847 ι,
574 5779 631 5836 5.
714 5782 734 5812 ²
757 5777 919 5836 Ioan.
946 5795 1058 5849 xw,
1083 5781 1134 5838 'l.
1213 5783 1235 5815 ³
1253 5784 1376 5841 Act.
1406 5799 1494 5854 ut,
1521 5785 1576 5842 ὅ.
1649 5786 1672 5819 δ
1692 5787 1829 5843 ibid.
1868 5804 1911 5857 ι,
1939 5788 1995 5845 5.
