4078 6424
361 327 433 387 σε
1032 328 1400 392 ADVERSUS
1432 336 1774 396 HERESES
1810 341 1922 398 LIB
1958 341 2021 398 li.
2064 340 2227 399 TOM.
2266 341 2331 396 ll.
2357 372 2421 385 -
2459 343 2732 401 iIIERES.
2765 346 2945 404 LXVI.
3556 349 3625 406 66

358 446 554 518 λύμων
583 446 924 514 ὲπίπεμπτος
962 449 1305 527 ἑξαποσταλῇ
1338 455 1418 526 τῷ
1459 458 1651 529 κόσμῳ
1678 461 1770 514 τοῦ
1806 462 1932 514 ὲνοι-

2049 458 2550 533 Hierosolymornm
2608 467 2867 537 episcopo
2921 467 3297 526 introductum
3362 473 3509 530 hunc
3573 492 3630 532 ιιι

357 536 587 603 ποῦντος
613 540 673 592 ἐν
697 540 849 592 αὑτῶ
874 540 1116 595 διαϐόλου
1144 543 1423 614 ἐνεργείας
1461 549 1639 617 πλάνη
1679 552 1774 604 καὶ
1804 569 1941 619 φαν-

355 628 578 691 τασίας,
638 628 958 703 ἀποστήσῃί
994 632 1103 686 ἀπὸ
1150 634 1248 704 τῆς
1302 635 1561 709 ἀληθείας
1617 641 1741 706 τοὺς
1794 644 1945 714 αὑτῷ

357 718 683 785 πεισθέντας
714 722 1002 777 ἀπατῶσα.

430 903 565 955 KA'.
612 902 1024 973 Ἐξελήλεγκται
1070 903 1163 961 οὗν
1197 908 1230 978 ἡ
1282 909 1445 964 αὐτοῦ
1483 914 1820 984 πανταχόθεν
1843 934 1931 970 κυ-

354 992 482 1045 ϐεία
498 1012 510 1023 ·
536 993 612 1056 ὥς
638 1011 702 1061 γε
722 997 750 1048 ὁ
776 994 899 1059 νοῦς
926 996 1034 1050 τῶν
1067 1000 1302 1052 συνετῶν
1320 1002 1499 1056 πάντα
1520 1006 1761 1076 ἀκριϐῶς
1783 1010 1942 1073 γνοὺς

355 1085 770 1153 καταγνώσεται
798 1088 897 1157 τῆς
933 1089 1096 1142 αὐτοῦ
1126 1096 1650 1165 παραπεποιημένης
1675 1098 1937 1162 ἐπινοίας.

356 1176 442 1228 Τά
476 1176 534 1228 δὲ
567 1177 699 1231 ἄλλα
744 1178 922 1232 πάντα
962 1179 1029 1232 τά
1058 1183 1389 1254 νομιζόμενα
1435 1186 1600 1239 αὑτοῦ
1629 1190 1943 1260 σοφίσματα

356 1266 632 1337 ληρῳδίας
673 1268 903 1338 ἔμπλεα,
944 1269 1076 1334 λοξά
1110 1288 1170 1324 τε
1214 1274 1308 1349 καὶ
1349 1274 1577 1339 ἀστατα,
1608 1279 1759 1349 παρά
1806 1282 1941 1332 πᾶσι

359 1361 601 1421 πνετοῖς
629 1358 1015 1431 γελοιαζόμενα
1034 1378 1048 1391 ·
1080 1362 1234 1415 ἀτινα
1261 1365 1402 1418 κατὰ
1426 1366 1570 1432 λέξιν
1598 1368 1810 1434 διελεῖν,
1846 1372 1943 1426 καὶ

354 1448 428 1501 τὰ
466 1449 600 1518 πρὸς
627 1449 896 1502 ἀντίθεσιν
939 1451 1155 1505 πάντων
1201 1454 1380 1508 αὐτῶν
1424 1456 1632 1529 γράψαι
1656 1460 1698 1525 ³,
1728 1463 1808 1523 εἰς
1841 1478 1939 1514 πο-

354 1539 457 1591 λὺν
495 1540 656 1608 ὄγκον
681 1541 891 1594 ἐλάσσω
929 1543 1029 1613 τῆς
1074 1544 1191 1596 κατ’
1224 1545 1388 1599 αὐτοῦ
1421 1550 1804 1619 πραγματείας
1850 1553 1940 1605 τὸν

354 1629 596 1710 ἔλεγχον.
633 1630 771 1700 Ἤδη
812 1631 867 1683 δὲ
908 1632 1131 1702 ἀνδράσι
1172 1635 1426 1703 μεγάλοις
1454 1638 1567 1709 (25)
1612 1638 1940 1710 θαυμαστῶς

355 1699 479 1771 κατ’
538 1719 702 1772 αὐτοῦ
756 1721 1102 1794 ἀντιρρήσεις
1153 1725 1246 1776 τοῦ
1298 1725 1519 1797 ἐλέγχου
1576 1732 1935 1800 πεποίηνται⁸

366 1810 647 1881 ’Δρχελάῳ
678 1812 776 1882 μὲν
799 1812 877 1882 τῷ
909 1814 1213 1886 ὲπισκόπῳ,
1239 1815 1315 1879 ὡς
1345 1819 1686 1890 προείρηται,
1725 1822 1937 1895 Ὠριγέ-
1970 1804 2009 1856 Β

353 1917 437 1951 νει
468 1900 543 1961 δὲ,
584 1901 661 1963 ὡς
689 1902 924 1971 ἀκήκοα,
969 1903 1212 1976 Εὐσεϐίῳ
1249 1904 1304 1958 δὲ
1332 1905 1410 1977 τῷ
1453 1910 1811 1983 Καισαρείας,
1845 1915 1936 1967 καὶ

353 1991 602 2061 Εὑσεόίῳ
629 1991 704 2062 τῷ
741 1992 996 2065 Ἐμέσης,
1037 1994 1344 2066 Σεραπίωνι
1388 1998 1666 2068 Θμούεως,
1706 2002 1934 2058 Ἀθανα-

363 2083 469 2153 σίῳ
519 2082 599 2154 τῷ
662 2084 1085 2158 Ἀλεξανδρείας,
1132 2087 1389 2159 Γεωργίῳ
1441 2090 1520 2160 τῷ
1579 2092 1931 2160 Λαοδικείας,

366 2176 761 2249 ’Λπολλιναρίῳ
789 2175 865 2247 τῷ
900 2177 1240 2243 Λαοδικείας,
1271 2182 1414 2250 Τίτῳ
1449 2182 1543 2235 καὶ
1589 2183 1801 2249 πολλοῖς
1826 2186 1934 2240 τῶν

351 2269 476 2321 κατ’
512 2268 677 2321 αὐτοῦ
700 2269 1019 2340 εἰρηκότων.

427 2358 592 2412 Οὐδὲν
645 2359 699 2412 δὲ
743 2358 975 2429 λυπήσει
1020 2360 1117 2413 καὶ
1155 2360 1264 2414 ἀπὸ
1299 2363 1400 2434 τῆς
1449 2365 1609 2435 ἡμῶν
1661 2366 1933 2437 πτωχείας

348 2444 509 2512 ὀλίγα
556 2447 634 2509 εἰς
681 2446 943 2517 αἰσχύνην
990 2448 1083 2502 τοῦ
1134 2450 1368 2504 ὲλεεινοῦ
1418 2452 1708 2525 ἀνθρώπου
1758 2458 1933 2513 εἰπεῖν

350 2532 491 2603 πρὸς
521 2535 827 2606 ἀνατροπὴν
872 2539 971 2609 τῆς
999 2538 1162 2592 αὐτοῦ
1197 2540 1334 2594 κατά
1375 2543 1554 2597 πάντα
1596 2546 1797 2615 τρόπον
1836 2565 1932 2600 πε-

349 2624 701 2696 πλανημένης
722 2625 979 2692 διανοίας,
1003 2628 1077 2691 ὡς
1106 2629 1200 2682 καὶ
1225 2629 1323 2701 ήδη
1351 2635 1705 2704 προείπομεν.
1750 2636 1932 2687 Ἠϐου-

346 2717 524 2787 λύμην
552 2717 607 2770 δὲ
641 2718 714 2788 μὴ
741 2720 1034 2790 αὐστηροῖς
1065 2721 1274 2792 ῥήμασι
1302 2722 1394 2776 τὸν
1427 2725 1546 2777 κατ’
1574 2725 1740 2779 αὐτοῦ
1774 2731 1929 2800 ποιή-

350 2806 548 2860 σασθαι
586 2807 827 2879 ἔλεγχον,
862 2809 956 2862 καὶ
1006 2808 1284 2882 ἠδυνάμην
1336 2813 1617 2878 ἐπιεικῶς,
1652 2817 1700 2868 εί
1740 2816 1816 2887 μὴ
1849 2818 1929 2871 ὅτι

346 2898 442 2951 τὸν
470 2898 581 2952 τῶν
607 2899 821 2953 πάντων
838 2901 1115 2970 Δεσπότην
1137 2901 1561 2973 ἀθυρογλώττως
1590 2905 1930 2978 βλασφημεῖν

347 2991 450 3044 οὐκ
480 2990 814 3062 αἰσχύνεται,
837 2991 997 3053 εὐθὺς
1025 2991 1186 3044 αὐτὸν
1206 2992 1297 3045 τὸν
1320 2993 1553 3065 Ποιητὴν
1573 2994 1926 3068 ἀρνούμενος,

345 3082 440 3136 τδν
470 3082 589 3135 τόδε
620 3080 681 3135 τὸ
720 3083 826 3134 πᾶν
854 3082 1016 3144 κύτος
1043 3081 1273 3153 οὐρανοῦ
1315 3100 1375 3136 τε
1403 3087 1497 3137 κα)⁸
1524 3086 1648 3156 γῆς,
1671 3088 1764 3141 κα)⁵
1794 3091 1929 3143 πάν-

345 3190 456 3225 των
483 3171 591 3225 τῶν
618 3174 677 3226 ἐν
719 3174 923 3237 αὐτοῖς,
965 3172 1057 3226 καὶ
1084 3173 1152 3226 τά
1182 3176 1239 3227 ὲν
1271 3174 1349 3245 τῷ
1399 3176 1587 3247 κόσμῳ
1628 3178 1805 3231 πάντα
1829 3179 1924 3251 δη-

347 3262 773 3333 μιουργήσαντα·
802 3263 987 3334 ἕτερον
1006 3262 1063 3315 δέ
1087 3280 1208 3317 τινα
1235 3264 1640 3336 φανταζόμενος
1663 3266 1814 3328 Θεὸν,
1834 3269 1925 3322 τὸν

348 3353 425 3422 μὴ
452 3353 602 3416 ὄντα,
626 3352 718 3405 τὸν
747 3353 804 3406 δὲ
849 3352 977 3406 ὅντα
1020 3354 1355 3408 καταλιπών.
1394 3354 1650 3418 Ἐξέπεσε
1684 3357 1793 3427 γὰρ
1824 3359 1925 3427 τῆς

345 3440 604 3513 ἀληθείας
624 3460 637 3473 ·
670 3444 764 3496 καὶ
787 3443 982 3513 συνέϐη
1011 3445 1159 3516 αὐτῷ
1179 3445 1239 3498 τὸ
1263 3448 1362 3516 τῆς
1388 3446 1596 3513 γελοίου
1626 3446 1923 3519 παροιμίας

351 3534 723 3604 ἐνέργημαμῖις
750 3534 779 3586 ὁ
801 3534 971 3605 κόραξ
994 3534 1190 3606 βρῶμα
1210 3535 1346 3607 ἔχων
1368 3537 1494 3608 περὶ
1522 3536 1583 3589 τὸ
1603 3536 1797 3607 στόμα,
1831 3538 1924 3590 καὶ

345 3623 505 3676 σκιὰν
532 3625 589 3677 ἐν
618 3623 767 3677 ὕδατι
787 3624 879 3677 τοῦ
904 3624 1191 3696 βρώματος
1221 3626 1574 3696 θεασάμενος,
1602 3626 1923 3698 βουλόμενος

341 3715 538 3786 ἑτέρας
564 3716 769 3787 τροφῆς
793 3717 1193 3787 περιγενέσθαι,
1224 3718 1323 3787 τὴν
1343 3715 1509 3770 οὖσαν
1530 3717 1799 3784 ἀπώλεσε,
1828 3718 1921 3772 καὶ

339 3807 442 3878 τὴν
475 3806 553 3876 μὴ
599 3803 762 3863 οὖσαν
792 3807 893 3861 οὐκ
940 3809 1223 3879 ἐκτήσατο.
1276 3809 1373 3872 Τίς
1418 3808 1475 3861 δὲ
1517 3808 1762 3873 ἀνέξεται
1826 3810 1919 3863 τοῦ

341 3898 696 3968 βλασφήμου;
727 3899 792 3952 Ei
818 3897 924 3971 γὰρ
946 3900 1185 3971 πατέρας
1208 3899 1403 3971 ἔχομεν
1426 3900 1570 3954 κατά
1592 3901 1793 3973 σάρκα,
1824 3903 1919 3961 καὶ

339 3988 401 4039 οὐ
432 3987 675 4058 φέρομεν
725 3987 942 4042 ἀκούειν
987 3991 1080 4043 τὸν
1113 3991 1313 4045 τούτων
1348 3992 1452 4045 ὑπό
1502 4010 1662 4067 τινων
1706 3992 1873 4062 ψόγον
1900 4012 1914 4024 ·

340 4077 495 4148 πόσῳ
529 4094 591 4145 γε
622 4079 840 4148 μᾶλλον,
886 4080 977 4134 τὸν
1018 4081 1220 4155 Κύριον
1247 4083 1378 4136 Θεὸν
1420 4083 1640 4137 πάντων
1677 4084 1785 4137 ὑπὸ
1819 4084 1915 4138 τοῦ

339 4170 726 4239 χαλεπωτάτου
771 4170 1038 4236 Μάνεντος
1087 4173 1569 4245 βλασφημούμενον
1615 4175 1710 4229 ἐὰν
1753 4175 1918 4229 ἀκού-ο

2053 554 2314 609 mundum
2357 570 2599 610 errorem
2637 558 2826 622 fuisse,
2865 570 2920 615 et
2959 560 3190 629 diaboli,
3217 564 3310 635 qui
3357 565 3412 621 in
3455 567 3633 623 haere-

2046 643 2155 698 tico
2184 645 2280 699 illo
2304 646 2598 714 residebat,
2629 648 2681 702 vi
2708 664 2773 705 ac
2811 647 3003 706 fraude
3031 663 3416 725 propagatum,
3444 666 3505 713 ut
3530 675 3629 718 eos

2044 734 2138 805 qui
2177 733 2340 790 fidem
2362 736 2686 794 adhiberent
2733 755 2765 794 a
2800 742 3033 799 veritate
3068 755 3355 803 revocatos
3385 748 3440 803 in
3472 748 3620 804 frau-

2044 824 2166 878 dem
2203 826 2525 896 impelleret.

2116 907 2258 963 XXI.
2301 910 2666 976 Quamobrem
2701 931 2767 971 ex
2803 919 2950 972 omni
2995 930 3147 989 parte
3195 925 3458 981 convicta:
3494 940 3649 987 sunt,

2043 999 2190 1056 illius
2239 1004 2546 1074 praestigiae,
2598 1006 2679 1061 sic
2735 1016 2793 1060 ιιι
2839 1010 3165 1079 sapientium
3218 1015 3454 1082 animus,
3498 1032 3624 1072 Cum

2042 1101 2299 1148 accurate
2319 1103 2516 1148 cuncta
2538 1098 2773 1164 noverit,
2797 1103 3232 1158 commentitium
3262 1106 3410 1162 illius
3426 1108 3623 1179 dogma

2042 1182 2403 1251 condemnet;
2455 1201 2577 1239 nam
2619 1195 2818 1243 Caetera
2866 1190 3016 1246 illius
3048 1194 3363 1264 sophisticae
3399 1201 3622 1254 cavilla—

2044 1270 2224 1327 tiones
2254 1288 2524 1344 nugarum
2564 1277 2920 1345 plenissimaa,
2952 1282 3220 1353 ambigua:
3246 1294 3300 1340 et
3336 1286 3623 1346 instabiles

2042 1362 2491 1428 prudentioribus
2510 1368 2767 1424 omnibus
2794 1370 3030 1426 ludibrio
3056 1383 3200 1430 sunt.
3235 1376 3367 1442 Quae
3398 1380 3621 1448 quidem

2043 1451 2086 1502 si
2118 1453 2184 1506 ad
2216 1454 2445 1509 verbum
2474 1474 2749 1527 exponere
2790 1474 2855 1515 ae
2893 1462 3125 1532 singulis
3154 1469 3488 1536 respondere
3523 1487 3621 1527 ve-

2042 1538 2155 1601 lim,
2200 1557 2296 1596 ero
2327 1544 2379 1596 in
2422 1544 2525 1599 hac
2573 1547 2767 1603 haeresi
2807 1550 3145 1607 confutanda
3188 1555 3422 1626 longior.
3469 1558 3621 1613 Prae-

2041 1633 2228 1684 sertim
2277 1648 2400 1688 cum
2447 1650 2476 1687 a
2526 1639 2740 1708 magnis
2789 1641 2922 1695 viris
2966 1642 3315 1703 admirabiles
3348 1650 3416 1702 ad
3469 1651 3621 1707 illius

2042 1721 2366 1777 refutandus
2398 1740 2617 1782 errores
2651 1729 3061 1789 lucubrationes
3091 1743 3220 1789 sunt
3248 1737 3426 1794 editae.
3458 1740 3619 1796 Velut

2039 1812 2107 1865 ab
2149 1813 2414 1866 Archelao
2457 1818 2736 1888 episcopo,
2789 1830 2847 1873 ut
2882 1829 3041 1877 antea
3090 1824 3294 1881 dictum
3333 1839 3457 1885 est:
3494 1831 3614 1887 Ori-

2035 1915 2192 1969 gene,
2229 1909 2287 1954 ut
2329 1909 2661 1974 accepimus,
2699 1908 2933 1962 Eusebio
2967 1909 3313 1982 Cazsaricnsi,
3341 1928 3392 1973 et
3438 1919 3613 1977 altero

2040 1992 2328 2055 ilmeseno,
2372 1994 2669 2065 Serapione
2692 2000 3010 2064 Thmucnsi,
3046 2006 3345 2063 Athanasio
3370 2011 3609 2067 Alexan-

2035 2082 2217 2146 drino,
2249 2084 2481 2157 Georgio
2514 2087 2840 2157 Laodiceno,
2873 2094 3213 2162 Apollinario
3259 2099 3387 2153 item
3415 2100 3615 2157 Laodi-

2035 2186 2193 2236 ceno,
2237 2173 2381 2240 Tito,
2421 2190 2486 2230 ac
2518 2178 2795 2248 plerisque
2845 2182 2989 2246 aliis,
3021 2184 3113 2254 qui
3153 2185 3418 2245 adversus
3456 2191 3611 2244 illum

2034 2262 2396 2333 scripserunt.

2106 2352 2222 2407 Non
2263 2355 2367 2410 erit
2399 2363 2604 2422 tamen,
2649 2367 2710 2413 ut
2747 2359 2965 2430 opinor,
3000 2364 3314 2432 molestum,
3356 2366 3400 2422 si
3434 2383 3611 2436 pauca

2035 2460 2133 2514 pro
2157 2445 2340 2516 inopia
2370 2463 2434 2502 ac
2462 2451 2728 2505 tenuitate
2758 2459 2947 2507 nostra
2991 2453 3059 2508 ad
3092 2458 3393 2525 augendam
3429 2461 3614 2516 in-l'eli-

2033 2536 2113 2590 cis
2156 2536 2534 2595 homuncionis
2582 2540 2861 2596 infamiam
2909 2544 2966 2598 in
3013 2547 3250 2599 medium
3297 2549 3611 2616 aderamus,

2031 2628 2490 2695 quemadmodum
2518 2641 2675 2686 antea
2711 2633 2970 2689 diximus.
3000 2634 3059 2690 In
3090 2654 3199 2708 quo
3238 2642 3428 2697 vellem
3450 2646 3611 2712 equi--

2032 2716 2153 2771 dem
2195 2720 2249 2773 in
2284 2721 2432 2777 illius
2470 2738 2657 2779 errore
2694 2725 3018 2796 castigando
3060 2745 3276 2786 omnem
3319 2734 3612 2792 verborum

2031 2811 2382 2877 asperitatem
2419 2811 2630 2885 fugere,
2680 2816 2842 2887 idque
2887 2820 3022 2876 adeo
3062 2823 3259 2877 leniter
3300 2825 3483 2882 facere
3514 2843 3611 2898 po.

2032 2899 2283 2967 t-uissem,
2328 2902 2433 2960 nisi
2488 2906 2544 2961 in
2596 2909 2976 2966 universorum
3034 2913 3317 2970 Doniinnm
3373 2917 3610 2974 effrena-

2038 3002 2150 3045 tam
2179 2992 2378 3063 lingua:
2413 2996 2849 3055 maledicentiam
2879 3004 3258 3073 imprudenter
3288 3006 3610 3065 effunderet.

2031 3080 2239 3152 Quippe
2276 3086 2369 3154 qui
2408 3087 2637 3145 subindo
2681 3090 3031 3149 Conditorem
3064 3094 3240 3164 ipsum
3276 3098 3526 3168 abneget,
3577 3117 3609 3156 ει

2029 3191 2135 3242 (lno
2169 3186 2277 3228 tota
2325 3176 2439 3231 haec
2471 3182 2594 3233 cceli
2650 3194 2914 3254 terraeque
2960 3187 3148 3252 moles,
3184 3189 3471 3258 omniaque
3499 3192 3611 3246 illo-

2026 3280 2142 3318 rum
2175 3267 2798 3340 ambitu,comprehensa
2822 3274 3089 3330 fabricata
3129 3286 3279 3332 sunt.
3302 3280 3469 3351 639
3501 3281 3610 3336 Cu-

2023 3354 2117 3423 jus
2188 3357 2307 3410 Ioco
2365 3361 2552 3414 nescio
2616 3378 2775 3430 quem
2837 3376 3176 3422 commentus
3243 3377 3327 3421 est
3376 3371 3606 3425 alterum

2035 3446 2221 3511 Deum,
2245 3447 2338 3517 qui
2364 3464 2633 3519 nusquam
2660 3454 2752 3515 sit,
2779 3463 2832 3506 ut
2859 3455 2926 3508 ab
2947 3471 3012 3509 eo
3037 3458 3128 3525 qui
3155 3465 3239 3510 est
3262 3457 3438 3527 reipsa
3464 3474 3608 3514 rece-

2023 3536 2195 3592 deret.
2224 3538 2267 3591 A
2298 3540 2534 3595 veritate
2560 3543 2705 3597 enim
2744 3545 2982 3612 excidit;
3013 3554 3067 3601 et
3095 3547 3197 3601 hoc
3223 3548 3295 3601 illi
3323 3549 3390 3604 de
3422 3549 3606 3606 fabula

2022 3628 2273 3698 contigit,
2321 3645 2427 3699 qua
2467 3646 2667 3687 corvus
2707 3634 3003 3705 aliquando
3035 3636 3229 3702 fertur,
3265 3653 3389 3692 cum
3423 3647 3607 3695 rostro

2023 3718 2281 3787 pabulum
2312 3717 2500 3787 ferret,
2534 3738 2659 3776 mox
2684 3732 2743 3778 ut
2771 3726 2893 3794 ejus
2924 3728 3175 3782 umbram
3206 3728 3260 3783 in
3292 3743 3433 3798 aqua
3471 3746 3606 3785 con-

2021 3809 2265 3878 spicatus
2292 3819 2398 3875 est,
2425 3819 2484 3866 ut
2515 3814 2663 3869 aliud
2707 3817 2815 3871 sibi
2860 3829 3148 3888 quaereret,
3178 3821 3324 3890 quod
3370 3822 3606 3878 habebat

2024 3899 2352 3968 perdidisse,
2389 3918 2492 3957 nec
2519 3918 2639 3959 eam
2675 3922 2845 3975 quam
2877 3923 2984 3962 non
3013 3909 3244 3963 habebat
3277 3911 3601 3967 obtinuisse.

2017 3987 2136 4044 Jam
2179 4006 2309 4046 vero
2350 3993 2475 4062 quis
2507 3994 2890 4067 blasphemum
2934 3999 3084 4053 illum
3131 4001 3365 4056 tolerare
3397 4003 3606 4074 possit?

2019 4082 2151 4137 Nam
2184 4085 2229 4140 si
2261 4096 2517 4155 parentes
2557 4089 2701 4155 illos,
2742 4107 2771 4144 a
2796 4092 2993 4162 quibus
3032 4109 3234 4163 corpus
3266 4098 3600 4166 accepimus,

2018 4177 2087 4231 ab
2115 4176 2305 4246 aliquo
2331 4180 2664 4249 vituperatos
2698 4182 2890 4239 audire
2913 4199 3021 4238 non
3053 4200 3368 4254 possumus,
3394 4197 3603 4258 quanto

340 4278 559 4330 σωμεν;
597 4262 763 4317 Ὅταν
788 4260 881 4317 οὖν
911 4267 968 4317 ὲν
1002 4264 1080 4333 τῷ
1109 4265 1247 4318 ἐλέει
1280 4265 1373 4318 τοῦ
1407 4266 1541 4319 Θεοῦ
1569 4266 1766 4339 θμϐροι
1790 4269 1918 4320 ἀπο-

2035 4265 2069 4319 d
2105 4266 2287 4323 minus
2318 4266 2465 4324 ferre
2492 4269 2774 4338 debemus,
2815 4288 2939 4327 cum
2982 4274 3052 4329 ab
3088 4275 3477 4331 molestissimo
3507 4276 3602 4330 illo

338 4351 665 4405 στέλλωνται
694 4353 832 4406 κατά
862 4352 960 4425 τὴν
986 4354 1149 4407 αὐτοῦ
1184 4353 1513 4424 ἀγαθὸτητα,
1562 4356 1723 4419 αὐτὸς
1752 4355 1916 4426 βλασ-

2035 4355 2317 4414 lianichazo
2347 4358 2516 4414 Deum
2544 4362 2924 4417 universorum
2956 4363 3245 4419 Dominum
3276 4366 3456 4435 appeti
3483 4381 3601 4419 ma-

334 4442 540 4512 φημῶν
582 4442 681 4495 οὐκ
728 4443 1036 4514 αἰσχύνεται
1093 4444 1346 4514 φάσκειν,
1395 4445 1468 4517 μὴ
1514 4448 1578 4499 ἐκ
1613 4444 1747 4499 Θεοῦ
1788 4447 1914 4510 τοὺς

2036 4447 2233 4503 edictis
2279 4449 2614 4507 audiemus?
2645 4450 2857 4506 Etenim
2880 4468 3005 4508 cum
3037 4469 3065 4507 a
3109 4454 3219 4511 Deo
3248 4471 3347 4525 pro
3387 4455 3600 4511 inﬁnita

332 4532 576 4605 ὃμῆρους
598 4529 756 4599 εἶναι,
790 4534 923 4589 ἀλλά
947 4534 1245 4606 ἀπορροίας
1276 4536 1573 4607 ἀρχόντων.

2035 4553 2126 4593 sua
2165 4540 2540 4596 misericordia
2579 4558 2643 4597 ac
2688 4544 2934 4600 bonitate
2969 4545 3172 4601 imbres
3213 4562 3242 4601 e
3290 4547 3430 4601 caelo
3471 4548 3600 4602 mit-

332 4633 552 4691 tnutnr,
598 4628 895 4683 maledicus
936 4629 1040 4683 iste
1085 4643 1193 4681 non
1230 4635 1447 4683 reret-ir
1477 4643 1507 4681 a
1546 4626 1656 4683 Deo
1702 4627 1905 4683 imbres
1945 4628 2067 4685 illos
2129 4646 2253 4689 esse
2320 4649 2537 4705 negare,
2574 4635 2669 4691 sed
2713 4652 2780 4692 ex
2823 4636 3134 4709 principum
3175 4641 3368 4695 asserit
3400 4637 3599 4709 proﬂu-

329 4723 422 4777 vio
454 4736 728 4777 manasse.

407 4842 423 4872 ⁸
458 4838 586 4893 For.
615 4839 703 4892 ἵνα
733 4840 1034 4915 ἀποστήσῃ.
1129 4842 1151 4873 ¹
1182 4839 1343 4897 Deest
1382 4856 1485 4895 vox
1511 4840 1832 4911 βουλόμενος
1861 4855 1931 4894 au

2035 4854 2098 4894 ox
2126 4838 2346 4896 similis.

402 4957 519 5038 (25)
556 4957 706 5025 Ἤδη
746 4957 815 5040 δᾴ
858 4955 1116 5041 ἀνίδράσι
1156 4958 1465 5041 μεγάλοις.
1522 4957 1902 5041 Theodoretus

2035 4957 2288 5041 lrigen'em
2325 4956 2996 5041 ‘adversusMMan‘ichaeos
3056 4959 3416 5041 elucubrasse
3469 4960 3592 5041 .ali-

327 5029 654 5096 scriptores,
716 5028 808 5097 qui
858 5027 1169 5110 adversus
1205 5027 1632 5110 Manichaeorum
1696 5036 1903 5110 sectam
1999 5027 2522 5110 quidniipiph'anius
2578 5028 2844 5110 afﬁrmat,
2881 5029 3156 5110 temporis
3208 5030 3420 5110 ratione
3468 5030 3592 5100 ipsa

327 5095 758 5153 commentarios
808 5097 1118 5161 ediderunt,
1191 5107 1444 5154 recenset
1503 5098 1641 5181 istos
1673 5115 1687 5151 :
1722 5096 1905 5151 Titum
2003 5095 2570 5181 refellitu’rili'fortuus
2597 5098 2741 5152 enim
2766 5105 2851 5153 est
2878 5095 3143 5181 Origenes
3168 5099 3332 5181 annis
3379 5095 3583 5154 fere-xx

330 5166 723 5222 Bostrenorum
787 5168 1126 5236 episcopum,
1191 5167 1486 5249 Diodorum
1502 5237 1514 5249 _
1538 5166 1903 5249 .Tars'ensem,
2001 5175 2293 5249 antequam
2314 5166 2740 5249 Manichaeorum
2764 5169 3088 5249 superstitio
3109 5170 3171 5249 in
3206 5169 3382 5224 lucem
3402 5184 3588 5249 emer-

325 5234 626 5307 Georgium
647 5234 1013 5320 Laodicenum
1042 5238 1327 5320 A‘rianum,
1352 5237 1653 5320 Eusebium
1680 5236 1904 5320 Phqa‘ni-
2006 5234 2178 5306 geret.
2218 5234 2893 5320 Siquidem-grassante
2936 5236 3141 5320 Severi
3181 5240 3588 5319 persecutione,

324 5320 448 5359 cem
480 5305 611 5371 (hoc
633 5318 717 5363 est
746 5306 1117 5390 Emesepum).
1151 5308 1311 5390 Quod
1354 5307 1423 5363 ad
1456 5306 1751 5390 Eusebium
1784 5305 1905 5390 (ξξιςτ
2008 5305 2155 5390 anno
2182 5306 2303 5374 ejus
2356 5307 2572 5376 imperii
2595 5305 2660 5370 'x,
2690 5308 2784 5390 qui
2817 5318 2902 5363 est
2926 5322 3050 5390 term
3065 5305 3429 5390 9ionvsiana2
3454 5321 3587 5390 coit,

325 5375 628 5433 sariensem
673 5378 887 5441 attinet,
938 5375 1194 5433 Socrates
1230 5378 1323 5432 lib.
1370 5394 1408 5441 I,
1449 5392 1573 5458 cap.
1601 5377 1665 5458 1:7
1712 5376 1904 5458 scribit
2002 5376 2183 5458 aetatis
2229 5392 2432 5458 annum
2475 5375 2729 5458 ᾔθεοι-ει
2766 5393 2900 5442 XVII,
2955 5388 3015 5432 ut.
3063 5375 3333 5458 Eusebius
3388 5378 3588 5457 asserit

320 5446 508 5514 jejune
558 5447 852 5503 admodum
901 5446 957 5500 in
1022 5444 1396 5526 Ecclesiastica
1429 5444 1716 5527 “historian
1732 5444 1903 5527 Man‘i-
2004 5446 2227 5527 libavrl,‘
2247 5460 2369 5527 cap.
2402 5445 2456 5499 5.
2486 5444 2635 5527 _Obi‘it
2669 5462 2798 5501 vero
2828 5462 2975 5527 anno
3018 5448 3197 5502 aetatis
3228 5461 3394 5527 ιηιιι,Δ
3415 5447 3588 5527 impe-

323 5513 593 5574 chteorum
641 5520 713 5577 ab
758 5519 854 5573 illo
888 5516 1223 5571 mentionem
1271 5532 1395 5598 esse
1427 5517 1647 5598 factam.
1676 5513 1794 5596 Qua
1833 5515 1900 5597 de
1998 5522 2159 5598 rapte
2188 5513 2366 5597 Gallo,
2398 5516 2589 5598 eodem
2632 5526 2859 5598 auctore
2893 5517 2989 5598 li_b.
3022 5532 3122 5598 vn,
3152 5530 3255 5585 cap
3286 5515 3338 5598 1‘.
3367 5513 3587 5598 Additis

322 5602 481 5645 causa
527 5599 696 5647 totam
744 5589 873 5657 ejus
905 5586 1194 5643 historiam
1240 5602 1307 5665 ex
1364 5585 1899 5665 Archelainscriptis
2000 5587 2166 5654 igitur
2201 5585 2360 5638 annis
2387 5600 2481 5665 an,
2530 5593 2591 5638 nt
2634 5601 2766 5665 Lys
2810 5587 3443 5665 impleantur‘inortuus
3498 5594 3588 5665 est

322 5659 532 5721 uberius
572 5652 828 5736 εχροηῖι,
865 5657 1052 5724 Quare
1087 5657 1373 5736 _p_r:ecip_no
1401 5656 1585 5736 ali-quo
1607 5655 1749 5736 libro
1783 5652 1897 5736 hac:
1998 5652 2122 5736 aéraz
2151 5655 2469 5736 communis
2497 5670 2642 5711 anno
2667 5656 2796 5723 254,
2836 5652 2931 5710 diu
2983 5664 3110 5711 ante
3155 5652 3467 5709 Manichaee:
3496 5652 3576 5706 fac

311 5733 445 5793 resin
461 5723 1025 5805 istam'oppugnasse
1048 5723 1578 5783 videtur'Eusebius.
1613 5724 1720 5781 Sed
1750 5723 1896 5795 quod
1997 5724 2198 5781 ctionis
2223 5732 2428 5778 ortum.
