4078 6408
501 355 572 415 67
1916 347 1973 401 S.
2017 335 2360 399 EPIPIIANII

3732 338 3807 398 68

576 473 740 531 XXII.
772 472 929 541 Quod
965 472 1032 528 ad
1073 473 1283 543 reliqua
1317 471 1578 543 pertinet,
1603 470 1728 540 quis
1750 470 1805 524 in
1834 467 1921 523 bis
1942 483 2096 523 com-

2272 464 2400 518 KB’.
2451 462 2535 516 Τά
2565 461 2620 515 δὲ
2651 461 2785 515 ἄλλα
2818 462 2993 515 εἰπεῖν
3031 458 3114 525 τίς
3159 460 3261 513 οὒκ
3308 460 3683 529 ἐκγελάσειεν,
3720 463 3800 528 ὡς

503 569 879 621 memorandis
922 566 1094 621 risum
1142 573 1349 629 teneat,
1390 579 1519 619 cum
1557 560 1904 619 Philistionis
1944 560 2098 615 mimi

506 659 756 714 ridiculis
798 659 945 713 illius
991 658 1156 729 nugis
1207 657 1384 727 magis
1428 672 1554 711 esse
1605 655 1736 711 seril
1766 652 2102 709 vidcantur?

506 750 750 805 Primum
800 751 946 807 enim
994 751 1188 806 nescio
1237 766 1401 820 quem
1444 749 1694 817 bajulum
1744 762 1867 801 esse
1908 744 2099 815 ﬁngit,

514 842 607 910 qui
638 850 842 896 terram
869 858 1091 897 onmem
1133 842 1254 897 suis
1285 841 1533 895 humeris
1568 845 1865 899 sustentet,
1905 854 1968 891 ac
2002 835 2101 891 tri.

509 932 718 985 eesimo
762 946 988 1001 quoque
1045 946 1227 998 anno,
1268 931 1553 984 laborante
1600 929 1775 982 altero
1833 927 2100 989 humero,

516 1035 662 1075 onus
713 1020 770 1073 in
825 1021 1059 1074 alterum
1102 1021 1431 1085 transierat,
1487 1019 1629 1073 unde
1702 1027 1862 1073 terra}
1919 1025 2102 1072 motus

517 1112 815 1167 exsistant.
846 1110 1003 1176 Quod
1029 1113 1074 1165 si
1099 1111 1151 1165 id
1177 1127 1366 1165 verum
1400 1120 1569 1174 esset,
1612 1109 1861 1163 naturale
1891 1109 1946 1162 id
1984 1123 2103 1162 om-

513 1203 647 1257 nino
681 1202 841 1265 l'oret,
879 1204 1215 1273 minimeque
1241 1202 1510 1256 divinum.
1551 1201 1656 1256 Sed
1696 1200 2101 1272 przestigiarum

513 1294 781 1349 artillcem
829 1294 1132 1350 Salvatoris
1183 1296 1470 1350 sententia:
1511 1295 1904 1356 condemnant,
1953 1294 2102 1348 velut

512 1402 639 1441 cum
689 1387 765 1441 ait
799 1408 814 1441 ι
850 1385 1034 1441 Estote
1074 1390 1217 1453 boui,
1264 1391 1399 1443 sicut
1442 1388 1605 1443 Pater
1644 1399 1809 1442 vester
1839 1388 2099 1451 caelestis,

517 1479 767 1548 quoniam
798 1480 933 1531 oriri
960 1478 1091 1548 facit
1112 1479 1277 1533 salem
1299 1497 1453 1533 suum
1495 1497 1647 1551 super
1667 1481 1847 1549 justas
1887 1490 1936 1534 et
1960 1479 2104 1549 inju-

512 1577 657 1626 stas:
712 1578 761 1621 et
805 1568 940 1637 pluit
985 1585 1144 1638 super
1184 1570 1353 1624 malos
1378 1579 1425 1624 et
1457 1571 1618 1625 bonas
1649 1574 1687 1624 ².
1724 1572 1855 1624 Item
1887 1590 1901 1626 :
1936 1571 2103 1623 Erunt

517 1669 672 1713 terra:
695 1669 870 1713 motus
892 1675 982 1726 per
1010 1660 1149 1725 loca,
1178 1671 1226 1715 et
1251 1662 1440 1730 fames,
1467 1672 1516 1716 et
1547 1658 1847 1732 pestilentia
1873 1664 1915 1715 ¹.
1948 1661 2101 1727 Quod

511 1749 561 1805 si
596 1750 922 1804 naturaliter
950 1758 1116 1819 atque
1144 1752 1356 1807 usitato
1388 1768 1537 1806 more
1577 1761 1737 1806 terra:
1755 1761 1935 1805 motus
1957 1751 2105 1805 acci-

517 1840 653 1894 dcre
674 1839 953 1904 dicantur,
988 1856 1113 1895 cum
1146 1842 1451 1910 smpissime
1481 1842 1653 1897 variis
1683 1841 1737 1895 in
1776 1842 1913 1895 locis
1955 1852 2100 1896 terra
2137 1821 2178 1879 Β

515 1930 817 1999 quatiatur,
864 1930 1001 1985 adeo
1042 1940 1099 1985 ut
1134 1946 1530 2001 nonnunquam
1581 1940 1694 1985 toto
1733 1945 1879 1985 anno
1911 1930 2103 2001 singu-

518 2018 699 2089 lisque
721 2022 974 2074 nnctibus
998 2022 1217 2075 concuti
1246 2021 1513 2084 videatur,
1548 2030 1863 2077 utrumnam
1888 2021 2107 2091 bajulus

523 2110 617 2164 ille
650 2112 914 2166 sauciatis
946 2112 1193 2168 humeris
1228 2112 1435 2168 labOris
1468 2112 1762 2183 impatiens
1788 2114 2106 2167 continuam

522 2202 665 2256 hanc
685 2202 1034 2273 agitationem
1062 2202 1279 2257 eﬂlcere
1307 2203 1574 2259 dicendus
1590 2204 1709 2259 est?
1734 2204 1869 2271 Quis
1899 2212 2108 2259 tantam

518 2290 878 2346 stoliditatem
915 2291 1221 2347 sustineat?
1244 2290 1386 2356 Quid
1410 2301 1590 2345 autem
1621 2291 1792 2355 aliud,
1811 2290 1957 2361 quod
1990 2303 2115 2360 pro-

520 2381 701 2436 babile
742 2381 1045 2447 videretur,
1090 2396 1202 2436 non
1248 2396 1420 2437 ausus
1473 2391 1559 2437 est
1611 2382 1895 2438 asserere?
1947 2379 2115 2435 Docet

513 2472 667 2527 enim
702 2473 846 2528 inter
877 2480 1102 2537 caetera,
1136 2472 1371 2535 animas,
1400 2489 1525 2542 qua:
1568 2471 1688 2528 lalsi
1721 2473 1806 2526 sui
1842 2472 2117 2542 dogmatis

518 2564 756 2619 scicntia
801 2562 1037 2634 perfusa:
1087 2571 1239 2628 sunt,
1290 2564 1358 2620 ad
1400 2566 1646 2619 lunarem
1691 2564 1881 2619 orbem
1933 2563 2114 2628 evehi,

524 2670 649 2708 cum
683 2654 861 2709 lucida
891 2655 963 2710 sit
987 2655 1182 2710 anima:
1217 2661 1430 2710 natura.
1462 2654 1635 2721 Quam
1658 2655 1730 2709 ob
1753 2668 2002 2717 causam,
2030 2654 2119 2707 in-

524 2745 667 2815 quit,
693 2745 851 2816 plena
873 2754 959 2802 est
988 2746 1126 2802 alias
1157 2746 1307 2812 luna,
1342 2746 1479 2801 alias
1518 2747 1641 2801 luce
1677 2746 1950 2816 privatur,
1976 2742 2123 2815 quod

524 2850 653 2891 eam
697 2837 894 2891 anima:
927 2838 1191 2908 repleant,
1223 2853 1345 2909 qua:
1379 2836 1714 2894 inﬁdelitatis
1747 2837 1895 2892 illius
1933 2837 2121 2908 cogni-

541 2928 692 2982 tione
718 2927 961 2997 praeditas
985 2943 1050 2983 ex
1086 2929 1188 2983 hac
1203 2930 1313 2983 vita
1340 2925 1901 2999 discesserimsw
1922 2924 2128 2983 Deinde

526 3020 599 3073 ab
613 3025 741 3074 luna
758 3028 1019 3089 tanquam
1040 3020 1253 3075 minore
1268 3020 1487 3092 navigio
1501 3020 1721 3076 easdem
1733 3021 2020 3074 exonerari
2037 3035 2131 3088 pu-

524 3120 629 3177 tat,
651 3119 706 3167 et
743 3112 890 3165 intra
918 3113 1089 3167 solem
1119 3111 1309 3182 recipi,
1342 3119 1509 3183 atque
1544 3112 1598 3166 in
1629 3126 1805 3166 aevum
1838 3110 2122 3167 beatorum

526 3205 755 3276 exponi.
794 3202 1090 3258 Enimvero
1119 3203 1397 3259 obcmcata
1438 3218 1657 3272 seu‘iper
1702 3202 1909 3255 malitia
1942 3202 2121 3273 pudo-

530 3312 648 3352 rem
666 3312 827 3353 suum
862 3296 1329 3367 ignominiamque
1360 3311 1473 3349 non
1492 3295 1681 3360 sentit,
1716 3295 1964 3365 adeoque
1990 3294 2124 3364 ipsis

530 3388 650 3443 suis
688 3390 875 3444 verbis
903 3388 1274 3457 convincitur,
1310 3403 1438 3443 cum
1470 3387 1762 3443 mendacia
1793 3401 1894 3442 sua
1923 3388 2124 3457 probu-

529 3483 697 3538 bilem
737 3481 977 3552 aliquam
1022 3480 1091 3535 ad
1129 3481 1398 3536 rationem
1447 3480 1769 3552 exitumque
1824 3478 2127 3550 perducere

527 3583 793 3646 nequeat.

604 3661 793 3718 XXIII.
822 3662 885 3717 In
935 3664 1128 3733 primis
1179 3663 1325 3718 enim
1365 3677 1509 3717 unus
1542 3662 1709 3716 homo
1734 3660 2006 3716 formatus
2038 3672 2126 3715 est

535 3753 804 3818 Adamus,
857 3768 887 3806 a
932 3769 1045 3822 quo
1101 3755 1388 3823 utriusque
1433 3768 1600 3808 sexus
1648 3751 1803 3807 liberi
1841 3753 2125 3825 propagati

535 3851 687 3899 sum.
726 3841 864 3897 Tum
888 3843 992 3898 sub
1020 3842 1207 3897 mundi
1240 3843 1479 3904 initium,
1510 3857 1655 3895 anno
1683 3842 1904 3897 circiter
1931 3844 2125 3898 Adami

538 3935 865 3999 centesimo,
908 3936 1041 3989 Abel
1089 3934 1414 3991 interiectus
1452 3942 1558 3999 est,
1590 3950 1768 3990 annos
1814 3947 1974 3993 natus
2013 3936 2128 3992 fere

539 4026 790 4094 triginta.
833 4024 963 4079 Post
996 4026 1165 4090 hunc,
1214 4025 1307 4096 qui
1363 4027 1577 4096 primus
1616 4026 1862 4080 omnium
1904 4029 2127 4084 occisus

538 4123 645 4183 est,
679 4116 892 4186 primus
921 4130 1120 4185 parens
1163 4115 1405 4171 Adamus
1437 4121 1490 4171 iu
1527 4126 1674 4171 terra
1716 4116 1953 4171 moritur
1981 4133 2127 4173 anno

541 4209 955 4277 nongentesimo
977 4207 1278 4273 tricesimo,
1312 4223 1436 4262 cum
1465 4208 1579 4279 jam
1611 4208 1693 4263 sol
1720 4217 1775 4264 et
1799 4210 1953 4275 luna,
1996 4209 2129 4267 stel-

539 4302 715 4371 laeque
756 4307 970 4355 caetera:
999 4307 1201 4370 quarto
1234 4299 1324 4356 die
1358 4301 1416 4355 in
1451 4302 1591 4356 coelo
1618 4302 1796 4357 deﬁxa
1833 4303 2127 4373 productao

538 4410 645 4465 que
662 4392 919 4450 fuissent.
943 4391 1086 4460 Quid
1118 4392 1306 4463 igitur,
1340 4393 1413 4448 mi
1437 4392 1623 4458 homo,
1655 4394 1859 4450 dicturi
1895 4398 2130 4452 sumus?

2202 558 2344 627 τάχα
2379 554 2450 608 τά
2483 553 2577 607 τοῦ
2625 553 2974 617 Φιλιστίωνος
3025 548 3165 606 εῖναι
3211 552 3684 625 άναγκαιότεραή
3730 554 3806 606 τά

2200 649 2302 719 τῆς
2324 648 2515 700 τούτου
2561 645 2921 715 μιμολογίας;
2971 644 3274 716 Ὦμοφόρον
3324 643 3432 715 γὰρ
3484 644 3808 714 μυθοποιῶν

2201 738 2444 791 διδάσκει
2476 733 2815 806 βαστάζοντα
2845 734 2945 805 τὴν
2985 735 3092 804 γῆν
3125 733 3327 799 πᾶσαν,
3375 734 3473 787 καὶ
3504 732 3597 786 διὰ
3637 734 3805 801 ἐτῶν,

2204 827 2361 898 φησὶ,
2391 826 2685 898 τριάκοντα
2710 825 3010 895 κάμνοντος
3035 822 3132 876 τοῦ
3152 823 3329 893 ὤμου,
3367 825 3696 895 μεταφέρειν
3723 826 3808 888 εἰς

2202 919 2295 971 τὸν
2321 919 2406 971 ἒτε
2417 934 2509 990 ρον
2536 911 2711 987 ὦμον,
2756 916 2885 979 τοὺς
2908 916 2928 947 ³
2964 916 3223 986 σεισμοὺς
3256 916 3522 984 γίνεσθαι.
3566 917 3629 969 Εί
3656 916 3714 969 δέ
3735 913 3810 987 ἦν

2202 1010 2385 1072 τοῦτο,
2445 1010 2592 1062 κατὰ
2642 1008 2805 1078 φύσιν
2845 1004 2914 1080 ἦν
2956 1008 3019 1061 τὸ
3066 1009 3322 1079 πρᾶγμα,
3377 1008 3474 1060 καὶ
3509 1009 3695 1062 οὐκέτι
3734 1005 3810 1079 ἦν

2208 1100 2520 1156 θεσπέσιον.
2565 1099 2881 1171 Έλέγχουσι
2914 1099 2974 1153 δέ
3009 1098 3102 1153 τὸν
3134 1099 3307 1170 γόητα
3343 1101 3393 1152 oi
3426 1098 3521 1151 τοῦ
3547 1099 3810 1171 Σωτῆρος

2204 1194 2377 1262 λόγοι,
2409 1192 2485 1256 ὡς
2523 1193 2651 1262 ἐφη·
2684 1193 2941 1246 Γίνεσθε
2966 1190 3197 1261 ἀγαθοὶ,
3234 1189 3317 1255 ὡς
3339 1193 3372 1244 ό
3401 1189 3608 1259 Πατὴρ
3634 1190 3808 1259 ὑμῶν

2206 1288 2239 1340 ό
2264 1284 2563 1354 οὐράνιοςσ
2616 1283 2707 1337 ὅτι
2751 1283 3072 1339 ἀνατέλλει
3114 1282 3224 1336 τὸν
3263 1281 3449 1350 ἥλιον
3485 1283 3676 1337 αὐτοῦ
3704 1281 3808 1336 ἐπὶ

2204 1379 2469 1443 δικαίους
2531 1375 2629 1431 καὶ
2688 1376 2962 1442 ἀδίκους,
3033 1374 3133 1428 καί
3178 1373 3391 1442 βρέχει
3452 1373 3643 1427 αὑτοῦ
3695 1373 3810 1428 τὸν

2205 1471 2385 1526 ὑετὸν
2409 1468 2509 1523 ἐπὶ
2549 1469 2855 1537 πονηροὺς
2883 1468 2986 1521 καὶ
3025 1467 3309 1538 ἀγαθούςο
3355 1465 3555 1532 καὶτὸ,
3592 1467 3812 1520 Ἔσον-

2204 1580 2301 1618 ται
2329 1560 2569 1632 σεισμοί
2602 1559 2756 1616 κατὰ
2805 1561 3012 1624 τόπον,
3055 1560 3153 1614 καὶ
3186 1558 3371 1629 λιμοὶ,
3428 1556 3527 1611 καὶ
3580 1559 3808 1628 domat.

2206 1656 2270 1709 Ei
2302 1655 2360 1708 δὲ
2404 1656 2471 1708 ἐκ
2507 1653 2747 1723 φύσεως,
2783 1653 2817 1724 ή
2857 1652 3001 1706 κατὰ
3034 1649 3323 1722 συνήθειαν
3347 1648 3459 1721 (26)
3503 1651 3551 1701 oi
3592 1648 3814 1718 σεισμοὶ

2208 1747 2507 1816 ἐγίγνοντο,
2559 1745 2823 1809 πολλάκις
2873 1740 2988 1809 οὖν,
3028 1743 3159 1798 ὅτεδ
3195 1742 3411 1813 σεισμοὶ
3451 1740 3592 1794 κατὰ
3624 1741 3815 1812 χώραν

2205 1840 2513 1909 γίγνονται,
2579 1836 2777 1909 ωνέόη
2832 1837 2935 1909 (δέ)
2986 1836 3083 1891 καὶ
3136 1836 3223 1888 ἐπ’
3282 1832 3528 1889 ἐνιαυτὸν
3585 1831 3815 1904 ολατελῆ

2206 1931 2329 1985 καθ’
2374 1930 2614 2001 ἑκάστην
2666 1928 2838 1983 νύκτα
2890 1926 3149 1991 πολλάκις
3191 1924 3514 1979 σαλεύεσθαι
3553 1925 3655 1993 τὴν
3681 1924 3812 1993 γῆν.

2206 2015 2358 2094 Ἀρά
2408 2021 2460 2090 γ’
2521 2015 2616 2075 οὖν
2670 2018 3175 2091 τραυματωθέντων
3227 2016 3336 2070 τῶν
3390 2014 3487 2071 τοῦ
3516 2015 3817 2088 ὠμοφόρου

2208 2110 2412 2183 ὤμων,
2478 2111 2836 2182 άφερεπόνως
2897 2106 3091 2178 ἄγεται
3170 2106 3421 2179 ἐνδελεχῆ
3486 2105 3818 2177 ποιούμενος

2210 2202 2304 2256 τὸν
2341 2202 2537 2268 σάλον;
2584 2203 2695 2256 Καὶ
2754 2200 2839 2265 τίς
2878 2199 3126 2267 ἀνέξεται
3164 2198 3266 2270 τῆς
3317 2198 3576 2268 τοιαύτης
3629 2215 3820 2269 μωροε

2212 2294 2435 2364 λογίας;
2473 2293 2539 2348 Τί
2575 2293 2633 2347 δέ
2674 2293 2803 2348 ἄλλο
2858 2290 3086 2345 πιθανὸν
3121 2290 3224 2344 ούκ
3277 2290 3577 2361 ἐτόλμησεν
3607 2291 3819 2355 είπείν;

2214 2386 2420 2439 Φάσκει
2450 2385 2561 2457 γὰρ
2585 2386 2615 2438 ὁ
2643 2383 2905 2447 τοιοῦτος,
2941 2384 3049 2447 ὅτι,
3079 2384 3234 2454 φησὶ,
3266 2380 3366 2445 τὰς
3393 2382 3450 2435 ἐν
3477 2379 3683 2449 γνώσει
3718 2383 3824 2453 τῆς

2218 2474 2387 2530 αύτοῦ
2421 2474 2631 2546 πλάνης
2674 2473 2853 2544 ψυχάς
2887 2473 3184 2544 γενομένας
3217 2470 3703 2543 ἀναλαμϐάνεσθαι
3739 2475 3826 2536 είς

2220 2572 2318 2641 τὴν
2351 2570 2605 2642 σελήνην,
2648 2567 2916 2639 φωτεινῆς
2957 2564 3145 2630 οὐσίας
3181 2566 3280 2636 τῆς
3318 2563 3500 2636 ψυχῆς
3537 2564 3827 2636 ὑπαρχού-

2226 2679 2345 2735 σης.
2371 2662 2483 2729 Διὸ,
2507 2661 2664 2735 φησὶ,
2692 2660 2889 2732 πλήθει
2918 2659 2953 2731 ή
2984 2656 3205 2729 σελήνη,
3237 2657 3329 2710 καὶ
3353 2656 3530 2726 φθίνει
3579 2656 3827 2729 πληρου-

2228 2752 2363 2825 μένη
2393 2753 2502 2807 ἀπὸ
2529 2753 2638 2807 τῶν
2664 2745 2853 2824 ψυχῶν
2884 2749 2991 2804 τῶν
3020 2742 3368 2802 τελευτωσῶν
3394 2745 3690 2816 ἐν,γνώσει
3722 2748 3828 2818 τῆς

2226 2845 2486 2909 ἀπιστίας
2514 2845 2703 2916 αὐτῆς.
2740 2841 2896 2909 Εἶτα,
2929 2838 3085 2913 φησὶ,
3125 2838 3538 2910 άπογομοῦσθαι
3575 2838 3688 2891 ἀπὸ
3723 2840 3828 2909 τῆς

2230 2937 2459 3010 σελήνης
2490 2935 2586 2991 τοῦ
2622 2935 2953 3007 μικροτέρου
2981 2932 3114 3003 φησὶ
3145 2930 3408 3001 σκάφους,
3442 2930 3522 2994 εἰς
3550 2931 3644 2983 τὸν
3669 2930 3829 3001 ἥλιον

2228 3028 2288 3082 δὲ
2320 3028 2795 3102 παραλαμΰάνειν,
2831 3026 2924 3080 καὶ
2953 3020 3302 3080 ἀποτίθεσθαι
3339 3024 3420 3086 είς
3442 3021 3533 3075 τὸν
3562 3021 3676 3076 τῶν
3714 3040 3829 3093 μα-

2233 3122 2421 3193 κάρων
2458 3119 2652 3183 αἰῶνα,
2686 3118 2872 3191 φησιν.
2922 3117 3035 3170 ’Δεὶ
3074 3115 3131 3170 δέ
3177 3114 3353 3188 τυφλή
3397 3114 3747 3187 τυγχάνουσα
3791 3116 3829 3191 ή

2228 3215 2420 3279 κακία,
2449 3215 2550 3283 τὴν
2580 3213 2782 3283 ἑαυτῆς
2808 3208 3072 3282 αἰσχύνην
3104 3210 3312 3278 ἀγνοεῖ,
3347 3209 3424 3272 ὡς
3450 3206 3560 3262 ἀπὸ
3591 3209 3706 3262 τῶν
3730 3209 3826 3263 λό-

2225 3322 2340 3373 γων
2377 3304 2552 3375 αύτῆς
2600 3302 2898 3373 ἐλέγχεται,
2944 3300 3022 3371 μὴ
3065 3298 3337 3371 δυναμένη
3387 3298 3675 3353 τελειῶσαι
3713 3302 3830 3355 τῶν

2225 3394 2558 3468 ψευσμάτων
2582 3396 2681 3466 τὴν
2701 3392 3001 3448 τελείωσιν.

2296 3659 2425 3714 Kl".
2462 3656 2689 3731 Πρῶτον
2714 3654 2815 3727 μέν
2847 3654 2955 3727 γὰρ
2981 3653 3062 3707 ὅτι
3088 3647 3168 3718 εἷς
3190 3652 3479 3725 ἄνθρωπος
3503 3650 3687 3709 πέπλα
3700 3674 3827 3712 παι

2227 3752 2256 3804 ὀ
2291 3750 2483 3823 Ἀδὰμ,
2519 3748 2579 3818 ἐξ
2616 3741 2788 3820 οὗπερ
2823 3746 3182 3816 γεγέννηνται
3221 3746 3326 3798 υἱοί
3358 3764 3418 3800 τε
3454 3749 3547 3800 καὶ
3581 3748 3829 3817 θυγατέ-

2233 3859 2342 3914 ρες·
2387 3844 2446 3895 ἐν
2489 3844 2556 3913 τῇ
2604 3841 2745 3912 ἀρχῇ
2788 3838 2844 3893 δὲ
2888 3841 2988 3910 τῆς
3037 3836 3396 3908 κοσμοποιίας
3423 3836 3537 3909 (27)
3584 3841 3719 3912 περὶ
3761 3842 3831 3896 τὸ

2228 3933 2461 3987 ἕκαστον
2495 3932 2615 3996 ἔτος
2647 3929 2740 3984 τοῦ
2784 3931 2977 4000 Ἀδὰμ,
3026 3929 3195 3983 πλείω
3231 3929 3465 3993 ἐλάσσω,
3501 3930 3830 3987 ἀποκτείνε-

2228 4044 2317 4080 ται
2354 4025 2542 4093 Ἅϐελ,
2574 4022 2651 4089 ὡς
2679 4022 2817 4077 ἐτῶν
2842 4021 3090 4096 ὑπάρξας
3115 4022 3180 4085 λ’,
3209 4021 3378 4075 πλείω
3404 4021 3638 4077 ἐλάσσω.
3664 4025 3831 4080 Μετὰ

2228 4115 2417 4171 τοῦτον
2437 4114 2528 4176 τὸν
2556 4116 2772 4188 πρῶτον
2792 4113 3204 4168 ἁποκτανθέντα
3224 4113 3454 4184 τελευτᾷ
3473 4113 3567 4165 ἐπὶ
3594 4114 3694 4185 τῆς
3721 4116 3832 4186 γῆς

2230 4210 2259 4261 ὁ
2299 4207 2470 4280 Ἀδὰμ
2495 4210 2523 4263 ὁ
2551 4207 2977 4280 πρωτόπλαστος
3003 4206 3071 4259 δι’
3096 4205 3232 4259 ἐτῶν
3259 4205 3371 4272 ὢν,
3402 4204 3496 4259 τοῦ
3534 4206 3690 4277 ἡλίου
3727 4210 3831 4262 καὶ

2230 4300 2330 4369 τῆς
2362 4301 2592 4371 σελήνης
2624 4301 2718 4353 καὶ
2754 4299 2861 4352 τῶν
2900 4300 3117 4370 ἄστρων
3149 4297 3259 4351 άπὸ
3296 4300 3565 4369 τετάρτης
3605 4302 3831 4372 ἡμέρας

2232 4391 2290 4441 ἐν
2314 4386 2528 4460 ούρανῴ
2567 4388 2883 4459 πηχθέντων
2917 4388 3011 4439 καὶ
3043 4385 3390 4440 κτισθέντων.
3433 4387 3497 4440 Τί
3524 4383 3618 4441 οὖν
3650 4392 3828 4443 εἴπω-

538 4483 730 4542 Nonne
756 4485 973 4542 tandem
990 4486 1297 4541 convictam
1320 4502 1444 4542 esse
1473 4484 1831 4542 stoliditatem
1859 4497 2006 4542 tuam
2043 4490 2119 4542 l‘a-

2236 4499 2358 4552 μεν,
2407 4474 2452 4535 ὧ
2500 4476 2683 4547 οὗτο;;
2730 4480 3169 4551 Ὀμολογήσομεν
3215 4478 3306 4532 τὸν
3353 4479 3451 4550 τῆς
3487 4479 3677 4546 άνοίας
3727 4498 3829 4535 σου

541 4577 815 4631 tebimur?
836 4576 1025 4632 Iierine
1053 4577 1200 4631 enim
1245 4576 1422 4647 potuit
1471 4577 1606 4633 totis
1637 4586 1697 4632 ut
1737 4579 2029 4649 nongentis
2059 4594 2125 4634 ac

541 4668 764 4739 triginta
792 4668 952 4723 annis
992 4683 1094 4723 nec
1136 4667 1459 4738 impleretur
1501 4667 1654 4735 luna,
1704 4685 1883 4739 neque
1936 4669 2126 4726 decre-

541 4758 752 4813 sceret?
771 4757 1112 4824 Quibusnam
1153 4766 1336 4814 autem
1374 4760 1577 4817 animis
1610 4768 1737 4832 post
1771 4770 2001 4818 mortem
2042 4779 2128 4817 re-

547 4848 682 4902 ferta
712 4864 836 4903 esse
864 4849 994 4904 luna
1035 4858 1098 4902 ut
1143 4850 1464 4919 impleretur
1511 4851 1733 4922 potuit?
1782 4852 1873 4907 dlc
1895 4887 1912 4915 ,
1940 4850 2121 4907 sodes.

546 4934 811 4991 Nimirum
836 4938 939 4993 hoc
962 4940 1295 4997 Manichacus
1325 4943 1644 5015 ignorabat;
1683 4958 1807 4999 esse
1826 4944 2125 5015 prudentes

543 5029 761 5101 aliquos
793 5033 883 5100 qui
917 5048 1028 5086 non
1066 5033 1323 5089 inanibus
1374 5036 1701 5099 mendaciis,
1739 5035 1837 5092 sed
1872 5037 2125 5092 certissi-

614 5209 633 5240 '
667 5206 861 5263 Matth.
892 5225 944 5272 ν,
974 5209 1066 5263 45.
1145 5213 1165 5242 ³
1191 5210 1358 5267 Marc.
1386 5230 1504 5279 xm,
1532 5217 1600 5281 8;
1644 5225 1699 5271 et
1729 5215 1919 5269 Matth.
1959 5231 2107 5282 sxw,
2139 5216 2171 5269 7

618 5389 730 5461 (€26)
766 5391 836 5443 El
876 5390 944 5445 δὲ
997 5388 1067 5443 ἐκ
1121 5387 1363 5461 φύσεως
1397 5432 1412 5457 ,
1470 5391 1506 5458 ἢ
1569 5392 1718 5446 κατὰ
1776 5392 2135 5454 συνήθειαν.

546 5456 736 5515 Terra:
785 5468 967 5514 motus
1018 5460 1365 5513 naturalibus
1400 5456 1504 5514 es
1540 5464 1726 5516 causis
1781 5463 1915 5515 oriri
1972 5462 2138 5516 nimis

549 5527 835 5650 ἰδιωτικῶς
869 5545 1067 5604 negare
1082 5531 1316 5585 videtur.
1338 5529 1494 5595 Quod
1523 5542 1578 5586 ct
1603 5522 1748 5601 apud
1779 5531 2132 5586 Philastrium

569 5614 802 5650 t’L’IIIlUS.

911 5670 987 5738 τῇ
1013 5668 1172 5738 ἀρχῇ
1194 5665 1260 5723 δὲ
1282 5669 1392 5738 τῆς
1414 5672 1827 5739 κοσμοποιίας.
1849 5671 1970 5738 Quo
1994 5687 2138 5723 anno

552 5746 677 5803 post
723 5740 910 5794 orbem
955 5744 1236 5796 conditum
1293 5742 1522 5794 Abelqu
1584 5741 1828 5796 Adamus
1862 5741 2138 5813 genuerit,

2232 4575 2487 4646 ἐλεγχον;
2522 4574 2646 4637 Πῶς
2679 4573 2789 4645 γάρ
2822 4572 3054 4643 ἠδύνατο
3086 4573 3378 4628 ἐννακόσια
3405 4572 3701 4645 τριάκοντα
3726 4575 3831 4647 ἔτη
3943 4651 3952 4656 _

2232 4666 2489 4737 γενέσθαι
2533 4665 2666 4719 ἄνευ
2710 4664 2807 4720 τοῦ
2869 4665 3080 4735 φθίνειν
3128 4665 3360 4738 σελήνην
3413 4665 3509 4717 καὶ
3562 4665 3829 4738 πλήθειν;

2233 4758 2410 4813 Ποίων
2455 4757 2632 4812 τοίνυν
2675 4757 2866 4829 ψυχῶν
2914 4757 3325 4829 τελευησασῶν
3369 4760 3742 4830 ἐνεπίμπλατο
3788 4766 3826 4836 ή

2236 4850 2435 4924 σελήνη
2465 4850 2560 4904 καὶ
2580 4849 2917 4921 ἐπληροῦτος
2941 4848 3089 4918 λέγε.
3125 4847 3263 4902 Ἀλλ’
3286 4849 3471 4919 ὴγνὸει
3496 4850 3827 4921 Μανιχαῖος,

2230 4945 2314 4998 ὅτι
2344 4944 2457 4997 εἰσὶ
2485 4945 2719 5008 συνετοὶ,
2751 4943 2814 4996 ού
2855 4940 3037 5011 λόγοις
3070 4941 3290 4996 ψευδέσι
3318 4943 3654 5014 πειθόμενοι,
3684 4946 3831 4999 ἀλλὰ

2231 5035 2631 5109 ἀληθεστάταις
2656 5033 3017 5099 ἀποδείξεσιν.
3044 5031 3179 5089 Εῐτα
3214 5031 3271 5088 δὲ
3297 5033 3498 5105 δῶμεν,
3532 5034 3614 5088 ὅτι
3651 5035 3833 5103 οὕτως

2274 5217 2293 5247 ³
2327 5216 2460 5288 Leg.
2493 5216 2588 5271 καὶ
2611 5216 2755 5270 οὕτω
2784 5214 2933 5278 τούς.
3011 5216 3034 5247 ⁸
3072 5212 3134 5269 F.
3154 5214 3211 5268 οἴ
3236 5226 3318 5267 τε.

2242 5389 2459 5464 Moyses
2489 5394 2677 5464 tacuit.
2708 5389 2810 5444 IIic
2845 5390 3314 5464 anuocentesimo
3339 5396 3568 5464 necatus
3599 5388 3833 5457 dicitur,

2238 5460 2365 5517 cum
2404 5462 2584 5517 aetatis
2608 5468 2792 5530 ageret
2825 5476 2952 5513 xxx.
2988 5460 3144 5516 Unde
3173 5474 3279 5515 ιιι
3309 5460 3530 5513 circiter
3553 5474 3699 5530 anno
3727 5477 3834 5515 na-

2241 5543 2355 5585 tum
2395 5528 2665 5601 οροτιιιίιξ
2698 5531 2803 5584 Sed
2842 5530 2956 5584 lucc
2994 5547 3145 5601 mera
3184 5530 3448 5601 divinatio
3498 5537 3614 5585 est.
3654 5528 3838 5585 Porro

2241 5599 2554 5726 ἑκατοστόν,
2582 5618 2682 5674 pro
2709 5599 3357 5656 Exanovemcudandum
3384 5616 3508 5656 esse
3533 5616 3696 5657 nemo
3720 5617 3835 5659 non

2241 5690 2311 5726 vu
2333 5681 2407 5726 ct.

2241 5674 2407 5727 videt.
