4078 6408
280 346 354 399 69
933 345 1302 406 ADVERSUS
1340 347 1686 404 HERESES
1723 347 1852 405 LIB.
1896 349 1961 405 ll.
2006 346 2169 407 TOM.
2212 350 2344 405 ll.--
2402 351 2676 408 ΠᾹΞΒΕΞ.
2709 351 2894 409 LXVI.
3489 355 3561 408 7U

279 459 459 525 ἐστὶν,
482 459 619 529 ὅπερ
651 459 750 511 οὐκ
796 457 929 524 ἔστι,
961 460 1036 529 μὴ
1064 460 1310 527 γένοιτοί
1344 461 1441 513 καὶ
1473 461 1584 514 ἀπὸ
1620 460 1731 516 τῶν
1756 461 1864 532 ψυ-

1987 464 2075 518 nis
2102 464 2667 523 demonstrationibus
2704 468 3050 523 adducantur
3072 475 3131 522 ut
3168 467 3415 524 credant.
3449 468 3553 526 Ve-

279 551 399 623 χῶν
414 548 526 605 τῶν
548 549 868 619 Μανιχαίων
890 549 1172 619 γεμίξεται
1190 550 1547 622 πληρουμένη
1575 554 1609 622 ἡ
1642 552 1863 622 σελήνη·

279 642 404 705 πῶς
449 641 529 694 ἔτι
573 641 972 710 συσταθήσεται
1010 643 1043 711 ὴ
1077 642 1299 712 τοιαύτη
1332 642 1625 707 ὑπόθεσις;
1656 644 1722 697 Εἰ
1759 643 1870 714 γὰρ

278 735 459 798 οὐδεὶς
493 732 632 805 μετά
660 732 761 804 τὴν
790 732 1280 804 πεντεκαιδεκάτῳ
1315 734 1529 804 ἡμέραν
1565 736 1666 804 τῆς
1708 735 1870 806 σελή-

280 844 385 897 νης
429 825 748 897 Μανιχαίων
796 823 1072 888 ἐτελεύτα,
1118 825 1257 878 ἀλλά
1301 824 1613 897 προθεσμία
1638 821 1706 897 ἦν
1735 826 1869 898 ὡρι-

286 918 463 989 σμένη
498 917 603 980 ἕως
633 916 1128 988 πεντεκαιδεκάτης
1158 916 1259 987 τῆς
1286 916 1516 989 σελήνης
1540 919 1668 982 τοὺς
1691 918 1871 972 Μανι-

286 1012 484 1083 χαίους
510 1009 896 1079 ἀποθνήσκειν,
925 1008 1061 1079 μετά
1081 1008 1138 1061 δὲ
1161 1009 1652 1081 πεντεκαιδεκάτην
1672 1011 1872 1081 μηκέτι

288 1103 573 1173 τελευτᾷν,
622 1101 729 1165 ἓως
766 1100 1003 1172 ἀποτεθῇ
1041 1102 1072 1153 ὁ
1109 1100 1211 1170 τῆς
1257 1101 1492 1174 σελήνης
1534 1102 1754 1173 φόρτος,
1784 1102 1872 1155 ἵνα

289 1194 527 1266 ἄρξηται
565 1190 877 1263 πάλιν-ἀπὸ
907 1191 1198 1262 νεομηνίας
1230 1191 1457 1262 γομοῦν·
1500 1191 1725 1246 πιθανὸν
1763 1192 1873 1265 ἄρα

286 1283 359 1357 ἦν
386 1286 448 1339 τὸ
473 1284 697 1355 ψεῦσμα
722 1278 830 1338 τῶν
851 1283 1050 1337 αὐτῶν.
1074 1281 1192 1336 Νῦν
1219 1282 1278 1335 δὲ
1307 1284 1402 1337 καὶ
1422 1283 1709 1339 ἀπίθανον.
1731 1284 1871 1338 Καθ’

285 1378 505 1449 ἡμέραν
528 1376 638 1446 τάρ
666 1375 983 1439 τελευτῶσι,
1010 1376 1106 1428 καὶ
1126 1375 1194 1429 τὰ
1225 1376 1509 1447 ὡρισμένα
1537 1378 1780 1447 στοιχεῖα
1808 1378 1874 1429 ὲκ

287 1469 427 1522 Θεοῦ
453 1468 546 1521 τὸν
577 1468 710 1521 ἴδιον
737 1468 1060 1521 ἐπίστανται
1083 1468 1306 1538 δρόμον.
1332 1468 1443 1522 Kal
1469 1468 1632 1522 πάλιν
1659 1469 1720 1521 οὐ
1747 1486 1875 1522 στα-

290 1560 515 1630 θήσεται
545 1562 576 1614 ό
609 1560 737 1631 περὶ
772 1559 884 1612 τῶν
922 1558 1113 1630 ψυχῶν
1159 1562 1217 1614 ὲν
1253 1562 1320 1631 τῇ
1356 1559 1556 1633 σελήνῃ
1584 1561 1875 1630 γενόμενος

289 1650 486 1720 τόμος.

1972 571 2093 610 rum
2126 556 2320 614 demus
2346 560 2420 612 ita
2452 573 2574 615 sese
2598 575 2712 616 rem
2753 559 2978 625 habere,
3002 560 3150 630 quod
3185 567 3367 615 tamen
3390 561 3559 633 longe

1989 646 2148 701 aliter
2177 662 2237 703 se
2278 648 2471 716 habet;
2518 664 2583 705 ac
2621 649 3044 705 Manichaeorum
3083 649 3285 704 animis
3328 653 3555 706 onerari

1986 738 2357 809 complerique
2395 741 2600 805 lunam,
2634 743 2728 812 qui
2760 742 2975 797 tandem
3008 741 3318 796 istiusmodi
3348 743 3551 812 dogma

1983 829 2285 885 consistet?
2311 830 2449 885 Nam
2477 833 2525 887 si
2566 831 2990 887 Manichaeorum
3026 833 3211 889 nullas
3258 847 3290 887 a
3335 833 3559 888 decimo

1973 918 2168 988 quinto
2201 921 2343 977 lunae
2371 922 2461 979 die
2488 931 2815 988 moreretur,
2840 924 2935 979 sed
2953 923 3280 994 prmilnitum
3306 924 3439 979 illud
3458 939 3555 980 es-

1971 1015 2054 1063 set
2098 1011 2367 1081 spatium,
2403 1021 2464 1067 ut
2508 1015 2576 1068 ad
2623 1014 2765 1068 luna;
2798 1013 3071 1070 dec'unum
3121 1014 3373 1084 quintum
3406 1015 3558 1068 diem

1980 1098 2264 1156 Manichaei
2292 1116 2361 1157 ex
2391 1102 2495 1157 hac
2515 1104 2627 1159 vita
2658 1104 3035 1170 diacederent,
3081 1113 3206 1175 post
3229 1105 3377 1161 hunc
3405 1105 3550 1160 diem

1973 1209 2134 1250 nemo
2160 1194 2392 1263 amplius
2421 1195 2620 1259 obiret,
2654 1194 2828 1251 donec
2857 1196 3002 1251 lunae
3030 1212 3172 1252 onus
3204 1207 3355 1251 esset
3382 1212 3551 1267 expe-

1974 1284 2139 1340 situm
2187 1296 2353 1345 nova.
2385 1292 2444 1338 ut
2483 1285 2701 1340 onerari
2733 1299 2929 1341 rursus
2972 1286 3258 1356 inciperet,
3304 1287 3557 1341 nonnihil

1974 1385 2034 1430 ut
2084 1376 2140 1431 in
2176 1375 2465 1431 mendacio
2509 1376 2915 1445 probabilitatis
2943 1377 3170 1433 inesset.
3217 1377 3337 1432 Non
3370 1388 3552 1434 autem

1976 1469 2135 1537 plane
2156 1479 2240 1524 est
2267 1468 2415 1522 istud
2441 1468 2766 1532 absurdum,
2789 1468 3024 1538 singulis
3055 1470 3204 1524 enim
3237 1469 3435 1525 diebus
3461 1485 3561 1524 σοι

1975 1557 2191 1621 cidunt,
2217 1567 2271 1612 et
2299 1573 2423 1628 qua:
2442 1572 2473 1611 a
2496 1557 2607 1614 Deo
2635 1558 2940 1614 constituta
2981 1569 3114 1615 sunt
3142 1556 3408 1615 elementa
3428 1574 3559 1615 cur-

1976 1662 2097 1703 sum
2132 1663 2294 1703 suunt
2337 1657 2544 1704 tenent.
2579 1648 2763 1715 Quare
2790 1649 3099 1703 animarum
3147 1665 3291 1706 onus
3331 1651 3469 1706 illud
3501 1654 3557 1709 in

1976 1738 2163 1793 lunam
2194 1738 2514 1809 impositum
2545 1741 2771 1797 minime
2798 1741 3087 1797 consistet.

364 1824 491 1877 ΚΝ.
528 1822 633 1876 Καί
676 1839 820 1887 τινες
863 1822 962 1893 μὲν
999 1823 1181 1878 αὐτῶν
1211 1824 1373 1879 πάλιν
1410 1823 1693 1894 βούλονται
1734 1826 1879 1882 κατά

2050 1827 2241 1884 XXIV.
2276 1804 2543 1886 Caeterum
2589 1831 2732 1886 inter
2780 1832 2906 1888 illos
2949 1831 3197 1888 nonnulli
3252 1845 3418 1895 sunt,
3465 1835 3561 1904 qui

295 1914 542 1966 ἐπίνοιαν
592 1913 945 1984 πανουργίας,
981 1914 1139 1985 φησὶ,
1188 1916 1287 1985 τὴν
1333 1914 1548 1986 μητέρα
1590 1915 1700 1970 τῶν
1741 1916 1881 1971 ὅλων

298 2004 730 2074 συγχωρήσασαν
771 2004 1001 2075 δύναμιν
1046 2004 1184 2058 ἰδίαν
1221 2005 1280 2071 ἐξ
1322 2004 1555 2074 οὐρανοῦ
1598 2006 1881 2061 κατελθεῖν

296 2095 380 2157 εἰς
420 2094 481 2147 τὸ
516 2094 709 2164 κλέψαι
752 2094 862 2148 τῶν
911 2094 1211 2166 ἀρχόντων,
1262 2096 1358 2149 καὶ
1396 2096 1739 2168 ἀποσυλῆσαι
1787 2098 1880 2153 ἀπ’

298 2187 482 2241 αὐτῶν
523 2191 588 2259 ἦν
620 2189 817 2258 εἴληφα
848 2190 864 2221 ¹
898 2187 1102 2243 ἀνωθεν
1153 2189 1405 2261 δύναμιν.
1466 2190 1723 2245 Εούλεται
1774 2192 1883 2262 γὰρ

298 2280 502 2348 λέγειν,
537 2280 617 2333 ὅτι
658 2281 1041 2353 πολεμήσασαι
1073 2284 1128 2336 αἱ
1171 2283 1337 2353 ἀρχαὶ
1384 2282 1481 2336 καὶ
1518 2281 1758 2347 ἐξουσίαι
1790 2283 1883 2338 τὸν

300 2369 435 2423 Θεὸν
465 2370 555 2423 τὸν
591 2369 786 2435 ζῶντα,
816 2373 910 2425 καὶ
951 2372 1191 2444 μεγάλην
1221 2374 1315 2426 καὶ
1345 2371 1732 2444 ἀκατάληπτον
1784 2376 1884 2446 ἡρ-

300 2462 539 2515 πακέναι
565 2464 695 2532 παρ’
719 2463 883 2517 αὐτοῦ
909 2464 1159 2535 δύναμιν,
1187 2464 1255 2535 ἢν
1284 2464 1378 2518 καὶ
1403 2464 1583 2536 ψυχὴν
1605 2466 1880 2537 ὀνομάζει.

300 2555 414 2608 Καὶ
448 2551 495 2607 ὣ
525 2553 625 2625 τῆς
660 2556 859 2625 πολλῆς
895 2556 1086 2610 τούτου
1111 2558 1375 2620 ἀτοπίαςι
1413 2560 1528 2622 Πᾶς
1565 2559 1672 2630 γὰρ
1711 2560 1887 2633 ἁρπα-

300 2645 534 2716 ζόμενος
559 2646 653 2701 καὶ
676 2646 1096 2720 βιοφορούμενος
1128 2649 1491 2720 ὑποῦἐϐηκεν.
1530 2650 1595 2703 El
1622 2651 1802 2704 τοίνυν
1830 2651 1885 2704 αἱ

298 2737 492 2807 ἀρχαὶ,
531 2736 641 2791 ἀπὸ
687 2736 788 2807 τῆς
833 2739 1135 2804 πανοπλίας
1180 2740 1751 2795 καταδυναστεύσασαι
1792 2742 1886 2794 τὸν

300 2827 507 2897 ἀγαθὸν
534 2828 686 2889 Θεὸν,
716 2829 946 2901 δύναμιν
996 2833 1121 2903 παρ’
1149 2831 1315 2887 αὐτοῦ
1357 2833 1702 2897 ἀπέσπασαν,
1747 2836 1888 2905 ίσχυ⁸

313 2919 532 2993 ρότεραι
561 2915 721 2974 αὗται
746 2921 886 2994 ὑπὲρ
916 2920 1121 2976 ἐκεῖνον
1146 2922 1376 2978 ἔσονται.
1415 2926 1651 2989 Ἐκεῖνος
1678 2925 1755 2992 δὲ,
1772 2926 1889 2980 τού-

307 3027 427 3074 τοις
460 3011 524 3064 τὸ
565 3011 783 3082 πρῶτον
831 3012 1216 3084 ὑποχωρήσας,
1266 3014 1512 3080 εἰσαῦθις
1559 3016 1619 3068 οὐ
1666 3015 1887 3070 δύναται

305 3104 438 3174 παρ’
465 3102 646 3156 αὐτῶν
670 3101 965 3171 ἀφελέσθαι
998 3104 1097 3176 τὴν
1126 3104 1222 3159 ἀπ’
1251 3106 1415 3160 αὐτοῦ
1448 3108 1886 3181 ἀφηρπασμὲνην

305 3193 558 3265 δύναμιν,
594 3194 695 3246 εἶτ’
733 3188 827 3248 ὢν
871 3195 1190 3261 πανοπλίαν,
1238 3199 1265 3250 ὁ
1307 3196 1366 3262 ἐξ
1403 3199 1576 3271 ἀρχῆς
1615 3198 1889 3270 ἀντισχεῖν

304 3284 447 3355 πρὸς
476 3285 603 3348 τοὺς
633 3285 926 3356 πολεμίους
956 3287 1029 3358 μὴ
1062 3286 1442 3359 δεδυνημένος.
1475 3289 1587 3342 Καὶ
1619 3289 1815 3353 ἄλλως,
1840 3291 1890 3342 εί

305 3371 365 3426 δὲ
401 3373 496 3426 καί
524 3389 653 3426 ποτε
687 3375 848 3429 πάλιν
878 3376 937 3428 ὲν
967 3376 1093 3447 νίκῃ
1124 3376 1415 3447 γενόμενος
1443 3378 1708 3449 ἀφέληται
1743 3379 1892 3449 ίσχύ-

309 3480 412 3528 σας
443 3464 587 3518 κατά
623 3463 733 3518 τῶν
768 3465 837 3518 δι’
866 3467 1116 3529 ἐναντίας
1161 3468 1261 3540 τὴν
1294 3468 1391 3522 ἀπ’
1425 3465 1591 3522 αὐτοῦ
1641 3468 1891 3540 ἀφηρπα-

323 3555 532 3625 σμένην
566 3554 813 3625 δόναμιν,
841 3556 940 3628 τῆς
979 3556 1075 3611 τοῦ
1105 3556 1274 3612 κακοῦ
1322 3556 1478 3628 ῥίζης
1505 3573 1565 3610 τε
1593 3557 1687 3610 καὶ
1714 3555 1893 3630 ἀρχῆς

314 3646 556 3716 ἀνάρχου
585 3645 664 3699 ἔτι
696 3646 1081 3719 ἐπιμενούσης,
1120 3648 1216 3700 καὶ
1240 3647 1521 3710 παντελῶς
1558 3648 1632 3718 μὴ
1660 3647 1894 3719 δυναμέ-

308 3753 408 3806 νης
450 3737 822 3807 ἀναιρεθῆναι,
878 3734 1033 3802 αὖθις
1078 3739 1241 3793 πάλιν
1284 3738 1605 3810 κατισχύσει
1641 3739 1896 3811 ἐπιστρα-

306 3824 551 3878 τεύσασα
580 3827 747 3898 ἑαυτῇ
782 3827 1177 3899 περισσοτέραν
1212 3827 1461 3899 δύναμιν,
1485 3830 1582 3882 καὶ
1602 3829 1704 3900 τὴν
1731 3829 1893 3883 πάλιν

308 3916 480 3970 αὑτοῦ
506 3916 803 3987 ληφθεῖσαν
831 3921 897 3972 ἐκ
923 3919 1018 3972 τοῦ
1052 3918 1264 3988 ἀγαθοῦ
1295 3918 1430 3972 Θεοῦ
1461 3918 1719 3992 δύναμιν,
1752 3922 1895 3975 κατά

308 4025 434 4061 τινα
470 4008 788 4064 δυναστείαν
827 4008 1178 4080 ὲξισχύσασα,
1220 4009 1382 4065 πάλιν
1421 4011 1768 4083 ἀφαιρήσειε’
1800 4014 1895 4066 καὶ

310 4100 469 4152 ἔσται
521 4101 610 4154 ἀεὶ
654 4102 774 4155 κατ’
821 4103 982 4156 αὐτὸν
1028 4104 1091 4156 τὸ
1134 4104 1302 4158 κακὸν
1345 4103 1761 4175 ἀνθιστάμενον,
1801 4106 1895 4158 καὶ

203 4253 209 4259 ,
316 4193 588 4264 μηδέποτε
618 4195 739 4264 ἔχον
770 4195 870 4266 τὴν
895 4195 1238 4264 κατάλειψιν,
1268 4197 1349 4258 είς
1375 4197 1435 4249 τὸ
1451 4196 1699 4266 διηνεκὲς
1723 4197 1898 4267 ἁρπά-

313 4285 409 4348 ζον
446 4303 508 4338 τε
546 4287 641 4339 καὶ
684 4287 1087 4357 ἁρπαζόμενον.
1124 4288 1188 4339 Et
1223 4287 1281 4340 δὲ
1321 4286 1416 4340 καὶ
1458 4284 1669 4353 λέξειαν
1710 4290 1759 4340 οί
1794 4287 1896 4351 τὰς

312 4375 520 4444 φρένας
560 4361 1339 4448 βεϐλαμμένοίὰπατηθέντες
1380 4378 1522 4431 κατά
1560 4379 1737 4432 πάντα
1771 4379 1897 4451 τρόο

1982 1919 2199 1973 vafrum
2223 1920 2487 1989 quiddam
2511 1922 2898 1992 cxcogitarunt
2925 1942 2938 1978 :
2966 1924 3348 1979 universorum
3375 1924 3566 1980 videli-

1981 2022 2067 2064 cet
2095 2018 2348 2076 matrem,
2390 2027 2513 2082 qua:
2543 2013 2651 2066 vim
2697 2030 2852 2069 suam
2888 2016 3334 2081 communicavit,
3365 2032 3396 2071 e
3420 2017 3563 2072 ccelo

1980 2101 2360 2167 descendisse,
2393 2109 2453 2155 ut
2498 2116 2619 2155 eam
2653 2102 2823 2170 ipsam
2866 2104 2977 2156 vim
3029 2105 3371 2175 principibus
3417 2106 3564 2159 furto

1982 2187 2214 2255 auferat,
2233 2188 2393 2260 641
2413 2204 2477 2244 ac
2505 2189 2794 2258 subripiat.
2812 2206 2973 2260 quam
3005 2209 3035 2247 e
3060 2192 3201 2247 caelo
3228 2193 3565 2248 transfusum

1983 2287 2332 2349 acceperant.
2361 2282 2419 2335 In
2444 2295 2552 2352 quo
2582 2281 2717 2337 illud
2741 2282 2845 2337 sibi
2872 2283 3064 2337 volunt
3092 2284 3465 2354 :principatus
3499 2300 3567 2340 ac

1982 2380 2276 2441 potestates
2306 2372 2450 2427 bello
2480 2380 2671 2426 contra
2699 2373 2869 2427 Deum
2898 2376 3081 2428 vivum
3122 2384 3402 2444 suscepto,
3444 2392 3567 2429 ma-

1982 2476 2143 2533 gnam
2171 2462 2240 2514 ab
2268 2476 2335 2516 eo
2366 2461 2621 2532 rapuisse
2652 2462 2786 2526 vim,
2823 2477 2945 2532 quae
2989 2462 3380 2532 comprehendi
3414 2464 3571 2517 nullo

1984 2555 2147 2607 modo
2169 2555 2364 2624 possit,
2398 2569 2519 2624 qua;
2562 2554 2785 2624 quidem
2812 2555 2993 2608 anima
3022 2555 3358 2609 nominatur.
3396 2553 3441 2609 Ο
3471 2555 3573 2608 ιὼς

1984 2645 2368 2700 surdissimam
2387 2645 2718 2701 falsitatem!
2751 2645 2966 2701 Etenim
2993 2648 3305 2717 cuicunque
3338 2661 3436 2716 per
3456 2646 3566 2701 vim

1984 2740 2188 2809 aliquid
2216 2754 2281 2795 ac
2314 2740 2631 2796 violentiam
2654 2740 2910 2810 eripitur,
2946 2739 3175 2796 inferior
3194 2747 3295 2795 est.
3316 2739 3497 2806 Quare
3517 2738 3566 2792 si

1984 2832 2330 2901 principatus
2359 2832 2439 2886 illi
2472 2832 2674 2887 bonum
2703 2831 2874 2888 Deum
2907 2832 3075 2886 armis
3106 2831 3568 2902 expugnaverint,

1985 2922 2295 2992 viriumque
2334 2922 2405 2978 ab
2434 2937 2501 2978 eo
2546 2930 2757 2994 partem
2794 2922 3116 2988 avulserint,
3153 2921 3411 2977 fortiores
3444 2921 3569 2988 ipso

1986 3012 2108 3067 illos
2142 3028 2268 3069 esse
2299 3027 2526 3069 necesse
2551 3021 2657 3069 est.
2694 3010 2789 3068 Ille
2834 3026 3000 3082 porro
3041 3012 3136 3067 ubi
3176 3013 3415 3081 primum
3459 3014 3572 3071 illis

1940 3144 1956 3162 .
1990 3103 2462 3174 cessit,ereptam
2509 3106 2576 3157 ab
2618 3104 2687 3159 iis
2727 3103 2835 3159 vim
2879 3117 3038 3158 suam
3094 3118 3424 3174 recuperare
3462 3119 3569 3158 non

1992 3201 2190 3262 potest,
2227 3193 2343 3248 sive
2372 3202 2704 3247 armaturam
2739 3194 2926 3247 dicere
2952 3193 3135 3259 malis,
3158 3208 3284 3248 cum
3312 3193 3569 3250 resistere

1992 3283 2244 3339 hostibus
2264 3284 2421 3339 initio
2454 3283 2782 3353 nequiverit.
2821 3282 3092 3339 Praeterea
3120 3285 3248 3339 licet
3271 3279 3575 3353 aliquando

1990 3374 2283 3428 victoriam
2329 3384 2738 3445 consequatur,
2793 3388 2860 3428 ac
2909 3374 3193 3430 debellatis
3238 3374 3577 3430 adversariis

1991 3478 2234 3539 ereptam
2265 3468 2412 3523 illam
2449 3469 2557 3523 vim
2595 3481 2754 3523 suam
2785 3467 3034 3521 obtinere
3060 3467 3255 3535 possit,
3285 3479 3409 3520 cum
3436 3466 3576 3519 maliv

1995 3560 2150 3615 radix
2184 3574 2248 3614 ac
2272 3560 2604 3630 principium
2636 3557 2893 3629 principii
2920 3557 3150 3612 alterius
3171 3571 3367 3626 expers
3391 3557 3571 3611 adhuc

1994 3661 2232 3715 maneat,
2258 3665 2438 3722 neque
2460 3651 2678 3721 penitus
2701 3650 2972 3720 exstingui
2991 3648 3188 3718 possit,
3219 3648 3419 3717 poterit
3445 3660 3573 3702 rur-

1995 3758 2093 3799 sus
2138 3744 2297 3799 ttovis
2334 3759 2398 3799 ac
2445 3743 2751 3814 majoribus
2807 3742 2983 3811 copiis
3025 3739 3278 3796 conﬂatis
3319 3740 3576 3804 vincere,

1995 3836 2220 3905 vimque
2249 3835 2397 3890 illam
2431 3850 2464 3889 a
2500 3835 2730 3890 meliore
2760 3832 2871 3887 Deo
2913 3841 3190 3903 receptam
3234 3829 3453 3886 auferre
3480 3830 3578 3885 de-

1997 3944 2106 3983 nuo
2137 3948 2152 3983 :
2186 3944 2255 3983 ex
2282 3943 2393 3998 quo
2425 3927 2677 3997 sequitur
2711 3925 2917 3978 malum
2943 3923 3093 3979 illius
3132 3923 3396 3993 opinione
3437 3923 3578 3976 resi-

1997 4028 2141 4074 stere
2160 4025 2444 4088 perpetuo,
2476 4032 2654 4088 neque
2692 4014 3083 4086 comprehendi
3108 4028 3376 4085 unquam.
3407 4021 3575 4082 atque

1998 4109 2051 4161 in
2085 4115 2409 4177 potestatem
2438 4121 2602 4176 posse
2635 4104 2805 4173 redigi
2842 4120 2855 4155 :
2884 4104 2965 4158 sic
3002 4112 3061 4157 ut
3090 4105 3309 4159 assidue
3330 4102 3585 4173 diripiat,

1997 4214 2062 4252 ac
2094 4198 2335 4254 vicissim
2369 4197 2682 4267 diripiatur.
2727 4195 2885 4261 Quod
2919 4195 2967 4250 si
3003 4195 3149 4249 istud
3177 4194 3364 4250 vesani
3398 4195 3577 4248 homi-

1998 4306 2116 4354 nes,
2140 4287 2771 4358 summisqueerroribus
2786 4286 3041 4342 exczecati
3054 4285 3285 4339 dixerint
3314 4302 3327 4337 :
3354 4282 3577 4337 Postea-

1998 4396 2162 4450 quam
2194 4380 2371 4434 bonus
2402 4379 2547 4433 Deus
2574 4377 2861 4447 particula:
2897 4375 3068 4438 illius,
3094 4390 3213 4444 qua:
3244 4374 3347 4428 sibi
3393 4380 3584 4442 erepta

312 4482 439 4529 πον,
466 4467 568 4528 ὃτι,
612 4464 737 4521 Ἐὰν
763 4468 863 4540 τὴν
885 4470 1188 4523 πανοπλίαν
1222 4472 1252 4523 ὁ
1275 4469 1479 4538 ἀγαθὸς
1511 4469 1644 4532 Θεὸς
1675 4469 1773 4522 τοῦ
1806 4472 1886 4541 μέ-

2001 4471 2197 4535 fuerat,
2228 4480 2562 4525 armaturam
2596 4468 2698 4523 sibi
2721 4466 3017 4527 aliquando
3043 4464 3426 4524 vindicaverit,
3448 4471 3579 4517 tunc

314 4574 446 4627 ρους
467 4556 562 4609 τοῦ
587 4557 678 4609 ἀπ’
701 4558 865 4610 αὐτοῦ
888 4557 1306 4629 ἀφαρπαγέντος
1330 4556 1507 4628 καιρῷ
1530 4557 1891 4630 ἐλευθερώσῃ,

311 4648 439 4701 τότε
467 4645 567 4710 τὰς
597 4648 767 4719 ἀρχὰς
800 4649 894 4703 καὶ
946 4649 1044 4712 τὰς
1070 4648 1317 4715 ἐξουσίας
1343 4648 1444 4719 τῆς
1469 4649 1717 4713 ἐναντίας
1742 4648 1896 4703 δυνάο

316 4758 468 4812 μεως
498 4740 784 4811 ἀφανίσειε
815 4741 909 4794 καὶ
938 4740 1360 4812 έξολοθρεύσειε.

390 4833 502 4886 Καὶ
539 4835 587 4885 εί
636 4832 717 4886 ἐτι
766 4832 918 4886 ἔσται
958 4832 1138 4898 τοῦτο,
1183 4832 1281 4886 καὶ
1319 4833 1370 4885 εί
1407 4832 1545 4896 ὅλως
1575 4832 1831 4901 ἀφανίσει
1867 4833 1895 4886 ὀ

314 4923 522 4993 ἀγαθὸς
543 4923 694 4988 Θεὸς,
726 4924 823 4977 καὶ
856 4922 1250 4996 ἑξολοθρεύσει,
1280 4922 1538 4987 ἐξέπεσεν
1566 4925 1594 4977 ὁ
1613 4922 1708 4976 τοῦ
1732 4923 1898 4995 ἀγύρ-

316 5033 412 5068 του
447 5014 626 5083 λόγος,
666 5017 698 5069 ό
734 5015 956 5084 φάσκων
992 5014 1068 5087 μὴ
1110 5010 1249 5068 εἷναι
1291 5013 1500 5068 δίκαιον
1540 5014 1631 5069 τὸν
1668 5015 1894 5084 ἀγαθὸν,

323 5107 459 5176 μηδὲ
492 5111 550 5161 ὲν
579 5107 756 5179 κρίσει
783 5106 1134 5177 κατακρίνειν
1175 5106 1268 5160 τὸν
1313 5107 1716 5177 ἁμαρτάνοντα,
1761 5107 1897 5178 μήτε

320 5198 579 5268 βασάνοις
609 5199 731 5252 τινὰ
759 5197 1144 5268 παραδιδόντα,
1182 5199 1322 5269 μήτε
1360 5196 1655 5250 κτείνοντα.
1694 5197 1757 5250 Εἰ
1790 5197 1899 5268 γὰρ

318 5288 456 5352 ὅλως
484 5288 575 5341 τδν
600 5286 862 5350 διάὸολον,
888 5288 1062 5340 είτουν
1086 5285 1181 5357 τὴν
1212 5284 1594 5356 ἀντικειμένην
1618 5284 1898 5353 ἐνέργειαν

316 5378 584 5449 ἀφανίσαι
617 5394 677 5431 τε
718 5378 813 5431 καὶ
854 5374 1234 5447 ὲξολοθρεῦσαι
1274 5376 1551 5446 πειρᾶται,
1589 5376 1708 5427 κατ’
1737 5374 1901 5429 αὐτὸν

316 5468 503 5522 οὐκέτι
532 5468 684 5522 ἔσται
714 5465 942 5536 ἀγαθὸς,
966 5465 1042 5525 ὡς
1079 5467 1107 5517 ὁ
1140 5463 1306 5517 αὐτοῦ
1344 5463 1586 5535 περιέχει
1618 5463 1793 5534 λόγος.
1828 5466 1898 5518 Ἦ

318 5561 439 5614 ὂτι’
467 5559 668 5629 ἀγαθὸς
707 5558 802 5626 ὣν,
846 5558 909 5612 τὸ
961 5556 1194 5629 πονηρὸν
1244 5554 1550 5620 ἀναλίσκει,
1603 5557 1698 5611 καὶ
1744 5556 1896 5611 ἔσται

389 5719 411 5755 ¹
444 5718 505 5777 ε’.
534 5722 787 5794 εἱληφαν,
832 5720 942 5789 leg.
972 5716 1276 5788 εἰλήφασιν.
1355 5721 1374 5749 ²
1406 5716 1464 5772 F.
1500 5716 1599 5771 ἔτι.

2002 4563 2341 4633 principatus
2364 4575 2429 4615 ac
2462 4566 2765 4631 potestates
2787 4556 3081 4613 contrariae
3118 4554 3375 4609 factionis
3408 4553 3578 4607 inter-

2000 4653 2230 4709 necione
2254 4653 2558 4707 deleturum
2590 4663 2734 4705 esse.

2074 4826 2213 4894 Hoc,
2244 4829 2487 4896 inquam,
2519 4825 2567 4881 si
2603 4824 2866 4886 dixerint,
2899 4820 2945 4875 si
2986 4817 3213 4874 omnino
3227 4817 3586 4888 exstinguere

2002 4933 2069 4973 ac
2103 4918 2330 4990 perdere
2362 4919 2564 4971 bonum
2589 4914 2758 4970 Deum
2790 4911 3153 4977 asserueriut,
3198 4910 3385 4963 nullus
3421 4908 3584 4964 alteri

2002 5010 2324 5081 impostoris
2365 5009 2519 5064 illius
2557 5021 2682 5064 esse
2721 5006 2951 5061 decreto
3000 4992 3156 5060 locus
3193 5002 3425 5073 poterit;
3470 5017 3588 5072 quo

2004 5103 2164 5159 docet
2201 5103 2406 5158 bonum
2441 5100 2593 5154 illum
2620 5096 2789 5153 Deum
2824 5098 3036 5167 justum
3065 5109 3176 5151 non
3215 5110 3359 5161 esse,
3404 5108 3588 5164 neque

2006 5193 2411 5262 delinquentetn
2445 5191 2557 5246 ullo
2582 5189 2796 5260 judicio
2822 5190 3104 5251 damnare,
3133 5201 3311 5258 neque
3334 5194 3588 5240 tormenv

2007 5285 2080 5339 tis
2111 5284 2405 5354 subiicere,
2442 5297 2546 5338 nec
2575 5281 2844 5338 occidere.
2881 5278 3015 5335 Nam
3062 5281 3108 5335 si
3155 5278 3454 5341 diabolum,
3487 5282 3588 5328 aut

2011 5390 2353 5446 quaecunque
2388 5374 2606 5430 demum
2641 5381 2727 5429 est
2770 5372 3022 5443 opposita
3063 5370 3154 5424 illa
3197 5368 3301 5429 vis,
3333 5382 3363 5419 e
3401 5364 3591 5418 medio

2006 5468 2199 5522 tollere
2228 5481 2292 5522 ac
2325 5466 2613 5537 proﬂigare
2642 5473 2895 5543 conatur,
2926 5470 3020 5517 aut
3052 5477 3118 5516 ex
3156 5459 3273 5526 ejus
3309 5457 3587 5511 sententia

2008 5560 2188 5614 bonus
2234 5574 2359 5615 esse
2404 5558 2635 5625 desinet,
2686 5557 2830 5613 utin
2863 5555 3009 5609 illius
3055 5553 3303 5607 oratione
3338 5547 3588 5617 positum
