4078 6412
533 372 596 427 Ἠ
1936 341 1996 398 S.
2040 339 2102 395 ΕΙ

2210 337 2387 395 ΠΑΝΙΙ
3744 335 3820 390 ’ἷῖ

529 488 635 540 est;
667 481 759 526 aut
797 470 841 524 si
880 470 1232 526 nihilominus
1269 465 1449 522 bonus
1481 473 1590 533 est,
1621 465 1828 521 malum
1877 464 2102 534 insuper

2210 455 2364 524 οὗτος
2391 463 2421 514 ὁ
2448 460 2684 531 ποιήσας
2709 459 2801 512 τὸν
2830 458 3061 530 οὐρανὸν
3090 457 3186 512 καὶ
3213 456 3312 529 τὴν
3341 455 3444 528 γῆν
3475 455 3706 526 Κύριος,
3738 455 3819 518 ὡς

523 566 857 633 exstinguat.
885 559 1229 628 Proindeque
1267 558 1410 612 idem
1438 558 1553 626 ipse
1585 557 1690 612 erit
1720 557 1842 611 eteli
1867 572 1931 610 ac
1946 564 2111 609 terrae

522 656 779 709 cmiditor
809 653 1095 715 Dominus,
1130 661 1190 704 nt
1211 659 1296 706 est
1325 665 1538 712 revera,
1566 650 1658 720 qui
1684 649 1982 719 unicuique
2010 663 2111 717 pro

522 763 747 816 operum
784 761 1012 800 suorum
1040 743 1254 797 ratione
1275 743 1496 812 prtemia
1520 741 1810 796 constituit
1846 760 1858 794 :
1893 741 1982 808 qui
2009 754 2110 809 pro

521 837 718 890 eximia
754 835 998 889 bonitate
1024 833 1097 895 ei,
1135 833 1228 903 qui
1258 835 1435 886 bonus
1477 840 1584 894 est,
1614 839 1669 884 et
1706 831 1760 884 in
1801 830 2109 884 exercenda

520 928 765 982 bonitate
790 927 1078 989 laborarit,
1106 925 1332 994 perinde
1361 924 1564 978 bonum
1588 922 1856 993 rependit.
1886 921 1946 974 Ei
1970 936 2103 976 vero

518 1019 609 1084 qui
649 1018 789 1070 mala
833 1017 1194 1074 commiserit,
1234 1015 1382 1085 quod
1421 1015 1634 1084 justum
1664 1022 1750 1070 est
1792 1013 1994 1069 reddit.
2025 1013 2100 1067 Ex

2221 557 2310 610 καὶ
2346 555 2494 608 ἐστιν
2529 555 2587 608 ἐν
2617 552 2872 623 ἀληθείᾳ,
2907 555 2936 607 ὁ
2967 552 3183 623 ἑκάστῳ
3226 551 3509 613 ἀποδιδοὺς
3551 549 3701 603 κατά
3743 550 3817 603 τά

2213 645 2352 716 ἔργα
2388 645 2577 707 αὐτοῦ,
2615 647 2646 698 ό
2685 645 2753 696 δι’
2784 643 3094 715 ὑπερϐολὴν
3120 643 3455 713 ἀγαθότητος
3485 640 3564 712 τῷ
3591 639 3814 709 ἀγαθῷ,

2213 737 2514 807 κεκμηκότι
2539 738 2598 788 ὲν
2621 735 2945 807 ἀγαθότητι,
2973 735 3230 806 παρέχων
3259 733 3321 786 τὸ
3354 731 3581 801 ἀγαθὸν,
3615 731 3712 785 καὶ
3733 729 3819 800 τῷ

2211 834 2279 882 τὰ
2313 827 2496 898 φαῦλα
2533 828 2820 892 δεδρακότι
2855 829 2916 881 τὸ
2947 828 3156 880 δίκαιον
3194 827 3510 902 ἀπονέμων.
3542 825 3656 878 Καὶ
3682 839 3820 877 πανο

2213 922 2439 998 ταχόθεν
2482 922 2872 993 ἐξελήλεγκται
2923 920 3089 975 αὑτοῦ
3138 923 3166 974 ὁ
3215 921 3393 988 λόγος,
3457 918 3817 989 ὑποφθείρων

2218 1015 2442 1085 καρδίας
2469 1014 2776 1085 ἀνθρώπων
2807 1017 2887 1078 εἰς
2920 1015 2990 1067 τὰ
3019 1013 3256 1066 ἐναντία.

518 1110 720 1177 quibUs
735 1107 898 1180 642
915 1109 1172 1162 oinnibus
1187 1106 1470 1162 Manicbtei
1485 1107 1662 1162 oratio
1679 1105 1970 1170 refellitur,
1989 1120 2102 1176 quae

2210 1120 2220 1158 l
2255 1107 2588 1160 contrariam
2616 1106 2925 1160 doctrinam
2993 1106 3322 1176 depravatos
3355 1103 3638 1157 hominum
3683 1101 3816 1154 ani-

524 1215 643 1254 mos
666 1202 906 1254 abducit.

596 1290 759 1345 XXV.
808 1291 912 1344 Sed
967 1305 1115 1344 nunc
1167 1290 1318 1345 illius
1363 1288 1562 1359 dogma
1611 1289 1678 1342 ad
1718 1288 1978 1354 verbum,
2023 1287 2105 1340 uti

519 1392 954 1438 consentaneum
992 1390 1107 1446 est,
1151 1383 1423 1437 aseribam
1447 1421 1462 1445 ,
1498 1397 1565 1436 ex
1601 1381 1856 1436 Archelai
1899 1394 2104 1450 opere,

519 1475 664 1544 quod
698 1475 964 1528 adversus
1009 1473 1264 1527 eumdem
1315 1472 1467 1526 illum
1499 1473 1694 1538 edidit,
1725 1488 1790 1527 ex
1821 1472 1890 1526 iis
1921 1487 2042 1542 qum
2075 1485 2106 1524 a

519 1562 774 1632 Tyrbonc
805 1561 1075 1631 discipulo
1101 1563 1249 1616 illius
1281 1570 1590 1630 acceperat,
1623 1563 1690 1616 de
1727 1577 1838 1631 quo
1871 1561 2107 1616 mentio-

515 1670 639 1709 nem
673 1664 800 1709 ante
831 1652 1094 1719 fecimus;
1128 1670 1251 1708 nam
1287 1669 1410 1707 cum
1441 1654 1750 1708 Archelaus
1789 1654 2105 1723 episcopus,

515 1757 572 1799 et
605 1746 895 1800 Marcellus
926 1746 993 1800 de
1022 1745 1198 1800 Manis
1234 1746 1582 1816 dogmatibus
1604 1745 1912 1815 Tyrbonem
1940 1745 2111 1798 inter-

2284 1285 2412 1336 KE'.
2443 1281 2604 1336 Κατά
2639 1281 2781 1349 λέξιν
2807 1282 2866 1336 δὲ
2890 1282 3124 1353 καθεξῆς
3147 1281 3402 1348 ὑποτάξω
3426 1282 3814 1352 ἁρμοττόντως

2210 1375 2273 1428 τὸ
2311 1373 2477 1428 αὐτοῦ
2521 1372 2778 1445 φρόνημα
2819 1375 2929 1428 ἀπὸ
2970 1373 3081 1428 τῶν
3135 1372 3426 1446 Ἀρχελάου
3463 1373 3600 1443 πρὸς
3641 1373 3816 1427 αὑτὸν

2215 1465 2806 1539 πεπραγματευμένων
2837 1466 2897 1517 ἐν
2926 1468 2992 1536 τῇ
3028 1465 3167 1536 πρὸς
3198 1464 3360 1517 αὐτὸν
3393 1462 3699 1534 ἀντιλογίᾳ,
3735 1469 3818 1528 ὡς

2214 1557 2376 1621 αὐτὸς
2416 1556 2736 1627 ἀπεκάλυψε
2771 1557 3020 1630 Τύρϐων,
3061 1554 3142 1620 εἷς
3182 1555 3290 1609 τῶν
3318 1555 3485 1608 αὑτοῦ
3519 1555 3813 1626 μαθητῶν,

2215 1648 2346 1719 περὶ
2387 1640 2448 1702 οὗ
2490 1649 2603 1703 ἄνω
2650 1648 3025 1720 ἐπεμνήσθην.
3069 1648 3570 1719 Ἐπερωτησὰντων
3622 1647 3815 1700 τοίνυν

2215 1737 2324 1792 τῶν
2359 1738 2488 1808 περὶ
2531 1739 2824 1810 Ἀρχέλαον
2867 1739 2958 1792 τὸν
3001 1739 3322 1804 ἐπίσκοπον,
3355 1738 3449 1792 καὶ
3477 1737 3814 1810 Μάρκελλον

518 1849 828 1907 rogassent,
861 1841 975 1894 haec
1001 1839 1092 1893 ille
1119 1839 1236 1908 ipsa
1281 1839 1588 1908 respondit,
1621 1853 1741 1906 qua:
1784 1854 1886 1893 nos
1925 1854 1992 1892 ex
2041 1853 2102 1892 eo

2211 1828 2500 1900 Τύρὸωνα,
2527 1831 2656 1900 περὶ
2681 1832 2781 1901 τῆς
2803 1830 2897 1883 τοῦ
2927 1831 3086 1902 Μάνη
3117 1829 3486 1892 διδασκαλίας,
3517 1832 3546 1883 ὁ
3575 1828 3816 1901 Τύρϐων

519 1932 662 1985 libro
695 1931 1123 2001 descripsimus;
1153 1939 1390 2000 suntque
1424 1931 1694 1999 ejusmodi
1724 1949 1737 1985 :

916 2147 1206 2202 Manio/twi
1235 2149 1400 2218 impia
1438 2147 1713 2219 dogmata.

588 2261 646 2314 Si
685 2259 966 2317 Maniclnei
993 2262 1153 2316 lidcm
1196 2277 1533 2332 cognoscere
1573 2265 1774 2331 velitis,
1808 2279 1839 2318 a
1871 2282 1956 2322 me
1981 2267 2106 2321 bre-

515 2357 654 2408 vitor
682 2363 989 2424 exposrtam
1017 2353 1221 2408 audite.
1258 2352 1358 2408 Hic
1395 2355 1560 2425 igitur
1587 2357 1718 2412 deos
1744 2358 1994 2424 geminos
2016 2373 2110 2413 co-

517 2449 600 2508 l.t,
634 2447 930 2516 ingenitus,
957 2460 987 2498 a
1010 2455 1184 2500 semet
1210 2447 1566 2512 exsistentes,
1603 2451 1995 2519 sempiternos,
2025 2453 2110 2506 in-

515 2541 800 2607 vicemque
833 2539 1163 2594 contrarios.
1198 2538 1441 2605 Quorum
1474 2542 1706 2596 alterum
1742 2545 1968 2608 bonum,
1993 2560 2110 2600 ma-

516 2629 880 2683 lumalterum
905 2629 1122 2692 delinit,
1153 2643 1317 2700 atque
1338 2632 1431 2685 uni
1457 2632 1596 2686 lucis
1625 2649 1823 2689 nomen
1850 2635 2106 2706 imponit,

516 2719 867 2772 tenebrarum
896 2720 1076 2775 alteri.
1109 2719 1193 2774 Ad
1222 2719 1362 2775 lucis
1386 2731 1567 2791 partes
1604 2723 1841 2780 hominis
1867 2727 2106 2780 animam

518 2811 802 2880 pertinere
840 2818 1027 2881 putat;
1061 2811 1304 2867 tenebris
1334 2827 1466 2867 vero
1497 2829 1722 2884 corpus,
1757 2831 1822 2870 ac
1866 2817 2110 2872 materiae

515 2903 796 2975 opiﬁcium
825 2904 1039 2958 tribuit.
1069 2903 1274 2959 llorum
1300 2921 1428 2960 vero
1454 2908 1868 2976 permistionem
1892 2923 1957 2964 ac
1979 2920 2110 2965 tem-

515 2996 858 3064 perationem
914 2996 1062 3049 hunc
1115 2997 1168 3050 in
1233 2997 1453 3051 modum
1508 2999 1780 3055 accidisse
1823 3001 1993 3066 dicit,
2041 3018 2106 3057 ac

516 3089 753 3141 duorum
792 3104 981 3157 regum
1022 3089 1272 3156 exen'tplo
1323 3087 1588 3153 declarat,
1633 3091 1863 3160 quijam
1896 3093 2102 3147 dudum

2211 1919 2548 1990 ἁπεκρίνατο
2569 1919 2764 1989 λέγων,
2798 1922 2955 1976 ἆτινα
2997 1924 3062 1976 ὲκ
3096 1921 3191 1976 τοῦ
3227 1921 3433 1992 βιϐλίου
3458 1921 3811 1994 παρεθέμην·

2210 2011 2306 2064 καὶ
2338 2013 2456 2065 ἐστι
2481 2013 2630 2066 τάδε·

2222 2124 2396 2193 Ἀρχὴ
2436 2122 2555 2178 τῶν
2597 2125 2705 2179 τοῦ
2749 2125 3058 2192 Μάνεντος
3083 2125 3196 2197 (28)
3243 2126 3434 2181 ἀθέων
3471 2125 3813 2197 dormitum.

2283 2237 2346 2290 Ei
2374 2238 2476 2309 τὴν
2500 2238 2593 2293 τοῦ
2623 2239 2783 2307 Μάνη
2827 2241 3011 2293 πίστιν
3043 2239 3226 2294 θέλετε
3256 2242 3469 2312 μαθεῖν,
3513 2257 3646 2314 παρ’
3671 2245 3816 2315 ἐμοῦ

2210 2332 2485 2386 ἀκούσατε
2528 2333 2830 2404 συντόμως.
2863 2326 3032 2398 Οὗτος
3060 2334 3154 2387 δύο
3192 2335 3339 2387 σέϐει
3375 2334 3531 2398 θεοὺς
3570 2337 3816 2408 ἀγεννή-

2209 2438 2356 2484 τους.
2401 2423 2714 2492 αὐτοφυεῖς,
2758 2423 2984 2487 ἀϊδίους,
3027 2423 3127 2476 ἕνα
3168 2423 3246 2494 τῷ
3291 2425 3370 2476 ἐνὶ
3402 2425 3816 2496 ἀντικείμενον·

2210 2515 2306 2568 καὶ
2336 2513 2426 2567 τὸν
2459 2513 2557 2586 μὲν
2589 2515 2814 2584 ἀγαθὸν,
2845 2516 2938 2569 τὸν
2960 2515 3017 2567 δὲ
3058 2516 3294 2587 πονηρὸν
3329 2518 3654 2586 εἰσηγεῖται·
3693 2519 3819 2588 φῶς

2209 2606 2288 2678 τῷ
2318 2608 2398 2660 ἑνὶ
2425 2608 2600 2680 ὄνομα
2630 2608 2876 2678 θέμενος,
2910 2608 3103 2680 καὶτῷ
3127 2609 3299 2681 ἑτέρῳ
3326 2610 3540 2674 σκότος.
3580 2612 3694 2665 Καὶ
3715 2612 3818 2666 τοῦ

2212 2701 2313 2774 μὲν
2341 2703 2520 2772 φωτὸς
2553 2699 2694 2757 εἶναι
2733 2703 2899 2775 μέρος
2936 2703 3036 2775 τὴν
3065 2705 3123 2755 ὲν
3153 2702 3461 2775 ἀνθρώποις
3481 2703 3686 2776 ψυχὴν,
3714 2705 3817 2759 τοῦ

2207 2794 2265 2847 δὲ
2296 2793 2521 2858 σκότους
2556 2796 2616 2848 τὸ
2653 2794 2835 2866 σῶμα,
2870 2795 2966 2848 καὶ
2994 2795 3051 2848 τὸ
3088 2795 3188 2864 τῆς
3221 2794 3353 2866 ὕλης
3389 2795 3816 2870 δημιούργημα.

2208 2885 2372 2953 Μίξιν
2394 2887 2472 2952 δὲ,
2503 2887 2622 2959 ἤτοι
2655 2888 2958 2960 σύγκρασιν
2995 2886 3200 2940 τούτων
3228 2888 3377 2957 λέγει
3405 2890 3696 2957 γεγονέναι
3717 2891 3817 2945 τὸν

2207 2980 2430 3052 τρόπον,
2466 2982 2783 3046 ἀπεικάζων
2811 2983 2935 3045 τοὺς
2961 2981 3054 3035 δύο
3083 2981 3219 3052 τῷδε
3258 2983 3336 3054 τῷ
3372 2983 3814 3056 παραδείγματι·

2207 3072 2461 3143 καθάπερ
2489 3073 2584 3128 δύο
2617 3073 2859 3143 βασιλεῖς
2892 3073 3318 3144 ἀντιμαχὸμενοι
3350 3077 3486 3148 πρὸς
3515 3078 3814 3149 ἀλλήλους,

519 3179 733 3234 inimici
765 3188 960 3234 mutuo
997 3179 1100 3234 sibi
1135 3179 1338 3233 bellum
1370 3181 1634 3245 inferunt,
1676 3183 1749 3235 ita
1781 3193 1840 3238 ut
1877 3193 2102 3256 uterque

2210 3165 2361 3227 ὄντες
2389 3167 2645 3236 ἁπαρχῆς
2671 3165 2879 3236 ἐχθροὶ,
2911 3167 3007 3218 καὶ
3035 3167 3311 3238 ἀναμέρος
3337 3169 3572 3225 ἑκάστου
3607 3175 3677 3227 τὰ
3703 3176 3816 3230 ἴδια

518 3271 774 3342 privatim
805 3288 904 3327 sua
938 3273 1239 3342 possideat.
1273 3271 1350 3325 lta
1387 3274 1666 3334 tenebras.
1717 3278 1814 3338 ait,
1855 3279 2104 3335 collectis

518 3363 751 3427 viribus,
791 3362 994 3418 ﬁnibus
1034 3364 1152 3418 suis
1185 3377 1440 3433 egressas
1478 3366 1849 3422 incursionem
1884 3367 2106 3438 fecisse,

516 3471 582 3509 ac
615 3470 739 3508 cum
775 3455 898 3510 luce
919 3455 1235 3511 dimicasse.
1266 3455 1403 3510 Cum
1429 3466 1609 3511 autem
1638 3459 1817 3516 bonus
1845 3470 1999 3530 pater
2024 3473 2108 3518 te-

520 3548 719 3602 nebras
754 3547 807 3600 in
835 3554 980 3601 terra
1009 3563 1109 3601 sua
1147 3549 1356 3604 versari
1402 3559 1790 3619 cognosceret,
1820 3554 1931 3608 vim
1964 3571 1994 3608 a
2044 3572 2104 3612 se

519 3643 642 3710 ipso
669 3645 965 3709 quamdam
995 3639 1258 3703 edidisse,
1289 3657 1413 3711 quae
1453 3645 1580 3697 vitae
1627 3652 1803 3700 mater
1828 3648 2105 3716 appellata

519 3733 612 3783 sit.
643 3729 726 3782 Ab
751 3728 854 3781 hac
885 3727 1124 3797 primum
1161 3729 1437 3782 hominem
1470 3731 1838 3800 productum;
1869 3749 2103 3801 necnon

517 3829 573 3870 «ιι
591 3819 862 3872 elementa
877 3819 1143 3888 quinque,
1161 3827 1411 3883 ventum,
1435 3821 1633 3886 lucem,
1655 3837 1876 3892 aquam,
1902 3826 2101 3896 ignem,

523 3907 830 3960 materiam.
867 3905 995 3961 Haec
1041 3923 1166 3962 cum
1196 3908 1346 3964 velut
1375 3910 1445 3963 ad
1487 3910 1744 3966 bellicum
1777 3928 2102 3984 apparatum

522 3997 816 4064 induisset,
849 3999 906 4052 in
945 3996 1210 4053 inferiora
1239 3999 1526 4070 delapsum
1557 4015 1682 4054 cum
1729 4005 1972 4060 tenebris
2003 4022 2103 4076 pu-

520 4103 740 4156 gnasse.
782 4090 1157 4146 Tenebrarum
1199 4106 1330 4146 vero
1375 4093 1676 4162 principes,
1727 4097 1820 4166 qui
1865 4113 1988 4153 cum
2037 4116 2101 4154 ea

517 4182 892 4246 decertabant,
927 4197 993 4238 ex
1017 4184 1164 4239 illius
1199 4194 1501 4248 armatura,
1526 4203 1689 4256 quam
1720 4191 1958 4246 animam
1978 4209 2102 4252 esse

516 4272 686 4336 dicit,
725 4274 974 4327 nonnihil
1020 4275 1254 4330 dedisse.
1301 4274 1421 4342 Quo
1460 4278 1676 4344 quidem
1719 4288 1961 4352 tempore
1991 4287 2103 4356 pri-

515 4380 663 4417 mum
694 4364 970 4419 hominem
1019 4365 1074 4419 in
1122 4366 1479 4422 inferioribus
1511 4369 1594 4423 his
1621 4370 1759 4425 locis
1793 4387 1824 4426 a
1857 4376 2100 4432 tenebris

513 4472 848 4527 magnOpere
875 4473 997 4513 esse
1027 4467 1305 4515 vexatum.
1337 4458 1493 4526 Quod
1522 4462 1627 4517 nisi
1661 4472 1911 4520 orantem
1939 4465 2102 4523 Pater

2208 3255 2445 3325 ἔχοντος.
2481 3255 2639 3309 Κατὰ
2667 3255 2724 3308 δὲ
2761 3255 3020 3309 σύστασιν
3045 3257 3110 3309 τὸ
3142 3259 3331 3322 σκότος
3357 3260 3585 3315 ἐπελθὸν
3611 3264 3678 3317 ὲκ
3699 3267 3818 3320 τῶν

2204 3347 2372 3419 ὁρίων
2400 3345 2564 3400 αὑτοῦ
2606 3350 3070 3420 προσεμαχήσατο
3102 3347 3180 3418 τῷ
3211 3350 3370 3418 φωτί.
3402 3353 3605 3408 Γνόντα
3631 3356 3692 3409 δὲ
3717 3359 3817 3413 τὸν

2206 3439 2415 3508 ἀγαθὸν
2447 3440 2663 3510 πατέρα
2698 3440 2758 3492 τὸ
2784 3441 2974 3503 σκότος
3004 3443 3062 3492 ἐν
3088 3444 3154 3513 τῇ
3186 3445 3256 3512 γῇ
3280 3444 3446 3497 αὐτοῦ
3467 3447 3688 3520 ὲπιδεδη
3698 3469 3811 3524 μη-

2207 3531 2324 3595 κὸς,
2352 3531 2676 3602 προϐάλλειν
2702 3531 2762 3597 ἐξ
2792 3530 2958 3584 αὑτοῦ
2986 3531 3233 3602 δύναμιν,
3259 3534 3562 3608 λεγομένην
3589 3544 3816 3614 μητέρα

2204 3625 2307 3695 τῆς
2337 3625 2504 3697 ζωῆς·
2543 3627 2639 3679 καὶ
2671 3627 2843 3697 αὐτὴν
2873 3627 3311 3700 προϐεϐληκέναι
3339 3633 3430 3685 τὸν
3462 3635 3684 3706 πρῶτον
3712 3640 3814 3692 ἆν-

2207 3713 2447 3784 θρωπον,
2484 3717 2500 3746 ¹
2525 3714 2597 3767 τὰ
2639 3716 2802 3768 πέντε
2847 3720 3103 3787 στοιχεῖα.
3137 3719 3262 3770 Εἰσὶ
3296 3720 3352 3773 δὲ
3397 3723 3618 3795 ἄνεμος,
3662 3730 3810 3796 φῶς,

2207 3805 2373 3878 ὕδωρ,
2406 3807 2519 3880 πῦρ
2547 3808 2642 3861 καὶ
2670 3807 2793 3880 ὕλη.
2838 3809 2950 3862 Καὶ
2973 3809 3146 3863 ταῦτα
3175 3811 3538 3884 ὲνδυσάμενον
3564 3819 3640 3883 ὡς
3664 3823 3810 3893 πρὸς

2204 3901 2552 3972 κατασκευὴν
2579 3901 2838 3971 πολέμου,
2863 3902 3144 3955 κατελθεῖν
3167 3903 3340 3972 κάτω,
3367 3907 3463 3960 καὶ
3487 3909 3810 3984 πολεμῆσαι

2202 3993 2283 4064 τῷ
2328 3995 2530 4048 σκότει.
2579 3995 2642 4048 Οἱ
2678 3994 2736 4048 δὲ
2773 3993 2870 4047 τοῦ
2905 3995 3134 4060 σκότους
3180 3996 3463 4068 ἄρχοντες,
3509 4004 3810 4062 ἀντιπολε-

2205 4085 2434 4158 μοῦντες
2455 4087 2625 4157 αὐτῷ,
2651 4087 2852 4156 ἔφαγον
2876 4089 2941 4141 ὲκ
2955 4089 3056 4160 τῆς
3071 4093 3377 4157 πανοπλίας
3397 4096 3588 4162 αὐτοῦ,
3603 4099 3633 4152 ὃ
3650 4101 3809 4158 ἐστιν

2201 4179 2235 4250 ἡ
2277 4179 2447 4250 ψυχή.
2468 4179 2602 4232 Τότε
2635 4178 2824 4244 δεινῶς
2849 4179 3035 4251 ὲθλίϐη
3066 4183 3184 4236 ἐκεῖ
3216 4185 3366 4238 κάτω
3396 4188 3426 4240 ό
3457 4190 3676 4262 πρῶτος
3704 4196 3806 4249 ἄν-

2205 4271 2427 4343 θρωπος
2458 4270 2564 4324 ὑπὸ
2591 4270 2686 4324 τοῦ
2727 4271 2973 4336 σκότους.
3005 4274 3117 4328 Καὶ
3147 4277 3197 4328 εί
3234 4277 3310 4348 μὴ
3339 4279 3646 4352 εὐξαμένου
3687 4289 3808 4340 εἰσ-

2203 4366 2438 4435 ήκουσεν
2475 4365 2506 4416 ὁ
2541 4363 2742 4434 πατὴρ,
2798 4367 2895 4418 καὶ¹
2953 4366 3274 4424 ἀπέστειλεν
3323 4372 3518 4444 ἑτέραν
3566 4376 3808 4450 δύναμιν

2203 4455 2610 4527 προϐληθεῖσαν
2635 4457 2727 4508 ὑπ’
2751 4457 2939 4525 αὑτοῦ,
2968 4460 3272 4532 λεγομένην
3293 4462 3402 4527 ζῶν
3429 4467 3680 4540 Πνεῦμα,
3706 4475 3807 4527 καὶ

511 4547 848 4612 exaudisset,
879 4557 1043 4616 atque
1065 4551 1292 4605 alteram
1338 4566 1369 4604 a
1420 4567 1478 4607 se
1515 4555 1838 4622 productam
1877 4557 2009 4625 vim,
2046 4560 2100 4614 in

2210 4550 2256 4600 εί
2295 4549 2369 4619 μὴ
2396 4549 2674 4604 κατελθὼν
2705 4551 2938 4606 δέδωκεν
2965 4553 3115 4624 αὑτῷ
3136 4553 3337 4624 δεξιὰν,
3370 4560 3464 4612 καὶ
3495 4561 3807 4632 ἀνήνεγκεν

513 4639 821 4692 subsidium
852 4640 1118 4704 misisset,
1133 4657 1255 4710 qua:
1273 4642 1428 4696 vivus
1447 4642 1687 4711 Spiritus
1706 4646 2003 4712 diceretur,
2037 4666 2101 4707 ac

514 4729 616 4782 nisi
654 4729 996 4785 descendens
1039 4730 1321 4786 dexteram
1353 4733 1402 4785 ei
1456 4736 1815 4803 perrexisset,
1858 4745 2023 4808 atque
2067 4759 2099 4796 e

514 4819 753 4875 tenebris
793 4820 1097 4885 eduxisset,
1131 4823 1458 4892 jamdudum
1513 4827 1749 4896 primum
1800 4829 1953 4883 illum
1998 4833 2096 4886 ho-

515 4909 714 4963 minem
742 4911 1021 4966 detentum
1041 4915 1348 4983 periculum
1381 4917 1572 4987 ingens
1590 4921 1866 4974 aditurum
1901 4923 2092 4979 fuisse.

515 5001 594 5053 Ab
628 5016 693 5054 eo
722 5002 888 5070 igitur
919 4993 1166 5074 tempore
1191 5009 1430 5062 animam
1462 5011 1516 5063 in
1547 5011 1792 5064 inferiori
1827 5015 1930 5067 hac
1964 5016 2094 5070 sedc

512 5091 754 5160 reliqttit.
790 5092 952 5161 65.3
984 5095 1116 5159 Qua:
1158 5112 1326 5152 causa
1357 5108 1442 5153 est
1487 5116 1588 5155 cur
1624 5102 1929 5168 Manieltaei,
1961 5120 2094 5174 quo-

508 5183 613 5234 ties
646 5183 879 5236 invicem
909 5198 1232 5250 occurrunt,
1266 5189 1433 5256 hujus
1469 5195 1546 5245 rei
1570 5195 1947 5263 signiﬁcanda;
1966 5212 2091 5266 gra-

581 5337 598 5368 ¹
623 5336 789 5393 Deest
819 5337 1125 5408 quidpiam.

579 5490 917 5573 (28)”:Apzr‘7
947 5493 1066 5573 τῶν
1094 5495 1202 5548 τοῦ
1234 5495 1563 5573 Μάνεντος.
1605 5500 1824 5558 Primus
1862 5513 2088 5573 porten-

509 5567 642 5644 tosa-2
677 5563 825 5644 illius
858 5567 1080 5644 limresis
1115 5576 1480 5644 oppugnatur,
1515 5563 1586 5624 ob
1614 5573 1783 5644 idque
1818 5563 2088 5644 singulari

510 5630 671 5685 laude
692 5633 917 5711 dignus,
955 5630 1530 5711 Archcla'us'exstitit;
1560 5643 1653 5711 qui
1689 5630 1938 5696 habitari;
1963 5659 1991 5696 a
2033 5662 2092 5700 se

511 5713 633 5780 cum
679 5701 987 5780 .impostore
1043 5705 1468 5780 disputationem
1518 5701 1595 5764 in.
1635 5717 2092 5768 commentarium

511 5769 718 5838 redegit
747 5771 1038 5840 omniaque
1073 5769 1297 5834 nefariae
1326 5781 1740 5847 superstitionis
1770 5797 1969 5836 arcana
1998 5799 2095 5855 pa-

2208 4642 2273 4694 ὲκ
2299 4640 2395 4693 τοῦ
2431 4641 2685 4705 σκότους·
2728 4644 2898 4698 πάλαι
2945 4644 3012 4699 ἃν
3038 4647 3068 4698 ὁ
3101 4647 3316 4718 πρῶτος
3347 4650 3637 4723 ἄνθρωπος
3667 4674 3807 4711 κατ-

2205 4731 2463 4802 εχόμενος
2508 4734 2904 4792 ἐκινδύνευσεν.
2932 4737 3160 4792 Ἐκτοτε
3205 4737 3299 4795 οὖν
3325 4745 3613 4817 κατέλειψε
3645 4750 3806 4806 κάτω

2204 4822 2304 4893 τὴν
2321 4823 2524 4894 ψυχήν.
2559 4825 2669 4879 Καὶ
2693 4825 2780 4880 διὰ
2803 4827 2958 4882 τοῦτο
2985 4831 3298 4901 Μανιχαῖοι,
3323 4833 3419 4887 ἐὰν
3449 4840 3805 4912 συναντῆσαι-

2205 4931 2289 4967 σιν
2319 4916 2588 4988 ἀλλήλοις,
2622 4919 2800 4985 δεξιὰς
2827 4922 3064 4978 διδόασιν
3097 4925 3313 4990 ἑαυτοῖς
3349 4931 3579 4999 σημείου
3611 4933 3800 5007 χάριν,

2202 5010 2278 5074 ὡς
2315 5015 2425 5067 ἀπὸ
2457 5017 2682 5081 σκότους
2711 5019 2996 5084 σωθέντες.
3049 5023 3137 5075 Ἐν
3169 5023 3278 5094 γὰρ
3303 5024 3379 5094 τῷ
3407 5027 3591 5080 σκότει
3614 5028 3802 5094 πάσας

2200 5102 2300 5166 τὰς
2328 5105 2570 5175 αἱρέσεις
2591 5105 2732 5162 εἶναι
2758 5111 2927 5179 λέγει.
2954 5113 3088 5166 Τότε
3118 5112 3227 5177 ζῶν
3248 5117 3474 5185 Πνεῦμα
3496 5118 3678 5173 ἔκτισε
3703 5122 3802 5175 τὸν

2200 5193 2426 5265 κόσμον,
2458 5201 2552 5254 καὶ
2573 5201 2705 5256 αὐτὸ
2733 5204 2970 5275 φορέσαν
2998 5207 3191 5278 ἐτέρας
3214 5212 3362 5279 τρεῖς
3390 5211 3672 5283 δυνάμεις,
3696 5233 3803 5268 καο

2196 5505 2409 5586 tefecit.
2444 5509 2520 5565 Ex
2557 5512 2661 5567 hac
2690 5513 2946 5586 Archelai
2977 5513 3273 5569 collatione
3307 5515 3490 5568 caeteri
3528 5515 3798 5586 deinceps

2200 5580 2505 5654 hauserunt
2537 5599 2751 5647 omnes,
2787 5585 2880 5654 qui
2938 5585 3177 5638 ἣξει-ειὶςὶ
3226 5586 3374 5640 illius
3408 5587 3696 5640 historiam
3733 5580 3798 5642 ac

2200 5649 2454 5723 (togulam
2486 5655 2711 5722 scriptis
2745 5649 3124 5723 prodiderunt.
3161 5656 3406 5710 Meminit
3445 5657 3704 5712 Archelai
3739 5661 3796 5713 in

2201 5718 2560 5787 Sort'ptoribus
2582 5718 2767 5779 cheles.
2805 5725 3194 5795 Hieronymus.
