4078 6434
329 387 409 445 75
995 378 1364 440 ADVERSUS
1401 378 1742 438 IIJERESES
1774 380 1907 436 LIB.

2059 380 2223 437 ΤΟΜ.
2267 381 2405 436 ΙΙ.-
2442 383 2718 443 ΠΑΞΒΕΞ.
2760 386 2944 442 LXVI.
3518 393 3590 448 ’τι

327 505 523 562 τελθδν
555 506 821 577 ἀνήνεγκε
865 472 1308 575 τοὺςξάρχοντας,
1351 504 1446 559 καὶ
1491 504 1823 576 ἐστερέωσεν
1854 504 1911 557 ὲν

2017 504 2088 557 tia
2120 515 2308 560 mutuo
2336 505 2440 561 sibi
2474 506 2727 564 dexteras
2756 508 3060 578 porrigant,
3088 515 3351 579 tanquam
3372 524 3403 563 a
3434 510 3588 565 tene-
3656 536 3659 539 π

328 599 416 670 τῷ
450 596 812 670 στερεῶματι,
839 596 869 649 ὃ
886 596 1033 649 ἐστιν
1058 596 1241 651 αὐτῶν
1270 596 1450 665 σῶμα,
1479 595 1513 666 ἢ
1545 597 1768 666 σφαῖρα.

2012 593 2136 651 bris
2154 597 2357 666 erepti.
2377 596 2585 655 Omnes
2616 598 2764 654 enim
2797 609 2978 656 sectas
3012 600 3221 655 versari
3262 599 3320 654 in
3352 599 3591 656 tenebris

331 690 559 746 asserit.
591 687 746 743 Tunc
771 687 957 744 vivum
988 686 1140 743 illum
1175 684 1442 757 Spiritum
1478 685 1741 741 mundum
1773 684 2113 751 condidisse,
2144 701 2210 742 ac
2239 695 2355 745 tres
2385 689 2518 747 alias
2579 689 2812 746 virtutes
2875 692 3137 747 ferentem
3192 699 3247 747 et
3303 691 3590 763 delapsum

334 786 616 859 principes
644 783 910 839 extulisse
932 796 1176 847 sursum,
1215 792 1269 837 et
1304 782 1360 836 in
1398 783 1742 836 ﬁrmamento
1788 780 2111 844 stabiliisse.
2139 782 2288 852 quod
2310 784 2553 852 ipsorum
2580 799 2783 854 corpus
2806 792 2910 851 est,
2940 785 3056 841 sive
3091 785 3307 856 globus.

405 878 552 948 KCT.
586 878 718 932 Τότε
759 878 921 932 πάλιν
949 876 1011 930 τὸ
1032 876 1140 942 ζῶν
1171 877 1395 947 Πνεῦμα
1425 877 1606 930 ἔκτισε
1635 877 1761 939 τοὺς
1804 892 1916 944 φω-

333 972 579 1043 στῆρας,
630 969 667 1025 ἃ
715 970 833 1023 ἔστι
885 967 985 1039 τῆς
1037 968 1219 1039 ψυχῆς
1273 966 1535 1037 λείψανα·
1591 970 1684 1021 καὶ
1741 965 1915 1031 οὕτως

290 1108 298 1133 ε
332 1060 561 1133 ἐποίησε
593 1058 883 1131 στερέωμα
913 1057 1234 1113 κυκλεῦσαι.
1268 1058 1380 1111 Καὶ
1411 1057 1573 1114 πάλιν
1604 1057 1788 1111 ἔκτισε
1815 1058 1915 1130 τὴν

288 1124 300 1161 '
331 1153 442 1222 γῆν
468 1124 551 1215 ἐις
578 1124 705 1223 εῐδη,
726 1124 892 1205 ὀκτώ.
937 1148 997 1203 '0
1031 1149 1089 1203 δὲ
1128 1150 1424 1221 ὀμοςεόρος
1462 1150 1615 1204 κάτω
1659 1124 1914 1220 βαστάζει

274 1262 289 1279 ι
325 1242 433 1294 καὶ
483 1238 622 1293 ἐπὰν
677 1237 828 1309 κάμῃ
884 1235 1203 1307 βαστάζων,
1263 1238 1482 1306 τρέμει,
1537 1235 1633 1288 xui.
1690 1232 1913 1305 σεισμοῦ

332 1334 510 1395 αἴτιος
539 1327 784 1398 γίνεσθαι
814 1326 968 1398 παρὰ
1002 1326 1098 1380 τὸν
1126 1326 1429 1397 ὡρισμένον
1461 1325 1671 1396 καιρόν.
1708 1324 1913 1379 Τούτου

326 1428 499 1481 ἓνεκα
543 1426 636 1480 τὸν
686 1425 815 1479 Υιὺν
862 1421 1029 1477 αὐτοῦ
1060 1419 1376 1475 ἀπέστειλεν
1409 1421 1443 1473 6
1489 1418 1691 1488 ἀγαθὸς
1723 1419 1915 1489 Πατὴρ

331 1523 401 1574 ὲκ
429 1520 538 1573 τῶν
565 1518 784 1573 κόλπων
811 1517 892 1580 είς
914 1514 1013 1586 τὴν
1045 1511 1269 1585 καρδίαν
1306 1512 1406 1582 τῆς
1439 1510 1566 1582 γῆς,
1607 1511 1703 1565 καὶ
1738 1511 1820 1575 είς
1845 1511 1914 1564 τὰ

330 1592 539 1681 ταύτης
575 1608 860 1663 κατώτατα
899 1606 1065 1677 μέρη.
1105 1604 1253 1667 ὅπως
1289 1600 1440 1672 αὐτῷ
1472 1601 1573 1672 τὴν
1609 1600 1917 1671 προσήκου-

335 1720 438 1756 σαν
468 1700 762 1770 ἐπιθυμίαν
793 1699 811 1730 ⁸
839 1696 916 1768 δῷ
933 1713 946 1727 ·
975 1699 1072 1750 καὶ
1093 1694 1284 1757 ὁσάκις
1310 1693 1377 1747 ἂν
1411 1691 1636 1761 σεισμὸς
1665 1692 1912 1762 γένηται,

2091 874 2279 932 XXVI.
2320 877 2461 934 Tum
2491 894 2620 935 vero
2664 889 2925 949 praeterea
2967 877 3161 935 eodem
3191 893 3221 933 a
3253 876 3461 947 Spiritu
3507 876 3589 932 lu.

2018 969 2252 1023 minaria
2287 979 2472 1025 creata
2494 1012 2508 1036 ,
2543 986 2667 1042 qua:
2700 978 2830 1027 sunt
2862 969 3061 1025 animat
3090 969 3336 1039 reliquiae
3363 986 3378 1035 ;
3408 969 3591 1037 itaque

2018 1061 2087 1115 ab
2121 1060 2218 1115 illo
2246 1062 2488 1133 perfecta
2510 1102 2525 1129 ,
2560 1070 2621 1116 ut
2657 1063 3059 1116 firmamentum
3093 1061 3424 1115 circumacta
3465 1074 3590 1128 per-

2016 1163 2324 1207 currerent.
2356 1151 2595 1208 Rursum
2621 1168 2753 1208 vero
2771 1161 2979 1208 terram
3008 1152 3273 1221 oetuplici
3300 1152 3486 1221 specie
3511 1151 3588 1204 fa-

2020 1242 2287 1300 brieasse.
2318 1245 2388 1299 At
2412 1245 2660 1315 Bajulunt
2686 1246 2829 1301 infra
2862 1245 3161 1309 sustinere,
3198 1243 3593 1315 fatigatumque

2018 1343 2252 1391 tremere
2273 1377 2289 1400 ,
2323 1352 2388 1392 ac
2418 1345 2578 1392 terrae
2603 1345 2809 1391 motum
2841 1345 3037 1407 praeter
3064 1337 3423 1393 constitutum
3455 1343 3591 1390 tent-

2020 1441 2126 1496 pus
2154 1426 2382 1484 efﬁcere.
2415 1427 2500 1484 Ob
2538 1427 2591 1483 id
2630 1428 2843 1494 bonus,
2884 1428 3098 1499 inquit,
3135 1427 3294 1483 Pater
3331 1426 3530 1482 Filium
3562 1441 3598 1491 ρ

2016 1519 2145 1574 sinu
2183 1533 2286 1575 suo
2330 1520 2386 1574 in
2427 1529 2587 1576 terra:
2630 1520 2964 1591 penetralia,
3001 1531 3166 1589 atque
3208 1519 3432 1574 intimas
3472 1519 3594 1588 ejus

2022 1616 2206 1679 partes
2251 1608 2538 1680 allegavit,
2600 1618 2660 1664 ut
2709 1610 2859 1664 illius
2902 1616 3279 1665 consentanco
3319 1606 3595 1662 desiderio

2020 1698 2409 1762 satisfaceret;
2441 1709 2495 1755 et
2526 1700 2744 1768 quoties
2776 1707 2923 1754 terra
2960 1706 3172 1765 movet,
3205 1697 3289 1753 vel
3320 1697 3412 1752 ille
3441 1698 3594 1751 labo-

330 1792 370 1861 ἢ
396 1790 590 1861 τρέμει
616 1787 863 1856 κάμνων,
888 1785 924 1856 ἢ
957 1784 1233 1855 άντιφέρει
1272 1783 1353 1846 είς
1390 1780 1482 1835 τὸν
1520 1780 1704 1852 ἕτερον
1740 1774 1911 1850 ὦμον.

2019 1804 2152 1844 rans
2186 1791 2407 1853 tremit,
2440 1790 2527 1845 vel
2558 1804 2699 1846 onus
2732 1789 2787 1844 in
2827 1791 3059 1843 alterunt
3090 1789 3378 1843 humerum
3412 1797 3596 1842 trans-

332 1883 473 1936 Τότε
497 1881 677 1935 τοίνυν
708 1880 802 1933 καὶ
840 1880 875 1949 ἡ
906 1877 1006 1949 ὓλη
1045 1876 1141 1945 ἀφ’
1173 1875 1371 1946 ἑαυτῆς
1418 1872 1598 1927 ἔκτισε
1643 1872 1714 1926 τὰ
1740 1871 1912 1941 φυτά·

333 1974 433 2027 καὶ
482 1970 806 2042 συλωμένων
849 1967 1032 2024 αὐτῶν
1077 1966 1188 2022 ἀπό
1232 1982 1393 2019 τινων
1434 1963 1734 2035 ἀρχόντων,
1782 1961 1915 2016 ἐκά-

334 2064 461 2117 λεσε
511 2063 720 2126 πάντας
762 2061 890 2124 τοὺς
936 2058 1045 2112 τῶν
1075 2058 1363 2129 ἀρχόντων
1410 2054 1772 2127 πρωτίστους,
1822 2053 1919 2106 καὶ

334 2156 528 2211 ἔλαϐεν
578 2154 672 2209 ἀπ’
722 2152 905 2207 αὐτῶν
958 2151 1064 2206 ἀνὰ
1146 2150 1274 2221 μίαν
1322 2148 1553 2218 δύναμιν
1570 2187 1586 2213 ,
1638 2144 1733 2199 καὶ
1786 2160 1888 2197 κατ
1904 2175 1919 2187 -

335 2248 603 2304 εσκεῦασε
644 2247 737 2301 τὸν
781 2244 1096 2316 ἄνθρωπον,
1143 2241 1237 2295 τὸν
1272 2241 1414 2294 κατὰ
1471 2239 1570 2309 τὴν
1624 2237 1767 2292 ἰδέαν
1822 2235 1916 2289 τοῦ

338 2340 559 2412 πρώτου
591 2337 879 2411 ἀνθρώπου
912 2334 1144 2398 ἐκείνου,
1184 2333 1280 2387 καὶ
1315 2330 1472 2402 ἔδησε
1507 2330 1608 2402 τὴν
1651 2327 1828 2400 ψυχὴν
1859 2329 1917 2382 ἐν

340 2431 510 2501 αὐτῷ.
544 2428 692 2493 Αὕτη
719 2428 836 2481 ἐστὶ
868 2426 970 2497 τῆς
998 2425 1351 2497 συγκράσεως
1392 2424 1427 2493 ή
1480 2419 1758 2484 ὑπόθεσις.
1785 2420 1916 2472 Ὅτε

336 2525 397 2578 ἃ
423 2519 562 2577 εἶδεν
596 2522 627 2574 6
661 2520 850 2591 Πατὴρ
885 2521 916 2573 6
963 2518 1071 2582 ζῶν
1120 2517 1442 2589 θλιϐομένην
1488 2516 1589 2587 τὴν
1630 2513 1806 2587 ψυχὴν
1859 2515 1917 2569 ἔν

334 2615 418 2687 τῷ
451 2613 683 2682 σώματι,
713 2610 1085 2681 εΰσπλαγχνος
1125 2610 1203 2664 ὢν
1251 2610 1346 2663 καὶ
1393 2608 1516 2680 ἔλεή
1526 2625 1663 2680 μων,
1703 2605 1916 2678 ἔπεμψε

335 2708 431 2759 τὸν
478 2705 600 2758 Tib»
630 2701 794 2758 αὑτοῦ
841 2700 934 2755 τὸν
977 2699 1333 2772 ἠγαπημένον
1372 2701 1452 2763 εἰς
1504 2698 1781 2770 σωτηρίαν
1814 2698 1917 2768 τῆς

332 2789 537 2867 ψυχῆς.
576 2794 675 2849 Διὰ
705 2794 814 2866 γὰρ
843 2790 1045 2864 ταύτην
1079 2792 1178 2864 τὴν
1218 2791 1509 2863 πρόφασιν,
1557 2791 1652 2845 καὶ
1694 2790 1786 2844 τὸν
1822 2790 1916 2843 τοῦ

351 2888 650 2960 Ὦμοφόρου
680 2885 993 2941 ἀπέστειλεν
1021 2884 1202 2939 αὐτόν.
1238 2884 1349 2938 Καὶ
1374 2882 1543 2938 ἐλθὼν
1570 2885 1600 2938 6
1627 2883 1753 2948 Υίὸς
1788 2898 1918 2953 μετ·

334 2979 706 3050 εσχημάτισεν
743 2976 934 3032 ἑαυτὸν
978 2978 1058 3042 εἰς
1100 2973 1389 3047 ἀνθρώπου
1431 2970 1593 3039 εἶδος,
1626 2975 1722 3029 καὶ
1757 2972 1915 3042 ἐφαί-

334 3087 462 3125 νετο
504 3072 616 3133 τοῖς
662 3068 968 3140 ἀνθρώποις
1016 3067 1321 3139 ἄνθρωπος,
1363 3066 1438 3138 μὴ
1483 3066 1560 3121 ὢν
1600 3066 1911 3136 ἄνθρωπος’

340 3163 439 3218 καὶ
467 3164 517 3216 οἱ
542 3161 814 3232 ἄνθρωποι
845 3160 1227 3232 ὑπελάμδανον
1259 3159 1421 3213 αὐτὸν
1452 3158 1832 3229 γεγεννῆσθαι.

424 3253 623 3310 Ἐλθὼν
650 3249 743 3307 οὖν
775 3255 1010 3306 ποιεῖται
1046 3252 1145 3322 τὴν
1176 3250 1533 3323 δημιουργίαν
1570 3250 1706 3324 πρὸς
1741 3266 1917 3320 σωτη-

342 3348 464 3418 ρίαν
492 3345 600 3400 τῶν
621 3344 830 3416 ψυχῶν,
862 3346 956 3399 καὶ
986 3345 1231 3416 μηχανὴν
1274 3344 1635 3415 συνεστήσατο
1687 3343 1917 3412 ἔχουσαν

336 3433 547 3488 δώδεκα
576 3434 796 3499 κάδους·
830 3435 972 3505 ἥτις,
1007 3435 1112 3488 ὑπὸ
1141 3435 1238 3506 τῆς
1282 3434 1516 3505 σφαίρας
1555 3434 1913 3506 στρεφομένη.

339 3528 602 3598 ἀνιμᾶται
624 3527 733 3581 τῶν
761 3527 1098 3599 θνησκόντων
1126 3526 1225 3591 τὰς
1260 3528 1455 3599 ψυχάς.
1498 3522 1609 3580 Καὶ
1646 3526 1846 3588 ταύτας
1888 3526 1917 3576 6

343 3617 520 3688 μέγας
559 3616 802 3689 φωστὴρ,
839 3621 959 3681 ταῖς
996 3619 1179 3672 ἀκτῖσι
1218 3616 1429 3683 λαϐὼν,
1487 3617 1772 3688 καθαρίζει
1823 3617 1917 3669 καὶ

342 3710 669 3782 μεταδίδωσι
713 3712 780 3782 τῇ
836 3711 1061 3785 σελήνῃ·
1111 3710 1205 3766 καὶ
1251 3711 1422 3777 οὕτως
1465 3712 1767 3783 πληροῦται
1816 3708 1920 3778 τῆς

341 3805 573 3876 σελήνης
618 3807 647 3857 6
691 3805 894 3870 δίσκος,
925 3807 955 3859 6
1000 3805 1131 3877 παρ’
1179 3807 1311 3876 ἡμῖν
1355 3803 1911 3877 προσαγορευόμενος.

339 3895 511 3947 Πλοῖα
544 3895 670 3966 γὰρ,
696 3895 814 3965 ἦτοι
835 3895 1108 3968 πορθμεῖα
1141 3890 1279 3949 εἶναι
1320 3896 1467 3963 λέγει
1510 3895 1635 3958 τοὺς
1674 3894 1768 3948 δύο
1801 3911 1914 3963 φω-

341 3984 567 4054 στῆρας.
632 3978 765 4038 Εἶτα
813 3985 908 4039 ἐὰν
963 3984 1196 4055 γεμισθῇ
1254 3986 1288 4054 ἡ
1347 3986 1565 4055 σελήνη,
1635 3999 1910 4053 μεταπορ-

341 4076 535 4147 θμεύει
560 4077 641 4139 εἰς
678 4074 992 4146 ἀπηλιώτην
1011 4091 1025 4106 ⁸
1053 4076 1149 4129 καὶ
1193 4074 1364 4138 οὕτως
1389 4075 1720 4146 ἀπόκρουσιν
1746 4078 1916 4129 ποιεῖ-

338 4185 431 4221 ται
472 4160 565 4220 τοῦ
608 4166 778 4238 γόμου
816 4167 1245 4238 ὲλαφρυνομένη,
1297 4167 1392 4221 καὶ
1432 4166 1576 4219 οὕτω
1627 4166 1824 4237 πληροῖ
1855 4164 1916 4220 τὸ

341 4257 658 4329 πορθμεῖον,
708 4258 802 4309 καὶ
850 4255 1012 4310 πάλιν
1051 4256 1355 4326 άπογομοῖ,
1407 4257 1767 4326 ἀνιμωμένων
1804 4256 1915 4309 ὑπὸ

338 4350 449 4405 τῶν
476 4350 651 4404 κάδων
677 4350 786 4401 τῶν
812 4346 1019 4420 ψυχῶν,
1046 4349 1204 4420 ἄχρις
1245 4340 1306 4401 οὗ
1349 4347 1409 4400 τὸ
1457 4348 1587 4401 ἴδιον
1623 4347 1787 4401 αὐτοῦ
1821 4348 1916 4417 μὲ-

343 4461 439 4516 ρος
468 4442 628 4496 σώσει
650 4441 752 4510 τῆς
781 4440 978 4511 ψυχῆς.
1023 4439 1136 4509 Τῆς
1173 4438 1281 4509 γὰρ
1324 4438 1418 4491 τοῦ
1464 4437 1672 4543 ἀγαθιίὗ
1708 4438 1914 4509 πατρὸς
1944 4485 1990 4543 D

338 4535 527 4597 οὐσίας
560 4535 738 4586 πᾶσαν
762 4530 936 4601 ψυχὴν
978 4529 1072 4582 καὶ
1111 4529 1220 4583 πᾶν
1265 4529 1581 4598 κινούμενον
1617 4527 1755 4591 ζῶον
1786 4545 1913 4598 μετ-

339 4628 489 4695 έχειν
533 4623 698 4691 λέγει.
747 4623 858 4693 Τῆς
892 4617 984 4675 οὗν
1021 4620 1251 4692 σελήνης
1281 4620 1664 4691 μεταδιδούσης
1700 4620 1791 4674 τὸν
1822 4621 1915 4689 76-

339 4735 445 4788 μον
467 4715 575 4768 τῶν
596 4713 779 4783 ψυχῶν
812 4716 923 4776 τοῖς
949 4712 1120 4766 Αίῶσι
1168 4710 1264 4765 τοῦ
1296 4712 1527 4783 Πατρὸς,
1562 4712 1913 4782 παραμένουη

340 4824 425 4859 σιν
460 4809 515 4860 ὲν
544 4806 624 4876 τῷ
656 4804 836 4875 στύλῳ
868 4805 967 4874 τῆς
1009 4802 1187 4874 δόξης,
1215 4804 1275 4868 ὅς
1306 4803 1549 4859 καλεῖται
1593 4803 1701 4875 ἀὴρ
1755 4805 1785 4857 6
1824 4804 1914 4858 τέ-

335 4894 499 4958 λειος.
541 4894 599 4949 Ὀ
633 4894 692 4948 δὲ
744 4894 854 4965 ἀὴρ
887 4888 1040 4957 οὗτος
1082 4891 1271 4957 στύλος
1312 4892 1431 4946 ἐστὶ
1476 4894 1686 4963 φωτός’
1723 4894 1909 4965 ἐπειδὴ

334 4990 499 5057 γέμει
552 4986 738 5057 ψυχῶν
786 4985 895 5040 τῶν
947 4984 1410 5057 καθαριζομένων.
1465 4983 1615 5058 Αὕτη
1667 4986 1817 5040 ἐστὶν
1876 4987 1910 5057 ἡ

334 5081 508 5141 αἰτία,
538 5079 605 5133 δι’
627 5074 696 5151 ἦς
719 5079 777 5133 αῖ
805 5078 972 5149 ψυχαὶ
1011 5077 1291 5143 σώζονται.

405 5169 533 5223 ΚΖ’.
580 5169 641 5222 Ἦ
669 5169 727 5222 δὲ
769 5168 831 5220 τὸ
874 5170 895 5199 ⁸
932 5168 1220 5222 ἀποθανεῖν
1267 5169 1394 5232 τοὺς
1436 5167 1756 5240 ἀνθρώπους
1794 5169 1911 5222 ἐστὶ

332 5260 497 5313 πάλιν
533 5259 701 5330 αὕτη·
734 5258 1008 5331 Παρθένος
1043 5278 1126 5324 τις
1164 5259 1342 5331 ὡραία
1378 5260 1787 5331 κεκοσμημένη,
1821 5279 1910 5314 πι-

334 5352 470 5424 θανὴ
499 5353 666 5415 πάνυ,
704 5351 871 5422 συλᾷν
904 5352 1170 5422 ἐπιχειρεῖ
1208 5351 1334 5415 τοὺς
1384 5352 1650 5423 ἄρχοντας
1682 5353 1808 5416 τοὺς
1852 5353 1910 5405 ἔν

329 5444 409 5515 τῷ
451 5442 790 5514 στερεώματι
832 5441 940 5496 ὑπὸ
977 5440 1073 5495 τοῦ
1115 5440 1315 5508 ζῶντος
1360 5442 1678 5513 Πνεύματος
1727 5444 1911 5496 ἀνενε-

330 5536 560 5606 χθέντας
584 5535 680 5589 καὶ
712 5533 1140 5605 σταυρωθέντας.
1173 5533 1475 5605 Φαινομένη
1499 5533 1556 5587 δὲ
1580 5536 1691 5596 τοῖς
1716 5535 1910 5606 ἄρρεσι

328 5629 521 5696 θήλεια
558 5626 854 5700 εὔμορφος,
894 5630 1013 5691 ταῖς
1055 5626 1113 5680 δὲ
1160 5624 1398 5698 θηλείαις
1446 5626 1660 5691 νεανίας
1702 5627 1911 5701 εὐειδὴς

1943 3153 1994 3216 C

2019 1882 2147 1935 fert.
2177 1879 2281 1935 Per
2317 1880 2457 1936 idem
2492 1891 2709 1951 tempus
2748 1881 2976 1936 materia
3005 1882 3208 1952 stirpes
3235 1895 3302 1936 ex
3331 1894 3454 1936 sese
3474 1894 3597 1953 pro-

2017 1973 2265 2038 creavit;
2317 1987 2460 2043 quas
2500 1988 2631 2028 cum
2683 1974 2929 2028 nonnulli
2940 1973 3232 2044 principes
3264 1971 3596 2043 diriperent.

2016 2065 2337 2119 convocatis
2388 2064 2481 2117 illa
2530 2065 2839 2134 principum
2892 2064 3268 2133 primoribus,
3312 2077 3480 2118 unam
3529 2064 3598 2117 ab

2018 2154 2254 2223 singulis
2307 2156 2569 2209 virtutem
2624 2155 2866 2224 accepit,
2922 2155 3310 2224 hominemque
3349 2153 3598 2209 condidit

2018 2241 2085 2297 ad
2118 2244 2283 2314 primi
2320 2244 2468 2300 illius
2498 2244 2737 2299 hominis
2776 2244 3078 2314 exemplar,
3126 2246 3213 2298 cui
3256 2251 3314 2299 et
3355 2245 3595 2300 animam

2019 2335 2268 2407 illigavit.
2302 2334 2586 2406 Ejusmodi
2621 2335 3024 2392 rommistiunis
3051 2345 3137 2392 est
3165 2337 3327 2392 ratio.
3372 2337 3478 2393 Sed
3513 2338 3596 2390 vi-

2016 2444 2120 2484 vus
2153 2428 2338 2497 Pater,
2369 2429 2514 2500 quod
2550 2429 2789 2484 animam
2824 2429 2880 2483 in
2912 2443 3148 2499 corpore
3179 2429 3433 2485 alllietam
3482 2444 3596 2484 cer-

2017 2529 2195 2586 neret,
2231 2529 2292 2575 ut
2321 2532 2407 2578 est
2435 2522 2750 2578 misericors
2780 2537 2845 2577 ac
2879 2522 3170 2592 benignus,
3200 2521 3585 2577 charissimam

2018 2614 2123 2669 sibi
2153 2611 2350 2669 Filium
2380 2614 2447 2668 ad
2478 2613 2628 2669 illius
2664 2612 3092 2683 recuperandam
3124 2614 3352 2669 salutem
3383 2613 3584 2668 emisit.

2019 2703 2174 2760 [Iane
2199 2707 2345 2761 enim
2384 2706 2457 2761 ob
2483 2720 2706 2761 causam
2733 2746 2750 2772 ,
2783 2704 2946 2760 simul
2979 2712 3033 2759 et
3063 2703 3235 2774 Bajuli
3284 2705 3455 2776 gratia
3492 2706 3594 2757 mi-

2020 2798 2163 2854 sisse
2193 2797 2413 2853 dicitur.
2447 2795 2618 2868 Igitur
2644 2795 2817 2852 Filius
2858 2795 3154 2852 adveniens
3198 2811 3321 2852 sese
3360 2795 3596 2849 hominis

2017 2887 2076 2941 in
2106 2886 2336 2958 figuram
2367 2887 2673 2949 convertit.
2709 2894 2873 2957 atque
2914 2885 3155 2943 hominis
3192 2887 3390 2943 similis
3418 2885 3595 2940 homi-

2018 2978 2185 3035 nibus
2213 2980 2495 3050 apparuit,
2525 2979 2654 3034 licet
2683 2979 2847 3035 homo
2878 2993 2987 3034 non
3017 2988 3165 3035 esset
3192 2997 3208 3045 ;
3235 2978 3596 3048 cumdemque

2020 3069 2265 3140 genitum
2295 3083 2419 3126 esse
2446 3068 2698 3125 homines
2726 3068 2891 3139 vulgo
2925 3066 3302 3123 crediderunt.

2092 3251 2281 3321 Itaque
2316 3266 2441 3305 mox
2472 3259 2532 3305 ut
2565 3251 2840 3317 accessit,
2881 3265 3019 3322 opus
3044 3251 3325 3323 quoddam
3367 3251 3433 3306 ad
3476 3254 3596 3307 ani-

2019 3358 2234 3399 marum
2283 3343 2516 3399 salutem
2558 3344 2785 3398 molitus
2829 3351 2952 3408 est,
3002 3344 3422 3414 macltinamque
3464 3362 3596 3399 con-

2017 3433 2262 3500 struxit;
2295 3434 2351 3487 in
2396 3450 2504 3503 qua
2550 3434 2672 3489 cadi
2720 3442 2879 3488 erant
2921 3433 3249 3504 duodecim:
3289 3452 3407 3503 quae
3449 3438 3595 3505 globi

2019 3523 2310 3594 cujusdam
2350 3524 2653 3594 agitatione
2682 3537 2950 3579 conversa
2993 3533 3334 3579 mortuorum
3379 3527 3595 3581 animas

2018 3624 2237 3671 sursum
2260 3615 2471 3693 evehit,
2499 3629 2605 3684 qua
2633 3631 2888 3687 magnum
2923 3614 3054 3669 illud
3087 3615 3240 3671 sidus
3272 3616 3443 3671 radiis
3474 3618 3593 3672 suis

2018 3716 2275 3779 exceptas
2300 3722 2368 3761 ac
2397 3717 2715 3779 repurgatas
2736 3708 2790 3762 in
2816 3708 2998 3762 lunam
3025 3714 3380 3777 transportat.
3402 3707 3481 3761 Ita
3510 3706 3592 3773 ﬁt,

2019 3810 2079 3855 ut
2115 3801 2279 3869 hujus
2307 3801 2458 3856 orbis
2487 3800 2800 3871 impleatur,
2833 3799 2927 3869 qui
2961 3799 3147 3855 discus
3176 3814 3206 3854 a
3242 3801 3400 3855 nobis
3435 3801 3596 3870 vulgo

2015 3877 2239 3949 dicitur.
2268 3891 2492 3964 Navigia
2521 3893 2721 3963 quippe
2751 3901 2805 3947 et
2832 3904 3103 3963 pontones
3131 3893 3238 3948 duo
3264 3908 3385 3947 esse
3416 3893 3594 3947 sidera

2016 3984 2106 4039 illa
2127 3996 2335 4041 censet.
2358 3983 2567 4040 Onusta
2587 4000 2715 4040 vero
2755 3985 2882 4039 luna
2912 3984 2981 4040 ad
3021 3987 3379 4042 subsolanum
3411 3993 3592 4039 trans-

2016 4077 2185 4132 vehit.
2234 4076 2310 4129 Ita
2345 4077 2597 4147 deposito
2630 4092 2799 4131 onere
2844 4078 3074 4141 levatur,
3123 4091 3187 4131 ac
3239 4092 3457 4131 rursum
3500 4093 3595 4129 ua-

2015 4168 2218 4237 vigium
2246 4167 2414 4240 644
2444 4169 2714 4238 complet:
2757 4168 2886 4223 hinc
2931 4170 3087 4223 novis
3133 4184 3229 4239 per
3262 4169 3428 4223 cados
3470 4184 3595 4222 υνυ-

2016 4261 2121 4313 ctis
2154 4260 2351 4315 animis
2383 4261 2580 4313 iterum
2615 4269 2966 4324 exoneratur,
2996 4260 3173 4316 donec
3212 4277 3365 4315 suam
3398 4276 3462 4312 ac
3499 4276 3591 4327 pe-

2015 4351 2276 4405 culiarem
2323 4351 2521 4405 animm
2572 4359 2781 4421 partem
2826 4351 3046 4421 eripiat.
3101 4350 3311 4405 Etenim
3355 4350 3592 4403 animam

2017 4456 2255 4503 onmem,
2302 4451 2465 4511 atque
2517 4456 2679 4496 omne
2727 4440 2873 4509 quod
2920 4448 3168 4510 movetur
3212 4439 3411 4492 animal
3466 4439 3592 4492 boni

2020 4534 2168 4588 illius
2194 4533 2364 4602 patris
2387 4539 2596 4586 naturae
2626 4531 2897 4601 particeps
2926 4544 3049 4593 esse
3069 4528 3248 4583 docet.
3273 4527 3444 4581 Porro
3469 4544 3592 4581 eum

2020 4639 2160 4678 onus
2188 4622 2321 4678 illud
2345 4622 2647 4677 animarum
2677 4621 2742 4676 ad
2769 4619 2949 4675 Patris
2973 4618 3177 4675 Eones
3200 4621 3324 4675 luna
3349 4627 3595 4674 transve-

2018 4716 2195 4779 xerit,
2237 4722 2461 4770 manent
2486 4727 2563 4769 eae
2592 4714 2649 4768 in
2682 4714 2868 4785 gloria:
2898 4712 3152 4767 columna
3183 4713 3276 4783 qui
3320 4712 3594 4782 perfectus

2018 4818 2111 4861 aer
2140 4804 2362 4861 dicitur.
2392 4803 2489 4860 Est
2520 4814 2699 4860 autem
2738 4805 2826 4859 hic
2853 4819 2946 4860 aer
2979 4804 3119 4859 lucis
3149 4805 3403 4858 columna
3437 4820 3592 4874 qum-

2017 4897 2177 4965 dam;
2199 4898 2457 4968 quoniam
2486 4897 2774 4953 animabus
2797 4914 2917 4966 qum
2939 4906 3241 4967 purgantur
3263 4905 3348 4953 est
3370 4899 3589 4954 referta.
3647 4950 3650 4958 λ

2020 4993 2143 5047 Ilaec
2173 4991 2291 5062 ipsa
2316 5005 2482 5046 causa
2511 4998 2595 5046 est
2618 5005 2715 5060 per
2743 5006 2905 5061 quam
2930 4990 3155 5046 salutem
3182 4991 3375 5046 animm
3401 5007 3595 5048 conse-

2016 5092 2276 5152 quantur.

2088 5171 2304 5228 XXVII.
2343 5173 2456 5229 Cur
2497 5179 2678 5227 autem
2727 5173 3034 5227 moriantur
3078 5172 3329 5228 homines
3369 5184 3592 5228 oausam

2018 5267 2332 5337 hujusmodi
2370 5258 2631 5337 proponit
2659 5284 2671 5320 :
2696 5264 2863 5336 Virgo
2892 5264 3137 5335 quaedam
3160 5306 3174 5331 ,
3227 5266 3437 5335 inquit.
3484 5268 3592 5318 l‘or-

2017 5371 2173 5411 mosa
2222 5365 2386 5425 atque
2426 5365 2643 5425 compta
2683 5355 3178 5422 hlantlitiarumque
3212 5354 3365 5422 plena
3398 5353 3593 5421 primi

2016 5461 2115 5516 pes
2142 5461 2172 5501 a
2205 5447 2326 5501 vivo
2351 5444 2560 5517 Spiritu
2588 5445 2640 5500 in
2672 5446 3071 5500 ﬁrmamentum
3102 5445 3326 5497 edin-tus
3356 5457 3417 5494 ac
3442 5458 3489 5493 Cl
3508 5459 3588 5493 ne:

2017 5536 2241 5594 suﬂixos
2274 5538 2396 5599 suis
2437 5537 2713 5592 illecebris
2745 5537 2963 5591 allicere
2993 5534 3344 5604 aggreditur;
3380 5548 3500 5602 qua:
3533 5549 3594 5588 se

2019 5628 2268 5685 maribus
2319 5628 2703 5699 pulcherrim-.1:
2747 5627 2992 5692 fetninze,
3044 5626 3263 5679 l'etninis
3305 5639 3433 5680 vero
3476 5626 3595 5681 cle-

387 5786 403 5820 ¹
451 5783 566 5839 Vox
601 5780 692 5835 illa
724 5778 1020 5848 ἐπιθυμίαν
1065 5779 1194 5833 mihi
1234 5791 1510 5850 suspecta,
1550 5782 1913 5851 conjiciebam

2017 5781 2257 5853 ητιμίαν.
2341 5783 2362 5814 ²
2395 5782 2520 5838 Cor.
2556 5786 2668 5835 τοῦ.

617 5877 876 5936 Parnm.
932 5876 1048 5934 Gn.
1084 5876 1271 5935 XLII.

3277 5875 3311 5934 3
