4078 6448
512 381 585 438 '15
1918 380 1976 436 s.
2017 378 2121 433 EPl

2162 375 2355 433 ἰΙΛΝΙΙ
2650 424 2653 437 λ
3700 372 3772 432 78

502 498 695 570 gantis
712 503 797 552 ac?
814 495 1039 552 hirmosi
1063 495 1469 566 spceiejuvenis
1497 495 1753 558 ot‘l‘ercns,
1782 497 2082 567 principes,

2186 493 2283 549 καὶ
2313 490 2668 562 ἐπιθυμητὸς,
2704 488 2797 542 καὶ
2824 489 2873 542 oi
2906 488 3003 558 μὲν
3036 486 3315 558 ἄρχοντες.
3342 486 3547 540 ὁπόταν
3586 486 3774 550 ἴδωσιν

515 604 638 645 cum
674 604 793 643 eam
840 595 948 641 tam
993 586 1273 663 exquisito
1314 595 1512 642 ornatu
1563 587 1839 653 viderint,
1881 588 1946 641 ad
2000 586 2087 643 sui

2188 585 2358 655 αὐτὴν
2412 580 2933 651 κεκαλλωπισμένην
2953 618 2968 643 ,
3017 577 3361 649 οἰστροῦνται
3410 576 3489 648 τῷ
3541 577 3772 652 φίλτρῳ,

519 678 1227 736 desiderium-vehementer
1256 677 1524 733 accendit.
1559 675 1663 743 Qui
1696 692 1821 731 cum
1849 690 1971 732 eam
2003 692 2090 730 as-

2187 678 2283 732 καὶ
2340 676 2415 747 μὴ
2454 674 2741 745 δυνάμενοι
2787 672 2956 743 αὐτὴν
3004 672 3349 736 καταλαϐεῖν,
3412 671 3599 737 δεινῶς
3645 673 3770 742 φλέω

519 723 844 736 ..υυηω-ηη..
889 723 1216 733 .-..-----..-_.
1257 723 1524 733 _--.,.....--
1566 723 1663 743 ν-
1699 723 1821 731 η...
1852 723 1971 732 νη-
2003 723 2064 730 --

515 773 669 840 sequi
707 777 1008 839 nequeant,
1061 777 1216 824 extra
1261 777 1587 839 potestatem
1637 777 1931 833 exeuntes,
1978 784 2091 840 prta

2187 723 2512 838 ξξᾷταῗτὲῖῖ
2529 723 2820 838 ’ἱᾶἦὶέᾷ
2831 723 3295 835 ea..,"...;;¢;
3309 723 3787 849 {Eapdtajodévgq

514 878 701 915 amore
727 877 795 915 ac
818 860 1116 929 cupiditate
1141 860 1340 914 mirum
1372 859 1428 915 in
1456 859 1675 914 modum
1701 860 2084 917 exardescunt.

2189 860 2358 916 Ὅταν
2393 854 2509 924 οὖν,
2548 857 2852 929 τρεχόντων
2888 854 3091 921 αὐτῶν,
3138 857 3174 926 ἡ
3222 854 3491 926 παρθένος
3536 855 3789 927 ἄφαντοςξ

512 953 756 1024 Ciuuque
775 953 1189 1008 occurrentibus
1214 952 1322 1009 illis
1344 952 1495 1022 virgo
1519 967 1582 1006 se
1600 967 1667 1006 ex
1695 952 1910 1007 illorum
1931 966 2089 1021 aspe-

2188 952 2433 1022 γένηται.
2463 950 2584 1005 τότε
2605 951 2636 1004 ό
2654 950 2871 1019 Ἄρχων
2897 950 2928 1001 ό
2946 946 3118 1018 μέγας
3155 945 3449 1018 προϐάλλει
3481 947 3582 1012 τὰς
3615 946 3798 1025 vagat-1‘

509 1038 605 1098 'etu
640 1045 958 1099 subduxerit
979 1049 1147 1105 ,Etum
1182 1057 1413 1113 magnus
1444 1040 1708 1111 Princeps
1737 1057 1804 1096 ex
1838 1056 1961 1097 sese
1992 1057 2090 1095 nu-

2186 1044 2286 1109 λας
2315 1044 2375 1112 ἐξ
2402 1043 2590 1106 αὐτοῦ,
2618 1043 2766 1106 ὅπως
2793 1041 3019 1113 σκοτίσῃ
3054 1043 3121 1112 τῇ
3166 1041 3306 1114 ὀργῇ
3331 1039 3498 1096 αὐτοῦ
3542 1041 3635 1097 τὸν
3673 1043 3771 1096 κός

514 1136 611 1189 bes
659 1135 890 1201 emittit,
923 1143 984 1188 ut
1013 1149 1123 1203 prae
1153 1133 1435 1188 iracundia
1468 1133 1670 1187 mundo
1713 1133 1969 1191 tenebras
2002 1131 2088 1188 of-

2188 1152 2345 1206 σμον.
2377 1135 2487 1190 Καὶ
2524 1133 2697 1198 οὕτως
2737 1133 2834 1189 ὲάν
2861 1132 3022 1206 θλίϐῃ
3064 1132 3230 1196 πάνυ,
3277 1131 3527 1202 καθάπερ
3556 1132 3772 1203 ἄνθρω-

515 1226 729 1283 t‘uudat.
766 1226 943 1295 Atque
971 1225 1075 1279 hoc
1105 1223 1268 1279 modo
1296 1224 1342 1278 si
1373 1224 1748 1281 vehementius
1782 1231 2084 1294 prematur,

2186 1244 2290 1293 πος
2334 1225 2496 1298 ίδρῶν
2536 1223 2934 1280 ἀποκοποῦται.
2978 1223 3037 1277 '0
3091 1222 3150 1277 δὲ
3198 1221 3360 1293 ἱδρὼς
3412 1221 3579 1279 αὐτοῦ
3622 1224 3773 1278 ἔστιν

514 1315 752 1369 hominis
781 1313 955 1367 instar
988 1328 1051 1367 ex
1075 1312 1278 1369 sudore
1303 1313 1566 1381 lassatur,
1597 1314 1689 1384 qui
1730 1311 1952 1384 quidem
1987 1329 2084 1369 su-

2187 1319 2222 1389 ἠ
2256 1317 2444 1388 βροχή.
2478 1314 2645 1385 Ὁμοῦ
2679 1313 2776 1369 καὶ
2800 1314 2830 1367 ό
2870 1312 3131 1385 θερισμὸς
3173 1312 3360 1383 ἄρχων
3391 1310 3505 1383 (29)
3540 1311 3636 1368 ἐὰν
3676 1329 3776 1367 συ-

396 1458 403 1465 ,
511 1408 613 1462 dor
639 1407 875 1476 pluviam
923 1406 1104 1462 efﬁcit.
1152 1404 1325 1460 Sicet
1373 1407 1628 1477 princeps
1673 1406 1836 1474 alter,
1876 1404 2006 1462 Mes:

2186 1405 2324 1477 ληθῇ
2357 1405 2463 1461 ὑπὸ
2501 1405 2601 1476 τῆς
2645 1403 2936 1475 παρθένου,
2972 1402 3230 1474 καταχέει
3281 1402 3468 1474 λοιμὸν
3506 1404 3592 1473 ἐφ’
3639 1404 3775 1474 ὅλης

511 1498 851 1566 appellatus,
895 1498 943 1551 si
990 1495 1221 1566 virginis
1260 1495 1516 1552 illecebra
1559 1497 1829 1566 capiatur.
1872 1504 2086 1566 pestem

2186 1499 2286 1569 τῆς
2321 1498 2443 1570 γῆς,
2472 1499 2623 1562 ὅπως
2660 1497 2959 1553 θανατώσει
3003 1498 3130 1563 τοὺς
3170 1497 3512 1571 ἀνθρώπους.
3556 1498 3630 1557 Τὸ
3659 1499 3775 1570 γὰρ

510 1588 565 1641 iu
598 1586 909 1643 universam
937 1592 1137 1641 terram
1169 1582 1457 1654 perdendis
1484 1583 1795 1640 hominibus
1819 1584 2083 1639 inunittit.

2186 1591 2350 1661 σῶμα
2398 1588 2558 1643 τοῦτο
2607 1588 2814 1659 κόσμος
2852 1586 3099 1643 καλεῖται
3145 1586 3284 1662 πρὸς
3330 1588 3423 1644 τὸν
3467 1589 3640 1661 μέγαν
3677 1589 3772 1643 κό-

509 1676 790 1746 Siquidem
836 1690 1040 1745 corpus
1062 1673 1208 1729 istud
1236 1687 1359 1730 cum
1409 1674 1613 1742 majore
1638 1673 1840 1727 mundo
1865 1687 2087 1743 compa-

2188 1696 2347 1750 σμον.
2377 1679 2489 1732 Καὶ
2520 1678 2572 1731 oi.
2602 1677 2880 1749 ἄνθρωποι
2931 1676 3133 1740 πάντες
3174 1675 3329 1747 ῥίζας
3369 1676 3572 1748 ἔχουσι,
3615 1678 3775 1735 κάτω

514 1776 691 1823 raturn
725 1764 963 1819 mundus
988 1763 1222 1833 dicitur.
1258 1763 1528 1817 (Satorum
1570 1762 1820 1819 homines
1842 1763 2082 1819 universi

2191 1768 2535 1833 συνδεθείσας
2580 1770 2694 1832 τοῖς
2729 1768 2860 1823 ἀνω.
2900 1766 3133 1823 Ὀπόταν
3166 1762 3259 1823 οὖν
3295 1766 3498 1839 συληθῇ
3530 1767 3634 1822 ὑπὸ
3666 1766 3772 1838 τῆς

514 1856 724 1911 radices
754 1855 955 1912 habent
996 1852 1140 1909 infra
1182 1868 1307 1906 cum
1357 1851 1732 1923 superioribus
1781 1868 2080 1910 connexus.
2116 1846 2124 1900 1

2186 1860 2480 1930 παρθένου,
2508 1859 2632 1913 τότε
2668 1859 2895 1930 ἄρχεται
2943 1857 3168 1913 κόπτειν
3203 1856 3303 1921 τὰς
3340 1854 3500 1928 ῥίζας
3529 1856 3638 1911 τῶν
3663 1858 3768 1912 ἀν-

513 1948 681 2018 lgitur
714 1962 839 2001 cum
886 1961 918 1999 a
968 1945 1179 2015 virgine
1226 1944 1491 2014 pellectus
1541 1953 1845 2014 eaptu~que
1883 1944 2080 2010 fuerit,

2185 1949 2439 2022 θρώπων.
2482 1948 2595 2003 Καὶ
2639 1948 2766 2005 ὅταν
2803 1945 3044 2003 κοπῶσιν
3083 1947 3142 2001 αι
3198 1946 3346 2019 ῥίζαι
3395 1946 3601 2012 αὐτῶν,
3637 1945 3767 2001 τότε

513 2048 645 2092 tunc
692 2037 971 2091 hominum
1022 2041 1314 2105 amputare
1350 2033 1564 2089 radices
1608 2034 1834 2106 incipit;
1879 2036 2082 2105 quibus

2182 2044 2409 2112 ἄρχεται
2452 2040 2640 2112 λοιμὸς
2668 2039 2934 2109 γίνεσθαι,
2969 2040 3066 2097 καὶ
3097 2038 3270 2105 οὕτως
3306 2038 3766 2111 ἀποθνήσκωσιν.

507 2127 742 2183 succisis
766 2167 778 2189 ,
817 2126 1129 2197 pestilentia
1175 2132 1482 2194 grassatur,
1535 2125 1719 2194 itaque
1749 2126 2078 2183 moriuntur.

2197 2133 2322 2187 Ἐὰν
2356 2131 2413 2186 δὲ
2461 2114 2530 2186 τά
2575 2129 2689 2187 ἀνω
2732 2130 2833 2201 τῆς
2881 2131 3038 2204 ῥίζης
3070 2130 3216 2200 πόνῳ
3256 2129 3516 2204 σαλεύσῃ,
3543 2129 3768 2203 σεισμὸς

509 2218 665 2285 Quod
697 2218 745 2272 si
778 2217 1066 2288 superiora
1110 2216 1314 2270 radicis
1364 2229 1475 2286 pra:
1510 2214 1699 2271 latore
1738 2217 2081 2286 quatiuntur.

2184 2222 2426 2292 γίγνεταί
2457 2239 2517 2277 τε
2548 2223 2640 2279 καὶ
2680 2222 3056 2289 ὶπακολουθεί,
3086 2221 3511 2294 συγκινουμὲνου
3537 2221 3640 2294 μὲν
3665 2220 3769 2278 τοῦ

508 2321 668 2365 terra:
693 2316 874 2364 motus
898 2307 1278 2376 consequitur,
1307 2320 1418 2377 quo
1439 2305 1663 2377 Bajulus
1690 2307 1852 2362 etiam
1878 2323 2083 2367 concuv

1728 2307 1852 2361 tiam
1878 2323 2083 2367 concuv
2196 2314 2514 2386 Ὠμοφόρου.
2541 2313 2692 2387 Δῦτη
2719 2316 2754 2387 ἡ
2784 2314 2934 2371 αίτία
2960 2313 3054 2371 τοῦ
3084 2314 3338 2375 θανάτου.

509 2404 658 2459 titur.
698 2399 770 2453 Ea
798 2414 964 2453 causa
994 2398 1187 2454 mortis
1219 2407 1324 2454 est.
3170 2436 3175 2443 .
3710 2455 3717 2462 _

579 2490 819 2547 XXVIII.
862 2488 1020 2544 Nunc
1045 2488 1179 2543 illud
1209 2488 1369 2544 vobis
1396 2504 1662 2560 exponam
1687 2529 1702 2553 ,
1729 2487 2082 2560 quemadmo-

2254 2493 2387 2547 KH'.
2420 2491 2563 2563 Ἐρῶ
2611 2491 2667 2546 δὲ
2712 2492 2843 2563 ὑμῖν
2881 2492 2976 2547 καὶ
3020 2492 3197 2560 τοῦτο,
3232 2493 3350 2557 πῶς
3373 2492 3765 2564 μεταγγίζεται

506 2584 635 2638 dum
671 2582 855 2636 anima
905 2578 1148 2650 quinque
1181 2577 1237 2632 in
1268 2592 1499 2647 corpora
1545 2577 1986 2632 transfundatur.
2021 2575 2081 2634 lu

2184 2585 2218 2654 ἡ
2249 2581 2396 2651 ψυχὴ
2426 2582 2506 2645 είς
2535 2578 2697 2633 πέντε
2727 2577 2976 2651 σώματα.
3014 2578 3239 2655 Πρῶτον
3280 2578 3631 2655 καθαρίζεται
3667 2595 3764 2649 μι-

509 2674 701 2743 primis
752 2671 898 2726 enim
946 2684 1072 2741 pars
1113 2668 1262 2723 illius
1297 2668 1494 2740 exigua
1547 2677 1893 2737 repurgatur.
1938 2669 2079 2721 Tum

2184 2673 2315 2744 κρόν
2361 2688 2415 2725 τι
2458 2670 2553 2725 ἀπ’
2577 2670 2776 2743 αὑτῆς*
2820 2664 2941 2724 εἶτα
2974 2658 3359 2741 μεταγλίίζετᾳι
3401 2671 3694 2743 είςηκυνὸς,
3724 2671 3764 2742 ἢ

509 2767 561 2819 in
593 2763 748 2817 canis
792 2762 875 2816 vel
920 2758 1114 2814 cameli
1168 2758 1251 2813 vel
1301 2758 1527 2813 alterius
1575 2758 1831 2813 animalis
1876 2772 2080 2828 corpus

2182 2765 2262 2828 είς
2292 2762 2562 2834 καμήλου,
2594 2761 2627 2833 ἢ
2657 2762 2738 2826 είς
2764 2761 2953 2834 ἑτέρου
2985 2760 3125 2829 ζώου
3153 2761 3330 2833 σῶμα.
3372 2762 3498 2817 Ἐἀν
3520 2762 3575 2816 δὲ
3600 2757 3635 2834 ᾗ
3663 2778 3768 2816 πε-

508 2854 858 2910 transfertur.
890 2851 969 2907 Ac
995 2851 1041 2907 si
1066 2850 1420 2905 homicidium
1450 2850 1637 2905 anima
1661 2850 2078 2921 perpelraverit,

2182 2854 2473 2922 φονευκυῖα
2515 2851 2686 2924 ψυχὴ,
2735 2853 2814 2918 είς
2863 2851 3106 2922 κελεφῶν
3154 2850 3312 2923 σῶμα
3359 2851 3763 2925 μεταφέρεταιο

508 2949 561 3001 iu
595 2944 949 3015 celephorum
1021 2955 1222 3012 corpus
1264 2938 1613 2997 transfertur.
1671 2940 1730 2995 Si
1781 2939 2079 2996 messuisse

2181 2944 2275 3000 ἐὰν
2304 2944 2363 2998 δὲ
2387 2943 2652 3016 θερίσασα
2679 2943 2899 3016 εὑρεθῇ,
2929 2945 3009 3009 είς
3039 2943 3380 3016 μογιλάλους.
3404 2943 3526 3019 ,Τῆς
3559 2943 3615 2997 δὲ
3651 2942 3759 3014 eo-

506 3035 966 3106 deprehendatur,
1022 3034 1078 3088 in
1128 3031 1322 3087 balbos
1369 3044 1435 3086 ac
1487 3031 1670 3103 lingua
1728 3030 2076 3101 praepeditus.

2181 3036 2282 3107 χῆς
2309 3038 2425 3090 ὲστι
2456 3035 2525 3089 τὰ
2554 3035 2794 3107 ὀνόματα
2825 3033 3197 3103 ταῦτα’·νοῦς,
3239 3033 3440 3101 ἔννοια,
3476 3036 3761 3109 φρόνησις,

506 3131 715 3184 Animae
743 3142 871 3181 vero
900 3126 1016 3180 haec
1046 3125 1165 3196 ipsa
1193 3122 1416 3177 nomina
1448 3131 1577 3179 sunt
1602 3137 1618 3175 :
1655 3134 1810 3177 mens
1829 3162 1843 3185 .
1888 3122 2041 3175 notio
2061 3161 2077 3185 ,
2108 3189 2116 3203 Α

2182 3127 2519 3199 ὲνθύμησις,.
2540 3126 2820 3199 λογισμός.
2854 3127 2917 3182 Oi
2968 3125 3026 3179 δὲ
3060 3126 3328 3197 θερισταὶ,
3360 3127 3474 3180 ὅσοι
3515 3125 3762 3203 θερίζου-

507 3220 863 3292 intelligentia
882 3258 898 3283 ,
1124 3215 1410 3289 cogitatio,
1437 3214 1803 3269 ratiocmatio.
1835 3216 1905 3269 At
1933 3230 2078 3271 mes-
2106 3189 2117 3238 ⁴

2186 3237 2292 3286 σιν,
2313 3184 2554 3274 ’ἐοίκασι
2761 3184 2991 3290 ἀρχουσι
3039 3184 3151 3295 τοῖς
3192 3184 3447 3291 ἀπαρχῆς
3478 3184 3762 3289 ρῦσίνέίς

505 3329 695 3378 sorcs,
722 3311 1036 3382 quicunque
1059 3314 1304 3373 metunt,
1336 3306 1645 3383 principum
1681 3307 1890 3362 sinules
1922 3313 2075 3371 sunt,

2186 3311 2397 3375 σκότος,
2428 3311 2515 3365 ὅτε
2552 3310 2753 3383 ἔφαγον
2803 3310 2868 3363 ὲκ
2915 3308 3016 3379 τῆς
3056 3305 3150 3362 τοῦ
3201 3298 3419 3378 πρώτου
3444 3307 3759 3379 ,ἀνθρώπου

502 3409 596 3478 qui
630 3407 684 3460 in
717 3404 958 3460 tenebris
997 3402 1108 3472 jam
1139 3408 1255 3455 tum
1289 3400 1358 3455 ab
1390 3399 1547 3457 initio
1595 3408 1905 3479 versantur,
1949 3415 2075 3457 cum

2182 3402 2501 3468 πανοπλίας.
2551 3402 2642 3457 Διὸ
2693 3402 2908 3473 ἀνάγκη
2954 3401 3152 3466 αὐτοὺς
3206 3384 3632 3473 μεταγγισθῆναι
3677 3401 3758 3466 είς

503 3499 664 3569 primi
704 3495 946 3550 hominis
995 3499 1331 3549 armaturam
1377 3490 1698 3547 adederunt.
1735 3490 1860 3546 Ideo
1890 3498 2075 3549 trans-

2185 3494 2396 3568 χόρτον,
2443 3493 2478 3564 ἢ
2527 3494 2608 3558 είς
2663 3491 2922 3563 φασήλια,
2971 3491 3006 3563 ἢ
3057 3493 3137 3555 είς
3190 3490 3405 3562 κριθὴν,
3444 3489 3591 3565 ἢείς
3626 3490 3759 3543 στά-

504 3590 711 3661 portari
748 3588 872 3640 illos
927 3585 981 3639 in
1027 3582 1210 3638 fenum
1243 3589 1340 3636 aut
1372 3581 1627 3653 phaselos
1669 3592 1764 3636 aut
1808 3583 2075 3640 hordeum

2181 3583 2363 3656 χυν,ῆ
2399 3585 2478 3647 εἰς
2517 3583 2742 3654 λάχανα,
2783 3583 2868 3637 ίνα
2905 3580 3194 3653 θερισθῶσι
3228 3582 3322 3637 καὶ
3363 3579 3591 3634 κοπῶσι.
3645 3578 3760 3634 Καὶ

503 3692 594 3734 aut
624 3679 831 3750 spicam
861 3676 1079 3731 olerave
1106 3687 1332 3730 necesse
1355 3680 1439 3730 est
1458 3713 1473 3739 ,
1507 3682 1566 3728 ut
1594 3674 1726 3730 meti
1755 3674 2077 3745 succidique

2183 3676 2236 3728 εῐ
2286 3692 2369 3737 τις
2399 3674 2559 3728 πάλιν
2587 3672 2756 3727 ἐσθίει
2785 3672 2968 3744 ἄρτον,
3014 3672 3227 3744 ἀνάγκη
3270 3671 3364 3726 καὶ
3414 3662 3576 3727 αὐτὸν
3616 3670 3756 3743 βρω-

503 3770 736 3841 possint.
773 3765 923 3822 Pauc
958 3766 1003 3823 si
1039 3766 1164 3837 quis
1212 3763 1475 3828 vescitur,
1523 3778 1719 3833 panem
1768 3763 1914 3820 hunc
1957 3766 2074 3822 fieri

2183 3765 2343 3837 θῆναι
2384 3764 2547 3837 ἄρτον
2591 3764 2898 3837 γενόμενον.
2954 3763 3024 3818 Εἴ
3075 3781 3160 3828 τις
3206 3763 3452 3834 φονεύσει
3500 3761 3756 3834 ὀρνίθιον,

504 3867 752 3931 oportet,
778 3865 839 3914 ut
867 3866 921 3913 et
952 3858 1069 3926 ipse
1099 3854 1441 3913 comedatur.
1470 3854 1639 3911 Avem
1662 3855 1756 3926 qui
1784 3856 2073 3923 occiderit,

2180 3855 2410 3930 ὀρνίθιον
2438 3856 2608 3911 ἔσται.
2658 3857 2726 3911 Et
2763 3873 2848 3921 τις
2894 3855 3143 3935 φονεύσει
3169 3854 3295 3928 μῦν,
3331 3852 3425 3910 καὶ
3459 3854 3619 3921 αὐτὸς
3650 3853 3755 3927 μῦς

503 3953 619 4008 avis
653 3951 764 4006 llct.
803 3948 1072 4004 Similiter
1105 3947 1200 4020 qui
1244 3961 1458 4002 murem
1497 3946 1804 4014 occiderit,
1853 3948 1908 4004 in
1952 3964 2076 4003 inu-

2180 3951 2350 4009 ἔσται.
2386 3949 2454 4003 Εἴ
2475 3967 2559 4013 τις
2600 3948 2761 4004 πάλιν
2802 3948 2916 4002 ἐστὶ
2962 3946 3215 4012 πλούσιος
3262 3948 3318 4000 ἐν
3358 3946 3531 4018 τούτῳ
3552 3946 3632 4018 τῷ
3662 3944 3756 3999 κό-

505 4060 617 4100 rem
652 4041 1104 4098 commutabitur.
1137 4038 1407 4096 Praeterea
1442 4038 1488 4094 si
1529 4039 1655 4111 quis
1700 4039 1754 4094 in
1806 4040 1908 4096 hac
1959 4043 2072 4098 vita

2182 4058 2325 4113 σμῳ,
2376 4041 2473 4095 καὶ
2519 4039 2615 4094 saw
2651 4038 2843 4111 ἐξέλθῃ
2903 4038 2965 4092 ἐκ
3017 4036 3112 4092 τοῦ
3169 4036 3520 4110 σκηνώματος
3563 4035 3754 4102 αὑτοῦ,

501 4138 654 4191 dives
686 4132 850 4188 fuerit
873 4171 889 4196 ,
923 4130 1014 4184 ubi
1043 4146 1108 4184 ex
1141 4143 1372 4200 corpore
1401 4127 1721 4200 migraverit
1750 4128 1803 4184 in
1835 4129 2072 4185 mendici

2179 4132 2394 4203 ἀνάγκη
2444 4127 2608 4185 αὐτὸν
2671 4130 2750 4192 εἰς
2805 4126 3021 4200 πτωχοῦ
3082 4127 3245 4200 σῶμα
3301 4127 3757 4198 μεταγγισθῆναι.

500 4241 701 4297 corpus
734 4222 1117 4286 transferetur,
1150 4229 1209 4275 ut
1235 4219 1501 4275 oberrans
1550 4218 1748 4290 stipem
1778 4228 2033 4290 corroget
2054 4259 2069 4281 ,

2178 4223 2316 4276 ὥστε
2381 4217 2785 4293 περιπατοῦντα
2852 4218 3014 4272 αὑτὸν
3067 4217 3362 4289 ὲπαιτῆσαι
3385 4258 3402 4281 ,
3457 4216 3553 4271 καὶ
3612 4222 3753 4289 μετὰ

503 4319 739 4389 indeque
765 4314 1163 4387 sempiternum
1194 4311 1260 4366 ad
1293 4311 1619 4385 supplicium
1653 4312 1954 4382 perveniat.
1993 4312 2071 4365 Ac

2178 4313 2348 4368 ταῦτα
2391 4311 2637 4367 ἀνελθεῖν
2673 4310 2837 4365 αὐτὸν
2882 4312 2965 4375 είς
3007 4310 3225 4365 κόλασιν
3262 4307 3500 4383 αἰώνιον.
3542 4306 3651 4386 Τοῦ
3691 4306 3749 4360 δὲ

498 4424 624 4462 eum
652 4414 901 4462 nostrum
933 4401 1079 4459 ismd
1114 4416 1317 4471 corpus
1348 4400 1415 4457 ad
1449 4400 1727 4472 principes
1755 4400 2070 4455 materiam-

2179 4404 2428 4476 σώματος
2471 4403 2661 4458 τούτου
2701 4403 2854 4469 ὅντος
2885 4402 2993 4459 τῶν
3032 4401 3309 4475 ἀρχόντων
3335 4401 3429 4456 καὶ
3466 4400 3568 4472 τῆς
3596 4399 3753 4466 ὕλης,

498 4514 605 4569 que
620 4498 912 4569 pertineat,
940 4494 1034 4567 qui
1057 4491 1332 4553 Persicam
1359 4491 1608 4548 arborem
1636 4493 1865 4562 plantat,
1895 4491 2064 4546 multa
2102 4532 2108 4585 1

2138 4540 2147 4579 ,
2176 4475 2389 4565 ἀνάγκη
2424 4492 2516 4547 τὸν
2558 4491 2859 4561 φυτεύοντα
2901 4492 3138 4565 περσέαν
3177 4488 3403 4545 διελθεῖν
3444 4475 3748 4585 πολλα-σό-

496 4591 546 4644 ei
565 4602 793 4658 corpora
811 4584 1062 4641 obeunda
1075 4592 1226 4648 sunt,
1243 4582 1416 4638 donec
1430 4582 1649 4639 Persica
1670 4584 1760 4637 illa
1784 4582 2069 4638 deciderit.
2105 4578 2106 4583 “

2142 4569 2145 4574 ’
2177 4601 2344 4656 ματα,
2377 4584 2481 4647 ἕως
2505 4581 2571 4637 ἂν
2596 4582 2908 4655 καταϐληθῇ
2939 4585 2973 4654 ἠ
3011 4582 3219 4654 περσέα
3253 4579 3458 4650 ἐκείνη.
3483 4578 3547 4633 Ei
3578 4569 3635 4630 δέ
3666 4592 3752 4631 τις

499 4679 602 4745 Qui
639 4679 744 4736 sibi
774 4677 878 4748 ipsi
911 4676 1132 4730 domum
1165 4672 1431 4737 exstruit,
1470 4672 1524 4727 in
1554 4673 1807 4729 universa
1835 4687 2070 4744 corpora

2171 4673 2445 4746 οἰκοδομεῖ
2494 4674 2671 4745 ἐαυτῷ
2714 4673 2913 4738 οἰκίαν,
2963 4671 3499 4746 διασπαραχθήσεται
3545 4669 3625 4731 είς
3679 4666 3755 4720 τὰ

498 4770 853 4826 distrahetur.
888 4765 991 4832 Qui
1046 4765 1101 4819 in
1155 4779 1296 4835 aqua
1346 4763 1528 4829 lavat,
1558 4770 1845 4837 ﬁsuammet
1894 4762 2070 4832 ipsius

2170 4765 2267 4820 ὅλα
2297 4763 2543 4836 σώματα.
2590 4765 2659 4819 Et
2698 4782 2782 4830 τις
2821 4763 3043 4819 λούεται·
3069 4766 3150 4829 είς
3199 4764 3261 4818 τὸ
3301 4762 3446 4834 ὕδωρ
3481 4759 3616 4832 ('50),
3652 4756 3755 4830 τὴν

500 4860 739 4914 animam
790 4856 1065 4928 astringit.
1117 4853 1223 4921 Qui
1255 4854 1449 4910 electis
1497 4854 1670 4924 ipsius
1706 4854 1928 4925 pictatis
1968 4852 2070 4908 ali-

2173 4857 2366 4912 ὲαυτοῦ
2390 4857 2566 4928 ψυχὴν
2602 4858 2816 4927 πήσσει.
2844 4855 2957 4911 Καὶ
2982 4857 3035 4909 εί
3060 4872 3145 4919 τις
3167 4854 3231 4908 οὐ
3260 4838 3440 4931 δίδωσι
3463 4855 3574 4915 τοῖς
3600 4848 3757 4903 ἐκλε-

498 4948 644 5020 quod
679 4963 881 5004 munus
912 4962 1022 5002 non
1054 4944 1300 5008 dederit,
1330 4958 1428 5013 per
1459 4945 1660 5000 multas
1686 4947 2070 5015 generationes

2174 4950 2322 5011 κτοῖς
2355 4947 2518 5001 αὑτοῦ
2545 4947 2848 5011 εὐσέϐειαν,
2875 4944 3266 5015 κολασθήσεται
3302 4928 3381 5010 είς
3403 4928 3503 5003 τὰς
3524 4937 3754 5008 γενεὰς,

501 5051 692 5108 poenas
738 5036 1040 5104 expendet,
1086 5033 1335 5103 atquein
1381 5032 1903 5088 catechumenorum
1941 5049 2069 5090 cor-

2176 5038 2270 5092 καὶ
2313 5035 2820 5107 μετενσωματοῦται
2879 5036 2959 5099 είς
3009 5032 3430 5105 κατηχουμένων
3484 5030 3711 5100 σώματα
3736 5068 3751 5093 ,

499 5143 632 5199 pora
682 5126 971 5189 transibit,
1020 5124 1195 5179 donec
1237 5140 1462 5179 munera
1507 5127 1914 5196 quamplurima
1955 5129 2066 5183 lar-

2174 5130 2279 5193 ἒως
2332 5122 2394 5182 οὗ
2443 5128 2518 5200 δῷ
2552 5128 2834 5193 εὐσεϐείας
2880 5126 3101 5190 πολλάς.
3131 5126 3242 5180 Καὶ
3283 5123 3372 5178 διὰ
3414 5122 3574 5177 τοῦτο
3614 5120 3756 5173 εἴτι

498 5221 696 5290 giatur.
735 5215 818 5272 0b
856 5215 911 5270 id
955 5213 1202 5268 ciborum
1242 5214 1547 5285 exquisitos
1593 5232 1841 5287 quosque
1877 5217 2071 5275 electis

2174 5219 2459 5275 κάλλιστον
2503 5220 2562 5273 ὲν
2596 5218 2849 5291 βρώμασι
2891 5220 3003 5282 τοῖς
3047 5217 3321 5280 ἐκλεκτοῖς
3362 5212 3752 5285 προσφέρουσι.

496 5310 750 5364 uirorum.
3430 5308 3437 5313 ’

566 5398 770 5454 Panem
801 5405 1095 5467 antequam
1128 5395 1417 5451 comedunt
1437 5436 1452 5461 ,
1480 5398 1782 5453 orationem
1824 5399 1896 5454 ita
1933 5416 2065 5456 con-

2242 5401 2354 5456 Καὶ
2401 5401 2528 5456 ὅταν
2568 5400 2830 5473 μέλλωσιν
2875 5400 3075 5454 ἐσθίειν
3114 5399 3312 5473 ἄρτον,
3361 5384 3757 5467 προσεύχονται

495 5495 704 5562 cipiunt
729 5490 796 5545 ad
826 5504 1020 5560 panem
1047 5503 1299 5544 sermone
1328 5503 1594 5543 converso
1627 5506 1639 5542 :
1674 5487 1859 5560 Neque
1882 5506 1983 5560 ego
2009 5501 2062 5546 te

2149 5490 2389 5564 -πρῶτον
2435 5470 2582 5547 οὕτω
2623 5491 2876 5561 λέγοντες
2927 5491 3064 5563 πρὸς
3120 5470 3210 5545 τόν
3245 5470 3461 5560 ἀρτον·
3506 5485 3645 5540 Οὔτε
3691 5500 3752 5536 σε

725 5689 905 5764 Ὡμοῦ
931 5689 1029 5764 καὶ
1057 5692 1091 5764 _d
1116 5686 1394 5764 θερισμὸς
1424 5685 1654 5764 dolone.
1693 5686 1756 5764 F_.
1784 5689 2060 5764 Osptajtqc.
2171 5687 2198 5742 λ

2171 5687 2410 5764 λούεται,
2435 5692 2514 5764 είς
2534 5692 2595 5746 τὸ
2622 5691 2784 5764 ὕδωρ.
2819 5691 2881 5749 Si
2903 5691 3019 5762 quis
3053 5691 3216 5759 lavat,
3264 5690 3319 5744 in
3368 5701 3560 5758 aquam
3601 5700 3751 5741 suam

588 5686 657 5742 “2.9
729 5689 905 5757 Ὀιιοῦ
931 5689 1029 5743 καὶ
1058 5692 1091 5742 ό
1116 5686 1394 5756 θερισμὸς
1437 5686 1654 5754 ἇργων.
1693 5686 1754 5742 F.
1784 5689 2060 5762 θεριστής.
2171 5688 2175 5740 ἶ

565 5686 679 5826 ίόθζ
718 5760 787 5813 Εἴ
817 5774 905 5823 τις
960 5758 1199 5813 λούεται
1251 5758 1330 5821 εὶς
1376 5756 1441 5808 τὸ
1488 5742 1661 5825 ὕδωρ.
1718 5759 1844 5816 Cor.
1901 5759 1955 5814 εί
1980 5777 2065 5826 τις
2173 5791 2175 5810 ι

1153 5686 1394 5756 ερισμὸς
1437 5686 1654 5772 ἅρχων.
1693 5686 1754 5742 F.
1784 5689 2060 5762 θεριστής.
2171 5687 2410 5773 λούεται,
2435 5692 2514 5756 είς
2534 5692 2595 5746 τὸ
2622 5691 2763 5764 ὕδωρ

1153 5773 1199 5811 τι
1251 5758 1330 5821 εὶς
1376 5756 1441 5808 τὸ
1488 5742 1661 5825 υδωρ.
1718 5759 1844 5816 Cor.
1901 5759 1955 5814 εί
1980 5777 2065 5826 τις
2173 5763 2763 5834 constrmgitanimam.
