4078 6444
565 400 634 454 τε,
1977 374 2033 430 s.
2075 372 2420 429 Ei’ll‘llANtl
3756 378 3835 432 ao

562 517 654 560 tus
691 510 816 557 est:
862 498 1079 563 Venite,
1122 497 1388 565 faciamus
1433 494 1696 547 hominem
1743 491 1812 544 ad
1857 492 2137 558 imaginem

2245 492 2270 540 ό
2318 489 2522 541 εἰπών·
2565 490 2766 553 Δεῦτε,
2819 490 2917 543 καὶ
2960 489 3309 558 ποιήσωμεν
3342 488 3661 566 ἀναρωπον
3700 488 3834 544 κατ’

560 604 803 649 nostram
829 603 874 645 et
904 589 1327 645 simititudincm'
1351 626 1366 651 ,
1400 589 1517 641 sive
1549 586 1616 639 ad
1653 599 1774 638 eam
1805 596 1969 653 quam
2000 580 2141 634 vidi-

562 698 687 738 mus
718 696 980 744 normam,
1012 679 1325 749 Principem
1356 686 1501 740 esse,
1547 677 1641 746 qui
1673 674 1903 744 reliquis
1935 671 2138 742 princi-

560 773 723 842 pibus
751 770 980 824 dixerit:
1004 768 1227 831 Adeste,
1254 768 1380 821 date
1408 768 1538 820 mihi
1570 780 1635 821 ex
1672 764 1763 819 illa
1792 763 1913 819 luce
1931 802 1948 827 ,
1975 776 2137 832 quam

561 864 907 934 accepimus,
953 872 1005 916 et
1052 862 1317 931 {acinum
1342 860 1606 914 hominem
1636 858 1704 913 ad
1738 868 2017 920 nostrum,
2045 853 2138 924 qui

562 955 836 1025 principes
862 968 1057 1008 sumus
1076 993 1093 1017 ,
1119 949 1347 1019 efﬁgiem
1370 988 1386 1013 ,
1413 950 1630 1019 qualem
1658 948 1973 1018 aspeximus
1997 964 2013 1011 ;
2044 945 2139 1014 qui

560 1043 782 1114 quidem
808 1044 1020 1112 primus
1047 1042 1211 1095 homo
1236 1050 1322 1095 est
1342 1080 1359 1103 ,
1390 1041 1467 1094 ita
1501 1039 1777 1092 hominem
1813 1037 2136 1091 fabricasse.

563 1135 763 1190 Eadem
792 1143 847 1189 et
896 1133 1063 1188 Evam
1088 1134 1331 1187 .ratione
1374 1130 1727 1194 condidisse,
1765 1128 1930 1199 647
1978 1127 2141 1197 eique

560 1230 631 1284 de
659 1242 761 1284 sua
786 1226 1091 1296 cupiditate
1122 1223 1189 1277 ad
1220 1224 1489 1276 Adantum
1519 1220 1903 1289 decipiendum
1937 1219 2139 1287 imper-

558 1321 736 1375 tiisse.
775 1318 860 1372 Ab
905 1318 975 1372 iis
1016 1317 1185 1386 igitur
1227 1330 1292 1370 ex
1338 1314 1604 1384 principis
1651 1311 1874 1383 Opificio
1902 1311 2140 1365 mundus

559 1414 663 1468 iste
694 1409 992 1464 fahricatus
1018 1415 1124 1462 est.

628 1502 822 1557 XXXI.
872 1501 954 1555 Ad
1011 1500 1126 1553 haec
1176 1497 1345 1551 Deum
1397 1495 1537 1549 nihil
1592 1494 1795 1548 habere
1845 1509 1969 1547 cum
2034 1493 2138 1549 hoc

553 1594 763 1649 mundo
807 1605 1121 1652 commune,
1171 1602 1275 1641 nec
1317 1602 1383 1641 eo
1425 1586 1731 1649 delectari;
1771 1583 1916 1654 quod
1957 1584 2139 1653 ipsum

559 1683 855 1755 depraadati
904 1682 1016 1738 sint
1062 1678 1363 1751 principes,
1413 1691 1483 1731 ac
1533 1676 1838 1730 molestiam
1882 1676 2142 1730 exhibue-

561 1776 690 1831 rint.
718 1772 1018 1843 Propterea
1056 1768 1306 1841 quotidie
1336 1782 1434 1837 per
1474 1766 1658 1821 sidera
1695 1766 1822 1829 ista,
1866 1766 2037 1819 solem
2070 1766 2142 1817 vi-

559 1866 758 1921 delicet
786 1822 851 1917 a6
871 1822 1092 1926 lunam:
1121 1822 1359 1913 animam
1390 1870 1548 1910 suam
1579 1854 1813 1924 eripere,
1846 1855 2047 1923 quibus
2069 1853 2140 1908 ab
2173 1822 2216 1881 Β

560 1956 838 2011 sideribus
872 1952 1114 2008 mundus
1140 1953 1456 2013 universus,
1488 1964 1555 2002 ac
1575 1946 1842 2017 quidquid
1867 1953 1952 2001 est
1979 1960 2138 2000 crea-

558 2057 674 2102 tum
709 2047 986 2116 diripitur.
1021 2044 1157 2098 Eum
1196 2044 1289 2114 qui
1328 2058 1453 2096 cum
1488 2039 1694 2111 Moyse,
1736 2053 1803 2091 ac
1826 2036 2056 2097 Judieis,
2085 2043 2142 2091 et

558 2141 940 2197 sacerdotibus
983 2139 1202 2192 locutus
1234 2142 1340 2195 est,
1384 2131 1737 2186 tenebrarum
1782 2129 1956 2183 fuisse
1995 2130 2142 2198 prin-

548 2234 730 2303 cipem
759 2230 1038 2286 existimat
1066 2245 1083 2281 :
1113 2241 1180 2279 ex
1212 2239 1323 2294 quo
1348 2223 1597 2278 efficitur
1638 2219 1985 2275 Christianos
2014 2233 2140 2273 cum

550 2322 759 2379 ludatis
783 2336 849 2376 ac
877 2318 1173 2391 gentilibus
1199 2330 1368 2370 unum
1398 2322 1454 2369 (ι
1481 2313 1625 2367 idem
1655 2327 1799 2373 esse.
1833 2319 2020 2382 utpote
2044 2312 2142 2381 qui

553 2415 807 2473 eumdem
852 2411 1024 2468 Deum
1059 2418 1410 2466 venerentur.
1444 2407 1549 2474 Qui
1592 2423 1694 2477 pro
1735 2407 1855 2461 suis
1895 2407 2019 2459 illos
2044 2418 2143 2458 cu-

552 2507 884 2579 piditatibus
919 2503 1145 2572 decipit,
1187 2516 1314 2557 cum
1359 2501 1496 2556 nihil
1527 2501 1714 2554 minus
1743 2498 1817 2552 sit
1852 2512 2019 2567 quam
2050 2513 2144 2550 ve-

560 2599 743 2653 ritatis
775 2596 940 2651 Deus.
989 2594 1175 2661 Quare
1216 2593 1312 2664 qui
1361 2591 1634 2661 ejusmodi
1679 2591 1790 2646 Deo
1834 2587 2141 2651 confidunt,

550 2689 657 2759 qui
681 2704 806 2743 cum
840 2686 1048 2757 Moyse,
1077 2700 1142 2738 ac
1171 2683 1453 2754 prophetis
1482 2684 1699 2738 locutus
1733 2689 1840 2745 est,
1868 2680 2141 2735 vinciendi

558 2796 685 2836 cum
733 2780 827 2833 illo
865 2788 1016 2844 sunt,
1050 2776 1310 2847 quoniam
1358 2776 1611 2847 veritatis
1657 2776 1711 2829 in
1762 2773 1874 2828 Deo
1919 2773 2145 2827 minime

556 2872 869 2929 confidunt.
904 2869 1040 2925 Nam
1091 2869 1184 2925 ille
1240 2869 1379 2925 alter
1430 2884 1530 2940 pro
1584 2868 1853 2938 ipsorum,
1884 2867 1963 2920 uti
2008 2865 2143 2930 dixi,

556 2962 788 3020 libidine
848 2978 974 3017 cum
1017 2963 1098 3017 eis
1150 2961 1372 3016 locutus
1436 2968 1542 3016 est.
1610 2960 1743 3016 Post
1794 2960 1912 3014 hinc
1959 2957 2144 3013 omnia

562 3065 844 3124 postrequ
862 3066 927 3109 ut
945 3055 1037 3108 ille
1050 3052 1303 3124 scripsit,
1335 3053 1428 3108 ubi
1456 3068 1627 3108 senex
1656 3052 1950 3123 imaginem
1986 3065 2144 3104 suam

2241 586 2446 637 εἰκόνα
2494 585 2788 653 ἡμετέραν
2834 584 2936 638 καὶ
2993 586 3124 638 καθ’
3170 585 3482 652 ὁμοίωσιν,
3520 582 3556 653 ἢ
3596 582 3722 636 καθ’
3766 586 3837 653 ῆν

2242 674 2455 743 εἴδομεν
2493 676 2730 746 μορφὴν,
2761 677 2981 746 Ἄρχων
3007 676 3177 739 ἐστὶν,
3212 677 3243 728 6
3274 673 3445 728 εἰπὼν
3475 675 3588 737 τοῖς
3627 674 3836 746 ἑτέροις

2241 763 2521 834 ἄρχουσιν,
2551 766 2654 830 ὅτι,
2684 764 2870 828 Δεῦτε,
2896 765 3014 818 δότε
3050 782 3141 835 μοι
3178 767 3243 817 ἐκ
3282 764 3377 818 τοῦ
3407 764 3586 833 φωτὸς
3610 759 3675 819 οὗ
3710 766 3837 819 sici-

2241 853 2439 924 ϐομεν,
2479 855 2579 908 καὶ
2613 855 2962 923 ποιήσωμεν
3006 856 3323 924 ἄνθρωπον
3361 854 3504 909 κατά
3542 855 3645 925 τὴν
3673 856 3833 925 ήμῶν

2239 946 2351 1000 τῶν
2378 948 2655 1019 ἀρχόντων
2683 948 2919 1019 μορφὴν,
2949 947 3070 1001 καθ’
3097 948 3166 1019 ήν
3195 948 3429 1017 εἴδομεν,
3458 950 3488 1002 ὃ
3528 951 3647 1002 ἐστι
3674 948 3829 1019 πρῶ-

2238 1053 2331 1101 τος
2368 1038 2685 1109 ἄνθρωπος·
2714 1039 2809 1090 καὶ
2839 1037 3017 1101 οὕτως
3042 1038 3225 1091 ἔκτισε
3262 1040 3352 1091 τὸν
3375 1038 3684 1111 ἄνθρωπον.
3717 1042 3833 1111 Τὴν

2239 1129 2298 1183 δὲ
2324 1128 2470 1184 Εὔαν
2490 1130 2693 1199 ὁμοίως
2730 1129 2972 1194 ἔκτισαν,
3000 1130 3184 1193 δόντες
3226 1131 3366 1201 αὐτῇ
3394 1133 3459 1183 ἐκ
3503 1130 3605 1200 τῆς
3637 1131 3828 1184 ἐπιθυ-

2245 1220 2376 1288 μίας
2398 1220 2599 1284 αὐτῶν,
2635 1218 2772 1291 πρὸς
2802 1220 2864 1273 τὸ
2885 1218 3227 1290 ἐξαπατῆσαι
3250 1220 3342 1274 τὸν
3382 1220 3556 1291 ’Δδάμ
3579 1237 3594 1252 ο
3623 1222 3718 1275 καὶ
3746 1221 3837 1275 διὰ

2239 1311 2445 1364 τούτων
2500 1312 2723 1380 γέγονεν
2773 1313 2808 1382 ή
2842 1312 3041 1376 πλάσις
3084 1310 3180 1365 τοῦ
3222 1312 3433 1383 κόσμου
3478 1315 3544 1367 ἐκ
3590 1314 3693 1383 τῆς
3737 1313 3835 1368 τοῦ

2241 1402 2500 1475 ἄρχοντος
2524 1403 2903 1474 δημιουργίας.

2310 1496 2439 1548 AA'.
2463 1494 2569 1547 Τὸν
2613 1494 2671 1546 δὲ
2703 1495 2837 1547 Θεὸν
2873 1495 2949 1566 μὴ
2998 1495 3142 1565 ἔχειν
3189 1495 3356 1566 μέρος
3399 1497 3707 1568 μετάίωτοῦ
3737 1495 3835 1550 τοῦ

2243 1586 2473 1656 κόσμου,
2508 1586 2644 1655 μηδὲ
2671 1587 2885 1656 χαίρειν
2919 1589 3006 1639 ἐπ’
3040 1586 3212 1657 αὐτῷ,
3256 1587 3346 1640 διά
3372 1588 3434 1640 τὸ
3453 1587 3513 1654 ἐξ
3540 1588 3718 1659 ἀρχῆς
3744 1606 3836 1641 σε-

2245 1675 2508 1745 συλῆσθαι
2526 1677 2690 1729 αὑτὸν
2719 1677 2826 1729 ὑπὸ
2851 1677 2959 1730 τῶν
2974 1679 3273 1748 ἀρχόντων,
3298 1680 3390 1732 καὶ
3408 1679 3665 1747 γενέσθαι
3685 1681 3838 1751 αὐτῷ

2244 1766 2442 1835 θλίψιν.
2471 1766 2676 1819 Τούτου
2696 1768 2857 1839 χάριν
2880 1768 3088 1838 πέμπει
3114 1769 3211 1822 καὶ
3241 1771 3377 1840 συλᾷ
3406 1770 3502 1822 ἀπ’
3535 1770 3718 1824 αὐτῶν
3736 1773 3837 1838 τὴν

2242 1858 2420 1928 ψυχὴν
2451 1857 2618 1911 αὑτοῦ
2648 1859 2771 1912 καθ’
2802 1862 3022 1932 ἡμέραν
3072 1860 3163 1913 διὰ
3212 1860 3324 1913 τῶν
3357 1862 3665 1932 φωστήρων
3706 1864 3834 1915 τού-

2242 1965 2373 2013 των,
2399 1949 2556 2019 ἡλίου
2588 1949 2686 2003 καὶ
2735 1950 2986 2023 σελήνης,
3029 1952 3122 2021 ὑφ’
3149 1946 3227 2006 ὧν
3277 1952 3399 2016 ὅλος
3445 1954 3477 2006 6
3501 1954 3706 2023 κόσμος
3743 1957 3839 2008 καὶ

2243 2044 2395 2095 πᾶσα
2425 2044 2459 2113 ή
2509 2041 2688 2106 κτίσις
2740 2044 3071 2115 ἀρπάζεται.
3116 2044 3219 2098 Τὸν
3248 2045 3306 2098 δέ
3361 2045 3672 2117 λαλήσαντα
3698 2049 3839 2118 μετά

2243 2134 2525 2199 Μωῦσέως
2557 2134 2791 2188 καὶτῶν
2831 2135 3123 2202 Ἰουδαίων,
3179 2138 3275 2191 καὶ
3328 2137 3439 2189 τῶν
3477 2140 3692 2209 ίερέων,
3745 2140 3840 2193 τὸν

2243 2223 2483 2294 ἄρχοντα
2509 2214 2661 2293 λέγει
2683 2220 2824 2279 εἶναι
2845 2226 2940 2279 τοῦ
2975 2228 3203 2292 σκότους
3218 2246 3234 2260 ·
3271 2229 3414 2283 ὥστε
3441 2230 3502 2283 ἐν
3523 2232 3629 2285 εἱσι
3654 2233 3755 2286 καὶ
3779 2233 3841 2287 τὸ

2243 2318 2377 2370 αὐτὸ
2405 2318 2536 2371 οἵτε
2560 2318 2877 2388 Χριστιανοὶ
2912 2322 3009 2374 καὶ
3032 2322 3081 2375 οί
3122 2322 3385 2383 Ἰουδαῖοι.
3408 2325 3503 2379 καὶ
3525 2326 3577 2377 oi
3608 2325 3837 2390 ἐθνικοὶ,

2243 2407 2334 2460 τὸν
2378 2408 2541 2461 αὑτὸν
2579 2408 2711 2463 Θεὸν
2749 2410 3018 2476 σέϐοντες.
3071 2414 3160 2466 Ἐν
3202 2414 3312 2485 γὰρ
3353 2419 3474 2479 ταῖς
3516 2416 3839 2486 ἐπιθυμίαις

2244 2495 2412 2549 αὐτοῦ
2463 2498 2716 2570 ἐξαπατᾷ
2765 2501 2985 2566 αὐτοὺς,
3013 2504 3110 2557 οὐκ
3134 2504 3211 2558 ὣν
3242 2505 3503 2577 ἀληθείας
3554 2508 3709 2571 θεός.
3741 2512 3842 2564 Διὰ

2243 2586 2403 2643 τοῦτο
2446 2586 2539 2643 οὖν
2585 2593 2700 2646 ὅσοι
2743 2595 2830 2647 ἐπ’
2853 2596 3059 2649 ἐκεῖνον
3108 2597 3387 2663 ἐλπίζουσι
3431 2599 3523 2653 τὸν
3567 2600 3703 2655 Θεὸν
3749 2603 3842 2657 τὸν

2245 2682 2387 2752 μετὰ
2415 2684 2694 2750 Μωῦσέως
2744 2687 3054 2760 λαλήσαντα
3082 2690 3177 2744 καὶ
3223 2691 3333 2744 τῶν
3364 2693 3681 2764 προφητῶν,
3721 2697 3839 2764 μετ’

2244 2773 2411 2826 αὑτοῦ
2439 2775 2624 2845 ἔχουσι
2656 2776 2901 2847 δεθῆναι,
2925 2780 3011 2833 ὅτι
3053 2782 3153 2834 οὐκ
3185 2780 3423 2852 ἤλπισαν
3460 2785 3552 2836 ἐπὶ
3586 2784 3680 2838 τὸν
3705 2786 3841 2840 Θεὸν

2243 2863 2345 2935 τῆς
2376 2865 2653 2935 ἀληθείας.
2694 2869 2932 2935 Ἐκεῖνος
2961 2871 3072 2942 γὰρ
3102 2872 3244 2925 κατά
3278 2873 3380 2936 τὰς
3405 2876 3705 2944 ἐπιθυμίας
3740 2878 3840 2930 αὐ-

2246 2951 2357 3005 τῶν
2386 2955 2620 3026 ἐλάλησε
2647 2959 2767 3028 μετ’
2807 2960 3008 3014 αὐτῶν.
3057 2962 3214 3016 Μετά
3256 2963 3314 3016 δὲ
3343 2964 3521 3017 πάντα
3543 2966 3720 3020 ταῦτα
3750 2967 3841 3020 ἐπὶ

2248 3042 2392 3096 τέλει
2411 3043 2583 3113 λέγει,
2615 3047 2798 3113 καθὼς
2815 3050 2978 3114 αὐτὸς
3006 3051 3268 3123 ἔγραψεν,
3292 3057 3322 3107 6
3351 3056 3689 3128 πρεσϐύτης,
3711 3059 3841 3117 ὅταν

556 3147 882 3212 ostenderit,
922 3156 1055 3201 tunc
1100 3144 1325 3215 Bajulus
1351 3154 1556 3201 terram
1592 3154 1753 3201 extra
1805 3161 1867 3201 se
1896 3145 2143 3206 dimittit,

2251 3138 2503 3229 προςρανῇ
2529 3138 2701 3229 αύτοῦ
2734 3141 2835 3212 τὴν
2864 3141 3072 3206 εἰκόνα,
3108 3144 3229 3197 τότε
3263 3148 3293 3199 6
3327 3147 3623 3218 ‘Dpo;6po;
3671 3150 3840 3219 ἀφίη-

563 3238 799 3309 indeque
835 3238 1130 3294 vehemens
1181 3237 1322 3307 ignis
1358 3252 1658 3307 erumpens
1697 3238 1962 3291 mundum
2018 3252 2149 3291 con-

557 3332 727 3386 sumit
767 3331 1107 3392 universum.
1146 3329 1353 3385 Deinde
1391 3330 1606 3401 glebam
1638 3345 1784 3385 novo
1823 3344 1950 3384 cum
1993 3344 2147 3384 azone

561 3424 750 3487 mittit,
791 3430 854 3477 ut
893 3438 1086 3479 omnes
1138 3431 1491 3493 peccatorum
1526 3424 1729 3480 anima:
1777 3424 1832 3478 in
1878 3434 2143 3478 aeternum

561 3515 792 3581 vinculis
837 3514 1150 3570 constricta:
1184 3520 1498 3568 teneantur.
1545 3513 1677 3578 Quae
1715 3521 1830 3568 tum
1866 3512 2142 3577 accident,

555 3620 686 3664 cum
733 3605 1095 3663 simulacrum
1136 3604 1445 3659 advenerit.
1473 3603 1755 3673 Quidquid
1796 3620 1925 3659 vero
1950 3620 2147 3676 prona-

559 3706 704 3770 μω
733 3697 941 3753 sobolis
970 3704 1080 3759 est,
1127 3704 1258 3765 puta
1289 3694 1476 3761 Iesus,
1526 3696 1622 3765 qui
1671 3696 1884 3752 minore
1925 3698 2147 3767 navigio

562 3791 802 3853 vehitur,
834 3798 890 3845 et
920 3791 1045 3844 vita:
1073 3797 1252 3844 mater
1282 3796 1337 3845 et
1367 3788 1764 3858 gubernatores
1787 3804 1883 3852 xu,
1917 3797 1972 3843 et
2006 3790 2146 3845 lucis

564 3883 742 3951 virgo,
771 3887 828 3935 et
865 3880 1067 3935 tertius
1104 3893 1295 3947 senex,
1341 3880 1436 3950 qui
1473 3879 1530 3933 in
1569 3878 1778 3948 majore
1812 3880 2030 3950 navigio
2058 3896 2144 3936 re-

557 3969 734 4034 sidet,
765 3983 873 4023 una
901 3983 1028 4022 cum
1055 3968 1182 4024 vivo
1206 3967 1427 4039 spiritu,
1450 3974 1506 4023 et
1532 3967 1772 4038 ingentis
1797 3967 1939 4037 ignis
1964 3984 2142 4034 muro,

565 4063 824 4131 ventique
848 4062 1054 4132 pariter
1098 4074 1281 4124 muro,
1318 4067 1374 4115 et
1410 4059 1579 4124 aeris,
1609 4072 1786 4127 aquae,
1834 4058 2053 4128 vivique
2092 4070 2147 4114 et

562 4153 858 4208 exterioris
894 4152 1059 4224 ignis,
1095 4151 1239 4221 apud
1267 4150 1527 4222 exiguum
1565 4150 1718 4205 sidus
1751 4149 2020 4216 habitant,
2047 4152 2148 4207 do-

566 4260 668 4301 nec
718 4244 1032 4300 incendium
1078 4245 1400 4298 universum
1444 4240 1709 4295 mundum
1757 4241 2049 4309 absumat;
2092 4243 2145 4297 id

561 4339 711 4409 quod
746 4348 1201 4392 certo.annorum
1240 4335 1419 4404 spatio
1449 4334 1752 4404 continget,
1780 4349 2018 4404 quorum
2043 4351 2145 4389 nuo

560 4445 775 4487 merum
810 4428 1019 4485 nescio.
1063 4427 1286 4495 Quibus
1332 4426 1596 4499 perfectis
1634 4436 1848 4482 natura:
1880 4426 2004 4481 dua:
2033 4427 2142 4496 pri-

2251 3243 2337 3279 σιν
2365 3226 2471 3292 ἔξω
2489 3227 2587 3299 τὴν
2617 3233 2741 3301 γῆν,
2789 3235 2884 3287 καὶ
2911 3233 3082 3299 οὕτως
3120 3236 3415 3291 ἀπολύεται
3441 3239 3501 3291 τὸ
3536 3241 3680 3309 μέγα
3706 3241 3839 3313 πῦρ,

2250 3320 2345 3372 καὶ
2392 3319 2513 3374 ὅλον
2561 3322 2844 3378 ἀναλίσκει
2872 3327 2967 3380 τὸν
2997 3330 3222 3399 κόσμον.
3264 3328 3398 3383 Εἶτα
3447 3332 3608 3385 πάλιν
3642 3334 3841 3402 ἀφίησι

2246 3412 2339 3465 τὸν
2370 3412 2544 3483 βῶλον
2585 3415 2725 3485 μετά
2749 3416 2843 3469 τοῦ
2870 3417 2992 3471 νέου
3023 3419 3251 3484 Αἰῶνος,
3279 3421 3428 3485 ὅπως
3455 3424 3626 3475 πᾶσαι
3659 3427 3717 3477 αἱ
3739 3424 3842 3493 ψυ-

2248 3498 2342 3577 xci
2366 3509 2477 3564 τῶν
2512 3509 2857 3581 ἁμαρτωλῶν
2905 3511 3134 3565 δεθῶσιν
3161 3514 3243 3576 είς
3285 3513 3375 3566 τὸν
3402 3514 3594 3567 aiam.
3626 3486 3766 3569 τδτέ
3785 3486 3869 3569 δέ

2246 3599 2421 3655 ταῦτα
2451 3603 2764 3671 γενήσεται,
2795 3603 2923 3656 ὅταν
2949 3605 2979 3657 6
3005 3604 3229 3675 ἀνδριὰς
3253 3605 3402 3678 ἔλθῃ.
3447 3608 3514 3660 Δί
3544 3607 3600 3660 δὲ
3646 3608 3844 3678 προϐο-

2246 3692 2337 3746 λαὶ
2370 3694 2565 3761 πᾶσαι,
2621 3695 2651 3746 6
2687 3692 2918 3765 Ἰησοῦς,
2957 3696 2987 3747 6
3014 3696 3073 3748 ἐν
3105 3695 3183 3767 τῷ
3212 3697 3394 3770 μικρῷ
3436 3698 3626 3771 πλοίῳ,
3685 3700 3840 3770 καὶὴ

2245 3786 2437 3857 μήτηρ
2461 3785 2561 3855 τῆς
2582 3784 2749 3856 ζωῆς,
2812 3786 2906 3839 καὶ
2931 3788 2982 3840 οί
3030 3786 3238 3842 δώδεκα
3266 3790 3620 3861 κυϐερνῆται,
3671 3795 3767 3846 καί
3806 3794 3841 3863 ἡ

2248 3875 2518 3948 παρθένος
2540 3876 2634 3930 τοῦ
2659 3876 2857 3946 φωτὸς,
2904 3878 2998 3931 καὶ
3024 3879 3053 3931 6
3103 3880 3420 3953 πρεσϐύτης
3443 3883 3471 3934 6
3495 3883 3700 3953 τρίτος,
3731 3887 3763 3938 6
3784 3887 3841 3938 ἐν

2246 3968 2325 4040 τῷ
2355 3966 2577 4039 μεγάλῳ
2609 3968 2798 4040 πλοίῳ,
2826 3969 2922 4022 καὶ
2949 3970 3009 4023 τὸ
3037 3970 3147 4034 ζῶν
3202 3973 3422 4044 πνεῦμα
3452 3974 3547 4028 καὶ
3580 3975 3641 4029 τὸ
3661 3980 3840 4047 τεῖχος

2247 4060 2341 4113 τοῦ
2363 4059 2603 4130 μεγάλου
2632 4060 2826 4132 πυρὸς,
2872 4062 2967 4115 καὶ
3008 4062 3071 4115 τὸ
3124 4066 3302 4135 τεῖχος
3328 4065 3425 4119 τοῦ
3483 4068 3710 4138 ἀνέμου,
3747 4070 3842 4122 καὶ

2246 4150 2339 4203 τοῦ
2373 4151 2557 4221 ἀέρος,
2580 4151 2677 4205 καὶ
2700 4150 2795 4205 τοῦ
2824 4152 3033 4221 ὓδατος,
3061 4155 3157 4208 καὶ
3193 4154 3288 4209 τοῦ
3311 4155 3513 4211 ἔσωθεν
3540 4158 3713 4229 πυρὸς
3746 4158 3838 4212 τοῦ

2247 4240 2474 4305 ζῶντος,
2504 4242 2641 4313 πρὸς
2671 4242 2763 4297 τὸν
2791 4243 2989 4315 μικρὸν
3042 4249 3311 4318 φωστῆρα
3354 4248 3616 4311 οἰκοῦσιν,
3678 4250 3840 4323 ἄχρις

2248 4334 2315 4388 ἂν
2336 4333 2398 4401 τὺ
2423 4332 2537 4405 πῦρ
2560 4335 2916 4408 καταναλώσῃ
2960 4337 3052 4391 τὸν
3100 4339 3303 4409 κόσμον
3362 4341 3503 4407 ὅλον,
3556 4344 3615 4395 ἐν
3650 4346 3842 4407 ποσοῖς

2250 4440 2381 4477 ποτε
2410 4423 2608 4489 ἐτεσιν,
2639 4420 2714 4479 ὧν
2739 4427 2840 4480 οὐκ
2866 4427 3068 4498 ἔμαθον
3106 4429 3207 4501 τὴν
3241 4432 3534 4502 ποσότητα.
3560 4434 3669 4486 Καὶ
3700 4434 3840 4504 μετὰ

561 4524 767 4577 stinum
807 4521 863 4575 in
905 4527 1111 4576 statum
1153 4518 1510 4577 restituendae
1560 4526 1711 4586 sunt,
1758 4533 1824 4573 ac
1863 4518 2143 4589 principes

2248 4514 2425 4569 ταῦτα
2445 4515 2889 4584 ἀποκατάστασις
2920 4520 3072 4575 ἔσται
3104 4520 3214 4577 τῶν
3250 4523 3344 4577 δύο
3387 4525 3624 4594 φύσεων.
3649 4529 3763 4582 Καὶ
3789 4528 3839 4581 οἱ

561 4614 824 4671 inferiora
863 4613 1076 4669 sedium
1111 4625 1337 4667 suarum
1367 4611 1627 4674 incolcnl,
1672 4611 1958 4680 superiora
1985 4608 2147 4664 Pater

560 4705 876 4778 occupabit,
912 4720 978 4759 ac
1015 4705 1195 4760 locum
1236 4716 1398 4759 suum
1449 4702 1695 4771 recipiet.
1735 4700 1886 4757 lianc
1925 4715 2143 4755 onmem

561 4798 873 4853 doctrinam
920 4794 1253 4851 Manichacus
1312 4781 1496 4849 tribus
1548 4792 1836 4863 discipulis
1878 4790 2140 4854 tradidit,

562 4889 858 4958 variasque
897 4889 953 4943 in
1002 4888 1253 4959 regiones
1283 4885 1533 4949 dimisit,
1560 4884 1729 4940 Adda:
1754 4882 1950 4940 Oriens
1994 4884 2143 4937 obti-

562 4980 662 5049 git,
715 4978 937 5032 Thoma':
988 4978 1168 5049 Syria,
1216 4977 1480 5034 Hermeas
1542 4978 1685 5032 alius
1737 4976 2139 5048 in‘Egyptum

562 5064 848 5136 profectus
869 5073 974 5128 est,
1000 5067 1201 5136 quibus
1232 5067 1287 5120 in
1320 5067 1456 5123 locis
1492 5067 1560 5122 ad
1594 5066 1921 5122 hodiernum
1970 5082 2145 5133 usque

563 5159 706 5211 diem
738 5164 979 5217 manent,
1009 5157 1209 5226 ubique
1227 5156 1396 5228 65.8
1415 5158 1613 5230 dogma
1643 5174 1805 5214 suum
1841 5174 1907 5214 ac
1936 5168 2142 5214 sectam

563 5248 817 5323 stabilire
846 5245 1203 5302 contendunt.

633 5420 851 5479 XXXII.
896 5419 1021 5476 Hcce
1061 5436 1163 5492 ego
1211 5438 1279 5477 ex
1317 5421 1570 5476 Archelai
1618 5422 1758 5477 libro
1789 5423 2143 5493 proponenda

563 5520 773 5588 putavi.
803 5524 979 5586 Atque
1009 5516 1123 5570 haec
1156 5514 1359 5570 schola:
1391 5512 1538 5568 illius
1559 5514 1976 5585 disciplinaeque
2010 5529 2144 5569 con-

563 5608 856 5663 stituenda
885 5608 1026 5663 ratio
1062 5606 1186 5674 fuit,
1216 5620 1313 5678 per
1351 5619 1517 5677 quam
1545 5606 1733 5661 lolium
1782 5608 1837 5662 in
1871 5606 2140 5663 mund-um

643 5773 664 5797 ⁴
690 5780 826 5837 Gen.
855 5797 896 5851 ι,
915 5783 1001 5839 26.
1090 5783 1114 5816 ²
1131 5781 1267 5853 Leg.
1290 5783 1552 5854 κλίματα.
1637 5783 1658 5818 ³
1682 5784 1742 5842 F.
1784 5785 2105 5854 συνέστησε.

2248 4608 2508 4678 ἄρχοντες
2539 4610 2819 4679 οἰκήσουσι
2842 4612 2910 4665 τά
2943 4612 3229 4685 κατώτερα
3263 4616 3404 4687 μέρη
3422 4617 3661 4680 ἑαυτῶν,
3698 4620 3729 4671 6
3778 4620 3835 4673 δὲ

2250 4699 2438 4771 Πατὴρ
2461 4699 2530 4754 τά
2559 4701 2830 4774 ἀνώτερα,
2890 4704 2951 4757 τὸ
2985 4704 3113 4759 ἴδιον
3153 4708 3463 4762 ἀπολαϐών.
3522 4710 3742 4781 Ταύτην
3776 4713 3835 4765 δέ

2249 4793 2429 4845 πᾶσαν
2455 4792 2556 4861 τὴν
2597 4792 2943 4849 διδασκαλίαν
2995 4798 3280 4869 παρέδωκε
3306 4803 3420 4864 τοῖς
3464 4801 3644 4871 τρισὶν
3669 4802 3836 4855 αὑτοῦ

2251 4884 2539 4956 μαθηταῖς,
2565 4885 2825 4951 κελεύσας
2874 4889 3104 4942 ἕκαστον
3152 4891 3231 4954 είς
3287 4892 3541 4962 κλήματα
3562 4896 3583 4926 ²
3607 4894 3830 4959 ὁδεύειν,

2247 4968 2357 5026 Καὶ⁸
2385 4975 2414 5026 6
2456 4975 2557 5045 μὲν
2600 4976 2784 5041 Ἀδδᾶς
2826 4978 2893 5032 τὰ
2937 4979 3036 5049 τῆς
3076 4980 3364 5050 Ἀνατολῆς
3396 4981 3539 5052 μέρη
3569 4981 3779 5051 ἔλαχεν,
3806 4984 3835 5032 ὁ

2250 5063 2307 5115 δὲ
2328 5064 2530 5133 Θωμᾶς
2562 5065 2660 5137 τὴν
2693 5067 2881 5138 Σύρων
2909 5068 3013 5138 γῆν
3056 5069 3434 5141 κεκλήρωται·
3500 5071 3755 5141 Ἑρμείας
3778 5070 3835 5123 δὲ

2248 5152 2411 5217 ἄλλος
2430 5153 2529 5224 τὴν
2555 5157 2635 5218 εἰς
2659 5157 2931 5226 Αἴγυπτον
2951 5160 3178 5230 πορείαν
3203 5162 3496 5232 ἐποιήσατο
3514 5177 3526 5190 ·
3554 5162 3646 5213 καὶ
3673 5160 3835 5231 μέχρι

2254 5247 2492 5315 σήμερον
2525 5247 2705 5299 ἐκεῖσε
2745 5247 3103 5320 διατρίϐουσι,
3153 5250 3254 5321 τὴν
3284 5250 3386 5323 τοῦ,
3405 5251 3676 5322 δόγματος
3704 5250 3834 5303 ὑπό-

2254 5334 2402 5387 θεσιν
2426 5335 2619 5405 στῆσαι
2649 5337 2912 5404 θέλοντες.
3546 5404 3558 5413 ,

2321 5425 2447 5479 AB'.
2478 5427 2663 5483 Ταῦτὰ
2692 5432 2839 5483 ἐστιν
2862 5433 3005 5505 ἅπερ
3033 5434 3236 5506 ἐθέμην
3263 5434 3373 5489 ἀπὸ
3403 5432 3499 5488 τοῦ
3542 5430 3831 5506 Ἀρχελάου

2251 5516 2458 5587 βιϐλίου
2479 5518 2570 5572 τοῦ
2598 5524 3014 5595 προειρημένου.
3040 5527 3152 5581 Καὶ
3181 5528 3323 5582 οὕτω
3353 5526 3582 5598 συνέστη
3608 5526 3629 5558 ³
3652 5526 3713 5579 τδδ
3740 5524 3833 5580 αὐ-

2247 5610 2344 5664 τοῦ
2368 5611 2738 5669 διδασκαλεῖον
2761 5615 3107 5682 ζιζανιὼδους
3144 5620 3203 5672 ἐν
3248 5619 3443 5690 κόσμῳ
3481 5618 3710 5690 σπορᾶς,
3740 5612 3830 5668 καὶ
