4078 6404
896 309 1266 367 ADVERSUS
1305 262 1645 366 IIEREZSIiZS
1686 309 1814 365 LIB.
1850 309 1915 363 II.
1955 309 2115 366 TOM.
2159 308 2221 364 Il.
2262 341 2329 351 --
2364 307 2639 364 ΠᾸΞΒΕΞ.
2674 304 2857 362 LXVI.
3315 332 3319 336 ~
3453 309 3521 362 89.

228 429 295 484 τὰ
329 425 633 501 ζιζανιὼδη
667 427 767 499 τῆς
798 428 960 482 αὑτοῦ
987 428 1336 492 διδασκαλίας
1364 428 1651 499 ἐξεμέσας.
1678 429 1826 482 Πόσα

1944 427 2352 483 iisseminatum
2403 435 2507 483 est.
2557 425 2697 481 iluic
2743 423 2889 480 enim
2942 417 3139 477 semini
3185 417 3518 477 simillimam

231 520 289 573 δέ
314 536 398 583 τις
424 518 729 588 ὑπενέγκοι
758 519 893 590 πρὸς
922 520 1020 590 τὴν
1041 520 1312 590 τοσαύτην
1335 519 1588 591 διαϐολὴν
1607 518 1703 571 τοῦ
1735 537 1827 590 μι-

236 611 467 681 μολόγου
490 610 710 677 τούτου,
747 612 824 676 ὡς
850 613 1012 667 παντί
1049 630 1154 667 που
1182 613 1342 683 δῆλον
1364 612 1484 683 εἴηι
1519 613 1637 666 Κάν
1655 629 1715 665 τε
1750 613 1843 684 μὴ,

236 701 598 766 ἐπιξεσθῶσιν
627 703 686 755 αἰ
740 701 914 767 λέξεις
967 703 1103 776 πρὸς
1144 702 1475 775 ἀνατροπὴν,
1506 703 1831 774 ἀρκέσουσιν

237 795 321 858 εἰς
341 793 605 865 αἰσχύνην
636 795 798 864 μόνον
819 795 879 847 τὸ
911 795 1130 861 εἰδέναι,
1176 796 1258 849 ὅτι
1288 793 1461 848 ταῦτα
1493 793 1624 866 παρτ
1647 793 1831 859 αὐτοῖς

238 885 620 957 νομιστεύεται
654 886 934 941 ἀσύστατα
967 887 1115 952 ὅντα,
1153 888 1247 941 καὶ
1295 887 1567 958 μηδεμίαν
1604 885 1849 957 δύναμιν.

240 978 456 1048 ἔχοντα.
488 979 572 1031 Τά
604 979 705 1049 μὲν
732 980 839 1052 γὰρ
887 980 1081 1050 πρῶτα
1114 983 1173 1034 ἐν
1226 983 1338 1043 τοῖς
1370 978 1641 1049 δευτέροις
1665 996 1833 1033 κατα-

238 1070 363 1124 λύει
384 1088 398 1101 ·
436 1070 506 1124 τὰ
552 1070 609 1125 δὲ
638 1072 869 1144 δεύτερα
907 1074 1070 1144 ἕτερα
1101 1075 1252 1145 παρὰ
1275 1074 1344 1128 τά
1377 1073 1567 1145 πρῶτα
1596 1072 1831 1143 φθέγγε-

240 1179 355 1217 ται.
400 1162 520 1217 ’0τέ
552 1162 654 1230 μὲν
681 1164 789 1235 γὰρ
818 1165 907 1218 τὸν
940 1166 1144 1236 κόσμον
1179 1166 1244 1219 ἐκ
1277 1165 1414 1219 Θεοῦ
1437 1166 1583 1220 θέλει
1608 1166 1835 1237 γεγενῆ-

244 1251 394 1313 σθαι,
432 1250 521 1305 ὁτὲ
546 1252 603 1304 δὲ
638 1254 703 1306 ἐκ
726 1254 833 1307 τῶν
860 1254 1158 1326 ἀρχόντων,
1190 1255 1284 1308 καὶ
1303 1254 1395 1308 τὸν
1419 1255 1555 1309 Θεὸν
1589 1255 1665 1327 μὴ
1690 1255 1834 1327 ἔχειν

248 1346 333 1406 εἰς
363 1342 457 1396 τὸν
493 1343 699 1415 κόσμον
729 1362 783 1398 τι
831 1345 1024 1409 αἴτιον,
1071 1345 1209 1400 ἀλλά
1229 1346 1599 1418 ἀπολλύμενον
1621 1346 1713 1400 τὸν
1743 1348 1836 1401 κό-

245 1450 406 1508 σμον.
462 1434 600 1487 Ποτὲ
632 1436 688 1488 δὲ
737 1436 800 1490 τὸ
833 1436 1122 1508 στερέωμα
1167 1437 1410 1510 δέρματα
1438 1434 1576 1491 εἶναι
1601 1438 1708 1491 τῶν
1739 1440 1838 1511 ἀρ-

243 1525 451 1593 χόντων
480 1523 699 1592 φάσκει,
724 1524 853 1577 ποτὲ
886 1525 944 1579 δὲ
979 1525 1342 1598 σταυροῦσθαι
1369 1525 1509 1579 αὑτά
1532 1526 1643 1580 ἄνω
1668 1528 1726 1580 ἐν
1760 1525 1838 1596 τῷ

246 1614 417 1684 πόλῳ,
443 1614 801 1685 κατατρέχειν
847 1616 941 1670 καὶ
1001 1620 1303 1687 συννεφεῖν,
1355 1617 1450 1672 καὶ
1496 1617 1687 1688 ὀργᾷν,
1744 1620 1840 1673 καὶ

244 1706 653 1777 ἑξοιστροῦσθαι
688 1706 827 1778 πρὸς
867 1707 967 1779 τὴν
987 1709 1083 1779 τῆς
1107 1709 1378 1782 παρθένου
1404 1708 1553 1778 θέαν,
1577 1710 1671 1764 καὶ
1700 1710 1853 1782 πρὸς.

246 1798 348 1870 τὴν
373 1798 683 1870 ὡραιότητα
712 1798 808 1852 τοῦ
836 1799 1073 1856 νεανίου.

323 2062 435 2114 Καὶ
462 2060 507 2114 ὣ
529 2061 727 2131 πολλῆς
748 2061 1039 2132 αἰσχύνηςί
1069 2063 1133 2117 Τί
1158 2062 1265 2132 γὰρ
1285 2063 1474 2115 τούτου
1507 2062 1838 2134 μοχθηρότε-

251 2170 368 2224 ρον,
409 2153 734 2225 ἀηδέστερόν
789 2170 847 2206 τε
897 2154 992 2206 καὶ
1037 2156 1457 2226 αἰσχρότατονί,
1516 2154 1577 2206 τὸ
1622 2153 1838 2224 θήλειαν

247 2244 429 2314 ἐαυτῷ
466 2243 773 2298 ἀνατυποῦν
818 2246 879 2298 τὸ
906 2245 1131 2317 Πνεῦμα
1163 2247 1263 2316 τῆς
1298 2243 1588 2314 ἀληθείας;
1647 2243 1735 2296 ὁτὲ
1782 2243 1837 2295 δὲ

249 2336 606 2408 ἀρῥενοειδῶς
627 2336 956 2390 όπτάνεσθαι
999 2340 1112 2400 τοῖς
1145 2337 1436 2408 ἅρχουσιν;
1472 2336 1705 2408 Αἰσχρὸν
1742 2335 1839 2405 μὲν

250 2429 363 2498 γὰρ
391 2431 667 2499 παροινεῖν
704 2429 766 2482 τὸ
822 2429 988 2501 ἄνδρα
1016 2428 1436 2500 θηλυεύεσθαι¹,
1489 2428 1583 2481 καὶ
1645 2429 1702 2481 ἐν
1745 2427 1840 2498 θη-

249 2521 403 2583 λείας
442 2524 621 2591 μορφῇ
654 2521 919 2591 ὑπάρχειν
940 2536 953 2548 ·
994 2520 1347 2591 αἰσχρότατον
1392 2519 1452 2571 δέ
1482 2520 1642 2571 πάλιν
1682 2518 1742 2571 τὸ
1772 2517 1840 2571 τά

248 2609 453 2679 γύναια
483 2610 891 2679 ἀνδραῖζεσθαι,
933 2610 1030 2664 καὶ
1056 2610 1150 2663 τοῦ
1190 2609 1380 2681 ἀνδρὸς
1408 2611 1593 2680 φέρειν
1625 2608 1686 2662 τὺ
1710 2609 1841 2680 σχῆ-

250 2720 351 2773 μα.
382 2702 490 2755 Καὶ
521 2701 639 2767 πῶς
669 2703 791 2774 οὐχὶ
822 2703 1022 2774 ἀρετῆς
1041 2702 1100 2755 ὃν
1122 2702 1345 2773 Πνεῦμα
1374 2702 1469 2755 καὶ
1499 2703 1661 2765 θεῖον,
1695 2702 1842 2773 ὑϐρι-

248 2793 481 2862 ζόμενον
526 2792 726 2860 μᾶλλον
754 2793 1110 2865 εὑρεθήσεται
1154 2793 1307 2865 παρά
1346 2793 1440 2846 τοῦ
1466 2792 1840 2865 πλαστουργοῦ

248 2882 444 2936 τούτου
460 2883 655 2954 Μάνη;
681 2883 805 2948 Πῶς
831 2884 887 2936 δὲ
904 2884 954 2938 οἰ
975 2884 1295 2955 ἐκδαρέντες
1325 2883 1687 2955 οἰστροῦνται,
1716 2883 1841 2952 λέγε

253 2994 369 3046 μοι,
402 2970 450 3029 ὧ
473 2971 654 3042 οὖτοςς
691 2976 811 3040 πῶς
839 2977 898 3030 δὲ
924 2975 1063 3048 μετὰ
1083 2974 1142 3029 τδ
1176 2976 1552 3048 σταυρωθῆναι
1586 2976 1842 3048 ἐξεδάρη-

253 3085 356 3121 σαν
382 3084 398 3129 ;
429 3068 491 3119 Εἰ
514 3066 570 3120 δὲ
604 3068 697 3120 καὶ
747 3065 1153 3138 ἐπαύρωνται,
1198 3067 1316 3130 πῶς
1372 3068 1718 3139 ἐπιτρέχουσι
1774 3071 1838 3139 τῇ

251 3158 638 3228 ἁφαντουμένη
664 3174 679 3223 ;
708 3157 805 3220 Τίς
861 3157 919 3209 δὲ
953 3158 1203 3224 ἀνέξεται
1234 3159 1326 3212 τοῦ
1372 3159 1712 3230 βλασφήμου,
1748 3161 1840 3214 τοῦ

249 3249 367 3303 ἀπὸ
393 3249 634 3320 ἱδρώτων
665 3249 940 3322 ἀρχόντων
971 3252 1118 3319 ἡμᾶς
1151 3252 1449 3323 τρέφεσθαι
1497 3252 1839 3324 ὁριζομένου,

253 3340 354 3394 καὶ
375 3339 484 3392 ἀπὸ
507 3340 809 3411 ἐκκρίσεως
839 3340 1196 3411 αἱσχρότητος
1224 3342 1313 3394 τὸν
1339 3341 1496 3394 ὑετὸν
1522 3344 1656 3413 ἡμῖν
1676 3359 1845 3395 κατα-

251 3429 608 3501 πέμπεσθαι;
661 3431 833 3485 Πόθεν
877 3430 934 3484 δὲ
988 3431 1148 3495 αὑτὸς
1194 3434 1348 3503 πόμα
1401 3433 1545 3486 πίνει
1589 3433 1648 3498 ἐξ
1675 3434 1845 3489 ὑετῶν

251 3524 563 3595 ἀρυόμενος
597 3524 736 3595 μετά
785 3524 895 3578 τῶν
927 3524 1076 3577 ἰδίων
1106 3525 1272 3579 αὑτοῦ
1302 3525 1598 3596 μαθητῶν;
1634 3526 1758 3588 Πῶς
1788 3526 1845 3579 δέ

253 3614 321 3667 οὐ
356 3614 756 3682 καταγέλαστος
782 3614 889 3684 εἴη,
930 3613 1245 3684 ἡττώμενος
1281 3618 1345 3685 τῇ
1377 3616 1484 3668 τῶν
1517 3615 1847 3686 σωματικῶν

253 3706 441 3776 χρείᾳ,
469 3706 699 3777 ἰδρῶτας
722 3707 925 3769 πίνων;
951 3707 1060 3760 Καὶ
1081 3706 1188 3781 γὰρ
1208 3708 1451 3778 ἁμαρτία
1473 3707 1729 3778 διάφορος
1749 3707 1849 3778 μὲν

254 3799 499 3869 ὑπάρχει
516 3815 531 3827 ’
560 3800 621 3851 οὐ
642 3798 878 3869 τοσαύτη
905 3798 962 3851 δὲ
987 3797 1139 3851 ἔσται
1165 3800 1197 3868 ἡ
1223 3800 1460 3870 τιμωρία
1482 3798 1559 3869 τῷ
1579 3798 1849 3862 ἀκουσίως

255 3890 652 3962 ἁμαρτάνοντι,
693 3891 769 3955 ὡς
800 3890 861 3943 τὺ
889 3891 1024 3962 μετά
1052 3890 1306 3952 ἑκουσίας
1332 3888 1557 3961 γνώμης
1581 3889 1642 3942 τὸ
1664 3889 1848 3961 ἀμάρ-

254 3998 414 4052 τημα
435 3980 785 4034 ἐπιτελοῦντι.
821 3982 885 4034 Οἰ
910 3981 1010 4050 μὲν
1035 3980 1145 4054 γὰρ
1178 3981 1329 4035 ἄλλοι
1352 3980 1648 4050 ἄνθρωποι,
1685 3981 1734 4033 εἰ
1757 3979 1851 4033 καὶ

256 4075 435 4135 οὕτως
464 4068 552 4142 ἦν,
577 4074 715 4142 ὅπερ
749 4073 823 4142 μὴ
856 4072 1084 4141 γένοιτο,
1118 4071 1448 4139 φαντάζεται
1476 4071 1586 4142 γὰρ
1616 4074 1644 4125 ὁ
1673 4074 1852 4142 ἐμμα-

259 4166 392 4233 νής’
427 4163 566 4234 πλὴν
610 4165 659 4215 οἰ
691 4163 1013 4231 ἀγνοοῦντες
1072 4162 1301 4231 ἱδρῶτας
1333 4163 1426 4215 καὶ
1458 4160 1735 4233 ἐκκρίσεις
1762 4162 1850 4215 αἰ-

261 4254 457 4327 σχρὰς,
483 4254 566 4307 ὃτι
592 4252 905 4325 ὑδρεύονται
941 4253 1036 4306 καὶ
1076 4254 1314 4317 πίνουσι,
1348 4253 1686 4320 σύγγνωστοι
1719 4251 1853 4321 μᾶλ-

257 4348 356 4399 λον
384 4345 565 4410 ἐλέους
594 4346 929 4418 ὑπάρχουσιν
973 4345 1118 4415 ἥπερ
1146 4347 1175 4398 ό
1228 4343 1368 4414 μετὰ
1425 4342 1518 4395 τοῦ
1556 4344 1852 4407 συνειδότος

1931 518 2245 574 doctrinam
2295 517 2564 573 evomuit.
2608 516 2783 582 Quam
2827 513 2999 567 multa
3049 525 3215 582 porro
3251 507 3524 562 adversus

1929 618 2141 665 tantam
2199 606 2704 677 histrionishujus
2753 603 3093 660 calumniam
3141 598 3345 671 eppoui
3394 612 3521 667 pos-

1931 710 2060 757 sunt
2094 720 2110 754 :
2141 701 2288 773 quod
2323 701 2630 771 unicuique
2665 705 2925 753 constare
2959 703 3159 766 potest.
3187 694 3265 748 Ae
3300 689 3515 747 tametsi

1933 791 2208 862 perpolita
2247 792 2303 846 in
2345 788 2639 845 refutando
2670 798 3017 857 nequaquam
3054 782 3382 838 adhibeatur
3403 794 3524 833 ora-

1932 883 2034 950 tio,
2075 883 2213 939 satis
2260 882 2329 938 ad
2367 879 2749 938 incutiendum
2794 877 2902 933 illis
2942 874 3205 947 pudorem
3242 871 3427 933 fuerit,
3467 881 3523 926 ut

1933 975 1989 1031 id
2038 974 2378 1045 intelligatur
2421 970 2694 1043 ejusmodi
2750 970 2820 1024 ab
2860 968 2970 1022 illis
3007 966 3225 1020 decreta
3277 960 3519 1024 defendi,

1934 1081 2055 1136 rpite
2092 1074 2351 1121 constare
2384 1063 2488 1118 sibi
2533 1067 2831 1132 nequeant,
2860 1073 3038 1129 neque
3069 1056 3177 1111 vim
3220 1054 3387 1109 ullam
3428 1060 3523 1105 aut

1935 1158 2156 1229 pondus
2186 1158 2448 1213 habeant.
2476 1154 2692 1211 Etenim
2727 1153 2911 1223 priora
2937 1147 3338 1222 posterioribus
3362 1161 3521 1201 ever-

1936 1251 2020 1314 tit,
2048 1249 2353 1321 posteriora
2393 1249 2554 1318 longe
2602 1261 2635 1300 a
2679 1243 2961 1316 prioribus
2993 1241 3212 1297 diversa
3244 1237 3523 1310 proponit.

1938 1340 2196 1396 Mundum
2236 1340 2371 1398 alias
2421 1354 2452 1393 a
2505 1337 2614 1394 Deo
2658 1335 2989 1407 productum
3036 1331 3255 1396 asserit,
3308 1329 3447 1383 alias
3492 1343 3523 1381 a

1938 1433 2300 1504 principibus,
2338 1440 2397 1487 ut
2424 1432 2547 1503 ejus
2575 1430 2728 1486 nulla
2759 1445 2825 1485 ex
2862 1435 3016 1500 parte
3041 1437 3208 1481 causa
3248 1422 3320 1477 sit
3356 1418 3523 1483 Deus,

1939 1523 2035 1578 sed
2075 1533 2130 1578 et
2167 1524 2284 1592 ipse
2327 1527 2567 1578 mundus
2605 1522 2859 1576 intereat.
2908 1515 3313 1584 Nonnunquam
3348 1510 3525 1564 ﬁrma~

1941 1624 2179 1670 mentum
2216 1614 2387 1685 pelles
2430 1629 2553 1670 esse
2587 1612 2895 1684 principum
2928 1609 3121 1671 docet,
3170 1619 3309 1677 quos
3359 1602 3524 1657 inter-

1940 1704 2069 1758 dum
2101 1720 2268 1775 supra
2300 1705 2354 1759 in
2387 1703 2513 1775 polo
2552 1704 2607 1759 in
2639 1716 2808 1757 cruce
2849 1698 3075 1754 sufﬁxos
3106 1712 3231 1752 esse
3268 1693 3425 1757 dicit,
3459 1708 3531 1747 ac

1867 1778 1910 1832 Β
1940 1790 2275 1860 discurrere,
2308 1798 2363 1847 ct
2398 1792 2545 1848 velut
2576 1791 2752 1847 nubes
2792 1789 3092 1852 obducere,
3130 1782 3522 1855 proritarique,

1941 1890 1995 1936 et
2031 1882 2276 1938 libidinis
2313 1882 2555 1938 stimulis
2596 1881 2661 1936 ad
2694 1887 2979 1951 aspectum
3018 1876 3269 1948 virginis,
3309 1881 3364 1929 ct
3396 1873 3527 1928 ado-

1938 1972 2198 2028 lescentis
2221 1969 3000 2042 pulehritudinem'concitari.

2011 2060 2056 2116 Ο
2092 2062 2375 2116 infamiam
2418 2062 2787 2133 singularem!
2817 2059 2959 2124 Quid
2992 2057 3137 2113 enim
3176 2055 3304 2125 ﬁngi
3348 2061 3533 2125 potest

1941 2152 2280 2223 improbius?
2302 2151 2435 2222 quid
2465 2151 2753 2207 molestius
2789 2165 2854 2206 ac
2894 2147 3113 2218 turpius
3139 2159 3301 2216 quam
3329 2145 3528 2198 verita-

1942 2243 2011 2299 tis
2044 2243 2310 2313 Spiritum
2364 2242 2619 2297 muliebri
2654 2240 2759 2296 sibi
2793 2241 2965 2312 ﬁgura
3002 2238 3340 2299 describere,
3369 2250 3526 2290 eum--

1941 2335 2171 2404 demque
2199 2333 2385 2390 dicere
2412 2348 2807 2403 nonnunquam
2834 2332 3007 2385 maris
3041 2328 3223 2399 specie
3255 2326 3523 2397 principi—

1940 2428 2045 2483 bus
2072 2427 2373 2500 apparere?
2415 2425 2551 2481 Nam
2582 2441 2708 2481 cum
2748 2433 2908 2495 turpe
2939 2425 3011 2480 sit
3042 2423 3220 2476 virum
3253 2436 3319 2474 eo
3352 2428 3527 2475 temu-

1942 2520 2121 2575 lentiae
2155 2520 2573 2590 insolentiaeque
2606 2516 2882 2589 progredi,
2917 2525 2973 2570 ut
3010 2514 3331 2569 muliebrem
3373 2510 3530 2565 habi-

1943 2621 2056 2667 tum
2081 2627 2146 2666 ac
2178 2611 2410 2667 formam
2441 2610 2667 2678 induat;
2695 2617 2811 2664 tum
2842 2622 2975 2663 vero
3006 2605 3387 2675 turpissimum
3419 2609 3526 2668 est,

1942 2703 2296 2759 mulierculas
2330 2702 2386 2756 in
2420 2701 2566 2757 viros
2594 2699 2943 2762 commutari,
2976 2713 3041 2752 ac
3074 2696 3289 2751 virilem
3323 2693 3528 2747 cultum

1943 2793 2191 2849 induere.
2222 2792 2441 2858 Quanto
2471 2807 2603 2846 vero
2631 2791 2841 2861 majore
2878 2804 2907 2843 a
2935 2788 3177 2859 pessimo
3209 2786 3303 2839 illo
3346 2784 3533 2839 ﬁctore

1944 2884 2244 2941 Manichaee
2271 2884 2472 2955 injuria
2503 2883 2722 2939 divinus
2769 2882 2862 2937 ille
2895 2880 3144 2937 veritatis
3173 2877 3412 2948 Spiritus
3438 2877 3498 2929 af
3506 2908 3523 2916 -

1945 2979 2161 3033 ﬁcitur?
2193 2976 2302 3033 Sed
2343 2977 2479 3033 illud
2514 2978 2641 3032 volo
2668 2969 2802 3030 mihi
2827 2975 3002 3039 dicas,
3035 2972 3236 3043 quibus
3262 2969 3407 3025 cutis
3437 2969 3534 3023 de-

1946 3080 2117 3127 tracta
2168 3072 2262 3137 sit,
2316 3069 2568 3127 libidinis
2617 3068 2864 3124 stimulis
2904 3064 3101 3136 agitari
3132 3064 3228 3133 qui
3280 3060 3545 3133 possint!

1944 3173 2039 3218 aut
2067 3163 2368 3234 quomodo,
2400 3169 2699 3233 postquam
2731 3162 2786 3215 in
2814 3173 3039 3214 erucem
3076 3156 3183 3211 acti
3216 3164 3367 3217 sunt,
3397 3154 3534 3223 pelle

1945 3253 2136 3308 nudati
2186 3254 2352 3308 sunt?
2402 3253 2513 3308 imo
2540 3266 2694 3317 vero,
2741 3252 2789 3306 si
2826 3249 2979 3304 cruci
3027 3247 3168 3301 afﬁxi
3214 3252 3362 3310 sunt,
3398 3260 3537 3314 qua»

1945 3360 2072 3399 nam
2116 3345 2334 3400 ratione
2369 3344 2439 3400 ad
2478 3343 2741 3399 virtutem
2790 3341 2963 3402 illam,
3003 3353 3126 3409 qua:
3166 3342 3389 3405 repente
3421 3335 3536 3389 dis-

1946 3444 2153 3508 pareat,
2206 3445 2440 3507 possunt
2478 3433 2802 3489 accurrere?
2829 3431 3034 3486 Deinde
3077 3443 3206 3484 vero
3233 3428 3358 3496 quis
3402 3442 3535 3480 cou-

1952 3528 2303 3584 tumeliosum
2335 3529 2503 3584 istum
2555 3525 2611 3580 in
2645 3524 2816 3578 Deum
2850 3520 3127 3576 hominem
3166 3518 3307 3572 ferre
3337 3516 3532 3587 possit,

1947 3621 2041 3690 qui
2099 3636 2200 3677 nos
2247 3619 2556 3691 principum
2618 3614 2919 3672 sudoribus
2964 3612 3046 3666 ali
3090 3610 3311 3675 sentiat,
3373 3616 3536 3676 atque

1949 3728 2014 3766 ex
2058 3711 2378 3768 fuadissimis
2425 3712 2644 3765 illorum
2696 3706 3062 3764 excrementis
3101 3704 3329 3759 imbrem
3381 3700 3537 3753 nobis

1949 3804 2161 3858 emitti?
2194 3803 2308 3857 Cur
2338 3808 2523 3857 autem
2568 3808 2756 3871 potum
2785 3799 2903 3868 ipse
2927 3812 3051 3851 eum
3094 3792 3385 3862 discipulis
3421 3788 3538 3845 suis

1953 3896 2137 3950 haurit
2169 3912 2232 3950 ex
2269 3895 2445 3950 imbre
2473 3891 2799 3949 collectum?
2837 3887 3029 3943 Nonne
3057 3886 3239 3942 statim
3267 3881 3536 3939 ridiculus

1950 3997 2058 4051 est,
2110 3989 2203 4057 qui
2250 3987 2501 4057 corporis
2563 3983 2984 4041 necessitatibus
3023 3981 3336 4049 obsequens
3371 3973 3536 4030 sudo-

1952 4097 2068 4136 rem
2109 4081 2296 4135 bihat?
2334 4080 2468 4134 Nam
2503 4088 2564 4134 ut
2597 4078 2784 4147 dispar
2818 4077 2890 4149 sit
2930 4081 3238 4145 peccaturo,
3274 4084 3433 4140 paena
3468 4078 3538 4121 ta-

1953 4188 2076 4227 men
2109 4172 2158 4226 ei
2194 4173 2289 4241 qui
2328 4172 2536 4227 invitus
2575 4178 2766 4241 peccat
2809 4170 2968 4237 longe
3000 4165 3182 4219 minor
3213 4159 3545 4233 proponitur.

1953 4278 2116 4333 quam
2146 4263 2194 4315 ei
2227 4264 2320 4332 qui
2354 4272 2552 4332 sponte
2587 4259 2950 4316 commiserit.
2989 4256 3140 4311 Licet
3180 4255 3351 4318 enim,
3392 4253 3537 4322 quod

1955 4354 2139 4423 rcipsa
2176 4370 2284 4408 non
2316 4362 2421 4417 est,
2453 4370 2639 4409 verum
2677 4360 2822 4406 esset
2846 4351 2988 4420 quod
3036 4348 3279 4401 furiosus
3316 4347 3405 4400 ille
3437 4344 3540 4398 ﬁn-

260 4440 595 4508 νενυγμένος
625 4440 802 4509 μάτην
834 4437 922 4491 διὰ
952 4437 1051 4508 τὴν
1077 4433 1249 4507 ἧτταν
1293 4436 1392 4507 τῆς
1423 4434 1704 4500 ἀσθενείας
1750 4438 1844 4489 αύ-

1954 4446 2050 4515 git.
2090 4448 2271 4500 caeteri
2303 4445 2470 4516 649
2501 4444 2719 4514 quidem
2756 4442 3026 4506 homines,
3057 4440 3148 4510 qui
3200 4440 3432 4494 sudores
3474 4451 3540 4491 ac

260 4529 358 4583 τοῦ
387 4532 455 4583 ἐκ
479 4530 588 4583 τῶν
613 4528 777 4584 αὑτοῦ
809 4529 1069 4599 πομάτων
1098 4528 1378 4600 χρώμενος
1419 4528 1514 4580 καὶ
1540 4526 1650 4581 τῶν
1678 4527 1852 4580 ἄλλων

256 4620 376 4676 τῶν
405 4621 472 4674 ἐκ
494 4622 592 4692 τῆς
633 4622 833 4693 σαρκὸς
860 4623 1132 4693 χρήσεων.

1960 4537 2135 4594 fmdas
2188 4540 2533 4593 cxcreliones
2580 4536 2854 4606 ignorant,
2905 4550 3029 4588 cum
3082 4541 3391 4602 aquantur,
3446 4539 3539 4583 aut

1960 4636 2171 4697 potant,
2205 4629 2360 4682 venia
2406 4627 2579 4698 magis
2616 4626 2765 4697 digiti
2812 4635 2933 4681 sunt
2956 4666 2971 4689 ,
2997 4638 3159 4692 quam
3184 4622 3299 4691 qui,
3335 4620 3541 4673 frustra

260 4718 584 4773 stimulante
626 4717 984 4781 conscientia,
1047 4713 1414 4781 imbecillitati
1483 4731 1596 4772 sua:
1671 4721 2063 4788 succumbens,
2112 4724 2387 4793 ejusmodi
2464 4731 2628 4793 pot'us
2675 4720 2920 4783 adhibet,
2973 4717 3300 4786 ueterisque
3348 4713 3536 4767 carnis

261 4812 687 4868 necessitatibus
716 4812 1075 4883 obtemperat.

337 4904 460 4957 Al".
490 4904 599 4956 Καὶ
627 4904 798 4957 πολλά
825 4905 971 4956 ἐστιν
1013 4906 1071 4956 ἐν
1102 4899 1183 4966 οἷς
1208 4897 1362 4966 οὗτος
1398 4904 1625 4973 στόματι
1657 4902 1854 4974 ψευδη-

264 4990 461 5064 ίίορίας
521 4996 645 5064 τοὺς
679 4995 828 5066 αὑτῷ
888 4996 1207 5060 πεισθέντας
1256 4997 1525 5066 ἠπάτησε.
1563 4998 1719 5049 Ποῖον
1748 4997 1856 5066 γὰρ

264 5088 400 5158 παρ’
433 5086 582 5157 αὑτῷ
636 5088 696 5140 οὑ
745 5088 1177 5157 καταγέλαστον;
1220 5088 1313 5149 Τὸ,
1353 5088 1605 5157 ἡγεῖσθαι
1642 5088 1742 5157 μὲν
1789 5087 1856 5140 τὰ

267 5179 563 5249 σπέρματα
587 5178 826 5247 βοτανῶν
853 5196 912 5230 τε
951 5180 1045 5232 καὶ
1101 5178 1479 5250 γεννημάτων,
1505 5180 1597 5230 καὶ
1617 5178 1859 5248 ὀσπρίων

265 5268 447 5339 ψυχὰς
474 5264 631 5323 εἶναι.
692 5269 782 5332 Ὠς
841 5270 935 5322 καὶ
968 5269 1177 5337 γελοῖον
1221 5271 1649 5340 ἐπιχειρήσομεν
1680 5268 1858 5335 λέγειν

267 5359 413 5414 κατά
473 5362 575 5431 τὴν
629 5360 796 5412 αὑτοῦ
840 5361 1160 5430 μυθοποιίαν
1219 5361 1356 5432 πρὸς
1396 5360 1617 5429 ἔλεγχον
1668 5358 1856 5412 αὑτοῦ.

267 5452 395 5506 ’ωτι
421 5456 470 5506 εί
498 5453 673 5522 ψυχαὶ
706 5454 1073 5522 τυγχάνουσαι
1106 5454 1297 5507 κόκκοι
1329 5451 1527 5520 φακοῦ,
1559 5452 1651 5504 καὶ
1696 5451 1858 5520 φασί-

270 5543 385 5611 )εος
404 5546 445 5613 ³,
489 5546 584 5600 καὶ
642 5544 949 5616 ἐρεϐίνθου,
982 5547 1076 5598 καὶ
1124 5547 1231 5599 τῶν
1260 5544 1455 5611 ἄλλων,
1503 5544 1650 5614 ψυχὴ
1684 5544 1740 5597 δὲ
1769 5545 1860 5597 καί

333 5731 352 5763 ⁸
374 5729 435 5787 F.
475 5727 867 5801 αἰσχρότερον.
894 5729 960 5786 Et
995 5745 1119 5785 mox
1149 5730 1306 5787 ἑαυτὸ
1337 5731 1491 5785 ἀνα-ς.

1574 5733 1593 5762 ²
1623 5727 1680 5783 ιτ.
1722 5729 1776 5783 τὸ
1804 5728 2141 5795 θηλεύεσθαι.

2032 4903 2272 4958 XXXIII.
2318 4904 2421 4959 Sed
2451 4904 2556 4957 alia
2607 4912 2737 4958 sunt
2783 4899 3205 4968 quamplurima,
3250 4897 3541 4967 inquibus

1962 4997 2064 5050 iste
2093 5005 2395 5051 sectatores
2420 5010 2550 5049 suos
2575 5008 2669 5046 ore
2694 4990 3116 5045 mendacissimo
3139 4989 3372 5058 decepit.
3399 4989 3556 5059 Quid

1962 5090 2106 5143 enim
2140 5089 2210 5141 ab
2244 5105 2310 5143 eo
2341 5102 2449 5141 non
2490 5084 2782 5137 ridiculum
2809 5091 2892 5137 est
2921 5081 3187 5135 allatum?
3217 5080 3538 5152 Cujusmodi

1962 5192 2047 5237 est
2077 5202 2089 5234 :
2128 5181 2419 5236 herbarum
2453 5177 2824 5246 stirpiumque
2859 5189 2925 5229 ac
2966 5174 3303 5244 leguminum
3333 5174 3541 5229 semina

1965 5275 2177 5326 animas
2206 5287 2328 5327 esse
2356 5267 2602 5325 credere.
2635 5266 2789 5334 Quod
2829 5280 2993 5336 quam
3024 5264 3322 5320 absurdum
3348 5264 3438 5327 sit,
3476 5265 3542 5317 ad

1961 5363 2106 5417 illius
2145 5362 2465 5418 rcfutandas
2498 5360 2755 5430 ineptias,
2783 5359 3164 5413 demonstrare
3195 5353 3536 5408 conabimur.

1962 5452 2174 5507 Etenim
2221 5455 2265 5508 si
2303 5453 2486 5515 lentis,
2545 5449 2776 5520 exempli
2816 5464 3006 5510 causa,
3058 5448 3141 5499 vel
3195 5444 3404 5508 faseoli,
3456 5444 3540 5495 vel

1963 5547 2162 5601 ciceris
2206 5545 2421 5613 aliaque
2457 5560 2626 5613 grana
2659 5543 2710 5596 id
2739 5558 2912 5613 genus
2945 5541 3139 5594 anima‘
3179 5543 3337 5603 sunt;
3378 5534 3533 5590 item.-

2227 5728 2246 5757 ‘
2290 5724 2327 5778 F
2388 5723 2614 5793 φασίλου
2650 5723 2729 5776 vel
2758 5718 3029 5790 φασιόὶρυ,
3071 5741 3078 5749 ·
