4078 6448
519 371 586 431 83
1936 363 1991 419 S.
2034 361 2372 419 EPIPHANII
3717 355 3797 416 85

517 505 628 561 quo
653 487 843 546 eadem
873 495 929 547 et
979 487 1121 544 tauri
1174 486 1247 544 sit
1279 487 1487 552 anima,
1535 485 1792 541 laudandi
1845 486 2015 557 magis
2062 485 2096 538 ii

2219 483 2403 555 ταύρου
2426 484 2460 552 ἠ
2489 479 2648 552 αὐτὴ,
2673 474 2952 534 ἑπαινετοὶ
2975 474 3178 548 μᾶλλον
3230 475 3282 529 οἱ
3312 473 3454 547 κρέα
3491 473 3793 543 φαγούντες

520 588 674 647 sunt,
705 596 771 636 ex
801 594 990 634 eorum
1023 577 1316 643 sententia,
1347 575 1446 648 qui
1483 575 1746 630 carnibus
1776 583 2095 638 vescuntur,

518 687 684 742 quam
723 671 820 742 qui
853 669 1146 727 severioris
1174 670 1303 725 vita:
1346 669 1600 726 instituta
1642 677 1942 724 sectantur.
1984 667 2099 723 lloc

517 762 686 824 etaim,
721 768 782 815 ut
815 761 965 815 illius
994 760 1174 814 l‘abula
1204 757 1473 825 continet,
1497 768 1742 813 metuere
1772 757 2097 819 videturne,

517 855 563 908 si
596 853 852 910 animatis
879 854 1047 908 rebus
1073 860 1285 916 utatur,
1317 853 1467 908 velut
1497 852 1825 906 animalibus
1851 866 1914 904 ac
1942 857 2101 905 caetr-

519 944 618 1008 tis,
655 944 851 999 horum
887 945 1086 999 similis
1122 944 1376 1000 exsistat.
1406 943 1570 1014 Atqui
1618 943 1956 998 contrarium
2006 958 2101 1012 po-

518 1036 630 1091 tius
665 1035 884 1090 accidit.
924 1033 1128 1090 Demus
1167 1035 1315 1090 enim
1366 1034 1808 1104 quinquagenos,
1849 1032 1932 1086 vel
1976 1047 2102 1086 cen-

521 1135 680 1181 tenos
711 1127 855 1180 tauri
887 1125 1053 1180 unius
1092 1126 1355 1180 carnibus
1387 1123 1614 1187 nutriri,
1664 1138 1856 1178 onmes
1905 1121 2004 1185 illi,
2044 1130 2103 1175 ut

525 1217 630 1272 iste
674 1216 897 1288 quidem
941 1224 1202 1288 nugatur,
1247 1225 1302 1270 et
1339 1230 1371 1268 a
1411 1214 1570 1269 nobis
1601 1213 1881 1269 refellendi
1929 1213 2104 1284 gratia

521 1307 819 1365 dicendum
849 1317 954 1377 est,
988 1309 1153 1364 unius
1183 1308 1449 1362 duntaxat
1487 1308 1682 1360 animm
1727 1305 1804 1359 rei
1852 1313 2000 1359 sunt.
2036 1305 2106 1357 At

519 1401 618 1471 qui
651 1400 922 1456 seminum
953 1400 1141 1470 granis
1171 1399 1436 1472 pascitur,
1478 1399 1813 1452 tricenarum
1849 1396 1932 1452 vel
1967 1413 2105 1467 qua-

520 1489 888 1561 dragenarum
931 1505 1041 1545 uno
1095 1491 1296 1545 haustu
1347 1490 1763 1558 absumptarum
1823 1503 1953 1543 reus
1998 1495 2103 1543 est.

519 1577 598 1635 Ita
625 1581 764 1636 nihil
793 1596 906 1637 non
937 1582 1008 1636 ab
1036 1595 1106 1637 eo
1135 1581 1429 1637 ridiculum
1473 1587 1528 1635 et
1557 1580 1722 1633 inane
1758 1579 2104 1650 proponitur.

589 1670 703 1728 Nec
726 1673 876 1728 enim
909 1674 1057 1730 ullus
1085 1681 1191 1738 est,
1222 1672 1316 1744 qui
1353 1673 1636 1742 paululum
1676 1687 1858 1726 rerum
1898 1671 2110 1726 divina-

2200 575 2342 630 κατὰ
2369 575 2458 629 τὸν
2493 573 2671 628 αὐτῶν
2722 571 2882 641 λόγον
2933 571 3079 642 ἢπερ
3110 567 3161 621 οι
3217 567 3317 632 τὰς
3382 565 3657 630 πολιτείας
3707 566 3795 630 ἐξ-

2201 667 2516 730 ασκοῦντες.
2551 665 2702 718 Δέδιε
2741 663 2849 736 γὰρ
2885 661 3025 716 κατὰ
3043 659 3142 732 τὴν
3165 659 3330 714 αὐτοῦ
3366 659 3792 732 ραψιρδοποιίαν,

2205 761 2419 830 μήπως,
2450 756 2770 828 μεταλαϐὼν
2797 753 3080 826 ἐμψύχων,
3122 751 3281 816 ζώων
3327 768 3389 803 τε
3429 751 3524 802 καὶ
3558 750 3667 803 τῶν
3701 750 3799 804 ἄλ-

2201 849 2329 916 λων,
2359 849 2453 902 καὶ
2509 847 2670 912 αὐτὸς
2711 847 2897 917 ὅμοιος
2919 843 3166 914 γένηται.
3218 840 3540 894 Τούναντίον
3567 841 3792 911 μᾶλλον.

2203 941 2554 1004 Συνελθόντες
2582 939 2691 1011 γὰρ
2717 939 2906 1010 ἄνδρες
2933 936 3271 1007 πεντήκοντα
3293 933 3327 1004 ἢ
3365 933 3458 987 καὶ
3481 933 3696 997 ἑκατὸν,
3734 932 3800 998 ἐξ

2205 1035 2323 1097 ἐνὸς
2357 1033 2559 1104 ταύρου
2591 1033 2641 1085 οἱ
2665 1032 2866 1094 πάντες
2883 1030 3278 1100 τραφήσονται,
3301 1026 3375 1089 ῲς
3399 1025 3541 1079 κατὰ
3563 1026 3661 1096 τὴν
3692 1025 3797 1077 αὐ·-

2203 1125 2298 1180 τοῦ
2355 1124 2590 1196 ματαίαν
2627 1121 3018 1192 συκοφαντίαν,
3077 1121 3228 1190 ὅμως
3281 1117 3419 1188 πρὸς
3453 1116 3672 1186 ἔλεγχον
3709 1115 3800 1167 λε-

2205 1220 2382 1284 κτέον,
2406 1221 2490 1276 ὅτι
2515 1219 2566 1271 οι
2590 1216 2927 1290 πεντήκοντα
2963 1213 2997 1284 ἢ
3023 1212 3076 1265 οῑ
3105 1210 3302 1264 ἑκατὸν
3356 1208 3528 1280 ἔνοχοι
3556 1208 3811 1294 γίνονται,

2210 1311 2339 1380 μιᾶς
2382 1309 2580 1380 ψυχῆς.
2635 1307 2695 1360 ’0
2729 1306 2786 1358 δὲ
2838 1304 2964 1368 τοὺς
3013 1302 3280 1364 κόκκους·
3311 1299 3421 1352 τῶν
3465 1299 3804 1370 σπερμάτων

2207 1401 2403 1455 ἐσθίων
2439 1400 2639 1474 μᾶλλον
2666 1399 2725 1451 ὲν
2757 1397 2838 1451 ἑνὶ
2869 1392 3150 1467 βροχισμῷ
3174 1391 3526 1464 μεταλήψεως
3548 1389 3807 1461 τριάκον-

2207 1511 2278 1549 τα
2303 1491 2398 1548 καὶ
2425 1490 2834 1562 τεσσαράκοντα
2861 1485 3051 1558 ψυχῶν
3079 1484 3237 1542 ἔσται
3267 1483 3459 1550 αἴτιος.
3491 1482 3602 1541 Καὶ
3627 1481 3810 1537 πάντα

2210 1583 2378 1640 αὐτοῦ
2419 1584 2626 1656 μάταια
2655 1583 2751 1636 καὶ
2772 1579 3052 1652 γελοιώδη.

2283 1676 2455 1731 Παντὶ
2493 1674 2602 1747 γὰρ
2643 1673 2721 1744 τῷ
2752 1671 2878 1729 νοῦν
2911 1671 3088 1744 ἔχοντι
3121 1670 3180 1724 ὲν
3208 1669 3400 1741 Κυρίῳ
3443 1667 3512 1722 τὰ
3536 1667 3639 1739 τῆς
3671 1666 3811 1740 ἁλη-

521 1778 646 1818 rum
695 1765 1054 1836 intelligentia
1101 1765 1174 1820 sit
1219 1764 1502 1834 praeditus,
1559 1763 1648 1816 cui
1691 1777 1800 1817 non
1853 1777 1923 1817 ex
1977 1777 2110 1818 sana

2219 1767 2365 1831 θείας
2400 1768 2675 1838 τεκμήρια
2701 1763 2902 1833 εὓδηλα
2947 1760 3218 1834 δήπουθέν
3242 1761 3389 1813 ἐστιν
3419 1759 3480 1830 ὲξ
3508 1760 3679 1832 αὐτῆς
3703 1759 3812 1830 τῆς

521 1851 778 1908 doctrina
815 1832 983 1924 plana
1007 1868 1073 1907 ac
1113 1832 1404 1909 manifesta
1449 1854 1562 1909 sint
1593 1852 1845 1908 veritatis
1882 1852 2104 1906 indicia.

2219 1855 2472 1926 ἀληθινῆς
2506 1832 2882 1915 διδασκαλίας.
2934 1832 3046 1904 καὶ
3075 1849 3186 1920 γὰρ
3230 1847 3327 1902 τοῦ
3361 1849 3614 1920 Σωτῆρος
3652 1849 3812 1903 οὐδὲν

523 1940 738 2015 Quippe
781 1943 1069 2000 Salvatore
1096 1953 1291 2001 nostro
1338 1945 1474 1999 nihil
1511 1945 1576 1999 ad
1607 1944 1891 1999 hominum
1939 1945 2105 1998 vitam

523 2034 911 2091 declarandam
960 2052 1086 2094 esse
1140 2045 1323 2107 potest
1364 2037 1569 2091 verius.
1625 2035 1731 2091 Iste
1777 2050 1906 2090 vero
1947 2034 2108 2089 nobis

524 2123 796 2180 barbarus
842 2123 1034 2192 Persa,
1096 2126 1426 2198 ingenioque
1473 2140 1670 2181 servus
1701 2127 1860 2192 (nam
1903 2123 2107 2194 alioqui

524 2215 663 2270 nihil
699 2215 750 2271 ei
789 2217 1040 2286 corporis
1089 2217 1332 2273 servitus
1375 2216 1639 2287 obesset),
1684 2217 1814 2283 hoc,
1857 2217 2107 2286 inquam,

524 2306 758 2362 asserit:
780 2309 1022 2379 aquales
1046 2322 1242 2364 omnes
1269 2308 1482 2364 animas
1510 2323 1654 2370 esse,
1685 2317 1741 2362 et
1772 2307 1829 2362 in
1855 2307 2112 2362 omnibus

525 2401 747 2456 unicam
797 2401 1050 2471 reperiri,
1083 2410 1195 2455 tam
1227 2399 1542 2455 hominibus
1580 2400 1792 2456 scilicet
1822 2415 1984 2472 quam
2026 2414 2115 2469 pe-

526 2493 784 2558 cudibus,
840 2491 995 2554 feris,
1055 2491 1272 2557 avibus,
1327 2491 1699 2562 serpentibus,
1757 2492 2112 2556 animalibus,

527 2581 874 2646 volucribus,
905 2580 1173 2652 piscibus,
1205 2579 1422 2643 bestiis,
1453 2580 1863 2651 herbarumque
1896 2581 2119 2636 semini-

527 2673 656 2738 bus,
683 2679 740 2728 et
759 2673 1072 2738 arboribus,
1101 2672 1426 2743 ceterisque
1448 2687 1570 2743 quae
1589 2673 1762 2729 videri
1787 2673 1962 2729 oculis
1985 2691 2116 2744 pos-

530 2773 683 2824 sunt.
707 2770 778 2819 At
801 2779 912 2820 non
942 2763 1090 2822 istud
1114 2765 1276 2820 nobis
1300 2779 1330 2818 a
1359 2763 1592 2820 Domino
1614 2765 1988 2836 signiﬁcatum
2009 2775 2111 2822 est.

527 2855 668 2912 Nam
696 2857 745 2914 si
775 2858 850 2912 ita
883 2864 1055 2924 esset,
1086 2870 1212 2911 cum
1255 2856 1324 2911 ad
1360 2856 1584 2911 humani
1625 2857 1845 2929 generis
1887 2859 2117 2914 salutem

529 2949 778 3014 advenit,
829 2947 1070 3020 pecudes
1111 2963 1335 3018 quoque
1388 2955 1662 3013 sanasset,
1704 2948 1884 3020 iisque
1931 2964 2118 3004 curam

530 3055 597 3096 ac
638 3041 848 3098 cultum
882 3039 1248 3104 adhibuisset,
1281 3054 1345 3092 ac
1374 3047 1623 3096 mortuas
1657 3040 1864 3098 bestias
1900 3057 2119 3096 rursum

2210 1945 2570 2018 ἀληθέστερον
2594 1946 2730 2017 πρὸς
2769 1941 3115 2014 ἀποκᾴλυψιν
3150 1939 3295 2011 ζωῆς
3344 1939 3670 2011 ἀνθρώπων.
3699 1941 3815 1994 (tei-

2213 2054 2334 2090 σκει
2355 2037 2465 2106 γὰρ
2485 2028 2642 2098 οὗτος
2665 2037 2694 2089 6
2745 2032 3022 2104 βάρϐαρος
3051 2031 3184 2101 ἡμῖν
3215 2029 3526 2100 παρελθὼν,
3567 2031 3814 2102 Πέρσης,

2212 2127 2308 2181 καὶ
2334 2127 2519 2192 δοῦλος
2564 2127 2662 2199 τὴν
2689 2124 2935 2196 γνώμην.
2969 2121 3137 2177 Ούδὲν
3162 2121 3270 2192 γὰρ
3295 2121 3480 2174 ἐλύπει
3511 2121 3574 2174 τὸ
3610 2122 3802 2176 δοῦλον

2212 2220 2375 2274 αὐτὸν
2427 2217 2568 2274 εἶναι
2615 2218 2758 2273 κατὰ
2784 2217 2848 2271 τὺ
2877 2216 3058 2288 σῶμα.
3097 2217 3266 2287 Φησὶν
3300 2210 3418 2276 οὖν,
3438 2217 3522 2270 ὅτι
3547 2218 3720 2272 πᾶσαι
3753 2219 3817 2272 αἱ

2213 2313 2386 2382 ψυχαὶ
2408 2313 2522 2366 ἴσαι
2547 2312 2675 2376 εισι,
2724 2312 2820 2370 καὶ
2843 2311 2880 2381 ἡ
2935 2309 3034 2380 μία
3058 2310 3116 2362 ὲν
3138 2309 3311 2362 ἅπασι
3347 2307 3628 2378 τυγχάνει,
3659 2307 3716 2362 ἐν
3753 2326 3817 2362 τε

2215 2405 2523 2477 ἀνθρώποις
2550 2405 2645 2459 καὶ
2671 2405 2912 2473 κτήνεσι,
2945 2402 3039 2455 καὶ
3068 2400 3252 2472 θηρσὶ,
3279 2401 3372 2454 καὶ
3401 2404 3686 2465 πετεινοῖς,
3719 2401 3822 2457 καὶ

2217 2498 2488 2568 ἑρπετοῖς,
2526 2496 2622 2550 καὶ
2657 2494 2838 2560 ζώοις,
2896 2493 3119 2563 πτηνοῖς
3168 2508 3230 2544 τε
3259 2491 3352 2544 καὶ
3378 2491 3634 2557 ὲναλίοις,
3668 2510 3816 2546 κνω-

2217 2590 2398 2654 δάλοις
2424 2607 2484 2642 τε
2518 2589 2615 2643 καὶ
2639 2589 2696 2641 ὲν
2726 2588 3007 2658 σπέρμασι
3036 2586 3418 2658 γεννημάτων,
3450 2587 3510 2639 ὲν
3538 2585 3716 2652 ξύλοις
3753 2601 3821 2640 τε

2219 2685 2314 2739 καὶ
2337 2685 2395 2736 ὲν
2427 2685 2538 2746 τοῖς
2561 2680 2741 2744 ἄλλοις
2764 2681 2933 2733 πᾶσιν
2959 2680 3199 2750 ὁρατοῖς.
3225 2679 3334 2733 Καὶ
3359 2677 3459 2748 οὐχ
3484 2675 3656 2740 οὕτως
3710 2677 3821 2731 ὑπ-

2220 2778 2420 2844 έδειξεν
2447 2777 2476 2830 6
2502 2773 2705 2844 Κύριος
2737 2765 3015 2842 {judifo
3048 2768 3158 2840 γὰρ
3196 2766 3364 2821 ἐλθὼν
3395 2767 3567 2822 σῶσαι
3597 2767 3696 2838 τὴν
3723 2765 3822 2820 ἀν-

2222 2868 2570 2943 θρωπότητα,
2624 2864 2720 2917 καὶ
2748 2861 2849 2933 τὴν
2898 2858 3007 2916 τῶν
3059 2856 3273 2928 κτηνῶν
3304 2858 3558 2921 ἐποιεῖτο,
3585 2855 3686 2927 τὴν
3716 2855 3824 2926 τῆς

2226 2963 2420 3026 ἰάσεως
2453 2956 2772 3030 ἐπιμέλειάν
2803 2974 2862 3012 τε
2897 2956 2994 3011 καὶ
3023 2953 3346 3026 θεραπείαν,
3376 2952 3478 3008 καὶ
3519 2950 3822 3006 ἀνάστασιν

2223 3055 2333 3109 τῶν
2359 3051 2726 3108 πεπτωκότων
2760 3048 2915 3112 ζώων
2976 3047 3247 3116 συνάγων.
3316 3044 3456 3098 Ἀλλ’
3488 3044 3586 3114 οὐχ
3639 3041 3822 3107 οὕτως

532 3133 602 3189 ad
631 3133 804 3188 vitam
845 3132 1164 3194 excitasset.
1186 3130 1354 3203 650
1380 3131 1550 3200 Atqui
1581 3131 1741 3200 longe
1789 3131 1900 3187 alia
1931 3147 2114 3184 narra-

2223 3147 2509 3218 διηγείται,
2533 3142 2653 3197 οὐδὲ
2681 3141 2853 3203 οὕτως
2874 3139 3137 3201 διδάσκει,
3170 3136 3245 3208 μὴ
3269 3136 3508 3204 γένοιτοῐ
3541 3134 3680 3187 Ἀλλ’
3709 3127 3824 3188 οἶδε

531 3224 632 3290 vit,
686 3238 787 3279 nec
822 3221 976 3279 istud
1011 3237 1250 3292 unquam
1285 3221 1494 3276 docuit.
1537 3223 1732 3277 Absit!
1789 3221 1848 3277 Si
1899 3223 2114 3294 quidem

2230 3240 2327 3310 μὲν
2365 3236 2527 3300 αὐτὸς
2581 3234 2681 3298 τὰς
2730 3231 2908 3303 ψυχὰς
2958 3229 3068 3285 τῶν
3128 3225 3711 3307 ἀνθρὼπων-σώζειν,
3752 3225 3824 3297 ἢν

531 3313 818 3369 hominum
861 3329 922 3368 se
965 3313 1166 3369 animis
1225 3313 1457 3369 salutem
1513 3315 1754 3371 tribuere
1806 3320 2120 3384 proﬁtetur,

531 3421 699 3478 quam
735 3407 840 3461 hoc
879 3405 1169 3477 aenigmate
1211 3407 1452 3463 breviter
1484 3410 1806 3479 complexus
1843 3418 1948 3474 est,
1995 3427 2120 3464 cum

425 3545 428 3550 .
532 3500 672 3559 dixit
704 3518 718 3555 :
750 3498 873 3553 Non
919 3500 1033 3554 veni
1076 3499 1183 3554 nisi
1225 3511 1437 3569 propter
1488 3517 1632 3556 ovem
1669 3519 1787 3573 qua:
1823 3503 2120 3572 perierat‘.

534 3590 747 3657 Quibus
777 3590 964 3646 verbis
985 3590 1300 3646 universam
1343 3591 1583 3649 hominis
1623 3602 1878 3648 naturam
1925 3596 2126 3648 intelli-

535 3683 632 3754 git.
660 3683 934 3748 Quidnam
957 3696 1092 3737 vero
1117 3689 1383 3751 praeterea
1414 3684 1683 3754 scriptum
1716 3683 1834 3740 est?
1863 3685 2123 3752 Curabat,

537 3775 736 3843 inquit,
763 3790 940 3827 omnes
975 3788 1104 3841 quos
1137 3773 1426 3847 oﬂ'erebatit
1465 3775 1586 3839 sibi,
1621 3775 1910 3840 lunaticos,
1953 3788 2003 3831 et
2032 3795 2124 3831 ra-

537 3867 634 3920 riis
664 3865 860 3920 morbis
888 3866 1107 3938 aﬂ'ectos
1127 3867 1172 3920 ³.
1196 3866 1334 3921 Cum
1377 3868 1525 3922 enim
1553 3883 1750 3934 caecos,
1793 3868 2013 3933 surdos,
2051 3872 2127 3922 in-

537 3973 760 4021 curvos,
807 3958 1440 4028 paralyticos,'mancos
1481 3959 1549 4014 ad
1593 3974 1719 4014 eum
1768 3959 2126 4026 adducerent,

537 4047 799 4104 omnibus
837 4046 1164 4104 beneﬁcium
1195 4062 1356 4101 suum
1399 4061 1463 4102 ac
1493 4048 1788 4104 sanitatem
1814 4047 2002 4119 largiri
2033 4063 2125 4104 so-

539 4141 707 4208 lebat,
747 4157 1021 4210 nusquam
1071 4157 1205 4196 vero
1245 4143 1510 4212 scriptum
1545 4151 1631 4198 est
1674 4143 1912 4214 pecudes
1945 4143 2126 4200 eidem

539 4235 777 4291 oblatas.

608 4327 884 4383 Praeterea
919 4344 1043 4383 cum
1075 4328 1143 4385 ad
1168 4327 1606 4399 Gergesenorum
1640 4329 1915 4400 regionem
1946 4332 2129 4386 venis—

538 4429 644 4487 set,
683 4433 744 4478 ut
775 4421 993 4477 Marcus
1040 4423 1320 4491 asserit';
1369 4432 1464 4479 aut
1510 4424 1578 4478 ad
1631 4440 1824 4480 eorum
1863 4423 2020 4491 lines,
2069 4435 2129 4479 ut

2229 3328 2527 3400 συλλήϐδην
2546 3329 2566 3359 ⁶
2595 3323 2930 3397 συνειληφὼς
2955 3323 3042 3377 διὰ
3062 3321 3156 3376 τοῦ
3181 3321 3506 3392 αἰνίγματος
3526 3320 3637 3390 ἔφη
3653 3337 3666 3348 ο
3695 3320 3824 3372 Οὐκ

2227 3418 2417 3492 ἦλθον
2441 3423 2491 3474 εἰ
2515 3419 2600 3489 μὴ
2630 3418 2729 3474 διὰ
2760 3419 2825 3472 τὸ
2879 3416 3182 3485 πρόϐατον
3213 3413 3280 3470 τὸ
3329 3413 3669 3478 ἀπολωλός.
3700 3411 3825 3465 Ἵνα

2226 3515 2354 3584 εἴπῃ
2379 3514 2560 3566 πᾶσαν
2585 3511 2746 3582 φύσιν
2779 3507 3146 3582 ἀνθρωπείαν.
3176 3506 3358 3562 Καὶτί
3393 3522 3556 3577 φησι;
3595 3503 3825 3572 Ἐθερά-

2227 3622 2374 3659 πευε
2402 3603 2657 3669 πάντας,
2683 3601 2789 3667 οἶες
2813 3603 3032 3668 ἔφερον
3056 3597 3238 3664 αὐτῷ,
3281 3595 3825 3666 σεληνιαζομένους

2229 3698 2327 3752 καὶ
2354 3695 2795 3765 κατεχομένους
2823 3694 2893 3748 ἐν
2921 3693 3226 3758 ποικίλαις
3281 3693 3507 3756 νόσοις.
3542 3689 3828 3762 Προσέφε-

2231 3807 2324 3861 ρον
2359 3789 2507 3860 αὑτῷ
2549 3788 2806 3858 τυτλοῦς.
2841 3785 3078 3856 κωφοὺς,
3110 3783 3358 3848 κυλλοὺς,
3395 3781 3825 3855 παραλυτικοὺς,

2230 3883 2566 3954 ἀναπήρους,
2600 3881 2695 3934 καὶ
2725 3880 2817 3932 ἐπὶ
2873 3878 3082 3941 πάντας
3109 3875 3284 3948 ἦπλου
3325 3874 3425 3946 τὴν
3467 3871 3632 3928 αὑτοῦ
3666 3872 3827 3945 εὐερ-

2229 3973 2422 4042 γεσίαν
2473 3991 2532 4026 τε
2575 3973 2669 4026 καὶ
2707 3971 2980 4042 ἰατρείαν·
3014 3967 3252 4040 οὐδαμοῦ
3295 3966 3355 4020 δὲ
3384 3965 3717 4038 γέγραπται,
3737 3966 3834 4029 ὅτι,

2231 4067 2616 4139 προσήνεγκαν
2640 4064 2789 4136 αὐτῷ
2814 4063 2949 4127 ζῶα.

2303 4331 2439 4393 Eis:
2470 4334 2633 4388 πάλιν
2674 4330 2848 4385 ἐλθὼν
2887 4331 2970 4394 εἰς
2999 4330 3068 4384 τὰ
3098 4329 3239 4400 μέρη
3272 4327 3386 4397 (32)
3415 4326 3516 4398 τῆς
3544 4326 3826 4398 Γεργεση-

2231 4431 2356 4496 νῶν,
2384 4429 2459 4492 ὡς
2504 4431 2532 4483 6
2554 4427 2780 4500 Μάρκος
2814 4424 2982 4494 λέγει,
3015 4422 3048 4494 ἢ
3085 4423 3143 4475 ὲν
3162 4423 3273 4485 τοῖς
3299 4420 3467 4492 ὁρίοις
3499 4417 3605 4472 τῶν
3624 4418 3827 4490 Γεργε-

537 4511 716 4571 Lucas
756 4514 1052 4586 scripsit‘;
1101 4525 1198 4570 aut
1239 4515 1681 4585 Gadarenorum,
1704 4524 1764 4571 ut
1805 4515 2114 4582 Mattheus;

2233 4520 2431 4594 σηνῶν,
2465 4521 2540 4583 ὡς
2561 4519 2590 4571 6
2613 4518 2826 4580 Λουκᾶς
2861 4531 3048 4588 φησιν,
3082 4513 3116 4584 ἦ
3147 4509 3586 4582 Γαδαρηνῶν,ὼς
3613 4510 3641 4560 6
3666 4509 3826 4562 Ματο

540 4608 658 4661 sive
693 4606 1131 4678 Gergeseorum,
1174 4617 1236 4662 ut
1280 4611 1613 4680 exemplaria
1646 4609 1895 4681 qumdam
1938 4610 2125 4681 praele-

540 4708 704 4766 runt;
736 4708 856 4754 erat
887 4702 1033 4756 enim
1065 4700 1234 4755 trium
1274 4703 1504 4757 sortium
1542 4703 1598 4758 in
1637 4703 1814 4758 medio
1855 4704 2009 4759 locus
2037 4704 2126 4760 ille

541 4795 752 4864 positus
799 4814 813 4850 ;
853 4795 1022 4860 Ecce,
1065 4796 1246 4868 inquit
1270 4797 1320 4860 ',
1364 4797 1680 4854 dmmoniaci
1722 4797 1828 4851 duo
1885 4797 2123 4867 diﬁciles

541 4886 692 4940 ualde
711 4903 737 4940 c
756 4889 1103 4944 monumentis
1126 4890 1323 4960 egressi
1351 4891 1656 4950 clamabant
1675 4890 1906 4945 dicentes
1930 4906 1949 4944 :
1974 4888 2120 4944 Sine.

543 4978 686 5043 Quid
731 4981 879 5035 nobis
923 4993 970 5036 et
1019 4982 1136 5047 tibi,
1186 4980 1318 5038 Iesu
1369 4981 1481 5037 Fili
1519 4983 1641 5050 Dei,
1700 4987 1953 5054 quoniam
2003 4995 2127 5039 ante

543 5083 744 5138 tempus
788 5073 970 5126 venisti
1021 5084 1260 5144 torquere
1301 5079 1439 5132 nos?
1467 5074 1727 5131 Nouimus
1770 5085 1839 5142 te,
1879 5077 1970 5146 qui
2024 5078 2120 5139 sis,

543 5159 775 5215 Sanctus
823 5161 942 5217 Dei.
982 5163 1114 5218 Erat
1157 5177 1334 5221 autem
1377 5185 1504 5238 grex
1537 5186 1839 5240 porcorum,
1873 5170 1964 5240 qui
2011 5170 2124 5225 illic

542 5256 877 5320 pascebatur.
922 5253 992 5309 Et
1026 5258 1282 5326 rogabant
1302 5276 1420 5313 eum
1462 5260 1725 5317 daemones
1763 5261 1992 5317 dicentes
2023 5260 2123 5317 :Si

2233 4615 2403 4676 θαῖος,
2435 4611 2470 4683 ἢ
2503 4609 2866 4681 Γεργεσαίων,
2924 4608 3000 4671 ὡς
3037 4603 3348 4676 ἀντίγραφά
3377 4619 3500 4656 τινα
3531 4600 3642 4671 ἔχει
3664 4617 3679 4630 ·
3709 4599 3824 4654 τῶν

2231 4705 2341 4777 γὰρ
2367 4704 2536 4776 τριῶν
2561 4703 2782 4773 κλήρων
2810 4703 2839 4754 6
2878 4700 3044 4762 τόπος
3074 4699 3177 4752 ἀνὰ
3219 4697 3384 4768 μέσον
3421 4691 3490 4766 ἦν
3509 4711 3523 4724 ·
3555 4691 3664 4748 Kal
3688 4690 3823 4745 ἰδοὺ

2230 4799 2339 4852 δύο
2389 4793 2854 4864 δαιμονιζόμενοι
2887 4791 3140 4861 χαλεποὶ
3190 4789 3354 4853 λίαν,
3408 4786 3476 4842 ἐκ
3503 4783 3622 4839 τῶν
3661 4799 3822 4852 μνη-

2227 4889 2412 4961 μείων
2443 4887 2846 4956 ἐξερχόμενοι.
2899 4883 2995 4938 καὶ
3027 4880 3279 4951 ἔκραζον
3327 4878 3641 4948 λέγοντες
3679 4876 3817 4927 Ἔα·

2231 4984 2289 5038 τί
2321 4980 2465 5052 ἡμῖν
2514 4979 2613 5033 καὶ
2665 4977 2787 5042 σοι,
2831 4976 3033 5045 Ἰησοῦ
3097 4974 3192 5036 rte
3218 4972 3325 5028 τοῦ
3356 4970 3526 5033 Θεοῦ,
3581 4968 3668 5022 ὅτι
3703 4966 3822 5033 πρὸ

2229 5075 2436 5144 καιροῦ
2463 5070 2644 5144 ἦλθες
2663 5071 3005 5137 βασανίσαι
3032 5067 3227 5138 mide;
3255 5063 3512 5134 Οἴδαμέν
3538 5079 3610 5116 σε
3629 5060 3718 5125 τίς
3741 5055 3820 5124 εἷ,

2228 5171 2262 5223 ό
2289 5168 2484 5237 ’Ἄγιος
2509 5164 2616 5220 τοῦ
2653 5163 2824 5219 Θεοῦ.
2857 5158 2977 5218 Ἦν
3005 5160 3074 5214 δὲ
3095 5159 3286 5230 ἀγέλη
3313 5157 3533 5227 χοίρων
3561 5151 3686 5206 ἐκεῖ
3703 5151 3817 5215 βο-

2229 5258 2518 5329 σκομένη.
2550 5257 2660 5314 Kal
2683 5254 3075 5325 παρεκάλουν
3097 5251 3287 5308 αὑτὸν
3319 5252 3375 5305 οι
3409 5247 3689 5318 δαίμονες
3725 5241 3818 5298 λέ-

615 5413 630 5442 ²
667 5409 857 5464 Matth.
893 5427 982 5475 xv,
1010 5409 1100 5464 2!.
1177 5414 1198 5443 ³
1221 5409 1414 5466 Matth.
1451 5428 1526 5477 tv,
1557 5415 1644 5472 14.
1719 5416 1743 5447 ³
1769 5415 1936 5472 Marc.
1967 5433 2022 5485 v,
2054 5415 2102 5471 l.
2180 5414 2202 5446 δ
2230 5414 2363 5469 Luc.
2388 5429 2507 5480 vnt,
2534 5413 2624 5467 26.
2699 5415 2721 5445 '
2750 5409 3280 5476 Mattlt.vtu,28-53.
3337 5408 3359 5439 ‘
3379 5404 3440 5460 F.
3471 5404 3500 5458 6
3525 5403 3642 5458 συλ.

616 5564 727 5631 (32)
763 5561 909 5638 Εἶτα
953 5564 1377 5638 πάλιν-*ἐλθὼν
1408 5569 1494 5638 είς
1533 5568 1604 5621 τὰ
1654 5569 1825 5638 μέρη.
1875 5571 2129 5626 Levicule

545 5633 636 5718 hic
694 5637 1082 5718 numici-natur.
1140 5635 1356 5716 §tenim
1383 5633 1805 5718 __Mart_-us'_cap_.
1849 5643 1987 5704 v.1,
2029 5644 2130 5712 τὴν

582 5706 729 5773 ῶραν
750 5706 858 5759 τῶν
880 5706 1479 5782 Γαδαρηνῶν-υρρθιιυε
1490 5724 1504 5767 ;
1538 5708 1727 5782 M_attl_t.
1752 5706 2124 5782 Γεργεσηνῶν.

2236 5570 2439 5640 ubique
2460 5567 2886 5640 Gerasenorum.
2917 5566 3120 5640 Gerasn
3148 5574 3201 5619 et
3225 5562 3440 5640 Gadara
3466 5559 3596 5640 aliis
3614 5557 3814 5640 oppida

2237 5627 2371 5704 duo,
2410 5641 2533 5694 aliis
2560 5656 2728 5692 unum
2751 5648 2805 5692 et
2830 5639 2971 5692 idem
3005 5639 3174 5691 fuisse
3206 5636 3437 5689 videtur.
3466 5630 3601 5684 Vide
3622 5627 3813 5682 Janse-

2237 5714 2388 5766 nium
2417 5725 2536 5779 cap.
2570 5711 2636 5764 50
2659 5708 2919 5764 Concord.
2946 5708 2990 5761 A
3020 5709 3218 5777 quilms
3244 5715 3636 5760 transamnaua
3661 5711 3807 5769 qu3~

633 5788 726 5828 cas
761 5789 862 5838 cap
915 5772 1040 5840 vui,
1071 5772 1163 5839 26.
1194 5772 1536 5849 Γαδὸρηνῶν.
1575 5772 2113 5862 Latinus'inter'pres
2226 5783 2351 5846 dam
2381 5772 2532 5855 regio
2562 5797 2757 5837 liOlllUt
2791 5781 3019 5858 accepit.
