4078 6470
483 371 553 431 8⁷
1903 380 1960 436 s.
2005 378 2346 437 mrnmn
3665 369 3741 428 88

491 488 591 550 Qui
634 502 757 540 cum
792 485 934 540 hanc
970 501 997 540 a
1030 487 1189 542 nobis
1225 489 1698 546 ratiocinationem
1743 495 2061 562 accepisset,

2184 510 2243 564 τη
2275 495 2380 565 ἀρα
2422 493 2644 548 δύναται
2699 490 2835 545 κατά
2879 491 2976 561 τῆς
3022 487 3116 542 τοῦ
3158 484 3295 541 Θεοῦ
3337 483 3593 557 ἀληθείας
3644 483 3743 536 καὶ

490 592 795 633 conversus
847 578 900 631 in
943 594 1066 634 sese
1106 581 1336 648 pecudis
1364 581 1527 636 homo
1579 582 1783 639 similis
1821 585 2062 654 cogitare

2184 587 2380 656 (λεύης,
2419 584 2630 656 έμπλεα
2661 583 2880 654 ῥήματα
2908 579 3086 651 ἑαυτῷ
3117 579 3568 651 προϐαλλόμενος,
3603 575 3744 648 [ἐνό-

490 664 677 733 coepit,
727 663 922 735 ecquid
973 665 1236 723 adversus
1287 667 1533 724 divinam
1576 670 1725 724 illam
1780 673 2062 728 veritatem

2184 678 2317 750 ιισε]
2347 678 2416 731 τά
2442 673 2670 746 ἀληθινὰ
2698 674 2776 745 τῷ
2799 672 2984 743 ψεύδει
3011 669 3376 742 μηχανᾶσθαι,
3409 666 3502 722 καί
3531 683 3696 736 φησιν
3721 682 3738 694 ·

495 765 677 823 posset
706 755 964 825 obiicere.
995 755 1234 814 Proinde
1267 777 1469 815 vanum
1497 777 1562 816 ac
1587 762 1878 818 ridiculum
1907 764 2066 834 quid-

2180 769 2339 823 Ἀλλά
2365 769 2635 838 διενήνοχε
2680 769 2795 830 τοῖς
2826 765 3029 837 χοίροις
3057 763 3120 816 τὸ
3148 761 3424 815 τεθνάναι.
3472 757 3744 829 Ἀπηλλά-

492 848 616 896 dam
678 859 964 914 opponens
1034 848 1321 903 mendacio
1377 851 1660 906 veritatem
1715 859 1961 906 evertere
2006 865 2068 906 se

2184 879 2343 933 maav
2374 861 2488 935 γὰρ
2521 861 2578 915 αί
2608 859 2779 930 ψυχαὶ
2811 857 2922 912 ἀπὸ
2956 856 3066 910 τῶν
3093 853 3383 926 σωμάτων,
3419 851 3513 907 καὶ
3537 849 3746 921 ἐσώθη-

491 948 653 1001 posse
705 933 1035 990 crediderat.
1109 937 1204 991 Sic
1263 939 1430 1006 igitur
1473 941 1756 996 asserebat
1803 960 1816 995 :
1867 939 2067 996 Utilem
2169 971 2286 1011 σαν,

498 1026 680 1091 porcis
729 1037 964 1082 mortem
997 1029 1144 1083 illam
1177 1030 1370 1088 fuisse.
1403 1033 1478 1086 Ita
1510 1034 1656 1092 enim
1687 1051 1716 1088 a
1745 1034 2073 1104 corporibus

495 1117 738 1171 liberatae
763 1132 827 1172 ac
852 1127 1084 1175 servatae
1108 1130 1239 1176 sunt
1268 1123 1488 1180 animae.

571 1206 681 1264 Sed
730 1210 1042 1268 istiusmodi
1089 1213 1414 1278 hominum,
1465 1217 1560 1286 qui
1609 1216 1746 1272 nihil
1791 1216 1980 1272 vident
2015 1223 2073 1271 et

496 1307 679 1355 mente
720 1301 848 1356 caeci
899 1311 1048 1368 sunt,
1105 1319 1282 1375 neque
1331 1307 1464 1376 quid
1495 1306 1680 1363 dicant
1713 1307 1905 1364 audire
1933 1307 2070 1379 ipsi-

497 1398 606 1444 met
629 1391 905 1460 videntur,
939 1395 1169 1466 insignis
1191 1406 1274 1452 est
1298 1400 1571 1454 vecordia.
1597 1398 1734 1455 Nam
1761 1401 1807 1455 si
1835 1400 2071 1455 liberare

496 1496 526 1534 a
557 1484 883 1552 corporibus
933 1486 1146 1542 animas
1195 1488 1439 1545 salutare
1486 1505 1610 1547 esse
1669 1499 1858 1562 putat,
1915 1492 2073 1562 longe

495 1573 803 1629 consultius
845 1573 1096 1631 Salvator
1124 1578 1351 1648 egisset,
1382 1581 1429 1634 si
1458 1591 1775 1651 correptum
1811 1596 1841 1634 a
1873 1583 2075 1636 daemo-

500 1662 662 1717 nibus
690 1661 968 1718 hominem
1018 1665 1344 1737 ablegasset,
1391 1668 1557 1739 652
1607 1677 1668 1724 ut
1713 1671 1782 1725 ab
1834 1671 2075 1726 hominis

495 1767 728 1823 corpore
759 1757 989 1811 liberata
1021 1759 1243 1816 tandem
1278 1761 1456 1814 anima
1502 1761 1738 1817 salutem
1782 1764 2074 1819 obtineret.

2243 1221 2355 1275 Kal
2387 1218 2555 1290 πολλὴ
2588 1219 2741 1272 ἄνοια
2773 1215 2882 1269 τῶν
2913 1215 2986 1286 μὴ
3021 1213 3347 1284 βλεπόντων,
3383 1209 3476 1262 καὶ
3511 1208 3609 1278 τὴν
3633 1205 3751 1259 Basia

2173 1329 2322 1366 νοιαν
2371 1309 2814 1380 τυφλωττόντων,
2873 1305 3009 1376 μηδὲ
3038 1307 3119 1367 εἰς
3166 1303 3418 1372 αἴσθησιν
3463 1299 3631 1368 ἀκοῆς
3680 1297 3753 1350 τὰ

2175 1403 2269 1456 ὑπ’
2312 1399 2494 1454 αὐτῶν
2539 1398 2807 1467 λεγόμενα
2841 1394 3247 1465 λαμδανόντων.
3282 1393 3344 1445 Et
3383 1390 3490 1460 γάρ
3526 1388 3660 1450 ὅλως
3687 1387 3757 1439 τὸ

2173 1493 2281 1546 ἀπὸ
2305 1490 2400 1546 τοῦ
2443 1489 2695 1561 σώματος
2727 1485 3106 1556 ἀπαλλαγῆναι
3139 1484 3236 1547 τάς
3270 1481 3448 1553 ψυχὰς
3476 1481 3756 1549 σωτηρίαν

2175 1586 2408 1655 ἡγεῖται,
2440 1582 2546 1635 ἔδει
2594 1579 2794 1652 μᾶλλον
2843 1578 2936 1631 τὸν
2969 1577 3202 1647 Σωτῆρα
3234 1571 3549 1627 ἀποστεῖλαι
3594 1570 3614 1600 ⁷
3658 1567 3758 1620 τὸν

2175 1675 2514 1747 δαιμονῶντα
2547 1670 2856 1743 ἄνθρωπον,
2883 1669 2970 1721 ἵνα
3000 1666 3148 1738 σωθῇ
3185 1667 3219 1736 ἡ
3254 1663 3398 1735 ψυχὴ
3427 1660 3536 1715 ἀπὸ
3562 1659 3760 1728 σώμα-

2177 1783 2266 1830 τος
2311 1763 2598 1836 ἀνθρώπου
2646 1759 3042 1828 ἀπαλλαγεῖσα.
3080 1755 3290 1810 Οὐκοῦν
3327 1753 3516 1823 ἠγάπα
3555 1749 3762 1820 μᾶλλον

497 1843 642 1915 Ergo
673 1848 888 1902 animas
933 1849 1078 1913 illas,
1127 1865 1250 1919 quae
1291 1851 1345 1903 ln
1396 1852 1581 1921 porcis
1625 1853 1861 1920 inerant,
1905 1853 2078 1924 pluris

2184 1856 2278 1918 τὰς
2299 1853 2476 1924 ψυχὰς
2508 1851 2608 1915 τὰς
2649 1852 2708 1906 ἐν
2736 1853 2850 1913 τοῖς
2877 1849 3080 1920 χοίροις
3123 1844 3264 1916 ὑπὲρ
3303 1843 3404 1914 τὴν
3431 1839 3608 1912 ψυχὴν
3655 1837 3762 1908 τὴν

500 1938 740 1993 hominis
786 1940 971 1993 anima
1022 1939 1274 1996 faciebat.
1323 1942 1435 1996 Cur
1481 1943 1629 1998 enim
1675 1959 1784 1998 non
1817 1955 1873 2000 et
1905 1946 2080 2000 homi-

499 2041 622 2081 nem
661 2026 718 2082 in
752 2043 904 2084 mare
932 2044 1056 2084 cum
1091 2032 1274 2100 porcis
1323 2033 1664 2102 praecipitare
1707 2043 1762 2089 et
1803 2035 2077 2105 exstingui

499 2133 697 2188 passus
747 2130 854 2185 est,
904 2135 1014 2190 quo
1064 2122 1352 2176 universas
1400 2122 1634 2186 animas,
1681 2134 1790 2179 tam
1838 2125 2079 2181 hominis

495 2209 705 2264 scilicet
737 2225 898 2280 quam
935 2227 1258 2282 porcorum,
1309 2223 1628 2286 repurgaret
1673 2229 1738 2271 ac
1787 2219 2074 2272 servaret?

499 2295 698 2358 Verum
749 2304 910 2374 longe
958 2307 1118 2362 aliter
1164 2307 1312 2362 istud
1365 2308 1758 2380 intelligimus;
1805 2309 2077 2381 siqu-idem

496 2393 764 2450 Lazarum
791 2411 823 2451 e
849 2407 1207 2453 monumento
1231 2401 1656 2467 quatriduanum
1673 2411 1888 2467 evocat,
1915 2411 2080 2473 atque

499 2486 724 2553 excitat,
753 2493 809 2542 et
855 2487 912 2541 in
958 2487 1224 2542 mundum
1275 2488 1530 2556 reducit;
1567 2505 1670 2546 nec
1714 2491 1904 2561 utique
1949 2492 2078 2546 mali

497 2576 799 2648 quidquam
828 2593 896 2634 eo
929 2577 1076 2634 tacto
1103 2580 1400 2636 conciliare
1425 2581 1618 2645 voluit,
1655 2589 1749 2636 aut
1777 2581 2076 2638 absurdum

499 2670 550 2723 ei
582 2669 792 2738 aliqu-id
837 2669 1194 2741 ineptumque
1225 2670 1426 2728 facere.
1459 2672 1692 2727 Amabat
1723 2676 1864 2729 enim
1896 2673 2077 2728 Laza-

500 2776 642 2824 rum,
683 2761 760 2816 ait
797 2759 1080 2832 Scriptura
1107 2764 1148 2816 ¹.
1199 2762 1369 2830 Quem
1406 2763 1576 2835 igitur
1607 2767 1846 2834 amabat,
1893 2783 1993 2822 cur
2023 2767 2078 2823 in

500 2867 747 2919 carnem,
787 2852 833 2908 si
881 2867 946 2908 ea
989 2855 1130 2909 mala
1169 2865 1276 2920 est,
1329 2856 1540 2928 regredi
1583 2858 1800 2913 voluit?
1833 2874 1934 2914 cur
1969 2876 2078 2915 non

501 2951 777 2997 mortuum
807 2943 957 2997 illum
1000 2946 1170 3001 semel
1201 2937 1622 3018 exsolutumq'ue
1642 2963 1874 3019 corpore
1902 2949 1976 3003 ita
2005 2950 2080 3005 uti

501 3039 624 3086 erat
668 3031 934 3102 reliquit?
963 3031 1076 3088 Nec
1108 3044 1192 3089 est
1220 3033 1365 3104 quod
1393 3035 1498 3090 sibi
1529 3034 1818 3106 quisquam
1845 3050 2080 3104 persua-

501 3126 628 3179 deat
673 3124 943 3187 Lazarum
1000 3126 1236 3183 subinde
1275 3143 1405 3184 esse
1455 3136 1756 3183 mortuum.
1788 3125 1902 3183 Hoc
1934 3129 2078 3184 enim

2179 1947 2273 2001 τοῦ
2315 1943 2625 2016 ἀνθρώπου.
2667 1943 2787 1996 Τίνι
2817 1942 2926 2009 γὰρ
2961 1937 3040 2008 τῷ
3071 1937 3215 2006 λόγῳ
3254 1933 3376 2005 οὐχὶ
3417 1931 3513 1986 καὶ
3538 1930 3628 1984 τὸν
3657 1929 3761 1982 ἄν-

2181 2040 2396 2106 θρωπον
2421 2035 2558 2107 μετὰ
2605 2032 2714 2087 τῶν
2742 2032 2940 2102 χοίρων
2969 2027 3268 2099 ἐπέτρεψεν
3307 2021 3646 2094 ἐμϐληθῆναι
3676 2020 3764 2083 εἰς

2179 2131 2476 2193 Θάλασσαν,
2503 2128 2601 2182 καὶ
2627 2125 2941 2191 ἀποθανεῖν,
2975 2124 3058 2187 είς
3081 2122 3143 2174 τὸ
3173 2119 3271 2182 τὰς
3295 2116 3473 2188 ψυχὰς
3496 2114 3624 2176 ὅλας
3658 2109 3765 2164 τοῦ

2177 2239 2237 2274 τε
2264 2219 2555 2293 ἀνθρώπου
2583 2219 2680 2272 καὶ
2705 2217 2815 2271 τῶν
2846 2216 3044 2287 χοίρων
3067 2209 3384 2282 καθαρίσαι,
3427 2205 3522 2260 καὶ
3551 2204 3765 2268 σῶσαι;

2193 2311 2335 2365 Ἀλλ’
2383 2309 2482 2381 οὐχ
2526 2309 2701 2373 οὕτως
2749 2307 2998 2379 εἴδομενο
3050 2303 3187 2357 ἀλλά
3232 2301 3481 2370 Λάζαρον
3521 2295 3617 2367 μὲν
3648 2293 3768 2348 ἀπὸ

2183 2403 2453 2475 μνημείου
2475 2401 2794 2473 τεταρταῖον
2829 2397 3007 2461 καλεῖ,
3035 2395 3131 2451 καὶ
3167 2394 3393 2464 ἐγείρει,
3423 2387 3520 2443 xal-
3543 2389 3622 2445 εἰς
3663 2386 3770 2438 κό-

2183 2512 2320 2566 σμον
2347 2493 2689 2564 ἐπιστρέφει,
2722 2491 2785 2545 οὗ
2827 2489 3094 2562 πονηρίαν
3125 2485 3274 2556 αὐτῷ
3315 2482 3610 2554 προξενῶν,
3639 2476 3773 2529 οὐδέ

2178 2605 2234 2642 τι
2267 2587 2560 2658 ἀϐέλτερον
2592 2583 2741 2656 αὐτῷ
2795 2580 3181 2654 ἐργαζόμενος.
3244 2578 3467 2646 Ἠγάπα
3505 2572 3614 2644 γὰρ
3652 2569 3771 2622 τὸν

2181 2679 2466 2749 Λάζῖιρον,
2493 2677 2658 2749 φησὶν
2687 2677 2722 2748 ἡ
2752 2675 2960 2746 Γραφή.
2998 2674 3095 2726 ’ον
3122 2670 3313 2741 ὴγάπα
3339 2667 3538 2728 τοίνυν,
3561 2663 3678 2726 πῶς
3712 2663 3772 2715 ἐν

2180 2769 2246 2838 τῇ
2281 2767 2446 2839 σαρκὶ
2477 2765 2798 2836 ἀνακάμψαι
2834 2763 3031 2826 ἐποίει,
3070 2761 3231 2831 εἰπερ
3275 2755 3485 2828 πονηρά
3527 2755 3561 2826 ἡ
3590 2751 3770 2824 σάρξ;

2187 2859 2301 2923 πῶς
2332 2859 2388 2913 δὲ
2415 2859 2517 2912 οὑκ
2545 2859 2696 2912 εῐασε
2733 2857 2933 2928 μᾶλλον
2962 2855 3054 2908 τὸν
3086 2852 3236 2918 ἀπαξ
3274 2849 3634 2909 ἀποθανόντα,
3667 2848 3774 2900 καὶ

2184 2950 2293 3003 ἀπὸ
2340 2947 2592 3019 σώματος
2621 2947 2898 3010 σωθέντας
2930 2945 3041 2998 Kal
3085 2943 3160 3014 μή
3205 2958 3290 3005 τις
3317 2941 3512 3010 νομίσῃ
3536 2936 3627 2990 τὸν
3655 2936 3769 2991 Δάν

2188 3040 2354 3109 ζαρον
2406 3036 2568 3099 εὐθὺς
2619 3035 2782 3090 πάλιν
2825 3029 3292 3101 τετελευτηκέναι.
3345 3026 3593 3080 Δείκνυσι
3634 3022 3778 3093 γὰρ,

2190 3127 2378 3198 σαφῶς
2411 3128 2475 3180 τὸ
2507 3127 2661 3196 ἅγιον
2692 3124 3045 3194 Εὑαγγέλιον,
3079 3124 3160 3175 ὅτι
3194 3119 3441 3174 ἀνέκειτο
3468 3117 3496 3169 ὁ
3536 3113 3770 3186 Ἰησοὺς,

503 3217 855 3290 Evangelium
887 3228 1076 3290 aperte
1103 3220 1365 3286 declarat,
1410 3219 1738 3277 accubuisse
1765 3229 1956 3291 postea
1987 3218 2078 3275 Je-

2188 3222 2282 3275 καὶ
2317 3221 2346 3273 ὁ
2385 3218 2635 3292 Λάζαρος
2677 3219 2925 3272 ἀνέκειτο
2974 3215 3090 3287 μετ’
3121 3211 3310 3268 αὑτοῦ.
3372 3207 3532 3262 Ἀλλὰ
3577 3205 3674 3260 καὶ
3712 3205 3772 3259 ἐν

501 3322 663 3377 sum,
712 3322 768 3367 et
810 3327 936 3366 cum
983 3328 1050 3367 eo
1097 3311 1364 3368 Lazarum
1416 3313 1677 3369 similiter
1731 3313 2078 3371 accubuisse.

503 3403 647 3470 Quin
674 3412 728 3460 et
763 3403 895 3458 illud
930 3404 1074 3459 inter
1101 3403 1448 3462 Traditiones
1483 3406 1810 3476 reperimus,
1857 3406 2080 3478 triginta

499 3504 616 3549 tum
657 3510 832 3551 annos
874 3505 1061 3550 natum
1115 3495 1287 3552 fuisse
1316 3495 1608 3560 Lazarum,
1636 3511 1761 3551 cum
1789 3511 1819 3550 a
1850 3497 2082 3552 mortuis

498 3587 772 3642 excitatus
788 3595 895 3643 est.
921 3587 1096 3657 Atque
1115 3588 1253 3643 idem
1278 3587 1367 3642 ille
1388 3596 1577 3657 postea
1601 3588 1826 3659 triginta
1846 3587 1968 3644 aliis
1985 3604 2078 3642 an-

499 3676 588 3732 nis
618 3676 776 3730 vixit.
793 3679 994 3748 Atque
1029 3677 1103 3730 ita
1142 3685 1394 3732 mortuus
1443 3678 1511 3732 ad
1560 3676 1854 3732 Dominum
1897 3678 2080 3742 rediit,

498 3775 554 3822 et
599 3781 726 3821 cum
779 3767 980 3823 illustri
1029 3768 1276 3822 nominis
1321 3767 1466 3822 fama
1514 3776 1742 3824 vocatus
1781 3777 1886 3832 est,
1937 3777 1998 3824 ut
2031 3779 2084 3826 et

499 3855 682 3910 czcteri
718 3868 912 3910 omnes
943 3855 1008 3909 ad
1042 3855 1246 3909 ultimm
1282 3856 1709 3912 resurrectionis
1738 3872 1913 3928 usque
1944 3866 2085 3913 tem-

502 3958 626 4012 pus,
661 3944 902 4014 quando,
939 3952 998 3998 ut
1030 3945 1306 4014 pollicitus
1358 3951 1463 4012 est,
1518 3947 1836 4016 unigenitus
1871 3947 1966 4003 Dei
2001 3946 2086 4004 Fi-

499 4033 609 4088 lius
653 4047 856 4104 corpus
898 4034 1116 4098 aniniaa,
1173 4035 1504 4106 corporique
1539 4038 1791 4092 restituet
1820 4039 2082 4107 animam,

499 4133 555 4180 et
581 4125 881 4196 unicuique
912 4135 1076 4196 prout
1103 4128 1294 4198 gessit,
1329 4129 1447 4185 sive
1470 4130 1697 4195 bonum,
1729 4132 1844 4188 sive
1878 4133 2081 4186 malum

501 4216 764 4288 rependet
782 4220 803 4250 ²
815 4258 830 4273 .

569 4305 788 4362 XXXV.
832 4306 1047 4364 Etenim
1091 4309 1195 4365 nisi
1242 4326 1536 4382 corporum
1583 4313 1770 4368 futura
1806 4321 1954 4370 esset
1979 4313 2082 4370 ali-

497 4401 720 4472 quando
757 4401 1109 4465 resurrectio,
1156 4403 1286 4473 quid
1339 4405 1432 4461 ille
1479 4405 1584 4460 sibi
1626 4407 1790 4462 vellet
1835 4407 2082 4463 dentium

497 4493 706 4548 stridor
733 4493 794 4548 ³⁸2
825 4492 938 4550 Nec
959 4502 1044 4551 est
1070 4496 1217 4566 quod
1251 4497 1419 4568 aliqui
1460 4498 1674 4555 insanis
1712 4499 1820 4554 illis
1853 4500 2082 4555 vocibus

499 4587 860 4657 obstrepant:
905 4586 1106 4644 Dentes
1143 4589 1307 4645 nobis
1340 4591 1406 4645 ad
1434 4591 1804 4647 mandendum
1839 4608 1964 4650 esse
2005 4592 2085 4646 fa-

500 4677 769 4734 bricatos.
802 4677 1010 4750 Ecquid
1051 4695 1184 4736 vero
1223 4682 1329 4735 cibi
1363 4690 1486 4752 post
1517 4692 1862 4739 mortuorum
1892 4699 2082 4740 resur—

501 4771 799 4827 rectionem
829 4773 1223 4829 comedemus?
1259 4771 1462 4828 Verum
1505 4789 1630 4829 cum
1673 4784 1800 4845 post
1829 4787 2084 4833 resurre-

498 4861 736 4918 ctionem
777 4860 940 4920 Jesus
974 4864 1220 4921 secundo
1271 4865 1456 4920 cibum
1512 4865 1959 4934 manducaverit,
2019 4882 2084 4923 ac

497 4951 568 5008 de
609 4961 798 5009 assato
831 4956 1004 5025 pisce,
1035 4965 1090 5013 et
1142 4955 1267 5012 l‘avo
1312 4957 1492 5013 mellis
1535 4957 1920 5027 comederit‘;
1952 4974 2081 5015 nec-

2189 3313 2556 3386 Παραδόσεσιν
2585 3312 2841 3384 εὕρομεν,
2884 3312 2967 3364 ὅτι
3011 3307 3307 3380 τριάκοντα
3333 3302 3470 3357 ἐτῶν
3496 3298 3564 3372 ἦν
3594 3300 3718 3352 τότε
3745 3299 3774 3351 δ

2188 3405 2460 3476 Λάζαρος,
2493 3405 2583 3458 ὅτε
2615 3405 2936 3473 ἐγήγερται.
2967 3398 3120 3454 Μετά
3144 3397 3202 3451 δὲ
3240 3395 3299 3449 τὸ
3335 3389 3632 3462 ἀναστῆσαι
3675 3391 3766 3442 αὑ·

2184 3497 2278 3550 τὸν
2319 3496 2455 3552 ἄλλα
2487 3497 2781 3568 τριάκοντα
2827 3493 2922 3562 ἐτη
2950 3491 3110 3561 ἔζησε
3133 3505 3146 3519 ·
3189 3487 3281 3542 καὶ
3324 3484 3468 3538 οὕτω
3498 3479 3634 3552 πρὸς
3665 3477 3780 3532 Κύο

2186 3607 2301 3660 ριον
2331 3589 2631 3659 ἐξεδήμησε
2666 3584 2952 3658 κοιμηθεὶς
2971 3585 2992 3615 ⁸
3025 3581 3226 3650 ἐκλήθη
3261 3576 3398 3649 μετά
3431 3573 3629 3646 σεμνοῦ
3650 3573 3770 3626 ὀνό-

2189 3700 2380 3754 ματος,
2429 3681 2681 3752 καθάπερ
2725 3679 2926 3741 πάντες
2959 3677 3063 3739 ἓως
3092 3675 3189 3744 τῆς
3227 3671 3376 3741 ὧρας
3397 3669 3499 3739 τῆς
3536 3665 3775 3720 ἀναστά-

2190 3790 2348 3838 σεως,
2380 3771 2470 3825 ὅτε
2499 3770 2684 3843 μέλλει
2730 3769 2760 3821 ὁ
2787 3767 3123 3836 Μονογενὴς,
3145 3763 3221 3826 ὡς
3244 3761 3530 3830 ὑπέσχετο,
3557 3758 3760 3810 ἀποκα-

2190 3866 2380 3937 θιστᾷν
2405 3865 2466 3918 τὸ
2497 3864 2656 3935 σῶμα
2682 3867 2747 3936 τῇ
2773 3862 2942 3933 ψυχῇ,
2973 3858 3066 3912 καὶ
3091 3855 3188 3927 τὴν
3217 3853 3396 3924 ψυχὴν
3426 3849 3504 3921 τῷ
3531 3849 3771 3918 σώματι,

2187 3958 2283 4011 καὶ
2319 3957 2518 4012 διδόναι
2546 3957 2766 4026 ἑκάστῳ
2795 3953 2938 4008 καθά
2967 3949 3223 4022 ἔπραξεν,
3253 3948 3372 4018 ἦτοι
3401 3941 3622 4012 ἀγαθὸν,
3652 3942 3778 4012 ἦτοι

2188 4047 2392 4118 φαῦλον

2260 4309 2384 4363 AE'.
2432 4308 2496 4361 El
2543 4308 2618 4379 μὴ
2652 4305 2761 4378 γὰρ
2801 4304 3076 4375 σωμάτων
3119 4301 3416 4364 ἀνάστασις
3457 4293 3555 4371 ἦν,
3608 4296 3772 4349 πόθεν

2191 4400 2437 4474 βρυγμὸς
2465 4400 2727 4464 ὀδόντων;
2768 4398 2928 4452 Ἀλλὰ
2961 4397 3037 4467 μὴ
3065 4393 3230 4448 πάλιν
3255 4394 3325 4448 τά
3351 4392 3451 4462 τῆς
3478 4389 3771 4463 φρενοὸλα-

2187 4495 2343 4558 ﬁcia;
2376 4493 2522 4557 τινὲς
2568 4491 2821 4557 εἴπωσιν,
2861 4493 2945 4544 ὅτι
2991 4491 3203 4553 ὀδόντες
3251 4487 3346 4542 ἐπὶ
3390 4486 3452 4539 τὸ
3495 4481 3776 4555 μασᾶσθαι

2192 4590 2326 4659 ἡμῖν
2381 4587 2490 4641 εἰσι
2554 4584 3080 4656 κατεσκευασμένοι.
3131 4581 3298 4635 Ποίαν
3343 4579 3518 4634 τοίνυν
3571 4575 3772 4645 ἐδωδὴν

2195 4680 2461 4753 μέλλομεν
2505 4678 2707 4732 ἐσθίειν
2742 4678 2881 4749 μετὰ
2925 4677 3022 4748 τὴν
3058 4674 3168 4729 τῶν
3199 4672 3408 4746 νεκρῶν
3441 4669 3773 4729 ἀνάστααιν;

2195 4773 2256 4826 El
2287 4771 2398 4842 γὰρ
2459 4770 2597 4842 μετὰ
2643 4769 2940 4824 ἀνάστασιν
2982 4767 3234 4839 δεύτερον
3279 4765 3551 4836 βέϐρωκεν
3596 4763 3626 4814 6
3674 4760 3774 4830 Ίεητ

2194 4864 2344 4930 σοῦς,
2378 4864 2473 4918 καὶ
2503 4864 2562 4931 ἐξ
2591 4861 2770 4935 ίχθύος
2809 4858 2978 4915 ὀπτοῦ
3013 4860 3200 4930 μέρος,
3230 4857 3328 4911 καὶ
3354 4855 3462 4909 ἀπὸ
3495 4851 3772 4924 μελισσίου

2191 4957 2416 5030 κηρίον,
2464 4953 2903 5026 καὶνσυνηλίσθη
2949 4954 3060 5015 τοῖς
3117 4949 3387 5022 μαθηταῖς
3437 4948 3502 5001 δι’
3547 4943 3771 5017 ἡμερῶν

498 5056 612 5098 non
660 5050 716 5098 et
748 5057 875 5098 cum
925 5046 1214 5118 discipulis
1264 5048 1630 5121 quadraginta
1669 5049 1864 5107 diebus
1893 5051 2078 5106 cibum

2188 5050 2631 5121 τεσσαράκονταο
2683 5046 2795 5119 ἆρα
2833 5048 2936 5100 οὐκ
2987 5045 3143 5100 ἔσται
3203 5044 3436 5117 βρῶσις;
3485 5040 3596 5095 Kal
3638 5036 3771 5106 περὶ

497 5133 798 5206 sumpserit
827 5135 870 5198 ⁸,
905 5150 1088 5192 nonne
1114 5137 1298 5192 cibum
1336 5139 1432 5194 illo
1466 5155 1688 5211 quoque
1723 5148 1969 5212 tempore
1996 5140 2078 5196 fu-

2192 5143 2291 5214 μέν
2318 5143 2573 5215 βρώσεως
2603 5139 2776 5210 σαφές
2797 5140 2966 5205 ἐστιν,
2989 5139 3070 5192 ὅτι
3098 5135 3403 5206 Μακάριος
3435 5134 3503 5200 ὃς
3525 5130 3771 5202 φάγεται

497 5237 684 5284 turum
729 5227 1090 5299 putabimus?
1121 5228 1443 5301 Quanquam
1471 5233 1539 5288 de
1562 5232 1687 5287 cibo
1725 5234 2078 5305 perspicuum

2189 5236 2372 5304 ἄρτον
2409 5236 2480 5289 ἐν
2502 5233 2578 5303 τῇ
2614 5233 2908 5302 βασιλείᾳ
2946 5231 3068 5286 τῶν
3116 5229 3410 5300 οὐρανῶν.
3452 5228 3562 5281 Kal
3603 5220 3766 5278 αὑτοῦ

495 5323 626 5380 inde
659 5330 768 5385 est,
810 5319 958 5392 quod
1017 5320 1325 5376 scribitur:
1358 5322 1553 5407 Beatus
1591 5318 1683 5395 qui
1736 5325 2078 5381 manducabit

2186 5324 2281 5378 τοῦ
2336 5324 2540 5396 Κυρίου
2591 5325 2626 5393 ἡ
2663 5323 2975 5394 ὑπόσχεσις,
3025 5323 3107 5376 ὅτι
3152 5322 3410 5375 Ἕσεοιθε
3448 5316 3768 5407 καθήμενοι

492 5428 684 5481 panem
735 5413 791 5468 in
845 5429 1005 5485 regno
1049 5411 1362 5467 calorum'.
1403 5403 1518 5468 lmu
1555 5423 1610 5470 et
1649 5415 1824 5488 ipsius
1863 5415 2078 5472 Domini

2187 5414 2288 5469 ἐπὶ
2319 5413 2430 5482 τῆς
2460 5412 2753 5484 τραπέζης
2775 5414 2884 5468 τοῦ
2924 5414 3156 5483 Πατρός
3181 5429 3301 5482 μου
3335 5410 3644 5475 ἐσθίοντες
3670 5403 3766 5460 καὶ

493 5505 638 5562 haud
685 5506 920 5563 obscura
958 5502 1288 5576 promissio:
1324 5502 1584 5560 Sedebitis
1618 5510 1688 5561 ad
1719 5525 1957 5564 mensam
1981 5509 2078 5563 Pa-

2189 5510 2490 5576 πίνοντες.
2531 5508 2642 5563 Kal
2670 5508 2734 5561 τὸ
2760 5508 2859 5579 μὲν
2884 5505 3088 5561 ἐσθίειν
3113 5507 3207 5561 καὶ
3233 5505 3410 5559 πίνειν
3447 5501 3596 5574 αὖτῷ
3624 5499 3766 5572 μόνῳ

565 5687 582 5716 ¹
616 5683 774 5743 Joan.
810 5700 884 5749 ιι,
917 5686 1008 5742 56.
1085 5687 1106 5718 ²
1135 5685 1178 5739 Il
1209 5685 1334 5741 Cor.
1377 5686 1547 5750 v.10.

1663 5691 1682 5724 ³
1714 5689 1904 5747 Matth.
1939 5707 2058 5757 vni,
2101 5691 2187 5747 12.

495 5755 511 5786 ¹
546 5757 602 5812 F.
633 5759 965 5811 ἀποκτεῖναι.
1043 5757 1063 5789 ⁸
1094 5755 1222 5829 Leg.
1259 5759 1351 5811 καὶ
1378 5775 1529 5830 κοιμ.

2303 5691 2323 5724 ⁸
2353 5691 2485 5748 Luc.
2519 5708 2669 5757 xxiv,
2694 5690 2784 5748 42.
2895 5691 2916 5724 ⁵
2942 5692 3065 5747 Act.
3101 5705 3142 5756 ι,
3168 5686 3226 5758 3.
3330 5685 3350 5715 °
3375 5681 3508 5738 Luc.
3540 5696 3651 5752 xxv,
3680 5679 3760 5735 15.
