4078 6442
294 353 369 412 ss
939 340 1311 441 snvsnsu's
1344 353 1689 414 “massas
1723 357 1853 416 Lm.
1895 357 1960 416 II.
2001 309 2163 420 ron.
2204 362 2268 420 ιι.
2306 396 2373 406 -
2413 362 2687 421 amnes.
2727 363 2913 422 LXVI.
3493 366 3575 419 ne

294 475 601 543 ἔγνωκαν
637 470 827 544 ἐπειδὴ
861 471 906 527 ἃ
935 473 1241 544 ὀφθαλμὸς
1276 477 1389 531 οὐκ
1423 472 1568 540 εἶδε,
1617 478 1718 531 καὶ
1761 473 1904 541 οὖς.

1995 481 2070 536 ris
2102 484 2223 545 mei,
2258 484 2582 538 comedentes
2617 492 2667 538 et
2708 482 2934 537 bibentes
2960 482 2999 538 ¹.
3033 481 3138 537 Sed
3175 482 3319 553 quod
3366 481 3435 536 ad
3484 490 3564 536 ci-

297 568 412 621 οὐκ
443 564 742 634 ἤκουσεν,
774 565 917 621 οὔτε
940 567 1039 621 ἐπὶ
1068 568 1321 637 καρδίαν
1345 566 1657 640 ἀνθρώπου
1678 572 1885 641 ἀνέϐη,

298 657 421 711 ὅσα
477 656 816 726 ἡτοίμασεν
867 661 902 713 ό
961 657 1107 725 Θεὸς
1148 658 1273 726 τοῖς
1314 659 1631 731 ἀγαπῶσιν
1677 662 1883 719 αὐτόν.

315 747 453 799 Ἀλλ’
480 746 673 818 ἐπειδὴ
695 746 1015 819 ἐφθάσαμεν
1041 748 1138 803 ἐπὶ
1169 749 1247 820 τῷ
1285 750 1458 823 τόπῳ,
1490 752 1592 816 τὰς
1626 754 1887 824 διαφορὰς

301 838 414 891 τῶν
440 837 631 909 ψυχῶν
659 837 1053 910 ὑφηγούμενοι,
1099 840 1196 894 καὶ
1221 839 1292 894 τά
1332 840 1394 907 ἐξ
1431 842 1602 913 αὑτῆς
1629 843 1728 913 τῆς
1756 842 1890 914 ἀλη-

303 931 479 995 θείας,
501 931 596 984 καὶ
613 930 710 984 τοῦ
740 931 1141 1002 ὑποδείγματος
1166 930 1414 997 ἐντελοῦς
1433 932 1622 998 ὄντως,
1647 935 1728 989 ὅτι
1751 933 1886 1006 άλλη

306 1022 408 1093 μὲν
431 1020 577 1093 ψυχὴ
601 1018 913 1094 ἀνθρώπου,
943 1020 1077 1094 άλλη
1106 1022 1166 1076 δὲ
1190 1024 1422 1094 κτήνους
1444 1040 1457 1056 ·
1488 1024 1585 1079 καὶ
1625 1025 1726 1079 οὑκ
1753 1020 1886 1096 ἦλθε

306 1118 481 1173 σῶσαι
509 1118 606 1191 τὴν
631 1118 816 1190 ψυχὴν
840 1116 936 1172 τοὺ
969 1119 1221 1189 κτήνους,
1261 1117 1405 1173 ἀλλὰ
1427 1117 1523 1172 τοῦ
1558 1118 1847 1189 ἀνθρώπου
1867 1136 1881 1149 ·

303 1212 442 1266 διότι
488 1210 559 1264 τὰ
609 1211 781 1280 κτήνη
830 1210 892 1262 οὑ
941 1209 1208 1281 κρίνεται.
1266 1210 1579 1282 ’Ἄνθρωποι
1633 1210 1735 1281 μὲν
1776 1210 1887 1279 γὰρ

306 1301 702 1374 κληρονομοῦσι
744 1301 1022 1372 βασιλείαν
1044 1300 1312 1373 οὐρανῶν,
1344 1303 1441 1356 καὶ
1466 1302 1743 1374 ἄνθρωποι
1762 1303 1884 1371 κρίο

306 1411 508 1449 νονται.
552 1393 1020 1447 Ἀπελεύσονται
1052 1390 1165 1462 γὰρ
1209 1388 1377 1448 οὗτοι
1405 1394 1492 1459 εις
1524 1393 1726 1461 κρίσιν
1753 1391 1886 1446 αἰώ-

304 1500 465 1546 νιον,
504 1482 602 1536 καὶ
634 1476 805 1538 οὗτοι
847 1483 937 1547 εὶς
967 1478 1124 1550 Gabar
1157 1480 1420 1547 αἰώνιον,
1454 1482 1620 1552 φησὶν
1657 1484 1686 1537 δ
1718 1482 1887 1537 Μονο-

304 1575 495 1646 τενήςο

1989 572 2118 627 bmn
2148 573 2300 629 illum
2348 582 2648 644 potumque
2700 575 2969 643 pertinet,
3026 573 3181 628 solus
3226 573 3318 628 ille
3364 574 3556 627 novit:

1988 662 2429 735 quandoquidem
2461 680 2580 735 qua:
2609 680 2702 718 nec
2734 662 2918 719 oculus
2958 664 3112 732 vidit,
3154 682 3246 721 nec
3282 668 3428 720 amis
3463 683 3562 719 au-

1987 755 2137 818 divit,
2167 772 2259 810 nec
2288 757 2343 809 in
2366 773 2458 811 cor
2477 755 2702 811 hominis
2732 757 3099 822 ascenderunt;
3144 774 3259 828 qua:
3288 774 3568 828 pra-para—

1988 847 2058 900 vit
2091 846 2229 903 Deus
2270 847 2433 919 653
2460 847 2799 919 diligentibus
2822 866 2878 904 se
2899 851 2941 903 ⁸.
2980 850 3085 905 Sed
3120 851 3234 906 haec
3254 852 3433 906 obiter
3456 850 3565 904 loci

1988 938 2150 1006 hujus
2182 944 2473 994 occasione
2501 940 2908 1011 proposuimus,
2937 954 3065 994 cum
3101 940 3407 995 animarum
3449 939 3567 994 dis-

1985 1032 2194 1086 crimen
2261 1033 2702 1100 explicaremus;
2745 1031 2910 1101 idque
2953 1046 3019 1086 ex
3070 1031 3148 1085 rei
3209 1032 3469 1095 veritate,
3507 1038 3559 1084 ct

1984 1122 2235 1193 exemplo
2268 1122 2363 1177 illo
2394 1122 2553 1192 longe
2595 1122 2883 1192 aptissimo
2935 1122 3438 1192 comprobaremus,
3474 1122 3561 1174 ni-

1984 1213 2183 1266 mirum
2210 1212 2372 1268 aliam
2403 1228 2528 1268 esse
2555 1212 2816 1276 hominis,
2847 1213 3009 1267 aliam
3039 1212 3264 1284 pecudis
3292 1212 3561 1275 animam;

1983 1320 2086 1360 nec
2110 1311 2170 1359 ut
2198 1304 2424 1374 pecudis
2456 1302 2693 1358 animam
2726 1312 2992 1367 servaret,
3024 1303 3125 1360 sed
3158 1303 3403 1359 hominis
3423 1303 3565 1357 dun-

1988 1404 2162 1461 taxat,
2206 1397 2499 1453 advenisse
2538 1396 2839 1459 Christum,
2880 1397 3140 1466 quoniam
3188 1396 3431 1464 pecudes
3463 1395 3569 1448 mi-

1982 1489 2128 1542 nime
2146 1488 2486 1559 judicantur.
2514 1485 2649 1540 Nam
2677 1487 2927 1543 homines
2951 1487 3170 1558 quidem
3193 1497 3250 1542 et-
3275 1487 3426 1557 regni
3452 1501 3566 1540 cm-

1982 1581 2160 1635 lorum
2217 1580 2594 1635 haereditatcm
2652 1588 3047 1649 assequuntur,
3103 1588 3159 1635 et
3200 1580 3254 1633 in
3294 1577 3564 1648 judicium

1981 1679 2275 1728 vocantur.
2354 1670 2517 1725 Ibunt
2557 1672 2719 1733 enim,
2749 1670 2950 1740 inquit,
2988 1672 3029 1725 ii
3056 1672 3111 1726 in
3131 1671 3399 1742 judicium
3419 1681 3569 1725 teter-

1983 1779 2132 1829 num,
2152 1773 2203 1817 et
2220 1764 2261 1816 ii
2287 1763 2343 1815 in
2365 1764 2528 1817 vitam
2557 1771 2810 1816 aeternam
2826 1763 2869 1816 ³.

376 1842 620 1913 Δεῖ-Μ’.
640 1842 710 1897 Τί
719 1843 777 1897 δὲ
792 1845 842 1897 oi
854 1842 921 1901 τὰ
933 1842 1220 1914 ζητήματα
1230 1842 1651 1908 κατοπτεύοντες
1669 1860 1689 1909 ;
1715 1843 1883 1897 Ἔπὰν

2055 1827 2418 1907 XXXVI-XL.
2436 1850 2577 1917 Quid
2590 1851 2656 1906 ad
2670 1850 2784 1906 haec
2797 1850 2887 1906 isti
2904 1851 3267 1921 quaestionum
3285 1853 3569 1923 indagata-

307 1938 576 2008 φθάσωσι,
612 1937 706 1991 καὶ
749 1936 828 2007 μὴ
868 1935 1217 1990 καταλάϐωσι
1258 1935 1353 1989 τοῦ
1381 1935 1547 2008 ῥητοῦ
1575 1937 1674 2006 τὴν
1703 1938 1880 2007 σαφή-

304 2047 488 2095 νειαν,
515 2028 876 2100 ἀσχάλλουσιν
924 2027 1178 2083 ἀντίθετα
1225 2028 1441 2091 ἑαυτοῖς
1487 2028 1879 2100 διανοούμενοι,

306 2123 454 2193 ἢπερ
493 2122 742 2193 χρήσιμα
796 2122 1009 2185 ἑαυτοῖς
1057 2118 1385 2191 θηρώμενοι.
1453 2120 1670 2191 Ἐπειδὴ
1710 2120 1819 2192 γὰρ
1855 2121 1884 2173 ὁ

306 2213 584 2277 Ματθαϊός
615 2213 729 2284 (35)
778 2229 933 2283 φησι,
962 2212 1057 2266 δύο
1083 2211 1518 2283 δαιμονιζόμενοι
1537 2227 1552 2243 ³
1582 2213 1610 2265 ὁ
1648 2211 1708 2265 δὲ
1749 2212 1885 2265 Δου-

306 2307 412 2370 κᾶς
464 2305 591 2377 περὶ
620 2306 738 2368 ἑνὸς
779 2304 1068 2375 διηγεῖται.
1108 2305 1220 2357 Καὶ
1247 2303 1356 2375 γὰρ
1386 2299 1469 2368 εἷς
1497 2303 1608 2357 τῶν
1652 2303 1884 2373 εὐαγγε-

306 2397 504 2451 λιστῶν
531 2396 699 2466 λέγει,
745 2396 828 2450 ὅτι
861 2397 927 2449 Οἱ
966 2394 1191 2465 λῃσταὶ
1233 2397 1289 2449 oi
1326 2395 1885 2464 συνεσταυρωμένοι

306 2490 744 2562 ἐϐλασφήμουν
781 2490 999 2545 αὐτόν’
1034 2488 1077 2541 «ὁ
1123 2486 1178 2541 δὲ
1225 2486 1382 2550 ἄλλος
1427 2486 1548 2557 οὑχὶ
1594 2487 1677 2539 ὃτι
1723 2486 1884 2556 μόνον

306 2584 410 2636 οὐκ
443 2582 825 2653 ἐϐλασφήμουν
854 2581 905 2634 οἱ
932 2580 1254 2651 ἀμφότεροι,
1287 2576 1424 2633 άλλὰ
1454 2578 1550 2633 καὶ
1590 2575 1884 2646 ἀπολογίαν

307 2674 402 2728 τοῦ
431 2675 548 2739 ἑνὸς
581 2673 855 2746 σημαίνει.
887 2672 997 2727 Καὶ
1019 2672 1133 2743 τὰρ
1169 2672 1419 2743 ἐπετίμα
1444 2670 1525 2737 τῷ
1549 2670 1747 2740 ἑτέρῳ,
1781 2668 1881 2724 καὶ

307 2768 537 2836 ἔλειπεν,
585 2766 697 2827 ὅτι.
755 2766 838 2819 Οὐ
885 2762 1040 2834 φοϐῇ
1081 2764 1164 2817 σὺ
1212 2762 1321 2817 τὸν
1369 2761 1539 2827 Θεὸν,
1588 2761 1774 2816 ὄτιέν
1803 2760 1885 2827 τῷ

306 2855 470 2922 αὐτῷ
514 2854 752 2926 κρίματι
792 2853 1013 2923 ἐσμεν·
1065 2849 1247 2920 οὗτος
1293 2853 1363 2906 δὲ
1407 2855 1441 2908 ό
1488 2852 1655 2922 ἅγιος
1703 2853 1886 2908 οὐδὲν

306 2945 559 3012 ἐποίησε
577 2962 592 2976 ο
634 2945 730 2998 καὶ
765 2944 905 3016 πρὸς
956 2943 1051 2997 ἐπὶ
1089 2941 1297 3006 τούτοις
1347 2940 1618 3013 ἐπεφώνει
1675 2942 1849 3011 λέγων
1867 2958 1882 2974 ·

307 3036 625 3105 Μνήσθητί
645 3053 784 3107 μου,
826 3034 1053 3103 Ἰησοῦ,
1083 3034 1232 3087 ὅταν
1260 3032 1447 3103 ἔλθῃς
1489 3034 1560 3087 ὲν
1590 3032 1667 3103 τῇ
1710 3034 1886 3098 ,βασι-

305 3130 446 3196 λείᾳ
491 3143 638 3183 σου·
683 3127 784 3183 καὶ
834 3126 941 3181 τοῦ
980 3124 1255 3195 Σωτῆρος
1281 3125 1431 3194 πρὸς
1467 3126 1656 3181 αὐτὸν
1690 3128 1889 3180 είπόν-
1914 3158 1954 3211 C

307 3238 432 3287 τος,
460 3219 550 3273 ὅτι
586 3219 766 3289 Ἀμὴν
800 3218 957 3288 λέγω
981 3234 1100 3283 σοι,
1143 3216 1413 3288 σήμερον
1432 3218 1560 3288 μετ’
1603 3218 1748 3289 ἐμοῦ
1773 3218 1889 3289 ἔσῃ

307 3309 382 3362 ἐν
418 3308 499 3374 τῷ
536 3307 900 3377 παραδείσῳ.
947 3307 1134 3360 Ἐοικε
1169 3305 1227 3359 δὲ
1270 3304 1443 3359 ταῦτα
1485 3306 1563 3369 ὼς
1597 3303 1892 3375 διαφωνίαν

190 3400 197 3405 ’
309 3400 504 3470 ἔχοντα
546 3400 603 3453 ὲν
653 3402 720 3470 τῇ
763 3398 976 3470 Γραφῇ.
1044 3396 1206 3450 Ἀλλὰ
1237 3398 1415 3452 πάντα
1459 3396 1583 3451 λεῖα
1634 3396 1888 3467 ὑπάρχει.

311 3493 432 3547 Κᾶν
460 3510 520 3546 τε
541 3492 649 3563 γὰρ
681 3494 741 3547 ἐν
774 3491 852 3563 τῷ
879 3489 1142 3561 Ματθαίῳ
1172 3489 1267 3544 δύο
1306 3489 1412 3543 εἰσὶ
1438 3488 1891 3561 δαιμονιζόμενοι,

312 3586 466 3658 παρὰ
499 3585 579 3655 τῷ
606 3586 788 3657 Λουκᾷ
836 3585 884 3638 οἱ
928 3584 1082 3639 αὐτοὶ
1126 3582 1479 3653 ὑπάρχουσιν.
1534 3580 1673 3634 Ἀλλ’
1706 3580 1890 3651 ἐπειδὴ

311 3679 503 3734 εἴωθεν
548 3679 582 3748 ἡ
621 3676 813 3749 Γραφὴ
859 3677 1162 3747 προφάσεις
1192 3674 1394 3728 διδόναι
1440 3672 1550 3727 τῶν
1589 3672 1891 3744 εἰργασμέ-

310 3789 443 3837 νων,
480 3769 670 3824 τούτου
700 3769 864 3822 ἕνεκα
897 3769 959 3822 οὑ
1011 3767 1341 3839 μνημονεύει
1365 3766 1583 3831 Λουκᾶς
1619 3764 1728 3818 τῶν
1775 3765 1889 3830 δύο,

312 3863 453 3917 ἀλλὰ
481 3861 576 3915 τοῦ
605 3861 744 3924 ἑνός.
770 3860 874 3914 Δύο
905 3860 1004 3931 μὲν
1032 3858 1146 3929 γὰρ
1178 3853 1319 3930 ἦσαν
1349 3859 1401 3912 οἱ
1424 3856 1533 3911 ἀπὸ
1558 3855 1669 3910 τῶν
1703 3856 1892 3927 δαιμο-

310 3956 447 4009 vim»
486 3953 977 4025 τεθεραπευμένοι·
1027 3945 1110 4017 εἷς
1153 3951 1212 4006 δὲ
1245 3950 1544 4022 παρέμεινε
1581 3952 1649 4021 τῇ
1687 3949 1889 4015 πίστει,

311 4053 341 4103 ὁ
366 4048 427 4103 δὲ
454 4048 640 4119 ἔτερος
673 4045 946 4114 ἐξώκειλε.
977 4044 1079 4098 Διὰ
1107 4043 1286 4098 τοίνυν
1315 4043 1415 4115 τὴν
1442 4041 1767 4114 παραμονὴν
1793 4041 1894 4112 τῆς

314 4140 551 4202 πίστεως
593 4136 874 4211 ἠκολούθει
922 4136 1004 4208 τῷ
1072 4135 1268 4208 Ἰησοῦ,
1305 4134 1382 4198 ὡς
1438 4133 1554 4205 ἔχει
1597 4133 1658 4187 τὸ
1710 4132 1893 4200 Εὑαγ-

311 4231 518 4300 γέλιον,
559 4234 640 4295 εἰς
685 4224 797 4285 οἷον
841 4230 1123 4302 ἀπήρχετο
1148 4229 1332 4282 τόπον.
1378 4226 1582 4281 Τούτου
1613 4225 1775 4279 ἕνεκα
1799 4223 1894 4279 τὸν

312 4321 412 4377 ἕνα
443 4322 733 4394 παρέλιπε,
766 4323 864 4376 καὶ
891 4321 987 4375 τοῦ
1028 4320 1147 4385 ἑνὸς
1180 4320 1275 4375 τοὺ
1305 4322 1364 4373 ὲν
1395 4318 1644 4389 βασιλείᾳ
1671 4318 1781 4372 τῶν
1809 4317 1895 4370 οὑ·
1936 4356 1939 4359 η

318 4413 497 4485 ρανῶν
530 4412 846 4486 ἐπεμνήσθη
868 4428 882 4442 '
913 4413 1009 4467 καὶ
1055 4413 1209 4468 οὐδὲν
1247 4410 1586 4467 ἐναντιοῦται
1626 4410 1762 4482 πρὸς
1789 4408 1891 4480 τὴν

311 4504 418 4575 τῆς
442 4504 695 4575 ἀληθείας
723 4502 960 4576 εὕρεσιν.

384 4776 523 4830 MA'.
569 4773 704 4844 Ἤδη
731 4773 789 4828 δὲ
815 4773 910 4828 καὶ
941 4773 1134 4845 ἑτέραν
1156 4771 1428 4844 πρόφασιν
1459 4772 1652 4843 ὁμοίαν
1687 4772 1891 4846 ταύτης

312 4870 416 4941 τῆς
463 4868 771 4931 ὑποθέσεως
821 4867 883 4921 τὸ
929 4866 1262 4936 Εὑαγγέλιον
1314 4865 1580 4937 διηγεῖται
1600 4905 1615 4929 ,
1658 4864 1737 4928 ὡς
1785 4864 1891 4919 ὑπὸ

314 4958 455 5021 ἑνός.
519 4959 576 5012 '0
620 4957 824 5029 Κύριος
860 4957 991 5011 δέκα
1029 4954 1265 5027 λεπροὺς
1311 4954 1631 5027 ὲκαθάρισε.
1685 4955 1799 5009 Καὶ
1841 4956 1893 5008 οῑ

314 5050 474 5104 ἐννέα
524 5048 852 5112 ἀπελθόντες
895 5049 995 5103 οὑκ
1034 5048 1244 5103 ἔδωκαν
1276 5046 1432 5111 δόξαν
1472 5047 1551 5119 τῷ
1580 5044 1700 5117 Θεῷ
1721 5063 1737 5078 ·
1777 5048 1806 5100 ὁ
1836 5045 1891 5100 δὲ

313 5136 398 5206 εἷς
452 5140 797 5213 ὑποστρέψας
843 5139 1078 5212 ἔμεινεν,
1111 5140 1141 5193 ὁ
1174 5139 1271 5193 καὶ
1307 5138 1413 5192 ὑπὸ
1461 5138 1670 5211 Κυρίου
1719 5139 1894 5208 ἐγκωο

318 5232 665 5307 μιαζόμενος,
704 5231 838 5286 καθὸ
881 5230 986 5302 ἔφη
1005 5247 1019 5262 ·
1061 5229 1216 5285 Δέκα
1255 5230 1464 5300 λεπροὶ
1503 5230 1897 5298 ἐκαθαρίσθη-

314 5343 439 5383 σαν
453 5342 469 5357 ·
496 5325 593 5383 διὰ
621 5326 679 5380 τί
705 5323 849 5380 οὐδὲ
876 5319 963 5391 εἷς
991 5323 1063 5390 ἐξ
1090 5323 1292 5379 αὐτῶν
1315 5321 1660 5392 ὑπέστρεψε
1683 5321 1895 5378 δοῦναι

387 5506 406 5539 ⁸
434 5503 566 5561 Luc.
590 5521 729 5567 xxtt.
761 5504 854 5561 38.

316 5577 403 5633 59.
477 5578 496 5608 ⁷
528 5578 660 5633 ibid.
687 5578 759 5631 40
786 5592 909 5647 sqq.

380 5736 434 5807 (.3
444 5735 497 5807 5)
525 5732 774 5807 Ἐπειδὴ
800 5731 908 5800 γὰρ
932 5733 964 5784 ό
981 5730 1294 5807 Ιρζατθαῖος.
1310 5729 1387 5785 Ch
1397 5740 1593 5807 rysost.
1612 5728 1772 5807 Hom.
1804 5729 1891 5797 l9,

312 5806 365 5863 is
388 5798 565 5865 Μαίιίι
617 5798 771 5862 duos
791 5798 1156 5873 evangelistas
1198 5802 1274 5858 ita
1306 5798 1585 5868 conciliat,
1623 5809 1680 5856 ut
1709 5798 1887 5858 Lucas

927 5506 950 5539 ⁸
975 5504 995 5560 1
1024 5504 1153 5560 Cor.
1188 5519 1247 5567 ιι,
1289 5502 1343 5558 9.
1419 5501 1440 5533 ³
1471 5500 1660 5556 Matth.
1692 5518 1820 5563 xxv,
1860 5505 1948 5560 i6.
2025 5505 2047 5535 ⁸
2083 5503 2273 5559 Matth.
2306 5519 2426 5568 vm,
2456 5502 2545 5558 28.

981 5574 1005 5607 ⁸
1040 5574 1230 5629 Matth.
1262 5588 1433 5637 xxvu,
1470 5571 1560 5637 '58,
1590 5571 1680 5626 44.
1756 5575 1776 5605 ⁹
1814 5574 2005 5632 Matth.
2030 5591 2153 5641 νιιι,
2182 5573 2269 5630 19.

1983 1944 2105 2000 res?
2123 1942 2343 1999 Scilicet
2356 1958 2481 1998 cum
2493 1958 2560 1998 eo
2574 1943 2938 2012 pervenerint,
2959 1959 3133 2013 neque
3144 1945 3430 2000 verborum
3444 1961 3571 2000 scn-

1983 2034 2208 2090 tentiam
2238 2035 2477 2090 assecuti
2509 2032 2731 2099 fuerint,
2759 2035 3131 2105 indignantur,
3161 2049 3226 2089 ac
3261 2051 3570 2107 repugnan-

1986 2126 2061 2179 tia
2105 2124 2356 2194 qutedam
2406 2123 2611 2193 ﬁngere
2659 2124 2763 2178 sibi
2814 2124 3046 2189 malunt,
3099 2141 3262 2195 quam
3319 2128 3556 2182 fructum

1985 2216 2386 2285 utilitatemque
2438 2214 2738 2284 requirere.
2803 2213 3090 2272 Matthzeus
3139 2217 3286 2270 enim
3342 2217 3482 2273 duos
3529 2235 3558 2271 a

1985 2306 2234 2360 diemone
2272 2309 2558 2372 correptos
2586 2301 2757 2359 fuisse
2787 2304 3122 2370 memorat‘;
3174 2304 3353 2361 Lucas
3405 2307 3576 2361 unius

2001 2397 2270 2453 duntaxat
2299 2396 2626 2451 mentionem
2651 2396 2780 2451 facit
2807 2397 2849 2451 ⁸.
2890 2395 2997 2451 Sed
3026 2406 3081 2451 ct
3112 2399 3571 2470 evangelistarum

1987 2486 2145 2549 alter,
2175 2482 2459 2550 Latrones,
2488 2484 2683 2555 inquit,
2711 2487 2802 2555 qui
2830 2487 3075 2555 cruciﬁxi
3113 2498 3267 2541 erant
3333 2504 3453 2542 cum
3484 2506 3566 2551 eo,

1994 2574 2430 2645 blasphemabant
2494 2576 2741 2644 ipsum“;
2809 2576 2948 2632 alter
3017 2576 3217 2631 nedum
3278 2588 3573 2650 utrumque

1987 2666 2399 2739 blasphemasse
2424 2667 2579 2734 dicit,
2620 2668 2715 2724 sed
2737 2677 2793 2724 et
2820 2669 2985 2724 unius
3016 2668 3390 2725 defensionem
3421 2686 3569 2726 com-

1991 2766 2279 2815 memorat.
2344 2758 2661 2829 lncrepabat
2714 2759 2876 2826 enim,
2926 2759 3448 2831 inquit,alterum,
3509 2777 3573 2815 ac

1985 2850 2194 2904 dicebat
2238 2868 2257 2904 :
2293 2848 2474 2921 Neque
2514 2860 2571 2904 tu
2604 2852 2755 2905 times
2806 2850 2996 2916 Deum,
3031 2852 3280 2920 quoniam
3309 2852 3362 2905 in
3391 2852 3572 2907 eadem

1987 2941 2332 2996 damnatione
2379 2957 2603 3007 sumus;
2652 2942 2737 2996 hic
2783 2954 2961 2998 autem
2999 2954 3221 2997 sanctus
3267 2943 3401 2999 nihil
3443 2947 3569 3016 egit.

1987 3031 2193 3088 Deinde
2256 3033 2331 3088 ita
2393 3031 2684 3087 Dominum
2752 3032 3085 3103 compellat:
3139 3031 3401 3089 Memento
3447 3036 3571 3099 mei,

1986 3125 2138 3192 Jesu,
2168 3143 2287 3179 cum
2320 3127 2519 3181 veneris
2549 3127 2605 3180 in
2635 3143 2851 3197 regnum
2886 3138 3055 3183 tuum.
3094 3127 3195 3184 Cui
3231 3129 3322 3184 ille
3353 3145 3564 3198 respou-

1991 3217 2071 3272 dit
2097 3217 2302 3272 :Amen
2332 3218 2452 3273 dico
2487 3218 2602 3282 tibi,
2633 3218 2787 3273 hodie
2814 3235 3015 3276 mecum
3054 3222 3156 3275 eris
3186 3222 3240 3275 in
3262 3221 3571 3290 poradiso'.

1992 3308 2127 3375 Quae
2173 3310 2392 3365 tametsi
2422 3309 2742 3379 discrepare
2785 3312 3038 3365 nonnihil
3081 3313 3134 3365 in
3182 3310 3465 3381 Scriptura
3496 3314 3574 3369 vi-

1993 3400 2249 3465 deantur,
2275 3401 2637 3456 nihilominus
2671 3401 2832 3470 plana
2867 3410 2998 3459 sunt
3029 3403 3234 3456 omnia.
3270 3400 3404 3458 Nam
3427 3405 3574 3473 quod

1992 3491 2060 3547 ad
2102 3491 2416 3562 arreptitios
2467 3492 2682 3558 attinet,
2740 3492 2871 3547 licet
2923 3492 3067 3561 apud
3108 3492 3423 3548 Matthmum
3467 3495 3576 3549 du»

1992 3583 2164 3638 fuisse
2190 3582 2485 3639 narrentur
2505 3582 2552 3649 ⁸,
2591 3582 2758 3638 iidem
2792 3582 3154 3638 nihilominus
3184 3590 3335 3645 sunt,
3369 3582 3437 3638 de
3458 3584 3577 3653 qui-

1989 3673 2093 3728 bus
2126 3672 2304 3728 anas
2347 3673 2684 3728 mentionem
2734 3672 2901 3740 facit;
2934 3672 3028 3727 sed
3062 3674 3177 3728 haec
3206 3674 3456 3729 videlicet
3491 3683 3578 3729 est

1994 3765 2293 3837 Scriptura:
2351 3765 2721 3831 consuetudo,
2783 3774 2844 3820 ut
2893 3781 3082 3822 eorum
3129 3782 3252 3837 qua:
3313 3776 3579 3837 geruntur

1995 3859 2242 3915 rationes
2270 3858 2673 3914 et'occasiones
2703 3858 2928 3925 innuat;
2961 3858 3032 3913 ob
3059 3858 3112 3913 id
3143 3873 3252 3912 non
3278 3858 3441 3922 duos,
3480 3860 3577 3916 sed

1993 3965 2167 4005 unum
2223 3948 2401 4006 Lucas
2444 3950 2770 4005 nominatim
2817 3950 3096 4021 exprimit.
3139 3949 3317 4007 Fuere
3355 3951 3576 4022 quidem

1994 4040 2076 4096 illi
2113 4039 2224 4096 duo
2268 4055 2300 4095 a
2338 4042 2650 4096 daemonum
2691 4041 2983 4097 vexatione
3036 4041 3238 4108 soluti;
3287 4042 3384 4097 sed
3436 4059 3580 4098 unus

1992 4134 2258 4191 duntaxat
2283 4135 2339 4189 in
2372 4134 2478 4189 ﬁde
2508 4132 2771 4204 perstitit,
2808 4134 2945 4190 alter
2968 4134 3036 4189 ab
3060 4149 3123 4189 ea
3149 4134 3368 4190 excidit.
3400 4134 3580 4202 Quare

1992 4224 2138 4296 quod
2168 4226 2262 4281 ille
2296 4232 2618 4281 constanter
2656 4225 2714 4279 in
2761 4223 2867 4280 fide
2911 4233 3181 4291 maneret,
3237 4226 3578 4296 sequebatur

1995 4315 2204 4379 Iesum,
2240 4324 2298 4371 ut
2339 4317 2395 4370 in
2442 4315 2738 4385 Evangelio
2782 4315 3047 4385 scriptum
3075 4317 3219 4381 est’,
3249 4331 3579 4386 quocunque

2009 4416 2279 4479 pergeret.
2333 4406 2471 4462 Hinc
2493 4415 2578 4463 est
2607 4407 2777 4477 quod,
2807 4407 2978 4462 altero
3001 4407 3391 4476 praetermisso,
3415 4408 3583 4461 unius

1921 4490 1965 4549 Ι)
1996 4501 2267 4557 duntaxat
2321 4498 2503 4556 Lucas
2552 4497 2826 4563 meminit,
2878 4499 2973 4568 qui
3019 4509 3283 4553 canorum
3316 4500 3370 4554 in
3411 4514 3581 4570 regno

1995 4592 2402 4664 perseveravit;
2456 4607 2640 4662 neque
2683 4590 2985 4662 quidquam
3041 4590 3207 4646 habet
3240 4591 3308 4646 ad
3361 4591 3581 4648 investi-

1993 4684 2227 4757 gandam
2261 4682 2552 4739 veritatem
2585 4684 2854 4739 absonum
2886 4695 2951 4737 ac
2980 4680 3282 4737 diversum.

2064 4775 2196 4831 XLI.
2236 4774 2349 4832 Nec
2394 4774 2682 4831 dissimilis
2733 4773 2864 4829 huic
2906 4772 2974 4829 de
3018 4787 3129 4843 quo
3164 4771 3376 4843 agimus
3409 4786 3575 4843 argu-

1988 4868 2160 4923 menti
2197 4874 2305 4933 est,
2352 4866 2500 4937 quod
2546 4866 2600 4920 in
2637 4864 2932 4935 Evangelia
2968 4875 3247 4928 narratur,
3283 4872 3474 4935 utpote
3506 4866 3576 4920 ab

1998 4957 2190 5014 eodem
2238 4965 2463 5012 auctore
2493 4955 2760 5026 profecto.
2798 4953 2994 5010 Decem
3028 4955 3277 5025 leprosos
3317 4953 3576 5010 Dominus

1996 5049 2164 5124 654
2209 5055 2557 5120 purgaverat,
2612 5063 2642 5102 e
2675 5046 3115 5117 quibusnovem
3158 5045 3423 5103 abeuntes
3466 5062 3575 5101 non

2000 5142 2270 5197 dederunt
2303 5140 2535 5212 gloriam
2572 5138 2702 5203 Deo,
2737 5153 2881 5193 unus
2906 5137 3177 5194 duntaxat
3204 5138 3422 5194 rediens
3454 5152 3594 5217 per-5

1972 5236 2226 5301 .rnansit,
2274 5234 2367 5304 qui
2395 5247 2425 5286 a
2454 5231 2688 5287 Domino
2720 5239 3009 5302 propterea
3042 5230 3457 5287 commendatur
3484 5229 3573 5283 bis

2001 5326 2224 5381 verbis:
2253 5324 2443 5379 Decem
2482 5322 2675 5391 leprosi
2700 5321 2945 5377 mundati
2979 5331 3130 5377 sunt.
3184 5319 3294 5378 Cur
3331 5335 3481 5375 nemo
3508 5332 3576 5373 ea:

2653 5502 2675 5534 ⁵
2707 5500 2838 5555 Luc.
2879 5515 2992 5563 vm,
3022 5499 3111 5552 27.
3187 5497 3209 5529 ⁸
3245 5495 3376 5551 Luc.
3408 5509 3570 5561 xxm,

1999 5746 2127 5787 cmn
2178 5729 2562 5784 tantummodo
2615 5724 3140 5792 commemoravcrit,
3196 5722 3289 5795 qui
3336 5719 3407 5778 ab
3453 5736 3575 5778 mo-

1997 5801 2206 5859 lestiori
2236 5808 2381 5857 esset
2413 5798 2661 5856 dmutone
2690 5805 2996 5869 correptus.
