4078 6440
495 350 560 407 91
1915 353 1973 407 S.
2013 351 2072 408 El

2173 354 2350 408 llANll
3683 356 3770 412 92

496 465 561 518 iis
603 479 841 520 ret-erus
869 475 973 530 est,
1001 465 1092 535 qui
1113 473 1264 520 daret
1304 465 1534 536 gloriam
1574 463 1707 528 Deo,
1767 465 1871 519 nisi
1924 466 2068 519 solus

2173 467 2363 532 δόξαν
2401 468 2483 533 τῷ
2521 466 2663 533 Θεῷ,
2694 465 2855 522 ἀλλὰ
2880 466 3070 535 μόνος
3101 458 3283 528 οὗτος
3316 466 3349 516 δ
3380 464 3762 536 Maurae.-

493 556 576 607 hic
614 556 910 626 alienigena
935 558 990 610 ‘2
1030 557 1220 611 Viden‘
1256 565 1315 611 ut
1344 557 1417 612 ob
1440 556 1562 626 ejus
1596 566 1810 628 gratum
1836 557 2078 610 animum

495 659 561 698 ac
619 643 868 701 beneﬁcii
920 648 1287 710 sentientem,
1341 661 1452 700 non
1500 646 1712 713 decem,
1760 646 1856 701 sed
1916 646 2077 700 unius

494 737 842 791 meminerit?
898 737 1016 803 Qua
1098 739 1310 793 ratione
1370 745 1424 793 et
1471 737 1606 792 illud
1669 735 2074 807 intelligendum

491 838 598 892 est,
635 831 780 898 quod
824 831 894 886 de
936 831 1248 887 latronibus
1277 832 1612 900 evangelista
1655 840 2072 885 commemorat.

496 922 750 976 Solemus
805 924 952 977 enim
1021 923 1320 992 singularia
1393 938 1786 992 nonnunquam
1847 938 2076 977 numero

493 1015 862 1068 multitudinis
898 1013 1109 1078 eﬂ‘erre,
1158 1024 1214 1068 et
1256 1023 1446 1068 contra
1491 1015 1718 1084 pluralia
1767 1013 2071 1083 singulari;

491 1103 638 1156 velut
689 1118 813 1156 cum
849 1103 1085 1158 dicimus
1115 1123 1129 1157 :
1164 1103 1518 1157 Narravimus
1555 1103 1730 1166 vobis,
1754 1113 1806 1156 et
1841 1103 2075 1158 vidimus

495 1206 618 1256 vos,
645 1203 698 1246 et
732 1193 982 1248 venimus
1025 1194 1093 1247 ad
1127 1211 1263 1259 vos;
1307 1210 1432 1248 cum
1482 1194 1698 1248 interim
1745 1210 1852 1247 non
1893 1195 2076 1264 plures

494 1281 626 1341 sint.
660 1283 756 1336 sed
792 1299 935 1339 unus
963 1284 1230 1338 duntaxat
1263 1288 1356 1355 qui
1393 1287 1652 1356 loquitur.
1698 1285 1896 1340 Verum
1926 1303 2070 1343 unus

492 1374 775 1427 communi
836 1375 1090 1444 loquendi
1135 1378 1533 1432 consuetudine
1570 1394 1633 1431 ex
1676 1378 1915 1446 plurium
1952 1394 2075 1448 per-

493 1473 628 1512 sona
673 1476 978 1516 sermonem
1029 1464 1287 1518 instituit.
1341 1464 1431 1518 Sic
1477 1466 1547 1520 ab
1584 1481 1692 1520 uno
1737 1467 2074 1536 evangelista

494 1549 721 1618 pluralis
769 1561 1071 1621 usurpatus
1101 1561 1187 1608 est
1219 1571 1525 1622 numerus;
1565 1556 1702 1611 alter
1743 1572 1874 1611 vero
1903 1574 2073 1612 unum

491 1658 520 1692 e
548 1639 858 1698 latronibus
883 1645 942 1698 in
969 1644 1256 1701 Christum
1295 1647 1623 1701 maledicum
1673 1646 2072 1713 fuissedoeet;

492 1729 720 1784 alterum
778 1749 909 1786 vero
955 1734 1298 1800 confessum,
1349 1751 1415 1790 ac
1449 1737 1681 1792 salutem
1727 1738 1899 1793 fuisse
1937 1754 2074 1792 con-

2179 563 2292 615 Καὶ
2318 561 2475 631 ὁρᾷς,
2507 561 2591 614 ὅτι
2635 559 2726 613 διὰ
2765 558 2829 612 τὸ
2875 555 3199 623 εὐαίσθητον
3225 555 3321 608 καὶ
3346 555 3445 623 τῆς
3475 556 3768 626 εὐγνωμο-

2180 649 2345 720 σύνης
2381 650 2542 720 ἔργον
2581 648 2676 702 τοῦ
2719 647 2838 710 ἑνὸς
2882 646 3003 700 ἀντὶ
3053 645 3162 698 τῶν
3212 643 3344 696 δέκα
3401 642 3764 713 μνημονεύει.

2186 740 2460 804 Ὡσαύτως
2488 739 2547 792 δὲ
2569 737 2756 809 ἐπειδὴ
2782 740 2812 791 δ
2844 731 2923 800 εἷς
2959 735 3350 805 εὖαγγελιστὴς
3379 735 3508 803 περὶ
3540 734 3767 808 λῃστῶν

2175 831 2604 902 ἐμνημόνευσεν.
2638 828 2923 900 Είώθαμεν
2954 829 3064 898 γὰρ
3100 827 3169 879 τά
3210 826 3369 879 ἑνικά
3413 825 3765 896 πληθυντικά

2174 923 2374 990 λέγειν,
2404 922 2500 975 καὶ
2523 921 2593 974 τὰ
2627 920 2970 992 πληθυντικά
2995 919 3171 973 ἑνικά.
3204 919 3490 987 δάσκομεν
3509 917 3638 986 γὰρ,
3672 918 3762 968 ὅτι

2176 1013 2566 1084 Διηγησάμεθα
2598 1014 2748 1082 ὑμῖν,
2797 1012 2894 1064 καὶ
2943 1011 3155 1080 εἴδομεν
3191 1011 3360 1078 ὑμᾶς,
3405 1009 3498 1060 καὶ
3541 1009 3768 1078 ἥκομεν

2174 1105 2315 1175 πρὸς
2361 1105 2526 1174 ὑμᾶς.
2579 1104 2694 1156 Καὶ
2745 1103 2807 1156 οὐ
2852 1103 2948 1156 δύο
3001 1103 3053 1154 oi
3081 1101 3352 1170 λέγοντες,
3405 1099 3542 1154 ἀλλά
3578 1093 3659 1161 εἷς
3723 1099 3764 1150 ὀ

2175 1195 2386 1266 παρών.
2427 1198 2486 1248 '0
2513 1195 2569 1248 δὲ
2598 1189 2679 1258 εἷς
2708 1195 2847 1248 κατά
2895 1195 2996 1266 τὴν
3025 1193 3320 1263 συνήθειαν
3364 1196 3464 1262 τῆς
3503 1195 3762 1262 χρήσεως

2173 1286 2240 1338 ὲκ
2277 1284 2571 1356 προσώπου
2617 1284 2827 1338 πολλῶν
2856 1278 3232 1355 πληθυντικῶς
3257 1283 3540 1354 διηγεῖται.
3593 1282 3764 1336 οὕτω

2174 1377 2553 1447 πληθυντικῶς
2604 1377 2956 1448 περιείληφεν
2989 1378 3025 1446 ή
3053 1375 3152 1428 τοῦ
3190 1375 3519 1443 Εὐαγγελὲου
3563 1374 3763 1426 ὑπόθε-

2176 1485 2279 1531 σις.
2320 1469 2380 1520 'U
2402 1468 2458 1520 δὲ
2483 1468 2669 1538 ἕτερος
2690 1467 2975 1538 διηγεῖται,
3005 1467 3091 1518 ὅτι
3115 1459 3198 1528 εἷς
3227 1464 3330 1535 μὲν
3352 1461 3422 1535 ἦν
3448 1467 3477 1517 ὁ
3507 1464 3761 1533 βλάσφη-

2178 1576 2297 1630 μος,
2327 1560 2357 1611 ὁ
2381 1559 2438 1612 δὲ
2468 1553 2548 1622 εἷς
2574 1557 2963 1629 ἐξωμολογεῖτο
3001 1558 3095 1611 καὶ
3137 1558 3293 1627 ἔτυχε
3323 1557 3611 1628 σωτηρίας.
3639 1559 3758 1610 Καὶ

2172 1649 2324 1719 δρᾷς,
2352 1649 2427 1710 ὡς
2464 1648 2642 1700 πάντα
2660 1647 2728 1700 τά
2752 1647 2852 1717 τῆς
2885 1647 3142 1716 ἀληθείας
3171 1647 3319 1717 σαφῆ
3359 1649 3615 1718 ὑπάρχει,
3650 1649 3758 1700 καὶ

2171 1741 2324 1794 οὐδὲν
2370 1741 2610 1793 ἐναντίον
2656 1743 2714 1792 ὲν
2758 1743 2826 1810 τῇ
2871 1741 3082 1812 Γραφῇ.
3129 1739 3289 1792 Ἀλλά
3341 1739 3519 1792 πάντα
3573 1739 3756 1793 ταῦτα

493 1831 764 1876 secutum.
794 1824 1221 1890 Animadvertis,
1259 1828 1476 1896 opinor,
1500 1845 1664 1898 quam
1693 1838 1882 1898 aperta
1921 1831 1990 1883 sit
2018 1830 2072 1883 in

2173 1835 2273 1903 τὴν
2331 1833 2556 1904 Γραφὴν
2601 1833 2891 1898 διεξιόντες
2936 1833 3018 1896 είς
3067 1831 3271 1896 πλάτος
3315 1831 3630 1901 ἡλάσαμεν,
3674 1831 3758 1894 ὡς

489 1913 750 1970 omnibus
799 1917 1026 1983 veritas,
1087 1935 1267 1989 neque
1316 1921 1614 1990 quidquam
1681 1922 1754 1976 sit
1809 1921 1864 1974 in
1921 1920 2070 1974 Scri-

488 2012 649 2072 ptura
714 2008 1050 2062 contrarium
1113 2025 1178 2064 ac
1254 2027 1578 2082 repugnans.
1643 2012 1844 2068 Verum
1898 2015 2071 2068 enim-

491 2109 622 2148 vero
646 2095 776 2149 dum
814 2099 929 2152 haec
957 2116 989 2154 e
1025 2099 1327 2171 Scripturis
1347 2103 1670 2174 deprompta
1712 2105 1874 2158 latius
1901 2120 2068 2174 expo-

492 2184 694 2250 nimus,
743 2189 962 2260 longius
999 2204 1084 2247 est
1111 2208 1143 2246 a
1170 2193 1329 2249 nobis
1357 2209 1542 2250 sermo
1571 2196 1839 2264 prolatus.
1883 2195 2068 2263 Quan-

2173 1920 2348 1994 οἶμαι,
2393 1924 2487 1977 τοῦ
2520 1924 2680 1992 λόγου
2709 1923 2772 1977 τὸ
2794 1924 3057 1995 διήγημα.
3087 1925 3198 1978 Καὶ
3236 1925 3448 1992 γένοιτο
3474 1925 3574 1994 μὲν
3603 1925 3758 1994 ἡμᾶς

2173 2017 2404 2087 κάμνειν
2427 2017 2507 2087 τῷ
2537 2017 2730 2071 πλάτει
2756 2016 2854 2068 τοῦ
2881 2016 3063 2084 λόγου,
3095 2017 3344 2087 ὲλέγχειν
3363 2017 3422 2070 δὲ
3454 2018 3580 2080 τοὺς
3608 2018 3758 2070 κατὰ

2170 2109 2275 2178 τῆς
2302 2106 2579 2178 ἀληθείας,
2630 2105 2947 2176 εὐφραίνειν
2984 2107 3042 2160 δὲ
3075 2107 3203 2169 τοὺς
3230 2109 3382 2171 υἱοὺς
3428 2105 3627 2178 ταύτης
3662 2106 3758 2161 διὰ

2171 2197 2280 2251 τῶν
2311 2197 2415 2267 τῆς
2439 2196 2698 2264 ἀληθείας
2726 2195 2997 2266 ἰατρικῶν
3020 2197 3364 2268 φαρμάκωνῑ

486 2295 650 2349 quam
697 2284 855 2338 velim
902 2286 1154 2357 equidem
1186 2287 1242 2342 in
1277 2289 1629 2358 producenda
1680 2291 1897 2361 longius
1949 2292 2198 2347 oratione
2257 2292 2526 2358 laborare,
2561 2291 2694 2347 dum
2743 2297 2799 2346 et
2835 2290 3086 2347 veritatis
3152 2291 3340 2346 hostes
3405 2289 3756 2354 refellantur,

485 2381 542 2428 et
573 2375 820 2443 ejusdem
849 2376 944 2432 lilii
981 2379 1230 2433 veritatis
1258 2379 1674 2435 medicamentis
1706 2395 1771 2435 ac
1808 2382 2066 2436 remediis
2103 2382 2465 2438 delectentur.
3022 2442 3043 2458 ο

561 2468 720 2524 XLII.
762 2470 918 2526 Nune
943 2473 1298 2527 circulator-is
1332 2474 1480 2529 illius
1518 2476 1731 2544 reliqua
1760 2477 2068 2532 videamus.

2240 2478 2375 2534 ΜΒ.
2428 2472 2563 2530 Εἶτα
2600 2475 2765 2530 πάλιν
2796 2477 2998 2546 ῑδωμιν
3026 2475 3097 2528 τὰ
3125 2475 3290 2547 ἕτερα
3331 2475 3430 2529 τοῦ
3473 2476 3716 2546 ἀγύρτου
3736 2493 3752 2507 ο

493 2557 608 2613 Duo
631 2560 983 2616 Testamenta
1015 2564 1120 2619 sibi
1159 2565 1392 2618 invicem
1423 2581 1546 2621 esse
1575 2567 1852 2620 contraria
1881 2567 2072 2622 defen-

2173 2568 2369 2637 φάσκει
2409 2568 2519 2638 γάρ
2546 2566 2644 2630 τὰς
2670 2565 2764 2618 δύο
2810 2566 3086 2637 Διαθήκας
3114 2566 3367 2628 ἐναντίας
3409 2565 3545 2636 πρὸς
3588 2565 3758 2634 ἀλλή-

489 2647 594 2711 dit,
629 2664 693 2702 ac
741 2649 910 2705 Deum
962 2653 1140 2717 illum,
1186 2654 1280 2723 qui
1334 2655 1390 2708 in
1436 2657 1552 2724 lege
1597 2658 1670 2711 sit
1724 2658 1968 2723 locutus,
2002 2658 2072 2712 ab

2173 2658 2290 2723 λας,
2324 2658 2416 2712 καὶ
2450 2658 2541 2710 τὸν
2567 2657 2700 2710 Θεὸν
2729 2657 2822 2710 τὸν
2844 2657 3153 2727 λαλήσαντα
3184 2658 3246 2708 ὲν
3280 2656 3358 2726 τῷ
3380 2655 3530 2726 νόμῳ
3565 2655 3757 2724 ἕτερον

492 2739 771 2811 Evangelii
834 2750 1062 2798 auctore
1114 2745 1413 2802 diversum.
1476 2747 1710 2803 Proinde
1770 2751 2071 2820 principem

2173 2748 2300 2802 ὄντα
2343 2748 2495 2818 παρὰ
2521 2747 2614 2800 τὸν
2653 2747 2786 2800 Θεὸν
2815 2747 2909 2800 τοῦ
2962 2746 3322 2815 Εὐαγγελίου.
3369 2746 3622 2816 Κάκείνῳ
3652 2743 3760 2815 μὲν

493 2833 645 2888 illum
691 2835 962 2904 appellat;
1019 2837 1168 2892 hunc
1209 2854 1341 2892 vero
1379 2838 1619 2904 Patrem,
1653 2822 1973 2906 aél’ilium;
2013 2850 2069 2896 et

2173 2839 2341 2909 δνομα
2392 2840 2650 2909 ἄρχοντος
2682 2839 2914 2909 τίθησιν,
2957 2832 3003 2907 ᾧ
3044 2839 3101 2891 δὲ
3146 2838 3238 2892 τὸν
3260 2839 3283 2870 ⁸
3330 2838 3478 2901 Υίὸν,
3519 2840 3614 2890 καὶ
3659 2837 3760 2891 τὸν

489 2923 710 2994 quidem
751 2925 966 2981 Patrem
1015 2928 1220 2984 bonum
1257 2928 1426 2984 Deum
1454 2947 1616 2986 suum
1651 2932 1919 2985 nominat.
1953 2931 2068 2986 Uti-

2173 2931 2392 3002 Πατέρκ
2442 2931 2650 2999 ἀγαθὸν
2690 2931 2823 2984 Θεὸν
2872 2931 3066 2984 ἑαυτοῦ
3112 2931 3284 2999 λέγει.
3331 2929 3442 2983 Καὶ
3481 2930 3594 2982 εἴθε
3621 2930 3758 3000 ἠλή-

490 3028 620 3066 nam
651 3030 779 3070 vere
829 3032 989 3071 suum
1029 3033 1154 3074 esse
1196 3019 1457 3085 dixisset,
1515 3037 1615 3076 nec
1650 3037 1839 3076 errore
1897 3022 2068 3077 falsus

2173 3024 2316 3084 θευε,
2349 3025 2443 3078 καὶ
2484 3026 2546 3077 οὐ
2577 3023 2942 3094 σφαλλόμενος
2973 3022 3094 3077 καθ’
3139 3023 3336 3076 ἑαυτοῦ
3365 3022 3712 3091 ἐϐλασφήμει
3737 3024 3751 3074 l

493 3113 605 3159 tam
629 3109 1062 3166 contumeliosus
1106 3111 1162 3164 in
1203 3110 1373 3166 Deum
1403 3129 1574 3169 voces
1619 3114 1673 3167 in
1718 3129 1877 3167 suum
1906 3125 2070 3183 caput

2173 3115 2263 3185 Τῷ
2290 3117 2346 3168 δὲ
2379 3115 2532 3187 αὐτῷ
2562 3115 2706 3185 λόγῳ
2737 3116 2831 3168 καὶ
2861 3116 3017 3168 αὐτοὶ
3040 3113 3472 3185 συμφωνοῦμεν·
3503 3116 3588 3168 ὅτι
3617 3115 3759 3182 ἀγα-

489 3197 696 3254 ederet.
728 3198 840 3255 Nos
897 3218 1028 3257 vero
1073 3204 1143 3259 iis
1185 3205 1322 3275 ipsis
1349 3205 1418 3259 ab
1447 3221 1515 3260 eo
1546 3207 1712 3260 dictis
1734 3206 2068 3262 assentimur

494 3289 661 3354 ultro,
695 3291 859 3362 idque
887 3293 1211 3362 proﬁtemur
1238 3314 1254 3350 :
1281 3294 1416 3350 Boni
1454 3294 1636 3351 Patris
1668 3297 1872 3350 bonam
1901 3296 2068 3351 sobo-

491 3384 620 3447 lem,
647 3385 828 3440 lumen
878 3387 948 3440 de
985 3386 1210 3453 lumine,
1253 3385 1422 3443 Deum
1466 3386 1536 3442 de
1580 3386 1714 3454 Deo,
1761 3386 1932 3444 Deum
1979 3404 2070 3444 ve-

488 3491 610 3532 rum
653 3477 723 3533 de
778 3477 889 3534 Deo
937 3495 1088 3544 vero,
1134 3479 1203 3534 ad
1251 3495 1355 3536 nos
1399 3481 1655 3536 servandi
1690 3481 1862 3536 nostri
1893 3481 2067 3551 gratia

489 3572 726 3626 venisse.
773 3568 844 3625 In
884 3573 1105 3640 propria
1150 3572 1339 3642 quippe
1359 3572 1519 3636 venit,
1555 3587 1665 3626 non
1696 3571 1752 3625 in
1781 3566 1980 3636 aliena,
2019 3583 2069 3626 et

488 3665 574 3718 sui
605 3681 724 3718 eum
747 3682 850 3717 non
885 3675 1206 3732 receperunt.
1253 3666 1523 3734 Quotquot
1559 3674 1734 3719 autem
1769 3675 2072 3734 receperunt

491 3757 667 3820 illum,
722 3756 868 3810 dedit
919 3757 994 3810 eis
1039 3765 1351 3825 potestatem
1379 3757 1518 3825 ﬁlios
1545 3757 1644 3810 Dei
1675 3758 1824 3825 ﬁeri;
1853 3759 1943 3826 qui
1968 3775 2072 3811 non

487 3864 559 3905 ea:
582 3848 861 3916 sanguine,
879 3862 1038 3916 neque
1066 3861 1133 3900 es
1161 3862 1339 3912 came,
1375 3845 1465 3900 sed
1497 3861 1564 3899 ea:
1601 3845 1709 3900 Deo
1732 3847 1847 3900 nati
1877 3857 1999 3900 sunt
2021 3848 2065 3902 ⁸.

493 3941 659 4012 Atqui
712 3955 875 3994 nemo
906 3939 1026 3992 sine
1062 3952 1232 3992 carne
1265 3945 1318 3991 et
1353 3939 1622 4006 sanguine
1654 3938 1706 3990 in
1738 3937 1948 3991 mundo
1977 3952 2071 3991 na-

491 4041 585 4088 tus
623 4039 730 4096 est,
767 4031 864 4085 sed
894 4044 1085 4083 omnes
1115 4027 1304 4080 carnis
1341 4042 1406 4080 ac
1448 4027 1736 4097 sanguinis
1779 4028 2074 4097 participes

497 4125 626 4182 nati
661 4131 811 4179 sunt.
857 4121 1000 4187 Quid
1045 4120 1191 4174 enim
1218 4127 1375 4173 etant
1405 4120 1722 4188 priusquam
1757 4135 1882 4172 cum
1909 4134 2076 4174 carne

489 4221 658 4294 655
692 4215 1080 4289 gignerentur?
1117 4223 1212 4268 aut
1243 4214 1372 4284 quid
1406 4231 1529 4268 esse
1581 4215 1698 4268 sine
1747 4230 1912 4268 carne
1956 4231 2078 4286 pos-

2169 3206 2263 3260 θοῦ
2289 3208 2503 3278 Πατρὸς
2531 3207 2592 3260 τὸ
2619 3206 2826 3274 ἀγαθὸν
2851 3206 3118 3276 γέννημα,
3148 3206 3265 3275 φῶς
3309 3208 3374 3259 ἐκ
3399 3207 3598 3275 φωτὸς,
3622 3206 3759 3268 Θεὸς

2169 3301 2234 3352 ὲκ
2273 3299 2432 3364 Θεοῦ,
2465 3299 2600 3362 Θεὸς
2628 3298 2882 3370 ἀληθινὸς
2914 3300 2978 3351 ὲκ
3004 3297 3138 3352 Θεοῦ
3164 3298 3424 3368 ἀληθινοῦ
3449 3295 3581 3370 ἦλθε
3614 3299 3756 3369 πρὸς

2167 3391 2337 3460 ἡμᾶς,
2366 3390 2456 3444 ἵνα
2495 3390 2643 3459 ἡμᾶς
2690 3388 2863 3458 σώσῃ.
2911 3390 3014 3455 Eli;
3046 3389 3120 3443 τὰ
3165 3389 3288 3442 iam
3316 3385 3484 3459 ἦλθε,
3522 3391 3618 3443 καὶ
3654 3391 3756 3442 οὐκ

2169 3482 2252 3544 είς
2299 3480 2369 3534 τά
2413 3481 2690 3551 ἀλλότρια,
2737 3482 2791 3533 οἱ
2835 3478 2974 3534 ἴδιοι
3022 3480 3211 3533 αὑτὸν
3259 3481 3333 3534 οὐ
3382 3478 3749 3547 παρέλαϐον.

2173 3571 2347 3625 Ὅσοι
2387 3569 2456 3624 δὲ
2486 3570 2708 3624 ἔλαϐον
2733 3571 2946 3634 αὑτὸν,
2971 3570 3196 3624 ἔδωκεν
3228 3570 3436 3637 αὐτοῖς
3465 3570 3758 3634 ἐξουσίαν

2170 3661 2353 3717 τέκνα
2384 3663 2534 3718 Θεοῦ
2559 3661 2869 3732 γενέσθην
2901 3663 2959 3716 oi
2981 3665 3095 3718 οὐκ
3118 3663 3187 3728 ἐξ
3216 3664 3485 3731 αἳματος,
3517 3661 3662 3716 οὐδὲ
3685 3663 3757 3716 ex

2171 3755 2418 3823 σαρκὸς,
2471 3755 2612 3810 ἀλλ’
2648 3755 2720 3808 ἐκ
2765 3753 2916 3808 Θεοῦ
2961 3755 3401 3824 ἐγεννήθησαν.
3447 3754 3642 3807 Καίτοι
3688 3768 3756 3822 γε

2171 3848 2348 3911 οὐδεὶς
2389 3849 2448 3901 ὲν
2481 3846 2564 3918 τῷ
2601 3845 2791 3917 κόσμῳ
2824 3847 2954 3901 ἀνευ
2995 3847 3198 3916 σαρκὸς
3228 3845 3492 3917 ἐγεννήθη
3541 3847 3636 3898 καὶ
3668 3848 3756 3900 αἰ·

2175 3957 2382 4011 ματος.
2427 3939 2564 3992 ἀλλὰ
2621 3939 2824 4002 πάντες
2872 3939 3090 4008 μέτοχοι
3140 3938 3342 4009 σαρκὸς
3384 3939 3477 3991 καὶ
3524 3937 3757 4007 αἵματος

2172 4032 2445 4101 γεγόνασι.
2485 4031 2551 4084 Τί
2581 4032 2690 4102 γὰρ
2725 4027 2884 4102 ἦσαν,
2930 4031 3124 4102 πρὶνῆ
3179 4032 3238 4084 ὲν
3285 4031 3449 4100 σαρκὶ
3481 4028 3757 4100 γεννηθῶ-

2175 4140 2290 4188 σιν;
2317 4123 2350 4194 ἢ
2388 4123 2442 4176 τί
2470 4122 2748 4194 δυνάμεθα
2777 4119 2921 4176 εἶναι
2947 4124 3076 4178 ἀνευ
3107 4123 3340 4194 capide;
3391 4121 3612 4190 Ἐπειδὴ
3643 4120 3698 4174 δὲ
3729 4123 3757 4172 δ

2174 4214 2380 4284 κόσμος
2430 4215 2495 4267 ὲκ
2539 4213 2676 4267 Θεοῦ
2726 4213 2938 4281 γέγονε,
2977 4214 3075 4269 καὶ
3117 4215 3278 4284 ἡμεῖς
3325 4212 3642 4275 κτισθέντες
3690 4213 3757 4265 ἐκ

493 4313 736 4370 sumus?
772 4309 878 4365 Sed
903 4309 1164 4380 quoniam
1201 4307 1439 4362 mundus
1469 4323 1499 4361 a
1529 4307 1640 4362 Deo
1671 4307 1847 4363 factus
1876 4315 1980 4370 est,
2021 4316 2072 4363 et

2177 4307 2380 4378 σαρκὸς
2421 4306 2522 4377 μέν
2549 4307 2718 4377 ἐσμεν
2755 4306 3144 4376 γεγεννημένοι
3174 4305 3426 4376 πατέρων
3459 4304 3552 4358 καὶ
3590 4303 3756 4374 μητέ-

491 4421 594 4461 nos
639 4405 708 4459 ab
746 4404 938 4458 eodem
972 4399 1245 4470 procreati
1296 4413 1364 4453 ex
1415 4407 1703 4468 parentum
1755 4408 2070 4454 nostrorum

2180 4414 2309 4468 ρων,
2353 4393 2519 4468 ἦλθεν
2555 4399 2585 4451 ὁ
2621 4396 2826 4467 Κύριος
2861 4397 3118 4466 γεννῆσαι
3149 4398 3297 4466 ἡμᾶς
3332 4397 3400 4449 ἐκ
3444 4394 3756 4463 πνεύματος

494 4510 668 4552 carne
686 4493 854 4564 geniti
884 4507 1100 4556 sumus,
1133 4490 1284 4545 venit
1323 4489 1608 4553 Dominus,
1640 4499 1699 4543 ut
1731 4505 1834 4544 nos
1865 4505 1932 4544 ex
1965 4490 2073 4559 spi-

490 4587 599 4640 ritu
630 4595 685 4641 et
714 4585 841 4654 igne
872 4588 1181 4653 generaret.
1217 4580 1398 4635 Geniti
1427 4579 1613 4648 itaque
1642 4595 1836 4634 sumus
1868 4598 1881 4632 :
1911 4579 2073 4648 idque

492 4680 670 4748 ipsum
704 4675 1074 4731 certissimum
1108 4680 1234 4738 est;
1289 4687 1467 4741 neque
1515 4673 1806 4742 quisquam
1843 4672 2072 4741 primam

492 4771 640 4825 illam
693 4766 1100 4838 generationem
1153 4764 1372 4832 ejnrare
1418 4772 1621 4834 potest,
1674 4771 1769 4817 aut
1801 4780 1866 4818 ex
1905 4779 2073 4818 carne

495 4867 852 4929 propagatum
906 4871 969 4911 se
1010 4871 1133 4912 esse
1180 4855 1415 4909 dilliteri.
1483 4855 1636 4920 Quod
1671 4856 1740 4909 ad
1773 4854 2072 4908 secundam

493 4949 712 5020 quidem
740 4948 1170 5018 -generationem
1218 4949 1430 5010 attinet,
1486 4962 1595 5000 non
1645 4961 1767 5000 eam
1806 4962 1871 5000 ex
1905 4960 2070 5000 carne

493 5041 578 5095 vel
613 5039 880 5107 sanguine
937 5039 1117 5093 sortiti
1173 5055 1384 5100 sumus,
1438 5039 1544 5092 hoc
1589 5046 1674 5092 est
1722 5052 1832 5092 non
1871 5052 1940 5092 ex
1967 5051 2068 5090 usu

493 5129 682 5185 carnis
709 5136 802 5181 aut
847 5128 1132 5196 sanguinis
1162 5131 1508 5198 accepimus;
1539 5143 1728 5184 verum
1767 5143 1988 5182 carnem
2019 5137 2071 5182 et

493 5228 755 5279 animam,
808 5227 1164 5288 posteaquam
1213 5220 1408 5288 spiritu
1461 5221 1626 5290 geniti
1687 5235 1901 5279 sumus.
1960 5233 2116 5280 non,

492 5307 772 5366 carnalem
829 5306 1070 5376 amplius
1116 5307 1400 5373 habemus,
1454 5310 1548 5362 sed
1579 5311 1803 5380 sanguis
1824 5319 1877 5364 et
1913 5325 2063 5371 caro,

493 5410 550 5456 et
606 5399 794 5453 anima
851 5397 1082 5467 spiritali
1144 5398 1377 5466 quadam
1433 5399 1647 5454 ratione
1709 5401 2060 5469 copulantur.

2173 4488 2267 4541 καὶ
2316 4489 2510 4559 πυρός.
2576 4488 2976 4558 Ἐγεννήθημεν
3018 4488 3159 4558 γάρ·
3212 4487 3305 4541 καὶ
3343 4487 3494 4540 ἔστιν
3519 4487 3752 4554 ἀληθές·

2174 4581 2271 4634 καὶ
2303 4581 2364 4633 οὐ
2398 4580 2620 4633 δύναταί
2648 4596 2734 4642 τις
2773 4580 3110 4650 ἀρνήσασθαι
3149 4579 3248 4650 τὴν
3306 4577 3529 4650 πρώτην
3560 4579 3757 4646 γέννη·

2172 4687 2276 4736 σιν,
2312 4669 2432 4722 οὐδὲ
2458 4669 2520 4721 τὸ
2544 4669 2610 4720 ὲκ
2631 4669 2830 4739 σαρκὸς
2855 4664 3015 4722 εἶναι.
3054 4670 3166 4739 Τὴν
3185 4670 3242 4722 δὲ
3264 4669 3525 4737 δευτέραν
3554 4669 3755 4737 γέννη-

2177 4779 2261 4814 σιν
2307 4761 2408 4814 οὺκ
2452 4762 2517 4814 ἐκ
2556 4760 2760 4832 σαρκὸς
2808 4759 3204 4830 γεγεννήμεθα,
3233 4759 3354 4812 οὐδὲ
3404 4757 3464 4823 ἐξ
3499 4760 3752 4828 αἵματος,

2174 4855 2453 4908 τουτέστιν
2497 4854 2559 4907 οὐ
2603 4855 2671 4924 τῇ
2699 4853 3005 4922 ἀποχρήσει
3043 4852 3142 4921 τῆς
3183 4851 3384 4921 σαρκὸς
3423 4851 3756 4921 κεχρημένοι

2174 4944 2270 4998 καὶ
2304 4943 2398 4997 τοῦ
2428 4945 2679 5015 αἵματος,
2705 4943 2841 4997 ἀλλά
2875 4945 3054 5014 σάρκα
3077 4943 3171 4995 καὶ
3194 4943 3372 5013 ψυχὴν
3395 4944 3456 4994 ὲν
3482 4942 3755 5009 πνεύματι

2175 5036 2563 5107 γεγεννημένα
2612 5035 2808 5106 μηκέτι
2852 5033 3121 5105 σαρκικὴν
3172 5030 3361 5098 οὖσαν,
3413 5033 3548 5087 ἀλλά
3587 5029 3752 5103 αἷμα,

2175 5129 2271 5182 καὶ
2314 5127 2496 5198 σάρκα
2519 5168 2534 5193 ,
2568 5127 2664 5182 καὶ
2691 5126 2868 5198 ψυχὴν
2924 5123 3312 5196 πνευματικῶς
3364 5125 3753 5196 συνηνωμένα·

2174 5219 2456 5273 τουτέστιν
2477 5218 2740 5272 Ἔδωκεν
2757 5218 2962 5284 αὐτοῖς
2983 5217 3275 5282 ἐξουσίαν
3297 5217 3480 5271 τέκνα
3497 5215 3644 5270 Θεοῦ
3661 5234 3758 5285 τε-

2170 5309 2402 5372 νέσθαι,
2427 5314 2539 5373 τοῖς
2565 5309 2960 5380 μεταϐάλλουσι
2983 5309 3082 5379 τήν
3099 5309 3347 5379 γνώμην,
3377 5308 3469 5360 καὶ
3497 5307 3587 5360 διὰ
3623 5325 3688 5358 σα
3697 5325 3758 5375 ρ-

2171 5400 2288 5466 κὸς,
2314 5401 2409 5454 καὶ
2432 5401 2686 5472 αἵματος,
2713 5400 2808 5453 καὶ
2829 5401 3008 5469 ψυχῆς
3041 5399 3163 5468 Θεῷ
3192 5398 3644 5469 εὐαρεστήσασιν.

498 5493 676 5562 Atque
702 5492 837 5547 illud
864 5491 1044 5561 ipsum
1074 5497 1160 5545 est
1211 5491 1358 5559 quod
1399 5490 1643 5545 dicitur:
1682 5491 1830 5546 Dedit
1894 5495 1968 5547 eis
2019 5503 2331 5562 potestatem
2377 5495 2517 5561 ﬁlios
2558 5492 2658 5547 Dei
2688 5493 2826 5561 ﬁeri,
2867 5495 3182 5564 quicunque
3222 5495 3480 5547 nimirum
3544 5500 3761 5546 mutato

500 5583 557 5639 in
589 5586 784 5642 melius
813 5587 1000 5641 animo
1027 5600 1273 5652 carnem,
1301 5587 1620 5657 sanguinem
1660 5596 1716 5643 et
1747 5590 1982 5643 animam
2015 5590 2082 5643 ad
2123 5590 2217 5646 Dei
2243 5589 2578 5646 voluntatem
2614 5590 3050 5644 accommodant.

577 5739 597 5777 ³
632 5737 768 5800 Luc.
804 5755 938 5808 xv",
983 5740 1167 5805 l7,18
1267 5743 1286 5772 ¹
1327 5739 1484 5795 Joan.
1511 5757 1549 5805 ι,
1587 5742 1766 5796 11-15.

1848 5744 1865 5770 ³
1901 5741 1960 5796 l“.
2003 5743 2135 5815 τῷδε
2171 5743 2280 5797 τόν.
