4078 6468
343 363 417 422 03
987 369 1358 430 ADVERSUS
1398 372 1746 432 ll/ERESES
1786 375 1917 435 LIB.
1958 377 2026 434 ll.
2070 376 2233 435 TOM.
2277 380 2342 436 ll.
2383 414 2452 424 —
2492 382 2767 440 HIERES.
2808 383 2995 441 LXVI.
3541 388 3614 446 94

426 475 486 531 ’0
515 473 646 546 τοῦν
679 478 762 542 εἰς
791 478 861 534 τὰ
909 479 1012 536 ἴδια
1057 482 1227 536 ἐλθὼν
1274 485 1376 540 οὐκ
1423 486 1703 558 ἀλλότριος
1744 489 1922 551 ἐστιν,

2100 489 2220 546 Jam
2274 509 2406 549 vero
2460 496 2554 566 qui
2600 496 2656 551 in
2707 498 2930 567 propria
2975 496 3198 553 venisse
3247 497 3470 553 dicitur.
3501 515 3611 555 non

339 569 478 623 ἀλλὰ
497 570 778 643 Δεσπότης
806 573 1044 629 πάντων.
1074 575 1184 628 Καὶ
1208 575 1296 629 διὰ
1328 577 1490 632 τοῦτο
1518 578 1697 648 λέγει·
1743 579 1798 631 Ὁ
1826 583 1929 634 λα-

336 662 466 714 λών
491 661 563 714 ἐν
592 663 718 730 τοῖς
760 665 1096 736 προφήταις
1117 683 1131 697 ·
1174 667 1326 723 Ἰδοὺ
1355 671 1614 740 πάρειμι.
1658 671 1767 724 Καὶ
1816 673 1927 735 τοῖς

357 751 624 820 Ἰουδαίοις
650 755 756 829 ἔφη
775 773 790 787 ·
820 761 894 816 El
913 759 1155 814 Μωῦσεῖ
1182 762 1548 829 ἐπιστεύετε,
1573 763 1924 818 ἐπιστεύετε

338 845 420 900 ἂν
460 847 626 917 ἐμοί·
675 850 912 918 ἐκεῖνος
958 853 1069 922 γὰρ
1121 855 1256 924 περὶ
1299 855 1447 924 ἐμοῦ
1484 854 1740 926 ἔγραψε·
1797 857 1923 922 καὶ,

351 939 599 1009 Ἀϐραὰμ
636 943 671 994 ό
705 942 905 1010 πατὴρ
954 942 1123 1013 macine
1159 944 1576 1016 ἠγαλλιάσατο
1626 945 1776 1000 ιὸεῒν
1813 946 1929 1015 τὴν

335 1029 573 1098 ἡμέραν
599 1049 739 1101 μου.
775 1035 887 1090 Kal
913 1029 1070 1104 εἶδε,
1105 1038 1204 1092 καὶ
1237 1037 1426 1107 ἐχάρη
1446 1055 1461 1070 ·
1493 1040 1608 1107 καὶ,
1641 1040 1842 1106 Οὕτως
1873 1043 1928 1094 οἱ

335 1124 592 1193 πατέρες
621 1125 795 1196 ὑμῶν
822 1127 1073 1184 ἐποίουν
1105 1129 1231 1196 τοῖς
1258 1131 1596 1200 προφήταις
1617 1148 1631 1161 ·
1663 1133 1776 1198 καὶ,
1804 1135 1929 1187 Μα-

336 1215 534 1284 κάριοι
566 1218 726 1283 ἐστε,
771 1218 918 1274 ὅταν
945 1222 1328 1278 ὀνειδίσωσιν
1353 1223 1512 1294 ὑμᾶς
1535 1264 1550 1289 ,
1585 1223 1683 1278 καὶ
1710 1225 1928 1278 εἴπωσι

337 1310 470 1361 καθ’
498 1308 667 1377 ὑμῶν
689 1308 814 1366 πᾶν
843 1313 1114 1383 πονηρὸν
1136 1315 1522 1385 ψευδόμενοι.
1555 1315 1800 1384 Χαίρετε
1825 1315 1928 1370 καὶ

334 1397 750 1467 ἀγαλλιᾶσθε·-
791 1402 883 1458 ὅτι
933 1407 968 1459 ό
1007 1405 1229 1475 μισθὸς
1261 1405 1430 1476 ὑμῶν
1467 1407 1663 1472 πολὺς
1695 1407 1766 1461 ὲν
1800 1406 1926 1474 τοῖς

335 1491 636 1558 οὐρανοῖς.
673 1493 838 1548 οὕτω
866 1495 977 1565 γὰρ
1007 1496 1261 1553 ἐδίωκον
1284 1498 1425 1566 τοὺς
1451 1501 1762 1570 προφήτας
1788 1501 1927 1568 τοὺς

335 1584 453 1652 πρὸ
493 1583 694 1653 ὑμῶν·
740 1587 835 1640 καὶ
867 1588 1058 1642 ἄλλοτε
1079 1605 1092 1618 ·
1133 1589 1534 1662 Ἰερουσαλὴμ
1570 1593 1608 1660 ἠ
1652 1593 1928 1648 ἀποκτεί-

332 1691 540 1730 νουσα
580 1676 724 1743 τοὺς
771 1680 1118 1749 προφήτας,
1163 1683 1261 1736 καὶ
1316 1684 1725 1739 λιθοϐολοῦσα
1783 1686 1928 1751 τοὺς

333 1766 852 1838 ἀπεσταλμένους,
876 1771 1137 1839 ποσάκις
1163 1773 1439 1843 ἠθέλησα
1465 1775 1830 1842 ἐπισυνάξαι
1852 1777 1927 1831 τὰ

332 1855 518 1911 τέκνα
553 1835 708 1912 σουί
735 1835 818 1912 To,
838 1860 896 1913 δὲ
928 1835 1197 1929 nomina,“
1231 1835 1466 1919 δειιινύει
1499 1866 1584 1919 διὰ
1627 1835 1926 1938 προιρητῶν
1957 1835 2000 1892 Β

331 1945 525 1999 τούτου
556 1947 781 2012 συνάξαι
805 1951 976 2022 αὐτὴν
1009 1953 1512 2025 ἐπιμελησαμένου.
1548 1958 1611 2011 Ei
1640 1957 1748 2031 γὰρ
1785 1960 1929 2014 ἀπο-

332 2035 662 2091 κτείνουσα
697 2039 842 2105 τοὺς
870 2039 1184 2110 προφήτας
1229 2043 1376 2113 λέγει
1421 2045 1755 2115 ἐλεγκτικῶς
1774 2090 1788 2114 ,
1817 2049 1927 2119 ἄρα

329 2125 442 2180 τῶν
483 2129 774 2200 προφητῶν
815 2134 1050 2186 ποιεῖται
1103 2134 1206 2206 τὴν
1244 2137 1583 2207 ἐπιμέλειαν.
1625 2139 1684 2193 '0
1721 2139 1780 2192 δὲ
1815 2139 1926 2193 τῶν

332 2218 628 2288 προφητῶν
654 2220 1080 2293 ἐπιμελούμενος
1106 2225 1207 2279 οὐκ
1235 2227 1535 2300 ἀλλοτρίων
1577 2231 1922 2300 ἐπεμελεῖτο,

329 2308 470 2362 ἀλλὰ
494 2309 602 2363 τῶν
637 2311 800 2366 ἰδίων.
839 2315 979 2378 Καὶ,
1006 2317 1443 2387 Ζητηθήσεται,
1476 2321 1611 2390 φησὶ
1635 2361 1651 2385 ,
1686 2321 1753 2375 τὸ
1781 2319 1924 2391 αζιια

330 2395 399 2450 τὸ
431 2397 841 2468 ἐκχυνόμενον
876 2403 994 2457 ἀπὸ
1030 2405 1282 2474 αἵματος
1323 2409 1506 2464 Ἅϐελ
1545 2408 1685 2480 ἄχρι
1720 2414 1920 2481 Ζαχα-

321 2489 465 2555 ρίου
503 2491 608 2544 τοῦ
646 2491 917 2558 δικαίου,
961 2494 1069 2550 τοῦ
1117 2498 1554 2566 ἐκκενωθέντος
1581 2501 1698 2555 ἀνὰ
1724 2502 1923 2572 μέσον

327 2581 441 2635 τοῦ
485 2583 634 2637 ναοῦ
698 2586 796 2639 καὶ
853 2587 966 2651 τοῦ
1015 2591 1490 2660 θυσιαστηρίου·
1552 2593 1648 2649 καὶ
1671 2633 1686 2658 ,
1745 2595 1921 2664 Ἄρας

328 2671 529 2726 πάντα
545 2715 562 2739 ,
589 2674 688 2730 καὶ
717 2675 826 2743 τὰς
853 2677 1145 2746 τραπέζας
1178 2678 1300 2735 τῶν
1333 2682 1753 2740 κολλυϐιστῶ
1782 2702 1922 2738 κατ-

325 2760 606 2832 έστρεψε,
633 2765 733 2821 καὶ
762 2763 896 2824 εἷπε
912 2785 926 2799 ·
949 2768 1048 2838 Μὴ
1073 2770 1302 2828 ποιεῖτε
1328 2771 1436 2827 τὸν
1466 2770 1636 2829 οἷκον
1665 2775 1774 2832 τοῦ
1799 2779 1918 2831 Πα-

327 2855 470 2925 τρός
491 2873 612 2925 μου
641 2853 814 2913 οἶκον
835 2859 1145 2930 ἐμπορίου.
1179 2863 1290 2918 Καὶ
1319 2863 1458 2935 πρὸς
1484 2866 1612 2929 τοὺς
1648 2866 1776 2937 περὶ
1801 2868 1920 2920 Μα-

333 2945 472 3018 ριὰμ
507 2948 602 3002 καὶ
642 2949 844 3022 Ἰωσὴφ
875 2952 1030 3020 ἔλεγε
1050 2968 1065 2985 ·
1106 2953 1167 3011 Τί
1213 2954 1302 3010 ὅτι
1343 2953 1597 3024 ἐζητεῖτέ
1629 2974 1742 3027 ps;
1796 2960 1918 3014 οὐκ

330 3039 554 3109 ᾔδειτε,
585 3041 674 3096 ὅτι
697 3043 768 3096 ἐν
798 3043 925 3111 τοῖς
951 3044 1060 3100 τοῦ
1097 3046 1330 3114 Πατρός
1359 3065 1480 3116 μου
1513 3047 1609 3104 δεῖ
1626 3066 1705 3120 με
1731 3046 1917 3114 eia-at;

330 3132 445 3205 Kal
473 3132 634 3196 εὐθὺς
673 3135 922 3206 ἐπιφέρει
957 3136 1020 3190 τὸ
1049 3136 1385 3208 Εὐαγγέλιω
1432 3139 1610 3210 λέγον,
1648 3142 1729 3197 ὃτι
1759 3136 1910 3197 εἷπε·

2031 581 2244 642 alienus
2259 594 2368 650 est,
2403 586 2500 643 sed
2555 589 2798 644 omnium
2831 589 3114 646 Dominus.
3149 589 3513 655 Quamobrem
3536 591 3610 644 ita

2031 674 2164 728 dicit
2192 694 2205 729 :
2234 675 2340 742 Qui
2370 675 2621 744 loquebar
2651 679 2706 731 in
2730 678 3018 747 prophetis,
3046 694 3158 732 ecce
3172 678 3361 732 adsum
3397 679 3435 728 ⁸.
3467 675 3608 742 Quin

2027 766 2193 822 etiam
2211 767 2430 824 Judasos
2450 770 2767 838 alloquens:
2795 769 2853 824 Si
2876 767 3050 839 Moysi
3070 769 3375 833 crederetis,
3410 769 3582 837 inquit
3595 811 3607 832 ,

2029 855 2308 912 crederetis
2351 867 2403 912 et
2439 858 2596 922 mihi;
2628 859 2719 912 ille
2749 859 2890 912 enim
2912 858 2976 914 de
3005 877 3084 913 me
3112 860 3325 928 scripsit
3349 862 3391 909 ³.
3441 856 3606 912 Item:

2029 947 2303 1002 Abraham
2372 960 2526 1019 pater
2577 960 2759 1005 noster
2809 951 3094 1006 exsultavit
3133 960 3189 1004 ut
3231 952 3423 1006 videret
3472 949 3612 1004 diem

2029 1057 2222 1095 meum.
2257 1039 2401 1095 Vidit
2423 1051 2473 1096 et
2501 1042 2716 1112 gavisus
2749 1051 2826 1096 est
2842 1043 2882 1097 ³.
2913 1042 3051 1097 Tum
3079 1043 3211 1097 illud
3244 1061 3259 1098 :
3294 1042 3382 1097 Sic
3432 1049 3609 1110 patres

2028 1133 2188 1186 vestri
2217 1132 2482 1201 faciebant
2512 1133 2777 1203 prophetis
2802 1133 2853 1200 ";
2885 1143 2971 1189 et:
3016 1133 3172 1187 Beati
3201 1133 3334 1198 estis
3372 1147 3488 1185 cum
3521 1148 3613 1185 es-

2027 1223 2392 1293 probraverint
2430 1223 2598 1291 vobis,
2638 1233 2688 1279 et
2723 1225 2956 1280 dixerint
3006 1223 3286 1278 adversum
3331 1239 3418 1277 vos
3461 1237 3611 1276 omne

2027 1314 2230 1368 malum
2267 1317 2611 1380 mentientes;
2657 1315 2880 1387 gaudete
2927 1324 2979 1370 et
3023 1315 3312 1379 exsultate,
3361 1313 3610 1384 quoniam

2029 1423 2228 1462 merces
2261 1417 2437 1462 vestra
2463 1408 2636 1462 multa
2658 1416 2737 1462 est
2764 1409 2820 1462 in
2843 1408 3007 1463 caelis.
3043 1407 3134 1463 Sic
3168 1407 3306 1461 enim
3335 1420 3612 1475 perseque-

2029 1496 2227 1551 bantur
2275 1499 2586 1568 prophetas,
2639 1499 2730 1568 qui
2775 1507 2893 1552 ante
2945 1514 3031 1552 vos
3065 1497 3347 1566 fuerunt'.
3387 1495 3454 1550 Et
3498 1496 3608 1548 alio

2027 1588 2151 1645 loco
2178 1607 2192 1643 :
2232 1589 2589 1654 Hierusalem,
2623 1607 2740 1661 qua:
2761 1591 2956 1646 occidis
2989 1591 3293 1659 prophetas,
3321 1597 3370 1642 et
3403 1586 3611 1658 lapides

2027 1691 2118 1730 eos
2155 1677 2246 1746 qui
2281 1677 2433 1731 missi
2485 1678 2870 1747 sunt:quoties
2923 1678 3062 1733 volui
3107 1692 3424 1746 congregare
3471 1675 3612 1740 ﬁliis

2031 1769 2224 1821 tuos'l
2265 1766 2397 1834 Quae
2433 1783 2536 1822 vox
2565 1770 2792 1838 quoties,
2820 1769 2950 1823 olim
2991 1771 3168 1837 ipsum
3200 1783 3294 1838 per
3320 1768 3615 1838 prophetas

2027 1858 2429 1929 congregandis
2473 1860 2582 1916 illis
2622 1875 2843 1930 operam
2888 1861 3206 1916 adhibuisse
3239 1860 3603 1916 demonstrat.

2027 1945 2168 2002 Cum
2192 1949 2339 2004 enim
2369 1949 2486 2004 haec
2514 1949 2632 2020 ipsa
2665 1951 2854 2017 verba,
2897 1966 3015 2020 quis
3064 1949 3260 2004 occidis
3308 1950 3610 2019 prophetas,

2028 2053 2223 2110 aspere
2257 2052 2312 2096 et
2339 2041 2668 2112 obiurgandi
2703 2043 2879 2113 gratia
2913 2041 3376 2112 pronuntiaverit,
3413 2057 3612 2098 consc-

2027 2142 2207 2198 quens
2240 2137 2326 2185 est
2369 2131 2762 2199 prophetarum
2830 2131 2899 2185 ab
2941 2145 3008 2185 eo
3047 2145 3235 2184 curam
3266 2145 3390 2185 esse
3423 2145 3616 2186 susce-

2026 2233 2198 2293 ptam.
2231 2220 2350 2276 Jam
2379 2222 2472 2292 qui
2507 2222 2900 2292 prophetarum
2933 2237 3124 2276 curam
3151 2223 3312 2292 gerit,
3347 2239 3457 2276 non
3504 2221 3614 2276 uti-

2025 2327 2134 2383 que
2189 2319 2276 2369 est
2326 2321 2590 2384 tanquam
2643 2313 2712 2370 de
2758 2313 2977 2379 alienis,
3040 2313 3137 2368 sed
3190 2323 3445 2384 tanquam
3495 2315 3612 2370 suis

2024 2401 2382 2472 propriisque
2414 2401 2708 2459 sollicitus.
2754 2401 2876 2468 Quo
2917 2411 2972 2458 et
3016 2402 3153 2456 illud
3197 2405 3476 2472 pertinet:
3509 2402 3611 2456 Rc-

2023 2491 2260 2560 quiretur
2301 2492 2520 2561 sanguis
2576 2492 2665 2561 qui
2718 2492 2918 2561 effusus
2969 2500 3047 2547 est
3087 2509 3121 2546 a
3174 2493 3430 2562 sanguine
3458 2492 3612 2554 Abel,

2022 2597 2187 2654 usque
2241 2583 2311 2638 ad
2351 2582 2679 2637 Zachariam
2728 2583 2974 2652 justum,
3023 2585 3115 2654 qui
3156 2584 3308 2653 {usus
3339 2594 3418 2638 est
3476 2584 3616 2637 inter

2025 2674 2278 2742 templum
2310 2682 2361 2728 et
2394 2680 2564 2728 altare
2597 2673 2932 2729 '.Pra:terea
2965 2675 3072 2730 alio
3099 2675 3154 2729 in
3186 2676 3332 2740 loco,
3367 2675 3612 2730 Sublatis

2021 2756 2266 2812 omnibus
2315 2759 2802 2812 nummulariorum
2850 2776 3060 2814 mensas
3107 2761 3311 2824 evertit,
3339 2777 3402 2814 ac
3429 2760 3565 2814 dixit
3593 2778 3613 2813 :

2022 2839 2206 2897 Nolite
2239 2843 2415 2912 facere
2452 2843 2670 2898 domum
2701 2843 2889 2900 Patris
2917 2846 3018 2899 mei
3046 2845 3262 2901 domum
3299 2847 3552 2918 negotiali
3573 2867 3614 2896 ι·-

2020 2937 2104 2992 nis
2126 2937 2172 2992 '.
2202 2935 2285 2990 Ad
2324 2935 2440 2991 huic
2487 2935 2669 2991 Maria:
2713 2951 2775 2991 ac
2821 2934 3062 3007 Josepho
3096 2937 3226 2992 dixit
3261 2955 3274 2992 :
3308 2935 3451 3003 Quid
3495 2947 3613 2991 erat

2020 3028 2160 3098 quod
2208 3027 2531 3098 qua’rebatis
2579 3030 2706 3085 me?
2735 3019 3070 3083 Nescieb‘atis
3117 3029 3256 3100 quod
3298 3029 3354 3082 in
3396 3029 3463 3082 iis
3495 3045 3612 3098 qua:

2021 3118 2208 3174 Patris
2241 3121 2344 3175 mei
2389 3131 2514 3174 sunt
2560 3130 2759 3188 oportet
2789 3137 2870 3175 me
2900 3137 3013 3176 esse
3034 3121 3102 3174 θῖ
3167 3118 3340 3175 Porro
3367 3118 3611 3189 Evange-

369 3197 384 3205 ,
484 3185 491 3187 ~
614 3185 632 3196 -
680 3185 922 3206 ""i'r"
970 3185 1016 3190 η
1049 3185 1378 3208 -νν-ιι--τ-ν·
1433 3185 1610 3210 "'0"!
1649 3185 1729 3197 *π
1759 3185 1883 3197 *η’-

329 3223 428 3291 Mi;
478 3225 696 3280 ποιεῖτε
747 3226 856 3280 τὸν
900 3221 1072 3282 οἷλιον
1121 3228 1231 3286 τοῦ
1290 3231 1526 3298 Πατρός
1566 3249 1694 3301 μου
1747 3229 1918 3288 οἷκον

2023 3209 2176 3274 lium,
2213 3220 2504 3282 postquam
2539 3185 2654 3267 haec
2686 3213 2756 3266 ab
2787 3228 2852 3268 eo
2881 3211 3026 3265 dicta
3048 3212 3267 3266 retulit:
3299 3209 3464 3284 656
3494 3185 3608 3263 No-

329 3316 616 3385 ἐμπορίου
634 3333 648 3347 ⁶
671 3318 748 3381 ὠς
779 3318 927 3386 λέγει
943 3334 956 3348 ·
987 3317 1101 3376 Καὶ
1125 3318 1530 3392 ἐμνήσθησαν
1552 3325 1608 3378 οἱ
1634 3324 1916 3393 μαθηταὶ,

331 3406 422 3460 ὅτι
460 3403 538 3478 ἦν
581 3409 1020 3479 γεγραμμένον·
1077 3408 1143 3463 '0
1189 3409 1370 3480 ζῆλος
1423 3411 1532 3467 τοῦ
1578 3414 1750 3469 οἴκου
1801 3429 1920 3469 σου

327 3498 630 3568 κατέφαγε
653 3516 752 3568 με.

904 3618 945 3647 λ

398 3680 536 3738 Ill".
573 3679 683 3734 Καὶ
707 3679 849 3734 πόσα
879 3679 1032 3738 ἐστιν
1051 3682 1226 3736 εἰπεῖν
1256 3681 1349 3736 διὰ
1377 3682 1644 3737 τοιούτων
1672 3684 1919 3754 Εύαγγε-

327 3771 459 3828 Mori
491 3771 588 3826 καὶ
617 3772 733 3828 τῶν
755 3773 1078 3828 ἀποστόλων
1103 3775 1185 3839 εἰς
1214 3774 1434 3847 ἔλεγχον
1483 3776 1582 3848 τῆς
1623 3775 1719 3829 τοῦ
1755 3777 1916 3848 Μάνη

333 3865 560 3936 μανίαςς
589 3863 683 3918 καὶ
723 3864 800 3928 ὼς
849 3863 1097 3935 βούλεται
1124 3866 1353 3937 διαιρεῖν
1385 3867 1480 3921 καὶ
1517 3867 1918 3940 ἀπαλλοτριοῦν

326 3957 430 4028 τὴν
451 3955 694 4013 Παλαιὰν
724 3955 1000 4028 Διαθήκην
1025 3955 1134 4010 ἀπὸ
1160 3956 1263 4028 τῆς
1292 3957 1636 4029 Καινῆς,τῆς
1667 3959 1916 4024 Παλαιᾶς

334 4047 722 4122 μαρτυρούσης
761 4049 892 4120 περὶ
923 4047 1019 4102 τοῦ
1053 4049 1335 4121 Σωτῆρος,
1384 4052 1482 4105 καὶ
1527 4053 1622 4106 τοῦ
1664 4053 1917 4126 Σωτῆρος

327 4141 716 4213 ὁμολογοῦντος
739 4143 848 4214 τὴν
871 4141 1118 4198 Παλαιὰν
1144 4141 1420 4214 Διαθήκην
1440 4159 1454 4174 ·
1485 4143 1546 4196 ού
1579 4145 1760 4215 μόνον,
1780 4146 1918 4201 ἀλλὰ

329 4235 427 4287 καὶ
472 4233 627 4286 αὐτοὶ
668 4233 720 4290 oi.
763 4232 1091 4297 ἀπόστολοι,
1122 4233 1198 4296 ὠς
1237 4232 1386 4303 λέγει
1433 4234 1599 4288 Δαϐίδ
1619 4252 1631 4265 ·
1664 4232 1852 4292 Εἶπεν
1882 4240 1916 4292 ό

326 4327 545 4394 Κύριος
573 4322 655 4390 τῷ
688 4324 887 4393 Κυρίῳ
909 4341 1062 4394 μου·
1100 4322 1304 4384 Κάθου
1336 4323 1408 4378 ἐκ
1435 4324 1652 4390 δεξιῶν
1668 4344 1810 4396 μου.
1844 4331 1918 4383 El

326 4413 444 4474 οὖν
475 4417 694 4485 Κύριον
731 4415 920 4473 αὐτὸν
955 4415 1149 4487 λέγει,
1181 4415 1308 4483 πῶς
1337 4417 1470 4484 υίὸς
1508 4420 1696 4475 αὐτοῦ
1746 4420 1920 4488 ἐστι;

2023 3303 2115 3359 lite
2144 3303 2321 3372 facere
2349 3305 2563 3358 domum
2592 3302 2778 3356 Patris
2811 3305 2909 3358 mei
2953 3303 3169 3356 domum
3211 3303 3608 3374 negotiationis,

2021 3395 2207 3448 statim
2267 3395 2401 3449 illud
2446 3394 2721 3463 subjicit:
2774 3393 2842 3447 Et
2908 3393 3175 3447 recordati
3250 3402 3374 3447 sunt
3444 3393 3612 3446 disci-

2020 3478 2134 3546 puli
2170 3481 2311 3549 quod
2367 3481 2626 3549 scriptum
2679 3488 2808 3533 est:
2844 3477 3004 3534 Zelus
3063 3479 3250 3533 domus
3301 3487 3404 3531 tua:
3435 3492 3610 3533 come-

2021 3567 2100 3620 dit
2127 3585 2208 3622 me
2229 3569 2288 3624 ¹⁰.

2091 3686 2280 3745 XLIII.
2333 3687 2508 3754 Quam
2559 3688 2731 3743 multa
2774 3703 2846 3745 ex
2878 3686 3190 3758 Evangeliis
3240 3693 3295 3744 et
3341 3687 3610 3757 apostolis

2021 3778 2208 3835 afferri
2241 3780 2306 3834 ad
2339 3778 2626 3834 Manichazi
2665 3777 3018 3835 refellendam
3045 3779 3313 3832 insaniam
3350 3788 3605 3849 possunt,

2019 3871 2116 3942 qui
2147 3868 2320 3926 Vetus
2366 3869 2786 3926 Testamentum
2811 3887 2840 3924 ιι
2869 3871 3020 3925 Νονο
3057 3868 3363 3924 distrahere
3386 3875 3441 3923 et
3473 3869 3608 3922 alic-

2018 3977 2156 4016 narc
2204 3959 2525 4017 contundit?
2575 3959 2712 4014 Cum
2767 3968 2948 4014 tamen
2993 3967 3047 4014 ct
3102 3957 3276 4014 Vetus
3321 3959 3496 4012 multa
3539 3959 3607 4014 de

2023 4049 2313 4107 Salvatore
2366 4050 2686 4107 testimonia
2738 4051 3059 4116 contineat;
3105 4057 3160 4104 et
3198 4049 3290 4102 hic
3338 4049 3606 4113 vicissim,

2021 4141 2132 4196 imo
2163 4151 2218 4197 et
2241 4141 2364 4210 ejus
2384 4141 2645 4211 apostoli,
2683 4139 2865 4196 Veteri
2893 4140 3250 4196 Testamento
3273 4143 3609 4196 auctoritate

2017 4248 2118 4288 sua
2175 4233 2566 4304 sull‘ragentur,
2604 4240 2665 4288 ut
2717 4235 2774 4288 in
2818 4233 2914 4287 illo
2954 4233 3097 4298 loco,
3152 4233 3244 4302 qui
3287 4248 3356 4287 ex
3392 4231 3600 4286 Davide

2018 4327 2319 4382 translatus
2345 4337 2429 4383 est
2460 4325 2648 4381 :Diazil
2695 4325 2952 4380 Dominus
2987 4325 3215 4380 Domino
3236 4341 3368 4387 meo,
3408 4323 3542 4379 Sede
3569 4341 3609 4379 α

2017 4416 2219 4473 dextris
2254 4417 2404 4470 meis.
2453 4414 2516 4471 Si
2564 4415 2732 4485 igitur
2767 4415 3024 4470 Dominus
3078 4415 3233 4467 illuni
3268 4423 3441 4476 vocat,
3474 4429 3606 4483 qua-

330 4509 442 4564 Καὶ
462 4507 623 4562 πάλιν
651 4509 710 4562 ἐν
736 4508 915 4583 ἑτέρῳ.
934 4508 1114 4578 λέγει·
1147 4508 1272 4564 Τῶν
1293 4509 1525 4566 παίδων
1550 4511 1906 4580 κραζόντων·

2022 4509 2172 4565 modo
2198 4509 2345 4579 [ilius
2377 4508 2491 4577 ejus
2520 4516 2598 4562 est
2622 4507 2702 4560 “‘l
2723 4507 2806 4562 Ad
2830 4508 2944 4562 banc
2968 4526 2982 4562 :
3008 4505 3380 4562 Clamantibus
3395 4505 3604 4573 pueris,

337 4601 608 4657 Ὡσαννὰ
643 4600 730 4667 τῷ
751 4600 862 4669 υἱῷ
897 4600 1076 4655 Δαϐίδ
1099 4614 1112 4629 '
1146 4601 1240 4654 καὶ
1283 4601 1383 4654 οὐκ
1413 4601 1648 4674 ἐπετίμα
1688 4605 1873 4669 αὐτοῖς
1892 4644 1910 4669 ,

326 4693 578 4763 λέγωσιν
623 4695 673 4749 οἱ
716 4695 1026 4766 Φαρισαῖοι·
1075 4693 1196 4747 Οὐκ
1233 4693 1474 4760 ἀκούεις
1518 4695 1577 4748 τι
1614 4691 1782 4754 οὗτοι
1813 4696 1913 4751 λέ-

326 4801 542 4857 pova't;
575 4786 858 4841 κώλυσον
882 4785 1053 4840 αὑτά.
1087 4785 1146 4838 '0
1173 4784 1230 4837 δὲ
1268 4787 1406 4858 πρὸς
1434 4787 1658 4852 αὐτούς·
1695 4791 1794 4847 Ἂν
1819 4786 1913 4848 οὗ-

325 4895 418 4933 τοι
455 4877 832 4949 σιγήσωσιν,
879 4880 931 4930 οἱ
974 4876 1132 4931 λίθοι
1177 4876 1591 4945 κεκράξονται.
1634 4880 1763 4944 Υἱὸς
1812 4881 1912 4952 μὲν

324 4969 433 5041 γὰρ
478 4968 641 5023 Δαϐἔδ
681 4969 796 5022 ἐστι
841 4967 983 5022 κατὰ
1014 4969 1216 5035 σάρκα,
1251 4967 1456 5041 Κύριος
1507 4969 1564 5025 δὲ
1605 4971 1702 5024 τοῦ
1750 4973 1913 5026 Δαϐὶδ

325 5061 468 5116 κατὰ
495 5059 736 5132 πνεῦμα,
759 5059 872 5115 τῶν
895 5061 1221 5134 ἀμφοτέρων
1246 5062 1446 5126 λέξεων
1465 5063 1709 5118 δυνατῶν
1736 5064 1912 5120 οὐσῶν

323 5150 421 5205 καὶ
452 5150 856 5222 ἀληθευουσῶν.
889 5151 1054 5206 Οὐδὲν
1089 5152 1199 5224 γάρ
1231 5155 1350 5207 ἐστι
1387 5154 1910 5226 παρα-πεποιημένον

321 5246 391 5314 τῇ
425 5242 673 5314 ἀληθείᾳ.

406 5334 569 5388 Ἀλλὰ
605 5335 692 5388 ἵνα
733 5333 809 5406 μὴ
840 5334 1066 5405 μηκύνω
1102 5333 1202 5406 τὴν
1247 5334 1502 5389 ὑπόθεσιν
1535 5335 1761 5408 ταύτην,
1809 5337 1910 5408 ἀρ-

2019 4601 2286 4658 Hosanna
2341 4599 2494 4655 Filio
2546 4598 2718 4655 David
2743 4600 2808 4666 η,
2843 4614 2967 4654 cum
2991 4614 3086 4654 eos
3119 4613 3227 4652 non
3269 4598 3601 4668 increparet,

2013 4693 2278 4749 Pharisaii
2307 4695 2381 4748 ita
2416 4693 2598 4762 ipsum
2649 4692 2874 4748 allocuti
2916 4699 3044 4747 sunt
3085 4708 3098 4744 :
3130 4689 3254 4745 Non
3279 4691 3435 4744 audis
3473 4692 3599 4760 quid

2015 4788 2110 4841 isti
2143 4786 2372 4841 dicant?
2408 4785 2628 4853 prohibe
2656 4786 2778 4840 illos
2801 4785 2865 4838 ¹³.
2901 4784 2996 4838 Ille
3021 4798 3151 4838 vero
3179 4783 3252 4836 ita
3279 4782 3560 4852 respondit
3583 4803 3596 4838 :

2017 4877 2079 4934 Si
2109 4879 2202 4932 isti
2239 4878 2524 4944 tacuerint,
2554 4877 2755 4946 lapides
2785 4873 3296 4944 vociferabantur”.
3334 4872 3431 4928 Est
3451 4873 3598 4928 enim

2015 4970 2240 5026 Davidis
2278 4971 2369 5025 ille
2400 4969 2623 5040 quidem
2669 4984 2836 5025 carne
2871 4969 3044 5032 illius,
3081 4964 3331 5036 ejusdem
3365 4980 3516 5032 vero,
3546 4965 3598 5020 si

2010 5063 2265 5132 Spiritum
2297 5062 2642 5126 consideres,
2671 5059 2961 5122 Dominus,
2997 5073 3122 5114 cum
3155 5058 3328 5112 amba:
3357 5058 3462 5113 illae
3497 5072 3599 5112 vo-

2009 5169 2102 5209 ces
2130 5153 2361 5223 aliquid,
2389 5152 2538 5223 quod
2563 5151 2680 5207 ﬁeri
2705 5151 2904 5222 possit,
2935 5163 3236 5220 verumque
3265 5148 3601 5220 signiﬁcent.

2007 5243 2145 5298 Nam
2175 5243 2311 5298 nihil
2343 5251 2428 5300 est
2455 5243 2513 5298 in
2545 5243 2778 5299 veritate
2808 5241 3126 5298 conﬁctam.

2078 5334 2284 5390 Verum
2341 5351 2410 5390 ne
2438 5333 2650 5390 diutius
2685 5334 2746 5390 in
2789 5349 2856 5391 eo
2901 5343 3230 5406 argumento
3270 5345 3597 5394 commorer,

322 5427 662 5500 κεσθήσομαι
697 5427 924 5492 ταύταις
945 5431 1066 5493 ταῖς
1099 5427 1426 5502 μαρτυρίαις
1493 5429 1813 5500 Ἐλεύσομαι
1851 5430 1908 5483 δὲ

2022 5443 2111 5483 cro
2170 5427 2360 5496 paucis
2410 5427 2480 5482 iis
2534 5427 2867 5484 testimoniis
2913 5435 3230 5492 contentus,
3281 5438 3478 5494 meque
3528 5422 3602 5484 ad.

319 5523 401 5584 εἰς
428 5517 498 5573 τὰ
529 5518 714 5591 ἔτερα,
760 5517 1058 5590 ἐξελέγχων
1094 5519 1185 5572 τὸν
1232 5517 1496 5591 ἁγύρτην.
1549 5519 1614 5572 Ei
1651 5517 1713 5572 τὸ
1747 5518 1907 5591 σῶμα

2022 5520 2122 5574 alia
2161 5520 2482 5590 impostoris
2506 5520 2654 5576 illius
2683 5519 2949 5594 dogmata.
2977 5517 3266 5575 refutanda
3294 5515 3600 5577 conferam,

2469 5682 2490 5714 υ
2525 5682 2777 5748 ibid.2‘2,
2824 5682 2914 5737 es.
3025 5681 3045 5710 ο
3075 5677 3263 5732 Matth.
3293 5692 3450 5748 Χιιιι,
3487 5672 3578 5748 33.

395 5686 411 5717 ¹
442 5685 546 5742 Isa.
581 5701 682 5751 LII,
711 5684 764 5740 6.
843 5685 863 5714 ²
891 5683 1052 5739 Joan.
1091 5699 1173 5747 III,
1213 5680 1300 5736 46.
1380 5685 1400 5716 ³
1423 5682 1582 5738 Joan.
1616 5669 1733 5749 im,
1759 5681 1847 5737 56.

395 5757 498 5806 bid.
533 5758 626 5806 35.
735 5753 938 5806 δέοιμι.
982 5772 1044 5806 ιι.
1073 5755 1156 5806 15.
1277 5756 1296 5784 ⁹
1326 5753 1458 5806 Luc.
1495 5770 1556 5806 ιι.
1582 5752 1672 5806 49.
1789 5753 1832 5783 ¹⁰
1861 5750 1922 5806 J0

2022 5681 2140 5737 oue.
2175 5697 2250 5744 Vi,
2274 5682 2363 5736 25.
2469 5682 2490 5714 ⁸
2525 5682 2659 5738 ibid.
2686 5682 2777 5748 2‘2,
2824 5682 2914 5737 95.
3025 5681 3045 5710 ⁸
3075 5677 3263 5732 Matth.
3293 5692 3450 5740 xsm,
3487 5672 3578 5730 37.

2052 5768 2111 5806 ιι.
2144 5752 2206 5805 17
2235 5770 2248 5806 :
2279 5751 2422 5806 Psal.
2473 5769 2664 5806 Lmu.
2691 5753 2774 5806 10.
2895 5751 2934 5784 ⁸³
2966 5748 3155 5805 Matth.
3197 5762 3333 5806 xm.
3366 5746 3457 5806 44.
3485 5745 3590 5806 ιδ;

2966 5785 3155 5805 Διιαιιιιο
3197 5785 3333 5812 Alli,
3366 5785 3457 5814 ττι
3485 5785 3592 5815 ’.νε

325 5755 344 5786 ⁷
371 5757 498 5812 ibid.
533 5758 626 5813 35.
669 5750 674 5751 ί
735 5753 938 5809 l'Jnan.
982 5772 1044 5817 ιι,
1073 5755 1156 5808 15.
1277 5756 1296 5784 ⁹
1326 5753 1458 5808 Luc.
1495 5770 1558 5820 ιι,
1582 5752 1672 5809 49.
1789 5753 1832 5783 ¹⁰
1861 5750 1922 5806 J0

2052 5768 2111 5814 ιι,
2144 5752 2206 5823 17
2235 5770 2248 5818 ;
2279 5751 2422 5810 Psal.
2473 5769 2664 5823 LXVIII,
2691 5753 2774 5811 10.

322 5823 466 5887 Psal.
513 5845 626 5896 cn,
661 5829 712 5882 l.
793 5828 836 5858 ”
869 5824 1064 5888 Matth.
1098 5839 1211 5891 ut,
1237 5823 1290 5878 9.
1371 5825 1409 5857 ¹³
1432 5823 1565 5889 Luc.
1608 5839 1723 5892 xix,
1754 5823 1842 5879 59.

2022 5823 2128 5880 bid.
2160 5822 2247 5879 40.
