4078 6454
456 355 526 407 95
1882 349 1940 405 S.
1984 339 2323 406 EPIPIIANII

3648 365 3739 419 96‘

454 466 513 521 Si
556 479 762 533 corpus
806 461 1038 517 alterius
1065 458 1159 517 Dei
1189 464 1295 527 est,
1325 474 1379 520 et
1408 465 1637 521 alterius
1670 466 1877 530 anima,
1908 480 2030 533 qum

2141 465 2318 535 ἑτέρου
2357 464 2492 519 Θεοῦ
2512 506 2527 531 ,
2558 458 2604 519 ὦ
2641 459 2829 535 οὗτος,
2859 468 2953 522 καὶ
2994 470 3027 539 ἡ
3060 467 3206 539 ψυχὴ
3240 468 3404 524 άλλου
3433 471 3568 524 Θεοῦ
3588 511 3603 536 ,
3633 472 3737 535 τις

454 564 656 624 potest,
685 553 758 606 mi
787 552 973 619 homo,
1005 556 1290 610 amborum
1320 570 1446 611 esse
1478 550 1833 610 communio“!
1857 556 2034 620 Quan-

455 661 619 713 quam
654 642 933 711 cogitandi
975 645 1107 699 mihi
1136 660 1300 713 quam
1333 645 1499 699 altam
1532 647 1587 698 iu
1618 645 2036 714 contemplatio-

455 753 582 794 nent
636 735 934 795 mediocris
988 753 1053 793 ac
1104 738 1405 808 perpusilla
1457 753 1613 794 mens
1674 744 1863 791 nostra
1912 753 2035 793 sese

459 832 786 896 committat,
845 832 995 886 subit
1057 831 1352 885 admodum
1410 829 1608 885 vereri.
1669 828 2032 895 Quamobrem

457 925 716 978 inhibebo
747 923 1155 991 memetipsum,
1188 936 1259 975 ne
1297 920 1387 984 iis,
1426 920 1522 990 qui
1563 921 1745 990 legere
1773 921 1878 974 ista
1909 935 2036 990 pos-

456 1024 601 1081 sunt,
636 1018 923 1087 plusquam
953 1030 1052 1084 par
1075 1022 1160 1069 est
1184 1014 1387 1069 laboris
1420 1014 1719 1083 imponam,
1753 1028 1876 1067 cum
1908 1029 2038 1083 pra:-

457 1107 647 1159 sertim
693 1106 856 1157 unico
885 1104 1203 1158 testimonio
1244 1102 1603 1172 praestigiator
1643 1102 1747 1157 iste
1780 1102 2036 1171 redargui

459 1203 651 1263 possu.
675 1194 887 1247 Etenim
908 1194 963 1247 in
986 1191 1229 1247 eamdem
1249 1191 1707 1246 consociationem
1721 1205 1786 1245 ac
1799 1205 2038 1245 commu-

461 1286 678 1338 nionem
717 1283 913 1337 adduci
944 1298 1054 1339 non
1082 1296 1271 1335 eorum
1299 1296 1420 1335 csse
1446 1288 1643 1350 potest.
1683 1295 1808 1349 quae
1840 1289 2035 1334 mutuo

462 1375 813 1434 dissentiant,
843 1373 938 1427 sed
961 1373 1122 1428 unius
1142 1387 1279 1441 opus
1295 1381 1399 1435 est,
1428 1380 1524 1425 aut
1546 1388 1575 1425 τι
1598 1372 1816 1427 duobus
1842 1372 2036 1427 saltem

463 1466 658 1519 amicis
701 1464 953 1518 cllicitur.
1006 1465 1193 1533 Itaque
1237 1478 1363 1517 cum
1401 1478 1602 1532 corpus
1646 1471 1701 1516 et
1747 1464 1930 1517 anima
1979 1462 2037 1516 in

461 1573 629 1609 unum
679 1557 1029 1619 conveniant,
1080 1555 1246 1610 unius
1288 1553 1384 1609 Dei
1429 1570 1571 1624 opus
1621 1555 1755 1609 illud
1787 1570 1911 1609 esse
1938 1569 2039 1624 pu-

461 1643 685 1698 tandum
744 1654 849 1700 est.
907 1643 1095 1714 Neque
1140 1646 1287 1700 enim
1336 1645 1446 1698 ulla
1494 1651 1579 1699 est
1630 1644 1771 1697 inter
1804 1645 1895 1698 illa
1928 1643 2041 1698 duo

460 1736 780 1803 disiunctio,
826 1750 951 1788 cum
1007 1734 1074 1787 ad
1123 1733 1392 1800 agendum
1444 1742 1633 1787 mutua
1675 1735 2039 1789 consensione

2135 555 2386 611 κοινωνία
2427 557 2538 611 τῶν
2565 559 2924 631 ἀμφοτέρωνς
2978 562 3090 614 Kal.
3132 560 3284 615 δέδια
3324 561 3401 625 ὼς
3433 564 3515 626 εἰς
3555 565 3732 618 πόσον

2134 646 2297 716 ὄγκον
2331 646 2492 717 βυθοῦ
2518 647 2894 721 διανοημάτων
2921 651 3217 720 ὲγκύπτειν
3254 655 3512 723 πειρᾶται
3553 655 3583 706 6
3621 659 3732 725 τῆς

2135 737 2291 807 ἡμῶν
2340 736 2676 808 βραχύτητος
2720 739 2916 809 μικρὸς
2958 738 3106 802 νοῦς.
3150 739 3242 792 Διδ
3287 730 3733 810 χαλιναγωγήσω

2135 827 2391 897 ἐμαυτὸν,
2423 829 2511 880 ἵνα
2546 828 2625 898 μὴ
2654 828 2822 883 πολὺν
2850 830 3096 899 κάματον
3126 829 3443 899 ποιήσωμαι
3471 830 3728 896 ἀναγνώ-

2138 937 2273 983 σεως
2296 924 2408 984 τοῖς
2429 920 2766 991 δυναμένοις.
2804 921 2916 974 Καὶ
2946 921 3058 975 ἀπὸ
3088 923 3215 991 μιᾶς
3246 922 3549 992 μαρτυρίας
3572 921 3732 974 ἔστιν

2136 1009 2415 1076 ἐξελέγξαι
2446 1010 2539 1063 τὸν
2568 1009 2760 1079 γόητα.
2809 1010 2884 1063 Τὸ
2920 1010 3018 1079 μὲν
3056 1010 3166 1080 γὰρ
3193 1010 3483 1063 ὲπιτοαυτὸ
3525 1027 3730 1063 κοινω-

2137 1104 2247 1155 νεῖν
2271 1102 2371 1155 οὐκ
2392 1101 2506 1154 ἔστι
2532 1101 2938 1173 διαφερομένων
2970 1101 3105 1171 πρὸς
3130 1100 3415 1170 ἀλλήλους,
3438 1101 3575 1154 ἀλλὰ
3600 1100 3729 1164 ἐνὸς

2136 1192 2198 1244 τὸ
2222 1192 2402 1263 ἔργον,
2431 1192 2465 1263 ἢ
2500 1192 2593 1246 δύο
2627 1193 2797 1261 φίλων
2825 1194 2859 1262 ἡ
2902 1191 3154 1263 ἐργασία.
3196 1190 3304 1245 Τοῦ
3339 1190 3591 1261 σώματος
3610 1191 3735 1243 τοί-

2137 1300 2231 1335 νυν
2264 1284 2360 1335 καὶ
2397 1282 2495 1351 τῆς
2520 1283 2699 1352 ψυχῆς
2730 1282 2824 1334 ἐπὶ
2850 1282 2912 1334 τὸ
2949 1281 3082 1334 αὐτὸ
3114 1280 3285 1334 ὄντων
3304 1320 3321 1344 ,
3354 1281 3473 1343 ἐνὸς
3500 1281 3635 1333 θεοῦ
3662 1280 3745 1332 τὰ

2138 1375 2321 1443 ἔργον.
2355 1375 2430 1427 Οὐ
2462 1374 2571 1442 γάρ
2605 1376 2721 1426 ἐστι
2752 1373 3013 1445 διαίρεσις
3033 1413 3049 1437 ,
3079 1372 3167 1426 διὰ
3197 1372 3259 1425 τὸ
3292 1372 3575 1443 ἀμφότερα
3598 1388 3733 1423 συν-

2138 1469 2321 1538 εργεῖν
2374 1467 2691 1537 πρεπόντως
2737 1466 2833 1520 καὶ
2867 1462 3231 1529 συνδοξάζειν.
3276 1463 3341 1517 El
3369 1462 3428 1516 δὲ
3459 1464 3597 1516 κατά
3627 1463 3734 1515 τὸν

2138 1559 2327 1613 τούτου
2368 1560 2525 1626 λόγον
2574 1556 2980 1627 καταφαγόντες
3025 1558 3076 1609 οἱ
3111 1557 3369 1627 ἄρχοντες
3409 1555 3509 1627 τὴν
3545 1553 3736 1625 ψυχὴν

2140 1651 2397 1720 ἐποίησαν
2428 1650 2563 1721 αὐτῇ
2597 1648 2793 1718 δεσμὸν
2821 1645 3003 1700 τουτοϊ
3049 1646 3111 1699 τὸ
3137 1646 3328 1716 σῶμα,
3361 1644 3480 1707 πῶς
3507 1644 3604 1715 τὴν
3634 1644 3735 1714 βε-

2140 1740 2428 1811 ϐρωμένην
2456 1736 2611 1804 αὖθις
2653 1738 2988 1807 ὲγκλείουσιν
3021 1738 3100 1801 εἱς
3144 1736 3333 1807 σῶμα;
3365 1736 3482 1788 Ηάν
3511 1736 3623 1806 γὰρ
3663 1734 3743 1787 τὸ

462 1841 528 1878 ac
558 1827 855 1879 concordia
903 1825 1243 1894 couspirent.
1279 1821 1399 1876 Jam
1435 1839 1564 1877 vero
1597 1824 1666 1887 si,
1701 1830 1759 1876 ut
1787 1824 1876 1878 ille
1909 1839 2035 1878 sen-

2141 1830 2577 1900 βιϐρωσκόμενον
2605 1828 2982 1882 ἀναλίσκεταιο
3009 1826 3070 1880 τὺ
3092 1826 3149 1880 δὲ
3181 1825 3604 1896 ἀναλισκόμενον
3628 1824 3736 1876 καὶ

465 1920 551 1980 tit,
579 1916 853 1984 principes
894 1917 1157 1978 animam,
1198 1929 1362 1984 quam
1387 1914 1804 1978 devoraverunt,
1842 1916 1897 1970 in
1930 1916 2033 1971 hoc

2141 1922 2218 1983 εἰς
2261 1921 2322 1973 τὸ
2367 1920 2712 1991 ἀνύπαρκτον
2745 1921 2933 1991 χωρεῖ.
2968 1917 3041 1970 Τὸ
3073 1918 3130 1971 δὲ
3158 1916 3373 1987 χωροῦν
3412 1918 3491 1979 εἰς
3534 1914 3596 1968 τὸ
3622 1915 3731 1969 ἀν-

461 2023 686 2077 eorpus,
737 2015 995 2078 tauquam
1029 2008 1085 2061 in
1121 2007 1396 2062 vinculum
1428 2006 1701 2077 quoddam
1740 2022 2030 2078 compege-

2141 2011 2416 2082 ύπαρκτον
2460 2012 2553 2066 καὶ
2588 2011 2786 2082 μηκέτι
2827 2010 2910 2075 ὃν,
2933 2009 3058 2063 οὔτε
3101 2009 3157 2061 ἐν
3186 2026 3291 2062 τινι
3316 2007 3469 2078 τόπῳ
3501 2007 3737 2078 περικέ-

462 2099 595 2162 rint,
628 2099 723 2168 qui
750 2100 864 2153 ﬁeri
896 2108 1095 2166 potest,
1123 2108 1370 2168 utquam
1399 2098 1804 2162 devoraverint,
1834 2098 2029 2155 iterum

2141 2104 2403 2168 κλεισται,
2434 2102 2558 2157 οὔτε
2584 2102 2752 2167 ἐστιν,
2783 2100 2908 2154 οὔτε
2937 2100 3232 2171 γενήσεται
3261 2099 3411 2170 αὐτῷ
3436 2099 3600 2162 τόπος
3628 2096 3732 2149 δε⁶⁹

460 2192 515 2245 in
568 2205 768 2261 corpus
824 2190 1142 2245 indudaut?
1199 2189 1480 2260 Quidquid
1514 2190 1661 2244 cnim
1713 2189 2030 2258 devoratur,

2138 2195 2453 2267 σμωτηρίου
2479 2194 2557 2265 τῷ
2585 2194 2660 2266 μὴ
2689 2194 3007 2265 ὑπάρχοντι.

460 2287 835 2353 consumitur;
898 2286 1042 2356 quod
1092 2296 1272 2340 autem
1314 2287 1686 2351 consumitur,
1737 2286 2042 2352 evanescit,
2071 2296 2126 2343 et
2189 2290 2243 2344 in
2280 2290 2511 2344 nihilum
2566 2288 2854 2359 redigitur.
2898 2286 3054 2354 Quod
3098 2288 3152 2342 in
3197 2287 3429 2342 nihilum
3493 2286 3626 2349 abit,
3669 2292 3738 2340 et

457 2392 583 2432 csse
605 2375 766 2446 657
798 2376 1022 2442 desiuit,
1071 2390 1172 2430 nec
1215 2374 1329 2430 ullo
1376 2374 1497 2430 loco
1554 2374 2054 2442 circumscribitur,
2091 2393 2195 2433 nec
2238 2387 2326 2434 est
2369 2394 2623 2450 usquam,
2668 2393 2770 2434 nec
2817 2378 2928 2433 ullo
2968 2392 3193 2434 carcere
3257 2394 3382 2433 cum
3427 2378 3561 2432 nihil
3626 2378 3737 2440 sit,

459 2471 701 2524 coerceri
731 2479 927 2537 potest.

528 2564 711 2618 XLIV.
746 2565 849 2620 Sed
882 2563 1014 2619 illud
1050 2564 1256 2619 homini
1287 2578 1531 2633 persazpe
1559 2564 1781 2633 accidit,
1814 2574 1876 2621 ut
1919 2580 2037 2621 sua:

460 2655 737 2724 opinionis
767 2655 974 2709 oblitus
988 2669 1112 2724 quae
1140 2660 1303 2708 antea
1343 2655 1542 2709 dixerit
1569 2671 1677 2710 nou
1716 2657 2037 2711 recordetur

461 2746 719 2817 amplius,
755 2756 809 2801 et
842 2763 965 2817 qua:
1016 2747 1311 2816 aliquando
1354 2749 1813 2818 comprobaverit,
1845 2749 2035 2804 eadem

462 2854 654 2894 rursus
688 2839 1007 2908 imprudens
1045 2846 1272 2893 evertat.
1316 2837 1565 2892 Animam
1622 2838 1899 2893 interdum
1938 2839 2037 2894 de-

462 2939 732 2994 voratam,
769 2938 823 2986 et
857 2930 1207 2999 corporibus,
1239 2945 1360 2998 qua:
1413 2930 1467 2984 in
1513 2930 1616 2985 hoc
1656 2930 1860 2987 mundo
1886 2938 2036 2996 sunt,

464 3023 731 3076 inclusam
766 3036 890 3077 esse
918 3021 1181 3076 defendit.
1214 3020 1364 3076 Alias
1393 3036 1423 3075 a
1448 3023 1788 3107 principibus
1816 3038 1847 3078 e
1874 3024 2037 3087 ctelo,

2210 2576 2342 2632 ΜΝ.
2381 2575 2650 2640 Πολλάκις
2676 2576 2733 2629 δὲ
2758 2559 2860 2646 τῆς
2900 2572 3096 2639 ἑαυτοῦ
3122 2574 3362 2638 διανοίας
3390 2576 3729 2647 ἐπιλαθόμε-

2140 2685 2251 2732 νος,
2294 2666 2426 2737 περὶ
2452 2660 2529 2722 ὧν
2559 2667 2605 2720 δ’
2640 2666 2706 2721 ἂν
2733 2668 2877 2720 εἴποι
2916 2666 3361 2733 ἐπιλανθάνεται,
3389 2666 3486 2721 καὶ
3518 2662 3730 2722 εἴποτε

2141 2755 2559 2821 κατασκευάζει,
2607 2756 2678 2809 τὰ
2707 2757 2847 2811 αὐτά
2880 2758 3042 2812 πάλιν
3087 2756 3447 2821 ἀνασκευάζει
3491 2759 3728 2826 ἀγνοῶν.

2153 2850 2273 2904 Ὅτε
2316 2851 2413 2921 μὲν
2459 2851 2569 2921 γὰρ
2611 2852 2710 2922 τὴν
2757 2851 2935 2922 ψυχὴν
2985 2851 3187 2920 φάσκει
3230 2851 3329 2922 τὴν
3373 2851 3737 2921 βεϐρωμένην

2143 2943 2598 3011 ὲγκατάκλειστον
2647 2942 2961 3014 ὁριζόμενος
3005 2945 3062 2995 ὲν
3110 2941 3327 3012 σώμασι
3382 2944 3496 3005 τοῖς
3536 2939 3726 2995 οὖσιν-

2144 3034 2233 3087 ore
2265 3034 2322 3087 δὲ
2350 3034 2709 3105 ἀφηρπάσθαι
2739 3034 2846 3088 ἀπὸ
2865 3034 2976 3087 τῶν
3000 3035 3276 3105 ἀρχόντων
3303 3032 3510 3087 ἀνωθεν
3539 3035 3604 3086 ὲκ
3624 3033 3728 3103 τῆς

463 3118 627 3181 atque
664 3127 729 3165 ex
763 3109 892 3165 boni
922 3109 1018 3166 Dei
1058 3115 1340 3164 armatura
1378 3109 1668 3179 direptam,
1697 3119 1755 3165 ut
1787 3127 1896 3165 non
1926 3126 2040 3164 am-

2145 3125 2445 3189 πανοπλίας
2476 3125 2571 3179 τοῦ
2608 3125 2815 3194 ἀγαθοῦ
2850 3124 2985 3181 Θεοῦ
3013 3127 3111 3196 τὴν
3145 3125 3314 3195 αὐτὴν
3348 3125 3610 3195 ὁρίζεται,
3648 3126 3731 3188 ὡς

462 3204 607 3272 plius
646 3203 926 3267 devorata,
980 3203 1077 3257 sed
1127 3202 1183 3255 in
1234 3202 1608 3272 captivitatem
1658 3203 1892 3258 abducta
1949 3204 2041 3258 sit.

461 3290 869 3362 Nonnunquam
914 3299 969 3347 et
994 3292 1265 3361 captivam
1297 3292 1529 3357 asserit;
1557 3308 1731 3362 neque
1766 3293 2046 3348 cohaeren-

460 3378 537 3440 tia
562 3385 830 3455 loquitur;
874 3383 969 3439 sed
1000 3383 1108 3437 alio
1140 3382 1302 3438 modo
1324 3391 1492 3438 totam
1526 3383 1797 3454 ejusmodi
1848 3398 2045 3439 narra-

416 3548 421 3553 ,
461 3478 661 3532 tionem
705 3475 966 3531 contexit.
995 3475 1208 3545 Quippe
1237 3476 1386 3531 velut
1423 3490 1607 3531 escam
1632 3476 1924 3547 quamdam
1974 3477 2045 3531 ab

461 3568 733 3639 superiori
766 3570 970 3623 virtute
1024 3576 1222 3636 sponte
1280 3582 1379 3622 sua
1429 3567 1702 3635 obiectant
1736 3568 2038 3630 existimat,

461 3677 570 3715 non
605 3661 763 3714 aliter
787 3667 951 3728 atque
974 3658 1190 3712 hmdum
1235 3658 1290 3713 in
1321 3659 1572 3714 scrobem
1608 3659 1846 3729 abjicere
1867 3661 2046 3715 solent

463 3751 752 3820 captanda:
780 3751 909 3804 terte
937 3749 1138 3819 gratia,
1171 3763 1293 3819 quae
1321 3749 1696 3804 hacillecebra
1731 3748 1800 3803 ad
1820 3749 2042 3820 capien-

462 3844 589 3898 dam
612 3841 849 3912 praedam
880 3841 1106 3895 invitata
1142 3841 1414 3910 capiatur.
1452 3838 1648 3896 Verum
1671 3841 1718 3895 si
1749 3856 1816 3897 ex
1843 3842 2046 3897 virtute

465 3934 686 4006 propria
709 3934 857 3988 velut
875 3932 1089 3987 bazdum
1112 3933 1259 3987 hunc
1288 3932 1522 4001 aliquem
1554 3933 1637 3988 vis
1675 3933 1766 3986 illa
1797 3932 2041 3989 cmlestis

462 4024 896 4089 immiserit,hoc
929 4034 1012 4080 est
1040 4024 1218 4079 bonus
1233 4022 1400 4088 Deus,
1434 4023 1550 4079 sive
1579 4023 1694 4088 lux,
1730 4034 1791 4078 ut
1812 4024 1915 4080 iste
1945 4040 2046 4079 no-

465 4117 666 4182 minat;
696 4117 826 4170 licet
850 4113 1020 4170 feram
1052 4114 1254 4183 capiat,
1292 4113 1446 4184 prius
1475 4120 1654 4168 tamen
1695 4113 1906 4168 hazdum
1947 4116 2044 4168 ab-

462 4210 606 4264 sumi
639 4222 869 4264 necesse
890 4215 996 4264 est.
1021 4205 1201 4276 Atque
1249 4206 1324 4259 ita
1381 4206 1559 4273 majus
1597 4205 1702 4274 ipsi
1736 4206 1840 4261 sibi
1871 4206 2043 4260 detri-

464 4304 706 4351 mentum
755 4296 1002 4351 cmlestis
1045 4296 1135 4349 illa
1172 4295 1348 4349 virtus
1367 4294 1710 4357 consciscet,
1741 4312 1862 4366 quae
1900 4312 2041 4350 uou-

462 4388 665 4443 nullam
688 4387 771 4444 sui
803 4394 1011 4458 partem
1042 4386 1110 4440 ad
1141 4386 1327 4442 bestiae
1352 4387 1610 4457 pabulum
1639 4387 1923 4456 obiecerit;
1960 4400 2039 4454 ut,

460 4492 569 4549 qua
595 4492 655 4533 se
683 4478 857 4549 ipsam
895 4477 1149 4547 portione
1193 4476 1548 4541 mutilaverit,
1584 4475 1754 4533 feram
1787 4488 2041 4549 captasse
2073 4458 2116 4512 Ῑ)

461 4569 743 4636 videatur;
775 4585 878 4625 nec
900 4569 1014 4639 jam
1044 4569 1254 4633 valens,
1287 4583 1351 4623 ac
1385 4583 1662 4638 suprema,
1708 4575 1802 4622 aut
1830 4584 2041 4639 prapo-

464 4670 587 4716 tens
611 4660 737 4726 erit,
770 4667 830 4714 ut
855 4674 988 4741 voce
1004 4660 1092 4714 vel
1115 4661 1395 4715 voluntate
1437 4658 1608 4714 feram
1638 4661 1894 4729 potestati
1929 4675 2043 4715 sua:

466 4753 724 4823 subjiciat
755 4754 927 4823 :quin
958 4752 1159 4823 potius.
1188 4761 1247 4806 ut
1273 4750 1393 4821 ejus
1423 4764 1651 4821 compos
1681 4752 1898 4813 evadat,
1924 4754 2039 4805 cal—

468 4844 577 4898 lide
598 4860 663 4898 ac
681 4844 1060 4899 fraudulenter
1089 4845 1260 4899 multa
1294 4843 1538 4899 molitur.
1556 4842 1634 4896 Ac
1659 4843 1878 4898 tametsi
1896 4844 2043 4923 illius

466 4936 648 5004 aliqua
713 4944 866 5004 parte
914 4938 1156 4992 iucscata
1215 4937 1329 4991 fera
1379 4935 1737 5006 illa'captata
1777 4936 1874 5001 sit,
1917 4947 2043 4992 ante

465 5034 649 5080 tamen
680 5025 999 5081 devoratum
1030 5028 1244 5083 haedum
1277 5028 1367 5082 illa
1402 5027 1663 5098 perdidit.
1692 5029 2042 5098 quantumvis

467 5117 703 5187 prmdam
754 5119 970 5187 assequi
1007 5121 1268 5188 potuerit.
1327 5120 1424 5175 Sic
1482 5120 1651 5191 igitur
1709 5119 1757 5174 si
1799 5120 2039 5174 animam

466 5211 645 5265 virtus
678 5210 922 5265 cmlcstis
948 5209 1003 5264 in
1034 5211 1180 5266 hunc
1201 5213 1388 5268 orbem
1422 5212 1685 5279 emiserit,
1719 5219 1779 5267 ut
1806 5228 1901 5282 per
1921 5228 2040 5267 eam

467 5302 812 5373 principatus
855 5301 1118 5365 irretiret,
1157 5311 1565 5372 potestatesque
1616 5311 1880 5374 captaret,
1929 5320 2041 5359 non

469 5392 559 5446 illa
589 5408 835 5465 scopum,
876 5407 1036 5462 quem
1066 5392 1303 5455 volebat,
1325 5402 1574 5449 assecuta
1600 5395 1720 5449 fuit.
1752 5393 1887 5449 Nam
1916 5412 2040 5451 cum

470 5484 705 5538 animam
734 5486 883 5570 velut
914 5485 981 5539 ad
1008 5483 1316 5539 venandum
1346 5487 1783 5557 captandumque
1810 5489 2042 5553 miserit,

472 5583 632 5641 capta
672 5575 787 5645 ipsa
815 5586 994 5631 tamen
1024 5575 1209 5647 potius
1237 5584 1347 5643 est;
1370 5585 1571 5630 etcum
1597 5577 1663 5631 ad
1687 5579 2041 5634 irretieudnm

476 5666 707 5729 venerit,
762 5668 876 5722 suis
918 5677 1002 5723 cst
1048 5666 1326 5735 implicata
1357 5667 1566 5723 retibus
1598 5688 1609 5722 :
1644 5668 1910 5737 siquidem
1945 5687 2042 5739 pu-

477 5752 695 5807 rissime
728 5772 793 5810 ex
827 5764 1021 5812 natura
1054 5755 1295 5811 derivata
1333 5758 1569 5823 primum
1595 5760 1650 5814 iu
1672 5759 1885 5816 vincula
1906 5776 2041 5817 conn

2148 3218 2343 3289 μηκέτι
2392 3218 2734 3289 βεϋρῶσθαι,
2774 3217 2910 3272 ἀλλά
2957 3216 3448 3288 ῂχμαλωτεῦσθαιο
3488 3218 3619 3269 ποτὲ
3664 3217 3731 3271 δὲ

2144 3311 2242 3380 τὴν
2275 3310 2446 3381 αὐτὴν
2476 3310 2819 3380 αἰχμάλωτον
2850 3308 3148 3378 ληφθεῖσαν
3170 3309 3354 3362 οὐκέτι
3388 3309 3727 3379 συνᾳδόντως

2144 3405 2313 3474 λέγει,
2358 3402 2474 3456 ἀλλ’
2516 3402 2703 3475 ἓτερον
2734 3402 2935 3472 τρόπον
2976 3402 3075 3472 τὴν
3106 3401 3229 3455 κατ’
3257 3401 3429 3472 αὐτῆς
3469 3401 3728 3455 ὑπόθεσιν

2143 3498 2432 3568 διηγεῖται,
2467 3494 2713 3564 φάσκων,
2758 3493 2835 3558 ὡς
2864 3493 3057 3565 δέλεαρ
3082 3493 3251 3564 αὐτὴν
3270 3492 3506 3564 ἑκουσίᾳ
3530 3492 3724 3565 γνώμῃ

2146 3587 2593 3660 παραϐεϐλῆσθαι
2628 3586 2733 3640 ὑπὸ
2760 3587 2860 3657 τῆς
2887 3586 3091 3640 ἀνωθεν
3115 3586 3398 3655 δυνάμεως
3421 3587 3578 3656 δίκην
3608 3588 3724 3657 ἐρξ-

2145 3700 2246 3752 φου
2281 3685 2339 3734 ὲν
2370 3681 2548 3751 βόθρῳ
2586 3678 2906 3750 βληθέντος,
2939 3680 3018 3741 εἰς
3047 3677 3109 3731 τὸ
3131 3678 3226 3731 τὸν
3257 3676 3398 3747 θῆρα
3428 3677 3720 3747 ἀγρεῦσαι,

2143 3774 2493 3846 ὲρεθισθέντα
2518 3790 2577 3826 τε
2605 3770 2701 3826 καὶ¹
2726 3769 3054 3825 κατελθόντα
3074 3769 3166 3822 τὸν
3190 3768 3379 3840 ἔριφον
3400 3770 3605 3834 λαϐεῖν,
3628 3768 3725 3823 καὶ

2143 3864 2306 3919 αὑτὸν
2352 3865 2448 3918 τὸν
2491 3863 2637 3935 θῆρα
2669 3861 3022 3932 θηρευθῆναι.
3067 3859 3178 3912 Καὶ
3223 3860 3269 3911 εἶ
3320 3859 3418 3927 μὲν
3457 3860 3558 3929 τῆς
3591 3859 3725 3923 ιδίας

2141 3955 2423 4026 δυνάμεως
2462 3954 2555 4007 τὸν
2592 3952 2778 4024 ἔριφον
2831 3949 3149 4004 ἀπέστειλεν
3175 3952 3209 4021 ἡ
3245 3950 3360 4004 ἀνω
3386 3950 3649 4021 δύναμις,
3694 3952 3727 4005 ὅ

2142 4047 2292 4099 ἐστιν
2320 4045 2524 4115 ἀγαθὸς
2553 4043 2707 4107 Θεὸς,
2754 4043 2788 4114 ἢ
2833 4042 2895 4096 τὺ
2939 4042 3058 4112 φῶς
3078 4084 3093 4106 ,
3127 4042 3205 4105 ὡς
3233 4040 3396 4104 αὐτὸς
3427 4042 3684 4111 ὀνομάζει
3706 4084 3727 4109 ,

2144 4139 2245 4192 κᾶν
2283 4156 2346 4192 τε
2388 4137 2633 4209 θηρεύσῃ
2673 4136 2765 4189 τὸν
2798 4135 2977 4205 θῆρα,
3022 4133 3162 4196 τέως
3204 4132 3423 4203 πρῶτος
3471 4134 3500 4184 6
3539 4131 3726 4202 ἔριφος

2144 4230 2656 4302 καταϐρωθήσεται,
2705 4227 2800 4281 καὶ
2833 4226 3032 4297 μᾶλλον
3069 4225 3268 4294 ἑαυτὴν
3315 4224 3507 4293 βλάψει
3541 4226 3726 4294 ή-ἄνω

2141 4321 2391 4390 δύναμις,
2440 4320 2606 4392 μέρος
2650 4319 2821 4389 αὐτῆς
2858 4317 3238 4372 ὑποϐάλλουσα
3275 4320 3358 4380 εἰς
3411 4317 3607 4388 βρῶμα
3644 4318 3727 4386 τῷ

2144 4412 2292 4483 θηρὶ,
2326 4413 2413 4465 ἴνα
2454 4412 2521 4464 δι’
2547 4406 2608 4465 οὗ
2641 4412 2842 4483 μέρους
2885 4411 3026 4482 αὐτὴ
3068 4410 3410 4482 ζημιουμένη
3459 4409 3586 4481 δόξῃ
3631 4409 3739 4462 τὸν.

2141 4517 2287 4589 θῆρα
2325 4516 2586 4591 θηρεῦσαι
2605 4558 2619 4583 ,
2647 4516 2742 4570 καὶ
2771 4516 2957 4570 οὐκέτι
2984 4516 3086 4569 οῦκ
3124 4511 3400 4585 ξσχῦουσα,
3426 4516 3518 4568 καὶ
3554 4515 3726 4584 ὑπερ-

2140 4610 2299 4678 τάτη,
2328 4609 2422 4661 καὶ
2452 4608 2674 4677 δυνατὴ,
2696 4606 2839 4677 λόγῳ
2866 4607 2898 4679 ἢ
2932 4606 3197 4677 θελήματι
3224 4605 3316 4658 τὸν
3345 4606 3486 4677 θῆρα
3522 4602 3722 4674 χειρώ-

2142 4717 2332 4771 σηται’
2376 4700 2511 4755 ἀλλά
2568 4700 2878 4771 μηχανᾶται
2922 4698 3299 4769 πολυτρόπως,
3353 4698 3449 4751 καὶ
3493 4713 3728 4765 πανουρ-

2142 4792 2380 4861 γεύεται,
2413 4793 2498 4844 ἵνα
2525 4790 2726 4860 δυνηθῇ
2754 4790 2846 4843 τοῦ
2879 4790 3048 4860 θηρὸς
3076 4787 3483 4861 περιγενέσθαι.
3524 4786 3637 4841 Καὶ
3675 4789 3727 4839 si

2141 4885 2278 4948 ὅλως
2327 4883 2615 4955 θηρευθείη
2671 4884 2699 4935 6
2743 4881 2845 4954 θὴρ
2888 4882 2986 4954 ἤδη
3027 4881 3135 4935 ἀπὸ
3184 4880 3279 4934 τοῦ
3334 4880 3467 4935 ἰδίου
3500 4880 3721 4950 μέρους.

2142 4977 2446 5031 ἀπεϐάλετο
2477 4975 2569 5029 τὸν
2603 4974 2790 5046 ἔριφον
2822 4975 2915 5027 τὸν
2961 4973 3325 5044 βεϐρωμένον,
3350 4971 3453 5024 κᾶν
3489 4987 3547 5023 τε
3583 4969 3727 5031 ὅλως

2141 5070 2393 5142 δυνηθείη
2441 5067 2725 5141 θηρεῦσαι.
2776 5066 2839 5119 Εἰ
2885 5068 2994 5137 γὰρ
3036 5066 3134 5136 τὴν
3177 5064 3356 5135 ψυχὴν
3402 5061 3725 5116 ἀπέστειλεν

2143 5163 2434 5232 ἐνταῦθαή
2464 5161 2577 5216 ἀνω
2614 5159 2863 5228 δύναμις,
2915 5158 3003 5211 ἵνα
3040 5158 3128 5210 διὰ
3154 5157 3255 5226 τῆς
3300 5155 3479 5225 ψυχῆς
3513 5153 3735 5223 πεδήσῃ

2143 5255 2242 5318 τάς
2274 5252 2468 5324 ἀρχὰς,
2497 5252 2593 5305 καὶ
2622 5250 2721 5313 τὰς
2746 5249 2993 5314 ἐξουσίας
3027 5247 3334 5319 θηρεύουσα
3354 5286 3369 5310 ,
3397 5246 3497 5298 οὐκ
3532 5243 3714 5313 ἀπέϐη

2145 5359 2174 5411 ὁ
2207 5358 2407 5421 σκοπὸς
2447 5359 2513 5428 τῇ
2558 5356 2701 5409 οὓτω
2746 5354 3167 5425 βουλευσαμένη.
3201 5351 3320 5405 Κάν
3364 5369 3423 5404 τε
3464 5348 3572 5420 γάρ
3616 5349 3726 5400 ἀπ-

2146 5450 2352 5504 έστειλε
2394 5448 2493 5521 τὴν
2526 5448 2706 5519 ψυχὴν
2756 5446 3044 5519 θηρεῦσαι,
3091 5446 3436 5515 τεθήρευται,
3483 5443 3515 5513 ἦ
3568 5456 3728 5508 παγιο

2145 5556 2371 5620 δεῦσαι,
2430 5556 2858 5623 πεπαγίδευται,
2910 5551 3142 5605 ἐλθοῦσα
3188 5550 3296 5604 ἀπὸ
3343 5547 3587 5617 καθαρᾶς
3629 5546 3726 5614 φύ-

2152 5676 2315 5721 σεως,
2351 5658 2444 5709 καὶ
2473 5656 2819 5710 ὑποπεσοῦσα
2864 5656 3083 5727 πρῶτον
3117 5656 3214 5725 μὲν
3248 5653 3432 5723 δεσμῷ
3470 5652 3723 5735 σώματος

2149 5760 2245 5830 τῆς
2276 5759 2407 5829 ὓλης
2434 5797 2449 5826 ,
2501 5756 2619 5813 εἶτα
2662 5757 2717 5811 δὲ
2772 5757 2862 5811 καὶ
2906 5757 3125 5819 πολλαῖς
3173 5755 3281 5809 τῶν
3310 5753 3725 5825 ἁμαρτημάτων
