4078 6422
354 349 436 406 97
962 347 1328 405 ADVERSUS
1364 347 1713 406 HIERESES
1746 349 1879 409 LlB.
1921 351 1985 407 ll.
2030 350 2196 412 TOM.
2238 355 2303 412 ll.
2344 388 2411 399 —
2451 358 2724 417 "ASRES.
2767 362 2952 421 LXVI.
3549 375 3619 431 98

359 456 634 522 ἀτοπίαις.
662 458 774 511 Καὶ
816 457 1149 528 πανταχόθεν
1191 458 1474 513 διαπίπτει
1518 461 1550 513 6
1593 460 1689 515 τοῦ
1733 461 1936 517 πλάνου

2044 465 2173 520 creti
2204 481 2329 523 cum
2366 472 2591 526 materia
2634 477 2882 545 corporis
2915 478 3139 546 incidit;
3176 488 3292 536 tum
3323 484 3509 540 multis
3535 497 3618 539 est

359 550 665 625 λόγοςικαὶ
685 551 719 621 ἡ
753 548 850 605 τοῦ
873 549 1158 622 ἀλιτηρίου
1185 551 1523 606 διδασκαλία.

431 817 568 869 ME'.
607 816 744 886 Φέρε
779 814 845 886 δὴ
890 815 1091 886 ἴδωμεν
1135 815 1231 870 καὶ
1278 815 1409 887 περὶ
1448 815 1549 885 τῆς
1598 816 1805 887 μητρὸς
1839 816 1938 888 τῆς

358 904 531 976 ζωῆς,
576 902 646 978 ἦς
679 907 878 976 φάσκει
919 906 1201 978 δυνάμεως
1235 906 1641 978 προϐεϐλῆσθαι
1661 925 1674 939 ’
1720 909 1815 962 καὶ
1841 909 1939 962 αὑ-

358 995 464 1069 τὴν
489 998 546 1052 δὲ
571 1000 668 1068 τὴν
697 998 911 1070 μητέρα
946 999 1047 1070 τῆς
1086 999 1235 1070 ζωῆς
1261 999 1353 1054 τόν
1376 1017 1436 1052 τε
1480 999 1696 1069 πρῶτον
1729 999 1939 1072 ἄνθρω-

361 1107 467 1142 πον
494 1090 560 1143 τὰ
581 1089 743 1144 πέντε
772 1093 1035 1161 στοιχεῖα,
1063 1090 1223 1145 άτινά
1245 1092 1414 1156 ἐστιν,
1442 1091 1518 1155 ὡς
1541 1094 1747 1155 ἐκεῖνος
1768 1093 1936 1161 λέγει,

361 1180 583 1250 ἄνεμος,
609 1180 745 1248 φῶς,
784 1179 951 1251 ὕδωρ,
978 1179 1090 1253 πῦρ
1140 1182 1236 1235 καὶ
1264 1181 1385 1253 ὕλη.
1414 1182 1598 1237 Ταῦτα
1631 1183 1685 1237 δὲ
1718 1183 1941 1238 ἐνδυσά-

367 1289 528 1341 μενον
575 1271 768 1336 αὐτὸν,
818 1272 895 1335 ὡς
940 1272 1077 1343 πρὸς
1134 1273 1477 1345 κατασκευὴν
1524 1274 1760 1345 πολέμου
1803 1292 1938 1329 κατ-

362 1356 537 1411 ελθεῖν
563 1358 734 1420 κάτω,
770 1358 863 1411 καὶ
893 1359 1196 1431 πολεμῆσαι
1234 1361 1313 1433 τῷ
1348 1363 1551 1417 σκότει.
1588 1364 1651 1416 Ut
1696 1364 1800 1434 γὰρ
1841 1366 1936 1419 τοῦ

363 1450 589 1513 σκότους
624 1448 905 1522 ἄρχοντες,
932 1451 1297 1522 πολεμοῦντες
1317 1452 1491 1522 αὐτῷ,
1524 1454 1726 1524 ἔφαγον
1751 1457 1817 1509 ὲκ
1840 1460 1939 1529 τῆς

362 1540 667 1604 πανοπλίας
699 1540 888 1607 αὑτοῦ,
925 1542 953 1595 ὃ
987 1543 1135 1596 ἐστιν
1161 1544 1195 1614 ἡ
1219 1545 1385 1615 ψυχή.
1413 1546 1477 1597 Ὢ
1506 1545 1744 1616 ἀγύρτου
1776 1564 1941 1619 μιμοο

361 1632 581 1701 λογίαςῐ
620 1632 669 1685 ὣ
695 1631 894 1704 χλεύης
919 1636 1309 1690 ἀσυνεικάστου
1338 1638 1433 1690 καὶ
1454 1638 1775 1706 γελοιὼδους
1806 1642 1940 1694 ὑπο-

358 1724 598 1789 θέσεωςι
640 1726 721 1779 Τά
754 1725 1007 1798 ἐπίχειρα
1026 1728 1042 1759 ¹
1078 1728 1411 1799 πανταχόθεν
1440 1729 1740 1801 ἀδυναμίαν
1770 1750 1940 1805 προσ-

2045 564 2396 625 pcccatornm
2424 560 2791 623 incommodis
2820 568 3104 624 obstricta.
3128 570 3487 637 Quamobrem
3512 575 3619 630 luc-

2044 649 2198 704 retici
2238 651 2385 707 illius
2415 660 2581 724 atque
2611 659 2935 714 exsecrandi
2986 660 3225 718 hominis
3276 673 3384 718 tam
3417 667 3616 730 oratio,

2044 754 2206 808 quam
2234 741 2482 799 doctrina
2515 748 2662 801 omni
2695 764 2758 803 ex
2796 759 2949 818 parte
2980 750 3262 807 refellitur.

2114 826 2274 885 XLV.
2312 832 2426 902 Age
2455 849 2602 889 nunc
2656 849 2881 893 matrem
2928 839 3075 895 illam
3135 842 3259 896 vita:
3310 843 3615 904 videamus.

2045 933 2207 987 quam
2246 921 2316 975 ab
2359 924 2561 981 virtute
2586 928 2908 997 productam
2948 930 3114 1002 658
3152 921 3407 998 afﬁrmat,
3465 951 3615 989 eam-

2044 1009 2278 1082 demque
2308 1028 2432 1068 cum
2465 1017 2642 1086 primo
2676 1020 2894 1075 homine
2933 1024 3174 1093 quinque
3207 1025 3471 1080 elementa
3500 1044 3619 1096 pro.

2045 1116 2287 1168 creasse,
2324 1120 2445 1175 quae
2487 1118 2616 1163 sunt
2660 1126 2725 1166 ex
2768 1112 2919 1168 illius
2945 1114 3223 1183 opinione,
3258 1123 3473 1179 ventus,
3502 1118 3614 1176 lux,

2046 1209 2209 1266 aqua,
2262 1198 2407 1268 ignis
2456 1210 2511 1255 et
2543 1203 2792 1258 materia.
2830 1203 3040 1271 Quibus
3077 1206 3299 1263 indutus
3332 1208 3438 1270 ille,
3472 1210 3619 1262 velut

2047 1286 2115 1340 ad
2168 1291 2599 1358 comparandum
2660 1292 2858 1346 bellum
2931 1295 2986 1348 in
3028 1292 3289 1349 inferiora
3339 1294 3617 1364 delapsus,

2045 1390 2172 1430 cum
2220 1378 2465 1434 tenebris
2523 1394 2857 1450 congressus
2918 1392 3023 1436 εει.
3077 1382 3210 1437 Nam
3268 1385 3616 1439 tenebrarum

2047 1465 2347 1536 principes,
2387 1481 2513 1521 cum
2545 1482 2612 1523 co
2655 1468 3012 1539 conﬂigentes
3058 1486 3122 1525 ex
3167 1470 3287 1539 ejus
3316 1480 3615 1534 armatura,

2045 1568 2169 1623 qua:
2191 1555 2370 1607 anima
2392 1562 2499 1619 est,
2537 1556 2788 1610 nonnihil
2812 1558 3133 1612 adederunt.
3163 1558 3209 1621 Ο
3236 1560 3488 1616 inimicas
3509 1562 3612 1616 cir-

2046 1645 2313 1699 culatoris
2343 1644 2608 1713 ineptias!
2640 1661 2674 1700 o
2708 1645 2947 1701 fabulam
2976 1648 3088 1702 risu
3111 1650 3259 1702 omni
3289 1663 3354 1703 ac
3382 1649 3619 1704 ludibrio

2045 1735 2297 1806 dignam!
2334 1733 2550 1805 Ubique
2602 1736 2793 1790 divino
2836 1737 3053 1791 numini
3084 1737 3508 1793 imbecillitatem
3538 1738 3621 1792 af-

360 1819 526 1873 άπτει
583 1817 662 1889 τῷ
707 1816 865 1888 Θεῷ,
913 1818 1247 1890 πανταχόθεν
1300 1821 1525 1891 ἄγνοιαν
1578 1824 1817 1895 ὁρίζεται
1866 1825 1941 1897 τῷ

2047 1828 2220 1897 ﬁngit,
2281 1842 2520 1897 eumque
2570 1828 2664 1898 qui
2711 1829 2863 1882 novit
2895 1825 3079 1883 omnia
3117 1845 3330 1886 summa
3379 1831 3620 1900 undique

362 1911 543 1964 πάντα
569 1910 890 1979 γινώσκοντι
912 1909 1048 1982 Θεῷ.
1080 1912 1138 1966 ’0
1159 1910 1269 1984 γὰρ
1296 1913 1583 1986 προϐαλὼν
1608 1916 1707 1987 τὴν
1730 1918 1940 1989 μητέρα

360 2005 465 2073 τῆς
506 2000 673 2073 ζωῆς,
727 2001 870 2056 κατὰ
908 2003 998 2056 τὸν
1036 2002 1202 2057 αὐτοῦ
1247 2003 1425 2073 λόγον,
1475 2006 1509 2077 ἢ
1551 2006 1633 2060 ὅτι
1671 2006 1941 2075 ἀγνωσίαν

361 2090 501 2164 εἶχε,
547 2093 671 2148 τίνα
711 2094 782 2148 τά
823 2094 933 2148 ἀπὸ
973 2094 1073 2165 τῆς
1107 2095 1310 2167 μητρὸς
1342 2098 1440 2166 τῆς
1475 2095 1621 2167 ζωῆς
1665 2098 1943 2151 ὲπιτελού-

360 2205 526 2257 μενα,
565 2187 598 2259 ἦ
624 2189 707 2241 ὃτι
732 2186 1167 2242 ἀποτελεσθέντα
1194 2187 1344 2258 παρά
1366 2186 1465 2259 τὴν
1491 2188 1819 2259 προσδοκίαν
1839 2189 1941 2259 τῆς

360 2277 600 2340 διανοίας
643 2277 712 2331 τά
760 2277 1145 2348 συμϐεϐηκότα
1192 2278 1367 2342 ἄλλως
1404 2279 1699 2351 εὑρεθέντα
1740 2280 1942 2346 ὄνειδος

365 2369 543 2439 φέρει.
570 2369 829 2438 ’Λγνοιαν
847 2367 957 2440 γὰρ
988 2369 1239 2441 όφλήσειε
1270 2370 1298 2422 6
1320 2369 1485 2440 ἕτερα
1514 2370 1611 2442 μὲν
1638 2370 1942 2442 διανοηθεὶς

362 2459 768 2532 ἀποϐήσεσθαι,
821 2460 890 2532 (6)
934 2460 1096 2532 ἔτερα
1127 2461 1183 2514 δὲ
1211 2460 1386 2534 εὑρὼν
1428 2461 1486 2524 ἐς
1529 2460 1753 2532 ὕστερον
1786 2462 1940 2530 γενό-

364 2570 526 2621 μενα,
552 2551 611 2605 οὐ
636 2551 778 2605 κατά
802 2551 900 2622 τὴν
926 2552 1091 2605 αὐτοῦ
1125 2550 1363 2623 θέλησιν.
1404 2552 1471 2605 Ἦ
1495 2551 1605 2624 γὰρ
1638 2552 1820 2623 μήτηρ
1842 2551 1941 2622 τῆς

363 2644 513 2715 ζωῆς
554 2646 588 2715 ἡ
634 2646 764 2715 παρ’
812 2643 961 2715 αὐτῷ
1007 2643 1236 2714 δύναμις
1277 2643 1619 2715 καλουμένη,
1669 2643 1728 2711 ἐξ
1772 2644 1939 2699 αὐτοῦ

363 2734 753 2803 προϐληθεῖσα,
784 2734 860 2798 ὡς
887 2735 1113 2806 αἰσχρόν
1157 2735 1275 2788 ἐστι
1305 2734 1398 2789 καὶ
1422 2733 1482 2787 τὸ
1513 2732 1696 2802 λέγειν
1728 2734 1940 2805 μητέρα

362 2830 511 2900 ζωῆς
529 2831 542 2884 ι
563 2831 635 2883 Οὐ
659 2829 767 2902 γάρ
793 2829 1118 2900 ἀποδέχεται
1151 2831 1265 2893 τοῖς
1288 2828 1380 2883 τὸν
1406 2826 1661 2900 σώφρονα
1680 2827 1940 2898 λογισμὸν

362 2921 729 2990 κεκτημένοις
769 2937 822 2974 τι
858 2918 988 2990 θῆλυ
1020 2920 1079 2972 ἐν
1109 2922 1176 2992 τῇ
1208 2919 1419 2990 θεότητι
1447 2920 1799 2975 διανοεῖσθαι.
1831 2922 1940 2975 Καὶ

363 3009 504 3081 αῦτη
547 3010 623 3075 δὲ,
668 3010 852 3081 φησὶν,
897 3011 930 3081 ἡ
977 3009 1166 3083 θήλεια
1214 3011 1548 3083 προεϐάλετο
1585 3011 1676 3065 τὸν
1722 3011 1940 3084 πρῶτον

360 3100 649 3171 ὀνθρωπον
670 3116 682 3130 ·
732 3101 829 3154 καὶ
876 3101 1012 3165 ὅλως
1050 3103 1244 3165 εἰπεῖν,
1268 3102 1359 3155 τὸν
1399 3102 1616 3173 πρῶτον
1655 3102 1938 3174 ἄνθρωπον

361 3192 465 3263 τὴν
501 3191 662 3261 φύσιν
699 3192 795 3246 καὶ
823 3192 924 3263 τὴν
950 3193 1162 3264 μητέρα
1187 3193 1286 3263 τῆς
1318 3191 1465 3263 ζωῆς
1488 3194 1552 3247 ἐκ
1579 3192 1689 3247 τῶν
1716 3193 1774 3246 ὲν
1807 3194 1937 3265 ἡμῖν

365 3284 703 3353 γιγνομὲνων
751 3283 1102 3353 φαντάζεται.
1151 3284 1470 3357 ’Ἄνθρωπος
1527 3283 1637 3354 γὰρ
1680 3283 1941 3356 κέκληται

365 3374 463 3426 ἐπὶ
492 3374 588 3445 τῆς
615 3374 739 3445 γῆς,
764 3375 858 3428 καὶ
890 3377 1071 3445 μήτηρ
1098 3375 1163 3426 ὲκ
1185 3374 1285 3444 τῆς
1309 3372 1416 3443 γῆς
1441 3374 1589 3444 ἡμᾶς
1609 3374 1940 3445 γεννήσασα,

365 3466 402 3536 ἡ
441 3467 501 3518 ἐκ
529 3465 662 3518 Θεοῦ
694 3464 774 3536 τῷ
820 3465 991 3537 Ἀδὰμ
1015 3467 1369 3537 κεκτισμένη.
1396 3467 1728 3531 Φαντάζεται
1750 3466 1807 3520 δὲ
1835 3466 1944 3520 ἀπὸ

365 3555 476 3608 τῶν
507 3556 650 3609 ἰδίων
682 3555 959 3628 λογισμῶν
1004 3557 1031 3609 6
1061 3556 1339 3629 κτηνώδης
1384 3558 1442 3610 ὲν
1483 3556 1696 3629 οὐρανῷ
1719 3555 1944 3610 τοιαῦτα

361 3644 546 3712 εἶναι,
580 3648 740 3702 ὁποῖα
778 3647 874 3700 καὶ
917 3648 1009 3700 ἐπὶ
1048 3648 1146 3717 τῆς
1175 3649 1278 3717 γῆς
1323 3648 1576 3720 ὑπάρχει.
1604 3649 1799 3702 ’Ἃτινα
1843 3648 1943 3701 οὐκ

365 3740 676 3810 ἐπιδέχεται
700 3741 744 3804 ²,
775 3739 851 3803 ὡς
881 3741 909 3793 6
936 3737 1081 3802 θεῖος
1106 3737 1264 3807 λόγος
1291 3740 1465 3810 πάντη
1496 3739 1753 3793 διδάσκει.
1777 3738 1943 3808 Λέγει

368 3833 480 3903 γὰρ
537 3830 779 3901 σώματα
823 3830 1171 3899 ἐποιιράνια,
1226 3830 1320 3883 καὶ
1382 3830 1626 3900 σώματα
1677 3830 1939 3900 ἐπίγεια⁶

366 3923 485 3977 ἀλλ’
518 3923 681 3993 ἑτέρα
708 3921 816 3993 ⁴μὲν
843 3923 876 3992 ἡ
918 3921 1026 3975 τῶν
1071 3921 1407 3994 ἐπουρανίων
1433 3921 1578 3987 δόξα,
1623 3924 1787 3995 ἑτέρα
1814 3922 1870 3976 δὲ
1909 3924 1942 3993 ή

365 4015 478 4069 τῶν
524 4014 779 4083 ἐπιγείων
797 4030 810 4043 ·
846 4015 938 4069 καὶ
968 4013 1140 4078 οὕτως
1161 4013 1297 4078 ὅλως
1325 4013 1392 4067 τά
1420 4014 1674 4084 ὑπεράνω
1701 4014 1812 4066 τῶν
1849 4014 1944 4067 ού-

371 4107 549 4182 91‘:th
572 4107 884 4178 διηγήσατο.
921 4105 1080 4159 ’Λλλά
1120 4107 1248 4177 περὶ
1292 4104 1400 4157 τῶν
1442 4104 1781 4176 φαινομένων
1816 4105 1943 4158 τού-

367 4216 478 4253 των
500 4198 609 4252 τῶν
636 4198 799 4268 σῶμα
846 4197 1219 4270 ὑπαρχόντων,
1248 4194 1399 4266 ἡλίου
1414 4195 1595 4265 κλέγω,
1627 4195 1660 4267 ἢ
1693 4194 1942 4266 σελήνης,

368 4290 404 4361 ἣ
431 4290 538 4344 τῶν
570 4290 662 4342 ἐπὶ
686 4290 789 4359 γῆς
813 4289 1002 4352 όντων,
1036 4289 1132 4341 καὶ
1168 4287 1278 4342 τῶν
1308 4288 1576 4359 σωμάτων
1613 4286 1723 4339 τῶν
1746 4286 1942 4354 ἀγίων,

324 4386 329 4389 ’
368 4382 448 4445 ὥς
496 4398 562 4450 γε
603 4378 961 4450 διανοούμεθα
1002 4379 1247 4432 ταπεινοὶ
1291 4378 1463 4440 ὄντες.
1514 4378 1578 4430 Ε’ί.
1612 4376 1670 4429 δὲ
1709 4377 1802 4430 καὶ
1836 4375 1944 4429 τῶν

2044 1918 2352 1990 ignorantia
2376 1919 2729 1989 constringit.
2763 1919 2897 1974 Nam
2926 1920 3020 1990 qui
3060 1930 3287 1976 matrem
3320 1922 3470 1988 illam
3492 1924 3618 1977 vita:

2043 2009 2385 2079 produxerit,
2419 2010 2536 2065 sive
2565 2011 2851 2080 ignorabat
2874 2009 3008 2080 quid
3040 2020 3188 2066 esset
3246 2012 3338 2066 illa
3403 2012 3616 2085 factura

2044 2101 2162 2156 sive
2177 2100 2292 2169 jam
2334 2100 2476 2154 facta
2524 2102 2746 2157 diversa
2787 2103 2857 2157 ab
2881 2117 2967 2167 eo,
2991 2103 3137 2172 quod
3166 2113 3500 2174 speraverat,
3532 2107 3618 2160 in-

2044 2199 2206 2245 venta
2246 2199 2395 2253 sunt,
2431 2191 2715 2245 infamiam
2750 2191 2985 2261 eliugere
3014 2208 3119 2247 non
3154 2203 3350 2262 potest.
3384 2195 3617 2251 Necesse

2041 2286 2128 2335 est
2164 2279 2310 2335 enim
2344 2280 2671 2351 ignorantiae
2720 2281 2872 2335 illum
2915 2283 3092 2352 argui,
3134 2284 3227 2352 qui
3285 2299 3409 2339 cum
3467 2287 3615 2342 aliud

2044 2380 2372 2427 eventurum
2403 2385 2530 2426 esse
2554 2371 2902 2442 cegitaverit,
2935 2375 3083 2429 aliud
3137 2383 3335 2445 praeter
3364 2378 3618 2433 volunta-

2041 2468 2151 2515 tem
2182 2476 2338 2515 suam
2383 2462 2636 2517 evenisse
2678 2470 2867 2532 postea
2922 2465 3226 2534 cognoscit.
3276 2466 3432 2532 Quod
3487 2482 3616 2522 vero

2043 2550 2111 2605 ad
2149 2551 2299 2606 illam
2327 2552 2455 2606 vita:
2483 2559 2713 2607 matrem
2737 2554 2952 2618 attinet,
2993 2569 3159 2623 quam
3210 2557 3374 2610 etiam
3436 2558 3614 2612 virtu-

2042 2651 2148 2698 tem
2180 2642 2446 2709 nominat,
2474 2651 2529 2699 et
2560 2644 2631 2698 ab
2671 2659 2737 2699 eo
2772 2645 2888 2699 vult
2922 2660 3048 2701 esse
3082 2647 3426 2716 productam,
3453 2667 3614 2719 quam

2043 2746 2203 2805 turpe
2235 2742 2322 2792 est
2351 2735 2477 2789 vita!
2503 2734 2653 2788 illam
2705 2745 2935 2790 matrem
2982 2737 3197 2792 dicere!
3238 2737 3406 2792 Nemo
3443 2741 3613 2801 enim,

2041 2828 2136 2896 qui
2173 2839 2317 2882 sano.
2335 2824 2549 2897 judicio
2576 2825 2841 2895 praeditus
2876 2827 2969 2890 sit,
2999 2827 3292 2883 admittere
3317 2829 3615 2900 quidquam

2042 2918 2097 2971 in
2121 2917 2308 2972 divina
2341 2925 2540 2971 natura
2576 2917 2870 2973 femineum
2904 2926 3101 2989 potest.
3120 2919 3190 2972 At
3218 2920 3321 2975 istc
3357 2923 3521 2975 etiam
3548 2921 3618 2974 ah

2041 3009 2145 3065 hac
2166 3008 2367 3064 femina
2390 3009 2624 3078 primum
2655 3023 2780 3064 esse
2802 3019 3149 3079 procreatum
3184 3010 3461 3065 hominem
3487 3027 3617 3064 nar-

2043 3108 2148 3156 rat.
2173 3099 2259 3166 Et,
2288 3116 2398 3156 uno
2426 3102 2596 3157 verbo
2626 3101 2827 3165 dicam,
2855 3100 3090 3171 primum
3140 3100 3413 3155 hominem
3465 3101 3618 3156 vitae-

2040 3206 2148 3261 que
2178 3200 2407 3246 matrem
2440 3191 2505 3245 ad
2536 3207 2749 3255 eorum,
2777 3207 2897 3260 qua:
2926 3192 2979 3245 in
3013 3192 3176 3246 nobis
3206 3192 3458 3247 accidere
3492 3207 3615 3246 cer-

2022 3289 2273 3347 nuntur,
2316 3281 2732 3337 similitudinem
2787 3290 3132 3335 commentus
3185 3290 3290 3338 est.
3337 3282 3614 3351 Siquidem

2039 3380 2094 3427 et
2113 3372 2277 3426 homo
2301 3382 2528 3426 vocatur
2556 3372 2610 3426 in
2644 3381 2810 3432 terra,
2851 3380 2906 3425 et
2934 3383 3125 3434 mater,
3154 3386 3276 3440 qua:
3297 3387 3400 3426 nos
3424 3379 3618 3426 eterra

2039 3463 2250 3532 genuit,
2288 3472 2519 3531 quaeque
2571 3462 2782 3516 Adamo
2828 3461 3095 3515 divinitus
3146 3469 3231 3517 est
3274 3462 3539 3531 producta
3573 3463 3614 3516 ⁸.

2041 3554 2183 3625 Ergo
2210 3553 2396 3608 eadem
2415 3566 2536 3622 quae
2557 3551 2612 3606 in
2644 3558 2790 3606 terra
2821 3553 2981 3613 fiunt,
3011 3551 3176 3605 etiam
3209 3552 3266 3606 in
3299 3554 3441 3606 cielo
3463 3568 3619 3622 repe-

2041 3644 2135 3699 riri
2166 3658 2267 3699 sua
2299 3643 2556 3697 inductus
2580 3642 2839 3711 opinione
2870 3642 3124 3712 stupidus
3167 3643 3331 3697 homo
3356 3650 3612 3714 nugatur.

2042 3734 2175 3802 Quae
2209 3734 2427 3805 quidem
2470 3735 2540 3789 ab
2570 3733 2721 3789 omni
2765 3733 2979 3788 ratione
3003 3742 3134 3789 sunt
3164 3734 3535 3802 alienissima;
3566 3736 3617 3789 id

2040 3827 2189 3899 quod
2224 3826 2427 3897 ubique
2485 3840 2656 3881 sacrae
2682 3824 2904 3880 Litterae
2930 3840 3034 3879 nos
3083 3824 3302 3880 docent.
3350 3825 3481 3891 Quae
3514 3844 3617 3881 εω-

2041 3919 2199 3975 lestia
2249 3935 2501 3988 corpora,
2537 3925 2591 3973 et
2640 3926 2843 3971 terrena
2892 3932 3113 3985 corpora
3161 3917 3481 3972 nominatim
3524 3934 3620 3972 ex-

2043 4011 2350 4081 primunt“,
2375 4010 2468 4065 sed
2502 4010 2608 4063 alia
2646 4018 2731 4064 est
2764 4009 3072 4064 cmlestium
3112 4008 3306 4079 gloria,
3360 4008 3463 4062 alia
3508 4017 3620 4064 ter-

2043 4116 2325 4156 renorum.
2362 4099 2466 4154 Ubi
2498 4115 2608 4154 non
2635 4099 2703 4154 de
2729 4100 2797 4155 iis
2832 4114 2955 4169 qua:
2979 4112 3146 4168 supra
3164 4098 3417 4153 caelestes
3460 4099 3621 4153 orbes

2042 4200 2190 4254 sunt,
2212 4189 2454 4251 disserit,
2474 4190 2569 4245 sed
2586 4189 2654 4244 de
2668 4189 3095 4259 aspectabilibus
3118 4190 3253 4244 iisce
3268 4189 3617 4259 corporibus,

2044 4283 2179 4346 sole,
2212 4282 2363 4345 luna,
2412 4281 2529 4336 sive
2568 4282 2736 4335 etiam
2765 4281 2834 4335 de
2878 4281 2947 4341 iis
2981 4295 3103 4350 qua)
3156 4282 3211 4333 in
3267 4289 3412 4334 terra
3466 4288 3617 4339 sunt,

2046 4380 2474 4440 sanctorumque
2501 4371 2828 4438 corporibus
2860 4388 2874 4424 :
2909 4369 3368 4438 quemadmodum
3410 4384 3507 4437 pro
3540 4378 3621 4423 tc-

369 4474 513 4544 ὓπὲρ
538 4471 764 4544 οὐρανὸν
801 4469 955 4524 ἐσται
987 4469 1163 4538 λόγος,
1192 4468 1280 4523 διά
1321 4468 1380 4522 τὸ
1407 4470 1464 4522 ἐν
1500 4466 1648 4538 αὐτῷ
1673 4467 1751 4539 τῷ
1781 4468 1941 4520 Ἀπο-

2048 4463 2257 4517 nuitate
2309 4469 2501 4515 nostra
2554 4459 3028 4529 interpretandum
3077 4460 3370 4513 credimus.
3427 4458 3619 4513 Utrum

370 4566 547 4635 στόλῳ
573 4565 673 4634 τῆς
713 4562 965 4632 γνώσεως
1000 4561 1296 4633 βαθύτατον
1333 4558 1598 4631 χὼρημα,
1629 4560 1689 4613 οὐ
1725 4558 1941 4621 πάντως

2048 4569 2179 4608 vero
2204 4551 2272 4606 de
2296 4551 2385 4616 iis,
2418 4551 2644 4620 insuper
2668 4565 2790 4619 quae
2818 4566 2984 4619 supra
3006 4551 3206 4605 caelum
3231 4550 3478 4605 eminent
3520 4551 3622 4605 hoc

366 4654 688 4728 ὁριζόμεθα.
748 4653 925 4724 Ὀμῶς
970 4652 1140 4707 πολλά
1195 4651 1304 4705 τῶν
1347 4650 1610 4719 ἐπιγείων
1655 4649 1942 4703 λέλεκται·

371 4750 525 4819 πόσῳ
562 4746 759 4818 μᾶλλον
789 4746 858 4799 τὰ
885 4745 1139 4816 ὑπεράνω
1178 4742 1288 4796 τῶν
1327 4741 1603 4813 θύρανῶν;
1638 4741 1809 4795 Πόθεν
1852 4741 1942 4796 δύ-

372 4859 531 4896 ναται
553 4842 664 4904 τοῖς
687 4839 945 4907 ἐπιγείοις
969 4835 1384 4909 ἀπεικάζεσθαι,
1407 4828 1452 4888 ὦ
1482 4827 1672 4899 οὗτος

444 5103 594 5168 MG'.
625 5099 729 5152 Τὸν
754 5098 812 5150 δὲ
849 5096 1061 5168 πρῶτον
1087 5093 1368 5164 ἄνθρωπον
1393 5093 1492 5163 (6v)
1526 5094 1755 5163 φάσκεις
1784 5093 1946 5148 πάλιν

372 5192 837 5252 κατεσκευακέναι
862 5188 1036 5258 ἑαυτῷ
1066 5185 1369 5248 πανοπλίας
1401 5184 1561 5257 χάριν
1599 5184 1689 5237 τὸν
1722 5184 1944 5268 άνεμδον,

371 5292 437 5346 τὸ
478 5288 612 5360 φῶς,
649 5287 710 5341 τὸ
749 5285 881 5356 πῦρ,
925 5282 986 5335 τὸ
1021 5279 1186 5351 ὕδωρ,
1234 5278 1333 5349 τὴν
1381 5276 1533 5347 ὓλην,
1582 5276 1669 5329 ἵνα
1699 5277 1719 5308 ³
1752 5277 1800 5328 εί
1847 5275 1946 5345 μὲν

372 5380 580 5436 ἄνωθέν
616 5381 764 5432 ἐστιν
802 5376 832 5428 6
886 5372 1102 5444 πρῶτος
1145 5369 1449 5441 ἄνθρωπος,
1498 5367 1591 5421 καὶ
1632 5360 1737 5424 ὧδε
1785 5362 1947 5439 ἦλθεν

373 5470 550 5543 ἑαυτῷ
578 5464 984 5526 κατασκευάσαι
1015 5461 1112 5533 τὴν
1145 5459 1462 5526 πανοπλίαν,
1502 5459 1595 5513 καὶ
1628 5456 1948 5528 προϐάλλειν

440 5650 455 5681 ⁸
486 5647 595 5704 νοτ
629 5647 723 5702 illa
773 5640 846 5695 τὰ
882 5638 1132 5707 ἐπίχειρα

367 5719 389 5755 ⁶
417 5720 547 5781 Gen.
574 5738 612 5789 ι,
646 5717 743 5773 26.
823 5714 844 5743 ⁸
874 5710 893 5763 l
921 5709 1044 5764 Cor.
1078 5723 1163 5774 xv,
1188 5707 1277 5760 40.

2046 4645 2172 4699 loco
2193 4659 2375 4699 sermo
2404 4644 2496 4704 sit,
2525 4650 2747 4712 propter
2777 4643 3099 4697 immensam
3129 4642 3377 4712 Apostoli
3414 4643 3621 4698 altissi-

2049 4750 2305 4805 mamque
2346 4735 2656 4796 scientiam,
2692 4735 2826 4789 certi
2864 4735 3000 4788 nihil
3029 4736 3351 4789 asserimus.
3380 4733 3622 4789 Terrena

2050 4826 2270 4894 quidem
2328 4826 2592 4895 pleraque
2638 4825 3109 4879 commemoravit.
3177 4824 3395 4889 Quanto
3450 4828 3625 4895 magis

2051 4930 2175 4984 qum
2205 4914 2346 4969 caelo
2377 4915 2498 4983 ipso
2554 4915 2839 4984 superiora
2880 4915 3044 4968 sunt?
3070 4913 3317 4979 Quanam
3348 4914 3515 4986 659
3549 4931 3625 4969 ra-

2054 5007 2201 5061 tione
2230 5022 2354 5059 cnm
2391 5008 2628 5060 terrenis
2653 5005 2960 5074 comparari
2998 5006 3292 5075 poterunt?

2122 5096 2304 5150 XLVI.
2340 5096 2497 5163 Quod
2548 5111 2677 5152 vero
2716 5096 2949 5165 primum
3001 5096 3084 5151 ais
3126 5096 3398 5152 hominem
3447 5111 3625 5149 arma-

2055 5198 2188 5244 tura:
2245 5189 2348 5244 sibi
2399 5189 2518 5242 loco
2550 5197 2813 5253 ventum,
2845 5188 3053 5261 lucem,
3088 5189 3299 5259 ignem,
3331 5203 3525 5259 aquam
3563 5203 3626 5242 ac

2053 5282 2340 5336 materiam
2376 5283 2707 5348 fabricasse,
2743 5283 2790 5338 si
2839 5297 2870 5339 e
2907 5284 3048 5339 coelo
3086 5287 3296 5354 prinms
3331 5285 3419 5338 ille
3465 5284 3626 5338 homo

2054 5371 2333 5427 derivatus
2362 5380 2466 5437 est,
2512 5381 2676 5441 atque
2707 5372 2815 5427 huc
2863 5373 3225 5443 procudenda!
3257 5374 3401 5427 illius
3450 5388 3619 5425 anna-

2055 5467 2194 5514 tura:
2257 5461 2432 5531 gratia
2493 5462 2661 5526 venit,
2700 5477 2808 5533 qua
2863 5463 3008 5519 velut
3063 5463 3233 5519 lorica
3284 5464 3515 5532 quadam
3565 5480 3625 5517 ac

1187 5652 1295 5713 non
1336 5635 1624 5691 admodum
1659 5635 1935 5692 necessari

2048 5636 2244 5694 idetur.
2322 5641 2342 5671 ’
2370 5639 2431 5697 F.
2462 5640 2755 5711 ἐνδέχεται.
2835 5643 2854 5674 ³
2887 5641 2993 5696 Pro
3047 5643 3132 5696 ἵνα
3167 5640 3305 5697 forte
3340 5637 3476 5696 ἀλλὰ
3510 5640 3615 5713 leg.
