4078 6474
461 390 530 443 90
1857 377 1916 435 S.
1957 375 2298 434 EPIPHANII

3617 375 3753 436 100

458 504 801 560 munimento
842 520 902 560 se
947 509 1291 574 protegeret;
1339 513 1687 571 consequens
1719 505 1804 553 est
1837 503 1897 550 ut
1928 494 2044 548 haec

2172 493 2327 565 αυτῷ
2360 491 2566 566 ταύτην
2621 494 2704 559 είς
2753 493 3103 569 Θωρακισμδν
3129 491 3326 551 ἑαυτοῦ
3367 494 3462 552 καὶ
3508 495 3751 552 ἔνδονσιο

460 597 723 654 inferiora
766 598 859 652 illo
892 597 1200 668 potentiora
1233 597 1346 652 sint
1373 595 1468 666 qui
1501 609 1533 649 e
1574 591 1716 647 coelo
1743 588 2040 644 descende-

460 693 549 744 rit.
581 691 731 760 Aqua
774 690 915 744 enim
952 689 1044 744 illa
1080 688 1196 758 ipsa
1230 697 1315 742 est
1345 701 1468 757 qua:
1500 683 1767 745 cernitur,
1803 680 1892 732 lux
1923 693 2043 746 quae

463 783 636 838 oculis
668 789 913 850 apparet,
957 781 1184 836 materia
1214 794 1336 851 quae
1369 776 1630 848 opinione
1671 782 1764 826 tua
1793 784 2042 826 corrum-

464 871 634 938 pitur,
689 875 883 922 ventus
928 868 1024 936 qui
1085 867 1313 922 auribus
1354 865 1560 922 nostris
1617 863 1854 920 insonat.
1901 858 2045 928 ignis

466 961 606 1016 idem
664 959 753 1012 ille
799 959 1074 1029 denique,
1132 973 1296 1027 quem
1350 958 1418 1012 ad
1457 969 1618 1012 usum
1661 953 1787 1008 vita:
1841 948 2046 1021 passim

465 1051 810 1106 adhibemus.
871 1050 1084 1116 Quibus
1117 1051 1285 1106 rebus
1339 1051 1383 1105 si
1421 1049 1700 1119 principes
1747 1048 2046 1114 oppugnat,

2146 584 2296 655 μίαν.
2331 584 2439 656 ἄρα
2483 584 2826 656 δυνατώτερα
2854 585 2923 640 τὰ
2957 587 3017 640 ὲν
3044 586 3123 658 τῷ
3155 587 3346 660 κόσμῳ
3380 586 3558 658 τούτῳ
3583 588 3749 660 ὑπὲρ

2142 675 2233 729 τδν
2260 676 2464 730 ἄνωθεν
2495 675 2717 730 ἐλθόντα
2741 677 2850 730 τῶν
2880 678 3236 750 ἐπουρανίων.
3268 680 3452 753 ’Υδωρ
3473 681 3582 753 γάρ
3611 682 3750 734 ἐστι

2142 767 2206 820 τὸ
2231 767 2444 837 ὁρατὸν,
2490 767 2582 820 καὶ
2611 766 2726 836 φῶς
2753 768 2813 821 τὸ
2852 769 3198 840 φαινόμενον,
3230 771 3324 824 καὶ
3359 771 3458 844 ὕλη
3507 774 3543 844 ἡ
3584 773 3752 827 κατὰ

2147 858 2208 911 σὲ
2245 857 2597 930 φθειρομένη,
2638 859 2733 912 καὶ
2771 859 2972 930 ἄνεμος
3006 859 3036 914 ὁ
3081 862 3139 914 ὲν
3165 859 3299 933 ἡμῖν
3346 861 3745 936 ὲνηχούμενος,

2148 950 2241 1003 καὶ
2266 949 2328 1003 τὸ
2363 949 2474 1021 πῦρ
2501 950 2664 1003 τοῦτο
2697 942 2743 1018 ᾧ
2779 951 3072 1016 ἀκωλύτως
3103 955 3153 1005 οί
3191 955 3392 1018 πάντες
3412 955 3748 1028 κεχρήμεθα.

2147 1042 2206 1094 ὲν
2232 1043 2355 1105 ταῖς
2383 1041 2617 1111 χρείαις.
2653 1038 2763 1094 Καὶ
2809 1043 2858 1094 εί
2887 1041 2976 1096 διὰ
3005 1043 3264 1098 τοιούτων
3308 1048 3434 1110 τοὺς
3463 1048 3751 1118 ἄρχοντας

465 1144 600 1220 ει·ρο
671 1158 918 1213 quaenam
972 1144 1063 1197 illa
1129 1143 1256 1198 belli
1337 1142 1482 1197 ratio
1537 1137 2050 1203 administratioque

2172 1133 2398 1204 πολεμεῖ,
2423 1133 2507 1197 τίς
2535 1134 2568 1204 ὴ
2591 1133 2845 1204 ἐνέργεια
2868 1133 2962 1187 τοῦ
3002 1135 3272 1206 πολέμους
3307 1135 3430 1207 λέγε
3447 1155 3461 1168 ·
3490 1138 3574 1202 τίς
3597 1141 3631 1209 ἡ
3641 1142 3750 1209 μίν

467 1233 825 1304 proponitur?
853 1234 978 1304 quis
1020 1233 1180 1288 istius
1218 1232 1342 1287 belli
1387 1231 1500 1286 dux
1547 1239 1603 1286 et
1636 1239 1834 1283 auctor
1856 1226 2052 1282 classi-

2172 1226 2467 1280 παλπίσειεν
2491 1227 2734 1298 ἀρχηγὸς
2771 1224 3008 1296 πολέμου
3036 1227 3352 1298 γινόμενος·
3381 1231 3752 1302 Διατέμωμεν

467 1342 592 1380 cum
627 1327 786 1384 nobis
830 1327 1087 1381 concinet
1127 1326 1281 1397 :Age
1342 1320 1764 1394 perrumpamus
1810 1319 2049 1376 hostium

2172 1318 2251 1383 τὰς
2284 1317 2591 1388 φάλαγγας,
2624 1319 3082 1389 ἐπισυστήσωμεν
3112 1319 3183 1372 τὰ
3230 1319 3380 1391 παρὰ
3410 1321 3427 1353 ¹
3451 1322 3546 1376 τοῦ
3579 1321 3754 1376 mii-

468 1420 801 1490 phalanges,
854 1419 1212 1489 przeliumque
1264 1415 1603 1472 condemns?
1649 1413 1786 1480 Quis
1833 1412 1888 1466 in
1925 1426 2050 1466 eum

2172 1426 2295 1476 ιους
2326 1411 2423 1474 Τίς
2451 1409 2600 1480 βάλοι
2634 1409 2850 1480 πρῶτον
2876 1408 3028 1480 βέλος
3054 1411 3195 1464 κατὰ
3233 1412 3324 1465 τοῦ
3351 1412 3604 1483 χαλεπῶς
3636 1433 3719 1487 μα
3737 1446 3754 1454 -

469 1513 678 1581 primus
733 1511 1027 1580 jaculetur,
1093 1509 1185 1580 qui
1261 1515 1456 1562 contra
1516 1508 1922 1577 principatuum
1990 1517 2056 1557 ac

2172 1505 2338 1566 θέντος
2376 1502 2520 1556 κατὰ
2548 1502 2648 1574 τῆς
2690 1498 2874 1573 ἀρχῶν
2917 1502 3010 1556 καὶ
3043 1501 3301 1567 ἐξουσιῶν
3346 1505 3751 1573 ὑποστάσεως;

471 1611 800 1673 potestatum
849 1601 1214 1658 substantiam
1273 1599 1520 1654 furiosus
1569 1597 1838 1652 incurrit?
1889 1594 2055 1649 Estne

2172 1599 2397 1667 Ἀνεμος
2421 1594 2666 1666 πολεμεῖ,
2697 1585 2743 1648 ὦ
2767 1588 2954 1661 οὖτος;
2987 1594 3123 1649 ἀλλὰ
3152 1596 3250 1666 ῦλη
3279 1593 3312 1669 ἡ
3341 1597 3483 1651 κατὰ
3514 1599 3571 1651 σὲ
3591 1599 3758 1670 φθει-

469 1704 526 1748 ut
558 1702 752 1750 ventus
798 1693 1096 1763 conﬂigere
1150 1692 1348 1762 possit,
1387 1699 1484 1745 aut
1532 1690 1786 1751 materia,
1823 1702 1944 1758 quae
1989 1701 2055 1740 ex

2172 1688 2366 1761 ρομένη
2390 1705 2404 1752 ;
2438 1686 2576 1741 ἀλλὰ
2611 1687 2671 1740 τὸ
2697 1685 2809 1759 πῦρ
2836 1686 2898 1740 τὸ
2935 1689 3015 1751 είς
3040 1689 3235 1760 χρῆσιν
3264 1689 3541 1761 ἡμετέραν
3569 1709 3757 1746 κατα..

471 1795 560 1840 tua
594 1785 866 1840 sententia
911 1782 1330 1852 corrumpitur?
1370 1781 1588 1851 Ignisne
1624 1793 1790 1851 porro
1813 1819 1828 1842 ,
1865 1778 1957 1848 qui
1989 1775 2058 1830 ad

2172 1777 2589 1833 τκευασθὲνὺπὸ
2623 1775 2715 1832 τοῦ
2748 1778 2990 1848 Κυρίου;
3030 1779 3165 1833 ἀλλὰ
3190 1781 3251 1833 τὸ
3280 1781 3398 1850 φῶς
3425 1781 3486 1835 τὸ
3533 1783 3758 1853 ὑποχω-

471 1893 634 1933 usum
671 1883 925 1932 nostrum
948 1890 980 1929 a
1021 1874 1132 1930 Deo
1157 1884 1380 1929 creatus
1410 1873 1538 1928 est?
1564 1873 1647 1926 An
1681 1872 1772 1926 lux
1801 1873 1914 1938 illa,
1939 1887 2060 1943 quae

2172 1871 2290 1944 ροῦν
2317 1870 2396 1942 τῷ
2439 1871 2619 1924 σκότει
2657 1844 2951 1940 ἀναμέρος,
2986 1844 3507 1942 διαστημάτίυντῶν
3535 1844 3758 1945 χρόνων

475 1984 574 2038 pro
629 1977 937 2037 temporum
993 1964 1290 2035 descriptis
1334 1979 1366 2020 a
1397 1964 1510 2020 Deo
1562 1963 1758 2034 spatiis
1815 1963 2058 2018 vicissim

475 2057 716 2113 tenebris
776 2055 969 2111 cedit?
1019 2055 1090 2110 At
1145 2055 1364 2127 Opinor,
1420 2069 1562 2124 aqua
1613 2053 1900 2124 pugnabit.
1939 2051 2061 2118 Quo

474 2148 694 2202 tandem
732 2145 928 2216 pacto?
955 2144 1216 2201 Edissere
1238 2185 1256 2211 ,
1290 2147 1485 2210 sodes,
1532 2145 1746 2213 ineptas
1782 2144 1906 2199 illas
1937 2153 2060 2200 tuas

476 2237 707 2293 fabulas.
733 2236 896 2306 Atqui
931 2251 1026 2307 per
1046 2236 1163 2290 haec
1191 2236 1378 2290 omnia
1409 2245 1518 2289 tam
1556 2235 1699 2290 bona
1721 2249 1885 2304 quam
1918 2234 2059 2288 mala

477 2327 588 2384 ﬁeri
622 2327 891 2384 videmus.
927 2324 1022 2382 Sic
1051 2326 1194 2397 ignis
1218 2325 1558 2380 adminiculo
1591 2324 1864 2379 sacriﬁcia
1898 2323 2062 2380 idolis

477 2420 846 2480 instruuntur.
896 2434 1074 2489 neque
1103 2417 1155 2472 id
1186 2417 1347 2472 omcii
1381 2433 1556 2488 genus
1594 2418 1864 2472 detrectat
1895 2415 2060 2486 ignis,

475 2517 570 2565 aut
601 2518 884 2580 peccatum
925 2510 1204 2582 prohibet.
1237 2507 1380 2574 Quin
1420 2516 1474 2562 et
1502 2523 1699 2578 aquam
1735 2507 2064 2561 maritimam

475 2603 652 2658 libant.
681 2605 774 2673 qui
807 2605 1082 2659 daemones
1111 2602 1379 2668 adorant;
1411 2613 1516 2655 nec
1545 2602 1691 2656 ullus
1721 2615 1962 2671 unquam
1995 2599 2065 2654 ad

481 2697 584 2749 hoc
616 2710 844 2749 summae
878 2693 1205 2764 ignorantia:
1237 2708 1377 2762 opus
1409 2707 1551 2762 aqua
1575 2689 1948 2762 praestandum
1981 2696 2067 2745 est

479 2783 809 2855 prohibitus.
847 2783 1024 2850 Quam
1070 2783 1228 2837 multi
1281 2782 1569 2854 praedones
1619 2782 1672 2835 in
1711 2780 1879 2835 maris
1908 2780 2067 2849 aquis

480 2874 775 2930 homicidia
826 2875 1256 2948 perpetrarunt?
1296 2874 1376 2928 Ac
1413 2881 1627 2928 tantum
1659 2872 1817 2927 abest
1871 2879 1933 2926 ut
1971 2884 2069 2927 ne-

481 2965 673 3034 quitiae
701 2965 1077 3035 principibus,
1110 2965 1258 3036 quod
1294 2974 1352 3019 tu
1406 2963 1581 3029 dicis,
1617 2976 1760 3032 aqua
1791 2961 2069 3017 contraria

482 3057 577 3121 sit,
609 3063 668 3110 ut
693 3056 761 3111 iis
795 3056 981 3125 potius
1015 3055 1317 3126 Opituletur
1355 3069 1418 3108 ac
1447 3052 1716 3118 conferat,
1748 3067 1857 3107 non
1893 3051 2069 3123 ipsius

2163 1967 2227 2018 ὲκ
2252 1964 2386 2018 Θεοῦ
2439 1961 2824 2034 τεταγμένωνς
2865 1961 3002 2017 ἀλλὰ
3031 1963 3092 2018 τὸ
3140 1963 3316 2036 ὕδωρς
3348 1965 3485 2036 ποίῳ
3524 1967 3756 2039 τρόπῳ,

2161 2056 2415 2128 διήγησαι
2440 2053 2510 2108 τὰ
2539 2054 2691 2126 παρὰ
2725 2055 2806 2108 σοὶ
2835 2055 3304 2128 κενοφωνούμενα.
3341 2058 3450 2111 Καὶ
3473 2057 3580 2130 γάρ
3601 2059 3759 2132 ὀρῶ-

2167 2166 2266 2220 μεν
2307 2148 2396 2202 διὰ
2436 2147 2643 2201 τούτων
2672 2147 2872 2218 μᾶλλον
2908 2149 3001 2200 καὶ
3030 2147 3210 2216 ἀγαθὰ
3252 2148 3347 2202 καὶ
3392 2147 3570 2220 φαῦλα
3599 2151 3759 2220 γινό-

2167 2256 2324 2311 μενα.
2371 2239 2460 2293 Ἐν
2488 2237 2568 2310 τῷ
2594 2236 2703 2309 γὰρ
2733 2239 2867 2310 πυρὶ
2897 2237 3078 2293 θυσίαι
3099 2238 3338 2308 γίνονται
3361 2240 3616 2306 εἰδώλοις,
3653 2243 3758 2296 καὶ

2165 2334 2222 2386 οὐ
2257 2334 2604 2405 παραιτεῖται
2644 2332 2707 2385 τὸ
2741 2331 2872 2401 πῦρ,
2910 2332 3034 2386 οὐδὲ
3078 2331 3276 2386 κωλύει
3308 2334 3404 2404 τὴν
3449 2334 3752 2406 ἁμαρτίαν.

2166 2423 2258 2496 Τῷ
2291 2423 2446 2478 ὕδατι
2473 2425 2570 2496 τῆς
2593 2421 2870 2496 Θαλάσσης
2898 2425 3213 2480 σπένδουσιν
3239 2427 3290 2479 οί
3319 2428 3430 2491 τοῖς
3453 2426 3758 2500 δαιμονίοις

2167 2517 2618 2590 προσκυνοῦντες,
2669 2517 2764 2572 καὶ
2801 2519 2862 2572 οὐ
2913 2518 3217 2573 κεκώλυταί
3256 2537 3388 2574 ποτε
3429 2521 3488 2574 ὲν
3526 2520 3680 2575 ὕδατι
3726 2524 3758 2575 ὁ

2168 2606 2509 2680 πειρώμενος
2551 2610 2774 2677 ἄγνοιαν
2825 2610 3152 2664 ἐπιτελέσαι.
3189 2609 3351 2665 Πόσοι
3394 2609 3450 2664 δὲ
3494 2613 3758 2684 πειραταὶ

2169 2700 2362 2769 φόνους
2404 2697 2732 2772 εἰργάσαντο
2773 2699 2833 2755 ὲν
2875 2701 3032 2755 ὕδασι
3075 2701 3381 2774 θαλάσσης;
3413 2705 3505 2758 καὶ
3553 2704 3760 2774 μᾶλλον

2169 2792 2270 2844 οὐκ
2301 2791 2541 2849 ἐναντίον
2567 2791 2627 2846 τὸ
2657 2791 2800 2864 ὕδωρ
2825 2794 2939 2857 τοῖς
2978 2793 3203 2865 ἄρχουσι
3235 2793 3334 2864 τῆς
3365 2795 3645 2866 πονηρίας,
3679 2795 3760 2859 ὡς

2173 2883 2238 2937 σὺ
2263 2881 2463 2951 λέγεις,
2499 2881 2636 2936 ἀλλὰ
2676 2883 3065 2955 συνεργητικδν
3111 2883 3307 2954 μᾶλλον
3341 2883 3403 2937 τὸ
3438 2882 3603 2957 ὕδωρ,
3659 2883 3761 2938 οὐκ

2170 2975 2323 3039 δντος
2347 2973 2520 3030 αἰτίου
2552 2973 2654 3027 τοῦ
2682 2971 2896 3040 ὓδατος,
2927 2975 3063 3029 ἀλλὰ
3087 2976 3260 3030 αἰτίου
3290 2975 3520 3032 ἑκάστου
3543 2977 3760 3050 ἀνθρώ-

2174 3085 2276 3121 που
2309 3065 2408 3139 τῆς
2450 3063 2649 3121 ἑαυτοῦ
2691 3063 2988 3139 ἁμαρτίας.
3027 3068 3138 3122 Καὶ
3182 3067 3227 3122 ὢ
3265 3069 3365 3141 τῆς
3415 3065 3616 3142 πολλῆς
3659 3087 3759 3124 σου

483 3163 638 3221 aquae
665 3148 848 3218 culpa,
885 3147 981 3202 sed
1011 3149 1300 3218 ipsiusmct
1327 3145 1585 3212 hominis,
1620 3145 1709 3200 cui
1741 3144 1953 3215 peccati
1981 3144 2068 3201 sui
2096 3179 2142 3240 ο
2174 3157 2480 3231 φλυαρίαςι

482 3255 650 3296 causa
681 3240 970 3296 tribuenda
1001 3241 1091 3296 sit.
1122 3239 1167 3296 O
1202 3253 1375 3310 nugas
1403 3246 1571 3308 atque
1601 3237 1870 3307 ineptias!

559 3328 697 3395 Quid
729 3331 820 3384 illa
851 3346 983 3386 vero
1020 3345 1300 3386 armorum
1331 3338 1613 3386 structura
1657 3329 2075 3384 elementorum-

484 3435 593 3488 que
619 3419 1020 3474 munimentum
1047 3421 1227 3491 primo
1257 3420 1337 3474 illi
1368 3418 1574 3473 homini
1601 3417 1826 3488 profuit,
1851 3432 1976 3473 cum
2004 3417 2073 3472 ad

483 3510 850 3580 prceliandum
888 3511 1147 3582 delapsus
1177 3526 1211 3565 a
1248 3511 1495 3566 tenebris
1533 3511 1712 3566 victus
1743 3523 1808 3565 ac
1830 3508 2075 3565 debella-

486 3611 576 3656 tus
627 3602 835 3656 fuerit?
866 3600 984 3657 Tua
1031 3603 1178 3657 enim
1212 3603 1324 3657 haec
1357 3602 1533 3656 oratio
1569 3611 1693 3667 est;
1747 3614 2075 3671 oppressum

485 3692 859 3762 alllictumque
901 3693 955 3746 in
989 3693 1060 3748 iis
1087 3693 1448 3748 interioribus
1475 3692 1752 3746 hominem
1773 3729 1790 3756 ,
1822 3691 1918 3760 qui
1947 3703 2076 3745 eum

488 3783 696 3836 idcirco
732 3789 985 3851 precatus
1015 3793 1186 3845 esset,
1227 3783 1527 3837 exaudisse
1555 3781 1800 3846 Patrem,
1832 3790 1888 3836 et
1914 3781 2077 3835 aliam

491 3871 814 3941 productam
851 3887 882 3925 a
921 3888 980 3927 se
1011 3873 1232 3928 misisse
1259 3875 1521 3927 virtutem
1546 3911 1561 3937 ,
1601 3873 1768 3944 660
1796 3888 1960 3944 quem
1992 3873 2080 3926 vi-

489 3973 708 4017 Ventem
755 3964 1013 4034 spiritum
1067 3964 1325 4034 appellat.
1359 3963 1514 4020 Tolle
1569 3964 1776 4017 larvam
1827 3973 2011 4028 tuam,
2045 3976 2079 4017 0

496 4054 791 4110 Menander
823 4057 1066 4111 comicel
1106 4055 1243 4109 Nam
1293 4071 1418 4110 cum
1453 4055 1730 4122 ejusmodi
1762 4058 1922 4125 plane
1962 4053 2039 4108 sis
2061 4094 2076 4120 ,

492 4146 756 4200 latebram
799 4146 898 4200 tibi
942 4147 1301 4201 nihilominus
1345 4147 1577 4218 quaeris,
1627 4161 1691 4200 ac
1722 4161 1872 4200 mera
1923 4145 2080 4199 nobis

494 4239 766 4293 adulteria
803 4246 860 4294 et
885 4239 1182 4295 ebrietates
1235 4255 1448 4294 narras.
1498 4238 1641 4293 Nihil
1673 4239 1817 4294 enim
1852 4238 1995 4308 apud
2029 4248 2081 4294 te

491 4332 861 4398 compositum
912 4343 977 4383 ac
1024 4330 1355 4395 modestum.
1405 4328 1487 4382 Tu
1533 4330 1678 4383 enim
1723 4343 1818 4398 pro
1852 4329 2082 4384 veritate

493 4419 806 4476 Graecorum
835 4420 1048 4477 fabulas
1071 4421 1339 4477 inducens
1355 4421 1720 4478 sectatoribus
1739 4422 1846 4476 tuis
1872 4419 2078 4474 illudis.

2246 3335 2314 3391 Τί
2346 3333 2404 3391 δὲ
2459 3334 2743 3409 ὠφέλησεν
2786 3339 2819 3409 ἠ
2873 3337 3186 3410 κατασκευὴ
3226 3337 3334 3390 τῶν
3369 3338 3568 3404 ὅπλων,
3611 3341 3707 3393 καὶ
3733 3343 3763 3396 ὁ

2177 3428 2531 3504 θωρακισμδς
2558 3432 2668 3486 τῶν
2701 3433 3000 3504 στοιχείων,
3039 3433 3129 3487 τὸν
3161 3431 3374 3503 πρῶτον
3417 3433 3554 3486 κατὰ
3591 3434 3649 3486 σὲ
3671 3434 3763 3488 άν-

2177 3521 2396 3594 θρωπον
2426 3519 2517 3576 τὸν
2549 3523 2877 3578 κατελθόντα
2905 3524 3228 3596 πολεμῆσαι,
3260 3524 3355 3577 καὶ
3385 3525 3488 3577 ὑπὸ
3513 3523 3605 3577 τοῦ
3634 3525 3762 3577 σκό-

2174 3629 2304 3676 τους
2341 3613 2826 3684 καταπονηθέντας
2869 3615 3104 3676 Φάσκεις
3141 3613 3270 3685 γὰρ,
3301 3615 3381 3668 ὄτι
3427 3613 3612 3685 ὲθλίδη
3651 3616 3765 3668 ἐκεῖ

2178 3704 2328 3758 κάτω
2357 3707 2384 3758 ό
2422 3705 2727 3777 ἄνθρωπος.
2770 3704 3082 3777 Εὐξαμένου
3133 3705 3194 3760 δὲ
3232 3705 3395 3760 αὑτοῦ
3467 3707 3694 3778 ἤκουσεν
3737 3709 3765 3759 ὁ

2179 3798 2390 3868 Πατὴρ,
2411 3794 2486 3858 ὡς
2515 3795 2669 3866 ἔψης,
2695 3796 2789 3848 καὶ
2814 3796 3130 3850 ἀπέστειλεν
3156 3799 3350 3869 ἑτέραν
3380 3797 3609 3870 δύναμιν
3633 3815 3766 3869 προ-

2180 3883 2471 3954 ϐληθείσαν
2498 3884 2590 3937 ὑπ’
2616 3883 2806 3948 αὐτοῦ,
2838 3884 3138 3958 λεγομένην
3175 3886 3390 3958 πνεῦμα
3420 3887 3548 3952 ζῶν.
3592 3889 3767 3942 Ἐπα-

2184 3975 2275 4046 ρόν
2305 3993 2398 4029 σου
2446 3977 2507 4030 τὸ
2555 3979 2942 4048 προσωπεῖον,
2980 3972 3027 4032 ὧ
3065 3979 3418 4052 κωμῳδοποιὲ
3461 3981 3764 4051 Μένανδρε.

2193 4069 2430 4133 Ἐκεῖνος
2459 4071 2568 4141 γάρ
2605 4071 2702 4136 ὢν,
2751 4072 2976 4128 σεαυτὸν
3017 4073 3331 4139 σκεπάζεις,
3380 4069 3586 4146 μοιχῶν
3629 4074 3771 4144 ἔργα

2180 4159 2534 4232 διηγούμενος
2562 4164 2655 4218 καὶ
2683 4163 2874 4235 μέθης.
2901 4164 3069 4218 Οὐδὲν
3101 4165 3209 4236 γὰρ
3233 4166 3291 4218 ὲν
3325 4164 3408 4217 σοὶ
3434 4162 3767 4234 καθέστηκε.

2181 4249 2304 4303 Τῶν
2335 4253 2443 4322 γὰρ
2488 4252 2756 4324 Ἐλλήνων
2790 4253 2860 4306 τὰ
2895 4255 3176 4324 ποιήματα
3207 4253 3330 4307 ἀντὶ
3367 4253 3467 4325 τῆς
3509 4251 3770 4324 ἀληθείας

2182 4339 2587 4411 παρεισφέρων,
2635 4340 2842 4411 πλανᾷς
2889 4342 3018 4404 τοὺς
3067 4341 3172 4394 ὑπὸ
3221 4339 3315 4394 σοῦ
3361 4340 3766 4413 ἠπατημένους.

2183 4428 2337 4499 Τάχα
2367 4429 2476 4501 γὰρ
2523 4429 2664 4500 ὑπὲρ
2698 4429 2758 4482 σὲ
2804 4429 3046 4494 Ἠσίοδος
3069 4430 3356 4502 ἐφρόνησε,
3407 4431 3475 4484 τὰ
3511 4429 3770 4502 περὶτῆς

495 4512 674 4568 (Zredo
715 4513 966 4584 equidem
1019 4514 1409 4585 sapientiorem
1456 4523 1510 4569 te
1542 4511 1838 4569 Hesiodum
1874 4512 2069 4575 fuisse.

2185 4519 2462 4588 Θεογονίας
2495 4521 2870 4592 ποιητεύματα
2892 4521 3320 4593 διηγησάμενοςο
3343 4522 3482 4592 τάχα
3513 4521 3767 4592 Ὀρφεὺς,
3795 4589 3798 4592 ς

496 4607 624 4658 dum
659 4605 778 4662 illas
804 4606 860 4660 in
896 4604 1212 4675 Theogonia
1275 4605 1493 4660 fabulas
1526 4604 1782 4660 edisserit
1816 4623 1829 4658 ε
1869 4619 2082 4660 necnon

494 4703 552 4748 et
581 4693 881 4764 Orpheum,
914 4704 1078 4765 atque
1106 4695 1442 4766 Euripidem.
1473 4695 1608 4749 Nam
1640 4696 1752 4760 isti.
1783 4704 2080 4766 quantum-

497 4785 582 4839 vis
610 4785 844 4842 ridicula
891 4796 1148 4852 narrent,
1180 4788 1533 4856 perspicuum
1569 4793 1654 4841 est
1679 4824 1695 4850 ,
1733 4786 1880 4854 quod
1915 4793 2085 4856 poetae

497 4885 706 4940 essent,
765 4877 901 4932 lalsa
959 4876 1027 4932 de
1082 4877 1355 4932 industria
1409 4875 1766 4932 conﬁnxisse.
1822 4875 1905 4931 Tu
1955 4888 2086 4932 vero

503 4968 917 5025 luculentiorem
961 4977 1023 5023 ut
1076 4984 1319 5026 errorem
1371 4968 1562 5034 facias,
1597 4966 1734 5023 falsa
1789 4981 1888 5038 pro
1941 4969 2086 5023 veris

501 5057 772 5113 obtrudis.

572 5147 782 5204 XLVII.
825 5149 1192 5219 lgiturvivum
1218 5151 1368 5205 illum
1392 5151 1646 5222 spiritum
1679 5164 1871 5204 narras
1893 5165 1923 5204 e
1944 5152 2086 5206 coelo

502 5242 788 5310 delapsum
830 5239 1009 5309 primo
1052 5240 1258 5295 homini
1294 5243 1608 5310 porrexisse
1645 5241 1954 5305 dexteram,
1999 5250 2084 5295 at-

504 5349 610 5402 que
641 5349 671 5387 e
701 5330 945 5386 tenebris
971 5331 1230 5385 eduxisse
1251 5373 1264 5398 ,
1292 5347 1415 5386 eum
1444 5371 1458 5393 ,
1491 5334 1738 5400 inquam,
1767 5331 2042 5386 hominem
2069 5373 2084 5399 ,

502 5426 594 5496 qui
628 5427 682 5479 in
713 5419 960 5479 inferiori
987 5422 1091 5477 hoc
1116 5424 1248 5478 orbe
1277 5423 1708 5491 periclitabatur.
1747 5422 1997 5488 Quicum
2026 5434 2084 5479 ut

505 5517 846 5583 absumptam
903 5513 1163 5569 liberaret
1223 5509 1927 5576 animam.descendisset,
1984 5529 2084 5568 nec

508 5606 717 5673 eripere
750 5605 1034 5673 potuisset,
1063 5603 1214 5660 illum
1255 5603 1454 5671 ipsum,
1490 5603 1734 5670 inquam,
1766 5605 1858 5671 qui
1889 5604 1957 5657 ad
1995 5623 2082 5661 sa-

585 5756 602 5788 ¹
628 5752 829 5818 Regius
855 5758 920 5812 τὰ
955 5757 1146 5824 merit.
1224 5758 1244 5787 ²
1272 5755 1398 5811 Cor.
1435 5759 1835 5830 ἀνενηνοχεναι.

2184 4609 2325 4680 τάχα
2351 4610 2668 4682 Εὐριπίδης.
2705 4611 2936 4665 Ἐκεῖνοι
2966 4612 3096 4683 γὰρ,
3144 4611 3249 4666 κᾶν
3287 4613 3668 4682 καταγέλαστα
3698 4612 3772 4665 διο

2184 4703 2480 4770 ηγήσαντο,
2502 4701 2649 4772 δῆλοί
2671 4703 2828 4768 εἰσιν,
2858 4703 2939 4757 ὅτι
2961 4705 3181 4776 ποιηταὶ
3215 4703 3550 4776 ὑπάρχοντες
3580 4705 3772 4774 ἐποιη-

2185 4793 2446 4846 τεύσαντο
2471 4793 2540 4848 τά
2563 4794 2663 4847 οὐκ
2689 4794 2852 4850 ὅντα.
2879 4795 2954 4848 Σὺ
2984 4795 3041 4848 δὲ
3071 4795 3148 4860 ὡς
3190 4795 3320 4849 ὄντα
3351 4795 3532 4868 διηγῇ,
3562 4797 3648 4849 ἵνα
3671 4796 3773 4867 τὴν

2188 4883 2395 4954 πλάνην
2427 4883 2820 4956 περισσοτέραν
2842 4885 3073 4958 ἐργάσῃ.

2257 5148 2387 5201 MZ'.
2420 5145 2591 5200 Τοῦτο
2631 5147 2860 5216 φάσκεις
2896 5149 2959 5202 τὸ
3002 5147 3222 5220 πνεῦμα
3269 5149 3331 5202 τὸ
3362 5148 3470 5213 ζῶν
3513 5148 3775 5204 κατελθὸν

2189 5239 2341 5293 κάτω
2390 5240 2682 5295 δεδωκέναι
2730 5241 2932 5308 δεξιάν,
2978 5242 3072 5295 καὶ
3125 5242 3484 5312 άνενοχέναι¹
3513 5241 3620 5295 ἀπὸ
3672 5240 3772 5295 τοῦ

2193 5331 2416 5395 σκότους
2454 5332 2545 5385 τὸν
2579 5332 2793 5400 πρῶτον
2839 5333 3129 5404 λεγόμενον
3159 5335 3310 5405 παρά
3355 5334 3435 5386 σοὶ
3464 5331 3771 5404 ἄνθρωπον,

2191 5423 2281 5476 τὸν
2310 5424 2459 5476 κάτω
2481 5425 2538 5476 ὲν
2563 5427 2675 5487 τοῖς
2702 5425 3038 5496 κατωτέροις
3066 5423 3613 5489 κινδυνεύσαντα,τὸν
3636 5440 3777 5478 κατ-

2192 5513 2416 5568 ελθόντα
2469 5516 2640 5569 σῶσαι
2677 5516 2775 5588 τὴν
2803 5517 3154 5589 βεδρωμένην
3175 5518 3372 5589 ψυχὴν,
3400 5519 3493 5571 καὶ
3521 5517 3594 5589 μὴ
3615 5515 3778 5588 δυνη-

2189 5608 2348 5662 Θέντα
2380 5609 2569 5679 σῶσαι,
2605 5609 2742 5664 ἀλλὰ
2792 5610 2953 5666 αὑτὸν
2993 5609 3458 5665 κεκινδυνευκέναι
3482 5611 3561 5674 είς
3598 5626 3779 5684 amm-
