4078 6410
289 328 387 381 τοι

894 322 1262 380 ADVERSUS
1300 325 1647 382 IMERESES
1684 325 1814 382 LIB.
1857 325 1923 382 Il.
1966 325 2131 385 TOM.
2176 330 2239 386 II.
2281 362 2350 374 —-
2391 332 2663 390 IlAEllES.
2697 335 2884 391 LXVI.

3458 341 3566 397 102

291 444 416 510 ρίαν
435 439 842 511 ἀπεσταλμένος
863 440 878 471 ⁸
899 441 1263 508 ὲκινδύνευσε,
1285 444 1381 496 καὶ
1394 445 1664 517 ὲπεδεήθη
1687 446 1852 518 ἑτέροι

1981 453 2149 504 lutem
2191 452 2422 509 alterius
2460 455 2668 512 missus
2701 455 2907 522 fuerat,
2940 473 2994 511 in
3043 457 3339 513 discrimen
3391 459 3564 514 addu-

283 533 452 586 πάλιν
473 531 886 602 ἀπεσταλμένου
907 533 1044 602 πρὸς
1063 533 1162 604 τὴν
1179 534 1371 589 τούτου
1396 537 1688 608 σωτηρίαν.
1715 540 1874 611 Πόσῳ

282 641 349 692 γε
387 623 584 693 μᾶλλον
617 625 650 694 ἡ
679 623 828 694 ψυχὴ
872 625 1233 678 κινδυνεύσειε
1264 626 1332 678 δι’
1361 628 1428 698 ἥν
1461 630 1491 682 ό
1523 630 1872 701 ἀπεσταλμέ-

281 730 371 778 νος
409 715 626 785 πρῶτος
645 713 932 785 ἄνθρωπος
951 714 1122 768 ἐλθὼν
1151 716 1558 782 έκινδύνευσεν;
1603 719 1762 773 Ἀλλά
1779 722 1872 775 καὶ

277 804 335 858 δε
349 805 534 876 ότερον
571 804 986 876 ἀπεσταλμένον
1028 806 1108 869 εἰς
1137 806 1200 860 rb
1233 805 1424 867 σῶσαι,
1463 808 1601 878 ὅπερ
1643 811 1872 878 φάσκεις

279 894 424 951 εἶναι
464 897 627 960 αὐτὸς
669 895 890 968 πνεῦμα
923 895 1052 963 ζῶν,
1107 897 1248 952 κατὰ
1291 899 1615 970 μετάμελον.
1661 903 1802 974 ’Ἄρα
1840 905 1870 957 ό

280 991 475 1060 Πατὴρ
500 988 786 1042 ἀπέστειλε
813 989 904 1043 τὸν
936 988 1015 1042 ἔτι
1061 990 1426 1062 ἰσχυρότερον,
1464 992 1552 1046 ἵνα
1583 992 1678 1046 τοῦ
1714 993 1867 1064 πρὼσ

276 1097 372 1132 roz:
402 1079 696 1151 ἀνθρώπου
724 1077 908 1150 σωτὴρ
936 1079 1185 1151 γένηται.
1218 1082 1292 1134 Ἦ
1320 1082 1505 1151 ἠγνόει
1532 1083 1632 1153 μὲν
1659 1083 1868 1138 ἐκεῖνον

277 1170 642 1224 ἀδυνατοῦντα
662 1171 758 1224 rbv
781 1171 1014 1243 πρῶτον,
1031 1171 1127 1225 καὶ
1149 1171 1572 1243 ὑπολαμϐάνων,
1595 1174 1678 1227 ὅτι
1704 1173 1867 1228 σώσει

277 1263 723 1328 κινδυνεύσαντος
752 1263 941 1326 αὐτοῦ,
977 1263 1203 1335 ὕστερον
1230 1265 1319 1318 διὰ
1348 1265 1448 1336 τῆς
1475 1267 1670 1338 πείρας
1696 1267 1868 1336 ἐγνω-

280 1355 393 1418 κὼς
433 1355 797 1427 προϐάλλεται
848 1355 942 1409 καὶ
987 1355 1346 1423 άποστέλλει;
1399 1357 1510 1412 Kal
1564 1359 1734 1430 πολλή
1779 1359 1865 1423 τίς

277 1447 483 1515 ἐστινὴ
511 1446 734 1510 ἀτοπία,
766 1439 812 1500 ὧ
837 1447 1128 1517 Μανιχαῖε,
1157 1448 1252 1502 καὶ
1287 1447 1591 1504 ἀσύστατον
1614 1449 1675 1504 rb
1712 1452 1863 1522 παρὰ

275 1536 372 1590 σοῦ
415 1537 766 1609 ληρολόγημα
803 1537 904 1608 τῆς
938 1539 1118 1610 πάσης
1161 1539 1530 1604 διδασκαλίας.
1571 1541 1776 1596 Φάσκει
1805 1543 1863 1597 δὲ

273 1631 458 1695 ⁴πάλιν,
499 1632 582 1684 ὅτι
631 1630 889 1685 κατελθὸν
926 1631 988 1684 τὸ
1025 1631 1248 1702 Πνεῦμα
1295 1632 1463 1687 ἔδωκε
1513 1632 1716 1698 δεξιάν,
1766 1635 1862 1689 καὶ

270 1721 540 1790 ἀνήνεγκε
569 1719 660 1773 τὸν
700 1719 917 1790 πρῶτον
955 1719 1374 1775 κινδυνεύσαντα
1412 1721 1721 1793 ἄνθρωπον.
1760 1724 1860 1778 Διὰ

1975 551 2147 609 ctum,
2176 552 2340 617 atque
2367 548 2595 606 alterius
2619 566 2742 620 ope,
2763 552 2857 622 qui
2883 551 3107 622 perinde
3129 552 3193 606 ad
3221 553 3558 608 liberandum

1975 637 2310 703 mitteretur,
2365 657 2506 710 opus
2555 641 2834 698 habuisse.
2893 644 3114 710 Quanto
3168 645 3336 714 igitur
3387 648 3561 716 magis

1973 723 2272 789 periclitari
2310 741 2411 796 par
2453 736 2572 782 erat
2625 731 2898 796 animam,
2929 731 3089 801 cujus
3119 734 3291 803 gratia
3349 734 3559 803 primus

1971 811 2138 868 homo
2192 817 2398 872 missus
2453 821 2757 889 periculum
2812 822 3200 879 adicrit?Sed
3253 828 3555 881 secundum

1971 907 2262 973 quemdam
2296 909 2648 966 liberatorem
2671 914 2819 968 velut
2845 913 2897 968 in
2932 916 3237 972 subsidium
3263 919 3554 988 allegatum

1968 1013 2092 1052 esse
2122 999 2311 1066 doces,
2346 1004 2496 1057 velut
2522 1003 2735 1060 Patrem
2768 1008 2970 1076 prioris
3001 1010 3551 1080 consiliipmniteret;

1967 1097 2023 1144 et
2055 1089 2208 1144 illum
2241 1095 2422 1147 vivum
2459 1096 2715 1165 spiritum
2752 1100 3014 1168 appellas.
3052 1097 3357 1156 Fortiorem
3389 1102 3550 1173 igitur

1967 1195 1998 1234 a
2028 1184 2191 1238 Patre
2222 1187 2532 1256 quempiam
2563 1188 2792 1244 missum
2827 1198 3063 1260 Oportet,
3093 1191 3256 1262 primi
3285 1201 3345 1247 ut
3373 1193 3545 1247 homi-

1966 1273 2053 1327 nis
2102 1275 2300 1329 vindex
2361 1291 2483 1332 esse
2534 1289 2737 1348 posset.
2798 1280 2881 1334 An
2929 1298 3060 1338 vero
3122 1284 3360 1354 primum
3398 1285 3550 1340 illum

1967 1363 2300 1420 imbecillum
2338 1366 2453 1422 fore
2481 1370 2760 1426 nesciebat
2778 1372 2803 1426 ?
2824 1382 2880 1428 et
2907 1389 3070 1444 quem
3099 1376 3426 1444 periclitanti
3457 1392 3549 1430 sa-

1965 1455 2064 1510 luti
2106 1457 2222 1514 fore
2250 1461 2543 1528 sperabat,
2585 1471 2943 1533 posteaquam
2975 1465 3311 1534 experientia
3345 1481 3552 1537 cogno-

1963 1547 2062 1611 vit,
2094 1549 2260 1603 alium
2295 1551 2447 1605 illiilli
2506 1553 2762 1621 produxit
2787 1562 2842 1609 et
2885 1555 3104 1610 emisit?
3137 1555 3547 1612 Absurdissima

1962 1645 2116 1701 sunt,
2142 1655 2176 1692 ο
2215 1640 2534 1708 Manichaee,
2561 1659 2681 1714 qua:
2708 1645 2867 1711 dicis,
2909 1660 2974 1700 ac
3002 1653 3155 1700 tuum
3183 1646 3317 1701 illud
3348 1648 3545 1719 dogma

1962 1731 2184 1786 minime
2226 1734 2507 1790 cohaerens
2559 1744 2644 1791 est
2692 1751 3071 1808 nugarumque
3139 1737 3542 1809 plenissimum.

271 1810 432 1862 τοῦτο
465 1810 766 1880 μυστήριον
794 1812 906 1874 τοῖς
934 1809 1130 1864 ἑαυτοῦ
1177 1811 1444 1882 μαθηταῖς
1474 1813 1852 1884 παραδέδωκεν

1961 1815 2096 1874 Illud
2127 1837 2255 1875 vero
2283 1823 2506 1894 insuper
2540 1824 2790 1889 allirmat.
2822 1827 3105 1899 delapsum
3131 1830 3186 1883 in
3217 1839 3396 1885 terras
3429 1831 3546 1901 spi-

270 1901 353 1962 είς
379 1899 442 1952 rb
477 1899 768 1953 ἐπιδιδόναι
799 1899 999 1967 δεξιὰν,
1030 1901 1158 1955 ὅταν
1198 1901 1448 1974 ἀλλήλοις
1481 1905 1858 1975 συναντήσωσι

269 1991 500 2063 σημείου
540 1992 720 2063 χάριν,
759 1991 836 2056 ὼς
869 1993 976 2046 ἀπὸ
1021 1993 1248 2057 σκότους
1293 1993 1582 2060 σωθέντες.
1623 1996 1711 2050 Ἑν
1746 1995 1856 2067 γάρ

267 2082 348 2152 τῷ
369 2082 551 2135 σκότει
574 2083 752 2137 πάντα
773 2083 974 2151 φάσκει
994 2077 1156 2148 εἶναι,
1184 2083 1327 2154 πλὴν
1349 2084 1514 2138 αὐτοῦ
1540 2085 1724 2156 μόνου.
1745 2085 1858 2138 Kal

268 2173 378 2244 γὰρ
410 2174 458 2226 οἱ
481 2172 671 2241 τυφλοὶ
699 2172 900 2244 χλεύης
936 2171 1098 2227 ἓνεκα
1133 2173 1334 2244 μᾶλλον
1362 2175 1515 2246 παρὰ
1543 2174 1652 2229 τῶν
1679 2173 1854 2246 ὁρών-

264 2283 378 2319 των
404 2264 464 2320 τὺ
486 2265 806 2337 κακόφημον
833 2265 1192 2333 ἐκκλίνοντες,
1213 2265 1348 2321 πολὺ
1380 2266 1669 2338 βλέποντες
1696 2265 1854 2322 ἀκού-

267 2370 441 2413 ουσιν.

1959 1908 2126 1962 ritum
2167 1911 2419 1966 dextram
2463 1913 2720 1981 dedisse,
2757 1930 2825 1970 ac
2876 1916 3112 1986 primum
3164 1916 3443 1970 hominem
3478 1917 3546 1971 de

1957 2001 2134 2055 salute
2176 2005 2580 2072 periclitantem
2632 2008 2903 2063 extulisse
2961 2023 3202 2064 sursum.
3252 2009 3426 2075 Quam
3473 2011 3544 2063 ob

1954 2103 2183 2145 causam
2225 2096 2548 2165 mysterium
2581 2096 2858 2167 quoddam
2889 2099 3178 2168 discipulis
3209 2101 3326 2157 suis
3373 2101 3542 2154 tradi-

1954 2179 2056 2244 dit,
2085 2190 2143 2235 ut
2173 2196 2299 2236 cum
2322 2185 2554 2240 invicem
2577 2195 2878 2241 occurrunt
2898 2189 3181 2244 dexteram
3209 2188 3497 2244 conferant
3521 2205 3538 2244 :

1958 2285 2069 2340 quo
2102 2271 2258 2343 signo
2285 2288 2315 2329 e
2361 2275 2603 2331 tenebris
2635 2275 2945 2333 vindicatos
2978 2294 3040 2334 se
3080 2292 3203 2334 esse
3234 2277 3536 2334 declarent.

1955 2359 2094 2417 Nam
2146 2366 2330 2420 omnia
2381 2376 2578 2437 prater
2607 2383 2666 2425 se
2719 2384 2889 2424 unum
2939 2370 3151 2427 versari
3203 2371 3260 2426 in
3296 2370 3540 2426 tenebris

268 2452 518 2508 allirmat.
545 2455 754 2526 Quippe
791 2463 845 2510 ct
891 2456 1018 2510 caeci
1068 2455 1170 2526 ipsi
1219 2455 1387 2510 ferme
1422 2469 1453 2508 a
1498 2455 1834 2520 videntibus,
1877 2457 2007 2512 mali
2067 2461 2271 2517 ominis
2303 2462 2512 2518 vitandi
2542 2465 2743 2536 gratia,
2774 2465 3006 2522 multum
3038 2466 3289 2523 videntes
3355 2467 3542 2536 appel-

268 2541 370 2595 lari
411 2544 608 2597 solent.

338 2633 473 2687 Mll'.
515 2631 648 2688 Εἶτα
671 2635 870 2705 φάσκει
900 2635 1081 2699 πάλιν,
1109 2635 1300 2707 ἑτέρας
1321 2635 1474 2699 τινὰς
1504 2635 1850 2698 κατασκευάς

264 2726 402 2795 ἡμῖν
443 2725 540 2778 καὶ
595 2725 1001 2798 ἀρχιτεκτονίας
1067 2727 1472 2799 ἐργαζόμενος,
1526 2727 1603 2791 ὡς
1657 2727 1849 2796 παρὼν

267 2819 468 2882 ἐκεῖσε,
495 2817 588 2871 καὶ
611 2816 1014 2888 φανταζόμενος
1044 2817 1113 2871 τὰ
1149 2817 1224 2889 μὴ
1252 2817 1400 2882 ὄντα,
1428 2817 1514 2870 ὅτι
1542 2816 1664 2870 τότε
1690 2816 1850 2870 τοῦτο

263 2911 326 2961 rb
349 2909 459 2974 ζῶν
509 2909 724 2980 πνεῦμα
752 2909 954 2974 ἔκτισε,
991 2909 1147 2982 φησὶ,
1177 2910 1268 2962 τὸν
1317 2909 1553 2979 κόσμον·
1588 2908 1684 2962 καὶ
1714 2907 1848 2962 αὐτὸ

262 3004 412 3072 τρεῖς
458 3001 650 3072 ἑτέρας
709 3002 965 3071 δυνάμεις
1003 3001 1264 3073 φορέσαν,
1313 3001 1408 3054 καὶ
1447 2999 1707 3054 κατελθὸν
1750 3000 1848 3054 ἀν·-

264 3095 465 3164 ήνεγκε
489 3094 613 3157 τοὺς
640 3095 924 3164 ἄρχοντας,
947 3093 1041 3146 καὶ
1068 3094 1402 3166 ἐστερέωσεν
1429 3095 1486 3146 ἐν
1509 3092 1588 3163 τῷ
1615 3091 1847 3164 στερεώ-
1875 3117 1919 3176 C

267 3201 420 3252 ματι,
449 3183 478 3235 ὃ
497 3183 643 3235 ἐστιν
671 3181 850 3238 αὑτῶν
874 3185 908 3254 ή
936 3187 1166 3255 σφαῖρα·
1198 3183 1374 3237 καὶτὸ
1399 3183 1498 3254 μὲν
1526 3185 1842 3257 ἀνήνεγκεν.

263 3273 402 3328 Οὔτε
433 3276 544 3326 νοεῖ
569 3276 598 3327 ό
639 3273 918 3346 κτηνώδης
945 3275 1064 3338 πῶς
1104 3273 1282 3346 ἑαυτῷ
1330 3275 1708 3346 ἀντιμάχεται,
1753 3277 1846 3330 καὶ

261 3366 330 3419 τὰ
360 3366 492 3434 παρ’
521 3365 669 3436 αὑτῷ
694 3365 954 3419 ἐπαινετά
979 3365 1148 3434 λέγει,
1180 3366 1276 3420 καὶ
1301 3366 1368 3420 τὰ
1396 3364 1730 3436 ψογιζόμενα
1764 3368 1845 3431 είς

260 3461 484 3513 ἑπαινον
509 3458 662 3530 φέρει
697 3460 854 3530 δίκην
894 3460 1181 3530 μεθύοντος
1218 3461 1312 3514 καὶ
1364 3459 1840 3532 παραφερομένου,

263 3553 358 3604 καὶ
388 3551 552 3621 ἔτερα
584 3550 700 3604 ἀνθ’
728 3551 918 3622 ἑτέρου
952 3553 972 3583 ³
1013 3551 1470 3623 παραλαλοῦντος.
1511 3552 1713 3606 Φάσκει
1736 3551 1844 3624 γὰρ

258 3644 387 3706 τοὺς
411 3644 675 3714 ἄρχοντας
704 3644 854 3697 κάτω
887 3644 1231 3715 ὑπάρχοντας
1257 3646 1316 3698 ὲν
1354 3644 1433 3716 τῷ
1469 3646 1648 3699 σκότει
1675 3661 1844 3716 πονη-

262 3737 364 3806 ρᾶς
391 3731 531 3788 εἶναι
555 3735 923 3801 ὑποστάσεως,
953 3736 1046 3790 καὶ
1088 3735 1294 3808 φθορᾶς
1326 3737 1387 3791 τὸ
1414 3738 1633 3810 χωρίον.
1662 3738 1772 3791 Kal
1793 3738 1843 3789 εἰ

259 3828 325 3879 ὲκ
353 3827 558 3898 ταύτης
598 3831 697 3900 τῆς
744 3829 972 3902 φθορᾶς,
1004 3831 1100 3884 καὶ
1143 3831 1193 3882 εί
1247 3831 1312 3884 ὲκ
1357 3831 1452 3884 τοῦ
1504 3831 1703 3906 μέρους
1744 3828 1840 3883 τοῦ

261 3917 486 3981 σκότους
513 3918 573 3972 τὸ
600 3917 815 3990 πνεῦμα
837 3919 1164 3992 βιασάμενον
1189 3921 1314 3984 τοὺς
1334 3919 1602 3992 ἄρχοντας
1627 3923 1708 3984 είς
1730 3920 1843 3975 άνω

258 4010 583 4079 ἀνήνεγκεν,
637 4011 728 4062 ἐπὶ
775 4011 1016 4082 τιμωρίᾳ
1067 4011 1286 4083 μᾶλλον,
1347 4013 1567 4082 φαύλων
1622 4012 1680 4065 δὲ
1730 4030 1840 4083 χω-

261 4099 395 4171 ρίων
431 4101 541 4170 (54)
587 4101 686 4172 τὴν
738 4101 1065 4171 μετάστασιν
1117 4102 1440 4174 ποιούμενον
1473 4102 1565 4156 ἐπὶ
1601 4102 1840 4174 τιμωρίᾳ

261 4191 600 4260 μετέσπασεν
624 4195 704 4256 είς
735 4192 805 4247 τά
827 4193 961 4260 ἀνω,
997 4193 1182 4248 οὐκέτι
1203 4193 1356 4248 ἔσται
1387 4193 1457 4247 τὰ
1494 4195 1607 4247 ἀνω
1635 4193 1838 4262 ἀγαθά,

258 4283 354 4336 καὶ
385 4283 734 4348 ὑποστάσεως
759 4285 1016 4356 ζωτικῆς,
1052 4283 1188 4339 ἀλλά
1221 4285 1420 4355 μᾶλλον
1449 4283 1701 4338 θανάτου.
1728 4284 1842 4338 Καὶ

254 4373 326 4426 τὰ
355 4376 505 4428 κάτω
529 4375 711 4429 οὐκέτι
738 4377 997 4448 τιμωρία,
1034 4375 1170 4430 ἀλλὰ
1200 4375 1414 4445 ἀγαθῆς
1440 4391 1584 4439 τινος
1628 4375 1839 4439 οὐσίας,

2025 2634 2260 2691 XLVIII.
2303 2636 2434 2692 Post
2467 2638 2581 2693 lizec
2611 2653 2784 2694 novas
2809 2641 3076 2710 quasdam
3115 2649 3424 2699 structuras
3472 2659 3538 2700 ac

1953 2727 2271 2783 molitiones
2331 2728 2650 2799 designans,
2704 2731 2864 2801 661
2919 2733 3076 2801 quasi
3141 2733 3254 2787 illic
3304 2733 3538 2802 fuisset;

1952 2833 2184 2890 triumque
2209 2820 2461 2890 nuspiam
2508 2829 2635 2876 sunt
2663 2822 2769 2876 sibi
2818 2823 2921 2893 ipsi
2971 2823 3316 2896 conﬁngens.
3351 2825 3537 2881 vivum

1952 2910 2106 2964 illum
2137 2911 2390 2979 spiritum
2410 2911 2486 2965 ait
2511 2912 2827 2968 condidisse
2857 2913 3143 2980 mundum,
3172 2931 3237 2970 ac
3261 2924 3374 2972 tres
3399 2918 3538 2972 alias

1955 3001 2187 3055 virtutes
2265 3000 2565 3065 ferentem,
2641 3001 3173 3075 descendentcmque
3253 3007 3537 3077 principes

1953 3091 2250 3157 eduxisse,
2301 3100 2466 3162 atque
2497 3092 2552 3147 in
2605 3093 2950 3150 firmamento
2980 3097 3292 3162 stabilisse,
3329 3099 3422 3168 qui
3461 3101 3534 3152 sit

1951 3181 2198 3252 ipsorum
2227 3183 2457 3254 globus;
2489 3191 2654 3254 atque
2685 3184 2790 3240 hoc
2812 3197 2974 3256 pacto
3002 3201 3224 3242 sursum
3257 3189 3528 3244 evexisse.

1946 3271 2005 3327 In
2035 3289 2144 3344 quo
2171 3275 2630 3344 quemadmodum
2660 3291 2850 3331 secum
2883 3286 3084 3347 pugnet
3107 3293 3276 3348 pecus
3303 3279 3393 3334 illa
3420 3295 3532 3334 non

1946 3363 2124 3430 videt;
2187 3380 2313 3419 cum
2359 3373 2469 3419 tam
2510 3381 2573 3421 ea
2625 3382 2748 3436 qua:
2803 3368 3099 3422 laudabilia
3157 3369 3348 3425 statuit
3379 3370 3530 3438 ipse,

1945 3469 2110 3521 quam
2145 3470 2266 3524 quae
2295 3455 2654 3525 vituperanda
2685 3464 2896 3520 censet,
2925 3458 2992 3511 ad
3017 3458 3232 3514 laudem
3257 3461 3528 3524 conferat,

1945 3547 2096 3602 velut
2132 3547 2344 3613 ebrius,
2383 3554 2476 3602 aut
2506 3557 2684 3602 mente
2713 3554 2924 3617 captus,
2957 3547 3160 3618 quique
3195 3548 3248 3602 in
3274 3563 3531 3604 sermone

1946 3637 2246 3695 identidem
2277 3639 2668 3695 hallucinetur.
2705 3638 2919 3693 Etenim
2946 3639 3225 3710 principes
3258 3640 3400 3704 illos,
3433 3644 3526 3710 qui

1943 3734 2001 3790 in
2037 3732 2226 3788 infima
2252 3733 2474 3804 regione
2505 3732 2858 3802 tenebrisque
2889 3740 3202 3798 versantur,
3234 3733 3378 3787 mala
3407 3749 3529 3788 esse

1942 3824 2256 3882 substantia
2289 3823 2551 3894 praeditos
2577 3824 2771 3888 docet,
2802 3837 2866 3877 ac
2898 3823 3077 3878 locum
3113 3823 3291 3892 ipsum
3331 3837 3528 3877 corru-

1943 3918 2150 3990 ptionis
2175 3932 2298 3974 esse
2325 3917 2629 3988 proprium.
2660 3915 2825 3987 Atqui
2854 3915 2899 3972 si
2938 3931 3004 3972 ex
3038 3916 3140 3970 hac
3180 3917 3296 3987 ipsa
3334 3931 3530 3971 corru-

1943 4011 2130 4082 ptela,
2170 4011 2632 4080 tenebrarumque
2688 4010 2930 4081 regione,
2986 4009 3219 4080 spiritus
3278 4022 3376 4078 per
3416 4010 3524 4062 vim

1942 4102 2224 4172 principes
2254 4101 2378 4157 illos
2409 4117 2631 4158 sursum
2659 4100 2879 4162 extulit,
2911 4114 3088 4170 poena;
3123 4099 3177 4154 id
3212 4097 3526 4169 inﬂigendaa

1941 4204 2112 4246 causa
2150 4189 2348 4247 fecisse
2393 4191 2578 4261 potius
2624 4189 2864 4253 videtur,
2896 4196 2956 4243 ut
2986 4190 3110 4242 illos
3133 4195 3138 4199 ‘
3162 4187 3326 4242 malis
3361 4187 3430 4241 iis
3456 4202 3524 4241 ex

1942 4283 2170 4340 sedibus
2199 4290 2480 4338 extractos
2532 4283 2588 4338 in
2637 4282 2924 4352 superiora
2963 4280 3309 4336 transferret.
3343 4277 3522 4343 Quare

1941 4377 2085 4433 bona
2117 4391 2242 4433 esse
2283 4378 2568 4447 superiora
2615 4377 2732 4431 haec
2764 4376 2882 4445 ipsa
2914 4374 3196 4436 desinent,
3227 4372 3524 4438 vitalisque

256 4465 318 4532 ἐξ
353 4460 415 4519 οῦ
435 4466 599 4520 τόπου
636 4466 893 4538 βουληθὲν
919 4467 979 4521 rb
1009 4467 1226 4538 πνεῦμα
1256 4466 1338 4530 εἰς
1367 4466 1638 4537 τιμωρίαν
1671 4483 1835 4536 μετα-

1951 4468 2284 4534 substantiae,
2319 4468 2418 4524 sed
2454 4467 2716 4538 deinceps
2746 4467 2909 4521 morti
2941 4465 3231 4521 tribuenda
3255 4504 3271 4530 ,
3307 4479 3372 4520 ac
3403 4460 3525 4518 vice

256 4557 446 4611 δαλεῖν
471 4560 596 4622 τοὺς
620 4558 886 4630 ἄρχοντας
917 4559 1026 4613 ἀπὸ
1045 4557 1154 4612 τῶν
1179 4559 1349 4629 ἡδέων
1375 4558 1470 4613 καὶ
1499 4559 1835 4628 ἀναγκαίων,

254 4650 350 4702 ἐπὶ
383 4649 475 4702 τὸν
498 4649 736 4720 τιμωρὸν
764 4649 930 4703 τόπον
968 4653 1297 4722 μετήγαγεν,
1339 4649 1404 4703 ἵν’
1437 4649 1612 4712 οὕτως
1639 4649 1839 4712 αὐτοὺς

252 4741 646 4810 τιμωρήσοιτο.
678 4741 788 4794 Kal
819 4739 1013 4805 ἄλλως,
1052 4742 1105 4813 ει
1142 4741 1206 4794 τὸ
1245 4740 1462 4811 πνεῦμα
1505 4738 1596 4792 τὸν
1633 4739 1839 4809 κόσμον

253 4832 544 4902 πεποίηκε,
585 4831 701 4896 πῶς
724 4833 886 4887 πάλιν
910 4832 1090 4902 λέγεις
1115 4831 1207 4886 τὸν
1231 4832 1434 4902 κόσμον
1463 4832 1536 4903 μὴ
1565 4831 1670 4885 ὑπὸ
1695 4831 1832 4885 Θεοῦ

251 4922 612 4994 γεγενῆσθαι;
644 4923 753 4977 Kal
781 4925 829 4977 εί
853 4924 959 4978 τῶν
988 4923 1265 4996 ἀρχόντων
1295 4924 1554 4994 τυγχάνει
1588 4923 1750 4994 σῶμα
1771 4922 1834 4977 rb

254 5013 561 5083 στερέωμα,
594 5015 653 5067 ἐν
679 5015 818 5086 ποίῳ
856 5005 966 5086 ἄρα
996 5014 1217 5087 σταυρῷ
1246 5013 1555 5086 προσέτπιξε
1581 5015 1707 5079 τοὺς
1735 5015 1832 5086 ἀρ-

249 5123 446 5177 κοντας
464 5122 480 5171 ;
514 5106 649 5159 Ποτὲ
683 5107 782 5178 μὲν
806 5106 916 5178 γάρ
962 5105 1142 5174 λέγεις
1170 5106 1367 5170 αὐτοὺς
1397 5108 1456 5159 ὲν
1484 5106 1564 5176 τῷ
1597 5104 1832 5176 στερεώ-

253 5215 385 5268 ματι
411 5196 709 5268 πεπῆχθαι,
746 5197 876 5250 ποτὲ
905 5197 962 5251 δὲ
987 5196 1118 5250 αὐτὸ
1143 5196 1206 5250 rb
1234 5197 1521 5267 στερέωμα
1543 5195 1703 5266 σῶμα
1723 5195 1832 5250 τῶν

249 5289 429 5344 αὐτῶν
452 5289 627 5360 ὁρίζῃ.
662 5289 775 5344 Kal
797 5288 964 5360 πολλή
1004 5305 1097 5342 σου
1125 5290 1159 5360 ή
1196 5288 1571 5360 ἀσυναρτησία
1607 5289 1716 5342 τῶν
1743 5289 1832 5342 λό-

317 5449 332 5478 ¹
359 5447 490 5518 ch.
514 5447 622 5520 γὰρ
653 5449 854 5502 ἀπεστ.
928 5448 948 5477 ⁸
987 5445 1110 5501 Cor.
1144 5445 1368 5516 ἑτέρων.

311 5607 423 5677 (54)
464 5609 722 5662 Φαύλων
755 5604 825 5659 δὲ
885 5605 1132 5674 χωρίων.
1199 5605 1503 5676 Depravata
1557 5607 1660 5662 ista
1721 5610 1889 5670 sunt,

252 5702 312 5755 τὰ
340 5701 536 5773 χωρία.

1935 4576 2094 4618 versa
2125 4560 2386 4616 inferiora
2420 4575 2530 4616 non
2577 4560 2814 4629 amplius
2846 4559 3138 4629 supplicii,
3173 4558 3268 4614 sed
3307 4567 3523 4613 naturae

1937 4652 2225 4723 cujusdam
2251 4651 2494 4706 melioris
2521 4649 2896 4705 conditionem
2918 4649 3266 4716 obtinebunt,
3295 4663 3420 4702 cum
3449 4665 3515 4704 ex

1936 4759 2005 4802 eo
2034 4745 2156 4800 loco
2185 4743 2434 4814 spiritus,
2477 4757 2618 4813 quos
2645 4741 2711 4796 ad
2743 4756 2959 4813 poenam
2989 4741 3208 4796 trahere
3239 4741 3519 4812 principes

1937 4833 2122 4899 vellet,
2160 4832 2433 4895 indidem,
2472 4831 2619 4886 velut
2655 4845 2723 4886 ex
2764 4828 3025 4899 iucundis
3064 4845 3127 4884 ac
3159 4829 3520 4885 familiaribus

1939 4925 2185 4990 sedibus,
2229 4923 2337 4978 alio
2370 4931 2629 4992 tanquam
2661 4921 2729 4975 ad
2759 4921 3013 4991 supplicii
3047 4921 3225 4974 locum
3257 4921 3519 4991 puniendi

1938 5034 2106 5073 causa
2150 5017 2513 5072 transtulerit.
2547 5013 2752 5070 Deinde
2778 5015 2824 5068 si
2869 5013 3107 5069 mundus
3139 5028 3168 5067 a
3209 5014 3403 5084 spiritu
3435 5015 3518 5066 fa-

1938 5108 2184 5164 bricatus
2213 5114 2318 5170 est,
2349 5120 2582 5175 quanam
2618 5105 2830 5159 ratione
2859 5105 3122 5159 mundum
3152 5118 3319 5176 negas
3351 5117 3381 5156 a
3412 5102 3520 5156 Deo

1940 5201 2331 5271 procreatum?
2357 5198 2488 5254 Item
2515 5200 2558 5255 si
2603 5198 3008 5252 [irritamentum
3044 5196 3355 5267 principum
3394 5208 3520 5248 cor-

1942 5307 2044 5360 pus
2068 5301 2188 5356 est,
2228 5291 2317 5344 cui
2364 5289 2584 5344 tandem
2616 5288 2767 5346 cruci
2807 5288 3085 5359 principes
3120 5284 3329 5340 aﬂlxit?
3368 5283 3517 5350 Quos

1904 5581 2038 5660 ‘nisi
2085 5603 2226 5660 forte
2287 5605 2617 5677 μετάστασιν
2666 5601 2775 5658 τῶν
2830 5597 3044 5671 χωρίων
3090 5593 3230 5650 dixit
3284 5607 3384 5665 pro
3434 5594 3518 5650 εἷς
