4078 6418
544 322 653 381 105

1980 326 2038 381 S.
2082 326 2426 386 EPIPHANII

3718 340 3833 396 1οι

544 445 602 492 ιιι
626 452 1024 510 nonnunquam
1053 440 1107 495 in
1135 440 1478 497 ﬁrmamento
1508 443 1732 498 sullixos
1766 444 1949 503 doces.
1983 445 2120 500 Alias

2233 464 2367 515 γων,
2396 449 2519 519 ἥτις
2569 450 2823 521 οὐδεμίαν
2877 450 3198 506 ἀκολουθίαν
3248 452 3384 524 πρὸς
3427 454 3529 525 τὴν
3563 454 3837 527 ἀλήθειαν

545 529 950 585 ﬁrmamentum
980 533 1157 601 ipsum
1188 535 1509 589 eorumdcm
1557 551 1759 605 corpus
1787 551 1909 592 esse
1939 536 2130 591 defen-

545 618 655 675 dis.
686 618 763 673 Ex
807 622 1009 691 quibus
1054 632 1280 694 apparet
1326 641 1599 681 summam
1637 629 1689 682 in
1742 630 1993 685 oratione
2031 636 2126 684 tua

2234 540 2369 609 ἔχει.
2408 541 2496 603 Ὠς
2522 544 2581 595 ἐν
2614 544 2782 597 πᾶσιν
2812 545 2944 615 ἡμῖν
2972 545 3299 617 ἐπεφοίτησε
3333 547 3349 577 ⁸
3377 546 3665 617 πολέμιος,
3691 551 3836 619 μᾶλ-

2234 627 2326 682 λον
2357 629 2415 683 δὲ
2443 630 2621 701 ἑαυτῷ
2644 632 2739 685 καὶ
2764 635 2878 697 τοῖς
2904 650 2999 688 σου
3029 635 3129 707 τὴν
3163 635 3390 707 γνώμην
3412 635 3753 707 δεχομένοις.

544 712 966 769 inconstantiam
1033 716 1251 785 inesse,
1315 735 1496 791 neque
1561 722 1863 793 quid-quam
1925 738 2051 778 cum
2096 723 2327 779 veritate
2375 736 2805 783 consentaneum
2870 744 2935 785 ac
2986 746 3333 801 consequens
3378 732 3598 787 habere.
3641 730 3835 798 Quare

542 819 652 860 non
679 816 790 862 tam
835 809 996 866 nobis
1041 811 1218 869 hostis
1264 813 1318 867 in
1363 815 1658 882 omnibus,
1719 832 1885 887 quam
1933 818 2031 873 tibi
2096 817 2203 889 ipsi
2242 818 2625 893 dogmattsque
2678 823 2758 877 tui
2820 825 3192 881 sectatoribus
3256 826 3515 882 inimicus
3562 828 3833 897 ingruere

542 896 768 953 videris.

615 984 806 1045 XLIX.
848 989 956 1046 Sed
989 992 1121 1048 illud
1168 1005 1429 1065 praeterea
1458 996 1748 1068 proﬁtetur
1783 1017 1797 1053 :
1831 997 2127 1068 Postquam

544 1078 640 1133 illo
669 1080 727 1134 in
777 1081 940 1152 globo
973 1085 1249 1157 principes
1299 1088 1356 1143 in
1391 1102 1614 1144 crucem
1646 1091 1905 1156 sustulit,
1945 1090 2128 1147 sidera

545 1168 910 1237 produxisse,
939 1188 1064 1242 qua:
1102 1182 1234 1230 sunt
1276 1177 1471 1233 anima:
1515 1178 1780 1249 reliquiae.
1827 1179 1946 1236 Non
1979 1181 2127 1236 enim

546 1259 790 1314 animam
820 1277 945 1318 esse
974 1263 1132 1330 dixit,
1162 1266 1257 1323 sed
1286 1268 1408 1338 ejus
1436 1272 1819 1326 tantummodo
1848 1272 2126 1341 reliquias.

547 1346 593 1403 0
617 1365 815 1406 vanum
837 1353 1246 1427 absurdumque
1273 1359 1553 1416 decretum
1586 1364 1599 1416 ι
1631 1378 1665 1418 o
1691 1361 1859 1417 falsos
1880 1361 2128 1417 minime—

546 1457 653 1511 que
690 1454 1090 1504 consentaneas
1121 1454 1439 1508 sermones!
1472 1452 1609 1508 Nam
1658 1453 1903 1525 reliquiae
1938 1468 2129 1508 omnes

544 1535 718 1591 totius
752 1546 936 1606 partes
978 1540 1176 1610 aliqua:
1222 1553 1390 1609 sunt,
1441 1545 1750 1614 iisdemque
1796 1544 1973 1615 majus
2008 1559 2131 1600 esse

545 1636 720 1683 totum
754 1646 979 1686 necesse
1009 1640 1113 1689 est.
1151 1635 1425 1700 Quocirca
1448 1637 1497 1691 si
1519 1637 1769 1707 reliquiae
1797 1636 1978 1691 sidera
2010 1636 2128 1705 ipsa

2305 994 2441 1051 MS’.
2478 993 2615 1053 Εἶτα
2663 998 2823 1053 πάλιν
2871 1000 3070 1070 φάσκει
3100 1002 3131 1054 6
3174 1001 3358 1069 αὐτὸς,
3407 1004 3511 1069 ὅτι,
3566 1004 3709 1075 μετά
3757 1006 3830 1059 τὺ

2233 1081 2641 1156 ὲσταυρωκέναι
2671 1088 2799 1150 τοὺς
2838 1089 3106 1160 άρχοντας
3146 1091 3205 1144 ὲν
3241 1093 3309 1161 τῇ
3360 1091 3588 1163 σφαίρᾳ,
3632 1092 3833 1148 ἔκτισε

2231 1177 2361 1240 τοὺς
2388 1179 2699 1250 φωστῆρας,
2729 1179 2767 1233 ἃ.
2802 1181 2920 1233 ἐστι
2958 1181 3059 1252 τῆς
3094 1181 3274 1253 ψυχῆς
3301 1182 3366 1236 τὸ
3401 1183 3676 1255 λείψανον.
3706 1187 3834 1239 Καὶ

2233 1265 2296 1319 οὐ
2326 1265 2474 1333 λέγει
2487 1267 2587 1337 τὴν
2612 1267 2813 1339 ψυχὴν,
2834 1267 2972 1322 ἀλλὰ
2991 1270 3094 1341 τῆς
3114 1269 3295 1342 ψυχῆς
3317 1271 3566 1342 λείψανα.
3597 1276 3661 1328 Ὦ
3691 1277 3835 1329 ἀσυ-

2235 1358 2431 1411 στάτου
2457 1357 2748 1427 δόγματος,
2782 1360 2877 1414 καὶ
2918 1360 3091 1429 λόγων
3122 1361 3330 1430 ψευδῶν
3378 1365 3473 1418 καὶ
3505 1365 3831 1437 ἀσυναρτή-

2231 1452 2375 1504 τωνί
2411 1451 2528 1504 Πᾶν
2561 1451 2671 1521 γὰρ
2706 1452 2769 1505 τὸ
2797 1452 3046 1523 λείψανον
3077 1454 3242 1527 μέρος
3276 1456 3531 1526 τυγχάνει
3556 1457 3650 1510 τοῦ
3680 1456 3835 1529 πλη-

2237 1541 2507 1613 ρώματος.
2534 1542 2609 1596 Τὸ
2638 1543 2698 1597 δὲ
2734 1543 3009 1616 πλήρωμα
3045 1548 3233 1617 μεῖζον
3271 1549 3531 1620 τυγχάνει
3568 1550 3663 1603 τοῦ
3704 1550 3833 1602 λειο

2231 1631 2425 1701 ψάνου.
2469 1634 2535 1687 Εἰ
2593 1634 2774 1689 τοίνυν
2822 1636 2893 1690 τά
2946 1636 3361 1706 λείψανάνείσιν
3398 1641 3448 1694 oi
3505 1642 3832 1714 φωστῆρες,

544 1728 697 1785 sunt,
729 1720 891 1774 velim
915 1723 1075 1777 nobis
1106 1724 1287 1793 majus
1316 1727 1520 1805 aliquid
1558 1727 1837 1783 sideribus
1878 1727 2013 1796 ipsis
2039 1742 2120 1782 os-

2230 1724 2460 1790 δειξάτω
2492 1727 2625 1796 ἡμῖν
2655 1727 2967 1799 μειξότερον
2994 1728 3103 1783 τῶν
3145 1731 3470 1801 φωστήρων,
3501 1733 3586 1786 ἴνα
3615 1735 3835 1805 ἴδωμεν

544 1807 756 1873 tendat,
781 1818 844 1863 ut
865 1811 1105 1867 animam
1128 1803 1429 1871 videamus.
1447 1817 1610 1888 662
1629 1818 1726 1872 Sin
1752 1826 1926 1872 totum
1952 1819 2129 1889 ipsum

545 1898 867 1956 devoratum
905 1910 991 1957 est
1033 1911 1088 1959 et
1131 1918 1557 1979 consumptum,
1622 1911 1855 1984 ejusque
1889 1912 2131 1981 reliquiae

545 1990 730 2045 sidera
756 1992 872 2062 ipsa
903 2003 1058 2059 sunt,
1097 2013 1222 2051 cum
1251 1998 1365 2054 lucc
1397 2001 1550 2055 cruci
1582 2000 1761 2056 ailixis
1791 2003 2129 2074 principibus

543 2079 805 2136 inferiora
839 2084 972 2150 sint,
1008 2087 1227 2142 tandem
1258 2098 1313 2144 et
1345 2091 1463 2159 ipsa
1517 2090 1969 2148 devorabuntur:
2003 2108 2127 2147 eum

542 2173 844 2243 principes,
874 2185 935 2230 ut
957 2177 1095 2244 dixi,
1129 2166 1446 2250 superiores
1461 2181 1624 2236 sedes
1645 2183 1945 2239 obtineant.
1971 2183 2126 2249 Quod

542 2265 589 2318 si
623 2280 722 2334 pro
750 2282 817 2322 eo
843 2268 986 2337 quod
1013 2269 1191 2324 suillxi
1220 2282 1371 2338 sunt,
1406 2291 1506 2330 nec
1528 2277 1789 2341 animam,
1816 2291 1918 2330 nec
1947 2276 2129 2332 sidera

540 2356 778 2411 retinere
822 2368 1090 2427 possunt,
1126 2363 1238 2416 ruit
1273 2365 1454 2422 omnis
1486 2366 1579 2420 illa
1615 2376 1745 2433 tua,
1789 2366 2124 2431 Manichree,

542 2445 724 2500 inanis
753 2462 819 2502 ac
853 2451 1091 2506 conﬁcta
1130 2453 1400 2510 narratio.

614 2534 799 2607 Pergit
830 2539 973 2594 idem
1002 2549 1168 2612 atque
1199 2543 1273 2597 ita
1310 2544 1537 2601 disserit
1565 2566 1577 2602 :
1614 2546 2005 2618 Posteaquam,
2038 2548 2124 2602 in-

542 2628 697 2697 quit,
726 2628 975 2699 Bajulum
1008 2633 1348 2702 increpavit,
1396 2641 1628 2694 materia
1673 2656 1895 2711 quoque
1923 2643 2126 2711 stirpes

542 2717 647 2773 sibi
678 2720 962 2778 universas
987 2723 1271 2794 produxit.
1298 2726 1448 2793 Quas
1471 2745 1598 2784 cum
1627 2732 1918 2802 depra‘dati
1939 2741 2127 2789 essent

545 2809 843 2880 principes,
875 2819 990 2868 tum
1035 2831 1266 2886 magnus
1304 2820 1561 2891 princeps
1588 2832 1814 2878 caeteros
1839 2839 2030 2881 omnes
2063 2841 2127 2880 ac

544 2900 837 2969 primarios
866 2919 1206 2973 convocans,
1231 2909 1436 2964 viritim
1467 2912 1713 2982 singulas
1747 2913 1816 2969 ab
1847 2914 1915 2967 iis
1946 2914 2124 2969 virtu-

546 3003 627 3047 tes
656 2995 901 3065 accepit;
925 2995 1127 3052 dehinc
1146 2998 1424 3057 hominem
1459 3001 1527 3055 ad
1551 3004 1753 3072 prioris
1774 3004 1922 3060 illius
1943 3021 2124 3060 exem-

544 3084 664 3153 plar
689 3085 930 3153 ellinxit,
974 3089 1137 3159 eique
1161 3091 1388 3163 illigavit
1413 3093 1653 3148 animam
1681 3112 1697 3163 ;
1729 3106 1891 3166 atque
1931 3112 1994 3152 ea
2021 3097 2119 3152 de-

544 3190 693 3227 mum
741 3184 825 3230 est
879 3180 1282 3237 commistionis
1339 3191 1654 3252 mutuasque
1709 3186 2118 3256 temperationis

543 3267 701 3321 ratio.
737 3265 935 3323 Verum
976 3285 1101 3324 cum
1135 3272 1290 3327 vivus
1306 3270 1472 3329 Pater
1499 3274 1751 3332 afﬂictam
1797 3279 1851 3334 in
1885 3293 2119 3351 corpore

540 3356 749 3412 videret
780 3360 1043 3425 animant,
1074 3377 1171 3430 pro
1202 3364 1538 3424 humanitate
1570 3370 1970 3444 clementiaque
1994 3389 2115 3441 sua,

543 3446 703 3501 unice
731 3447 988 3503 dilectum
1017 3465 1046 3503 a
1085 3468 1144 3506 se
1181 3451 1377 3508 Filium
1406 3460 1473 3511 ad
1518 3458 1666 3513 illius
1701 3465 1930 3518 salutem
1954 3465 2119 3520 dimi-

541 3539 633 3592 sit.
658 3536 741 3593 Ob
765 3539 904 3594 hanc
924 3542 1071 3596 enim
1097 3559 1344 3609 causam,
1368 3554 1483 3601 tum
1505 3547 1676 3619 Bajuli
1697 3554 1867 3621 gratia
1884 3553 2116 3608 missum

546 3625 699 3680 illum
731 3627 1032 3685 existimat.
1062 3629 1233 3685 Porro
1265 3632 1437 3690 Filius
1465 3652 1588 3691 mox
1625 3648 1684 3692 ut
1716 3640 1956 3704 advenit,
1997 3655 2119 3697 sese

540 3716 598 3769 in
632 3717 872 3774 hominis
907 3721 1147 3790 speciem
1176 3724 1515 3795 ﬁguramque
1555 3732 1858 3797 convertit;
1895 3734 2030 3787 adeo
2060 3740 2120 3786 ut

546 3806 859 3863 hominibus
885 3809 1126 3866 hominis
1158 3814 1334 3869 instar
1354 3826 1663 3885 appareret,
1688 3830 1744 3875 et
1765 3836 1890 3877 eum
1913 3822 1991 3877 illi
2015 3839 2115 3878 na-

540 3907 653 3950 tutn
677 3912 799 3953 esse
817 3900 922 3954 sibi
943 3903 1359 3970 persuaderent.
1389 3906 1493 3973 Qui
1529 3924 1652 3963 cum
1683 3913 2028 3979 accessisset,
2063 3922 2118 3969 et

539 3985 606 4039 ad
644 3985 921 4042 hominum
943 3990 1175 4045 salutem
1205 3996 1635 4063 recuperandam
1664 4014 1826 4053 suum
1850 4016 1988 4070 opus
2019 4003 2116 4057 de-

538 4079 828 4147 signasset,
870 4081 1180 4136 machinam
1228 4086 1520 4155 quamdam
1567 4092 1875 4158 exstruxit;
1913 4095 1965 4147 in
2007 4109 2115 4164 qua

537 4170 656 4223 cadi
709 4171 923 4227 inerant
971 4174 1296 4241 duodecim;
1352 4193 1474 4248 qua:
1511 4179 1659 4249 globi
1704 4183 1968 4254 vertigine
2011 4185 2119 4239 eir-

538 4262 852 4316 cumvoluta
901 4273 1245 4320 mortuorum
1293 4267 1348 4321 in
1394 4268 1629 4325 sublime
1661 4271 1874 4328 animas
1914 4273 2113 4337 evellit,

2228 1814 2331 1886 τὴν
2359 1815 2557 1887 ψυχήν.
2584 1819 2648 1871 Et
2687 1819 2746 1872 δὲ
2786 1818 2847 1872 τὸ
2880 1820 2978 1889 μὲν
3003 1820 3277 1892 πλήρωμα
3311 1822 3581 1894 βέϐρωται
3605 1827 3702 1879 καὶ
3725 1828 3838 1879 ἀν-

2232 1906 2458 1977 άλωται,
2479 1908 2730 1978 λείψανον
2758 1908 2816 1963 δὲ
2843 1910 2892 1963 oi
2915 1911 3222 1982 φωστῆρες,
3244 1912 3352 1984 ἄρα
3371 1913 3466 1968 καὶ
3496 1916 3651 1968 αὐτοὶ
3678 1916 3833 1970 ὑπο-

2229 1998 2384 2052 κάτω
2406 1998 2516 2053 τῶν
2541 2000 2974 2075 ὲσταυρωμὲνων
3009 2003 3290 2074 ἀρχόντων
3317 2006 3468 2071 ὄντες
3499 2006 3832 2080 βρωθήσον-

2227 2105 2340 2153 ται,
2370 2088 2480 2143 τῶν
2514 2090 2794 2161 ἀρχόντων
2836 2092 2934 2164 τὴν
2980 2093 3289 2165 ὲπανότητα
3337 2098 3707 2168 κεκτημένων.
3751 2101 3835 2154 El

2228 2177 2307 2244 δὲ,
2341 2178 2431 2232 διὰ
2469 2179 2531 2233 τὺ
2559 2181 2957 2252 ἐσταυρῶσθαι,
2995 2183 3191 2254 μηκέτι
3227 2185 3486 2241 δύνασθαι
3518 2190 3539 2220 ³
3573 2191 3632 2242 ὲν
3678 2191 3835 2243 καθα

2231 2268 2346 2335 ἐξει
2379 2274 2480 2341 τῆς
2503 2272 2683 2343 ψυχῆς
2719 2273 2817 2328 καὶ
2841 2273 2949 2329 τῶν
2987 2277 3289 2347 φωστήρων
3322 2275 3479 2348 εἶναι,
3506 2281 3761 2336 διέπεσεν
3794 2286 3831 2337 6

2231 2361 2327 2415 σοῦ
2364 2361 2613 2435 ληρώδης
2644 2363 2821 2434 λόγος,
2855 2359 2902 2420 ὦ
2935 2368 3226 2440 Μανιχαῖε.

2300 2537 2436 2596 Εἶτα
2462 2544 2625 2599 πάλιν
2652 2545 2681 2599 6
2706 2544 2871 2612 αὐτὸς
2912 2546 3197 2614 διδάσκων,
3229 2551 3332 2613 δτι,
3377 2551 3515 2622 μετά
3536 2551 3598 2605 τὸ
3623 2553 3824 2606 ἐπιτι-

2231 2633 2403 2705 μῆσαι
2433 2633 2513 2704 τῷ
2553 2635 2855 2708 Ὠμοφόρῳ,
2880 2637 3080 2700 ἔκτισε,
3114 2639 3303 2708 φησὶν,
3330 2640 3496 2710 ἑαυτῇ
3519 2641 3612 2694 xal
3640 2642 3674 2711 ἡ
3708 2641 3825 2714 ὕλη

2229 2727 2412 2781 πάντα
2440 2725 2510 2780 τά
2532 2726 2679 2796 φυτά
2703 2744 2716 2758 ·
2748 2729 2844 2781 καὶ
2869 2729 3195 2800 συλωμένων
3218 2730 3333 2784 τῶν
3357 2731 3538 2785 αὐτῶν
3563 2732 3668 2786 ὑπὸ
3699 2735 3824 2788 τῶν

2225 2815 2526 2886 ἀρχόντων,
2558 2815 2815 2871 ἐκάλεσεν
2839 2818 2867 2870 6
2902 2816 3075 2888 μέγας
3107 2818 3290 2889 ἄρχων
3317 2819 3525 2884 πάντας
3552 2822 3681 2885 τοὺς
3710 2824 3824 2894 ἆρ-

2227 2923 2422 2977 χοντας
2454 2906 2553 2961 καὶ
2579 2908 2942 2978 πρωτίστους,
2976 2908 3071 2962 καὶ⁵
3115 2909 3308 2965 ἐλαϐεν
3349 2912 3446 2966 ἀπ’
3484 2911 3660 2967 αὐτῶν
3706 2915 3825 2970 άνά

2230 2997 2362 3066 μίαν
2385 2996 2617 3068 δύναμιν
2635 3014 2649 3028 ο
2685 2998 2780 3052 καὶ
2802 2999 3203 3056 κατεσκεύασεν
3229 3002 3515 3076 ἄνθρωπον
3546 3007 3687 3062 κατὰ
3707 3008 3823 3080 τὴν

2231 3087 2374 3141 ἰδέαν
2402 3087 2497 3142 τοῦ
2530 3088 2748 3159 πρώτου
2776 3090 3063 3161 ἀνθρώπου
3104 3093 3341 3157 ἐκείνου,
3374 3097 3471 3150 καὶ
3506 3096 3817 3168 ἐδέσμευσε

2224 3180 2324 3251 τὴν
2350 3178 2530 3252 ψυχὴν
2574 3182 2634 3235 ὲν
2671 3180 2843 3251 αὐτῷ.
2877 3182 3026 3254 Αὕτη
3059 3185 3209 3239 ἐστὶν
3249 3187 3284 3257 ἡ
3319 3186 3422 3258 τῆς
3453 3189 3820 3261 συγκράσεως

2226 3270 2507 3338 ὑπόθεσις.
2538 3273 2662 3328 Ὅτι
2687 3273 2745 3328 δὲ
2772 3269 2902 3343 εἶδε,
2931 3279 3118 3348 φησιν,
3151 3279 3180 3332 6
3208 3279 3396 3354 Πατὴρ
3428 3282 3457 3335 6
3492 3279 3599 3346 ζῶν
3628 3281 3819 3338 01:60-

2228 3363 2400 3439 μένην
2435 3365 2534 3435 τὴν
2561 3363 2740 3436 ψυχὴν
2767 3367 2826 3421 ἐν
2848 3366 2925 3437 τῷ
2952 3366 3187 3439 σώματι,
3214 3369 3585 3443 εὔσπλαγχνος
3603 3370 3679 3426 ὣν
3712 3377 3816 3428 καὶ

2225 3454 2492 3526 ἐλεήμων,
2516 3456 2729 3528 ἔπεμψε
2760 3457 2851 3511 τὸν
2877 3458 3004 3513 Υίὸν
3031 3460 3196 3515 αὑτοῦ
3228 3462 3322 3516 τὸν
3348 3464 3702 3534 ἠγαπημένον
3726 3468 3817 3529 εἰς

2225 3547 2500 3618 σωτηρίαν
2525 3548 2627 3618 τῆς
2652 3549 2852 3619 ψυχῆς.
2881 3550 2981 3604 Διά
3005 3551 3114 3623 γὰρ
3142 3552 3350 3625 ταύτην
3379 3555 3479 3625 τὴν
3512 3555 3812 3627 πρόφασιν,

2224 3638 2321 3691 καὶ
2352 3639 2453 3710 τὴν
2500 3639 2594 3692 τοῦ
2647 3641 2946 3713 Ὠμοφόρου
2996 3643 3332 3699 ἀπεστάλθαι
3381 3646 3544 3700 αὐτὸν
3584 3647 3809 3716 φάσκει.

2224 3730 2338 3783 Καὶ
2365 3730 2535 3786 ἐλθὼν
2562 3734 2592 3786 6
2621 3733 2748 3796 Υἱὸς
2781 3736 3249 3805 μετεσχημάτισεν
3279 3738 3473 3793 ἑαυτὸν
3496 3741 3573 3803 είς
3596 3740 3813 3810 ἀνθρώ-

2225 3837 2327 3873 που
2366 3816 2527 3887 εἷδος,
2572 3824 2668 3875 καὶ
2707 3823 2957 3892 ἐφαίνετο
2995 3828 3105 3888 τοῖς
3146 3825 3451 3894 ἀνθρώποις
3483 3829 3558 3892 ὡς
3594 3828 3804 3900 ἄνθρω-

2223 3930 2345 3977 πος,
2376 3914 2472 3967 καὶ
2501 3916 2551 3968 οί
2591 3915 2871 3987 ἄνθρωποι
2915 3917 3184 3972 ὑπέλαϐον
3230 3920 3393 3974 αὐτὸν
3420 3922 3806 3994 γεγεννῆσθαι.

2237 4001 2437 4057 Ἐλθὼν
2463 4000 2579 4069 οὖν,
2617 4006 2710 4059 καὶ
2752 4008 2986 4077 ποιήσας
3019 4008 3117 4080 τὴν
3140 4009 3504 4082 δημιουργίαν
3535 4013 3671 4082 πρὸς
3704 4031 3813 4066 σω-

2222 4094 2420 4165 τηρίαν
2447 4094 2558 4147 τῶν
2597 4095 2925 4169 ἀνθρώπων,
2968 4102 3215 4170 μηχανὴν
3257 4104 3622 4175 συνεστήσατο
3653 4105 3812 4175 ἔχου-

2226 4203 2326 4240 σαν
2351 4186 2558 4242 δώδεκα
2602 4189 2817 4253 κάδους,
2847 4192 2992 4262 ἥτις,
3021 4194 3126 4246 ὑπὸ
3163 4196 3262 4266 τῆς
3300 4196 3536 4267 σφαίρας
3576 4215 3799 4269 στρεφο-

2228 4277 2387 4347 μένη,
2437 4280 2703 4350 ἀνιμᾶται
2748 4280 2858 4334 τῶν
2904 4282 3248 4354 θνησκόντων
3288 4286 3387 4350 τὰς
3446 4287 3643 4358 ψυχάς.
3694 4290 3809 4345 Καὶ

448 4406 452 4410 .
535 4368 676 4422 quas
709 4354 797 4408 ubi
826 4356 909 4410 sol
933 4358 1232 4427 exceperit,
1257 4369 1535 4431 repurgat,
1562 4371 1616 4416 et
1639 4363 1693 4417 in
1716 4364 1898 4419 lunam
1932 4377 2117 4419 trans-

2226 4369 2427 4433 ταύτας
2466 4370 2496 4422 6
2538 4370 2711 4440 μέγας
2746 4373 2973 4444 φωστὴρ
3004 4378 3126 4438 ταῖς
3171 4377 3353 4430 ἀκτῖσι
3396 4354 3592 4443 λαδῶν,
3632 4381 3807 4434 καθα-

537 4447 723 4500 mittit.
763 4445 837 4501 ita
875 4448 1039 4515 luna},
1070 4465 1231 4519 quctn
1261 4453 1624 4522 appellamus,
1660 4454 1812 4511 orbis
1834 4455 2111 4527 impletur.

605 4709 687 4773 L.,
718 4709 884 4769 Vides
924 4720 1130 4784 quanta
1164 4714 1238 4770 sit
1275 4714 1596 4786 impostoris
1636 4717 1849 4773 vanitas
1886 4720 2117 4776 oblivio-

537 4818 644 4873 que
671 4809 931 4875 tanquam
959 4822 1025 4860 ex
1049 4807 1314 4863 ebrietate
1346 4810 1663 4877 contracta?
1688 4808 1820 4877 Quae
1836 4810 1981 4865 enim
2018 4827 2116 4866 an-

537 4902 623 4946 tea
651 4893 808 4961 dixit,
842 4911 951 4950 non
1003 4899 1328 4953 recordatur
1371 4894 1632 4970 amplius,
1669 4909 1867 4971 etquae
1907 4902 2116 4957 dixisse

539 4983 773 5049 videtur,
801 4994 1100 5041 commutat
1138 5004 1203 5044 ac
1238 4991 1494 5054 destruit,
1535 5000 1591 5047 et
1627 5002 1840 5047 suamet
1872 4994 1988 5065 ipse
2019 4995 2116 5048 do-

538 5080 720 5141 gmata
741 5073 1029 5131 subvertit.
1053 5076 1189 5132 Nam
1220 5081 1357 5137 alias
1385 5083 1545 5137 aliter
1566 5081 1814 5149 disserit,
1848 5095 1905 5137 ut
1927 5086 2113 5154 priora

539 5159 937 5228 posterioribus
955 5173 1184 5234 evertat,
1222 5183 1287 5221 ac
1315 5186 1438 5240 quae
1466 5172 1626 5227 initio
1661 5182 1960 5239 everterat,
1991 5190 2114 5230 τω*-

537 5266 635 5306 sus
661 5250 964 5320 instauret;
1004 5263 1062 5306 ut
1090 5255 1221 5310 illud
1260 5264 1548 5330 perspicue
1585 5264 1846 5330 declaret,
1884 5282 1992 5320 non
2026 5268 2109 5322 sui

539 5356 598 5395 se
635 5350 943 5411 compOtem
993 5359 1137 5408 esse,
1183 5347 1278 5401 sed
1323 5351 1393 5403 ab
1432 5352 1647 5418 impuro
1687 5356 1880 5423 spiritu
1925 5371 2111 5412 corre-

541 5437 689 5497 ptum
737 5429 846 5483 alia
888 5445 988 5500 pro
1029 5433 1149 5487 aliis
1190 5434 1629 5503 phreneticorum
1678 5457 1831 5498 more
1878 5447 2106 5515 garrire.

538 5518 672 5577 Nam
714 5524 761 5579 si
794 5525 860 5579 de
901 5523 1136 5580 adventu
1170 5525 1382 5582 Domini
1417 5533 1588 5584 nostri
1616 5532 1744 5589 Jesu
1791 5539 1998 5595 Christi
2029 5541 2109 5594 Io-

587 5670 602 5701 ¹
639 5672 703 5731 Γ·
730 5675 1111 5749 Nescimus.
1185 5683 1205 5712 ¹
1238 5679 1299 5737 F.
1330 5680 1607 5737 δύνανται.
1686 5688 1705 5718 ³
1741 5686 1800 5743 F.
1842 5690 1953 5758 ἐφ’.

2226 4460 2385 4529 ρίζει,
2422 4463 2518 4515 καὶ
2567 4463 2890 4532 μεταδίδωσι
2937 4471 3003 4538 τῇ
3070 4469 3296 4542 σελήνῃ·
3335 4471 3427 4525 καὶ
3479 4472 3621 4526 οὕτω
3663 4474 3806 4546 πλη-

2224 4551 2409 4620 ροῦται
2433 4554 2531 4623 τῆς
2577 4553 2806 4626 σελήνης
2829 4559 2860 4609 ό
2899 4557 3104 4623 δίσκος,
3137 4562 3165 4614 6
3209 4564 3340 4633 παρ’
3367 4564 3497 4634 ἡμῖν
3527 4581 3805 4637 προσαγο-

2224 4643 2538 4713 ρευόμενος.

2290 4735 2373 4787 Ν.
2409 4736 2520 4788 Καὶ
2545 4737 2679 4808 ὁρᾷς
2724 4738 2864 4809 πόση
2901 4740 3094 4795 τούτου
3126 4743 3222 4797 τοῦ
3268 4745 3462 4816 γόητος
3493 4748 3525 4817 ὴ
3554 4747 3805 4822 ληρώδης

2220 4825 2480 4896 φλυαρία,
2511 4829 2606 4882 καὶ
2651 4829 2824 4899 μέθης
2851 4830 3026 4903 λήθη;
3055 4834 3134 4886 Τὰ
3166 4833 3274 4905 γὰρ
3318 4837 3412 4890 ὑπ’
3438 4839 3605 4893 αὐτοῦ
3651 4841 3804 4910 λεγό-

2223 4932 2360 4984 μενα
2391 4919 2475 4981 είς
2526 4917 2699 4991 λήθην
2743 4923 3088 4991 μεταδίδωσι,
3123 4927 3217 4979 καὶ
3263 4927 3364 4981 ὅσα
3402 4928 3551 4983 δοκεῖ
3598 4930 3803 5000 λέγειν,

2222 5008 2637 5076 μετασκευάζει,
2691 5012 2788 5065 καὶ
2829 5014 3213 5081 ἀνασκευάζει,
3254 5018 3326 5072 τὰ
3369 5018 3477 5073 ἴδια
3517 5023 3805 5076 καταλύων

2216 5097 2486 5168 δόγματα.
2518 5099 2744 5155 Ἀλλοτε
2776 5103 2877 5173 μὲν
2897 5104 3073 5167 ἄλλως
3100 5108 3197 5161 καὶ
3225 5109 3401 5174 ἄλλως
3425 5111 3802 5183 διηγούμενος,

2219 5191 2311 5243 καὶ
2343 5190 2410 5244 τὰ
2443 5191 2647 5264 ὕστερα
2677 5194 2747 5248 τὰ
2772 5196 2964 5265 πρῶτα
2992 5199 3273 5262 καταλύει,
3301 5204 3394 5256 καὶ
3420 5203 3458 5256 ἂ
3481 5205 3539 5256 ὲν
3567 5205 3802 5275 πρώτοις

2219 5280 2534 5344 κατέλυσεν,
2576 5279 2735 5347 αὖθις
2782 5286 2942 5340 πάλιν
2987 5288 3279 5359 οἰκοδομεῖ,
3320 5291 3440 5363 [ὡς]
3491 5293 3577 5347 ἵνα
3627 5293 3802 5367 δείξῃ,

2218 5368 2300 5421 ὅτι
2331 5369 2425 5437 ἀφ’
2453 5370 2473 5400 ³
2504 5371 2700 5425 ἑαυτοῦ
2733 5374 2794 5426 οὐ
2844 5375 3201 5448 καθέστηκεν,
3240 5380 3374 5434 ἁλλὰ
3417 5383 3521 5436 ὑπὸ
3555 5384 3797 5454 πνεύμας

2216 5472 2309 5519 τος
2337 5456 2650 5528 ἀκαθάρτου
2679 5460 3037 5533 ἐλαυνόμενος
3070 5465 3206 5520 ἄλλα
3252 5469 3368 5522 ἀντ’
3396 5470 3572 5525 ἄλλων
3597 5472 3792 5543 διηγεί-

2216 5561 2328 5613 “catt,
2370 5547 2618 5622 καθάπερ
2649 5552 2698 5606 οἱ
2731 5554 3148 5624 φρενητιῶντες.
3191 5561 3345 5614 Ἤτοι
3386 5560 3498 5633 γὰρ
3526 5562 3624 5636 τὴν
3661 5581 3801 5638 παρ·
