4078 6416
330 349 426 405 105

979 344 1350 404 ADVERSUS
1391 345 1730 401 ﬂ/ERESES
1763 345 1889 400 LIB.
1924 344 1989 401 ΙΙ.
2029 344 2194 403 ΤΟΝΙ.
2232 346 2293 404 ll.
2336 379 2404 390 —
2435 348 2710 405 HERES.
2751 349 2938 404 LXVI.

3472 358 3576 416 106

320 468 510 521 ουσίαν
551 465 698 533 λέγει
735 464 829 518 τοῦ
860 466 1064 537 Κυρίου
1089 467 1244 537 ήμῶν
1272 467 1447 538 Ἰησοῦ
1474 464 1734 538 Χριστοῦ,
1765 467 1898 536 μετὰ

2003 465 2384 539 quitur,663
2403 469 2560 524 annis
2597 469 2686 524 ille
2706 470 2891 525 multis
2919 477 3105 539 postea
3131 470 3375 541 contigit,
3407 489 3572 542 quam

323 560 494 613 πολλὰ
542 557 638 628 έτη
686 557 782 610 τοῦ
833 557 1084 624 γενέσθαι
1133 559 1257 621 τοὺς
1303 561 1614 629 φωστῆρας,
1668 553 1831 630 ἦλθεν
1863 561 1898 628 ἡ

322 649 618 721 παρουσία,
650 648 746 702 καὶ
778 647 914 718 μετά
947 648 1044 718 τὴν
1073 649 1202 720 παρ’
1236 648 1383 719 αὐτῷ
1423 648 1668 719 μηχανὴν
1700 632 1897 703 καλου·

325 743 496 812 μένην
536 739 644 792 τῶν
677 737 884 792 δώδεκα
924 739 1120 792 κάδων.
1161 740 1271 792 Ἀεὶ
1313 739 1421 810 γάρ
1465 742 1523 792 ὲν
1567 740 1781 810 οὐρανῷ
1815 738 1901 805 ἐξ·

320 833 448 884 ότου
478 831 671 899 γέγονε
720 831 973 900 τυγχάνει
999 830 1069 883 τὰ
1096 831 1290 902 ἄστρα,
1329 831 1447 901 ἦτοι
1490 833 1728 901 στοιχεῖα
1762 829 1901 883 αὐτὰ

321 923 512 976 καλεῖν
541 921 840 992 βούλονται,
887 924 1003 993 ἦτοι
1037 922 1380 992 διαστήματα
1406 921 1500 976 τοῦ
1545 920 1777 992 οὐρανοῦ
1807 922 1902 974 καὶ

327 1013 522 1082 μέτρα.
551 1012 736 1081 Ὅμως
765 1011 872 1065 ἀπὸ
898 1012 1163 1083 τετάρτης
1189 1013 1400 1084 ἡμέρας
1420 1013 1519 1082 τῆς
1547 1013 1900 1082 κοσμοποιίας

321 1103 392 1158 τά
427 1103 606 1157 πάντα
631 1103 811 1166 καλῶς
845 1103 1122 1168 τέτακται,
1158 1105 1256 1157 οὐκ
1295 1107 1374 1168 εἰς
1412 1104 1616 1174 βλάϐην
1659 1107 1767 1157 τῶν
1795 1105 1899 1159 ὑπὸ

323 1194 458 1248 Θεοῦ
491 1193 909 1264 κυριευομένων.
954 1194 1018 1247 Ἠ
1046 1195 1101 1247 δὲ
1131 1195 1224 1248 τοῦ
1261 1195 1497 1268 Χριστοῦ
1541 1197 1811 1268 παρουσία
1840 1200 1898 1250 ὲν

323 1286 404 1357 τῷ
449 1284 918 1354 πεντεκαιδεκάτῳ
947 1284 1056 1338 έτει
1086 1285 1338 1357 Τιϐερίου
1383 1286 1659 1358 Καίσαρος
1697 1287 1899 1358 ἤρξατο

323 1377 421 1430 τού
451 1376 823 1448 κηρύγματος,
847 1374 986 1446 μετά
1000 1378 1316 1447 τριακοστὸν
1333 1379 1449 1441 ἔτος
1469 1379 1566 1448 τῆς
1587 1378 1752 1431 αὐτοῦ
1779 1396 1898 1446 γεν-

323 1469 554 1538 νὴσεως,
601 1466 736 1537 ὅπερ
785 1469 1025 1537 κατήντα
1070 1468 1150 1530 είς
1205 1469 1736 1539 πεντακισχιλιοστὸν
1785 1469 1895 1540 (⁸55)

325 1557 768 1612 πεντακοσιοστὸν
825 1556 1010 1609 ἔνατον
1065 1557 1183 1622 ἔτος
1235 1561 1332 1630 τῆς
1378 1559 1751 1630 κοσμοποιίας,
1803 1558 1896 1612 καὶ

323 1648 638 1722 τριακοστὸν
669 1649 766 1718 τῆς
795 1647 958 1701 αὐτοῦ
991 1649 1229 1719 ἡλικίας,
1265 1651 1582 1722 τριακοστὸν
1611 1649 1667 1704 δὲ
1713 1650 1894 1720 τρίτον

324 1741 428 1804 ἓως
453 1739 546 1794 τοῦ
577 1740 828 1811 σταυροῦ.
865 1740 988 1804 Πῶς
1013 1736 1104 1792 οὖν
1135 1741 1242 1794 ἀπὸ
1271 1739 1492 1812 πρώτης
1515 1739 1690 1793 ταῦτα
1711 1741 1770 1792 ὲν
1802 1741 1894 1793 οὐ·-

325 1831 471 1901 ρανῷ
503 1830 737 1900 ὑπῆρχε,
779 1831 1064 1900 φωστῆρές
1093 1848 1151 1883 τε
1179 1832 1272 1885 καὶ
1298 1831 1508 1902 ἀστρα;
1549 1833 1611 1885 Ei
1637 1831 1692 1886 δὲ
1720 1832 1892 1900 λέγει,

321 1922 438 1993 Πρὸ
471 1921 661 1975 τούτου
699 1921 868 1976 ἐλθὼν
901 1924 1120 1993 ἐποίησε
1153 1923 1348 1985 ταῦτα,
1391 1923 1692 1988 άσύστατος
1727 1923 1892 1976 αὐτοῦ

323 2016 356 2086 ἡ
393 2015 647 2085 φλυαρία.
693 2015 828 2084 Πρὶν
852 2015 960 2086 γὰρ
997 2015 1090 2068 τοῦ
1137 2012 1277 2070 εἶναι
1319 2016 1606 2086 ἄνθρωπον
1654 2015 1746 2069 ἐπὶ
1793 2017 1893 2085 τῆς

322 2107 448 2176 γῆς,
479 2107 724 2175 ἐγένοντο
747 2106 814 2159 τὰ
840 2108 960 2161 κατ’
989 2108 1151 2162 αὑτὸν
1185 2108 1492 2178 καλούμενα
1519 2111 1778 2178 στοιχεῖα,
1802 2110 1894 2162 καὶ

321 2199 372 2252 οἱ
403 2196 608 2249 δώδεκα
654 2197 830 2266 μάτην
860 2195 1180 2267 καλούμενοι
1229 2195 1403 2258 κάδοι,
1443 2195 1535 2248 καὶ
1567 2197 1600 2264 ἠ
1656 2193 1892 2264 μηχανὴ,

323 2291 389 2358 ἢν
413 2288 657 2356 βούλεται
689 2291 1022 2358 χαριστικοῖς
1064 2288 1290 2358 ὀνόμασι
1329 2286 1614 2355 φαντάζειν
1646 2287 1770 2348 τοὺς
1803 2285 1892 2338 ὑπ’

324 2376 487 2430 αὑτοῦ
518 2376 980 2446 πεπλανημένους.

393 2561 521 2614 ΝΑν.
560 2561 730 2614 Παντὶ
770 2559 878 2630 γὰρ
925 2559 1002 2629 τῷ
1055 2560 1267 2612 σύνεσιν
1312 2559 1630 2630 κεκτημένῳ
1665 2563 1896 2630 φανερόν

322 2649 469 2700 ἔστιν
498 2647 591 2700 ἀπ’
623 2648 790 2718 αὐτῆς
810 2648 906 2717 τῆς
929 2650 966 2700 Γ
973 2650 1146 2719 ραφῆς
1169 2650 1260 2702 καὶ
1291 2649 1745 2713 άκολουθίας,ὄτι,
1767 2655 1896 2722 πρὶν

322 2739 416 2791 τοῦ
445 2737 746 2808 πλασθῆναι
769 2739 861 2791 τὸν
914 2739 1082 2810 ’Δδάμ
1114 2739 1204 2793 τὸν
1238 2741 1660 2812 πρωτόπλαστον
1688 2742 1898 2814 ἄνθρω-

323 2846 445 2892 πον,
479 2830 762 2897 γεγόνασιν
790 2831 846 2883 ὲν
871 2833 936 2902 τῇ
962 2830 1193 2903 τετάρτῃ
1220 2834 1405 2904 ἡμέρᾳ
1431 2835 1631 2898 πάντες
1656 2835 1708 2889 οἱ
1738 2837 1898 2889 ἀστέ-

326 2937 418 2990 ρες
467 2922 560 2975 καὶ
600 2923 650 2974 οἱ
698 2921 1006 2993 φωστῆρες.
1046 2918 1214 2986 Οὗτος
1254 2924 1309 2978 δὲ
1353 2924 1522 2992 λέγει,
1567 2925 1651 2978 ὅτι
1703 2922 1896 2989 Ἦλθε,

325 3011 481 3078 φησὶ,
513 3008 734 3080 ποιῆσαι
778 3011 903 3074 τοὺς
944 3012 1150 3066 δώδεκα
1181 3014 1375 3078 κάδους
1415 3017 1473 3068 ὲν
1523 3014 1638 3086 ἰδέᾳ
1684 3014 1896 3086 άνθρώ-

322 3117 430 3154 ⁴που
454 3141 469 3167 ,
517 3103 612 3155 καὶ
649 3103 900 3172 ἐφαίνετο
936 3107 1061 3167 τοῖς»
1088 3105 1394 3176 ἀνθρώποις
1438 3106 1742 3178 ἄνθρωπος,
1793 3109 1896 3161 κᾶν
1921 3130 1966 3186 C

324 3193 555 3263 ἀγνοῶν,
584 3193 733 3266 [κᾶν]
763 3195 858 3266 τὴν
886 3197 944 3262 ἐξ
975 3198 1226 3269 ὑπαρχῆς
1284 3200 1658 3271 γεγενημένην
1690 3200 1898 3254 οἰκονο-

327 3287 456 3357 μίαν
487 3285 697 3356 νομίζει
733 3305 785 3339 τι
831 3287 1028 3355 λέγειν,
1077 3287 1167 3341 καὶ¹
1199 3289 1274 3351 ὡς
1316 3289 1513 3356 τυφλὸς
1548 3289 1740 3342 ἑαυτὸν
1772 3289 1897 3358 ὁδη-

320 3378 436 3447 γῶν
463 3380 573 3439 τοῖς
622 3377 711 3430 ὑπ’
743 3377 908 3429 αὐτοῦ
937 3377 1264 3444 τυφλωθεῖσι
1297 3379 1365 3431 τὰ
1400 3377 1784 3447 προχωροῦντα
1819 3379 1898 3440 εἰς

320 3469 613 3539 ψεύσματα
658 3468 968 3538 ὑφηγεῖται.
1019 3467 1311 3538 Παρούσης
1359 3467 1417 3520 δὲ
1469 3467 1566 3537 τῆς
1616 3466 1896 3537 ἀληθείας,

323 3559 416 3612 καὶ
452 3555 773 3626 ἀνοιγούσης
804 3557 872 3610 τὰ
899 3557 1123 3628 ὄμματα.
1150 3557 1239 3610 διά
1269 3557 1376 3610 τῶν
1410 3555 1666 3621 συνετῶν,
1696 3559 1775 3620 είς
1804 3556 1899 3625 γέ-

323 3649 468 3702 λωτα
501 3649 655 3718 φέρει
680 3647 779 3716 τὴν
807 3647 972 3701 αὑτοῦ
1013 3648 1302 3720 ληρωδίαν.
1341 3648 1522 3712 Ποίοις
1549 3647 1656 3718 γὰρ
1685 3647 1897 3718 ἀνθρώ-

323 3757 447 3802 ποις
472 3739 721 3808 ἐφαίνετο
743 3741 852 3794 τοῖς
883 3739 956 3809 μὴ
987 3740 1322 3810 ὑπάρχουσι;
1359 3739 1482 3802 Πῶς
1512 3739 1567 3793 δὲ
1601 3741 1657 3792 ἐν
1685 3740 1897 3810 ἀνθρώ.

325 3848 430 3883 που
463 3830 715 3899 ἐφαίνετο
757 3830 892 3900 ἰδέᾳ,
933 3832 963 3884 ὁ
1002 3829 1076 3900 μὴ
1122 3829 1300 3882 λαϐὼν
1334 3829 1529 3900 σῶμα;
1566 3830 1676 3883 Καὶ
1708 3832 1754 3884 εἰ
1800 3831 1899 3902 μὲν

324 3924 382 3974 ὲν
411 3924 477 3990 τῇ
515 3921 760 3990 ὲνσάρκῳ
795 3921 1063 3990 παρουσίᾳ
1091 3919 1327 3990 ἐπλήρου
1360 3917 1516 3973 τοῦτο
1556 3921 1897 3990 φαινόμενος,

325 4013 420 4066 καὶ
452 4011 528 4082 μὴ
561 4011 657 4073 ὣν,
689 4011 906 4078 δόκησις
936 4012 1046 4081 ἄρα
1083 4007 1151 4081 ἦν
1189 4009 1257 4064 τά
1289 4011 1607 4082 πράγματα.
1643 4013 1784 4082 Ἀρα
1807 4007 1899 4066 οὖν

324 4104 386 4156 οὐ
421 4102 678 4170 πέφηνεν,
711 4101 831 4154 οὐδὲ
863 4098 1043 4172 ἦλθεν.
1081 4103 1142 4154 Εἰ
1172 4102 1280 4173 γὰρ
1318 4101 1486 4155 ἐλθὼν
1513 4103 1612 4155 οὐκ
1655 4097 1744 4172 ἦν,
1781 4103 1899 4156 οὐδὲ

324 4189 488 4261 ἦλθεν
533 4191 628 4244 ἀπ’
674 4192 864 4262 ἀρχῆς.
910 4193 974 4245 Εἰ
1020 4192 1077 4244 δὲ
1127 4191 1406 4262 ἐνομίζετο
1457 4193 1554 4262 μὲν
1592 4192 1896 4262 ἄνθρωπος,

325 4285 426 4336 οὐκ
452 4279 519 4352 ἦν
560 4283 616 4336 δὲ
657 4283 959 4353 ἄνθρωπος,
999 4283 1054 4336 τί
1102 4283 1163 4336 τὸ
1212 4281 1417 4354 ὲπῆξαν
1443 4285 1457 4313 ί
1497 4283 1587 4335 τὸν
1623 4282 1716 4336 τοῦ
1763 4283 1898 4336 Θεοῦ

325 4375 497 4441 Λόγον
527 4373 809 4443 ἄνθρωπον
844 4372 1075 4442 φανῆναι
1109 4373 1184 4442 μὴ
1212 4371 1366 4436 bina;
1386 4372 1449 4424 Εἰ
1483 4373 1556 4441 μή
1587 4389 1640 4424 τι
1670 4373 1778 4425 ἀπὸ
1808 4373 1899 4426 δα-

2002 563 2096 611 aut
2119 556 2297 611 sidera
2337 557 2604 626 producta
2637 567 2788 622 sunt,
2825 567 2919 612 aut
2945 558 3037 612 illa
3067 559 3445 614 duodenorum
3480 577 3576 616 ca-

2000 647 2196 701 dorum
2226 644 2476 701 machina
2504 649 2732 702 exstitit.
2768 648 2845 702 Ex
2874 663 2983 719 quo
3019 651 3162 704 enim
3192 657 3337 705 astra
3373 650 3575 721 produ-

2000 746 2087 790 cta
2119 746 2268 801 sunt,
2305 738 2357 791 in
2389 739 2528 793 coelo
2551 747 2812 808 perpetuo
2847 738 3086 806 fuerunt,
3120 740 3235 797 sive
3264 740 3453 796 eadem
3483 744 3573 796 illa

2001 829 2196 884 malint
2225 831 2516 897 elementa,
2554 832 2668 886 sive
2701 832 2826 886 coeli
2861 835 3038 903 spatia
3067 849 3131 888 ac
3161 851 3450 892 mensuras
3479 851 3575 907 ap-

2001 922 2226 991 pellare.
2265 921 2554 992 Utcunque
2577 924 2668 986 sit,
2700 940 2764 976 ex
2790 931 2982 992 quarta
3010 926 3303 980 creationis
3326 927 3414 981 die
3435 927 3576 988 bene

2000 1007 2300 1068 constituta
2349 1025 2476 1069 sunt
2529 1015 2743 1078 omnia,
2792 1015 3036 1085 nihilque
3074 1019 3140 1072 ad
3181 1034 3402 1082 eorum,
3452 1035 3576 1089 quae

1999 1105 2104 1161 θυι)
2130 1104 2224 1161 Dei
2251 1105 2457 1160 ditione
2488 1114 2638 1170 sunt,
2671 1106 2965 1174 perniciem
2984 1116 3066 1161 est
3090 1107 3312 1164 factum.
3347 1108 3415 1163 At
3447 1125 3575 1165 vero

1999 1194 2253 1251 Christus
2297 1204 2417 1266 post
2459 1212 2618 1251 suum
2661 1197 2715 1252 in
2769 1197 2916 1252 hunc
2965 1200 3257 1273 mundnnr
3281 1201 3571 1254 adventum

1999 1298 2144 1338 anno
2174 1283 2388 1340 decimo
2408 1286 2600 1355 quinto
2633 1284 2838 1342 Tiberii
2863 1290 3096 1344 Caesaris
3129 1289 3572 1358 praedicationem

1996 1389 2232 1430 exorsus
2276 1384 2381 1437 est,
2414 1385 2539 1446 post
2568 1392 2771 1431 annum
2817 1393 2847 1431 a
2879 1379 3162 1434 nativitate
3207 1380 3571 1444 tricesimum,

1997 1465 2090 1534 qui
2138 1465 2193 1518 in
2237 1465 2529 1536 quinquies
2573 1467 2919 1522 millesimum
2965 1483 3028 1521 ac
3074 1469 3570 1539 quingentesimum

1996 1570 2200 1609 nonum
2236 1571 2438 1610 annum
2472 1558 2675 1612 comliti
2709 1559 2858 1615 orbis
2889 1559 3140 1622 incurrit,
3184 1566 3375 1629 estque
3411 1560 3570 1614 trice-

1996 1646 2192 1709 simus,
2227 1647 2304 1700 uti
2340 1646 2473 1710 dixi,
2504 1647 2679 1702 aztatis
2716 1647 2862 1703 illius
2887 1663 3099 1714 annus;
3133 1665 3257 1702 nam
3296 1649 3573 1703 tricesimo

1996 1737 2160 1792 tertio
2190 1737 2242 1792 in
2278 1753 2497 1792 crucem
2532 1745 2689 1793 actus
2718 1745 2822 1794 est.
2862 1738 3094 1805 Quinam
3136 1740 3302 1811 igitur
3328 1740 3440 1795 fieri
3472 1756 3572 1811 po-

1995 1833 2122 1890 test,
2151 1835 2212 1882 ut
2252 1827 2364 1882 haec
2387 1828 2440 1882 in
2478 1829 2618 1883 ctelo
2643 1827 2912 1898 principio
2933 1828 3156 1896 fuerint,
3189 1831 3397 1899 majora
3426 1832 3576 1886 vide-

1995 1917 2124 1972 licet
2166 1918 2490 1988 minoraque
2537 1919 2758 1974 sidera?
2811 1918 2866 1973 Si
2914 1927 3040 1976 ante
3075 1921 3180 1976 hoc
3220 1929 3436 1992 tempus
3484 1938 3576 1977 ve-

1996 2008 2166 2071 nisse,
2202 2015 2366 2078 atque
2389 2010 2480 2062 illa
2510 2005 2839 2078 produxisse
2869 2009 3038 2076 dicat,
3087 2027 3195 2066 non
3223 2020 3404 2080 potest
3427 2012 3579 2068 illius

2001 2097 2186 2152 fabula
2213 2099 2536 2155 consistere.
2565 2099 2776 2153 Etenim
2816 2101 3132 2170 priusquam
3165 2101 3220 2156 in
3242 2105 3404 2158 terris
3432 2117 3579 2160 esset

2000 2190 2183 2254 homo,
2211 2206 2332 2260 quae
2371 2191 2604 2261 appellat
2639 2191 2907 2246 elementa
2939 2193 3203 2262 producta
3237 2193 3428 2257 fuisse.
3455 2212 3577 2265 per-

1997 2280 2234 2353 indeque
2272 2291 2327 2338 et
2363 2299 2532 2340 vanos
2579 2284 2703 2338 illos
2748 2284 2915 2338 cados
2967 2285 3272 2356 molemque
3315 2287 3574 2350 defendit,

1997 2389 2158 2443 quam
2189 2374 2450 2443 jucundis
2484 2375 2810 2444 quibusdam
2836 2377 3298 2446 appellationibus
3332 2381 3454 2434 ideo
3484 2382 3578 2437 de-

1996 2462 2210 2527 scribit,
2249 2471 2308 2516 ut
2340 2479 2369 2516 a
2396 2478 2456 2518 se
2486 2462 2728 2532 deceptis
2758 2464 3074 2521 hominibus
3105 2467 3318 2522 illudat.

2067 2551 2156 2607 Ll.
2199 2551 2335 2607 Nam
2391 2569 2459 2608 ex
2504 2555 2624 2624 ipsa
2649 2554 2962 2610 divinarum
3001 2555 3410 2627 Scripturarum
3437 2561 3580 2615 serie

1996 2644 2224 2700 cuilibet
2276 2645 2534 2715 prudenti
2573 2644 2928 2701 manifestum
2973 2655 3079 2709 est,
3132 2655 3423 2718 antequam
3465 2650 3580 2719 pri-

1999 2751 2123 2790 mus
2157 2743 2346 2791 noster
2383 2750 2581 2805 parens
2625 2735 2871 2791 Adamus
2909 2751 2939 2790 a
2973 2737 3084 2792 Deo
3114 2737 3464 2803 formaretur,
3493 2739 3581 2794 die

1998 2833 2197 2895 quarto
2227 2842 2350 2880 cum
2381 2827 2588 2896 reliqua
2618 2827 2821 2890 sidera,
2860 2835 2975 2882 tum
3010 2829 3218 2898 majora
3240 2830 3348 2884 duo
3373 2829 3576 2898 produ-

1997 2925 2107 2969 cta.
2138 2915 2208 2970 At
2242 2917 2333 2970 ille
2366 2933 2380 2969 :
2414 2914 2597 2978 Venit,
2642 2915 2837 2986 inquit,
2869 2916 3150 2973 duodenos
3186 2927 3246 2973 ut
3295 2920 3464 2976 cados
3495 2920 3546 2974 fa

1999 3007 2260 3070 bricaret,
2308 3006 2410 3062 sub
2443 3007 2682 3062 hominis
2728 3010 2930 3076 specie,
2975 3017 3139 3078 atque
3166 3011 3434 3080 ejusmodi
3487 3013 3564 3067 ho

1997 3101 2234 3155 minibus
2263 3101 2531 3172 apparuit.
2565 3102 2620 3156 ln
2656 3117 2765 3172 quo
2803 3109 2970 3157 totam
3011 3104 3157 3158 illam
3189 3105 3583 3163 incarnationis

2004 3191 2532 3248 administrationem
2577 3193 2839 3262 ignorans
2885 3193 3068 3250 dicere
3114 3211 3175 3251 se
3223 3198 3582 3254 nihilominus

2005 3283 2209 3352 aliquid
2257 3284 2572 3349 existimat;
2621 3299 2686 3337 ac
2724 3285 2871 3338 velut
2903 3300 3084 3342 caecus
3111 3290 3465 3358 semetipsum
3507 3294 3582 3344 di-

2003 3374 2186 3442 rigens
2213 3372 2279 3427 iis
2307 3387 2539 3441 quorum
2581 3372 2794 3426 animos
2835 3372 3150 3438 obcaecavit,
3188 3377 3394 3446 reliqua
3426 3378 3582 3432 dein-

2004 3478 2132 3533 ceps
2179 3462 2464 3517 mendacia
2505 3461 2781 3517 narrando
2826 3463 3080 3532 pertexit.
3127 3464 3251 3518 Mox
3296 3477 3477 3524 autem
3522 3483 3581 3524 ut

2004 3553 2199 3609 adesse
2228 3553 2434 3608 veritas
2459 3553 2643 3623 ccepit,
2669 3561 2722 3608 et
2751 3553 3078 3622 sapientium
3109 3555 3352 3611 virorum
3379 3559 3580 3616 beneii-

2006 3645 2091 3698 cio
2119 3645 2310 3700 oculos
2337 3645 2571 3714 aperire,
2608 3652 2719 3699 tota
2751 3645 2864 3699 haec
2894 3645 3076 3700 fabula
3107 3647 3162 3700 in
3196 3648 3368 3703 risum
3401 3664 3465 3704 ac
3498 3652 3582 3704 lu-

2005 3735 2242 3791 dibrium
2275 3735 2616 3790 dissolvitur.
2647 3733 2858 3799 Quibus
2901 3735 3048 3788 enim
3084 3737 3304 3792 tandem
3347 3739 3584 3794 homini-

2005 3827 2130 3890 bus,
2180 3828 2272 3898 qui
2321 3827 2455 3881 nulli
2503 3835 2680 3892 erant,
2734 3840 2996 3895 apparere
3040 3828 3255 3896 potuit?
3297 3828 3583 3896 Quomodo

2006 3934 2136 3974 vero
2189 3919 2430 3973 hominis
2479 3919 2662 3987 specie
2708 3918 2880 3977 videri
2937 3927 3172 3987 poterat,
3232 3923 3324 3990 qui
3369 3925 3578 3978 nullum

2005 4025 2206 4079 corpus
2242 4010 2524 4065 induerat?
2564 4010 2641 4063 Ac
2681 4010 2726 4064 si
2758 4019 2896 4073 tum,
2945 4026 3071 4066 cum
3120 4027 3286 4068 carne
3321 4015 3586 4084 praeditus

2005 4101 2250 4166 advenit,
2286 4100 2510 4170 perfecit
2542 4101 2696 4166 illud,
2731 4110 2789 4154 ut
2814 4102 2958 4171 quod
2987 4117 3097 4157 non
3129 4113 3248 4158 erat
3275 4120 3399 4161 esse
3429 4107 3581 4161 vide-

2007 4202 2179 4257 retur,
2226 4199 2398 4245 totum
2448 4192 2582 4247 illud
2629 4194 2907 4264 negotium
2965 4195 3102 4249 nihil
3147 4197 3335 4251 habuit
3385 4207 3584 4267 ριέυιοι·

2005 4283 2320 4353 opinionem
2357 4298 2421 4338 ac
2466 4285 2703 4352 speciem
2734 4299 2746 4334 :
2787 4299 2959 4353 quare
2993 4294 3178 4354 neque.
3214 4289 3465 4355 apparuit
3494 4305 3584 4342 ne-

2008 4386 2115 4440 que
2151 4372 2321 4426 venit.
2366 4370 2502 4425 Nam
2539 4373 2585 4427 si
2618 4372 2838 4440 quando
2871 4375 3023 4442 venit
3054 4390 3114 4428 re
3144 4376 3259 4444 ipsa
3295 4391 3402 4429 non
3440 4388 3580 4436 erat,

325 4466 554 4519 νειστῶν
597 4464 886 4534 ἑλκόμενος
917 4463 1174 4533 ἠϐούλετο
1207 4462 1396 4517 ἑαυτὸν
1430 4463 1898 4533 σχηματοποιῆσαι

2009 4476 2078 4517 ne
2113 4462 2331 4518 venisse
2381 4462 2602 4532 quidem
2661 4461 2927 4516 dicendus
2972 4471 3078 4517 est.
3119 4464 3284 4536 664
3325 4464 3479 4530 Quod
3537 4469 3585 4524 si

330 4557 495 4618 ἰδέαν,
527 4555 613 4608 ἵνα
651 4555 852 4625 δυνηθῇ
888 4555 1070 4608 λαθεῖν
1121 4555 1247 4616 τοὺς
1289 4553 1449 4606 αὐτὸν
1487 4552 1896 4622 ἐπιζητοῦντας.

329 4650 392 4700 El
420 4647 477 4699 δὲ
511 4648 605 4699 καὶ
637 4646 902 4716 ἐφαίνετο,
945 4648 1040 4700 καὶ
1071 4647 1172 4698 οὑκ
1214 4639 1302 4716 ἦν,
1339 4645 1468 4698 ποία
1495 4661 1578 4707 τις
1603 4640 1670 4715 ἦν
1696 4642 1834 4714 αῦτη
1865 4644 1899 4713 ή

326 4737 591 4806 inﬁtiata;
637 4737 724 4789 Ἐν
751 4737 978 4807 ἀληθείᾳ
1004 4736 1113 4806 γάρ
1147 4737 1249 4789 οῦκ
1274 4735 1352 4787 ἔνι
1382 4735 1622 4806 ψεῦσμα,
1649 4735 1724 4798 ὡς
1751 4735 1899 4803 λέγει

327 4827 458 4896 περὶ
496 4825 662 4878 αὐτοῦ
687 4828 714 4878 ὁ
747 4827 1086 4896 Μονογενής⁹
1119 4826 1203 4878 ὅτι
1245 4824 1392 4894 Ἐγώ
1421 4827 1538 4893 ειμι
1577 4825 1615 4891 ἡ
1649 4824 1901 4890 ἀλήθεια

325 4916 429 4971 καὶ
451 4918 490 4980 ἡ
525 4916 657 4983 ζωή.
703 4917 767 4969 Ἦ
798 4917 855 4970 δὲ
882 4916 995 4988 ζωὴ
1020 4915 1248 4971 θάνατον
1271 4917 1370 4969 οὐκ
1399 4916 1532 4986 ἔχει.
1570 4915 1680 4968 Καὶ
1708 4917 1742 4985 ὴ
1767 4914 1901 4986 ἀλή-

398 5070 418 5102 ¹
444 5069 568 5126 Cor.
601 5069 840 5136 έπεῐξαν.

421 5224 512 5292 35)
536 5221 713 5292 Ὅπερ
761 5226 1026 5293 κατήντα
1049 5227 1138 5291 εις
1179 5226 1807 5294 πεντακισχιλιοστόν.
1840 5223 1900 5278 Si

323 5289 584 5349 Christus
617 5289 762 5364 anno
795 5289 971 5348 aetatis
1002 5289 1445 5364 xxx’baptizatus
1473 5289 1602 5356 "est,
1653 5295 1810 5363 isque
1868 5309 1899 5347 a

328 5363 515 5417 mundi
572 5363 795 5416 conditu
843 5364 1006 5426 fuerit
1058 5364 1197 5418 5509
1243 5379 1442 5422 annus.
1499 5375 1658 5418 natus
1697 5364 1802 5418 erit
1833 5379 1896 5417 es

329 5432 614 5500 lipiphanii
648 5435 938 5496 sententia,
971 5446 1115 5487 anno
1160 5434 1347 5487 mundi
1385 5432 1544 5487 5580.
1595 5433 1786 5486 Varias
1833 5448 1900 5486 ex

326 5502 466 5557 LXX
487 5503 762 5556 seniorum
819 5504 1120 5556 ratiociniis
1188 5517 1456 5557 annorum
1522 5515 1766 5556 summas
1833 5503 1902 5556 ab

327 5573 456 5626 orbe
487 5571 715 5626 condito
765 5573 1024 5627 collectas
1072 5571 1245 5628 fuisse
1273 5571 1447 5626 Graeci
1482 5573 1899 5635 demonstrant;

327 5657 448 5697 nam
483 5649 684 5711 praater
712 5641 854 5694 hanc
876 5641 1188 5710 Epiphanii.
1216 5639 1656 5712 Martyrologium
1693 5643 1893 5712 Bromaf

327 5727 450 5768 num
485 5710 662 5766 aliam
718 5712 978 5774 instituit,
1013 5711 1315 5766 secundum
1350 5710 1534 5782 quam'
1565 5711 1634 5764 ad
1685 5710 1892 5766 Christi

687 5802 964 5866 ΡΑτιιοι..
994 5805 1110 5864 Gn.
1146 5803 1342 5863 XLII.

2006 4551 2170 4606 homo
2198 4565 2320 4605 esse
2342 4550 2688 4613 credebatur,
2722 4565 2825 4640 nec
2851 4565 2910 4604 re
2934 4552 3049 4620 ipsa
3076 4560 3255 4608 tamen
3285 4561 3426 4616 erat,
3449 4557 3582 4624 quid

2005 4649 2126 4696 erat
2156 4641 2302 4711 quod
2336 4641 2578 4696 divinum
2606 4639 2844 4696 Verbum
2877 4651 3093 4711 urgeret
3133 4644 3286 4708 adeo,
3322 4653 3380 4698 ut
3419 4647 3585 4701 homo

2005 4747 2131 4787 cum
2163 4747 2273 4786 non
2312 4739 2459 4788 esset
2487 4736 2814 4806 appareret?
2848 4733 2963 4790 Nisi
2995 4736 3132 4804 forte
3156 4753 3185 4790 a
3216 4739 3585 4795 creditoribus

2006 4831 2260 4888 vexatus,
2307 4838 2448 4878 novo
2488 4824 2592 4878 hoc
2623 4829 2773 4880 cultu
2811 4840 2875 4880 ac
2913 4825 3086 4897 ﬁgura
3115 4829 3466 4888 dissimulare
3497 4850 3585 4889 Se-

2006 4919 2189 4987 ipsum
2234 4919 2415 4982 vellet,
2460 4925 2521 4973 ut
2557 4933 2656 4972 eos
2689 4932 2719 4971 a
2751 4918 2955 4988 quibus
2994 4921 3340 4991 quaerebatur
3369 4925 3582 4982 lateret.

1997 5225 2232 5278 natalem
2264 5223 2394 5276 anni
2429 5231 2790 5276 numerantur
2819 5223 2981 5278 5199.
3031 5225 3238 5283 Ριιωιει·
3275 5230 3414 5284 hanc
3469 5238 3582 5284 tros

1969 5341 1972 5343 Α
2001 5296 2140 5348 alias
2160 5296 2339 5368 inlisu
2360 5291 2810 5368 esse‘reperimus
2831 5312 2843 5347 :
2864 5297 3038 5364 prima
3059 5311 3277 5368 estqlla:
3301 5301 3580 5353 Christum

2001 5378 2148 5436 anno
2179 5357 2340 5436 5493,
2376 5362 2461 5415 vel
2488 5357 2648 5436 $494,
2668 5357 3060 5436 natum-putat,
3094 5357 3216 5436 quae
3238 5384 3266 5420 a
3308 5371 3582 5422 nonnullis

2003 5432 2347 5504 Antiochena
2377 5430 2725 5504 norninattlr_;
2760 5430 3020 5497 secunda,
3054 5430 3173 5504 quae
3201 5437 3404 5490 Christi
3439 5442 3582 5489 nati-

2003 5503 2225 5574 vitatem
2261 5501 2314 5553 in
2350 5515 2554 5574 annum
2577 5498 2719 5554 5500
2751 5505 2994 5571 conjicit.
3019 5498 3182 5574 quam
3212 5504 3578 5574 Ethiopicam

2005 5572 2316 5640 appellant;
2337 5571 2660 5640 tertiaque;
2689 5579 2743 5622 et
2770 5575 3013 5626 omnium
3033 5571 3388 5640 celeberrima
3403 5571 3498 5629 ‘est
3528 5584 3582 5626 τι

2006 5639 2390 5701 usitatissima,
2424 5639 2494 5691 ab
2545 5639 2696 5692 orhis
2744 5640 2901 5694 initio
2953 5643 3018 5694 ad
3075 5639 3282 5697 Christi
3342 5646 3578 5697 natalem

1999 5725 2178 5764 annos
2200 5717 2358 5780 putat
2387 5708 2545 5764 5509.
2583 5706 2656 5761 De
2695 5708 2760 5762 iis
2783 5712 2920 5767 alias
2955 5712 3179 5768 uberius
3212 5715 3573 5772 disseremus.

3213 5800 3250 5866 ι
