  <div class='ocr_page' id='page_1' title='image "/cluster/home/n/w/nwhite01/storage/ocr_20150623/42:no.2/coo.31924054869403/060.png"; bbox 0 0 4078 6410; ppageno 0'>
   <div class='ocr_carea' id='block_1_1' title="bbox 255 395 352 448">
    <p class='ocr_par' dir='ltr' id='par_1_1' title="bbox 255 395 352 448">
     <span class='ocr_line' id='line_1_1' title="bbox 255 395 352 448; baseline -0.01 0"><span class='ocrx_word' id='word_1_1' title='bbox 255 395 352 448; x_wconf 69' lang='grc' dir='ltr'><strong>ίυθ</strong></span> 
     </span>
    </p>
   </div>
   <div class='ocr_carea' id='block_1_2' title="bbox 895 381 2825 445">
    <p class='ocr_par' dir='ltr' id='par_1_2' title="bbox 895 381 2825 445">
     <span class='ocr_line' id='line_1_2' title="bbox 895 381 2825 445; baseline -0.001 -1"><span class='ocrx_word' id='word_1_2' title='bbox 895 381 1266 445; x_wconf 73' lang='lat' dir='ltr'><strong>ADVERSUS</strong></span> <span class='ocrx_word' id='word_1_3' title='bbox 1302 385 1646 445; x_wconf 66' lang='lat' dir='ltr'><strong>HERESES</strong></span> <span class='ocrx_word' id='word_1_4' title='bbox 1686 387 1814 444; x_wconf 81' lang='lat' dir='ltr'><strong>LIB.</strong></span> <span class='ocrx_word' id='word_1_5' title='bbox 1855 387 1919 443; x_wconf 89' lang='lat' dir='ltr'><strong>ll.</strong></span> <span class='ocrx_word' id='word_1_6' title='bbox 1963 387 2128 444; x_wconf 84' lang='lat' dir='ltr'><strong>TOM.</strong></span> <span class='ocrx_word' id='word_1_7' title='bbox 2171 387 2597 444; x_wconf 60' lang='lat' dir='ltr'><strong>ll.d~il/ERES.</strong></span> <span class='ocrx_word' id='word_1_8' title='bbox 2639 385 2825 443; x_wconf 71' lang='lat' dir='ltr'><strong>LXVI.</strong></span> 
     </span>
    </p>
   </div>
   <div class='ocr_carea' id='block_1_3' title="bbox 3427 386 3529 444">
    <p class='ocr_par' dir='ltr' id='par_1_3' title="bbox 3427 386 3529 444">
     <span class='ocr_line' id='line_1_3' title="bbox 3427 386 3529 444; baseline 0 -1"><span class='ocrx_word' id='word_1_9' title='bbox 3427 386 3529 444; x_wconf 74' lang='lat' dir='ltr'><strong>H0</strong></span> 
     </span>
    </p>
   </div>
   <div class='ocr_carea' id='block_1_4' title="bbox 257 498 1849 573">
    <p class='ocr_par' dir='ltr' id='par_1_4' title="bbox 257 499 1844 573">
     <span class='ocr_line' id='line_1_4' title="bbox 257 499 1844 573; baseline -0.004 -14"><span class='ocrx_word' id='word_1_10' title='bbox 257 504 314 559; x_wconf 70' lang='grc' dir='ltr'><strong>δὲ</strong></span> <span class='ocrx_word' id='word_1_11' title='bbox 338 502 622 570; x_wconf 74' lang='grc' dir='ltr'><strong>λαϐόντες,</strong></span> <span class='ocrx_word' id='word_1_12' title='bbox 667 501 745 565; x_wconf 84' lang='grc' dir='ltr'><strong>ὡς</strong></span> <span class='ocrx_word' id='word_1_13' title='bbox 773 499 990 568; x_wconf 60' lang='grc' dir='ltr'><strong>ἥὲλοιόν</strong></span> <span class='ocrx_word' id='word_1_14' title='bbox 1033 503 1185 555; x_wconf 72' lang='grc' dir='ltr'><strong>ἐστιν</strong></span> <span class='ocrx_word' id='word_1_15' title='bbox 1216 501 1414 566; x_wconf 69' lang='grc' dir='ltr'><strong>εἰπεῖν,</strong></span> <span class='ocrx_word' id='word_1_16' title='bbox 1449 501 1720 573; x_wconf 73' lang='grc' dir='ltr'><strong>προφάσει</strong></span> <span class='ocrx_word' id='word_1_17' title='bbox 1750 500 1844 553; x_wconf 88' lang='grc' dir='ltr'><strong>τοῦ</strong></span> 
     </span>
    </p>
   </div>
   <div class='ocr_carea' id='block_1_5' title="bbox 1947 498 3524 573">
    <p class='ocr_par' dir='ltr' id='par_1_5' title="bbox 1950 498 3524 571">
     <span class='ocr_line' id='line_1_5' title="bbox 1950 498 3524 571; baseline 0 -17"><span class='ocrx_word' id='word_1_18' title='bbox 1950 500 2160 556; x_wconf 81' lang='lat' dir='ltr'><strong>scilicet</strong></span> <span class='ocrx_word' id='word_1_19' title='bbox 2203 503 2256 555; x_wconf 91' lang='lat' dir='ltr'><strong>in</strong></span> <span class='ocrx_word' id='word_1_20' title='bbox 2304 500 2512 556; x_wconf 80' lang='lat' dir='ltr'><strong>alendis</strong></span> <span class='ocrx_word' id='word_1_21' title='bbox 2553 501 2743 556; x_wconf 86' lang='lat' dir='ltr'><strong>electis</strong></span> <span class='ocrx_word' id='word_1_22' title='bbox 2789 500 2899 555; x_wconf 87' lang='lat' dir='ltr'><strong>illis</strong></span> <span class='ocrx_word' id='word_1_23' title='bbox 2948 498 3238 553; x_wconf 79' lang='lat' dir='ltr'><strong>animabus</strong></span> <span class='ocrx_word' id='word_1_24' title='bbox 3285 499 3524 571; x_wconf 75' lang='lat' dir='ltr'><strong>religiosi</strong></span> 
     </span>
    </p>
   </div>
   <div class='ocr_carea' id='block_1_6' title="bbox 262 590 1848 662">
    <p class='ocr_par' dir='ltr' id='par_1_6' title="bbox 262 590 1848 662">
     <span class='ocr_line' id='line_1_6' title="bbox 262 590 1848 662; baseline -0.003 -16"><span class='ocrx_word' id='word_1_25' title='bbox 262 591 519 657; x_wconf 69' lang='grc' dir='ltr'><strong>εὔξασθαι</strong></span> <span class='ocrx_word' id='word_1_26' title='bbox 542 591 688 662; x_wconf 74' lang='grc' dir='ltr'><strong>ὑπὲρ</strong></span> <span class='ocrx_word' id='word_1_27' title='bbox 711 590 822 643; x_wconf 85' lang='grc' dir='ltr'><strong>τῶν</strong></span> <span class='ocrx_word' id='word_1_28' title='bbox 848 590 1197 660; x_wconf 77' lang='grc' dir='ltr'><strong>ἑνηνοχότων,</strong></span> <span class='ocrx_word' id='word_1_29' title='bbox 1215 590 1412 660; x_wconf 74' lang='grc' dir='ltr'><strong>μᾶλλον</strong></span> <span class='ocrx_word' id='word_1_30' title='bbox 1426 591 1484 644; x_wconf 78' lang='grc' dir='ltr'><strong>δὲ</strong></span> <span class='ocrx_word' id='word_1_31' title='bbox 1509 591 1692 661; x_wconf 76' lang='grc' dir='ltr'><strong>σχεδὸν</strong></span> <span class='ocrx_word' id='word_1_32' title='bbox 1715 607 1817 643; x_wconf 80' lang='grc' dir='ltr'><strong>κατ</strong></span> <span class='ocrx_word' id='word_1_33' title='bbox 1831 619 1848 631; x_wconf 88' lang='lat'><strong>-</strong></span> 
     </span>
    </p>
   </div>
   <div class='ocr_carea' id='block_1_7' title="bbox 267 679 1848 757">
    <p class='ocr_par' dir='ltr' id='par_1_7' title="bbox 267 679 1848 757">
     <span class='ocr_line' id='line_1_7' title="bbox 267 679 1848 757; baseline -0.003 -19"><span class='ocrx_word' id='word_1_34' title='bbox 267 685 404 757; x_wconf 88' lang='grc' dir='ltr'><strong>άραν</strong></span> <span class='ocrx_word' id='word_1_35' title='bbox 468 683 655 742; x_wconf 77' lang='grc' dir='ltr'><strong>αὐτοῖς</strong></span> <span class='ocrx_word' id='word_1_36' title='bbox 688 679 1042 744; x_wconf 71' lang='grc' dir='ltr'><strong>ἐπιτιθέασιν,</strong></span> <span class='ocrx_word' id='word_1_37' title='bbox 1073 680 1620 753; x_wconf 76' lang='grc' dir='ltr'><strong>ἑπιμαρτυρήσαντες</strong></span> <span class='ocrx_word' id='word_1_38' title='bbox 1666 681 1848 744; x_wconf 80' lang='grc' dir='ltr'><strong>αὐτοῖς</strong></span> 
     </span>
    </p>
   </div>
   <div class='ocr_carea' id='block_1_8' title="bbox 268 763 1845 843">
    <p class='ocr_par' dir='ltr' id='par_1_8' title="bbox 268 763 1845 843">
     <span class='ocr_line' id='line_1_8' title="bbox 268 763 1845 843; baseline -0.008 -7"><span class='ocrx_word' id='word_1_39' title='bbox 268 773 464 830; x_wconf 68' lang='grc' dir='ltr'><strong>κακίαν</strong></span> <span class='ocrx_word' id='word_1_40' title='bbox 492 763 697 843; x_wconf 66' lang='grc' dir='ltr'><strong>μᾶλλον</strong></span> <span class='ocrx_word' id='word_1_41' title='bbox 723 767 758 842; x_wconf 72' lang='grc' dir='ltr'>ἢ</span> <span class='ocrx_word' id='word_1_42' title='bbox 789 767 1152 843; x_wconf 77' lang='grc' dir='ltr'><strong>ἀγαθοσύνην.</strong></span> <span class='ocrx_word' id='word_1_43' title='bbox 1197 773 1471 826; x_wconf 72' lang='grc' dir='ltr'><strong>Φάσκουσι</strong></span> <span class='ocrx_word' id='word_1_44' title='bbox 1499 773 1607 843; x_wconf 81' lang='grc' dir='ltr'><strong>γὰρ</strong></span> <span class='ocrx_word' id='word_1_45' title='bbox 1641 771 1845 835; x_wconf 69' lang='grc' dir='ltr'><strong>οὕτως·</strong></span> 
     </span>
    </p>
   </div>
   <div class='ocr_carea' id='block_1_9' title="bbox 265 859 1844 934">
    <p class='ocr_par' dir='ltr' id='par_1_9' title="bbox 265 859 1844 934">
     <span class='ocr_line' id='line_1_9' title="bbox 265 859 1844 934; baseline -0.004 -14"><span class='ocrx_word' id='word_1_46' title='bbox 265 867 349 920; x_wconf 74' lang='grc' dir='ltr'><strong>ὅτι</strong></span> <span class='ocrx_word' id='word_1_47' title='bbox 391 863 532 932; x_wconf 80' lang='grc' dir='ltr'>Ἐγὼ</span> <span class='ocrx_word' id='word_1_48' title='bbox 555 863 658 917; x_wconf 76' lang='grc' dir='ltr'><strong>οὐκ</strong></span> <span class='ocrx_word' id='word_1_49' title='bbox 687 859 917 933; x_wconf 76' lang='grc' dir='ltr'><strong>ισπειρά</strong></span> <span class='ocrx_word' id='word_1_50' title='bbox 941 873 1024 926; x_wconf 84' lang='grc' dir='ltr'><strong>σε,</strong></span> <span class='ocrx_word' id='word_1_51' title='bbox 1044 863 1146 916; x_wconf 83' lang='grc' dir='ltr'><strong>οὐκ</strong></span> <span class='ocrx_word' id='word_1_52' title='bbox 1167 862 1389 934; x_wconf 77' lang='grc' dir='ltr'><strong>ὲθέρισά</strong></span> <span class='ocrx_word' id='word_1_53' title='bbox 1416 877 1499 928; x_wconf 85' lang='grc' dir='ltr'><strong>σε,</strong></span> <span class='ocrx_word' id='word_1_54' title='bbox 1526 863 1628 916; x_wconf 80' lang='grc' dir='ltr'><strong>οὐκ</strong></span> <span class='ocrx_word' id='word_1_55' title='bbox 1653 862 1844 934; x_wconf 70' lang='grc' dir='ltr'><strong>ἧλεσα,</strong></span> 
     </span>
    </p>
   </div>
   <div class='ocr_carea' id='block_1_10' title="bbox 267 951 1844 1024">
    <p class='ocr_par' dir='ltr' id='par_1_10' title="bbox 267 951 1844 1024">
     <span class='ocr_line' id='line_1_10' title="bbox 267 951 1844 1024; baseline -0.003 -14"><span class='ocrx_word' id='word_1_56' title='bbox 267 958 348 1018; x_wconf 74' lang='grc' dir='ltr'><strong>εἰς</strong></span> <span class='ocrx_word' id='word_1_57' title='bbox 381 951 631 1009; x_wconf 63' lang='grc' dir='ltr'><strong>κλίϐανον</strong></span> <span class='ocrx_word' id='word_1_58' title='bbox 657 954 760 1007; x_wconf 84' lang='grc' dir='ltr'><strong>οὐκ</strong></span> <span class='ocrx_word' id='word_1_59' title='bbox 783 952 995 1008; x_wconf 73' lang='grc' dir='ltr'><strong>ἔϐαλον.</strong></span> <span class='ocrx_word' id='word_1_60' title='bbox 1064 953 1220 1016; x_wconf 74' lang='grc' dir='ltr'><strong>ἄλλος</strong></span> <span class='ocrx_word' id='word_1_61' title='bbox 1245 954 1465 1024; x_wconf 81' lang='grc' dir='ltr'><strong>ἢνεγκε,</strong></span> <span class='ocrx_word' id='word_1_62' title='bbox 1497 953 1590 1007; x_wconf 83' lang='grc' dir='ltr'><strong>καὶ</strong></span> <span class='ocrx_word' id='word_1_63' title='bbox 1625 953 1844 1021; x_wconf 71' lang='grc' dir='ltr'><strong>ἔφαγον·</strong></span> 
     </span>
    </p>
   </div>
   <div class='ocr_carea' id='block_1_11' title="bbox 269 1043 1848 1115">
    <p class='ocr_par' dir='ltr' id='par_1_11' title="bbox 269 1043 1848 1115">
     <span class='ocr_line' id='line_1_11' title="bbox 269 1043 1848 1115; baseline -0.003 -13"><span class='ocrx_word' id='word_1_64' title='bbox 269 1045 508 1108; x_wconf 65' lang='lat' dir='ltr'><strong>Meto;</strong></span> <span class='ocrx_word' id='word_1_65' title='bbox 543 1046 680 1115; x_wconf 75' lang='grc' dir='ltr'><strong>ειμι.</strong></span> <span class='ocrx_word' id='word_1_66' title='bbox 735 1045 844 1097; x_wconf 71' lang='grc' dir='ltr'><strong>Καὶ</strong></span> <span class='ocrx_word' id='word_1_67' title='bbox 885 1043 1085 1114; x_wconf 79' lang='grc' dir='ltr'><strong>μᾶλλον</strong></span> <span class='ocrx_word' id='word_1_68' title='bbox 1118 1045 1512 1115; x_wconf 78' lang='grc' dir='ltr'><strong>πονηροποιοὺς</strong></span> <span class='ocrx_word' id='word_1_69' title='bbox 1565 1043 1848 1110; x_wconf 78' lang='grc' dir='ltr'><strong>ὑπέδειξαν</strong></span> 
     </span>
    </p>
   </div>
   <div class='ocr_carea' id='block_1_12' title="bbox 268 1133 1848 1206">
    <p class='ocr_par' dir='ltr' id='par_1_12' title="bbox 268 1133 1848 1206">
     <span class='ocr_line' id='line_1_12' title="bbox 268 1133 1848 1206; baseline -0.002 -17"><span class='ocrx_word' id='word_1_70' title='bbox 268 1136 397 1200; x_wconf 77' lang='grc' dir='ltr'><strong>τοὺς</strong></span> <span class='ocrx_word' id='word_1_71' title='bbox 417 1134 623 1189; x_wconf 72' lang='grc' dir='ltr'><strong>ἑαυτῶν</strong></span> <span class='ocrx_word' id='word_1_72' title='bbox 653 1135 891 1206; x_wconf 75' lang='grc' dir='ltr'><strong>τροφεῖς.</strong></span> <span class='ocrx_word' id='word_1_73' title='bbox 922 1133 1032 1187; x_wconf 78' lang='grc' dir='ltr'><strong>Καὶ</strong></span> <span class='ocrx_word' id='word_1_74' title='bbox 1057 1133 1167 1202; x_wconf 77' lang='grc' dir='ltr'><strong>γὰρ</strong></span> <span class='ocrx_word' id='word_1_75' title='bbox 1192 1133 1410 1203; x_wconf 81' lang='grc' dir='ltr'><strong>ἀληθές.</strong></span> <span class='ocrx_word' id='word_1_76' title='bbox 1442 1135 1592 1187; x_wconf 80' lang='grc' dir='ltr'><strong>Ἔδει</strong></span> <span class='ocrx_word' id='word_1_77' title='bbox 1618 1133 1726 1205; x_wconf 78' lang='grc' dir='ltr'><strong>γὰρ</strong></span> <span class='ocrx_word' id='word_1_78' title='bbox 1756 1135 1848 1187; x_wconf 79' lang='grc' dir='ltr'><strong>τὸν</strong></span> 
     </span>
    </p>
   </div>
   <div class='ocr_carea' id='block_1_13' title="bbox 269 1225 1848 1298">
    <p class='ocr_par' dir='ltr' id='par_1_13' title="bbox 269 1225 1848 1298">
     <span class='ocr_line' id='line_1_13' title="bbox 269 1225 1848 1298; baseline -0.003 -16"><span class='ocrx_word' id='word_1_79' title='bbox 269 1227 604 1298; x_wconf 73' lang='grc' dir='ltr'><strong>ἀρνούμενον</strong></span> <span class='ocrx_word' id='word_1_80' title='bbox 649 1226 741 1279; x_wconf 74' lang='grc' dir='ltr'><strong>τὸν</strong></span> <span class='ocrx_word' id='word_1_81' title='bbox 779 1225 932 1287; x_wconf 76' lang='grc' dir='ltr'><strong>Θεὸν,</strong></span> <span class='ocrx_word' id='word_1_82' title='bbox 977 1225 1071 1278; x_wconf 76' lang='grc' dir='ltr'><strong>τὸν</strong></span> <span class='ocrx_word' id='word_1_83' title='bbox 1123 1227 1424 1295; x_wconf 70' lang='grc' dir='ltr'><strong>ποιήσαντα</strong></span> <span class='ocrx_word' id='word_1_84' title='bbox 1461 1225 1659 1289; x_wconf 81' lang='grc' dir='ltr'><strong>πάντα,</strong></span> <span class='ocrx_word' id='word_1_85' title='bbox 1712 1225 1848 1294; x_wconf 81' lang='grc' dir='ltr'><strong>μηδὲ</strong></span> 
     </span>
    </p>
   </div>
   <div class='ocr_carea' id='block_1_14' title="bbox 272 1313 1850 1386">
    <p class='ocr_par' dir='ltr' id='par_1_14' title="bbox 272 1313 1850 1386">
     <span class='ocr_line' id='line_1_14' title="bbox 272 1313 1850 1386; baseline -0.002 -15"><span class='ocrx_word' id='word_1_86' title='bbox 272 1317 382 1371; x_wconf 62' lang='grc' dir='ltr'><strong>ἀπὸ</strong></span> <span class='ocrx_word' id='word_1_87' title='bbox 407 1317 518 1370; x_wconf 81' lang='grc' dir='ltr'><strong>τῶν</strong></span> <span class='ocrx_word' id='word_1_88' title='bbox 542 1317 638 1370; x_wconf 83' lang='grc' dir='ltr'><strong>τοῦ</strong></span> <span class='ocrx_word' id='word_1_89' title='bbox 667 1315 803 1369; x_wconf 81' lang='grc' dir='ltr'><strong>Θεοῦ</strong></span> <span class='ocrx_word' id='word_1_90' title='bbox 838 1313 1134 1386; x_wconf 70' lang='grc' dir='ltr'><strong>τρέφεσθαι</strong></span> <span class='ocrx_word' id='word_1_91' title='bbox 1180 1316 1302 1369; x_wconf 86' lang='grc' dir='ltr'><strong>κατ’</strong></span> <span class='ocrx_word' id='word_1_92' title='bbox 1335 1316 1637 1385; x_wconf 71' lang='grc' dir='ltr'>εἰρωνείαν.</span> <span class='ocrx_word' id='word_1_93' title='bbox 1685 1314 1850 1369; x_wconf 73' lang='grc' dir='ltr'><strong>Αὐτοὶ</strong></span> 
     </span>
    </p>
   </div>
   <div class='ocr_carea' id='block_1_15' title="bbox 271 1404 1846 1480">
    <p class='ocr_par' dir='ltr' id='par_1_15' title="bbox 271 1404 1846 1480">
     <span class='ocr_line' id='line_1_15' title="bbox 271 1404 1846 1480; baseline -0.004 -16"><span class='ocrx_word' id='word_1_94' title='bbox 271 1411 329 1464; x_wconf 64' lang='grc' dir='ltr'><strong>δὲ</strong></span> <span class='ocrx_word' id='word_1_95' title='bbox 355 1411 418 1463; x_wconf 79' lang='grc' dir='ltr'><strong>οὐ</strong></span> <span class='ocrx_word' id='word_1_96' title='bbox 444 1409 700 1480; x_wconf 75' lang='grc' dir='ltr'><strong>τέμνουσι</strong></span> <span class='ocrx_word' id='word_1_97' title='bbox 725 1406 818 1460; x_wconf 75' lang='grc' dir='ltr'><strong>τὸν</strong></span> <span class='ocrx_word' id='word_1_98' title='bbox 846 1405 1057 1477; x_wconf 81' lang='grc' dir='ltr'><strong>βότρυν,</strong></span> <span class='ocrx_word' id='word_1_99' title='bbox 1075 1404 1212 1458; x_wconf 80' lang='grc' dir='ltr'><strong>ἀλλὰ</strong></span> <span class='ocrx_word' id='word_1_100' title='bbox 1241 1406 1479 1459; x_wconf 76' lang='grc' dir='ltr'><strong>ἐσθίουσι</strong></span> <span class='ocrx_word' id='word_1_101' title='bbox 1505 1406 1596 1459; x_wconf 80' lang='grc' dir='ltr'><strong>τὸν</strong></span> <span class='ocrx_word' id='word_1_102' title='bbox 1629 1406 1846 1478; x_wconf 82' lang='grc' dir='ltr'><strong>βότρυν,</strong></span> 
     </span>
    </p>
   </div>
   <div class='ocr_carea' id='block_1_16' title="bbox 273 1495 1845 1570">
    <p class='ocr_par' dir='ltr' id='par_1_16' title="bbox 273 1495 1845 1570">
     <span class='ocr_line' id='line_1_16' title="bbox 273 1495 1845 1570; baseline -0.005 -15"><span class='ocrx_word' id='word_1_103' title='bbox 273 1503 359 1556; x_wconf 72' lang='grc' dir='ltr'><strong>ινα</strong></span> <span class='ocrx_word' id='word_1_104' title='bbox 409 1499 707 1570; x_wconf 74' lang='grc' dir='ltr'><strong>ἐλεγχθῶσι</strong></span> <span class='ocrx_word' id='word_1_105' title='bbox 753 1495 1069 1550; x_wconf 85' lang='grc' dir='ltr'><strong>παντάπασι</strong></span> <span class='ocrx_word' id='word_1_106' title='bbox 1127 1495 1300 1566; x_wconf 80' lang='grc' dir='ltr'><strong>μέθην</strong></span> <span class='ocrx_word' id='word_1_107' title='bbox 1361 1495 1563 1565; x_wconf 84' lang='grc' dir='ltr'><strong>μᾶλλον</strong></span> <span class='ocrx_word' id='word_1_108' title='bbox 1609 1495 1845 1566; x_wconf 75' lang='grc' dir='ltr'><strong>ἔχοντες,</strong></span> 
     </span>
    </p>
   </div>
   <div class='ocr_carea' id='block_1_17' title="bbox 273 1587 1848 1662">
    <p class='ocr_par' dir='ltr' id='par_1_17' title="bbox 273 1587 1848 1662">
     <span class='ocr_line' id='line_1_17' title="bbox 273 1587 1848 1662; baseline -0.003 -18"><span class='ocrx_word' id='word_1_109' title='bbox 273 1592 416 1662; x_wconf 65' lang='grc' dir='ltr'><strong>ἥπερ</strong></span> <span class='ocrx_word' id='word_1_110' title='bbox 443 1590 700 1660; x_wconf 79' lang='grc' dir='ltr'><strong>ἀληθείας</strong></span> <span class='ocrx_word' id='word_1_111' title='bbox 731 1587 1016 1658; x_wconf 79' lang='grc' dir='ltr'><strong>ἀνάληψιν.</strong></span> <span class='ocrx_word' id='word_1_112' title='bbox 1047 1587 1207 1640; x_wconf 82' lang='grc' dir='ltr'><strong>Ποῖον</strong></span> <span class='ocrx_word' id='word_1_113' title='bbox 1245 1588 1352 1658; x_wconf 81' lang='grc' dir='ltr'><strong>γάρ</strong></span> <span class='ocrx_word' id='word_1_114' title='bbox 1377 1589 1495 1641; x_wconf 76' lang='grc' dir='ltr'><strong>ἐστι</strong></span> <span class='ocrx_word' id='word_1_115' title='bbox 1526 1587 1587 1640; x_wconf 84' lang='grc' dir='ltr'><strong>τὸ</strong></span> <span class='ocrx_word' id='word_1_116' title='bbox 1615 1587 1848 1641; x_wconf 84' lang='grc' dir='ltr'><strong>δεινότε-</strong></span> 
     </span>
    </p>
   </div>
   <div class='ocr_carea' id='block_1_18' title="bbox 1946 590 3525 660">
    <p class='ocr_par' dir='ltr' id='par_1_18' title="bbox 1946 590 3525 660">
     <span class='ocr_line' id='line_1_18' title="bbox 1946 590 3525 660; baseline 0.001 -15"><span class='ocrx_word' id='word_1_117' title='bbox 1946 605 2070 645; x_wconf 89' lang='lat' dir='ltr'><strong>esse</strong></span> <span class='ocrx_word' id='word_1_118' title='bbox 2099 590 2349 645; x_wconf 68' lang='lat' dir='ltr'><strong>videantu</strong></span> <span class='ocrx_word' id='word_1_119' title='bbox 2360 605 2403 642; x_wconf 88' lang='lat' dir='ltr'><strong>r.</strong></span> <span class='ocrx_word' id='word_1_120' title='bbox 2429 592 2498 643; x_wconf 82' lang='lat' dir='ltr'><strong>At</strong></span> <span class='ocrx_word' id='word_1_121' title='bbox 2518 590 2629 655; x_wconf 93' lang='lat' dir='ltr'><strong>isti,</strong></span> <span class='ocrx_word' id='word_1_122' title='bbox 2659 591 2805 660; x_wconf 84' lang='lat' dir='ltr'><strong>quod</strong></span> <span class='ocrx_word' id='word_1_123' title='bbox 2827 591 2911 647; x_wconf 88' lang='lat' dir='ltr'><strong>vel</strong></span> <span class='ocrx_word' id='word_1_124' title='bbox 2935 590 3086 645; x_wconf 88' lang='lat' dir='ltr'><strong>dictu</strong></span> <span class='ocrx_word' id='word_1_125' title='bbox 3107 590 3402 645; x_wconf 81' lang='lat' dir='ltr'><strong>ridiculum</strong></span> <span class='ocrx_word' id='word_1_126' title='bbox 3417 603 3525 654; x_wconf 82' lang='lat' dir='ltr'><strong>est.</strong></span> 
     </span>
    </p>
   </div>
   <div class='ocr_carea' id='block_1_19' title="bbox 1948 682 3528 755">
    <p class='ocr_par' dir='ltr' id='par_1_19' title="bbox 1948 682 3528 755">
     <span class='ocr_line' id='line_1_19' title="bbox 1948 682 3528 755; baseline 0.002 -20"><span class='ocrx_word' id='word_1_127' title='bbox 1948 682 2018 735; x_wconf 89' lang='lat' dir='ltr'><strong>iis</strong></span> <span class='ocrx_word' id='word_1_128' title='bbox 2053 682 2294 752; x_wconf 84' lang='lat' dir='ltr'><strong>acceptis</strong></span> <span class='ocrx_word' id='word_1_129' title='bbox 2337 683 2679 747; x_wconf 79' lang='lat' dir='ltr'><strong>muneribus,</strong></span> <span class='ocrx_word' id='word_1_130' title='bbox 2716 684 2983 738; x_wconf 85' lang='lat' dir='ltr'><strong>orationis</strong></span> <span class='ocrx_word' id='word_1_131' title='bbox 3026 683 3166 746; x_wconf 83' lang='lat' dir='ltr'><strong>loco,</strong></span> <span class='ocrx_word' id='word_1_132' title='bbox 3214 697 3380 754; x_wconf 86' lang='lat' dir='ltr'><strong>quam</strong></span> <span class='ocrx_word' id='word_1_133' title='bbox 3426 701 3528 755; x_wconf 87' lang='lat' dir='ltr'><strong>pro</strong></span> 
     </span>
    </p>
   </div>
   <div class='ocr_carea' id='block_1_20' title="bbox 1947 771 3525 845">
    <p class='ocr_par' dir='ltr' id='par_1_20' title="bbox 1947 771 3525 845">
     <span class='ocr_line' id='line_1_20' title="bbox 1947 771 3525 845; baseline 0.003 -19"><span class='ocrx_word' id='word_1_134' title='bbox 1947 771 2304 842; x_wconf 76' lang='lat' dir='ltr'><strong>largitoribus</strong></span> <span class='ocrx_word' id='word_1_135' title='bbox 2331 777 2624 844; x_wconf 76' lang='lat' dir='ltr'><strong>concipere</strong></span> <span class='ocrx_word' id='word_1_136' title='bbox 2654 773 2981 838; x_wconf 84' lang='lat' dir='ltr'><strong>debuerant,</strong></span> <span class='ocrx_word' id='word_1_137' title='bbox 3005 774 3398 845; x_wconf 84' lang='lat' dir='ltr'><strong>propemodum</strong></span> <span class='ocrx_word' id='word_1_138' title='bbox 3421 775 3525 830; x_wconf 85' lang='lat' dir='ltr'><strong>im-</strong></span> 
     </span>
    </p>
   </div>
   <div class='ocr_carea' id='block_1_21' title="bbox 1948 863 3520 934">
    <p class='ocr_par' dir='ltr' id='par_1_21' title="bbox 1948 863 3520 934">
     <span class='ocr_line' id='line_1_21' title="bbox 1948 863 3520 934; baseline 0.001 -16"><span class='ocrx_word' id='word_1_139' title='bbox 1948 863 2319 932; x_wconf 85' lang='lat' dir='ltr'><strong>precationem</strong></span> <span class='ocrx_word' id='word_1_140' title='bbox 2348 863 2684 934; x_wconf 79' lang='lat' dir='ltr'><strong>rependunt,</strong></span> <span class='ocrx_word' id='word_1_141' title='bbox 2709 864 3003 919; x_wconf 80' lang='lat' dir='ltr'><strong>et‘illorum</strong></span> <span class='ocrx_word' id='word_1_142' title='bbox 3037 864 3092 918; x_wconf 83' lang='lat' dir='ltr'><strong>in</strong></span> <span class='ocrx_word' id='word_1_143' title='bbox 3118 865 3222 920; x_wconf 87' lang='lat' dir='ltr'><strong>hoc</strong></span> <span class='ocrx_word' id='word_1_144' title='bbox 3252 863 3520 921; x_wconf 70' lang='lat' dir='ltr'><strong>beneﬁcio</strong></span> 
     </span>
    </p>
   </div>
   <div class='ocr_carea' id='block_1_22' title="bbox 1948 955 3514 1026">
    <p class='ocr_par' dir='ltr' id='par_1_22' title="bbox 1948 955 3514 1026">
     <span class='ocr_line' id='line_1_22' title="bbox 1948 955 3514 1026; baseline 0.002 -17"><span class='ocrx_word' id='word_1_145' title='bbox 1948 955 2354 1026; x_wconf 88' lang='lat' dir='ltr'><strong>improbitatem</strong></span> <span class='ocrx_word' id='word_1_146' title='bbox 2412 956 2596 1025; x_wconf 83' lang='lat' dir='ltr'><strong>potius</strong></span> <span class='ocrx_word' id='word_1_147' title='bbox 2653 967 2816 1026; x_wconf 83' lang='lat' dir='ltr'><strong>quam</strong></span> <span class='ocrx_word' id='word_1_148' title='bbox 2869 955 3194 1025; x_wconf 83' lang='lat' dir='ltr'><strong>probitatem</strong></span> <span class='ocrx_word' id='word_1_149' title='bbox 3246 965 3514 1012; x_wconf 63' lang='lat' dir='ltr'><strong>versatam</strong></span> 
     </span>
    </p>
   </div>
   <div class='ocr_carea' id='block_1_23' title="bbox 1947 1043 3520 1115">
    <p class='ocr_par' dir='ltr' id='par_1_23' title="bbox 1947 1043 3520 1115">
     <span class='ocr_line' id='line_1_23' title="bbox 1947 1043 3520 1115; baseline 0.002 -16"><span class='ocrx_word' id='word_1_150' title='bbox 1947 1059 2069 1099; x_wconf 88' lang='lat' dir='ltr'><strong>esse</strong></span> <span class='ocrx_word' id='word_1_151' title='bbox 2097 1044 2482 1100; x_wconf 81' lang='lat' dir='ltr'><strong>testiﬁcantur.</strong></span> <span class='ocrx_word' id='word_1_152' title='bbox 2521 1043 2613 1100; x_wconf 81' lang='lat' dir='ltr'><strong>Sic</strong></span> <span class='ocrx_word' id='word_1_153' title='bbox 2645 1047 2792 1100; x_wconf 88' lang='lat' dir='ltr'><strong>enim</strong></span> <span class='ocrx_word' id='word_1_154' title='bbox 2824 1045 3125 1115; x_wconf 90' lang='lat' dir='ltr'><strong>loquuntur</strong></span> <span class='ocrx_word' id='word_1_155' title='bbox 3152 1062 3167 1098; x_wconf 89' lang='lat'><strong>:</strong></span> <span class='ocrx_word' id='word_1_156' title='bbox 3198 1043 3312 1115; x_wconf 76' lang='lat' dir='ltr'><strong>Ego</strong></span> <span class='ocrx_word' id='word_1_157' title='bbox 3339 1053 3394 1101; x_wconf 87' lang='lat' dir='ltr'><strong>te</strong></span> <span class='ocrx_word' id='word_1_158' title='bbox 3419 1061 3520 1102; x_wconf 79' lang='lat' dir='ltr'><strong>ne-</strong></span> 
     </span>
    </p>
   </div>
   <div class='ocr_carea' id='block_1_24' title="bbox 1949 1115 3526 1205">
    <p class='ocr_par' dir='ltr' id='par_1_24' title="bbox 1949 1115 3526 1205">
     <span class='ocr_line' id='line_1_24' title="bbox 1949 1115 3526 1205; baseline 0.001 -17"><span class='ocrx_word' id='word_1_159' title='bbox 1949 1149 2054 1204; x_wconf 87' lang='lat' dir='ltr'><strong>que</strong></span> <span class='ocrx_word' id='word_1_160' title='bbox 2082 1115 2367 1199; x_wconf 63' lang='lat' dir='ltr'><strong>seminari,</strong></span> <span class='ocrx_word' id='word_1_161' title='bbox 2399 1150 2575 1205; x_wconf 89' lang='lat' dir='ltr'><strong>neque</strong></span> <span class='ocrx_word' id='word_1_162' title='bbox 2603 1137 2830 1198; x_wconf 83' lang='lat' dir='ltr'><strong>messui,</strong></span> <span class='ocrx_word' id='word_1_163' title='bbox 2864 1150 2972 1189; x_wconf 91' lang='lat' dir='ltr'><strong>non</strong></span> <span class='ocrx_word' id='word_1_164' title='bbox 3011 1135 3266 1190; x_wconf 88' lang='lat' dir='ltr'><strong>molendo</strong></span> <span class='ocrx_word' id='word_1_165' title='bbox 3296 1137 3526 1190; x_wconf 81' lang='lat' dir='ltr'><strong>commi-</strong></span> 
     </span>
    </p>
   </div>
   <div class='ocr_carea' id='block_1_25' title="bbox 1950 1225 3526 1291">
    <p class='ocr_par' dir='ltr' id='par_1_25' title="bbox 1950 1225 3526 1291">
     <span class='ocr_line' id='line_1_25' title="bbox 1950 1225 3526 1291; baseline 0.001 -11"><span class='ocrx_word' id='word_1_166' title='bbox 1950 1225 2066 1290; x_wconf 88' lang='lat' dir='ltr'><strong>nui,</strong></span> <span class='ocrx_word' id='word_1_167' title='bbox 2105 1240 2215 1279; x_wconf 84' lang='lat' dir='ltr'><strong>non</strong></span> <span class='ocrx_word' id='word_1_168' title='bbox 2248 1225 2304 1279; x_wconf 85' lang='lat' dir='ltr'><strong>in</strong></span> <span class='ocrx_word' id='word_1_169' title='bbox 2335 1226 2612 1280; x_wconf 85' lang='lat' dir='ltr'><strong>clibanum</strong></span> <span class='ocrx_word' id='word_1_170' title='bbox 2651 1227 2888 1291; x_wconf 84' lang='lat' dir='ltr'><strong>immisi;</strong></span> <span class='ocrx_word' id='word_1_171' title='bbox 2922 1227 3064 1282; x_wconf 84' lang='lat' dir='ltr'><strong>aiius</strong></span> <span class='ocrx_word' id='word_1_172' title='bbox 3103 1227 3321 1291; x_wconf 88' lang='lat' dir='ltr'><strong>obtulit,</strong></span> <span class='ocrx_word' id='word_1_173' title='bbox 3355 1235 3409 1282; x_wconf 89' lang='lat' dir='ltr'><strong>et</strong></span> <span class='ocrx_word' id='word_1_174' title='bbox 3430 1242 3526 1282; x_wconf 84' lang='lat' dir='ltr'><strong>co-</strong></span> 
     </span>
    </p>
   </div>
   <div class='ocr_carea' id='block_1_26' title="bbox 1949 1315 3528 1386">
    <p class='ocr_par' dir='ltr' id='par_1_26' title="bbox 1949 1315 3528 1386">
     <span class='ocr_line' id='line_1_26' title="bbox 1949 1315 3528 1386; baseline 0.001 -16"><span class='ocrx_word' id='word_1_175' title='bbox 1949 1316 2129 1381; x_wconf 85' lang='lat' dir='ltr'><strong>medi;</strong></span> <span class='ocrx_word' id='word_1_176' title='bbox 2158 1315 2419 1370; x_wconf 88' lang='lat' dir='ltr'><strong>immunis</strong></span> <span class='ocrx_word' id='word_1_177' title='bbox 2452 1315 2523 1370; x_wconf 88' lang='lat' dir='ltr'><strong>ab</strong></span> <span class='ocrx_word' id='word_1_178' title='bbox 2558 1316 2716 1385; x_wconf 89' lang='lat' dir='ltr'><strong>culpa</strong></span> <span class='ocrx_word' id='word_1_179' title='bbox 2753 1332 2897 1373; x_wconf 86' lang='lat' dir='ltr'><strong>sum.</strong></span> <span class='ocrx_word' id='word_1_180' title='bbox 2925 1315 3004 1370; x_wconf 88' lang='lat' dir='ltr'><strong>Ita</strong></span> <span class='ocrx_word' id='word_1_181' title='bbox 3031 1330 3128 1374; x_wconf 84' lang='lat' dir='ltr'><strong>eos</strong></span> <span class='ocrx_word' id='word_1_182' title='bbox 3149 1317 3321 1386; x_wconf 87' lang='lat' dir='ltr'><strong>ipsos,</strong></span> <span class='ocrx_word' id='word_1_183' title='bbox 3355 1317 3528 1386; x_wconf 78' lang='lat' dir='ltr'><strong>aqui-</strong></span> 
     </span>
    </p>
   </div>
   <div class='ocr_carea' id='block_1_27' title="bbox 1949 1405 3524 1478">
    <p class='ocr_par' dir='ltr' id='par_1_27' title="bbox 1949 1405 3524 1478">
     <span class='ocr_line' id='line_1_27' title="bbox 1949 1405 3524 1478; baseline 0.003 -19"><span class='ocrx_word' id='word_1_184' title='bbox 1949 1405 2054 1461; x_wconf 86' lang='lat' dir='ltr'><strong>bus</strong></span> <span class='ocrx_word' id='word_1_185' title='bbox 2086 1405 2328 1468; x_wconf 70' lang='lat' dir='ltr'><strong>aluntur,</strong></span> <span class='ocrx_word' id='word_1_186' title='bbox 2356 1405 2610 1462; x_wconf 67' lang='lat' dir='ltr'><strong>maleficii</strong></span> <span class='ocrx_word' id='word_1_187' title='bbox 2647 1408 3034 1462; x_wconf 78' lang='lat' dir='ltr'><strong>condemnant.</strong></span> <span class='ocrx_word' id='word_1_188' title='bbox 3057 1405 3191 1465; x_wconf 71' lang='lat' dir='ltr'><strong>Iure</strong></span> <span class='ocrx_word' id='word_1_189' title='bbox 3222 1407 3275 1464; x_wconf 87' lang='lat' dir='ltr'><strong>id</strong></span> <span class='ocrx_word' id='word_1_190' title='bbox 3300 1408 3524 1478; x_wconf 78' lang='lat' dir='ltr'><strong>quidem</strong></span> 
     </span>
    </p>
   </div>
   <div class='ocr_carea' id='block_1_28' title="bbox 1950 1493 3524 1567">
    <p class='ocr_par' dir='ltr' id='par_1_28' title="bbox 1950 1493 3524 1567">
     <span class='ocr_line' id='line_1_28' title="bbox 1950 1493 3524 1567; baseline 0 -17"><span class='ocrx_word' id='word_1_191' title='bbox 1950 1509 2017 1551; x_wconf 88' lang='lat' dir='ltr'><strong>ac</strong></span> <span class='ocrx_word' id='word_1_192' title='bbox 2039 1495 2255 1551; x_wconf 85' lang='lat' dir='ltr'><strong>merito.</strong></span> <span class='ocrx_word' id='word_1_193' title='bbox 2289 1493 2422 1551; x_wconf 84' lang='lat' dir='ltr'><strong>Nam</strong></span> <span class='ocrx_word' id='word_1_194' title='bbox 2449 1496 2546 1565; x_wconf 90' lang='lat' dir='ltr'><strong>qui</strong></span> <span class='ocrx_word' id='word_1_195' title='bbox 2567 1495 2758 1560; x_wconf 87' lang='lat' dir='ltr'><strong>Deum,</strong></span> <span class='ocrx_word' id='word_1_196' title='bbox 2795 1511 2825 1552; x_wconf 87' lang='lat' dir='ltr'><strong>a</strong></span> <span class='ocrx_word' id='word_1_197' title='bbox 2851 1510 2960 1567; x_wconf 87' lang='lat' dir='ltr'><strong>quo</strong></span> <span class='ocrx_word' id='word_1_198' title='bbox 2987 1497 3173 1553; x_wconf 84' lang='lat' dir='ltr'><strong>omnia</strong></span> <span class='ocrx_word' id='word_1_199' title='bbox 3208 1495 3350 1552; x_wconf 80' lang='lat' dir='ltr'><strong>facta</strong></span> <span class='ocrx_word' id='word_1_200' title='bbox 3372 1507 3524 1562; x_wconf 83' lang='lat' dir='ltr'><strong>sunt,</strong></span> 
     </span>
    </p>
   </div>
   <div class='ocr_carea' id='block_1_29' title="bbox 1949 1586 3527 1658">
    <p class='ocr_par' dir='ltr' id='par_1_29' title="bbox 1949 1586 3527 1658">
     <span class='ocr_line' id='line_1_29' title="bbox 1949 1586 3527 1658; baseline 0 -15"><span class='ocrx_word' id='word_1_201' title='bbox 1949 1588 2149 1657; x_wconf 71' lang='lat' dir='ltr'><strong>eiurat,</strong></span> <span class='ocrx_word' id='word_1_202' title='bbox 2197 1587 2454 1657; x_wconf 76' lang='lat' dir='ltr'><strong>indignus</strong></span> <span class='ocrx_word' id='word_1_203' title='bbox 2485 1596 2594 1652; x_wconf 87' lang='lat' dir='ltr'><strong>est,</strong></span> <span class='ocrx_word' id='word_1_204' title='bbox 2629 1588 2730 1657; x_wconf 41' lang='lat' dir='ltr'><strong>qui:</strong></span> <span class='ocrx_word' id='word_1_205' title='bbox 2765 1586 2859 1642; x_wconf 87' lang='lat' dir='ltr'><strong>Dei</strong></span> <span class='ocrx_word' id='word_1_206' title='bbox 2903 1588 3065 1642; x_wconf 87' lang='lat' dir='ltr'><strong>bonis</strong></span> <span class='ocrx_word' id='word_1_207' title='bbox 3097 1587 3202 1643; x_wconf 89' lang='lat' dir='ltr'><strong>hoc</strong></span> <span class='ocrx_word' id='word_1_208' title='bbox 3235 1588 3398 1643; x_wconf 89' lang='lat' dir='ltr'><strong>modo</strong></span> <span class='ocrx_word' id='word_1_209' title='bbox 3429 1603 3527 1658; x_wconf 87' lang='lat' dir='ltr'><strong>per</strong></span> 
     </span>
    </p>
   </div>
   <div class='ocr_carea' id='block_1_30' title="bbox 274 1673 1849 1750">
    <p class='ocr_par' dir='ltr' id='par_1_30' title="bbox 274 1675 1848 1750">
     <span class='ocr_line' id='line_1_30' title="bbox 274 1675 1848 1750; baseline -0.003 -17"><span class='ocrx_word' id='word_1_210' title='bbox 274 1695 402 1749; x_wconf 85' lang='grc' dir='ltr'><strong>ρον;</strong></span> <span class='ocrx_word' id='word_1_211' title='bbox 443 1680 504 1732; x_wconf 87' lang='lat'><strong>&#39;0</strong></span> <span class='ocrx_word' id='word_1_212' title='bbox 540 1679 637 1750; x_wconf 82' lang='grc' dir='ltr'><strong>μὲν</strong></span> <span class='ocrx_word' id='word_1_213' title='bbox 669 1677 779 1748; x_wconf 79' lang='grc' dir='ltr'><strong>γὰρ</strong></span> <span class='ocrx_word' id='word_1_214' title='bbox 812 1677 1029 1747; x_wconf 82' lang='grc' dir='ltr'><strong>τρυγῶν</strong></span> <span class='ocrx_word' id='word_1_215' title='bbox 1073 1675 1220 1740; x_wconf 72' lang='grc' dir='ltr'><strong>ἅπαξ</strong></span> <span class='ocrx_word' id='word_1_216' title='bbox 1250 1675 1411 1747; x_wconf 67' lang='grc' dir='ltr'><strong>ἔτεμε</strong></span> <span class='ocrx_word' id='word_1_217' title='bbox 1438 1677 1530 1731; x_wconf 81' lang='grc' dir='ltr'><strong>τὸν</strong></span> <span class='ocrx_word' id='word_1_218' title='bbox 1557 1677 1790 1748; x_wconf 67' lang='grc' dir='ltr'><strong>βότρυνί</strong></span> <span class='ocrx_word' id='word_1_219' title='bbox 1819 1677 1848 1729; x_wconf 88' lang='grc' dir='ltr'><strong>ό</strong></span> 
     </span>
    </p>
   </div>
   <div class='ocr_carea' id='block_1_31' title="bbox 1947 1673 3526 1750">
    <p class='ocr_par' dir='ltr' id='par_1_31' title="bbox 1947 1673 3526 1744">
     <span class='ocr_line' id='line_1_31' title="bbox 1947 1673 3526 1744; baseline 0 -14"><span class='ocrx_word' id='word_1_220' title='bbox 1947 1675 2131 1744; x_wconf 87' lang='lat' dir='ltr'><strong>jocum</strong></span> <span class='ocrx_word' id='word_1_221' title='bbox 2159 1689 2226 1730; x_wconf 88' lang='lat' dir='ltr'><strong>ac</strong></span> <span class='ocrx_word' id='word_1_222' title='bbox 2259 1673 2558 1729; x_wconf 87' lang='lat' dir='ltr'><strong>ludibrium</strong></span> <span class='ocrx_word' id='word_1_223' title='bbox 2588 1675 2784 1738; x_wconf 81' lang='lat' dir='ltr'><strong>alatur.</strong></span> <span class='ocrx_word' id='word_1_224' title='bbox 2813 1673 3081 1730; x_wconf 81' lang='lat' dir='ltr'><strong>Praeterea</strong></span> <span class='ocrx_word' id='word_1_225' title='bbox 3119 1689 3370 1738; x_wconf 87' lang='lat' dir='ltr'><strong>racemos</strong></span> <span class='ocrx_word' id='word_1_226' title='bbox 3399 1691 3526 1730; x_wconf 89' lang='lat' dir='ltr'><strong>cum</strong></span> 
     </span>
    </p>
   </div>
   <div class='ocr_carea' id='block_1_32' title="bbox 271 1767 1848 1838">
    <p class='ocr_par' dir='ltr' id='par_1_32' title="bbox 271 1767 1848 1838">
     <span class='ocr_line' id='line_1_32' title="bbox 271 1767 1848 1838; baseline -0.002 -15"><span class='ocrx_word' id='word_1_227' title='bbox 271 1770 324 1823; x_wconf 80' lang='grc' dir='ltr'><strong>δὲ</strong></span> <span class='ocrx_word' id='word_1_228' title='bbox 353 1769 548 1824; x_wconf 65' lang='grc' dir='ltr'><strong>ἐσθίων</strong></span> <span class='ocrx_word' id='word_1_229' title='bbox 575 1768 661 1822; x_wconf 77' lang='grc' dir='ltr'><strong>διὰ</strong></span> <span class='ocrx_word' id='word_1_230' title='bbox 702 1767 811 1820; x_wconf 81' lang='grc' dir='ltr'><strong>τῶν</strong></span> <span class='ocrx_word' id='word_1_231' title='bbox 841 1768 1088 1837; x_wconf 79' lang='grc' dir='ltr'><strong>μασσητή</strong></span> <span class='ocrx_word' id='word_1_232' title='bbox 1099 1784 1230 1838; x_wconf 86' lang='grc' dir='ltr'><strong>ρων,</strong></span> <span class='ocrx_word' id='word_1_233' title='bbox 1258 1767 1352 1821; x_wconf 76' lang='grc' dir='ltr'><strong>καὶ</strong></span> <span class='ocrx_word' id='word_1_234' title='bbox 1380 1767 1467 1820; x_wconf 83' lang='grc' dir='ltr'><strong>διὰ</strong></span> <span class='ocrx_word' id='word_1_235' title='bbox 1489 1767 1584 1821; x_wconf 88' lang='grc' dir='ltr'><strong>τοῦ</strong></span> <span class='ocrx_word' id='word_1_236' title='bbox 1615 1767 1848 1821; x_wconf 85' lang='grc' dir='ltr'><strong>καταδα-</strong></span> 
     </span>
    </p>
   </div>
   <div class='ocr_carea' id='block_1_33' title="bbox 1954 1763 3526 1835">
    <p class='ocr_par' dir='ltr' id='par_1_33' title="bbox 1954 1763 3526 1835">
     <span class='ocr_line' id='line_1_33' title="bbox 1954 1763 3526 1835; baseline 0.001 -17"><span class='ocrx_word' id='word_1_237' title='bbox 1954 1772 2240 1835; x_wconf 80' lang='lat' dir='ltr'><strong>amputare</strong></span> <span class='ocrx_word' id='word_1_238' title='bbox 2296 1778 2405 1820; x_wconf 92' lang='lat' dir='ltr'><strong>non</strong></span> <span class='ocrx_word' id='word_1_239' title='bbox 2448 1763 2708 1830; x_wconf 82' lang='lat' dir='ltr'><strong>audeant,</strong></span> <span class='ocrx_word' id='word_1_240' title='bbox 2754 1765 2947 1821; x_wconf 87' lang='lat' dir='ltr'><strong>iisdem</strong></span> <span class='ocrx_word' id='word_1_241' title='bbox 2984 1774 3167 1820; x_wconf 82' lang='lat' dir='ltr'><strong>tamen</strong></span> <span class='ocrx_word' id='word_1_242' title='bbox 3206 1775 3526 1829; x_wconf 89' lang='lat' dir='ltr'><strong>vescuntur.</strong></span> 
     </span>
    </p>
   </div>
   <div class='ocr_carea' id='block_1_34' title="bbox 275 1837 1849 1930">
    <p class='ocr_par' dir='ltr' id='par_1_34' title="bbox 275 1837 1845 1930">
     <span class='ocr_line' id='line_1_34' title="bbox 275 1837 1845 1930; baseline 0 -18"><span class='ocrx_word' id='word_1_243' title='bbox 275 1861 466 1930; x_wconf 79' lang='grc' dir='ltr'><strong>μάζειν</strong></span> <span class='ocrx_word' id='word_1_244' title='bbox 493 1860 719 1914; x_wconf 75' lang='grc' dir='ltr'><strong>ἕκαστον</strong></span> <span class='ocrx_word' id='word_1_245' title='bbox 750 1858 971 1922; x_wconf 78' lang='grc' dir='ltr'><strong>κόκκον,</strong></span> <span class='ocrx_word' id='word_1_246' title='bbox 1001 1837 1202 1928; x_wconf 82' lang='grc' dir='ltr'><strong>μᾶλλον</strong></span> <span class='ocrx_word' id='word_1_247' title='bbox 1235 1859 1617 1922; x_wconf 76' lang='grc' dir='ltr'><strong>πολυπλασίως</strong></span> <span class='ocrx_word' id='word_1_248' title='bbox 1646 1859 1845 1912; x_wconf 75' lang='grc' dir='ltr'><strong>ἐϐασά-</strong></span> 
     </span>
    </p>
   </div>
   <div class='ocr_carea' id='block_1_35' title="bbox 1947 1837 3526 1930">
    <p class='ocr_par' dir='ltr' id='par_1_35' title="bbox 1963 1854 3526 1927">
     <span class='ocr_line' id='line_1_35' title="bbox 1963 1854 3526 1927; baseline 0.002 -18"><span class='ocrx_word' id='word_1_249' title='bbox 1963 1863 2024 1910; x_wconf 85' lang='grc' dir='ltr'>υι</span> <span class='ocrx_word' id='word_1_250' title='bbox 2049 1854 2278 1911; x_wconf 87' lang='lat' dir='ltr'><strong>omnino</strong></span> <span class='ocrx_word' id='word_1_251' title='bbox 2300 1862 2517 1910; x_wconf 84' lang='lat' dir='ltr'><strong>constet</strong></span> <span class='ocrx_word' id='word_1_252' title='bbox 2545 1854 2810 1915; x_wconf 82' lang='lat' dir='ltr'><strong>ebrietate</strong></span> <span class='ocrx_word' id='word_1_253' title='bbox 2840 1870 2905 1910; x_wconf 88' lang='lat' dir='ltr'><strong>ac</strong></span> <span class='ocrx_word' id='word_1_254' title='bbox 2925 1856 3250 1911; x_wconf 88' lang='lat' dir='ltr'><strong>temulentia</strong></span> <span class='ocrx_word' id='word_1_255' title='bbox 3282 1857 3405 1912; x_wconf 92' lang='lat' dir='ltr'><strong>illos</strong></span> <span class='ocrx_word' id='word_1_256' title='bbox 3433 1872 3526 1927; x_wconf 92' lang='lat' dir='ltr'><strong>po-</strong></span> 
     </span>
    </p>
   </div>
   <div class='ocr_carea' id='block_1_36' title="bbox 278 1946 1845 2018">
    <p class='ocr_par' dir='ltr' id='par_1_36' title="bbox 278 1946 1845 2018">
     <span class='ocr_line' id='line_1_36' title="bbox 278 1946 1845 2018; baseline -0.002 -15"><span class='ocrx_word' id='word_1_257' title='bbox 278 1967 396 2004; x_wconf 87' lang='grc' dir='ltr'><strong>νισε</strong></span> <span class='ocrx_word' id='word_1_258' title='bbox 446 1951 540 2003; x_wconf 73' lang='grc' dir='ltr'><strong>καὶ</strong></span> <span class='ocrx_word' id='word_1_259' title='bbox 586 1949 766 2018; x_wconf 75' lang='grc' dir='ltr'><strong>ἔτεμε.</strong></span> <span class='ocrx_word' id='word_1_260' title='bbox 809 1949 920 2003; x_wconf 87' lang='lat' dir='ltr'><strong>Ka‘t</strong></span> <span class='ocrx_word' id='word_1_261' title='bbox 988 1948 1085 2017; x_wconf 78' lang='grc' dir='ltr'><strong>οὐχ</strong></span> <span class='ocrx_word' id='word_1_262' title='bbox 1125 1948 1307 2018; x_wconf 79' lang='grc' dir='ltr'><strong>ὅμοιος</strong></span> <span class='ocrx_word' id='word_1_263' title='bbox 1351 1947 1534 2003; x_wconf 75' lang='grc' dir='ltr'><strong>οὐκέτι</strong></span> <span class='ocrx_word' id='word_1_264' title='bbox 1577 1947 1730 2001; x_wconf 70' lang='grc' dir='ltr'><strong>ἔσται</strong></span> <span class='ocrx_word' id='word_1_265' title='bbox 1765 1946 1845 2017; x_wconf 84' lang='grc' dir='ltr'><strong>τῷ</strong></span> 
     </span>
    </p>
   </div>
   <div class='ocr_carea' id='block_1_37' title="bbox 270 2035 1846 2107">
    <p class='ocr_par' dir='ltr' id='par_1_37' title="bbox 270 2035 1846 2107">
     <span class='ocr_line' id='line_1_37' title="bbox 270 2035 1846 2107; baseline -0.002 -17"><span class='ocrx_word' id='word_1_266' title='bbox 270 2037 522 2107; x_wconf 76' lang='grc' dir='ltr'><strong>τέμνοντι</strong></span> <span class='ocrx_word' id='word_1_267' title='bbox 561 2037 706 2104; x_wconf 74' lang='grc' dir='ltr'><strong>ἅπαξ</strong></span> <span class='ocrx_word' id='word_1_268' title='bbox 745 2038 776 2089; x_wconf 90' lang='grc' dir='ltr'><strong>ό</strong></span> <span class='ocrx_word' id='word_1_269' title='bbox 820 2035 1236 2106; x_wconf 84' lang='grc' dir='ltr'><strong>μασσησάμενος</strong></span> <span class='ocrx_word' id='word_1_270' title='bbox 1300 2036 1394 2088; x_wconf 70' lang='grc' dir='ltr'><strong>καὶ</strong></span> <span class='ocrx_word' id='word_1_271' title='bbox 1461 2035 1846 2104; x_wconf 81' lang='grc' dir='ltr'><strong>καταδαπανή-</strong></span> 
     </span>
    </p>
   </div>
   <div class='ocr_carea' id='block_1_38' title="bbox 273 2124 1844 2196">
    <p class='ocr_par' dir='ltr' id='par_1_38' title="bbox 273 2124 1844 2196">
     <span class='ocr_line' id='line_1_38' title="bbox 273 2124 1844 2196; baseline -0.001 -15"><span class='ocrx_word' id='word_1_272' title='bbox 273 2131 404 2190; x_wconf 82' lang='grc' dir='ltr'><strong>σας⁸</strong></span> <span class='ocrx_word' id='word_1_273' title='bbox 429 2144 443 2158; x_wconf 86' lang='grc'><strong>·</strong></span> <span class='ocrx_word' id='word_1_274' title='bbox 493 2127 608 2182; x_wconf 84' lang='grc' dir='ltr'><strong>ἀλλ’</strong></span> <span class='ocrx_word' id='word_1_275' title='bbox 651 2128 738 2181; x_wconf 86' lang='grc' dir='ltr'><strong>ἴνα</strong></span> <span class='ocrx_word' id='word_1_276' title='bbox 786 2126 947 2196; x_wconf 83' lang='grc' dir='ltr'><strong>μόνον</strong></span> <span class='ocrx_word' id='word_1_277' title='bbox 988 2125 1182 2191; x_wconf 78' lang='grc' dir='ltr'><strong>δόξωσι</strong></span> <span class='ocrx_word' id='word_1_278' title='bbox 1229 2124 1522 2190; x_wconf 78' lang='grc' dir='ltr'><strong>δοξοποιείν</strong></span> <span class='ocrx_word' id='word_1_279' title='bbox 1573 2126 1697 2179; x_wconf 83' lang='grc' dir='ltr'><strong>ὅσον</strong></span> <span class='ocrx_word' id='word_1_280' title='bbox 1741 2126 1844 2195; x_wconf 79' lang='grc' dir='ltr'><strong>τῆς</strong></span> 
     </span>
    </p>
   </div>
   <div class='ocr_carea' id='block_1_39' title="bbox 271 2217 1008 2288">
    <p class='ocr_par' dir='ltr' id='par_1_39' title="bbox 271 2217 1008 2288">
     <span class='ocr_line' id='line_1_39' title="bbox 271 2217 1008 2288; baseline -0.003 -16"><span class='ocrx_word' id='word_1_281' title='bbox 271 2217 527 2288; x_wconf 76' lang='grc' dir='ltr'><strong>ἀληθείας</strong></span> <span class='ocrx_word' id='word_1_282' title='bbox 558 2217 668 2287; x_wconf 76' lang='grc' dir='ltr'><strong>ἔχει</strong></span> <span class='ocrx_word' id='word_1_283' title='bbox 690 2217 1008 2287; x_wconf 80' lang='grc' dir='ltr'><strong>τεκμήριον.</strong></span> 
     </span>
    </p>
   </div>
   <div class='ocr_carea' id='block_1_40' title="bbox 1949 1945 3528 2019">
    <p class='ocr_par' dir='ltr' id='par_1_40' title="bbox 1949 1945 3528 2019">
     <span class='ocr_line' id='line_1_40' title="bbox 1949 1945 3528 2019; baseline 0.001 -21"><span class='ocrx_word' id='word_1_284' title='bbox 1949 1946 2082 2012; x_wconf 88' lang='lat' dir='ltr'><strong>tius,</strong></span> <span class='ocrx_word' id='word_1_285' title='bbox 2119 1960 2284 2016; x_wconf 85' lang='lat' dir='ltr'><strong>quam</strong></span> <span class='ocrx_word' id='word_1_286' title='bbox 2325 1954 2581 2015; x_wconf 84' lang='lat' dir='ltr'><strong>suscepta</strong></span> <span class='ocrx_word' id='word_1_287' title='bbox 2629 1947 2858 2004; x_wconf 77' lang='lat' dir='ltr'><strong>veritate</strong></span> <span class='ocrx_word' id='word_1_288' title='bbox 2901 1945 2968 2000; x_wconf 88' lang='lat' dir='ltr'><strong>ad</strong></span> <span class='ocrx_word' id='word_1_289' title='bbox 3018 1947 3074 2003; x_wconf 85' lang='lat' dir='ltr'><strong>id</strong></span> <span class='ocrx_word' id='word_1_290' title='bbox 3117 1947 3342 2019; x_wconf 88' lang='lat' dir='ltr'><strong>impelli.</strong></span> <span class='ocrx_word' id='word_1_291' title='bbox 3385 1946 3528 2016; x_wconf 79' lang='lat' dir='ltr'><strong>Quid</strong></span> 
     </span>
    </p>
   </div>
   <div class='ocr_carea' id='block_1_41' title="bbox 1949 2033 3532 2107">
    <p class='ocr_par' dir='ltr' id='par_1_41' title="bbox 1949 2033 3532 2107">
     <span class='ocr_line' id='line_1_41' title="bbox 1949 2033 3532 2107; baseline 0.001 -16"><span class='ocrx_word' id='word_1_292' title='bbox 1949 2038 2096 2095; x_wconf 83' lang='lat' dir='ltr'><strong>enim</strong></span> <span class='ocrx_word' id='word_1_293' title='bbox 2131 2035 2353 2106; x_wconf 70' lang='lat' dir='ltr'><strong>gravius</strong></span> <span class='ocrx_word' id='word_1_294' title='bbox 2383 2037 2502 2090; x_wconf 82' lang='lat' dir='ltr'><strong>est?</strong></span> <span class='ocrx_word' id='word_1_295' title='bbox 2531 2033 2671 2090; x_wconf 85' lang='lat' dir='ltr'><strong>Nam</strong></span> <span class='ocrx_word' id='word_1_296' title='bbox 2714 2037 2806 2107; x_wconf 84' lang='lat' dir='ltr'><strong>qui</strong></span> <span class='ocrx_word' id='word_1_297' title='bbox 2839 2036 3158 2100; x_wconf 79' lang='lat' dir='ltr'><strong>vindemiat.</strong></span> <span class='ocrx_word' id='word_1_298' title='bbox 3200 2039 3418 2092; x_wconf 89' lang='lat' dir='ltr'><strong>botrum</strong></span> <span class='ocrx_word' id='word_1_299' title='bbox 3449 2055 3532 2094; x_wconf 85' lang='lat' dir='ltr'><strong>se-</strong></span> 
     </span>
    </p>
   </div>
   <div class='ocr_carea' id='block_1_42' title="bbox 1949 2125 3530 2194">
    <p class='ocr_par' dir='ltr' id='par_1_42' title="bbox 1949 2125 3530 2194">
     <span class='ocr_line' id='line_1_42' title="bbox 1949 2125 3530 2194; baseline 0.002 -13"><span class='ocrx_word' id='word_1_300' title='bbox 1949 2126 2060 2184; x_wconf 88' lang='lat' dir='ltr'><strong>mel</strong></span> <span class='ocrx_word' id='word_1_301' title='bbox 2105 2131 2389 2194; x_wconf 80' lang='lat' dir='ltr'><strong>amputat;</strong></span> <span class='ocrx_word' id='word_1_302' title='bbox 2442 2125 2535 2194; x_wconf 88' lang='lat' dir='ltr'><strong>qui</strong></span> <span class='ocrx_word' id='word_1_303' title='bbox 2566 2141 2698 2182; x_wconf 90' lang='lat' dir='ltr'><strong>vero</strong></span> <span class='ocrx_word' id='word_1_304' title='bbox 2743 2127 2998 2190; x_wconf 85' lang='lat' dir='ltr'><strong>comedit,</strong></span> <span class='ocrx_word' id='word_1_305' title='bbox 3028 2126 3158 2182; x_wconf 88' lang='lat' dir='ltr'><strong>dum</strong></span> <span class='ocrx_word' id='word_1_306' title='bbox 3187 2128 3374 2182; x_wconf 84' lang='lat' dir='ltr'><strong>acinus</strong></span> <span class='ocrx_word' id='word_1_307' title='bbox 3415 2128 3530 2184; x_wconf 85' lang='lat' dir='ltr'><strong>sin-</strong></span> 
     </span>
    </p>
   </div>
   <div class='ocr_carea' id='block_1_43' title="bbox 1951 2213 3531 2286">
    <p class='ocr_par' dir='ltr' id='par_1_43' title="bbox 1951 2213 3531 2286">
     <span class='ocr_line' id='line_1_43' title="bbox 1951 2213 3531 2286; baseline 0.002 -16"><span class='ocrx_word' id='word_1_308' title='bbox 1951 2216 2110 2286; x_wconf 75' lang='lat' dir='ltr'><strong>gulos</strong></span> <span class='ocrx_word' id='word_1_309' title='bbox 2145 2213 2355 2268; x_wconf 84' lang='lat' dir='ltr'><strong>mandit</strong></span> <span class='ocrx_word' id='word_1_310' title='bbox 2387 2227 2452 2270; x_wconf 85' lang='lat' dir='ltr'><strong>ac</strong></span> <span class='ocrx_word' id='word_1_311' title='bbox 2497 2215 2753 2270; x_wconf 83' lang='lat' dir='ltr'><strong>dentibus</strong></span> <span class='ocrx_word' id='word_1_312' title='bbox 2814 2216 3157 2280; x_wconf 91' lang='lat' dir='ltr'><strong>comminuit,</strong></span> <span class='ocrx_word' id='word_1_313' title='bbox 3207 2219 3379 2272; x_wconf 90' lang='lat' dir='ltr'><strong>multo</strong></span> <span class='ocrx_word' id='word_1_314' title='bbox 3413 2218 3531 2274; x_wconf 87' lang='lat' dir='ltr'><strong>ani-</strong></span> 
     </span>
    </p>
   </div>
   <div class='ocr_carea' id='block_1_44' title="bbox 271 2302 3537 2378">
    <p class='ocr_par' dir='ltr' id='par_1_44' title="bbox 271 2302 3537 2378">
     <span class='ocr_line' id='line_1_44' title="bbox 271 2302 3537 2378; baseline 0.001 -16"><span class='ocrx_word' id='word_1_315' title='bbox 271 2322 417 2369; x_wconf 83' lang='lat' dir='ltr'><strong>mam</strong></span> <span class='ocrx_word' id='word_1_316' title='bbox 447 2314 661 2378; x_wconf 86' lang='lat' dir='ltr'><strong>torquet</strong></span> <span class='ocrx_word' id='word_1_317' title='bbox 703 2305 1078 2362; x_wconf 78' lang='lat' dir='ltr'><strong>vehementius</strong></span> <span class='ocrx_word' id='word_1_318' title='bbox 1114 2319 1180 2360; x_wconf 85' lang='lat' dir='ltr'><strong>ac</strong></span> <span class='ocrx_word' id='word_1_319' title='bbox 1217 2303 1479 2366; x_wconf 86' lang='lat' dir='ltr'><strong>concidit.</strong></span> <span class='ocrx_word' id='word_1_320' title='bbox 1509 2302 1621 2360; x_wconf 85' lang='lat' dir='ltr'><strong>Nec</strong></span> <span class='ocrx_word' id='word_1_321' title='bbox 1655 2303 1843 2360; x_wconf 83' lang='lat' dir='ltr'><strong>eadem</strong></span> <span class='ocrx_word' id='word_1_322' title='bbox 1883 2305 2004 2375; x_wconf 83' lang='lat' dir='ltr'><strong>ejus</strong></span> <span class='ocrx_word' id='word_1_323' title='bbox 2038 2305 2131 2378; x_wconf 86' lang='lat' dir='ltr'><strong>qui</strong></span> <span class='ocrx_word' id='word_1_324' title='bbox 2167 2308 2336 2364; x_wconf 87' lang='lat' dir='ltr'><strong>semel</strong></span> <span class='ocrx_word' id='word_1_325' title='bbox 2365 2312 2597 2373; x_wconf 83' lang='lat' dir='ltr'><strong>resecat,</strong></span> <span class='ocrx_word' id='word_1_326' title='bbox 2639 2320 2705 2360; x_wconf 88' lang='lat' dir='ltr'><strong>ac</strong></span> <span class='ocrx_word' id='word_1_327' title='bbox 2738 2306 2831 2376; x_wconf 91' lang='lat' dir='ltr'><strong>qui</strong></span> <span class='ocrx_word' id='word_1_328' title='bbox 2867 2307 3146 2362; x_wconf 82' lang='lat' dir='ltr'><strong>eommolit</strong></span> <span class='ocrx_word' id='word_1_329' title='bbox 3210 2317 3264 2364; x_wconf 90' lang='lat' dir='ltr'><strong>et</strong></span> <span class='ocrx_word' id='word_1_330' title='bbox 3322 2324 3537 2367; x_wconf 85' lang='lat' dir='ltr'><strong>consu-.</strong></span> 
     </span>
    </p>
   </div>
   <div class='ocr_carea' id='block_1_45' title="bbox 275 2396 3532 2473">
    <p class='ocr_par' dir='ltr' id='par_1_45' title="bbox 275 2396 3532 2473">
     <span class='ocr_line' id='line_1_45' title="bbox 275 2396 3532 2473; baseline 0.001 -19"><span class='ocrx_word' id='word_1_331' title='bbox 275 2401 396 2462; x_wconf 86' lang='lat' dir='ltr'><strong>mit,</strong></span> <span class='ocrx_word' id='word_1_332' title='bbox 436 2412 560 2454; x_wconf 86' lang='lat' dir='ltr'><strong>esse</strong></span> <span class='ocrx_word' id='word_1_333' title='bbox 591 2400 734 2452; x_wconf 83' lang='lat' dir='ltr'><strong>ratio</strong></span> <span class='ocrx_word' id='word_1_334' title='bbox 767 2398 996 2453; x_wconf 83' lang='lat' dir='ltr'><strong>videtur.</strong></span> <span class='ocrx_word' id='word_1_335' title='bbox 1070 2397 1178 2454; x_wconf 83' lang='lat' dir='ltr'><strong>Sed</strong></span> <span class='ocrx_word' id='word_1_336' title='bbox 1214 2397 1269 2460; x_wconf 85' lang='lat' dir='ltr'><strong>id</strong></span> <span class='ocrx_word' id='word_1_337' title='bbox 1303 2413 1475 2452; x_wconf 84' lang='lat' dir='ltr'><strong>unum</strong></span> <span class='ocrx_word' id='word_1_338' title='bbox 1515 2405 1762 2467; x_wconf 72' lang='lat' dir='ltr'><strong>spectare</strong></span> <span class='ocrx_word' id='word_1_339' title='bbox 1793 2397 2070 2463; x_wconf 78' lang='lat' dir='ltr'><strong>videntitr,</strong></span> <span class='ocrx_word' id='word_1_340' title='bbox 2123 2409 2183 2454; x_wconf 87' lang='lat' dir='ltr'><strong>ut</strong></span> <span class='ocrx_word' id='word_1_341' title='bbox 2256 2397 2401 2467; x_wconf 90' lang='lat' dir='ltr'><strong>quod</strong></span> <span class='ocrx_word' id='word_1_342' title='bbox 2471 2396 2716 2452; x_wconf 67' lang='lat' dir='ltr'><strong>veritatis</strong></span> <span class='ocrx_word' id='word_1_343' title='bbox 2785 2397 3048 2453; x_wconf 90' lang='lat' dir='ltr'><strong>indicium</strong></span> <span class='ocrx_word' id='word_1_344' title='bbox 3096 2407 3374 2473; x_wconf 88' lang='lat' dir='ltr'><strong>utcunque</strong></span> <span class='ocrx_word' id='word_1_345' title='bbox 3419 2418 3532 2472; x_wconf 71' lang='lat' dir='ltr'><strong>pra:</strong></span> 
     </span>
    </p>
   </div>
   <div class='ocr_carea' id='block_1_46' title="bbox 271 2491 2358 2564">
    <p class='ocr_par' dir='ltr' id='par_1_46' title="bbox 271 2491 2358 2564">
     <span class='ocr_line' id='line_1_46' title="bbox 271 2491 2358 2564; baseline -0.003 -14"><span class='ocrx_word' id='word_1_346' title='bbox 271 2506 334 2550; x_wconf 78' lang='lat' dir='ltr'><strong>se</strong></span> <span class='ocrx_word' id='word_1_347' title='bbox 372 2492 477 2547; x_wconf 77' lang='lat' dir='ltr'><strong>fert</strong></span> <span class='ocrx_word' id='word_1_348' title='bbox 508 2493 759 2564; x_wconf 69' lang='lat' dir='ltr'><strong>666ml</strong></span> <span class='ocrx_word' id='word_1_349' title='bbox 792 2493 1103 2562; x_wconf 86' lang='lat' dir='ltr'><strong>opinionem</strong></span> <span class='ocrx_word' id='word_1_350' title='bbox 1138 2507 1294 2548; x_wconf 88' lang='lat' dir='ltr'><strong>suam</strong></span> <span class='ocrx_word' id='word_1_351' title='bbox 1340 2491 1741 2546; x_wconf 65' lang='lat' dir='ltr'><strong>cunciliandam</strong></span> <span class='ocrx_word' id='word_1_352' title='bbox 1787 2492 1842 2546; x_wconf 91' lang='lat' dir='ltr'><strong>in</strong></span> <span class='ocrx_word' id='word_1_353' title='bbox 1882 2493 2118 2546; x_wconf 87' lang='lat' dir='ltr'><strong>medium</strong></span> <span class='ocrx_word' id='word_1_354' title='bbox 2146 2491 2358 2548; x_wconf 84' lang='lat' dir='ltr'><strong>all‘erat.</strong></span> 
     </span>
    </p>
   </div>
   <div class='ocr_carea' id='block_1_47' title="bbox 340 2579 1852 2658">
    <p class='ocr_par' dir='ltr' id='par_1_47' title="bbox 340 2579 1852 2658">
     <span class='ocr_line' id='line_1_47' title="bbox 340 2579 1852 2658; baseline 0 -21"><span class='ocrx_word' id='word_1_355' title='bbox 340 2584 467 2639; x_wconf 82' lang='lat' dir='ltr'><strong>NA&#39;.</strong></span> <span class='ocrx_word' id='word_1_356' title='bbox 502 2579 637 2637; x_wconf 78' lang='grc' dir='ltr'><strong>Εἶτα</strong></span> <span class='ocrx_word' id='word_1_357' title='bbox 677 2584 838 2638; x_wconf 87' lang='grc' dir='ltr'><strong>πάλιν</strong></span> <span class='ocrx_word' id='word_1_358' title='bbox 865 2583 1266 2656; x_wconf 79' lang='grc' dir='ltr'><strong>άθυρογλωττεί</strong></span> <span class='ocrx_word' id='word_1_359' title='bbox 1308 2585 1438 2658; x_wconf 73' lang='grc' dir='ltr'><strong>περὶ</strong></span> <span class='ocrx_word' id='word_1_360' title='bbox 1465 2584 1562 2639; x_wconf 88' lang='grc' dir='ltr'><strong>τοῦ</strong></span> <span class='ocrx_word' id='word_1_361' title='bbox 1596 2585 1852 2657; x_wconf 76' lang='grc' dir='ltr'><strong>παραδεί-</strong></span> 
     </span>
    </p>
   </div>
   <div class='ocr_carea' id='block_1_48' title="bbox 271 2674 1850 2748">
    <p class='ocr_par' dir='ltr' id='par_1_48' title="bbox 271 2674 1850 2748">
     <span class='ocr_line' id='line_1_48' title="bbox 271 2674 1850 2748; baseline 0 -18"><span class='ocrx_word' id='word_1_362' title='bbox 271 2693 392 2737; x_wconf 79' lang='grc' dir='ltr'><strong>σου,</strong></span> <span class='ocrx_word' id='word_1_363' title='bbox 417 2674 476 2730; x_wconf 80' lang='grc' dir='ltr'><strong>ὃν</strong></span> <span class='ocrx_word' id='word_1_364' title='bbox 507 2675 659 2729; x_wconf 78' lang='grc' dir='ltr'><strong>καλεῖ</strong></span> <span class='ocrx_word' id='word_1_365' title='bbox 686 2675 912 2746; x_wconf 79' lang='grc' dir='ltr'><strong>κόσμον.</strong></span> <span class='ocrx_word' id='word_1_366' title='bbox 948 2677 1108 2730; x_wconf 84' lang='grc' dir='ltr'><strong>Ἐστι</strong></span> <span class='ocrx_word' id='word_1_367' title='bbox 1134 2676 1214 2744; x_wconf 81' lang='grc' dir='ltr'><strong>δὲ,</strong></span> <span class='ocrx_word' id='word_1_368' title='bbox 1245 2678 1397 2748; x_wconf 70' lang='grc' dir='ltr'><strong>φησὶ,</strong></span> <span class='ocrx_word' id='word_1_369' title='bbox 1428 2677 1496 2732; x_wconf 82' lang='grc' dir='ltr'><strong>τὰ</strong></span> <span class='ocrx_word' id='word_1_370' title='bbox 1523 2676 1668 2747; x_wconf 80' lang='grc' dir='ltr'><strong>φυτὰ</strong></span> <span class='ocrx_word' id='word_1_371' title='bbox 1693 2677 1761 2731; x_wconf 74' lang='grc' dir='ltr'><strong>τὰ</strong></span> <span class='ocrx_word' id='word_1_372' title='bbox 1792 2679 1850 2730; x_wconf 75' lang='grc' dir='ltr'><strong>ὲν</strong></span> 
     </span>
    </p>
   </div>
   <div class='ocr_carea' id='block_1_49' title="bbox 273 2765 1850 2839">
    <p class='ocr_par' dir='ltr' id='par_1_49' title="bbox 273 2765 1850 2839">
     <span class='ocr_line' id='line_1_49' title="bbox 273 2765 1850 2839; baseline -0.001 -17"><span class='ocrx_word' id='word_1_373' title='bbox 273 2765 442 2836; x_wconf 80' lang='grc' dir='ltr'><strong>αὐτῷ.</strong></span> <span class='ocrx_word' id='word_1_374' title='bbox 472 2766 511 2821; x_wconf 71' lang='grc' dir='ltr'><strong>ἃ.</strong></span> <span class='ocrx_word' id='word_1_375' title='bbox 545 2767 670 2836; x_wconf 85' lang='grc' dir='ltr'><strong>παρ’</strong></span> <span class='ocrx_word' id='word_1_376' title='bbox 699 2769 832 2836; x_wconf 77' lang='grc' dir='ltr'><strong>ἡμῖν</strong></span> <span class='ocrx_word' id='word_1_377' title='bbox 871 2765 1152 2832; x_wconf 68' lang='grc' dir='ltr'><strong>ἐπαινετὰ,</strong></span> <span class='ocrx_word' id='word_1_378' title='bbox 1185 2766 1222 2820; x_wconf 71' lang='grc' dir='ltr'><strong>ἃ.</strong></span> <span class='ocrx_word' id='word_1_379' title='bbox 1255 2767 1418 2831; x_wconf 76' lang='grc' dir='ltr'><strong>αὐτὸς</strong></span> <span class='ocrx_word' id='word_1_380' title='bbox 1457 2769 1724 2839; x_wconf 78' lang='grc' dir='ltr'><strong>ἀρνεῖται,</strong></span> <span class='ocrx_word' id='word_1_381' title='bbox 1762 2769 1850 2821; x_wconf 79' lang='grc' dir='ltr'><strong>ἵνα</strong></span> 
     </span>
    </p>
   </div>
   <div class='ocr_carea' id='block_1_50' title="bbox 270 2856 1850 2929">
    <p class='ocr_par' dir='ltr' id='par_1_50' title="bbox 270 2856 1850 2929">
     <span class='ocr_line' id='line_1_50' title="bbox 270 2856 1850 2929; baseline 0 -19"><span class='ocrx_word' id='word_1_382' title='bbox 270 2856 455 2928; x_wconf 84' lang='grc' dir='ltr'><strong>δειχθῇ</strong></span> <span class='ocrx_word' id='word_1_383' title='bbox 488 2856 700 2927; x_wconf 82' lang='grc' dir='ltr'><strong>άληθῶς</strong></span> <span class='ocrx_word' id='word_1_384' title='bbox 752 2857 860 2910; x_wconf 82' lang='grc' dir='ltr'>ὑπὸ</span> <span class='ocrx_word' id='word_1_385' title='bbox 899 2856 994 2910; x_wconf 79' lang='grc' dir='ltr'><strong>τοῦ</strong></span> <span class='ocrx_word' id='word_1_386' title='bbox 1039 2857 1216 2926; x_wconf 74' lang='grc' dir='ltr'><strong>ὕφεως</strong></span> <span class='ocrx_word' id='word_1_387' title='bbox 1242 2860 1612 2929; x_wconf 72' lang='grc' dir='ltr'><strong>ἠπατημένος.</strong></span> <span class='ocrx_word' id='word_1_388' title='bbox 1648 2857 1850 2924; x_wconf 77' lang='grc' dir='ltr'><strong>Καθὼς</strong></span> 
     </span>
    </p>
   </div>
   <div class='ocr_carea' id='block_1_51' title="bbox 275 2947 1848 3021">
    <p class='ocr_par' dir='ltr' id='par_1_51' title="bbox 275 2947 1848 3021">
     <span class='ocr_line' id='line_1_51' title="bbox 275 2947 1848 3021; baseline -0.001 -19"><span class='ocrx_word' id='word_1_389' title='bbox 275 2949 492 3018; x_wconf 62' lang='grc' dir='ltr'><strong>ὲκείνης</strong></span> <span class='ocrx_word' id='word_1_390' title='bbox 518 2948 850 3019; x_wconf 80' lang='grc' dir='ltr'><strong>παρέφθειρε</strong></span> <span class='ocrx_word' id='word_1_391' title='bbox 878 2948 974 3021; x_wconf 72' lang='grc' dir='ltr'><strong>τὴν</strong></span> <span class='ocrx_word' id='word_1_392' title='bbox 1002 2947 1170 3019; x_wconf 73' lang='grc' dir='ltr'><strong>ἀκοὴν</strong></span> <span class='ocrx_word' id='word_1_393' title='bbox 1203 2950 1303 3020; x_wconf 81' lang='grc' dir='ltr'><strong>τῆς</strong></span> <span class='ocrx_word' id='word_1_394' title='bbox 1333 2950 1542 3004; x_wconf 80' lang='grc' dir='ltr'><strong>ἀκάκου</strong></span> <span class='ocrx_word' id='word_1_395' title='bbox 1568 2949 1733 3016; x_wconf 75' lang='grc' dir='ltr'><strong>Εὔας,</strong></span> <span class='ocrx_word' id='word_1_396' title='bbox 1757 2948 1848 3002; x_wconf 80' lang='grc' dir='ltr'><strong>οὖ-</strong></span> 
     </span>
    </p>
   </div>
   <div class='ocr_carea' id='block_1_52' title="bbox 271 3038 1848 3110">
    <p class='ocr_par' dir='ltr' id='par_1_52' title="bbox 271 3038 1848 3110">
     <span class='ocr_line' id='line_1_52' title="bbox 271 3038 1848 3110; baseline 0.001 -19"><span class='ocrx_word' id='word_1_397' title='bbox 271 3055 381 3102; x_wconf 82' lang='grc' dir='ltr'><strong>τως</strong></span> <span class='ocrx_word' id='word_1_398' title='bbox 408 3040 438 3091; x_wconf 89' lang='grc' dir='ltr'><strong>ό</strong></span> <span class='ocrx_word' id='word_1_399' title='bbox 459 3038 626 3102; x_wconf 81' lang='grc' dir='ltr'><strong>δεινὸς</strong></span> <span class='ocrx_word' id='word_1_400' title='bbox 654 3038 777 3108; x_wconf 76' lang='grc' dir='ltr'><strong>ὄφις</strong></span> <span class='ocrx_word' id='word_1_401' title='bbox 810 3038 905 3093; x_wconf 81' lang='grc' dir='ltr'><strong>καὶ</strong></span> <span class='ocrx_word' id='word_1_402' title='bbox 942 3038 1104 3101; x_wconf 73' lang='grc' dir='ltr'><strong>αὐτὸς</strong></span> <span class='ocrx_word' id='word_1_403' title='bbox 1139 3038 1500 3110; x_wconf 80' lang='grc' dir='ltr'><strong>παραφθείρει</strong></span> <span class='ocrx_word' id='word_1_404' title='bbox 1543 3039 1733 3102; x_wconf 78' lang='grc' dir='ltr'><strong>ἀκοάς.</strong></span> <span class='ocrx_word' id='word_1_405' title='bbox 1764 3038 1848 3092; x_wconf 85' lang='grc' dir='ltr'><strong>Τὰ</strong></span> 
     </span>
    </p>
   </div>
   <div class='ocr_carea' id='block_1_53' title="bbox 2021 2583 3528 2662">
    <p class='ocr_par' dir='ltr' id='par_1_53' title="bbox 2021 2583 3528 2662">
     <span class='ocr_line' id='line_1_53' title="bbox 2021 2583 3528 2662; baseline 0.003 -22"><span class='ocrx_word' id='word_1_406' title='bbox 2021 2584 2160 2642; x_wconf 81' lang='lat' dir='ltr'><strong>LIV.</strong></span> <span class='ocrx_word' id='word_1_407' title='bbox 2201 2583 2404 2641; x_wconf 87' lang='lat' dir='ltr'><strong>Eadem</strong></span> <span class='ocrx_word' id='word_1_408' title='bbox 2433 2585 2631 2656; x_wconf 69' lang='lat' dir='ltr'><strong>lingua:</strong></span> <span class='ocrx_word' id='word_1_409' title='bbox 2659 2585 2880 2641; x_wconf 89' lang='lat' dir='ltr'><strong>licentia</strong></span> <span class='ocrx_word' id='word_1_410' title='bbox 2925 2586 2994 2641; x_wconf 89' lang='lat' dir='ltr'><strong>de</strong></span> <span class='ocrx_word' id='word_1_411' title='bbox 3039 2587 3294 2658; x_wconf 86' lang='lat' dir='ltr'><strong>paradiso</strong></span> <span class='ocrx_word' id='word_1_412' title='bbox 3332 2591 3528 2662; x_wconf 71' lang='lat' dir='ltr'><strong>garrit,</strong></span> 
     </span>
    </p>
   </div>
   <div class='ocr_carea' id='block_1_54' title="bbox 1950 2675 3528 2750">
    <p class='ocr_par' dir='ltr' id='par_1_54' title="bbox 1950 2675 3528 2750">
     <span class='ocr_line' id='line_1_54' title="bbox 1950 2675 3528 2750; baseline 0.004 -20"><span class='ocrx_word' id='word_1_413' title='bbox 1950 2690 2113 2746; x_wconf 89' lang='lat' dir='ltr'><strong>quem</strong></span> <span class='ocrx_word' id='word_1_414' title='bbox 2144 2675 2412 2732; x_wconf 90' lang='lat' dir='ltr'><strong>mundum</strong></span> <span class='ocrx_word' id='word_1_415' title='bbox 2445 2677 2705 2746; x_wconf 88' lang='lat' dir='ltr'><strong>appellat.</strong></span> <span class='ocrx_word' id='word_1_416' title='bbox 2746 2677 2888 2731; x_wconf 88' lang='lat' dir='ltr'><strong>Sunt</strong></span> <span class='ocrx_word' id='word_1_417' title='bbox 2915 2685 3124 2746; x_wconf 81' lang='lat' dir='ltr'><strong>autem,</strong></span> <span class='ocrx_word' id='word_1_418' title='bbox 3160 2689 3216 2736; x_wconf 91' lang='lat' dir='ltr'><strong>ut</strong></span> <span class='ocrx_word' id='word_1_419' title='bbox 3244 2681 3338 2735; x_wconf 88' lang='lat' dir='ltr'><strong>ille</strong></span> <span class='ocrx_word' id='word_1_420' title='bbox 3369 2682 3528 2750; x_wconf 89' lang='lat' dir='ltr'><strong>dicit,</strong></span> 
     </span>
    </p>
   </div>
   <div class='ocr_carea' id='block_1_55' title="bbox 1947 2766 3529 2840">
    <p class='ocr_par' dir='ltr' id='par_1_55' title="bbox 1947 2766 3529 2840">
     <span class='ocr_line' id='line_1_55' title="bbox 1947 2766 3529 2840; baseline 0.006 -19"><span class='ocrx_word' id='word_1_421' title='bbox 1947 2766 2199 2837; x_wconf 60' lang='lat' dir='ltr'><strong>quaedam</strong></span> <span class='ocrx_word' id='word_1_422' title='bbox 2230 2767 2286 2822; x_wconf 92' lang='lat' dir='ltr'><strong>in</strong></span> <span class='ocrx_word' id='word_1_423' title='bbox 2325 2767 2421 2822; x_wconf 88' lang='lat' dir='ltr'><strong>illo</strong></span> <span class='ocrx_word' id='word_1_424' title='bbox 2455 2769 2704 2832; x_wconf 81' lang='lat' dir='ltr'><strong>arbores,</strong></span> <span class='ocrx_word' id='word_1_425' title='bbox 2738 2783 2878 2839; x_wconf 86' lang='lat' dir='ltr'><strong>quas</strong></span> <span class='ocrx_word' id='word_1_426' title='bbox 2911 2784 3015 2826; x_wconf 90' lang='lat' dir='ltr'><strong>nos</strong></span> <span class='ocrx_word' id='word_1_427' title='bbox 3039 2769 3262 2840; x_wconf 85' lang='lat' dir='ltr'><strong>quidem</strong></span> <span class='ocrx_word' id='word_1_428' title='bbox 3298 2773 3529 2830; x_wconf 64' lang='lat' dir='ltr'><strong>laudem</strong></span> 
     </span>
    </p>
   </div>
   <div class='ocr_carea' id='block_1_56' title="bbox 1947 2858 3532 2929">
    <p class='ocr_par' dir='ltr' id='par_1_56' title="bbox 1947 2858 3532 2929">
     <span class='ocr_line' id='line_1_56' title="bbox 1947 2858 3532 2929; baseline 0.006 -19"><span class='ocrx_word' id='word_1_429' title='bbox 1947 2859 2048 2913; x_wconf 89' lang='lat' dir='ltr'><strong>das</strong></span> <span class='ocrx_word' id='word_1_430' title='bbox 2086 2858 2449 2922; x_wconf 87' lang='lat' dir='ltr'><strong>arbitramur,</strong></span> <span class='ocrx_word' id='word_1_431' title='bbox 2505 2859 2629 2929; x_wconf 86' lang='lat' dir='ltr'><strong>ipse.</strong></span> <span class='ocrx_word' id='word_1_432' title='bbox 2651 2874 2780 2916; x_wconf 85' lang='lat' dir='ltr'><strong>vero</strong></span> <span class='ocrx_word' id='word_1_433' title='bbox 2814 2861 3054 2926; x_wconf 88' lang='lat' dir='ltr'><strong>damnat,</strong></span> <span class='ocrx_word' id='word_1_434' title='bbox 3096 2870 3156 2918; x_wconf 91' lang='lat' dir='ltr'><strong>ut</strong></span> <span class='ocrx_word' id='word_1_435' title='bbox 3185 2863 3271 2918; x_wconf 90' lang='lat' dir='ltr'><strong>vel</strong></span> <span class='ocrx_word' id='word_1_436' title='bbox 3315 2864 3418 2921; x_wconf 84' lang='lat' dir='ltr'><strong>hac</strong></span> <span class='ocrx_word' id='word_1_437' title='bbox 3442 2880 3532 2920; x_wconf 87' lang='lat' dir='ltr'><strong>ra-</strong></span> 
     </span>
    </p>
   </div>
   <div class='ocr_carea' id='block_1_57' title="bbox 1961 2947 3531 3020">
    <p class='ocr_par' dir='ltr' id='par_1_57' title="bbox 1961 2947 3531 3020">
     <span class='ocr_line' id='line_1_57' title="bbox 1961 2947 3531 3020; baseline 0.008 -20"><span class='ocrx_word' id='word_1_438' title='bbox 1961 2947 2110 3002; x_wconf 83' lang='lat' dir='ltr'><strong>tione</strong></span> <span class='ocrx_word' id='word_1_439' title='bbox 2157 2947 2446 3019; x_wconf 87' lang='lat' dir='ltr'><strong>deceptum</strong></span> <span class='ocrx_word' id='word_1_440' title='bbox 2493 2964 2554 3008; x_wconf 83' lang='lat' dir='ltr'><strong>se</strong></span> <span class='ocrx_word' id='word_1_441' title='bbox 2594 2949 2663 3019; x_wconf 82' lang='lat' dir='ltr'><strong>ab</strong></span> <span class='ocrx_word' id='word_1_442' title='bbox 2709 2958 2962 3020; x_wconf 82' lang='lat' dir='ltr'><strong>serpente</strong></span> <span class='ocrx_word' id='word_1_443' title='bbox 2995 2950 3354 3009; x_wconf 83' lang='lat' dir='ltr'><strong>demonstret.</strong></span> <span class='ocrx_word' id='word_1_444' title='bbox 3394 2953 3531 3012; x_wconf 83' lang='lat' dir='ltr'><strong>Nam</strong></span> 
     </span>
    </p>
   </div>
   <div class='ocr_carea' id='block_1_58' title="bbox 1951 3037 3533 3112">
    <p class='ocr_par' dir='ltr' id='par_1_58' title="bbox 1951 3037 3533 3112">
     <span class='ocr_line' id='line_1_58' title="bbox 1951 3037 3533 3112; baseline 0.006 -20"><span class='ocrx_word' id='word_1_445' title='bbox 1951 3037 2409 3108; x_wconf 84' lang='lat' dir='ltr'><strong>quemadmodum</strong></span> <span class='ocrx_word' id='word_1_446' title='bbox 2445 3039 2548 3096; x_wconf 87' lang='lat' dir='ltr'><strong>iste</strong></span> <span class='ocrx_word' id='word_1_447' title='bbox 2583 3040 2812 3096; x_wconf 88' lang='lat' dir='ltr'><strong>nimium</strong></span> <span class='ocrx_word' id='word_1_448' title='bbox 2850 3041 3116 3112; x_wconf 88' lang='lat' dir='ltr'><strong>simplicis</strong></span> <span class='ocrx_word' id='word_1_449' title='bbox 3146 3042 3270 3098; x_wconf 72' lang='lat' dir='ltr'><strong>Eva:</strong></span> <span class='ocrx_word' id='word_1_450' title='bbox 3302 3045 3533 3103; x_wconf 79' lang='lat' dir='ltr'><strong>auribus</strong></span> 
     </span>
    </p>
   </div>
   <div class='ocr_carea' id='block_1_59' title="bbox 270 3127 1849 3208">
    <p class='ocr_par' dir='ltr' id='par_1_59' title="bbox 270 3127 1841 3200">
     <span class='ocr_line' id='line_1_59' title="bbox 270 3127 1841 3200; baseline 0 -18"><span class='ocrx_word' id='word_1_451' title='bbox 270 3129 407 3200; x_wconf 79' lang='grc' dir='ltr'><strong>γὰρ,</strong></span> <span class='ocrx_word' id='word_1_452' title='bbox 438 3128 622 3199; x_wconf 78' lang='grc' dir='ltr'><strong>φησὶν,</strong></span> <span class='ocrx_word' id='word_1_453' title='bbox 653 3130 710 3183; x_wconf 84' lang='grc' dir='ltr'><strong>ὲν</strong></span> <span class='ocrx_word' id='word_1_454' title='bbox 735 3127 814 3200; x_wconf 82' lang='grc' dir='ltr'><strong>τῷ</strong></span> <span class='ocrx_word' id='word_1_455' title='bbox 843 3127 1157 3199; x_wconf 76' lang='grc' dir='ltr'><strong>παραδείσῳ</strong></span> <span class='ocrx_word' id='word_1_456' title='bbox 1182 3128 1449 3200; x_wconf 84' lang='grc' dir='ltr'><strong>λεγόμενα</strong></span> <span class='ocrx_word' id='word_1_457' title='bbox 1487 3131 1630 3199; x_wconf 75' lang='grc' dir='ltr'><strong>φυτὰ</strong></span> <span class='ocrx_word' id='word_1_458' title='bbox 1654 3128 1841 3182; x_wconf 72' lang='grc' dir='ltr'><strong>ἐπιθυ-</strong></span> 
     </span>
    </p>
   </div>
   <div class='ocr_carea' id='block_1_60' title="bbox 1947 3127 3535 3208">
    <p class='ocr_par' dir='ltr' id='par_1_60' title="bbox 1951 3129 3535 3202">
     <span class='ocr_line' id='line_1_60' title="bbox 1951 3129 3535 3202; baseline 0.005 -19"><span class='ocrx_word' id='word_1_459' title='bbox 1951 3129 2248 3198; x_wconf 88' lang='lat' dir='ltr'><strong>perniciem</strong></span> <span class='ocrx_word' id='word_1_460' title='bbox 2266 3130 2565 3186; x_wconf 82' lang='lat' dir='ltr'><strong>insinuavit</strong></span> <span class='ocrx_word' id='word_1_461' title='bbox 2587 3146 2600 3184; x_wconf 90' lang='lat'><strong>:</strong></span> <span class='ocrx_word' id='word_1_462' title='bbox 2623 3131 2710 3200; x_wconf 79' lang='lat' dir='ltr'><strong>sic</strong></span> <span class='ocrx_word' id='word_1_463' title='bbox 2738 3141 2792 3188; x_wconf 88' lang='lat' dir='ltr'><strong>et</strong></span> <span class='ocrx_word' id='word_1_464' title='bbox 2813 3132 2976 3202; x_wconf 84' lang='lat' dir='ltr'><strong>hujus</strong></span> <span class='ocrx_word' id='word_1_465' title='bbox 3005 3133 3251 3190; x_wconf 88' lang='lat' dir='ltr'><strong>auditum</strong></span> <span class='ocrx_word' id='word_1_466' title='bbox 3277 3135 3420 3190; x_wconf 91' lang='lat' dir='ltr'><strong>idem</strong></span> <span class='ocrx_word' id='word_1_467' title='bbox 3441 3135 3535 3192; x_wconf 78' lang='lat' dir='ltr'><strong>ille</strong></span> 
     </span>
    </p>
   </div>
   <div class='ocr_carea' id='block_1_61' title="bbox 275 3217 1874 3290">
    <p class='ocr_par' dir='ltr' id='par_1_61' title="bbox 275 3217 1874 3290">
     <span class='ocr_line' id='line_1_61' title="bbox 275 3217 1874 3290; baseline 0.001 -20"><span class='ocrx_word' id='word_1_468' title='bbox 275 3217 415 3287; x_wconf 81' lang='grc' dir='ltr'><strong>μιῶν</strong></span> <span class='ocrx_word' id='word_1_469' title='bbox 443 3219 578 3272; x_wconf 73' lang='grc' dir='ltr'><strong>εἰσιν</strong></span> <span class='ocrx_word' id='word_1_470' title='bbox 609 3218 836 3282; x_wconf 80' lang='grc' dir='ltr'><strong>ἀπάται,</strong></span> <span class='ocrx_word' id='word_1_471' title='bbox 862 3217 920 3270; x_wconf 83' lang='grc' dir='ltr'><strong>αἳ</strong></span> <span class='ocrx_word' id='word_1_472' title='bbox 943 3217 1312 3288; x_wconf 83' lang='grc' dir='ltr'><strong>διαφθείρουσι</strong></span> <span class='ocrx_word' id='word_1_473' title='bbox 1340 3218 1431 3272; x_wconf 80' lang='grc' dir='ltr'><strong>τὸν</strong></span> <span class='ocrx_word' id='word_1_474' title='bbox 1457 3219 1719 3289; x_wconf 83' lang='grc' dir='ltr'><strong>λογισμὸν</strong></span> <span class='ocrx_word' id='word_1_475' title='bbox 1741 3219 1874 3290; x_wconf 29' lang='grc' dir='ltr'><strong>τῶν,</strong></span> 
     </span>
    </p>
   </div>
   <div class='ocr_carea' id='block_1_62' title="bbox 272 3299 1853 3378">
    <p class='ocr_par' dir='ltr' id='par_1_62' title="bbox 272 3299 1853 3378">
     <span class='ocr_line' id='line_1_62' title="bbox 272 3299 1853 3378; baseline 0.001 -20"><span class='ocrx_word' id='word_1_476' title='bbox 272 3304 594 3376; x_wconf 75' lang='grc' dir='ltr'><strong>ἀνθρώπιον.</strong></span> <span class='ocrx_word' id='word_1_477' title='bbox 636 3306 709 3358; x_wconf 84' lang='grc' dir='ltr'><strong>Τὸ</strong></span> <span class='ocrx_word' id='word_1_478' title='bbox 756 3304 816 3358; x_wconf 76' lang='grc' dir='ltr'><strong>δὲ</strong></span> <span class='ocrx_word' id='word_1_479' title='bbox 865 3305 924 3358; x_wconf 84' lang='grc' dir='ltr'><strong>ὲν</strong></span> <span class='ocrx_word' id='word_1_480' title='bbox 973 3304 1050 3374; x_wconf 84' lang='grc' dir='ltr'><strong>τῷ</strong></span> <span class='ocrx_word' id='word_1_481' title='bbox 1087 3306 1407 3378; x_wconf 83' lang='grc' dir='ltr'><strong>παραδείσῳ</strong></span> <span class='ocrx_word' id='word_1_482' title='bbox 1445 3305 1636 3375; x_wconf 75' lang='grc' dir='ltr'><strong>φυτὸν,</strong></span> <span class='ocrx_word' id='word_1_483' title='bbox 1678 3306 1740 3371; x_wconf 73' lang='grc' dir='ltr'><strong>ἐξ</strong></span> <span class='ocrx_word' id='word_1_484' title='bbox 1772 3299 1853 3359; x_wconf 86' lang='grc' dir='ltr'><strong>ὧν</strong></span> 
     </span>
    </p>
   </div>
   <div class='ocr_carea' id='block_1_63' title="bbox 271 3395 1852 3469">
    <p class='ocr_par' dir='ltr' id='par_1_63' title="bbox 271 3395 1852 3469">
     <span class='ocr_line' id='line_1_63' title="bbox 271 3395 1852 3469; baseline 0.001 -21"><span class='ocrx_word' id='word_1_485' title='bbox 271 3397 595 3467; x_wconf 75' lang='grc' dir='ltr'><strong>γνωρίζουσι</strong></span> <span class='ocrx_word' id='word_1_486' title='bbox 621 3397 680 3451; x_wconf 79' lang='grc' dir='ltr'><strong>τὺ</strong></span> <span class='ocrx_word' id='word_1_487' title='bbox 702 3395 886 3460; x_wconf 78' lang='grc' dir='ltr'><strong>καλὸν,</strong></span> <span class='ocrx_word' id='word_1_488' title='bbox 913 3396 1075 3461; x_wconf 84' lang='grc' dir='ltr'><strong>αὐτός</strong></span> <span class='ocrx_word' id='word_1_489' title='bbox 1103 3399 1251 3452; x_wconf 78' lang='grc' dir='ltr'><strong>ἐστιν</strong></span> <span class='ocrx_word' id='word_1_490' title='bbox 1275 3400 1304 3452; x_wconf 84' lang='grc' dir='ltr'>ὀ</span> <span class='ocrx_word' id='word_1_491' title='bbox 1342 3398 1570 3469; x_wconf 85' lang='grc' dir='ltr'><strong>Ἰησοῦς,</strong></span> <span class='ocrx_word' id='word_1_492' title='bbox 1592 3401 1628 3469; x_wconf 78' lang='grc' dir='ltr'><strong>ἠ</strong></span> <span class='ocrx_word' id='word_1_493' title='bbox 1652 3398 1852 3467; x_wconf 84' lang='grc' dir='ltr'><strong>γνῶσις</strong></span> 
     </span>
    </p>
   </div>
   <div class='ocr_carea' id='block_1_64' title="bbox 272 3487 1852 3562">
    <p class='ocr_par' dir='ltr' id='par_1_64' title="bbox 272 3487 1852 3562">
     <span class='ocr_line' id='line_1_64' title="bbox 272 3487 1852 3562; baseline 0.001 -20"><span class='ocrx_word' id='word_1_494' title='bbox 272 3488 309 3555; x_wconf 69' lang='grc' dir='ltr'><strong>ἡ</strong></span> <span class='ocrx_word' id='word_1_495' title='bbox 340 3490 399 3542; x_wconf 79' lang='grc' dir='ltr'><strong>ἐν</strong></span> <span class='ocrx_word' id='word_1_496' title='bbox 423 3487 500 3557; x_wconf 82' lang='grc' dir='ltr'><strong>τῷ</strong></span> <span class='ocrx_word' id='word_1_497' title='bbox 532 3487 740 3559; x_wconf 84' lang='grc' dir='ltr'><strong>κόσμῳ.</strong></span> <span class='ocrx_word' id='word_1_498' title='bbox 787 3488 845 3542; x_wconf 83' lang='grc' dir='ltr'>Ὀ</span> <span class='ocrx_word' id='word_1_499' title='bbox 872 3487 929 3542; x_wconf 88' lang='grc' dir='ltr'><strong>δὲ</strong></span> <span class='ocrx_word' id='word_1_500' title='bbox 965 3487 1261 3562; x_wconf 75' lang='grc' dir='ltr'><strong>λαμϐάνων</strong></span> <span class='ocrx_word' id='word_1_501' title='bbox 1300 3489 1568 3562; x_wconf 81' lang='grc' dir='ltr'><strong>διακρίνει</strong></span> <span class='ocrx_word' id='word_1_502' title='bbox 1597 3491 1658 3542; x_wconf 80' lang='grc' dir='ltr'><strong>τὸ</strong></span> <span class='ocrx_word' id='word_1_503' title='bbox 1689 3489 1852 3544; x_wconf 75' lang='grc' dir='ltr'><strong>καλὸν</strong></span> 
     </span>
    </p>
   </div>
   <div class='ocr_carea' id='block_1_65' title="bbox 273 3578 1850 3652">
    <p class='ocr_par' dir='ltr' id='par_1_65' title="bbox 273 3578 1850 3652">
     <span class='ocr_line' id='line_1_65' title="bbox 273 3578 1850 3652; baseline 0 -18"><span class='ocrx_word' id='word_1_504' title='bbox 273 3579 367 3634; x_wconf 70' lang='grc' dir='ltr'><strong>καὶ</strong></span> <span class='ocrx_word' id='word_1_505' title='bbox 395 3578 458 3631; x_wconf 83' lang='grc' dir='ltr'><strong>τὸ</strong></span> <span class='ocrx_word' id='word_1_506' title='bbox 485 3579 670 3633; x_wconf 78' lang='grc' dir='ltr'><strong>κακόν.</strong></span> <span class='ocrx_word' id='word_1_507' title='bbox 699 3579 807 3634; x_wconf 80' lang='grc' dir='ltr'><strong>Καὶ</strong></span> <span class='ocrx_word' id='word_1_508' title='bbox 833 3580 966 3650; x_wconf 79' lang='grc' dir='ltr'><strong>ὁρᾷς</strong></span> <span class='ocrx_word' id='word_1_509' title='bbox 997 3580 1116 3644; x_wconf 79' lang='grc' dir='ltr'><strong>πῶς</strong></span> <span class='ocrx_word' id='word_1_510' title='bbox 1140 3580 1320 3634; x_wconf 86' lang='grc' dir='ltr'><strong>πάντα</strong></span> <span class='ocrx_word' id='word_1_511' title='bbox 1341 3582 1410 3635; x_wconf 78' lang='grc' dir='ltr'><strong>τὰ</strong></span> <span class='ocrx_word' id='word_1_512' title='bbox 1439 3581 1574 3650; x_wconf 83' lang='grc' dir='ltr'><strong>ὀρθὰ</strong></span> <span class='ocrx_word' id='word_1_513' title='bbox 1601 3581 1850 3652; x_wconf 71' lang='grc' dir='ltr'><strong>διαπρέο</strong></span> 
     </span>
    </p>
   </div>
   <div class='ocr_carea' id='block_1_66' title="bbox 273 3667 1849 3742">
    <p class='ocr_par' dir='ltr' id='par_1_66' title="bbox 273 3667 1849 3742">
     <span class='ocr_line' id='line_1_66' title="bbox 273 3667 1849 3742; baseline 0.003 -22"><span class='ocrx_word' id='word_1_514' title='bbox 273 3682 365 3736; x_wconf 66' lang='grc' dir='ltr'><strong>φει</strong></span> <span class='ocrx_word' id='word_1_515' title='bbox 387 3706 402 3732; x_wconf 91' lang='grc'><strong>,</strong></span> <span class='ocrx_word' id='word_1_516' title='bbox 437 3667 534 3720; x_wconf 87' lang='grc' dir='ltr'><strong>τοῦ</strong></span> <span class='ocrx_word' id='word_1_517' title='bbox 577 3667 898 3722; x_wconf 81' lang='grc' dir='ltr'><strong>Ἀποστόλου</strong></span> <span class='ocrx_word' id='word_1_518' title='bbox 940 3668 1241 3742; x_wconf 74' lang='grc' dir='ltr'><strong>διαρρήδην</strong></span> <span class='ocrx_word' id='word_1_519' title='bbox 1282 3670 1514 3741; x_wconf 84' lang='grc' dir='ltr'><strong>βοῶντος</strong></span> <span class='ocrx_word' id='word_1_520' title='bbox 1556 3673 1648 3725; x_wconf 73' lang='grc' dir='ltr'><strong>καὶ</strong></span> <span class='ocrx_word' id='word_1_521' title='bbox 1702 3671 1849 3726; x_wconf 84' lang='grc' dir='ltr'><strong>διδά-</strong></span> 
     </span>
    </p>
   </div>
   <div class='ocr_carea' id='block_1_67' title="bbox 275 3755 1850 3834">
    <p class='ocr_par' dir='ltr' id='par_1_67' title="bbox 275 3755 1850 3834">
     <span class='ocr_line' id='line_1_67' title="bbox 275 3755 1850 3834; baseline 0.006 -29"><span class='ocrx_word' id='word_1_522' title='bbox 275 3769 521 3818; x_wconf 81' lang='grc' dir='ltr'><strong>σκοντος,</strong></span> <span class='ocrx_word' id='word_1_523' title='bbox 562 3755 644 3808; x_wconf 79' lang='grc' dir='ltr'><strong>ὅτι</strong></span> <span class='ocrx_word' id='word_1_524' title='bbox 685 3755 980 3826; x_wconf 78' lang='grc' dir='ltr'><strong>Φοϐοῦμαι</strong></span> <span class='ocrx_word' id='word_1_525' title='bbox 1004 3756 1242 3828; x_wconf 75' lang='grc' dir='ltr'><strong>μήπως,</strong></span> <span class='ocrx_word' id='word_1_526' title='bbox 1281 3759 1362 3825; x_wconf 85' lang='grc' dir='ltr'><strong>ὡς</strong></span> <span class='ocrx_word' id='word_1_527' title='bbox 1391 3760 1424 3814; x_wconf 86' lang='grc' dir='ltr'><em>ὀ</em></span> <span class='ocrx_word' id='word_1_528' title='bbox 1453 3758 1589 3829; x_wconf 68' lang='grc' dir='ltr'><strong>ὄφις</strong></span> <span class='ocrx_word' id='word_1_529' title='bbox 1623 3759 1850 3834; x_wconf 75' lang='grc' dir='ltr'><strong>ἐξηπά-</strong></span> 
     </span>
    </p>
   </div>
   <div class='ocr_carea' id='block_1_68' title="bbox 269 3846 1853 3919">
    <p class='ocr_par' dir='ltr' id='par_1_68' title="bbox 269 3846 1853 3919">
     <span class='ocr_line' id='line_1_68' title="bbox 269 3846 1853 3919; baseline 0.006 -22"><span class='ocrx_word' id='word_1_530' title='bbox 269 3859 465 3912; x_wconf 73' lang='grc' dir='ltr'><strong>τησεν</strong></span> <span class='ocrx_word' id='word_1_531' title='bbox 499 3846 664 3900; x_wconf 80' lang='grc' dir='ltr'><strong>Εὕαν</strong></span> <span class='ocrx_word' id='word_1_532' title='bbox 703 3846 775 3900; x_wconf 72' lang='grc' dir='ltr'><strong>ἐν</strong></span> <span class='ocrx_word' id='word_1_533' title='bbox 817 3846 893 3914; x_wconf 75' lang='grc' dir='ltr'><strong>τῇ</strong></span> <span class='ocrx_word' id='word_1_534' title='bbox 937 3849 1297 3918; x_wconf 79' lang='grc' dir='ltr'><strong>πανουργίᾳ,</strong></span> <span class='ocrx_word' id='word_1_535' title='bbox 1345 3849 1499 3904; x_wconf 83' lang='grc' dir='ltr'><strong>οὕτω</strong></span> <span class='ocrx_word' id='word_1_536' title='bbox 1545 3847 1742 3919; x_wconf 78' lang='grc' dir='ltr'><strong>φθαρῇ</strong></span> <span class='ocrx_word' id='word_1_537' title='bbox 1778 3851 1853 3906; x_wconf 79' lang='grc' dir='ltr'><strong>τὰ</strong></span> 
     </span>
    </p>
   </div>
   <div class='ocr_carea' id='block_1_69' title="bbox 272 3935 1852 4010">
    <p class='ocr_par' dir='ltr' id='par_1_69' title="bbox 272 3935 1852 4010">
     <span class='ocr_line' id='line_1_69' title="bbox 272 3935 1852 4010; baseline 0.004 -20"><span class='ocrx_word' id='word_1_538' title='bbox 272 3936 544 4005; x_wconf 73' lang='grc' dir='ltr'><strong>νοήματα</strong></span> <span class='ocrx_word' id='word_1_539' title='bbox 566 3938 734 4007; x_wconf 69' lang='grc' dir='ltr'><strong>ὑμῶν</strong></span> <span class='ocrx_word' id='word_1_540' title='bbox 759 3935 878 3992; x_wconf 79' lang='grc' dir='ltr'><strong>ἀπὸ</strong></span> <span class='ocrx_word' id='word_1_541' title='bbox 906 3937 1016 4007; x_wconf 81' lang='grc' dir='ltr'><strong>τῆς</strong></span> <span class='ocrx_word' id='word_1_542' title='bbox 1038 3938 1364 4008; x_wconf 75' lang='grc' dir='ltr'><strong>ἀγνότητος</strong></span> <span class='ocrx_word' id='word_1_543' title='bbox 1400 3939 1500 3995; x_wconf 76' lang='grc' dir='ltr'><strong>καί</strong></span> <span class='ocrx_word' id='word_1_544' title='bbox 1528 3939 1639 4010; x_wconf 84' lang='grc' dir='ltr'><strong>τῆς</strong></span> <span class='ocrx_word' id='word_1_545' title='bbox 1663 3942 1852 3996; x_wconf 78' lang='grc' dir='ltr'><strong>ἁπλό-</strong></span> 
     </span>
    </p>
   </div>
   <div class='ocr_carea' id='block_1_70' title="bbox 273 4024 1848 4101">
    <p class='ocr_par' dir='ltr' id='par_1_70' title="bbox 273 4024 1848 4101">
     <span class='ocr_line' id='line_1_70' title="bbox 273 4024 1848 4101; baseline -0.013 -9"><span class='ocrx_word' id='word_1_546' title='bbox 273 4040 477 4093; x_wconf 79' lang='grc' dir='ltr'><strong>τητος.</strong></span> <span class='ocrx_word' id='word_1_547' title='bbox 505 4025 616 4094; x_wconf 80' lang='grc' dir='ltr'><strong>τῆς</strong></span> <span class='ocrx_word' id='word_1_548' title='bbox 641 4028 728 4093; x_wconf 79' lang='grc' dir='ltr'><strong>εις</strong></span> <span class='ocrx_word' id='word_1_549' title='bbox 754 4024 863 4080; x_wconf 84' lang='grc' dir='ltr'><strong>τόν</strong></span> <span class='ocrx_word' id='word_1_550' title='bbox 893 4028 1170 4094; x_wconf 83' lang='grc' dir='ltr'><strong>Χριστόν.</strong></span> <span class='ocrx_word' id='word_1_551' title='bbox 1205 4029 1316 4082; x_wconf 73' lang='grc' dir='ltr'><strong>Καὶ</strong></span> <span class='ocrx_word' id='word_1_552' title='bbox 1341 4030 1444 4100; x_wconf 82' lang='grc' dir='ltr'><strong>ὅρα</strong></span> <span class='ocrx_word' id='word_1_553' title='bbox 1483 4029 1601 4093; x_wconf 85' lang='grc' dir='ltr'><strong>πῶς</strong></span> <span class='ocrx_word' id='word_1_554' title='bbox 1631 4031 1848 4101; x_wconf 73' lang='grc' dir='ltr'><strong>ἀπεφή.</strong></span> 
     </span>
    </p>
   </div>
   <div class='ocr_carea' id='block_1_71' title="bbox 273 4115 1851 4193">
    <p class='ocr_par' dir='ltr' id='par_1_71' title="bbox 273 4115 1851 4193">
     <span class='ocr_line' id='line_1_71' title="bbox 273 4115 1851 4193; baseline 0.004 -25"><span class='ocrx_word' id='word_1_555' title='bbox 273 4131 405 4168; x_wconf 88' lang='grc' dir='ltr'><strong>νατο</strong></span> <span class='ocrx_word' id='word_1_556' title='bbox 447 4115 608 4168; x_wconf 76' lang='grc' dir='ltr'><strong>αὐτὸν</strong></span> <span class='ocrx_word' id='word_1_557' title='bbox 647 4116 844 4169; x_wconf 84' lang='grc' dir='ltr'><strong>πλάνον</strong></span> <span class='ocrx_word' id='word_1_558' title='bbox 891 4118 985 4171; x_wconf 80' lang='grc' dir='ltr'><strong>καὶ</strong></span> <span class='ocrx_word' id='word_1_559' title='bbox 1019 4117 1348 4190; x_wconf 77' lang='grc' dir='ltr'><strong>πανοῦργον,</strong></span> <span class='ocrx_word' id='word_1_560' title='bbox 1401 4121 1496 4178; x_wconf 75' lang='grc' dir='ltr'><strong>καὶ</strong></span> <span class='ocrx_word' id='word_1_561' title='bbox 1529 4122 1851 4193; x_wconf 76' lang='grc' dir='ltr'><strong>ἠπατηκότα</strong></span> 
     </span>
    </p>
   </div>
   <div class='ocr_carea' id='block_1_72' title="bbox 271 4203 1851 4280">
    <p class='ocr_par' dir='ltr' id='par_1_72' title="bbox 271 4203 1851 4280">
     <span class='ocr_line' id='line_1_72' title="bbox 271 4203 1851 4280; baseline 0.006 -24"><span class='ocrx_word' id='word_1_562' title='bbox 271 4203 372 4275; x_wconf 80' lang='grc' dir='ltr'><strong>τὴν</strong></span> <span class='ocrx_word' id='word_1_563' title='bbox 393 4203 557 4258; x_wconf 77' lang='grc' dir='ltr'><strong>Εὔαν.</strong></span> <span class='ocrx_word' id='word_1_564' title='bbox 587 4205 698 4259; x_wconf 76' lang='grc' dir='ltr'><strong>Καὶ</strong></span> <span class='ocrx_word' id='word_1_565' title='bbox 731 4206 890 4260; x_wconf 84' lang='grc' dir='ltr'><strong>πάλιν</strong></span> <span class='ocrx_word' id='word_1_566' title='bbox 917 4208 976 4263; x_wconf 85' lang='grc' dir='ltr'><strong>ὲν</strong></span> <span class='ocrx_word' id='word_1_567' title='bbox 1004 4207 1149 4278; x_wconf 77' lang='grc' dir='ltr'><strong>ἄλλῳ</strong></span> <span class='ocrx_word' id='word_1_568' title='bbox 1180 4210 1330 4280; x_wconf 85' lang='grc' dir='ltr'><strong>τόπῳ</strong></span> <span class='ocrx_word' id='word_1_569' title='bbox 1359 4211 1386 4264; x_wconf 92' lang='grc' dir='ltr'><strong>ό</strong></span> <span class='ocrx_word' id='word_1_570' title='bbox 1410 4210 1572 4274; x_wconf 81' lang='grc' dir='ltr'><strong>αὐτὸς</strong></span> <span class='ocrx_word' id='word_1_571' title='bbox 1599 4212 1851 4266; x_wconf 77' lang='grc' dir='ltr'><strong>Ἀπόστοο</strong></span> 
     </span>
    </p>
   </div>
   <div class='ocr_carea' id='block_1_73' title="bbox 271 4293 1851 4369">
    <p class='ocr_par' dir='ltr' id='par_1_73' title="bbox 271 4293 1851 4369">
     <span class='ocr_line' id='line_1_73' title="bbox 271 4293 1851 4369; baseline 0.006 -21"><span class='ocrx_word' id='word_1_572' title='bbox 271 4293 394 4357; x_wconf 84' lang='grc' dir='ltr'><strong>λος·</strong></span> <span class='ocrx_word' id='word_1_573' title='bbox 444 4295 613 4364; x_wconf 76' lang='grc' dir='ltr'><strong>Ἀνὴρ</strong></span> <span class='ocrx_word' id='word_1_574' title='bbox 664 4298 776 4350; x_wconf 83' lang='grc' dir='ltr'><strong>οὐκ</strong></span> <span class='ocrx_word' id='word_1_575' title='bbox 818 4298 1047 4366; x_wconf 70' lang='grc' dir='ltr'><strong>ὀφείλει</strong></span> <span class='ocrx_word' id='word_1_576' title='bbox 1085 4300 1300 4369; x_wconf 55' lang='grc' dir='ltr'><strong>κοιᾲν,</strong></span> <span class='ocrx_word' id='word_1_577' title='bbox 1334 4299 1486 4366; x_wconf 78' lang='grc' dir='ltr'><strong>δόξα</strong></span> <span class='ocrx_word' id='word_1_578' title='bbox 1525 4301 1626 4356; x_wconf 73' lang='grc' dir='ltr'><strong>καὶ</strong></span> <span class='ocrx_word' id='word_1_579' title='bbox 1675 4301 1851 4356; x_wconf 71' lang='grc' dir='ltr'><strong>εἰκὼν</strong></span> 
     </span>
    </p>
   </div>
   <div class='ocr_carea' id='block_1_74' title="bbox 272 4383 1849 4464">
    <p class='ocr_par' dir='ltr' id='par_1_74' title="bbox 272 4383 1849 4464">
     <span class='ocr_line' id='line_1_74' title="bbox 272 4383 1849 4464; baseline 0.005 -25"><span class='ocrx_word' id='word_1_580' title='bbox 272 4383 427 4439; x_wconf 80' lang='grc' dir='ltr'><strong>Θεοῦ</strong></span> <span class='ocrx_word' id='word_1_581' title='bbox 454 4385 758 4455; x_wconf 72' lang='grc' dir='ltr'><strong>ὑπάρχων.</strong></span> <span class='ocrx_word' id='word_1_582' title='bbox 790 4388 902 4443; x_wconf 74' lang='grc' dir='ltr'><strong>Καὶ</strong></span> <span class='ocrx_word' id='word_1_583' title='bbox 938 4389 1094 4460; x_wconf 76' lang='grc' dir='ltr'><strong>ὁρᾷς,</strong></span> <span class='ocrx_word' id='word_1_584' title='bbox 1136 4390 1212 4454; x_wconf 84' lang='grc' dir='ltr'><strong>ὡς</strong></span> <span class='ocrx_word' id='word_1_585' title='bbox 1242 4391 1397 4455; x_wconf 79' lang='grc' dir='ltr'><strong>δόξαν</strong></span> <span class='ocrx_word' id='word_1_586' title='bbox 1437 4391 1572 4444; x_wconf 88' lang='grc' dir='ltr'><strong>Θεοῦ</strong></span> <span class='ocrx_word' id='word_1_587' title='bbox 1616 4390 1720 4463; x_wconf 73' lang='grc' dir='ltr'><strong>ἔφη</strong></span> <span class='ocrx_word' id='word_1_588' title='bbox 1749 4394 1849 4464; x_wconf 79' lang='grc' dir='ltr'><strong>τὴν</strong></span> 
     </span>
    </p>
   </div>
   <div class='ocr_carea' id='block_1_75' title="bbox 1951 3217 3534 3296">
    <p class='ocr_par' dir='ltr' id='par_1_75' title="bbox 1951 3217 3534 3296">
     <span class='ocr_line' id='line_1_75' title="bbox 1951 3217 3534 3296; baseline 0.005 -24"><span class='ocrx_word' id='word_1_589' title='bbox 1951 3231 2178 3288; x_wconf 86' lang='lat' dir='ltr'><strong>serpens</strong></span> <span class='ocrx_word' id='word_1_590' title='bbox 2198 3217 2479 3274; x_wconf 88' lang='lat' dir='ltr'><strong>horribilis</strong></span> <span class='ocrx_word' id='word_1_591' title='bbox 2508 3219 2754 3288; x_wconf 88' lang='lat' dir='ltr'><strong>corrupit</strong></span> <span class='ocrx_word' id='word_1_592' title='bbox 2776 3220 2814 3274; x_wconf 81' lang='lat'><strong>&#39;.</strong></span> <span class='ocrx_word' id='word_1_593' title='bbox 2843 3218 2954 3275; x_wconf 66' lang='lat' dir='ltr'><strong>Illae</strong></span> <span class='ocrx_word' id='word_1_594' title='bbox 2973 3221 3158 3292; x_wconf 82' lang='lat' dir='ltr'><strong>igitur,</strong></span> <span class='ocrx_word' id='word_1_595' title='bbox 3192 3223 3387 3293; x_wconf 89' lang='lat' dir='ltr'><strong>inquit,</strong></span> <span class='ocrx_word' id='word_1_596' title='bbox 3411 3239 3534 3296; x_wconf 68' lang='lat' dir='ltr'><strong>qua</strong></span> 
     </span>
    </p>
   </div>
   <div class='ocr_carea' id='block_1_76' title="bbox 1949 3304 3534 3380">
    <p class='ocr_par' dir='ltr' id='par_1_76' title="bbox 1949 3304 3534 3380">
     <span class='ocr_line' id='line_1_76' title="bbox 1949 3304 3534 3380; baseline 0.006 -22"><span class='ocrx_word' id='word_1_597' title='bbox 1949 3305 2008 3363; x_wconf 87' lang='lat' dir='ltr'><strong>in</strong></span> <span class='ocrx_word' id='word_1_598' title='bbox 2029 3304 2286 3374; x_wconf 80' lang='lat' dir='ltr'><strong>paradiso</strong></span> <span class='ocrx_word' id='word_1_599' title='bbox 2318 3321 2442 3362; x_wconf 86' lang='lat' dir='ltr'><strong>esse</strong></span> <span class='ocrx_word' id='word_1_600' title='bbox 2459 3305 2741 3378; x_wconf 78' lang='lat' dir='ltr'><strong>dicuntur,</strong></span> <span class='ocrx_word' id='word_1_601' title='bbox 2767 3307 3020 3374; x_wconf 87' lang='lat' dir='ltr'><strong>arbores,</strong></span> <span class='ocrx_word' id='word_1_602' title='bbox 3059 3311 3376 3380; x_wconf 86' lang='lat' dir='ltr'><strong>cupiditatis</strong></span> <span class='ocrx_word' id='word_1_603' title='bbox 3410 3313 3534 3368; x_wconf 80' lang='lat' dir='ltr'><strong>ille-</strong></span> 
     </span>
    </p>
   </div>
   <div class='ocr_carea' id='block_1_77' title="bbox 1950 3389 3531 3464">
    <p class='ocr_par' dir='ltr' id='par_1_77' title="bbox 1950 3389 3531 3464">
     <span class='ocr_line' id='line_1_77' title="bbox 1950 3389 3531 3464; baseline 0.006 -22"><span class='ocrx_word' id='word_1_604' title='bbox 1950 3389 2128 3444; x_wconf 75' lang='lat' dir='ltr'><strong>cebrae</strong></span> <span class='ocrx_word' id='word_1_605' title='bbox 2162 3397 2314 3455; x_wconf 86' lang='lat' dir='ltr'><strong>sunt,</strong></span> <span class='ocrx_word' id='word_1_606' title='bbox 2347 3391 2547 3460; x_wconf 88' lang='lat' dir='ltr'><strong>quibus</strong></span> <span class='ocrx_word' id='word_1_607' title='bbox 2589 3391 2871 3446; x_wconf 85' lang='lat' dir='ltr'><strong>hominum</strong></span> <span class='ocrx_word' id='word_1_608' title='bbox 2911 3394 3075 3447; x_wconf 91' lang='lat' dir='ltr'><strong>animi</strong></span> <span class='ocrx_word' id='word_1_609' title='bbox 3113 3394 3397 3464; x_wconf 89' lang='lat' dir='ltr'><strong>depravari</strong></span> <span class='ocrx_word' id='word_1_610' title='bbox 3435 3413 3531 3456; x_wconf 84' lang='lat' dir='ltr'><strong>so-</strong></span> 
     </span>
    </p>
   </div>
   <div class='ocr_carea' id='block_1_78' title="bbox 1951 3470 3530 3546">
    <p class='ocr_par' dir='ltr' id='par_1_78' title="bbox 1951 3470 3530 3546">
     <span class='ocr_line' id='line_1_78' title="bbox 1951 3470 3530 3546; baseline 0.006 -22"><span class='ocrx_word' id='word_1_611' title='bbox 1951 3470 2082 3525; x_wconf 92' lang='lat' dir='ltr'><strong>lent.</strong></span> <span class='ocrx_word' id='word_1_612' title='bbox 2125 3470 2300 3526; x_wconf 87' lang='lat' dir='ltr'><strong>Porro</strong></span> <span class='ocrx_word' id='word_1_613' title='bbox 2349 3473 2554 3541; x_wconf 81' lang='lat' dir='ltr'><strong>lignum</strong></span> <span class='ocrx_word' id='word_1_614' title='bbox 2579 3473 2712 3528; x_wconf 93' lang='lat' dir='ltr'><strong>illud</strong></span> <span class='ocrx_word' id='word_1_615' title='bbox 2758 3488 2870 3543; x_wconf 91' lang='lat' dir='ltr'><strong>quo</strong></span> <span class='ocrx_word' id='word_1_616' title='bbox 2921 3475 3123 3529; x_wconf 90' lang='lat' dir='ltr'><strong>bonum</strong></span> <span class='ocrx_word' id='word_1_617' title='bbox 3167 3477 3530 3546; x_wconf 78' lang='lat' dir='ltr'><strong>dignoscitur.</strong></span> 
     </span>
    </p>
   </div>
   <div class='ocr_carea' id='block_1_79' title="bbox 1949 3559 3533 3635">
    <p class='ocr_par' dir='ltr' id='par_1_79' title="bbox 1949 3559 3533 3635">
     <span class='ocr_line' id='line_1_79' title="bbox 1949 3559 3533 3635; baseline 0.008 -22"><span class='ocrx_word' id='word_1_618' title='bbox 1949 3560 2180 3634; x_wconf 84' lang='lat' dir='ltr'><strong>ipsemet</strong></span> <span class='ocrx_word' id='word_1_619' title='bbox 2203 3559 2363 3617; x_wconf 84' lang='lat' dir='ltr'><strong>Jesus</strong></span> <span class='ocrx_word' id='word_1_620' title='bbox 2401 3569 2506 3625; x_wconf 88' lang='lat' dir='ltr'><strong>est,</strong></span> <span class='ocrx_word' id='word_1_621' title='bbox 2531 3563 2647 3618; x_wconf 83' lang='lat' dir='ltr'><strong>sive</strong></span> <span class='ocrx_word' id='word_1_622' title='bbox 2680 3563 2933 3629; x_wconf 86' lang='lat' dir='ltr'><strong>scientia,</strong></span> <span class='ocrx_word' id='word_1_623' title='bbox 2960 3580 3083 3635; x_wconf 72' lang='lat' dir='ltr'><strong>qua:</strong></span> <span class='ocrx_word' id='word_1_624' title='bbox 3115 3565 3170 3621; x_wconf 91' lang='lat' dir='ltr'><strong>in</strong></span> <span class='ocrx_word' id='word_1_625' title='bbox 3195 3566 3298 3621; x_wconf 90' lang='lat' dir='ltr'><strong>hoc</strong></span> <span class='ocrx_word' id='word_1_626' title='bbox 3328 3569 3533 3625; x_wconf 88' lang='lat' dir='ltr'><strong>mundo</strong></span> 
     </span>
    </p>
   </div>
   <div class='ocr_carea' id='block_1_80' title="bbox 1949 3650 3530 3723">
    <p class='ocr_par' dir='ltr' id='par_1_80' title="bbox 1949 3650 3530 3723">
     <span class='ocr_line' id='line_1_80' title="bbox 1949 3650 3530 3723; baseline 0.006 -18"><span class='ocrx_word' id='word_1_627' title='bbox 1949 3650 2158 3706; x_wconf 88' lang='lat' dir='ltr'><strong>residet</strong></span> <span class='ocrx_word' id='word_1_628' title='bbox 2186 3670 2199 3706; x_wconf 87' lang='lat'><strong>:</strong></span> <span class='ocrx_word' id='word_1_629' title='bbox 2231 3666 2398 3721; x_wconf 86' lang='lat' dir='ltr'><strong>quam</strong></span> <span class='ocrx_word' id='word_1_630' title='bbox 2421 3652 2518 3723; x_wconf 90' lang='lat' dir='ltr'><strong>qui</strong></span> <span class='ocrx_word' id='word_1_631' title='bbox 2541 3652 2740 3723; x_wconf 88' lang='lat' dir='ltr'><strong>accipit</strong></span> <span class='ocrx_word' id='word_1_632' title='bbox 2773 3653 2975 3709; x_wconf 85' lang='lat' dir='ltr'><strong>bonum</strong></span> <span class='ocrx_word' id='word_1_633' title='bbox 3013 3668 3044 3707; x_wconf 88' lang='lat' dir='ltr'><strong>a</strong></span> <span class='ocrx_word' id='word_1_634' title='bbox 3078 3656 3222 3712; x_wconf 89' lang='lat' dir='ltr'><strong>malo</strong></span> <span class='ocrx_word' id='word_1_635' title='bbox 3247 3657 3530 3715; x_wconf 87' lang='lat' dir='ltr'><strong>discernit.</strong></span> 
     </span>
    </p>
   </div>
   <div class='ocr_carea' id='block_1_81' title="bbox 1965 3738 3534 3819">
    <p class='ocr_par' dir='ltr' id='par_1_81' title="bbox 1965 3738 3534 3819">
     <span class='ocr_line' id='line_1_81' title="bbox 1965 3738 3534 3819; baseline 0.006 -23"><span class='ocrx_word' id='word_1_636' title='bbox 1965 3738 2133 3796; x_wconf 77' lang='lat' dir='ltr'><strong>Vides</strong></span> <span class='ocrx_word' id='word_1_637' title='bbox 2154 3749 2213 3796; x_wconf 93' lang='lat' dir='ltr'><strong>ut</strong></span> <span class='ocrx_word' id='word_1_638' title='bbox 2239 3742 2344 3797; x_wconf 89' lang='lat' dir='ltr'><strong>iste</strong></span> <span class='ocrx_word' id='word_1_639' title='bbox 2373 3742 2638 3814; x_wconf 86' lang='lat' dir='ltr'><strong>quidquid</strong></span> <span class='ocrx_word' id='word_1_640' title='bbox 2677 3751 2886 3809; x_wconf 72' lang='lat' dir='ltr'><strong>reatum</strong></span> <span class='ocrx_word' id='word_1_641' title='bbox 2924 3753 3009 3802; x_wconf 88' lang='lat' dir='ltr'><strong>est</strong></span> <span class='ocrx_word' id='word_1_642' title='bbox 3032 3747 3376 3819; x_wconf 89' lang='lat' dir='ltr'><strong>distorquere</strong></span> <span class='ocrx_word' id='word_1_643' title='bbox 3415 3759 3534 3806; x_wconf 89' lang='lat' dir='ltr'><strong>stu-</strong></span> 
     </span>
    </p>
   </div>
   <div class='ocr_carea' id='block_1_82' title="bbox 1951 3828 3531 3909">
    <p class='ocr_par' dir='ltr' id='par_1_82' title="bbox 1951 3828 3531 3909">
     <span class='ocr_line' id='line_1_82' title="bbox 1951 3828 3531 3909; baseline 0.007 -25"><span class='ocrx_word' id='word_1_644' title='bbox 1951 3828 2103 3896; x_wconf 87' lang='lat' dir='ltr'><strong>deat,</strong></span> <span class='ocrx_word' id='word_1_645' title='bbox 2140 3846 2268 3886; x_wconf 89' lang='lat' dir='ltr'><strong>cum</strong></span> <span class='ocrx_word' id='word_1_646' title='bbox 2306 3833 2606 3903; x_wconf 83' lang='lat' dir='ltr'><strong>Apostolus</strong></span> <span class='ocrx_word' id='word_1_647' title='bbox 2647 3833 2851 3890; x_wconf 87' lang='lat' dir='ltr'><strong>diserte</strong></span> <span class='ocrx_word' id='word_1_648' title='bbox 2891 3835 3089 3891; x_wconf 88' lang='lat' dir='ltr'><strong>clamet</strong></span> <span class='ocrx_word' id='word_1_649' title='bbox 3136 3853 3201 3892; x_wconf 91' lang='lat' dir='ltr'><strong>ac</strong></span> <span class='ocrx_word' id='word_1_650' title='bbox 3231 3838 3531 3909; x_wconf 70' lang='lat' dir='ltr'><strong>prmdicet:</strong></span> 
     </span>
    </p>
   </div>
   <div class='ocr_carea' id='block_1_83' title="bbox 1952 3920 3535 3998">
    <p class='ocr_par' dir='ltr' id='par_1_83' title="bbox 1952 3920 3535 3998">
     <span class='ocr_line' id='line_1_83' title="bbox 1952 3920 3535 3998; baseline 0.008 -24"><span class='ocrx_word' id='word_1_651' title='bbox 1952 3920 2130 3974; x_wconf 81' lang='lat' dir='ltr'><strong>Timeo</strong></span> <span class='ocrx_word' id='word_1_652' title='bbox 2153 3938 2214 3976; x_wconf 89' lang='lat' dir='ltr'><strong>ne</strong></span> <span class='ocrx_word' id='word_1_653' title='bbox 2243 3922 2379 3976; x_wconf 88' lang='lat' dir='ltr'><strong>sicut</strong></span> <span class='ocrx_word' id='word_1_654' title='bbox 2409 3939 2618 3992; x_wconf 79' lang='lat' dir='ltr'><strong>serpens</strong></span> <span class='ocrx_word' id='word_1_655' title='bbox 2648 3924 2847 3994; x_wconf 81' lang='lat' dir='ltr'><strong>decepit</strong></span> <span class='ocrx_word' id='word_1_656' title='bbox 2880 3924 3045 3980; x_wconf 82' lang='lat' dir='ltr'><strong>Evam</strong></span> <span class='ocrx_word' id='word_1_657' title='bbox 3085 3931 3286 3992; x_wconf 85' lang='lat' dir='ltr'><strong>astutia</strong></span> <span class='ocrx_word' id='word_1_658' title='bbox 3307 3946 3427 3998; x_wconf 85' lang='lat' dir='ltr'><strong>sua,</strong></span> <span class='ocrx_word' id='word_1_659' title='bbox 3455 3933 3535 3987; x_wconf 83' lang='lat' dir='ltr'><strong>ita</strong></span> 
     </span>
    </p>
   </div>
   <div class='ocr_carea' id='block_1_84' title="bbox 1949 4016 3532 4085">
    <p class='ocr_par' dir='ltr' id='par_1_84' title="bbox 1949 4016 3532 4085">
     <span class='ocr_line' id='line_1_84' title="bbox 1949 4016 3532 4085; baseline 0.007 -19"><span class='ocrx_word' id='word_1_660' title='bbox 1949 4024 2360 4083; x_wconf 83' lang='lat' dir='ltr'><strong>corrumpantur</strong></span> <span class='ocrx_word' id='word_1_661' title='bbox 2389 4016 2733 4085; x_wconf 82' lang='lat' dir='ltr'><strong>cogitationes</strong></span> <span class='ocrx_word' id='word_1_662' title='bbox 2755 4029 2940 4073; x_wconf 69' lang='lat' dir='ltr'><strong>vestrm</strong></span> <span class='ocrx_word' id='word_1_663' title='bbox 2979 4035 3013 4073; x_wconf 91' lang='lat' dir='ltr'><strong>a</strong></span> <span class='ocrx_word' id='word_1_664' title='bbox 3040 4022 3291 4076; x_wconf 80' lang='lat' dir='ltr'><strong>castitate</strong></span> <span class='ocrx_word' id='word_1_665' title='bbox 3323 4033 3373 4077; x_wconf 85' lang='lat' dir='ltr'><strong>et</strong></span> <span class='ocrx_word' id='word_1_666' title='bbox 3405 4027 3532 4078; x_wconf 87' lang='lat' dir='ltr'><strong>sim-</strong></span> 
     </span>
    </p>
   </div>
   <div class='ocr_carea' id='block_1_85' title="bbox 1948 4105 3534 4185">
    <p class='ocr_par' dir='ltr' id='par_1_85' title="bbox 1948 4105 3534 4185">
     <span class='ocr_line' id='line_1_85' title="bbox 1948 4105 3534 4185; baseline 0.007 -26"><span class='ocrx_word' id='word_1_667' title='bbox 1948 4107 2185 4174; x_wconf 80' lang='lat' dir='ltr'><strong>plicitate</strong></span> <span class='ocrx_word' id='word_1_668' title='bbox 2212 4107 2265 4160; x_wconf 84' lang='lat' dir='ltr'><strong>in</strong></span> <span class='ocrx_word' id='word_1_669' title='bbox 2300 4105 2573 4162; x_wconf 79' lang='lat' dir='ltr'><strong>Christum</strong></span> <span class='ocrx_word' id='word_1_670' title='bbox 2594 4109 2636 4164; x_wconf 88' lang='grc'><strong>³.</strong></span> <span class='ocrx_word' id='word_1_671' title='bbox 2677 4109 2775 4166; x_wconf 90' lang='lat' dir='ltr'><strong>Ubi</strong></span> <span class='ocrx_word' id='word_1_672' title='bbox 2800 4110 2936 4165; x_wconf 91' lang='lat' dir='ltr'><strong>illud</strong></span> <span class='ocrx_word' id='word_1_673' title='bbox 2972 4113 3364 4170; x_wconf 88' lang='lat' dir='ltr'><strong>animadvertis</strong></span> <span class='ocrx_word' id='word_1_674' title='bbox 3393 4131 3534 4185; x_wconf 85' lang='lat' dir='ltr'><strong>quo-</strong></span> 
     </span>
    </p>
   </div>
   <div class='ocr_carea' id='block_1_86' title="bbox 1948 4196 3536 4276">
    <p class='ocr_par' dir='ltr' id='par_1_86' title="bbox 1948 4196 3536 4276">
     <span class='ocr_line' id='line_1_86' title="bbox 1948 4196 3536 4276; baseline 0.008 -27"><span class='ocrx_word' id='word_1_675' title='bbox 1948 4197 2114 4250; x_wconf 87' lang='lat' dir='ltr'><strong>modo</strong></span> <span class='ocrx_word' id='word_1_676' title='bbox 2135 4196 2486 4266; x_wconf 85' lang='lat' dir='ltr'><strong>impostorem</strong></span> <span class='ocrx_word' id='word_1_677' title='bbox 2511 4199 2666 4254; x_wconf 90' lang='lat' dir='ltr'><strong>illum</strong></span> <span class='ocrx_word' id='word_1_678' title='bbox 2693 4215 2757 4255; x_wconf 88' lang='lat' dir='ltr'><strong>ac</strong></span> <span class='ocrx_word' id='word_1_679' title='bbox 2782 4200 2997 4256; x_wconf 85' lang='lat' dir='ltr'><strong>vafrum</strong></span> <span class='ocrx_word' id='word_1_680' title='bbox 3021 4218 3144 4258; x_wconf 89' lang='lat' dir='ltr'><strong>esse</strong></span> <span class='ocrx_word' id='word_1_681' title='bbox 3166 4203 3331 4270; x_wconf 87' lang='lat' dir='ltr'><strong>dicat,</strong></span> <span class='ocrx_word' id='word_1_682' title='bbox 3361 4219 3392 4258; x_wconf 88' lang='lat' dir='ltr'><strong>a</strong></span> <span class='ocrx_word' id='word_1_683' title='bbox 3423 4221 3536 4276; x_wconf 90' lang='lat' dir='ltr'><strong>quo</strong></span> 
     </span>
    </p>
   </div>
   <div class='ocr_carea' id='block_1_87' title="bbox 1949 4283 3533 4363">
    <p class='ocr_par' dir='ltr' id='par_1_87' title="bbox 1949 4283 3533 4363">
     <span class='ocr_line' id='line_1_87' title="bbox 1949 4283 3533 4363; baseline 0.007 -26"><span class='ocrx_word' id='word_1_684' title='bbox 1949 4283 2061 4339; x_wconf 85' lang='lat' dir='ltr'><strong>Eva</strong></span> <span class='ocrx_word' id='word_1_685' title='bbox 2095 4285 2322 4356; x_wconf 85' lang='lat' dir='ltr'><strong>decepta</strong></span> <span class='ocrx_word' id='word_1_686' title='bbox 2358 4288 2447 4342; x_wconf 91' lang='lat' dir='ltr'><strong>sit.</strong></span> <span class='ocrx_word' id='word_1_687' title='bbox 2477 4287 2582 4344; x_wconf 90' lang='lat' dir='ltr'><strong>Sed</strong></span> <span class='ocrx_word' id='word_1_688' title='bbox 2605 4289 2717 4344; x_wconf 92' lang='lat' dir='ltr'><strong>alio</strong></span> <span class='ocrx_word' id='word_1_689' title='bbox 2746 4291 2868 4346; x_wconf 90' lang='lat' dir='ltr'><strong>loco</strong></span> <span class='ocrx_word' id='word_1_690' title='bbox 2894 4291 3036 4348; x_wconf 83' lang='lat' dir='ltr'><strong>idem</strong></span> <span class='ocrx_word' id='word_1_691' title='bbox 3061 4293 3377 4363; x_wconf 84' lang='lat' dir='ltr'><strong>Apostolus,</strong></span> <span class='ocrx_word' id='word_1_692' title='bbox 3416 4294 3533 4362; x_wconf 83' lang='lat' dir='ltr'><strong>Vir,</strong></span> 
     </span>
    </p>
   </div>
   <div class='ocr_carea' id='block_1_88' title="bbox 1950 4373 3533 4450">
    <p class='ocr_par' dir='ltr' id='par_1_88' title="bbox 1950 4373 3533 4450">
     <span class='ocr_line' id='line_1_88' title="bbox 1950 4373 3533 4450; baseline 0.006 -23"><span class='ocrx_word' id='word_1_693' title='bbox 1950 4373 2148 4443; x_wconf 90' lang='lat' dir='ltr'><strong>inquit,</strong></span> <span class='ocrx_word' id='word_1_694' title='bbox 2187 4389 2392 4430; x_wconf 84' lang='lat' dir='ltr'><strong>comam</strong></span> <span class='ocrx_word' id='word_1_695' title='bbox 2443 4376 2584 4430; x_wconf 83' lang='lat' dir='ltr'><strong>alere</strong></span> <span class='ocrx_word' id='word_1_696' title='bbox 2627 4393 2731 4432; x_wconf 88' lang='lat' dir='ltr'><strong>non</strong></span> <span class='ocrx_word' id='word_1_697' title='bbox 2780 4379 2950 4446; x_wconf 80' lang='lat' dir='ltr'><strong>debet,</strong></span> <span class='ocrx_word' id='word_1_698' title='bbox 2999 4396 3119 4433; x_wconf 89' lang='lat' dir='ltr'><strong>cum</strong></span> <span class='ocrx_word' id='word_1_699' title='bbox 3151 4382 3221 4435; x_wconf 91' lang='lat' dir='ltr'><strong>sit</strong></span> <span class='ocrx_word' id='word_1_700' title='bbox 3260 4381 3437 4450; x_wconf 86' lang='lat' dir='ltr'><strong>gloria</strong></span> <span class='ocrx_word' id='word_1_701' title='bbox 3481 4395 3533 4438; x_wconf 88' lang='lat' dir='ltr'><strong>et</strong></span> 
     </span>
    </p>
   </div>
   <div class='ocr_carea' id='block_1_89' title="bbox 271 4465 1849 4558">
    <p class='ocr_par' dir='ltr' id='par_1_89' title="bbox 271 4474 1849 4558">
     <span class='ocr_line' id='line_1_89' title="bbox 271 4474 1849 4558; baseline 0.006 -29"><span class='ocrx_word' id='word_1_702' title='bbox 271 4474 453 4546; x_wconf 69' lang='grc' dir='ltr'><strong>κόμην</strong></span> <span class='ocrx_word' id='word_1_703' title='bbox 477 4476 570 4528; x_wconf 74' lang='grc' dir='ltr'><strong>ἐπὶ</strong></span> <span class='ocrx_word' id='word_1_704' title='bbox 596 4475 841 4548; x_wconf 82' lang='grc' dir='ltr'><strong>σώματος</strong></span> <span class='ocrx_word' id='word_1_705' title='bbox 865 4479 1194 4550; x_wconf 85' lang='grc' dir='ltr'><strong>φερομένην,</strong></span> <span class='ocrx_word' id='word_1_706' title='bbox 1222 4481 1316 4534; x_wconf 73' lang='grc' dir='ltr'><strong>καὶ</strong></span> <span class='ocrx_word' id='word_1_707' title='bbox 1341 4481 1440 4538; x_wconf 80' lang='grc' dir='ltr'><strong>οὐκ</strong></span> <span class='ocrx_word' id='word_1_708' title='bbox 1465 4483 1523 4536; x_wconf 81' lang='grc' dir='ltr'><strong>ὲν</strong></span> <span class='ocrx_word' id='word_1_709' title='bbox 1546 4481 1690 4558; x_wconf 75' lang='grc' dir='ltr'>ψυχῇ</span> <span class='ocrx_word' id='word_1_710' title='bbox 1716 4500 1730 4514; x_wconf 89' lang='grc'><strong>·</strong></span> <span class='ocrx_word' id='word_1_711' title='bbox 1753 4483 1849 4538; x_wconf 69' lang='grc' dir='ltr'><strong>καὶ</strong></span> 
     </span>
    </p>
   </div>
   <div class='ocr_carea' id='block_1_90' title="bbox 1947 4465 3531 4558">
    <p class='ocr_par' dir='ltr' id='par_1_90' title="bbox 1951 4465 3531 4542">
     <span class='ocr_line' id='line_1_90' title="bbox 1951 4465 3531 4542; baseline 0.007 -25"><span class='ocrx_word' id='word_1_712' title='bbox 1951 4466 2124 4536; x_wconf 82' lang='lat' dir='ltr'><strong>imago</strong></span> <span class='ocrx_word' id='word_1_713' title='bbox 2158 4465 2256 4520; x_wconf 85' lang='lat' dir='ltr'><strong>Dei</strong></span> <span class='ocrx_word' id='word_1_714' title='bbox 2278 4468 2321 4523; x_wconf 75' lang='grc'><strong>⁸.</strong></span> <span class='ocrx_word' id='word_1_715' title='bbox 2354 4467 2564 4533; x_wconf 85' lang='lat' dir='ltr'><strong>Quibus</strong></span> <span class='ocrx_word' id='word_1_716' title='bbox 2593 4469 2776 4524; x_wconf 85' lang='lat' dir='ltr'><strong>verbis</strong></span> <span class='ocrx_word' id='word_1_717' title='bbox 2805 4469 2960 4524; x_wconf 87' lang='lat' dir='ltr'><strong>vides</strong></span> <span class='ocrx_word' id='word_1_718' title='bbox 3012 4479 3072 4525; x_wconf 91' lang='lat' dir='ltr'><strong>ut</strong></span> <span class='ocrx_word' id='word_1_719' title='bbox 3112 4486 3323 4527; x_wconf 89' lang='lat' dir='ltr'><strong>comam</strong></span> <span class='ocrx_word' id='word_1_720' title='bbox 3359 4473 3531 4542; x_wconf 89' lang='lat' dir='ltr'><strong>illam,</strong></span> 
     </span>
    </p>
   </div>
   <div class='ocr_carea' id='block_1_91' title="bbox 274 4564 1848 4642">
    <p class='ocr_par' dir='ltr' id='par_1_91' title="bbox 274 4564 1848 4642">
     <span class='ocr_line' id='line_1_91' title="bbox 274 4564 1848 4642; baseline 0.01 -27"><span class='ocrx_word' id='word_1_721' title='bbox 274 4565 423 4635; x_wconf 74' lang='grc' dir='ltr'><strong>μετὰ</strong></span> <span class='ocrx_word' id='word_1_722' title='bbox 455 4564 630 4619; x_wconf 82' lang='grc' dir='ltr'><strong>ταῦτά</strong></span> <span class='ocrx_word' id='word_1_723' title='bbox 669 4583 866 4638; x_wconf 82' lang='grc' dir='ltr'><strong>φησιν·</strong></span> <span class='ocrx_word' id='word_1_724' title='bbox 927 4567 1100 4638; x_wconf 79' lang='grc' dir='ltr'><strong>Ἀδὰμ</strong></span> <span class='ocrx_word' id='word_1_725' title='bbox 1139 4571 1251 4624; x_wconf 76' lang='grc' dir='ltr'><strong>οὐκ</strong></span> <span class='ocrx_word' id='word_1_726' title='bbox 1292 4571 1637 4642; x_wconf 76' lang='grc' dir='ltr'><strong>ἐξηπατήθη</strong></span> <span class='ocrx_word' id='word_1_727' title='bbox 1660 4590 1675 4604; x_wconf 91' lang='grc'><strong>·</strong></span> <span class='ocrx_word' id='word_1_728' title='bbox 1709 4575 1848 4630; x_wconf 74' lang='grc' dir='ltr'><em>ἀλλ’</em></span> 
     </span>
    </p>
   </div>
   <div class='ocr_carea' id='block_1_92' title="bbox 271 4655 1850 4737">
    <p class='ocr_par' dir='ltr' id='par_1_92' title="bbox 271 4655 1850 4737">
     <span class='ocr_line' id='line_1_92' title="bbox 271 4655 1850 4737; baseline 0.006 -27"><span class='ocrx_word' id='word_1_729' title='bbox 271 4657 312 4723; x_wconf 77' lang='grc' dir='ltr'><em>ἠ</em></span> <span class='ocrx_word' id='word_1_730' title='bbox 342 4655 501 4724; x_wconf 76' lang='grc' dir='ltr'><strong>γυνὴ</strong></span> <span class='ocrx_word' id='word_1_731' title='bbox 541 4657 608 4710; x_wconf 80' lang='grc' dir='ltr'><strong>ἐν</strong></span> <span class='ocrx_word' id='word_1_732' title='bbox 633 4659 960 4726; x_wconf 77' lang='grc' dir='ltr'><strong>παραϐάσει</strong></span> <span class='ocrx_word' id='word_1_733' title='bbox 986 4661 1273 4732; x_wconf 76' lang='grc' dir='ltr'><strong>γενομένη</strong></span> <span class='ocrx_word' id='word_1_734' title='bbox 1304 4661 1627 4737; x_wconf 75' lang='grc' dir='ltr'><strong>ἡμάρτηκε.</strong></span> <span class='ocrx_word' id='word_1_735' title='bbox 1655 4664 1850 4733; x_wconf 77' lang='grc' dir='ltr'><strong>Σωθή-</strong></span> 
     </span>
    </p>
   </div>
   <div class='ocr_carea' id='block_1_93' title="bbox 271 4744 1852 4821">
    <p class='ocr_par' dir='ltr' id='par_1_93' title="bbox 271 4744 1852 4821">
     <span class='ocr_line' id='line_1_93' title="bbox 271 4744 1852 4821; baseline 0.006 -23"><span class='ocrx_word' id='word_1_736' title='bbox 271 4760 447 4799; x_wconf 82' lang='grc' dir='ltr'><strong>σεται</strong></span> <span class='ocrx_word' id='word_1_737' title='bbox 479 4744 549 4797; x_wconf 81' lang='grc' dir='ltr'><strong>δὲ</strong></span> <span class='ocrx_word' id='word_1_738' title='bbox 572 4744 670 4800; x_wconf 82' lang='grc' dir='ltr'><strong>διὰ</strong></span> <span class='ocrx_word' id='word_1_739' title='bbox 721 4747 830 4815; x_wconf 84' lang='grc' dir='ltr'><strong>τῆς</strong></span> <span class='ocrx_word' id='word_1_740' title='bbox 873 4749 1277 4820; x_wconf 77' lang='grc' dir='ltr'><strong>τεκνογονίας,</strong></span> <span class='ocrx_word' id='word_1_741' title='bbox 1327 4749 1438 4804; x_wconf 82' lang='grc' dir='ltr'><strong>ἐὰν</strong></span> <span class='ocrx_word' id='word_1_742' title='bbox 1489 4750 1852 4821; x_wconf 77' lang='grc' dir='ltr'><strong>ἐμμείνωσιν</strong></span> 
     </span>
    </p>
   </div>
   <div class='ocr_carea' id='block_1_94' title="bbox 272 4830 1852 4912">
    <p class='ocr_par' dir='ltr' id='par_1_94' title="bbox 272 4830 1852 4912">
     <span class='ocr_line' id='line_1_94' title="bbox 272 4830 1852 4912; baseline 0.007 -29"><span class='ocrx_word' id='word_1_743' title='bbox 272 4832 344 4885; x_wconf 71' lang='grc' dir='ltr'><strong>ἐν</strong></span> <span class='ocrx_word' id='word_1_744' title='bbox 373 4830 450 4900; x_wconf 81' lang='grc' dir='ltr'><strong>τῇ</strong></span> <span class='ocrx_word' id='word_1_745' title='bbox 487 4833 707 4888; x_wconf 75' lang='grc' dir='ltr'><strong>πίστει.</strong></span> <span class='ocrx_word' id='word_1_746' title='bbox 735 4836 844 4888; x_wconf 73' lang='grc' dir='ltr'><strong>Καὶ</strong></span> <span class='ocrx_word' id='word_1_747' title='bbox 869 4836 971 4906; x_wconf 80' lang='grc' dir='ltr'><strong>δρα</strong></span> <span class='ocrx_word' id='word_1_748' title='bbox 998 4836 1115 4902; x_wconf 85' lang='grc' dir='ltr'><strong>πῶς</strong></span> <span class='ocrx_word' id='word_1_749' title='bbox 1142 4836 1300 4906; x_wconf 79' lang='grc' dir='ltr'><strong>φύσει</strong></span> <span class='ocrx_word' id='word_1_750' title='bbox 1327 4837 1398 4891; x_wconf 86' lang='grc' dir='ltr'><strong>τὰ</strong></span> <span class='ocrx_word' id='word_1_751' title='bbox 1427 4838 1656 4909; x_wconf 79' lang='grc' dir='ltr'><strong>ἀληθινὰ</strong></span> <span class='ocrx_word' id='word_1_752' title='bbox 1687 4842 1852 4912; x_wconf 82' lang='grc' dir='ltr'><strong>κεκή-</strong></span> 
     </span>
    </p>
   </div>
   <div class='ocr_carea' id='block_1_95' title="bbox 277 4923 1852 5000">
    <p class='ocr_par' dir='ltr' id='par_1_95' title="bbox 277 4923 1852 5000">
     <span class='ocr_line' id='line_1_95' title="bbox 277 4923 1852 5000; baseline 0.006 -28"><span class='ocrx_word' id='word_1_753' title='bbox 277 4938 476 4991; x_wconf 82' lang='grc' dir='ltr'><strong>ρυκται</strong></span> <span class='ocrx_word' id='word_1_754' title='bbox 502 4923 560 4974; x_wconf 82' lang='grc' dir='ltr'><strong>ὲν</strong></span> <span class='ocrx_word' id='word_1_755' title='bbox 586 4926 652 4993; x_wconf 76' lang='grc' dir='ltr'><strong>τῇ</strong></span> <span class='ocrx_word' id='word_1_756' title='bbox 695 4923 815 4994; x_wconf 73' lang='grc' dir='ltr'><strong>θείᾳ</strong></span> <span class='ocrx_word' id='word_1_757' title='bbox 842 4925 1054 4998; x_wconf 76' lang='grc' dir='ltr'><strong>Γραφῇ.</strong></span> <span class='ocrx_word' id='word_1_758' title='bbox 1085 4927 1198 4980; x_wconf 70' lang='grc' dir='ltr'><strong>Καὶ</strong></span> <span class='ocrx_word' id='word_1_759' title='bbox 1232 4927 1409 4998; x_wconf 85' lang='grc' dir='ltr'><strong>μάτην</strong></span> <span class='ocrx_word' id='word_1_760' title='bbox 1437 4926 1610 4992; x_wconf 78' lang='grc' dir='ltr'><strong>οὕτως</strong></span> <span class='ocrx_word' id='word_1_761' title='bbox 1644 4945 1852 5000; x_wconf 84' lang='grc' dir='ltr'><strong>κομπο-</strong></span> 
     </span>
    </p>
   </div>
   <div class='ocr_carea' id='block_1_96' title="bbox 276 5012 1850 5088">
    <p class='ocr_par' dir='ltr' id='par_1_96' title="bbox 276 5012 1850 5088">
     <span class='ocr_line' id='line_1_96' title="bbox 276 5012 1850 5088; baseline 0.004 -23"><span class='ocrx_word' id='word_1_762' title='bbox 276 5015 443 5078; x_wconf 64' lang='lat' dir='ltr'><strong>tacet,</strong></span> <span class='ocrx_word' id='word_1_763' title='bbox 473 5012 672 5082; x_wconf 82' lang='grc' dir='ltr'><strong>μᾶλλον</strong></span> <span class='ocrx_word' id='word_1_764' title='bbox 700 5013 754 5066; x_wconf 83' lang='grc' dir='ltr'><strong>δὲ</strong></span> <span class='ocrx_word' id='word_1_765' title='bbox 779 5014 975 5085; x_wconf 82' lang='grc' dir='ltr'><strong>χλεύην</strong></span> <span class='ocrx_word' id='word_1_766' title='bbox 1002 5016 1291 5084; x_wconf 76' lang='grc' dir='ltr'><strong>ὑφίσταται</strong></span> <span class='ocrx_word' id='word_1_767' title='bbox 1320 5015 1472 5087; x_wconf 76' lang='grc' dir='ltr'><strong>παρὰ</strong></span> <span class='ocrx_word' id='word_1_768' title='bbox 1492 5019 1604 5081; x_wconf 79' lang='grc' dir='ltr'><strong>τοῖς</strong></span> <span class='ocrx_word' id='word_1_769' title='bbox 1629 5017 1728 5088; x_wconf 76' lang='grc' dir='ltr'><strong>τὴν</strong></span> <span class='ocrx_word' id='word_1_770' title='bbox 1760 5031 1850 5071; x_wconf 87' lang='grc' dir='ltr'><strong>τε-</strong></span> 
     </span>
    </p>
   </div>
   <div class='ocr_carea' id='block_1_97' title="bbox 276 5102 1854 5176">
    <p class='ocr_par' dir='ltr' id='par_1_97' title="bbox 276 5102 1854 5176">
     <span class='ocr_line' id='line_1_97' title="bbox 276 5102 1854 5176; baseline 0.006 -23"><span class='ocrx_word' id='word_1_771' title='bbox 276 5102 428 5154; x_wconf 75' lang='grc' dir='ltr'><strong>λείαν</strong></span> <span class='ocrx_word' id='word_1_772' title='bbox 461 5103 718 5174; x_wconf 81' lang='grc' dir='ltr'><strong>φρόνησιν</strong></span> <span class='ocrx_word' id='word_1_773' title='bbox 778 5105 1153 5176; x_wconf 78' lang='grc' dir='ltr'><strong>κεκτημένοις.</strong></span> <span class='ocrx_word' id='word_1_774' title='bbox 1183 5103 1318 5162; x_wconf 78' lang='grc' dir='ltr'><strong>Εἶτα</strong></span> <span class='ocrx_word' id='word_1_775' title='bbox 1338 5105 1498 5160; x_wconf 83' lang='grc' dir='ltr'><strong>πάλιν</strong></span> <span class='ocrx_word' id='word_1_776' title='bbox 1524 5107 1757 5163; x_wconf 78' lang='grc' dir='ltr'><strong>ἐνταῦθα</strong></span> <span class='ocrx_word' id='word_1_777' title='bbox 1777 5109 1854 5163; x_wconf 85' lang='grc' dir='ltr'><strong>δι-</strong></span> 
     </span>
    </p>
   </div>
   <div class='ocr_carea' id='block_1_98' title="bbox 277 5189 1854 5271">
    <p class='ocr_par' dir='ltr' id='par_1_98' title="bbox 277 5189 1854 5271">
     <span class='ocr_line' id='line_1_98' title="bbox 277 5189 1854 5271; baseline 0.01 -33"><span class='ocrx_word' id='word_1_778' title='bbox 277 5195 494 5263; x_wconf 72' lang='grc' dir='ltr'><strong>ηγεῖται</strong></span> <span class='ocrx_word' id='word_1_779' title='bbox 531 5194 604 5265; x_wconf 81' lang='grc' dir='ltr'><strong>μὴ</strong></span> <span class='ocrx_word' id='word_1_780' title='bbox 645 5189 783 5247; x_wconf 77' lang='grc' dir='ltr'><strong>εἶναι</strong></span> <span class='ocrx_word' id='word_1_781' title='bbox 823 5195 912 5249; x_wconf 78' lang='grc' dir='ltr'><strong>τὸν</strong></span> <span class='ocrx_word' id='word_1_782' title='bbox 962 5194 1164 5266; x_wconf 81' lang='grc' dir='ltr'><strong>κόσμον</strong></span> <span class='ocrx_word' id='word_1_783' title='bbox 1213 5195 1306 5250; x_wconf 83' lang='grc' dir='ltr'><strong>τοῦ</strong></span> <span class='ocrx_word' id='word_1_784' title='bbox 1340 5195 1495 5261; x_wconf 83' lang='grc' dir='ltr'><strong>Θεοῦ,</strong></span> <span class='ocrx_word' id='word_1_785' title='bbox 1538 5197 1711 5271; x_wconf 77' lang='grc' dir='ltr'><strong>ἀλλ’ἢ</strong></span> <span class='ocrx_word' id='word_1_786' title='bbox 1747 5197 1854 5254; x_wconf 78' lang='grc' dir='ltr'><strong>ἀπὸ</strong></span> 
     </span>
    </p>
   </div>
   <div class='ocr_carea' id='block_1_99' title="bbox 280 5282 1852 5360">
    <p class='ocr_par' dir='ltr' id='par_1_99' title="bbox 280 5282 1852 5360">
     <span class='ocr_line' id='line_1_99' title="bbox 280 5282 1852 5360; baseline 0.006 -29"><span class='ocrx_word' id='word_1_787' title='bbox 280 5282 483 5352; x_wconf 81' lang='grc' dir='ltr'><strong>μέρους</strong></span> <span class='ocrx_word' id='word_1_788' title='bbox 524 5282 624 5352; x_wconf 81' lang='grc' dir='ltr'><strong>τῆς</strong></span> <span class='ocrx_word' id='word_1_789' title='bbox 670 5282 803 5354; x_wconf 78' lang='grc' dir='ltr'><strong>ὕλης</strong></span> <span class='ocrx_word' id='word_1_790' title='bbox 847 5284 1176 5339; x_wconf 83' lang='grc' dir='ltr'><strong>πεπλάσθαι.</strong></span> <span class='ocrx_word' id='word_1_791' title='bbox 1220 5285 1308 5337; x_wconf 86' lang='grc' dir='ltr'><strong>Ἑν</strong></span> <span class='ocrx_word' id='word_1_792' title='bbox 1353 5285 1430 5356; x_wconf 84' lang='grc' dir='ltr'><strong>τῷ</strong></span> <span class='ocrx_word' id='word_1_793' title='bbox 1472 5286 1530 5339; x_wconf 69' lang='grc' dir='ltr'><strong>δὲ</strong></span> <span class='ocrx_word' id='word_1_794' title='bbox 1572 5287 1646 5358; x_wconf 81' lang='grc' dir='ltr'><strong>μὴ</strong></span> <span class='ocrx_word' id='word_1_795' title='bbox 1673 5288 1852 5360; x_wconf 77' lang='grc' dir='ltr'><strong>ἐαυτῷ</strong></span> 
     </span>
    </p>
   </div>
   <div class='ocr_carea' id='block_1_100' title="bbox 280 5373 1848 5446">
    <p class='ocr_par' dir='ltr' id='par_1_100' title="bbox 280 5373 1848 5446">
     <span class='ocr_line' id='line_1_100' title="bbox 280 5373 1848 5446; baseline 0.004 -22"><span class='ocrx_word' id='word_1_796' title='bbox 280 5376 533 5444; x_wconf 80' lang='grc' dir='ltr'><strong>στοιχεῖν,</strong></span> <span class='ocrx_word' id='word_1_797' title='bbox 567 5373 702 5427; x_wconf 79' lang='grc' dir='ltr'><strong>ἀλλὰ</strong></span> <span class='ocrx_word' id='word_1_798' title='bbox 732 5375 872 5428; x_wconf 78' lang='grc' dir='ltr'><strong>κατὰ</strong></span> <span class='ocrx_word' id='word_1_799' title='bbox 904 5375 1012 5430; x_wconf 83' lang='grc' dir='ltr'><strong>τῶν</strong></span> <span class='ocrx_word' id='word_1_800' title='bbox 1047 5375 1224 5429; x_wconf 77' lang='grc' dir='ltr'><strong>αὐτῶν</strong></span> <span class='ocrx_word' id='word_1_801' title='bbox 1260 5373 1518 5446; x_wconf 79' lang='grc' dir='ltr'><strong>φέρεσθαι</strong></span> <span class='ocrx_word' id='word_1_802' title='bbox 1545 5376 1848 5442; x_wconf 81' lang='grc' dir='ltr'><strong>ἀνασκευὰς</strong></span> 
     </span>
    </p>
   </div>
   <div class='ocr_carea' id='block_1_101' title="bbox 279 5463 1850 5538">
    <p class='ocr_par' dir='ltr' id='par_1_101' title="bbox 279 5463 1850 5538">
     <span class='ocr_line' id='line_1_101' title="bbox 279 5463 1850 5538; baseline 0.004 -24"><span class='ocrx_word' id='word_1_803' title='bbox 279 5463 376 5515; x_wconf 73' lang='grc' dir='ltr'><strong>καὶ</strong></span> <span class='ocrx_word' id='word_1_804' title='bbox 426 5465 765 5530; x_wconf 75' lang='grc' dir='ltr'><strong>κατασκευὰς</strong></span> <span class='ocrx_word' id='word_1_805' title='bbox 821 5466 1299 5536; x_wconf 79' lang='grc' dir='ltr'><strong>ὲπιπλαττόμενος,</strong></span> <span class='ocrx_word' id='word_1_806' title='bbox 1339 5466 1501 5520; x_wconf 80' lang='grc' dir='ltr'><strong>παντί</strong></span> <span class='ocrx_word' id='word_1_807' title='bbox 1550 5485 1630 5537; x_wconf 85' lang='grc' dir='ltr'><strong>τῳ</strong></span> <span class='ocrx_word' id='word_1_808' title='bbox 1681 5469 1850 5538; x_wconf 72' lang='grc' dir='ltr'><strong>σαφές</strong></span> 
     </span>
    </p>
   </div>
   <div class='ocr_carea' id='block_1_102' title="bbox 282 5551 1533 5632">
    <p class='ocr_par' dir='ltr' id='par_1_102' title="bbox 282 5551 1533 5632">
     <span class='ocr_line' id='line_1_102' title="bbox 282 5551 1533 5632; baseline 0.004 -26"><span class='ocrx_word' id='word_1_809' title='bbox 282 5551 394 5607; x_wconf 73' lang='grc' dir='ltr'><strong>ἔστι</strong></span> <span class='ocrx_word' id='word_1_810' title='bbox 445 5556 738 5630; x_wconf 82' lang='grc' dir='ltr'><strong>ληροῦντος</strong></span> <span class='ocrx_word' id='word_1_811' title='bbox 767 5553 907 5610; x_wconf 73' lang='grc' dir='ltr'><strong>εἶναι</strong></span> <span class='ocrx_word' id='word_1_812' title='bbox 943 5555 1003 5608; x_wconf 74' lang='grc' dir='ltr'><strong>τὸ</strong></span> <span class='ocrx_word' id='word_1_813' title='bbox 1028 5557 1234 5609; x_wconf 81' lang='grc' dir='ltr'><strong>τοιοῦτο</strong></span> <span class='ocrx_word' id='word_1_814' title='bbox 1261 5557 1533 5632; x_wconf 82' lang='grc' dir='ltr'><strong>φρόνημα.</strong></span> 
     </span>
    </p>
   </div>
   <div class='ocr_carea' id='block_1_103' title="bbox 341 5748 1699 5820">
    <p class='ocr_par' dir='ltr' id='par_1_103' title="bbox 341 5748 1699 5820">
     <span class='ocr_line' id='line_1_103' title="bbox 341 5748 1699 5820; baseline -0.008 -5"><span class='ocrx_word' id='word_1_815' title='bbox 341 5752 359 5788; x_wconf 87' lang='grc'>¹</span> <span class='ocrx_word' id='word_1_816' title='bbox 381 5753 583 5816; x_wconf 62' lang='lat' dir='ltr'><strong>&quot;ease</strong></span> <span class='ocrx_word' id='word_1_817' title='bbox 611 5751 878 5814; x_wconf 86' lang='lat' dir='ltr'><strong>nonnihil</strong></span> <span class='ocrx_word' id='word_1_818' title='bbox 902 5748 1135 5802; x_wconf 87' lang='lat' dir='ltr'><strong>videtur.</strong></span> <span class='ocrx_word' id='word_1_819' title='bbox 1213 5752 1234 5781; x_wconf 83' lang='grc'>²</span> <span class='ocrx_word' id='word_1_820' title='bbox 1271 5749 1406 5801; x_wconf 85' lang='lat' dir='ltr'><strong>Gen.</strong></span> <span class='ocrx_word' id='word_1_821' title='bbox 1431 5764 1492 5813; x_wconf 87' lang='grc' dir='ltr'><strong>ιι,</strong></span> <span class='ocrx_word' id='word_1_822' title='bbox 1521 5749 1546 5801; x_wconf 83' lang='grc'><strong>1</strong></span> <span class='ocrx_word' id='word_1_823' title='bbox 1581 5766 1699 5820; x_wconf 85' lang='lat' dir='ltr'><strong>sqq.</strong></span> 
     </span>
    </p>
   </div>
   <div class='ocr_carea' id='block_1_104' title="bbox 1955 4555 3533 4633">
    <p class='ocr_par' dir='ltr' id='par_1_104' title="bbox 1955 4555 3533 4633">
     <span class='ocr_line' id='line_1_104' title="bbox 1955 4555 3533 4633; baseline 0.006 -24"><span class='ocrx_word' id='word_1_824' title='bbox 1955 4570 2076 4624; x_wconf 74' lang='lat' dir='ltr'><strong>quae</strong></span> <span class='ocrx_word' id='word_1_825' title='bbox 2104 4555 2160 4610; x_wconf 92' lang='lat' dir='ltr'><strong>in</strong></span> <span class='ocrx_word' id='word_1_826' title='bbox 2183 4570 2433 4626; x_wconf 90' lang='lat' dir='ltr'><strong>corpore,</strong></span> <span class='ocrx_word' id='word_1_827' title='bbox 2470 4571 2578 4612; x_wconf 91' lang='lat' dir='ltr'><strong>non</strong></span> <span class='ocrx_word' id='word_1_828' title='bbox 2608 4557 2666 4612; x_wconf 91' lang='lat' dir='ltr'><strong>in</strong></span> <span class='ocrx_word' id='word_1_829' title='bbox 2703 4557 2884 4614; x_wconf 88' lang='lat' dir='ltr'><strong>anima</strong></span> <span class='ocrx_word' id='word_1_830' title='bbox 2911 4561 3139 4631; x_wconf 70' lang='lat' dir='ltr'><strong>geritur,</strong></span> <span class='ocrx_word' id='word_1_831' title='bbox 3173 4562 3266 4617; x_wconf 88' lang='lat' dir='ltr'><strong>Dei</strong></span> <span class='ocrx_word' id='word_1_832' title='bbox 3300 4563 3533 4633; x_wconf 81' lang='lat' dir='ltr'><strong>gloriam</strong></span> 
     </span>
    </p>
   </div>
   <div class='ocr_carea' id='block_1_105' title="bbox 1955 4646 3530 4721">
    <p class='ocr_par' dir='ltr' id='par_1_105' title="bbox 1955 4646 3530 4721">
     <span class='ocr_line' id='line_1_105' title="bbox 1955 4646 3530 4721; baseline 0.006 -23"><span class='ocrx_word' id='word_1_833' title='bbox 1955 4646 2209 4716; x_wconf 85' lang='lat' dir='ltr'><strong>appellet.</strong></span> <span class='ocrx_word' id='word_1_834' title='bbox 2257 4647 2462 4703; x_wconf 85' lang='lat' dir='ltr'><strong>Deinde</strong></span> <span class='ocrx_word' id='word_1_835' title='bbox 2504 4649 2730 4718; x_wconf 88' lang='lat' dir='ltr'><strong>subjicit</strong></span> <span class='ocrx_word' id='word_1_836' title='bbox 2756 4667 2770 4704; x_wconf 87' lang='lat'><strong>:</strong></span> <span class='ocrx_word' id='word_1_837' title='bbox 2801 4650 2975 4705; x_wconf 86' lang='lat' dir='ltr'><strong>Adam</strong></span> <span class='ocrx_word' id='word_1_838' title='bbox 3004 4667 3108 4706; x_wconf 87' lang='lat' dir='ltr'><strong>non</strong></span> <span class='ocrx_word' id='word_1_839' title='bbox 3146 4662 3224 4706; x_wconf 74' lang='lat' dir='ltr'><strong>est</strong></span> <span class='ocrx_word' id='word_1_840' title='bbox 3264 4652 3530 4721; x_wconf 82' lang='lat' dir='ltr'><strong>deceptus,</strong></span> 
     </span>
    </p>
   </div>
   <div class='ocr_carea' id='block_1_106' title="bbox 1955 4736 3530 4809">
    <p class='ocr_par' dir='ltr' id='par_1_106' title="bbox 1955 4736 3530 4809">
     <span class='ocr_line' id='line_1_106' title="bbox 1955 4736 3530 4809; baseline 0.003 -18"><span class='ocrx_word' id='word_1_841' title='bbox 1955 4737 2046 4791; x_wconf 83' lang='lat' dir='ltr'><strong>sed</strong></span> <span class='ocrx_word' id='word_1_842' title='bbox 2072 4736 2261 4790; x_wconf 72' lang='lat' dir='ltr'><strong>mulier</strong></span> <span class='ocrx_word' id='word_1_843' title='bbox 2289 4737 2345 4791; x_wconf 90' lang='lat' dir='ltr'><strong>in</strong></span> <span class='ocrx_word' id='word_1_844' title='bbox 2369 4740 2785 4809; x_wconf 84' lang='lat' dir='ltr'><strong>transgressione</strong></span> <span class='ocrx_word' id='word_1_845' title='bbox 2809 4741 2956 4809; x_wconf 81' lang='lat' dir='ltr'><strong>facta</strong></span> <span class='ocrx_word' id='word_1_846' title='bbox 2983 4741 3236 4809; x_wconf 75' lang='lat' dir='ltr'><strong>peccavit.</strong></span> <span class='ocrx_word' id='word_1_847' title='bbox 3284 4739 3530 4801; x_wconf 72' lang='lat' dir='ltr'><strong>Saluabi-</strong></span> 
     </span>
    </p>
   </div>
   <div class='ocr_carea' id='block_1_107' title="bbox 1957 4828 3536 4900">
    <p class='ocr_par' dir='ltr' id='par_1_107' title="bbox 1957 4828 3536 4900">
     <span class='ocr_line' id='line_1_107' title="bbox 1957 4828 3536 4900; baseline 0.004 -22"><span class='ocrx_word' id='word_1_848' title='bbox 1957 4836 2044 4880; x_wconf 88' lang='lat' dir='ltr'><strong>tur</strong></span> <span class='ocrx_word' id='word_1_849' title='bbox 2077 4838 2250 4882; x_wconf 81' lang='lat' dir='ltr'><strong>autent</strong></span> <span class='ocrx_word' id='word_1_850' title='bbox 2278 4842 2372 4894; x_wconf 82' lang='lat' dir='ltr'><strong>per</strong></span> <span class='ocrx_word' id='word_1_851' title='bbox 2404 4828 2690 4884; x_wconf 86' lang='lat' dir='ltr'><strong>liberorum</strong></span> <span class='ocrx_word' id='word_1_852' title='bbox 2722 4833 3160 4900; x_wconf 82' lang='lat' dir='ltr'><strong>procreationem,</strong></span> <span class='ocrx_word' id='word_1_853' title='bbox 3199 4831 3248 4885; x_wconf 86' lang='lat' dir='ltr'><strong>si</strong></span> <span class='ocrx_word' id='word_1_854' title='bbox 3286 4847 3536 4898; x_wconf 83' lang='lat' dir='ltr'><strong>perman-</strong></span> 
     </span>
    </p>
   </div>
   <div class='ocr_carea' id='block_1_108' title="bbox 1957 4917 3552 4989">
    <p class='ocr_par' dir='ltr' id='par_1_108' title="bbox 1957 4917 3552 4989">
     <span class='ocr_line' id='line_1_108' title="bbox 1957 4917 3552 4989; baseline 0.005 -19"><span class='ocrx_word' id='word_1_855' title='bbox 1957 4917 2118 4970; x_wconf 81' lang='lat' dir='ltr'><strong>serint</strong></span> <span class='ocrx_word' id='word_1_856' title='bbox 2160 4918 2212 4970; x_wconf 91' lang='lat' dir='ltr'><strong>in</strong></span> <span class='ocrx_word' id='word_1_857' title='bbox 2259 4917 2361 4986; x_wconf 81' lang='lat' dir='ltr'><strong>ﬁde</strong></span> <span class='ocrx_word' id='word_1_858' title='bbox 2384 4919 2427 4972; x_wconf 85' lang='lat'><strong>&#39;.</strong></span> <span class='ocrx_word' id='word_1_859' title='bbox 2458 4918 2593 4973; x_wconf 80' lang='lat' dir='ltr'><strong>Vide</strong></span> <span class='ocrx_word' id='word_1_860' title='bbox 2630 4935 2794 4989; x_wconf 89' lang='lat' dir='ltr'><strong>quam</strong></span> <span class='ocrx_word' id='word_1_861' title='bbox 2835 4931 2958 4989; x_wconf 87' lang='lat' dir='ltr'><strong>apte</strong></span> <span class='ocrx_word' id='word_1_862' title='bbox 2997 4920 3173 4977; x_wconf 86' lang='lat' dir='ltr'><strong>sacris</strong></span> <span class='ocrx_word' id='word_1_863' title='bbox 3229 4921 3283 4976; x_wconf 91' lang='lat' dir='ltr'><strong>in</strong></span> <span class='ocrx_word' id='word_1_864' title='bbox 3316 4921 3552 4978; x_wconf 77' lang='lat' dir='ltr'><strong>Litteris</strong></span> 
     </span>
    </p>
   </div>
   <div class='ocr_carea' id='block_1_109' title="bbox 1955 5009 3532 5082">
    <p class='ocr_par' dir='ltr' id='par_1_109' title="bbox 1955 5009 3532 5082">
     <span class='ocr_line' id='line_1_109' title="bbox 1955 5009 3532 5082; baseline 0.004 -21"><span class='ocrx_word' id='word_1_865' title='bbox 1955 5023 2084 5061; x_wconf 87' lang='lat' dir='ltr'><strong>vera</strong></span> <span class='ocrx_word' id='word_1_866' title='bbox 2127 5022 2192 5062; x_wconf 91' lang='lat' dir='ltr'><strong>ac</strong></span> <span class='ocrx_word' id='word_1_867' title='bbox 2229 5009 2441 5063; x_wconf 81' lang='lat' dir='ltr'><strong>sincera</strong></span> <span class='ocrx_word' id='word_1_868' title='bbox 2488 5025 2717 5080; x_wconf 70' lang='lat' dir='ltr'><strong>qua:qu</strong></span> <span class='ocrx_word' id='word_1_869' title='bbox 2766 5011 3151 5082; x_wconf 76' lang='lat' dir='ltr'><strong>praedicentur,</strong></span> <span class='ocrx_word' id='word_1_870' title='bbox 3195 5012 3287 5068; x_wconf 90' lang='lat' dir='ltr'><strong>ille</strong></span> <span class='ocrx_word' id='word_1_871' title='bbox 3335 5021 3532 5068; x_wconf 84' lang='lat' dir='ltr'><strong>contra</strong></span> 
     </span>
    </p>
   </div>
   <div class='ocr_carea' id='block_1_110' title="bbox 1959 5097 3532 5175">
    <p class='ocr_par' dir='ltr' id='par_1_110' title="bbox 1959 5097 3532 5175">
     <span class='ocr_line' id='line_1_110' title="bbox 1959 5097 3532 5175; baseline 0.006 -25"><span class='ocrx_word' id='word_1_872' title='bbox 1959 5097 2166 5153; x_wconf 81' lang='lat' dir='ltr'><strong>frustra</strong></span> <span class='ocrx_word' id='word_1_873' title='bbox 2218 5114 2340 5154; x_wconf 89' lang='lat' dir='ltr'><strong>sese</strong></span> <span class='ocrx_word' id='word_1_874' title='bbox 2382 5100 2645 5164; x_wconf 88' lang='lat' dir='ltr'><strong>venditet,</strong></span> <span class='ocrx_word' id='word_1_875' title='bbox 2677 5102 2764 5156; x_wconf 88' lang='lat' dir='ltr'><strong>vel</strong></span> <span class='ocrx_word' id='word_1_876' title='bbox 2791 5102 2977 5172; x_wconf 89' lang='lat' dir='ltr'><strong>potius</strong></span> <span class='ocrx_word' id='word_1_877' title='bbox 3017 5103 3256 5159; x_wconf 87' lang='lat' dir='ltr'><strong>ludibrio</strong></span> <span class='ocrx_word' id='word_1_878' title='bbox 3285 5104 3358 5160; x_wconf 88' lang='lat' dir='ltr'><strong>sit</strong></span> <span class='ocrx_word' id='word_1_879' title='bbox 3386 5106 3532 5175; x_wconf 88' lang='lat' dir='ltr'><strong>apud</strong></span> 
     </span>
    </p>
   </div>
   <div class='ocr_carea' id='block_1_111' title="bbox 1957 5187 3533 5262">
    <p class='ocr_par' dir='ltr' id='par_1_111' title="bbox 1957 5187 3533 5262">
     <span class='ocr_line' id='line_1_111' title="bbox 1957 5187 3533 5262; baseline 0.005 -20"><span class='ocrx_word' id='word_1_880' title='bbox 1957 5202 2076 5248; x_wconf 87' lang='lat' dir='ltr'><strong>eos.</strong></span> <span class='ocrx_word' id='word_1_881' title='bbox 2099 5187 2193 5257; x_wconf 92' lang='lat' dir='ltr'><strong>qui</strong></span> <span class='ocrx_word' id='word_1_882' title='bbox 2239 5187 2481 5258; x_wconf 79' lang='lat' dir='ltr'><strong>perfecta</strong></span> <span class='ocrx_word' id='word_1_883' title='bbox 2517 5191 2784 5260; x_wconf 89' lang='lat' dir='ltr'><strong>sapientia</strong></span> <span class='ocrx_word' id='word_1_884' title='bbox 2810 5192 3022 5262; x_wconf 79' lang='lat' dir='ltr'><strong>praediti</strong></span> <span class='ocrx_word' id='word_1_885' title='bbox 3063 5203 3211 5249; x_wconf 88' lang='lat' dir='ltr'><strong>sunt.</strong></span> <span class='ocrx_word' id='word_1_886' title='bbox 3241 5193 3406 5250; x_wconf 80' lang='lat' dir='ltr'><strong>Addit</strong></span> <span class='ocrx_word' id='word_1_887' title='bbox 3437 5211 3533 5249; x_wconf 87' lang='lat' dir='ltr'><strong>eo-</strong></span> 
     </span>
    </p>
   </div>
   <div class='ocr_carea' id='block_1_112' title="bbox 1956 5277 3531 5354">
    <p class='ocr_par' dir='ltr' id='par_1_112' title="bbox 1956 5277 3531 5354">
     <span class='ocr_line' id='line_1_112' title="bbox 1956 5277 3531 5354; baseline 0.005 -22"><span class='ocrx_word' id='word_1_888' title='bbox 1956 5277 2078 5332; x_wconf 91' lang='lat' dir='ltr'><strong>dem</strong></span> <span class='ocrx_word' id='word_1_889' title='bbox 2119 5279 2258 5344; x_wconf 88' lang='lat' dir='ltr'><strong>loco,</strong></span> <span class='ocrx_word' id='word_1_890' title='bbox 2291 5281 2551 5338; x_wconf 89' lang='lat' dir='ltr'><strong>mundum</strong></span> <span class='ocrx_word' id='word_1_891' title='bbox 2573 5283 2796 5339; x_wconf 89' lang='lat' dir='ltr'><strong>minime</strong></span> <span class='ocrx_word' id='word_1_892' title='bbox 2824 5285 2889 5339; x_wconf 89' lang='lat' dir='ltr'><strong>ad</strong></span> <span class='ocrx_word' id='word_1_893' title='bbox 2917 5284 3085 5339; x_wconf 91' lang='lat' dir='ltr'><strong>Deum</strong></span> <span class='ocrx_word' id='word_1_894' title='bbox 3113 5287 3403 5354; x_wconf 88' lang='lat' dir='ltr'><strong>pertinere,</strong></span> <span class='ocrx_word' id='word_1_895' title='bbox 3434 5286 3531 5340; x_wconf 81' lang='lat' dir='ltr'><strong>sed</strong></span> 
     </span>
    </p>
   </div>
   <div class='ocr_carea' id='block_1_113' title="bbox 1954 5370 3533 5444">
    <p class='ocr_par' dir='ltr' id='par_1_113' title="bbox 1954 5370 3533 5444">
     <span class='ocr_line' id='line_1_113' title="bbox 1954 5370 3533 5444; baseline 0.006 -23"><span class='ocrx_word' id='word_1_896' title='bbox 1954 5382 1984 5421; x_wconf 89' lang='lat' dir='ltr'><strong>a</strong></span> <span class='ocrx_word' id='word_1_897' title='bbox 2009 5370 2249 5425; x_wconf 71' lang='lat' dir='ltr'><strong>materia:</strong></span> <span class='ocrx_word' id='word_1_898' title='bbox 2273 5372 2518 5441; x_wconf 87' lang='lat' dir='ltr'><strong>partibus</strong></span> <span class='ocrx_word' id='word_1_899' title='bbox 2540 5389 2662 5429; x_wconf 89' lang='lat' dir='ltr'><strong>esse</strong></span> <span class='ocrx_word' id='word_1_900' title='bbox 2685 5373 3031 5430; x_wconf 77' lang='lat' dir='ltr'><strong>fabricatum.</strong></span> <span class='ocrx_word' id='word_1_901' title='bbox 3058 5374 3261 5430; x_wconf 83' lang='lat' dir='ltr'><strong>Verum</strong></span> <span class='ocrx_word' id='word_1_902' title='bbox 3285 5375 3388 5429; x_wconf 86' lang='lat' dir='ltr'><strong>hoc</strong></span> <span class='ocrx_word' id='word_1_903' title='bbox 3411 5376 3533 5444; x_wconf 89' lang='lat' dir='ltr'><strong>ipso</strong></span> 
     </span>
    </p>
   </div>
   <div class='ocr_carea' id='block_1_114' title="bbox 1954 5457 3530 5536">
    <p class='ocr_par' dir='ltr' id='par_1_114' title="bbox 1954 5457 3530 5536">
     <span class='ocr_line' id='line_1_114' title="bbox 1954 5457 3530 5536; baseline 0.006 -25"><span class='ocrx_word' id='word_1_904' title='bbox 1954 5457 2098 5528; x_wconf 91' lang='lat' dir='ltr'><strong>quod</strong></span> <span class='ocrx_word' id='word_1_905' title='bbox 2139 5475 2325 5515; x_wconf 87' lang='lat' dir='ltr'><strong>secum</strong></span> <span class='ocrx_word' id='word_1_906' title='bbox 2369 5463 2597 5519; x_wconf 89' lang='lat' dir='ltr'><strong>minime</strong></span> <span class='ocrx_word' id='word_1_907' title='bbox 2644 5466 2980 5532; x_wconf 73' lang='lat' dir='ltr'><strong>consentiat,</strong></span> <span class='ocrx_word' id='word_1_908' title='bbox 3029 5466 3124 5523; x_wconf 87' lang='lat' dir='ltr'><strong>sed</strong></span> <span class='ocrx_word' id='word_1_909' title='bbox 3163 5481 3230 5523; x_wconf 89' lang='lat' dir='ltr'><strong>ea</strong></span> <span class='ocrx_word' id='word_1_910' title='bbox 3273 5467 3390 5536; x_wconf 87' lang='lat' dir='ltr'><strong>ipsa</strong></span> <span class='ocrx_word' id='word_1_911' title='bbox 3434 5467 3530 5520; x_wconf 83' lang='lat' dir='ltr'><strong>do-</strong></span> 
     </span>
    </p>
   </div>
   <div class='ocr_carea' id='block_1_115' title="bbox 1957 5553 3532 5626">
    <p class='ocr_par' dir='ltr' id='par_1_115' title="bbox 1957 5553 3532 5626">
     <span class='ocr_line' id='line_1_115' title="bbox 1957 5553 3532 5626; baseline 0.006 -26"><span class='ocrx_word' id='word_1_912' title='bbox 1957 5558 2159 5620; x_wconf 80' lang='lat' dir='ltr'><strong>gmata,</strong></span> <span class='ocrx_word' id='word_1_913' title='bbox 2185 5565 2306 5620; x_wconf 76' lang='lat' dir='ltr'><strong>qua:</strong></span> <span class='ocrx_word' id='word_1_914' title='bbox 2336 5553 2621 5620; x_wconf 81' lang='lat' dir='ltr'><strong>conﬁnxit,</strong></span> <span class='ocrx_word' id='word_1_915' title='bbox 2651 5564 2863 5611; x_wconf 90' lang='lat' dir='ltr'><strong>evertat</strong></span> <span class='ocrx_word' id='word_1_916' title='bbox 2895 5571 2958 5610; x_wconf 87' lang='lat' dir='ltr'><strong>ac</strong></span> <span class='ocrx_word' id='word_1_917' title='bbox 3011 5555 3274 5621; x_wconf 87' lang='lat' dir='ltr'><strong>stabiliat,</strong></span> <span class='ocrx_word' id='word_1_918' title='bbox 3307 5567 3532 5626; x_wconf 83' lang='lat' dir='ltr'><strong>apparet</strong></span> 
     </span>
    </p>
   </div>
   <div class='ocr_carea' id='block_1_116' title="bbox 1961 5634 3413 5718">
    <p class='ocr_par' dir='ltr' id='par_1_116' title="bbox 1961 5634 3413 5718">
     <span class='ocr_line' id='line_1_116' title="bbox 1961 5634 3413 5718; baseline 0.006 -26"><span class='ocrx_word' id='word_1_919' title='bbox 1961 5641 2076 5694; x_wconf 77' lang='lat' dir='ltr'><strong>haec</strong></span> <span class='ocrx_word' id='word_1_920' title='bbox 2113 5655 2141 5694; x_wconf 92' lang='lat' dir='ltr'><strong>a</strong></span> <span class='ocrx_word' id='word_1_921' title='bbox 2163 5640 2451 5698; x_wconf 87' lang='lat' dir='ltr'><strong>delirantis</strong></span> <span class='ocrx_word' id='word_1_922' title='bbox 2481 5645 2702 5718; x_wconf 78' lang='lat' dir='ltr'><strong>ingenio</strong></span> <span class='ocrx_word' id='word_1_923' title='bbox 2723 5663 2846 5703; x_wconf 88' lang='lat' dir='ltr'><strong>esse</strong></span> <span class='ocrx_word' id='word_1_924' title='bbox 2873 5647 3137 5716; x_wconf 80' lang='lat' dir='ltr'><strong>profecta.</strong></span> <span class='ocrx_word' id='word_1_925' title='bbox 3410 5634 3413 5638; x_wconf 66' lang='grc'><em>’</em></span> 
     </span>
    </p>
   </div>
   <div class='ocr_carea' id='block_1_117' title="bbox 1777 5753 3354 5823">
    <p class='ocr_par' dir='ltr' id='par_1_117' title="bbox 1777 5753 3354 5823">
     <span class='ocr_line' id='line_1_117' title="bbox 1777 5753 3354 5823; baseline 0.003 -16"><span class='ocrx_word' id='word_1_926' title='bbox 1777 5753 1797 5783; x_wconf 90' lang='grc'>³</span> <span class='ocrx_word' id='word_1_927' title='bbox 1821 5754 1863 5806; x_wconf 81' lang='lat' dir='ltr'><strong>ll</strong></span> <span class='ocrx_word' id='word_1_928' title='bbox 1892 5753 2020 5810; x_wconf 87' lang='lat' dir='ltr'><strong>Cor.</strong></span> <span class='ocrx_word' id='word_1_929' title='bbox 2044 5772 2123 5823; x_wconf 76' lang='lat' dir='ltr'><strong>x1,</strong></span> <span class='ocrx_word' id='word_1_930' title='bbox 2154 5757 2205 5810; x_wconf 78' lang='lat'><strong>5.</strong></span> <span class='ocrx_word' id='word_1_931' title='bbox 2285 5759 2306 5790; x_wconf 73' lang='lat'><strong>‘</strong></span> <span class='ocrx_word' id='word_1_932' title='bbox 2330 5757 2347 5811; x_wconf 93' lang='grc'><strong>1</strong></span> <span class='ocrx_word' id='word_1_933' title='bbox 2371 5758 2498 5813; x_wconf 88' lang='lat' dir='ltr'><strong>Cor.</strong></span> <span class='ocrx_word' id='word_1_934' title='bbox 2528 5776 2605 5823; x_wconf 72' lang='grc' dir='ltr'><strong>ιι,</strong></span> <span class='ocrx_word' id='word_1_935' title='bbox 2640 5760 2725 5812; x_wconf 72' lang='grc'><strong>14.</strong></span> <span class='ocrx_word' id='word_1_936' title='bbox 2801 5760 2822 5790; x_wconf 83' lang='grc'><strong><em>³</em></strong></span> <span class='ocrx_word' id='word_1_937' title='bbox 2847 5759 2864 5812; x_wconf 92' lang='lat' dir='ltr'><strong>l</strong></span> <span class='ocrx_word' id='word_1_938' title='bbox 2889 5758 3030 5813; x_wconf 87' lang='lat' dir='ltr'><strong>Tim.</strong></span> <span class='ocrx_word' id='word_1_939' title='bbox 3058 5776 3117 5820; x_wconf 85' lang='grc' dir='ltr'><strong>ιι,</strong></span> <span class='ocrx_word' id='word_1_940' title='bbox 3149 5758 3354 5823; x_wconf 70' lang='lat'><strong>14,15.</strong></span> 
     </span>
    </p>
   </div>
  </div>
