4078 6406
487 397 610 457 HI.
1761 411 1798 442 θ

1916 379 1972 432 S.
2011 373 2356 432 EPlPIEANll

3666 379 3772 436 H2

553 505 666 564 LV.
710 505 976 560 Praeterea
1003 502 1309 556 animarum
1338 513 1402 554 ex
1442 497 1566 551 aliis
1595 496 1649 552 in
1689 494 1794 549 alia
1834 509 2064 564 corpora

2239 488 2364 543 NE'.
2396 487 2823 558 Μεταγγισμοὺς
2853 486 2908 540 δὲ
2931 483 3118 554 ψυχῶν
3142 483 3411 554 διηγεῖται
3444 487 3555 542 ἀπὸ
3577 494 3766 561 σωμά-

483 601 754 661 transitus
802 597 1078 653 edisserit.
1134 589 1293 659 Quod
1339 587 1684 644 mendacium
1732 602 1763 641 a
1819 584 2066 648 Platone,

485 696 569 755 vel
617 695 837 749 Zenone
883 688 1092 746 Stoico.
1138 686 1227 740 vel
1256 682 1517 754 quopiam
1567 681 1678 734 alio
1717 695 1782 734 ex
1816 676 2070 732 fanaticis

483 787 595 842 illis
646 795 977 853 corrogasse
1018 778 1256 832 videtur.
1311 773 1526 830 Etenim
1573 771 1668 842 qui
1707 769 1822 824 fieri
1866 774 2069 839 potest,

483 889 546 934 ut
567 894 598 933 a
626 889 862 948 corpore
882 875 940 928 in
966 885 1169 941 corpus
1207 867 1390 922 anima
1416 862 1825 920 transferatur?
1847 859 1986 916 Nam
2022 859 2071 915 si

484 984 722 1041 corpora
761 965 1085 1039 jamdudum
1121 962 1356 1017 formata
1405 967 1463 1013 et
1513 963 1704 1028 parata
1751 954 1956 1019 forent,
2013 963 2071 1008 ut

487 1066 703 1119 animas
729 1060 1067 1130 exciperent,
1100 1052 1354 1110 nonnihil
1380 1051 1603 1106 scenica
1627 1050 1732 1104 ista
1764 1045 1945 1100 fabula
1979 1061 2075 1102 ve-

486 1155 721 1212 risimile
744 1151 907 1224 667
934 1153 1288 1220 preponeret.
1319 1142 1477 1198 Nunc
1510 1157 1634 1196 cum
1681 1139 1735 1196 id
1767 1139 1915 1210 quod
1946 1154 2075 1210 pro-

489 1247 796 1305 seminatur
833 1242 1028 1310 exigua
1075 1236 1313 1308 quadam
1355 1249 1386 1288 e
1427 1231 1574 1288 stilla
1621 1231 1715 1293 sit,
1757 1244 1867 1283 non
1912 1227 2075 1283 video

489 1334 951 1414 quemadmodum
997 1331 1214 1386 tantillo
1257 1331 1312 1383 in
1347 1340 1580 1397 corpore
1610 1329 1818 1377 tantam
1852 1321 2075 1376 uberta-

489 1443 601 1488 tem
632 1443 697 1483 ac
728 1426 940 1494 copiam
978 1421 1163 1476 anima
1193 1419 1460 1490 reperiat;
1494 1417 1577 1472 sic
1613 1414 1759 1470 enim
1796 1414 2076 1482 tinguntur

489 1541 556 1582 ea
586 1522 771 1578 omnia
806 1529 1151 1590 quaecunque
1179 1511 1401 1567 tandem
1441 1510 1740 1580 ﬁnguntur.
1778 1506 1857 1560 Ita
1891 1502 2076 1558 nullus

492 1619 653 1676 istius
686 1611 984 1668 narrationi
1026 1610 1181 1663 locus
1213 1612 1332 1672 est;
1367 1617 1468 1658 nec
1509 1601 1580 1655 ab
1623 1614 1733 1653 uno
1765 1611 1998 1666 corpore
2020 1597 2077 1650 in

492 1709 641 1766 aliud
671 1705 865 1760 anima:
893 1699 1380 1756 transfunduntur.
1410 1691 1690 1762 Siquidem
1715 1690 1925 1758 absque
1951 1703 2076 1742 mu-

2169 598 2280 634 των
2317 582 2398 644 είς
2429 579 2682 650 σώματα,
2719 578 2879 632 ἅτινα
2923 578 3067 648 τάχα
3108 577 3142 647 ἢ
3179 576 3331 647 παρά
3373 577 3684 645 Πλάτωνος,
3733 582 3768 651 ἢ

2171 667 2417 738 Ζήνωνος
2447 665 2544 720 τοῦ
2573 667 2834 731 ετωῖκοῦ,
2865 667 2899 738 ῆ
2925 666 3077 736 παρά
3098 682 3246 729 τινος
3257 664 3365 718 τῶν
3383 670 3772 740 πεφαντασμέ-

2171 775 2279 812 νων
2311 760 2706 831 έρανισάμενος
2734 759 2885 813 τουτὶ
2909 759 2973 813 τὸ
3002 758 3226 831 ψεῦσμα
3258 761 3598 832 εὑρίσκεται.
3643 761 3771 824 Πῶς

2172 851 2282 924 γὰρ
2321 846 2434 906 οἶόν
2478 853 2626 906 ἐστιν
2660 851 2771 905 ἀπὸ
2819 849 3071 921 σώματος
3108 851 3188 915 είς
3213 850 3372 922 σῶμα
3399 851 3773 924 είσκρίνεσθαι

2172 944 2271 1017 τὴν
2313 943 2520 1014 ψυχήν;
2560 943 2624 996 El
2684 943 2784 1014 μὲν
2830 942 2941 1014 γὰρ
2993 941 3226 1013 σώματα
3273 944 3635 1015 πεπλασμένα
3673 943 3776 996 καὶ

2173 1037 2368 1107 ἕτοιμα
2407 1031 2497 1107 ἦν,
2531 1035 2628 1090 καὶ
2667 1034 2812 1089 οὕτω
2858 1035 2958 1098 τὰς
2993 1033 3174 1106 ψυχὰς
3224 1035 3538 1106 ὑπεδέχετο,
3565 1035 3774 1106 πιθανή

2173 1146 2256 1193 τις
2282 1123 2350 1198 ἦν
2373 1129 2408 1198 ὴ
2445 1127 2547 1198 τῆς
2583 1127 2895 1199 τραγῳδίας
2935 1125 3248 1197 μυθοποιίαο
3280 1129 3330 1180 εί
3361 1127 3420 1181 δὲ
3453 1127 3517 1181 τὺ
3544 1125 3774 1198 σπειρό-

2177 1219 2340 1290 μενόν
2377 1221 2526 1274 ἐστιν
2559 1221 2624 1273 ἑκ
2669 1219 2928 1287 σταγόνος
2981 1218 3264 1291 βραχείας,
3315 1220 3436 1285 πῶς
3463 1219 3664 1292 ἡψυχὴ
3708 1221 3776 1273 ἐν

2173 1311 2252 1382 τῷ
2301 1311 2544 1382 τοσούτῳ
2580 1310 2766 1382 μικρῷ
2812 1311 3027 1382 σώματι
3073 1303 3202 1382 εὗρε
3236 1311 3495 1384 τοιαύτην
3520 1311 3776 1383 εὖροιαν;

2175 1402 2334 1457 Οὕτω
2363 1403 2472 1474 γάρ
2501 1403 2572 1456 τὰ
2601 1403 2958 1473 πλασσόμενα
2985 1403 3306 1458 πλάσσεται·
3342 1405 3438 1458 καὶ
3458 1405 3642 1459 οὐκέτι
3671 1419 3777 1456 συ-

2178 1497 2504 1568 σταθήσεται
2531 1497 2698 1551 αὐτοῦ
2724 1499 2752 1549 6
2776 1496 2956 1565 λόγος.
2989 1495 3126 1549 οὔτε
3147 1497 3259 1569 γάρ
3280 1498 3391 1551 ἀπὸ
3415 1497 3663 1568 σώματος
3690 1497 3780 1558 είς

2178 1587 2339 1659 σῶμα
2371 1586 2789 1659 μεταγγίζονται
2819 1589 2875 1642 αἱ
2905 1586 3098 1658 ψυχαί.
3132 1588 3270 1659 Λίχα
3301 1587 3414 1660 γάρ
3444 1587 3640 1660 μίξεως
3670 1585 3782 1654 θη-

2176 1678 2326 1742 λείας
2355 1679 2491 1749 πρὸς
2520 1678 2748 1751 ἄρρενα,
2773 1679 2870 1732 καὶ
2908 1679 3140 1751 ἄρρενος
3163 1680 3300 1751 πρὸς
3325 1679 3543 1751 θήλειαν
3563 1681 3620 1731 ἐν
3641 1678 3785 1730 exe—

492 1810 587 1856 tua
635 1795 807 1852 maris
855 1809 918 1848 ac
961 1790 1181 1847 feminae
1233 1784 1626 1855 conjunctione
1675 1781 1814 1834 nihil
1853 1779 1909 1833 in
1963 1779 2077 1833 ullo

2184 1787 2290 1840 στῳ
2315 1769 2425 1823 τῶν
2473 1770 2649 1835 ζώων,
2682 1770 2838 1824 οὐδέν
2880 1787 2934 1823 τι
2966 1769 3076 1826 τῶν
3120 1772 3510 1843 πλασσομένων
3537 1771 3778 1840 γίνεται.

495 1851 814 1948 animalium
860 1898 1060 1958 genere
1125 1851 1517 1953 propagatione
1576 1875 1864 1928 formatur.
1935 1870 2076 1926 Num

2184 1857 2325 1934 'Apa
2352 1862 2486 1931 γοῦν
2531 1863 2706 1926 οὕτως
2738 1863 2973 1934 ἕστηκεν
3004 1863 3038 1935 ἡ
3084 1862 3254 1935 ψυχὴ,
3296 1865 3384 1918 ἵνα
3413 1867 3478 1934 τῇ
3511 1861 3789 1933 συναφείᾳ

495 1985 663 2058 igitur
694 1981 776 2036 sic
805 1975 1062 2034 consistit
1093 1974 1298 2038 anima,
1323 1979 1383 2026 ut
1410 1969 1696 2024 amborum
1726 1964 2078 2035 copulatione

494 2055 788 2146 corporum
813 2065 1162 2124 circulator-is
1187 2066 1345 2121 istius
1363 2061 1599 2118 fabulam
1624 2056 1906 2113 absolvat?
1935 2055 2080 2110 Sane

494 2169 691 2224 miram
727 2164 944 2217 illorum
974 2158 1326 2216 stoliditatem
1362 2160 1579 2224 oportet
1616 2165 1760 2216 esse,
1795 2148 1888 2219 qui
1925 2147 2078 2218 ejus-

495 2258 642 2314 modi
671 2255 756 2312 vel
783 2249 1078 2324 cogitando
1115 2249 1221 2304 sibi
1253 2247 1531 2302 ﬁnxerint.
1577 2241 1746 2298 Nobis
1772 2250 1979 2304 autem,
2011 2254 2081 2294 ne

495 2363 619 2419 quae
647 2354 879 2415 augusta
918 2355 984 2397 ac
1003 2340 1268 2418 religiosa
1299 2346 1448 2400 sunt,
1481 2341 1906 2393 conunutemus,
1939 2331 2078 2388 satis

495 2455 622 2496 esse
654 2436 831 2492 visum
861 2439 947 2489 est
992 2431 1188 2486 velute
1234 2428 1533 2499 longinquo
1576 2424 1885 2497 argumenti
1916 2423 2081 2492 hujus

495 2525 826 2581 informasse
879 2519 1139 2590 speciem.
1189 2515 1459 2582 Quocirca
1515 2512 1881 2583 perniciosam
1938 2509 2082 2564 hanc

498 2627 662 2690 atque
705 2613 1042 2670 exitiabilem
1092 2609 1406 2679 Opinionem
1461 2604 1892 2675 pragtermittam.
1943 2599 2081 2655 Nam

499 2703 837 2779 perabsurda
869 2711 995 2759 sunt
1026 2698 1296 2770 ejusmodi
1337 2697 1522 2753 omnia
1561 2695 1832 2768 dogmata.
1869 2693 2082 2748 Etenim

499 2803 549 2860 si
577 2797 906 2868 corporibus
935 2809 1169 2863 corpora
1223 2799 1437 2846 mutent
1477 2789 1692 2854 animae,
1724 2798 1783 2842 ut
1819 2787 1916 2858 qui
1950 2787 2081 2841 olim

502 2897 668 2951 homo
685 2891 850 2947 fuerit
877 2897 1065 2960 postea
1086 2886 1239 2943 canis
1254 2884 1505 2948 exsistat,
1522 2897 1623 2938 cur
1641 2895 1750 2936 nou
1773 2895 1838 2936 ex
1867 2880 2085 2934 homine

500 2985 586 3041 vel
612 2985 752 3039 bove
774 2981 928 3038 canis
959 2977 1242 3035 nascitur?
1269 2982 1364 3030 aut
1391 2989 1493 3029 cur
1513 2987 1622 3027 non
1654 2970 1770 3025 avis
1806 2967 2083 3040 progigni-

498 3078 630 3133 tur?
677 3075 789 3130 lmo
835 3081 1052 3137 contra,
1089 3071 1136 3127 si
1167 3069 1316 3141 quod
1363 3067 1562 3122 infiniti
1609 3064 1873 3134 temporis
1907 3062 2085 3132 spatio

501 3171 810 3220 monstrum
846 3159 1011 3229 hujus
1045 3159 1264 3230 generis
1309 3158 1540 3220 oriatur,
1584 3155 1821 3226 portenti
1853 3153 2086 3205 habetur

483 3233 701 3310 ‘instar.
736 3253 814 3307 Ac
847 3257 1043 3304 natura
1084 3247 1303 3319 quidem
1341 3247 1458 3318 ipsa
1495 3247 1610 3301 suis
1639 3258 1698 3300 se
1727 3241 1924 3297 finibus
1954 3256 2086 3296 con-

505 3345 662 3407 tinet,
693 3353 872 3410 neque
897 3345 991 3392 aut
1035 3336 1296 3398 hominis,
1336 3342 1429 3389 aut
1473 3333 1699 3404 pecudis
1734 3332 1900 3386 ullius
1929 3337 2089 3384 natu-

505 3452 645 3503 ram,
687 3442 880 3489 contra
911 3447 1074 3503 quam
1109 3429 1347 3501 postulet
1385 3427 1524 3498 ipsa,
1556 3432 1878 3485 commutat,
1910 3421 2003 3479 sed
2034 3423 2088 3476 in

505 3537 835 3594 unaquaque
868 3521 1048 3591 specie
1069 3517 1258 3572 eadem
1289 3523 1550 3586 perpetuo
1583 3513 1820 3582 qualitas
1859 3526 1923 3564 ac
1952 3524 2089 3564 con-

503 3612 639 3666 ditio
663 3617 930 3664 remanet.
960 3604 1080 3660 Jam
1105 3619 1234 3658 vero
1257 3603 1302 3658 si
1325 3617 1355 3656 a
1372 3615 1600 3670 corpore
1626 3598 1775 3653 aliud
1803 3613 1900 3667 pro
1919 3597 2091 3651 altero

503 3716 708 3772 corpus
741 3699 874 3752 oriri
911 3711 1019 3750 non
1054 3703 1253 3765 potest,
1282 3701 1487 3764 quanto
1516 3691 1689 3761 magis
1713 3691 1766 3744 in
1793 3690 1939 3744 aliud
1968 3704 2093 3744 cor-

505 3809 609 3866 pus
639 3789 950 3861 trausgredi
981 3787 1224 3843 hominis
1253 3786 1435 3840 anima
1458 3800 1565 3838 non
1591 3783 1821 3853 poterit?
1851 3782 1982 3848 Quae
2006 3791 2091 3838 est

508 3888 717 3943 autem,
749 3877 928 3948 inquit
957 3877 1070 3942 ille,
1103 3876 1425 3931 mutationis
1455 3875 1602 3929 illius
1625 3873 1798 3928 ratio?
1825 3873 1895 3929 Ut
1930 3873 2093 3928 nimi-

507 3983 630 4026 rum
677 3967 744 4033 si,
783 3982 911 4023 cum
956 3966 1014 4021 in
1059 3965 1278 4020 homine
1303 3972 1470 4029 esset,
1519 3965 1765 4020 veritatis
1805 3963 2090 4018 scientiam

506 4083 616 4124 non
655 4064 983 4138 perceperit,
1033 4062 1267 4119 subinde
1315 4063 1368 4116 in
1400 4075 1618 4124 canem,
1663 4067 1756 4114 aut
1779 4076 1980 4130 equum
2011 4059 2094 4114 in-

505 4155 784 4216 troducta,
835 4167 899 4207 ac
938 4150 1267 4222 perdomita,
1316 4149 1780 4219 intelligentiaque
1829 4149 2088 4218 praedita,

507 4245 810 4298 humanum
857 4241 910 4295 in
953 4252 1157 4308 corpus
1199 4238 1380 4292 denuo
1425 4243 1751 4303 revertatur,
1811 4247 1972 4308 atque
2017 4238 2092 4292 ita

506 4344 731 4401 compos
768 4327 1012 4384 scientiae
1052 4325 1194 4380 facta
1236 4323 1291 4378 in
1334 4323 1523 4379 orbem
1575 4324 1717 4378 lunae
1772 4325 2089 4395 recipiatur.

506 4416 564 4471 ln
599 4432 708 4487 quo
742 4431 840 4487 per
874 4414 1006 4469 illud
1055 4428 1188 4469 sane
1217 4413 1417 4468 mirum
1455 4421 1537 4468 est
1564 4430 1576 4467 :
1599 4412 1876 4476 Animam,
1913 4429 2093 4484 quan-

2177 1953 2286 2009 τῶν
2315 1954 2408 2007 δύο
2457 1956 2728 2026 σωμάτων
2756 1953 2818 2007 τὸ
2855 1953 3194 2026 τραγῴδημα
3225 1955 3384 2009 τοῦτο
3413 1955 3506 2008 τοῦ
3535 1954 3787 2025 ἀγύρτου

2179 2047 2498 2121 έπιτελέσῃς
2529 2048 2642 2100 Kal.
2681 2045 2850 2116 πολλή
2877 2047 2963 2109 τίς
3007 2048 3155 2100 ἐστιν
3182 2049 3217 2119 ἡ
3243 2047 3443 2101 ἀτοπία
3479 2051 3540 2101 έν
3568 2049 3677 2108 τοῖς
3703 2047 3789 2099 τὰ

2177 2139 2400 2194 τοιαῦτα
2416 2139 2522 2192 κᾶν
2547 2137 2970 2208 διανοουμένοις.
3003 2138 3196 2209 Ἦμεῖς
3227 2139 3282 2193 δὲ
3305 2140 3391 2192 ἵνα
3417 2137 3574 2210 μὴτά
3600 2155 3656 2190 σε
3665 2139 3792 2208 μνὰ

2183 2230 2636 2303 μεταϐάλλωμεν,
2669 2231 2918 2302 ἀρκετῶς
2959 2231 3190 2303 ἔσχομεν
3215 2232 3376 2301 μόνον
3400 2231 3475 2294 ὡς
3508 2230 3613 2283 ἀπὸ
3640 2231 3791 2300 πόρ-

2183 2322 2355 2394 ρωθεν
2397 2323 2582 2377 δοῦναι
2606 2323 2706 2394 τῆς
2731 2322 3045 2388 ὑποθέσεως
3078 2320 3140 2375 τὸ
3164 2317 3323 2385 εἶδος.
3358 2321 3790 2393 Παρελεύσομαι

2179 2415 2360 2468 τοίνυν
2399 2415 2510 2469 ἀπὸ
2548 2415 2648 2486 τῆς
2684 2413 2946 2488 τοιαύτης
2987 2413 3312 2487 φθοροποιΟῦ
3350 2411 3621 2477 ὑπονοίας.
3665 2414 3793 2467 Καὶ

2183 2505 2295 2578 γὰρ
2323 2505 2502 2560 πάντα
2529 2506 2706 2560 ἄτοπα
2743 2506 2814 2560 τά
2840 2505 3066 2560 τοιαῦτα
3092 2506 3454 2577 διανοήματα.
3484 2506 3548 2558 El
3577 2505 3684 2576 γὰρ
3709 2507 3794 2561 ἐκ

2191 2599 2443 2670 σώματος
2465 2599 2545 2662 είς
2575 2597 2736 2670 σῶμα
2759 2601 2793 2670 ἡ
2823 2598 3092 2671 μεταϐολὴ
3120 2598 3232 2653 τῶν
3252 2599 3458 2670 ψυχῶν,
3476 2598 3571 2652 καὶ
3595 2599 3624 2651 6
3641 2597 3793 2652 ποτὶ

2182 2689 2470 2762 ἄνθρωπος
2506 2689 2732 2762 ὕστερον
2765 2691 2938 2758 κύων,
2985 2691 3074 2745 διὰ
3121 2690 3175 2744 τί
3226 2690 3300 2762 μὴ
3339 2691 3448 2744 ἀπὸ
3486 2689 3795 2761 ἀνθρώπου

2183 2783 2332 2836 κύων
2369 2784 2600 2851 γίνεται,
2632 2783 2665 2854 ἢ
2695 2782 2806 2836 ἀπὸ
2845 2781 2996 2853 βοός;
3024 2781 3113 2836 διά
3141 2783 3193 2835 τί
3223 2783 3374 2855 ὅρνις
3408 2783 3469 2836 ού
3505 2782 3744 2835 τίκτεται
3765 2797 3792 2848 ;

2197 2874 2335 2934 Ἀλλ’
2361 2875 2410 2926 εἱ
2433 2874 2541 2946 ἄρα
2576 2872 2816 2944 συμϐαίη
2849 2873 3027 2944 χρόνῳ
3043 2873 3150 2927 τινὶ
3179 2875 3236 2926 έν
3359 2873 3576 2944 ἀπλέτῳ
3620 2874 3794 2927 αἰῶνι

2184 2963 2470 3035 τεράστιόν
2501 2981 2554 3017 τι
2581 2964 2859 3031 γενέσθαι,
2894 2964 3121 3036 σημείου
3155 2965 3318 3017 ἓνεκα
3343 2964 3570 3033 γίνεται.
3605 2964 3717 3017 Καὶ
3745 2965 3794 3035 ἡ

2187 3053 2350 3122 φύσις
2381 3054 2478 3123 μὲν
2528 3052 2728 3123 ἑαυτῆς
2747 3055 2873 3117 τοὺς
2893 3055 3054 3125 ὄρους
3081 3055 3388 3118 ἐπίσταται,
3426 3054 3519 3107 καὶ
3548 3053 3607 3106 ού
3648 3070 3794 3124 μετ-

2186 3144 2440 3199 αλλάσσει
2459 3143 2622 3214 φύσιν
2655 3145 2968 3217 ἀνθρώπου,
2998 3146 3204 3218 ἑτέρως
3233 3145 3586 3216 πλασσομένη
3625 3145 3796 3216 παρά

2192 3236 2298 3308 τὴν
2333 3235 2517 3305 φύσιν,
2571 3237 2692 3290 οὐδὲ
2747 3237 2977 3290 ἑκάστου
3034 3239 3287 3310 κτήνουςο
3339 3238 3454 3291 ἀλλ’
3481 3239 3540 3290 ὲν
3578 3237 3794 3309 ἑκάστῃ

2193 3329 2439 3399 ποιότητι
2473 3331 2506 3400 ἡ
2542 3329 2680 3402 αὐτὴ
2713 3329 2935 3400 ποιότης
2969 3330 3196 3399 γίνεται.
3229 3332 3338 3384 Καὶ
3365 3333 3415 3385 εἰ
3445 3330 3582 3394 ὅλως
3624 3331 3795 3401 σῶμα

2193 3421 2382 3492 ἕτερον
2415 3420 2531 3474 ἀνθ’
2557 3421 2744 3491 ἑτέρου
2769 3421 2878 3475 ἀπὸ
2907 3422 3158 3494 σώματος
3191 3425 3252 3477 οὐ
3277 3425 3505 3492 γίνεται,
3532 3424 3683 3492 πόσῳ
3725 3441 3794 3492 γε

2197 3513 2398 3585 μᾶλλον
2414 3512 2562 3584 ψυχὴ
2591 3512 2878 3585 ἀνθρώπου
2905 3515 2984 3577 είς
3003 3515 3189 3585 ἕτερον
3213 3514 3372 3585 σῶμα
3391 3517 3450 3568 ού
3477 3514 3795 3585 μεταϐήσε-

2196 3621 2286 3658 ται
2307 3621 2321 3670 ;
2346 3604 2456 3658 Καὶ
2475 3604 2562 3659 ἵνα
2580 3605 2654 3668 τί,
2683 3605 2836 3675 φησὶ,
2869 3605 3298 3676 μεταϐάλλεται;
3333 3607 3447 3661 ἀλλ’
3469 3607 3554 3660 ἴνα
3577 3605 3794 3659 εἴποτε

2195 3695 2254 3747 ὲν
2272 3693 2547 3766 ἀνθρώπῳ
2576 3694 2652 3765 μὴ
2687 3696 2908 3747 συνεῖσα
2944 3695 3046 3766 τὴν
3072 3695 3172 3766 τῆς
3196 3695 3454 3766 ἀληθείας
3480 3695 3703 3765 γνῶσιν,
3726 3696 3791 3747 ἐν

2199 3786 2346 3850 κυνὶ,
2380 3785 2414 3857 ἢ
2450 3788 2508 3840 ὲν
2539 3787 2692 3852 ἵππῳ
2723 3787 3011 3857 γενομένη,
3036 3788 3130 3840 καὶ
3148 3787 3503 3858 δαμασθεῖσα,
3547 3787 3637 3840 καὶ
3669 3801 3798 3838 συν-

2195 3881 2334 3940 εἰσα,
2358 3877 2660 3951 ἀνακάμψῃ
2682 3877 2844 3932 πάλιν
2869 3879 2950 3940 είς
2980 3877 3267 3949 ἀνθρώπου
3297 3878 3474 3950 σῶμα,
3494 3881 3587 3931 καὶ
3611 3874 3797 3940 οὕτως

2193 3968 2399 4038 γνοῦσα
2426 3971 2524 4041 τὴν
2545 3970 2746 4039 γνῶσιν
2785 3969 3230 4040 ἀναληφθήσεται
3252 3972 3332 4034 είς
3357 3969 3448 4023 τὸν
3479 3969 3658 4022 δίσκον
3683 3967 3797 4037 τῆς

2195 4060 2447 4132 σελήνης.
2487 4061 2597 4114 Καὶ
2630 4061 2745 4114 ἔστι
2777 4059 3092 4131 θαυμαστὸν
3145 4060 3294 4127 ἰδεῖν,
3345 4061 3426 4114 ὅτι
3470 4061 3526 4112 ὲν
3573 4059 3672 4130 μὲν
3701 4060 3799 4113 ἀν-

2194 4151 2400 4224 Θρὼπῳ
2440 4153 2732 4224 γενομένη,
2765 4144 2956 4223 παρίἷ)
2973 4151 3357 4224 παιδευτήρια,
3381 4149 3796 4223 γραμματικοὶ,

2195 4243 2451 4313 σοφισταί
2489 4259 2550 4295 τε
2592 4244 2688 4297 καὶ
2723 4243 2925 4313 τεχνῶν
2962 4243 3218 4315 ἀμύθητα
3248 4245 3446 4315 πλήθη,
3479 4244 3572 4297 καὶ
3603 4241 3796 4304 λαλιά,

2195 4332 2289 4386 καὶ
2314 4331 2473 4403 ἀκοὴ,
2502 4332 2596 4386 καὶ
2625 4331 2898 4403 λογιότης,
2932 4333 2991 4385 έν
3024 4332 3271 4404 ἀγνωσία
3289 4333 3530 4404 ὑπῆρχεν
3558 4333 3589 4401 ὴ
3615 4329 3796 4400 ψυχὴ,

2196 4423 2256 4475 έν
2309 4422 2365 4475 δὲ
2418 4422 2590 4494 χοίρῳ
2638 4423 2928 4493 γενομένη,
2982 4423 3184 4494 μᾶλλον
3234 4423 3468 4492 ἐπέγνω·
3512 4423 3600 4475 ἵνα
3637 4421 3796 4491 δείξῃ

506 4506 600 4561 diu
629 4507 685 4561 in
707 4506 931 4561 homine
973 4504 1093 4568 fuit,
1120 4503 1208 4558 cui
1242 4503 1556 4560 scholarum
1585 4505 2081 4573 grammaticorum,

2202 4510 2403 4582 μᾶλλον
2460 4510 2559 4582 τὴν
2618 4511 2784 4566 αὐτοῦ
2841 4512 3177 4581 ἐπαγγελίαν
3233 4514 3328 4584 τῆς
3371 4511 3622 4581 γνώσεως
3671 4511 3797 4580 χοί-

508 4597 920 4663 sophistarum,
961 4594 1374 4649 innumerarum
1413 4593 1647 4664 denique
1691 4596 1890 4649 artium
1926 4601 2083 4667 copia

2195 4620 2305 4675 ρων
2332 4597 2519 4669 οὖσαν,
2551 4603 2640 4657 διά
2662 4604 2760 4675 τὴν
2798 4605 2963 4659 αὑτοῦ
3000 4605 3210 4678 πλάνην
3243 4606 3338 4660 καὶ
3365 4604 3638 4660 ἀσέῦειαν.

508 4693 774 4763 suppetit,
819 4691 914 4762 qui
959 4690 1450 4757 sermocinatione,
1501 4691 1723 4757 auditu,
1782 4695 2088 4752 eruditione
2122 4698 2384 4768 praeditus
2413 4706 2517 4763 est,
2544 4699 2601 4754 in
2625 4715 2712 4767 eo,
2734 4701 2980 4772 inquam,
3039 4701 3259 4758 homine
3296 4709 3448 4756 tanta
3507 4704 3562 4755 in
3625 4699 3802 4754 insci-

511 4784 585 4840 tia
634 4785 872 4840 animam
907 4797 1032 4839 esse
1081 4789 1378 4846 versatam,
1433 4781 1678 4838 eamdem
1722 4800 1851 4840 vero
1887 4802 2010 4842 mox
2061 4795 2122 4843 ut
2161 4789 2215 4844 in
2264 4804 2488 4860 porcum
2541 4793 2805 4848 translata
2851 4792 3038 4859 fuerit,
3090 4794 3317 4864 majoris
3387 4811 3510 4850 esse
3546 4793 3801 4848 scientia:

512 4873 855 4948 participem.
917 4874 1039 4943 Quo
1072 4875 1291 4945 quidem
1331 4875 1552 4932 decreto
1615 4892 1770 4933 suam
1844 4880 1990 4935 illam
2049 4883 2294 4941 scientiae
2339 4883 2738 4955 professionem
2786 4901 3078 4954 porcorum
3130 4889 3406 4958 pr0priam
3453 4887 3624 4956 magis
3670 4899 3800 4939 esse

511 4963 777 5023 declarat.
804 4966 1017 5022 Tantus
1047 4974 1134 5022 est
1159 4966 1400 5022 hominis
1428 4981 1582 5022 error
1609 4975 1663 5021 et
1692 4968 1965 5039 impietas.

579 5059 750 5132 668
787 5057 920 5114 LVI.
954 5058 1030 5115 De
1053 5059 1244 5116 Adami
1273 5078 1403 5118 vero
1444 5061 1802 5120 fabricatione
1831 5065 1972 5120 idem
2009 5066 2081 5120 illi

2271 5059 2415 5126 NCT.
2446 5059 2581 5130 Περὶ
2605 5059 2662 5112 δὲ
2702 5060 2804 5131 τῆς
2835 5059 2929 5113 τοῦ
2972 5061 3142 5132 Ἀδάμ
3185 5062 3434 5127 πλάσεως
3461 5065 3489 5116 6
3528 5063 3692 5127 αύτὺς
3722 5065 3804 5118 δι-

512 5163 638 5204 cum
670 5147 936 5218 disputat,
973 5147 1076 5200 alia
1119 5162 1219 5216 pro
1248 5149 1370 5203 aliis
1399 5151 1590 5206 eadem
1623 5150 1843 5205 errandi
1880 5152 2081 5207 licenti:

2206 5149 2509 5220 ηγούμενος
2540 5151 2704 5222 ἕτερα
2753 5151 2869 5205 ἀνθ’
2899 5150 3101 5223 ἑτέρων
3144 5157 3210 5224 τῇ
3243 5153 3415 5224 πλάνῃ
3461 5155 3800 5224 συνυφαίνει.

512 5235 768 5307 pertexit.
811 5223 904 5287 Si‘c
939 5233 1084 5286 enim
1126 5235 1362 5288 asserit:
1395 5233 1530 5290 Eum
1567 5238 1660 5306 qui
1691 5238 1863 5292 dixit:
1905 5237 2081 5295 Facia.

2207 5241 2352 5306 Ὅτι,
2389 5242 2572 5313 φησὶν,
2610 5245 2638 5296 6
2671 5241 2863 5306 εἰπὼν,
2908 5223 3265 5313 Ποιήσωμεν
3318 5223 3633 5313 ἄνθρωπον
3670 5247 3803 5300 κατ’

512 5344 630 5382 mus
665 5326 931 5380 hominem
986 5322 1055 5376 ad
1104 5324 1385 5394 imaginem
1429 5336 1660 5382 nostram
1706 5339 1756 5383 et
1789 5330 2081 5385 similitudi

2202 5333 2410 5387 εἰκόνα
2455 5334 2752 5403 ἡμετέραν
2794 5334 2892 5388 καὶ
2948 5338 3076 5391 καθ’
3103 5338 3416 5406 ὁμοίωσιν,
3451 5337 3545 5390 καὶ
3575 5337 3804 5407 προστί-

515 5435 632 5473 nem
651 5419 692 5482 ί,
709 5415 988 5472 addidisse
1004 5414 1280 5478 nonnihil,
1308 5415 1492 5486 itaque
1515 5419 1856 5488 concepisse,
1901 5419 2080 5477 Venite

2207 5423 2333 5494 Θησι
2364 5423 2538 5493 λέγων
2586 5425 2667 5489 τὸ,
2696 5423 2894 5491 Δεῦτε,
2929 5425 3294 5494 ποιήσωμεν,
3337 5427 3474 5496 ὅπερ
3495 5425 3556 5477 ού
3591 5425 3798 5494 γέγραο

517 5511 810 5578 faciamus;
843 5509 989 5586 quod
1022 5509 1075 5564 in
1105 5507 1392 5577 Scriptura
1425 5522 1532 5562 non
1574 5508 1792 5579 legitur,
1832 5513 1925 5567 sed
1969 5514 2081 5568 illu:

2206 5531 2358 5582 πται,
2381 5515 2515 5568 ἀλλὰ
2545 5517 2902 5588 Ποιήσωμεν
2925 5519 3244 5586 ἄνθρωπον
3273 5521 3399 5572 κατ’
3417 5517 3627 5572 εἰκόνα
3651 5515 3797 5585 mle-

517 5597 801 5662 duntaxat,
835 5595 1120 5650 Faciamus
1154 5595 1414 5649 hominem
1445 5595 1514 5648 ad
1549 5596 1829 5666 imaginem
1864 5611 2081 5655 nostra»

2204 5605 2384 5674 τέριιν
2399 5609 2495 5662 καὶ
2518 5610 2647 5663 καθ’
2679 5612 2983 5679 ὁμοίωσιν.
3022 5608 3267 5681 Ἐλέγχει
3287 5611 3344 5664 δὲ
3377 5609 3566 5664 τοῦτον
3591 5609 3620 5661 6
3644 5607 3799 5676 ἅγιος

521 5695 567 5736 et
614 5684 1037 5738 similitudinem.
1085 5681 1286 5738 Verum
1319 5699 1428 5739 non
1463 5682 1624 5739 modo
1659 5685 1975 5753 Apostolus,
2008 5704 2081 5744 se;

2225 5695 2546 5762 ’Δπόστολος
2598 5701 2793 5768 λέγων,
2831 5704 2923 5756 καὶ
2959 5703 3120 5765 αὐτὸς
3144 5705 3172 5756 6
3216 5702 3422 5774 Κύριος
3438 5704 3496 5756 έν
3521 5702 3601 5773 τῷ
3621 5701 3800 5770 Εὐαγ-

605 5829 619 5860 ⁵
649 5833 782 5888 Ceu.
821 5854 860 5903 ι,
884 5838 973 5892 26.

3193 5958 3242 5980 34-
