4078 6410
552 311 652 369 H5

1919 312 1978 367 S.
2019 310 2360 368 EPIPIIANII

3705 310 3802 368 IIG

545 441 702 498 pram
737 423 1090 488 oﬂ'erebatur,
1138 423 1350 477 avicula
1396 433 1516 478 erat
1560 424 1616 479 in
1662 427 2028 490 sacrmcium,
2067 436 2116 482 et

2225 425 2370 486 σίαν,
2399 425 2494 480 καὶ
2523 421 2801 493 σεμίδαλις
2823 423 2904 485 είς
2929 422 3317 478 ὁλοκαύτωσιν.
3350 425 3416 479 Ei
3441 426 3502 480 δὲ
3533 425 3720 498 ἄρχων
3739 421 3807 500 ἦν

541 513 724 569 simﬂa
772 512 827 566 in
870 511 1271 565 holocaustum.
1328 510 1493 580 Atqui
1532 512 1577 567 si
1634 510 1984 567 tenebrarum
2028 513 2120 568 ille

543 603 800 673 princeps
827 599 989 666 foret,
1022 616 1299 672 nunquam
1325 598 1562 655 Verbum
1588 617 1620 656 e
1641 603 1784 658 cmlo
1813 603 2117 673 delapsum,

543 693 748 764 Deique
773 691 963 758 Filius,
986 692 1102 762 qui,
1131 700 1190 746 ut
1215 690 1544 748 Manicheus
1566 694 1887 759 arbitratur,
1913 693 2119 749 idcirco

538 784 710 847 venit,
751 790 812 837 ut
855 782 1131 837 hominem
1175 797 1205 835 a
1247 783 1556 853 principum
1603 798 1793 838 errore
1825 783 2116 847 liberaret,

539 879 814 949 leprosum
850 877 1024 942 illum,
1072 877 1160 932 cui
1209 877 1497 932 sanitatem
1543 877 1880 941 restituerat,
1923 876 2117 933 iisdem

539 969 820 1023 subditum
847 983 972 1024 esse
996 968 1280 1036 iussisset,
1299 967 1395 1024 sed
1427 968 1667 1040 fugiendi
1693 970 1877 1039 potius
1925 978 2120 1024 auctor

537 1058 758 1123 fuisset,
788 1074 854 1114 ac
881 1075 950 1114 ne
966 1059 1111 1131 quod
1136 1059 1458 1129 imperatum
1488 1068 1607 1115 erat
1631 1068 1937 1130 praestaret,
1969 1067 2117 1116 esset

541 1151 816 1206 hortatus.
864 1148 970 1205 Sed
1011 1151 1268 1205 nimirum
1292 1150 1415 1206 ideo
1448 1151 1522 1205 ita
1559 1165 1620 1206 se
1646 1151 1834 1222 gessit,
1864 1151 2010 1222 quod
2049 1150 2116 1208 ad

538 1242 889 1302 evertendam
930 1243 1100 1313 legem
1150 1256 1496 1313 nequaquam
1536 1251 1779 1308 venerat,
1819 1257 1983 1314 quam
2021 1243 2118 1298 de-

540 1334 700 1390 derat
727 1335 864 1403 ipse,
895 1349 1072 1412 neque
1097 1337 1413 1406 prophetas,
1438 1333 1534 1390 sed
1561 1343 1620 1390 ut
1639 1335 1823 1405 potius
1843 1335 2114 1406 impleret,

540 1433 602 1480 ut
627 1425 730 1479 hoc
758 1426 942 1495 ipsum
986 1425 1124 1498 legis
1144 1440 1210 1480 ac
1237 1427 1622 1496 prophetarum
1654 1427 2115 1496 complementum

536 1517 597 1574 in
630 1515 907 1588 Evangelii
955 1519 1138 1588 quiue
1181 1532 1246 1573 ac
1275 1518 1672 1588 tranquillitate
1725 1518 1967 1587 positum
1992 1533 2117 1575 esse

535 1615 890 1669 monstraret.
923 1607 1061 1662 Nam
1105 1608 1236 1664 licet
1278 1608 1422 1664 idem
1463 1623 1494 1661 a
1541 1607 1823 1679 prophetis
1855 1608 2116 1666 adoratus

537 1697 609 1754 sit
647 1695 812 1763 Deus,
843 1705 898 1753 et
926 1697 998 1761 ab
1028 1697 1152 1767 ipso
1187 1698 1273 1752 lex
1312 1697 1534 1762 tradita,
1570 1713 1680 1754 non
1705 1699 1898 1756 eodem
1929 1707 2115 1756 tamen

539 1787 702 1844 hodie
738 1787 1007 1842 donorum
1031 1802 1252 1860 genere,
1274 1787 1369 1844 sed
1408 1787 1666 1858 precibus
1690 1796 1746 1844 et
1763 1789 2115 1850 eucharistiis

539 1886 595 1932 et
633 1878 755 1934 aliis
793 1877 1094 1935 honoribus
1142 1878 1329 1936 divino
1362 1879 1574 1936 numini
1614 1878 1864 1935 adoratio
1889 1889 2118 1951 prasta-

539 1977 648 2028 tur.
675 1967 891 2024 Etenim
911 1969 1165 2040 graviora
1191 1969 1300 2028 illis
1327 1981 1586 2042 tanquam
1608 1971 1784 2030 servis
1805 1971 2114 2043 imperavit,

536 2057 681 2126 quod
705 2072 771 2114 ea
794 2059 1006 2114 ratione
1028 2059 1096 2114 ad
1121 2060 1445 2131 obsequium
1465 2061 1610 2132 adigi
1633 2077 1798 2133 posse
1817 2077 2116 2134 cognosce~

535 2156 639 2205 ret.
696 2147 903 2205 Contra
961 2149 1239 2221 Evangelii
1300 2151 1588 2223 discipulis
1637 2153 1875 2222 leviora,
1926 2163 2115 2228 utpote

537 2239 758 2303 liberis,
808 2255 910 2312 pro
941 2241 1214 2314 exquisita
1265 2258 1366 2300 sua
1414 2245 1752 2317 benignitate
1809 2247 2111 2305 mandavit.

535 2329 716 2395 Quare
749 2344 874 2386 cum
907 2347 1055 2388 unus
1081 2332 1297 2406 sibique
1323 2337 1676 2398 consentiens
1698 2337 1838 2409 legis
1855 2337 2113 2408 Evange-

536 2421 700 2490 liique
728 2420 802 2478 sit
826 2420 990 2487 Deus,
1015 2438 1118 2478 nec
1141 2423 1406 2482 alterutra
1431 2424 1776 2482 diversorum
1806 2436 2113 2498 temporum

535 2511 751 2570 sublata
793 2513 1172 2583 dissolutaque
1210 2515 1284 2571 sit
1312 2513 1546 2580 functio,
1580 2515 1723 2572 idem
1748 2525 1836 2574 est
1863 2532 2116 2588 unusque

537 2601 700 2667 Deus,
750 2605 844 2674 qui
876 2605 1095 2661 mulis
1115 2605 1428 2661 dominatur
1451 2607 1736 2672 omnibus,
1778 2617 1835 2665 et
1864 2624 1895 2663 a
1937 2611 2114 2667 servis

536 2691 653 2746 suis
674 2691 750 2746 ita
786 2693 1008 2757 colitur,
1035 2702 1095 2748 ut
1125 2709 1225 2764 pro
1250 2709 1338 2758 eo,
1365 2709 1429 2748 ac
1457 2696 1632 2751 cuivis
1655 2697 1802 2751 atati
1831 2699 2112 2765 convenit,

534 2795 751 2837 summa
795 2782 850 2837 id
888 2783 1227 2840 humanitate
1269 2784 1555 2854 deposcat.
1612 2785 1878 2858 Superest
1924 2788 2111 2859 igitur,

536 2873 684 2939 illius
710 2881 777 2930 ut
805 2889 964 2938 error
983 2890 1050 2932 ex
1077 2875 1226 2932 omni
1254 2883 1413 2946 parte
1447 2878 1830 2946 convincatur,
1863 2881 2114 2953 quando-

535 2965 757 3036 quidem
786 2981 850 3022 ea
871 2982 995 3038 qua:
1021 2967 1139 3038 lege
1163 2967 1480 3038 praescripta
1507 2978 1660 3034 sunt,
1681 2972 1906 3041 exsequi
1923 2971 2116 3026 Salva-

535 3065 622 3115 tor
663 3056 782 3126 ipse
816 3056 1072 3127 jusserit.
1104 3057 1274 3130 67o
1305 3055 1442 3124 Quae
1463 3058 1686 3127 quidem
1722 3067 2012 3128 postquam
2042 3060 2114 3115 ll-

2219 511 2315 566 τοῦ
2339 513 2585 575 σκότους,
2618 511 2722 564 οὐκ
2758 511 2828 565 ἄν
2861 512 2892 564 ὁ
2919 509 3090 564 ἐλθὼν
3131 512 3342 566 ἄνωθεν
3382 515 3578 583 Λόγος,
3611 517 3643 567 6
3682 517 3807 577 Tib;

2218 603 2314 657 τοῦ
2343 603 2502 668 Θεοῦ,
2536 605 2566 656 ὁ
2591 600 2762 654 ἐλθὼν
2785 601 3115 672 ἐπιστρέψαι
3133 603 3226 656 τὸν
3253 603 3542 675 ἄνθρωπον
3553 606 3808 660 άπὺπλά-

2219 711 2316 764 νης
2352 693 2461 746 τῶν
2487 693 2784 763 ἀρχόντων,
2834 691 2975 745 κατὰ
3003 693 3102 747 τὸν
3147 695 3455 764 Μανιχαίου
3488 696 3669 765 λόγον,
3707 699 3807 752 οὐκ

2217 787 2284 841 ἂν
2317 787 2626 857 ὑποχείριον
2674 786 2768 838 τὸν
2814 785 2907 838 ὑπ’
2935 786 3102 839 αὐτοῦ
3160 784 3381 842 ἱαθέντα
3422 789 3623 860 λεπρδν
3665 807 3808 862 παρ-

2217 879 2481 944 εσκεύαζε
2514 878 2794 948 γενέσθαι,
2835 880 2972 933 ἀλλὰ
3003 881 3206 949 μᾶλλον
3234 882 3649 953 παρεσκεύαζεν
3677 885 3809 937 ἀπο-

2213 971 2406 1043 δράναι
2433 972 2618 1035 αὐτὸν,
2671 971 2834 1024 τοῦτο
2894 972 2970 1042 μὴ
3018 973 3288 1027 ἐπιτελεῖν
3327 973 3613 1031 διδάσκων.
3669 975 3807 1028 Ἀλλ’

2218 1063 2405 1132 ἐπειδὴ
2456 1063 2557 1116 οὐκ
2591 1058 2738 1133 ἦλθέ
2760 1064 3063 1118 καταλῦσαι
3118 1065 3214 1118 τὸν
3269 1065 3452 1135 νόμονο
3491 1064 3654 1128 αὐτὸς
3698 1063 3805 1135 γὰρ

2215 1154 2415 1208 δέδωκε
2442 1154 2536 1209 τὸν
2565 1153 2750 1226 νόμον·
2787 1154 2914 1208 οὒτε
2961 1158 3270 1228 προφήτας,
3320 1155 3458 1211 ἀλλὰ
3496 1157 3802 1228 πληρῶσαι,

2218 1245 2307 1298 ῖνα
2343 1244 2623 1316 πλήρωσιν
2648 1244 2742 1298 τοῦ
2771 1246 2940 1317 νόμου
2990 1247 3088 1302 καὶ
3144 1249 3257 1302 τῶν
3302 1248 3598 1321 προφητῶν
3641 1248 3803 1312 αὐτὸς

2215 1337 2363 1407 δείξῃ
2421 1337 2483 1390 τὸ
2512 1338 2925 1408 ἀπερίσπαστον
2961 1337 3056 1393 τοῦ
3081 1339 3442 1410 Εὑαγγελίου·
3472 1341 3556 1394 ὅτι
3583 1339 3660 1411 τῷ
3708 1339 3806 1410 μὲν

2213 1429 2366 1500 αὐτῷ
2391 1429 2512 1501 Θεῷ
2545 1432 2596 1484 οί
2619 1433 2898 1504 προφῆται
2937 1433 3374 1506 προσεκύνησαν,
3403 1435 3500 1489 καὶ
3529 1435 3693 1504 νόμος
3715 1434 3805 1486 ὑπ’

2213 1519 2382 1575 αὐτοῦ
2413 1519 2590 1592 ἐδόθη·
2615 1521 2712 1575 νῦν
2749 1522 2807 1576 δέ
2833 1523 2898 1576 οὐ
2922 1523 3011 1578 διὰ
3047 1523 3159 1577 τῶν
3183 1523 3578 1596 αὐτῶνδὼρων
3603 1523 3683 1594 τῷ
3710 1524 3806 1579 αὒ-

2214 1612 2294 1684 τῷ
2335 1613 2458 1684 Θεῷ
2501 1614 2872 1687 προσκύνησις
2918 1615 3175 1681 τελεῖται,
3209 1615 3347 1671 ἀλλὰ
3385 1617 3458 1670 δι’
3494 1615 3672 1686 εὐχῶν
3711 1614 3806 1670 καὶ

2213 1705 2575 1778 εὐχαριστιῶν
2612 1706 2708 1760 καὶ
2764 1707 2863 1778 τῆς
2897 1706 3063 1779 ἄλλης
3104 1707 3510 1780 πραγματείας.
3547 1706 3808 1772 Ἑκείνοις

2217 1797 2320 1866 μὲν
2347 1796 2458 1868 γὰρ
2484 1795 2562 1860 ὡς
2600 1797 2809 1861 δούλοις
2850 1799 3189 1870 προσέταττε
3225 1800 3295 1856 τά
3321 1799 3523 1872 βαρέα,
3552 1799 3687 1852 διότι
3715 1797 3805 1852 οὔ·

2216 1901 2326 1950 τως
2373 1886 2638 1956 ἠδύναντο
2693 1888 3138 1960 πεισθῆναι-τοῖς
3182 1890 3241 1943 δέ
3285 1891 3344 1944 ἐν
3383 1889 3462 1961 τῷ
3487 1888 3804 1960 Εὐαγγελίῳ

2216 1976 2576 2048 ἐλαφρότερα,
2613 1977 2689 2042 ὡς
2718 1979 3045 2051 ἐλευθέροις,
3090 1977 3181 2033 διά
3212 1979 3312 2051 τὴν
3353 1979 3661 2051 ὑπερϐολὴν
3704 1977 3804 2049 τῆς

2215 2069 2382 2122 αὐτοῦ
2417 2068 2852 2140 φιλανθρωπίας.
2900 2071 3052 2136 Ἐνός
3081 2085 3142 2124 τε
3178 2071 3499 2142 ὀμοστοίχου
3531 2070 3804 2141 ὑπάρχον-

2213 2175 2306 2224 τος
2347 2159 2484 2213 Θεοῦ
2524 2159 2618 2214 τοῦ
2648 2177 2708 2214 τε
2737 2161 2905 2231 νόμου
2934 2162 3030 2215 καὶ
3061 2161 3152 2216 τοῦ
3188 2160 3542 2232 Εὐαγγελίου,
3581 2158 3658 2230 μὴ
3685 2177 3802 2212 πα-

2216 2249 2586 2322 ραλελυμένης
2635 2251 2759 2323 μηδ’
2817 2251 3083 2322 ὁποτέρας
3142 2252 3354 2323 χρόνων
3394 2251 3719 2322 ὑπηρεσίας,
3769 2246 3803 2302 ὁ

2214 2341 2376 2406 αὐτὸς
2425 2335 2508 2405 εἷς
2541 2341 2676 2406 Θεός
2729 2344 2878 2396 ἐστιν
2927 2346 2956 2396 ὁ
3002 2343 3302 2414 βασιλεύων
3335 2342 3428 2395 τοῦ
3487 2341 3802 2412 σύμπαντος

2214 2429 2428 2494 αἰῶνος,
2452 2429 2886 2502 θεραπευόμενος
2902 2433 3009 2487 ἀπὸ
3037 2433 3145 2487 τῶν
3159 2433 3383 2497 δούλων,
3413 2432 3536 2485 καθ’
3563 2431 3802 2501 ἑκάστην

2213 2520 2273 2575 st
2304 2520 2519 2589 γενεάν,
2548 2521 2624 2586 ὡς
2658 2524 2927 2592 προσήκει
2959 2527 3026 2595 τῇ
3055 2521 3225 2578 αὐτοῦ
3265 2521 3669 2594 φιλανθρωπίᾳ,
3709 2520 3804 2574 καὶ

2216 2612 2539 2683 ἐλήλεγκται
2568 2614 2914 2684 πανταχόθεν
2943 2616 2978 2685 ἡ
3000 2614 3189 2668 τούτου
3209 2614 3406 2685 πλάνη,
3431 2611 3523 2666 τοῦ
3552 2611 3803 2681 Σωτῆρος

2217 2701 2602 2772 ἐπιτρέποντος
2644 2704 2714 2758 τὰ
2742 2702 2838 2757 τοῦ
2867 2707 3032 2774 νόμου
3075 2705 3367 2760 τελεῖσθαι·
3414 2705 3512 2758 καὶ
3561 2702 3699 2775 μετὰ
3740 2702 3804 2754 τὸ

2214 2792 2500 2864 ἐπιτρέψαι
2554 2794 2625 2848 τά
2655 2795 2750 2848 τοῦ
2783 2795 2951 2868 νόμου
3003 2795 3296 2860 τελεῖσθαι,
3346 2794 3565 2857 λύοντος
3594 2793 3666 2847 τὰ
3707 2789 3802 2846 τοῦ

2213 2881 2401 2953 νόμον,
2430 2883 2492 2938 οίι
2530 2885 2956 2958 καταργοῖηηος,
2995 2887 3133 2942 ἀλλὰ
3169 2886 3522 2958 πληροῦντος,
3563 2899 3804 2954 προσφοο

2218 2973 2320 3044 ρὰς
2370 2976 2566 3047 ἐτέρας
2611 2977 2753 3047 ὑπὲρ
2784 2977 2893 3032 τῶν
2931 2979 2988 3032 ἐν
3015 2979 3093 3050 τῷ
3137 2978 3289 3050 νόμῳ
3333 2979 3697 3050 προσενέγκαι
3724 2973 3803 3046 τῷ

2216 3065 2338 3136 Θεῷ
2370 3066 2779 3139 ἐπιτρέποντος,
2813 3069 3093 3124 τουτέστιν
3129 3070 3412 3134 εὐσεϐείας
3463 3068 3558 3127 καὶ
3600 3065 3802 3139 ἁγαθό-

535 3148 644 3204 Iius
662 3148 926 3206 mandato
952 3149 1196 3220 perfecta
1221 3160 1372 3216 sunt,
1401 3151 1472 3210 ab
1492 3151 1683 3214 eodem
1711 3151 1973 3223 deinceps
1999 3167 2109 3209 non

2216 3175 2395 3229 τητος,
2428 3160 2653 3228 ἁγνείας
2682 3179 2742 3215 τε
2774 3163 2869 3217 καὶ
2886 3164 3182 3228 πολιτείας.

534 3243 737 3306 soluta,
783 3256 893 3297 non
939 3241 998 3295 in
1039 3240 1276 3298 nihilum
1313 3241 1557 3306 redacta,
1597 3242 1696 3300 sed
1740 3242 1964 3313 impleta
2007 3253 2172 3312 sunt,
2214 3261 2341 3302 eum
2387 3248 2602 3306 scilicet
2655 3265 2755 3321 pro
2797 3250 2883 3306 his
2935 3266 3056 3323 quae
3100 3251 3155 3304 in
3193 3251 3311 3321 lege
3361 3258 3629 3321 praecepta
3673 3261 3806 3314 sunt

535 3339 706 3393 novas
747 3333 1017 3404 quasdam
1061 3331 1171 3390 Deo
1221 3332 1337 3390 ﬁeri
1370 3333 1680 3392 oblationes
1707 3334 1968 3399 instituit,
2015 3335 2262 3407 pietatis,
2303 3339 2588 3409 bonitatis,
2633 3341 2924 3411 castitatis,
2957 3342 3316 3408 accuratioris
3375 3341 3610 3413 denique
3674 3343 3799 3397 vita:

533 3426 768 3482 rationis
795 3441 862 3482 ac
880 3426 1120 3497 generis.

604 3517 784 3576 LVIII.
807 3516 990 3589 Pergit
1009 3533 1141 3588 vero
1163 3517 1520 3584 Ilaniclmus,
1553 3532 1620 3577 ac
1642 3529 1934 3584 venturum
1953 3517 2115 3578 deni-

533 3627 642 3682 que
689 3625 878 3667 senem
918 3609 1112 3674 illum.
1157 3617 1324 3678 atque
1365 3609 1594 3680 eﬂigiem
1627 3625 1785 3668 suam
1819 3610 2118 3681 postremis

535 3703 878 3774 temporibus
919 3713 1277 3758 ostensurum
1304 3717 1427 3764 esse
1456 3703 1624 3767 dicit;
1674 3710 1792 3757 tum
1833 3718 1966 3758 vero
2013 3702 2118 3756 Ba-

531 3795 708 3865 julum
732 3793 879 3848 illius
903 3801 1198 3862 conspecta
1227 3791 1364 3848 facie
1387 3801 1590 3852 terram
1611 3808 1736 3850 esse
1761 3795 2080 3849 relicturum
2095 3831 2112 3859 ,

536 3899 774 3954 moxque
815 3892 1024 3944 terram
1068 3883 1404 3953 sempiterno
1449 3885 1576 3953 igne
1630 3885 2110 3954 conﬂagraturam.

534 3973 650 4034 Nec
695 3970 832 4030 illud
874 3973 1039 4028 homo
1083 3973 1338 4043 stupidus
1380 3972 1768 4030 animadvertit
1793 4012 1810 4035 ,
1867 3972 2116 4028 eamdem

539 4065 687 4130 illam
711 4080 772 4122 se
790 4079 917 4120 cum
944 4065 1175 4122 materia
1201 4073 1516 4122 concretam
1539 4064 1927 4130 madefacere,
1950 4079 2118 4136 quam

537 4155 704 4226 paulo
746 4163 908 4211 antea
957 4155 1082 4210 vivo
1128 4154 1200 4209 ab
1239 4154 1439 4225 spiritu
1482 4167 1826 4225 procreatam
1875 4171 1999 4213 esse
2027 4157 2120 4211 deo

538 4247 808 4307 fenderat.
875 4245 984 4301 Sed
1041 4246 1358 4308 universum
1420 4247 1780 4310 nihilominus
1850 4247 2118 4303 undum

536 4333 795 4404 incendio
841 4341 1227 4404 consumptum
1267 4334 1333 4388 iri
1382 4342 1556 4405 putat.
1592 4335 1673 4391 Ac
1724 4343 1864 4400 tum,
1911 4335 2117 4406 inquit,

2289 3514 2421 3570 NK'.
2453 3514 2656 3568 ⁴ιάσκει
2681 3515 2737 3569 δέ
2767 3515 2952 3578 πάλιν,
2985 3515 3067 3569 ὅτι
3101 3513 3379 3568 ἐλεύσεται
3407 3517 3435 3568 ὁ
3467 3513 3797 3584 πρεσϐύτης,

2218 3606 2313 3659 καὶ
2340 3605 2503 3672 δείξει
2529 3605 2694 3660 αὐτοῦ
2725 3607 2826 3679 τὴν
2847 3607 3031 3660 εἰκόνα
3047 3604 3134 3657 ἐπ’
3158 3605 3404 3674 ἐσχάτοιν
3417 3603 3526 3656 τῶν
3553 3605 3795 3676 ἡμερῶν

2219 3699 2312 3750 καὶ
2348 3698 2468 3751 τότε
2510 3698 2542 3750 ὁ
2601 3698 2922 3769 Ὦμοφόρος,
2970 3696 3125 3760 εἰδὼς
3168 3693 3336 3750 αὐτοῦ
3384 3696 3444 3749 τὸ
3490 3697 3798 3766 πρόσωπον,

2219 3789 2412 3859 ἀφίησι
2444 3789 2542 3860 τὴν
2573 3789 2701 3859 γῆν,
2739 3789 2836 3842 καὶ
2867 3787 3042 3850 οὕτως
3070 3788 3133 3840 τὺ
3158 3787 3270 3858 πῦρ
3306 3786 3370 3840 τὸ
3386 3788 3602 3840 αίώινιον
3633 3804 3802 3841 κατα-

2217 3881 2430 3952 δαπανᾷ
2483 3881 2582 3952 τὴν
2612 3882 2738 3952 γῆν.
2771 3881 2882 3935 Καὶ
2910 3879 3205 3934 ἐπελάθετο
3252 3881 3282 3932 ὁ
3325 3879 3606 3948 κτηνώδης
3639 3879 3802 3935 πάλιν

2218 3972 2393 4044 ὑλώδη
2422 3972 2593 4044 αὐτὴν
2621 3972 2937 4043 ὑποφαίνων
2967 3971 3066 4043 τὴν
3105 3972 3212 4042 πρὸ
3237 3969 3383 4041 ὥρας
3407 3970 3556 4040 αύτῷ
3575 3970 3804 4041 λεγομέ-

2217 4081 2316 4133 νην
2342 4063 2452 4118 ἀπὸ
2476 4063 2570 4117 τοῦ
2601 4063 2916 4135 πνεύματος
2943 4061 3039 4116 τοῦ
3065 4060 3266 4126 ζῶντος
3294 4060 3599 4114 κεκτίσθαι,
3632 4059 3802 4132 ὐμοῦ

2219 4157 2278 4211 δέ
2299 4157 2394 4210 τὸν
2415 4158 2594 4211 πάντα
2627 4157 2832 4228 κόσμον
2867 4155 3031 4210 πάλιν
3059 4154 3170 4208 ὑπὸ
3196 4153 3290 4207 τοῦ
3325 4152 3496 4226 πυρὸς
3519 4152 3802 4207 ἀναλίσκε-

2218 4247 2341 4299 σθαι
2369 4246 2704 4300 ὑποτίθεται.
2731 4247 2840 4298 Καὶ
2886 4245 3029 4308 τότε,
3065 4243 3221 4315 φησὶ,
3260 4240 3398 4312 μετὰ
3420 4240 3590 4294 ταῦτα
3619 4241 3653 4310 ἠ
3675 4241 3806 4311 ἀπο-

2214 4335 2552 4401 κατάστασις
2581 4337 2694 4391 τῶν
2727 4336 2823 4390 δύο
2855 4336 3076 4406 φύσεων
3102 4334 3394 4388 ἐπιτοαυτδ
3443 4335 3524 4396 είς
3549 4332 3612 4386 τὸ
3639 4332 3804 4404 ἀρχέ-

533 4424 762 4478 duarum
812 4431 1134 4476 naturarum
1179 4423 1322 4476 idem
1349 4422 1404 4476 in
1434 4424 1794 4493 archetypum
1839 4423 2116 4479 restitutio

2219 4444 2390 4481 τυπον
2435 4427 2854 4499 παρελεύσεται.
2892 4429 2958 4480 Ὢ
2990 4423 3186 4480 πολλοῦ
3215 4425 3486 4496 καμάτου,
3523 4423 3615 4475 καὶ
3665 4421 3805 4493 μετά

533 4518 919 4589 consequetur.
963 4507 1008 4564 Ο
1039 4511 1255 4566 inanem
1283 4510 1523 4568 hominis
1565 4511 1833 4576 laborem,
1855 4526 1966 4582 quo
1994 4525 2119 4567 sus-

532 4611 694 4676 cepto
737 4604 872 4662 nihil
919 4613 1104 4660 tamen
1133 4605 1200 4659 ad
1230 4607 1438 4666 erroris
1472 4607 1914 4664 emendationem
1952 4608 2121 4678 proii-

533 4691 707 4748 cituri
750 4691 887 4746 Nam
916 4692 961 4758 si
989 4701 1346 4766 posteaquam
1367 4693 1626 4750 conditus
1642 4703 1727 4750 est
1741 4706 1796 4752 et
1817 4696 2120 4765 productus

533 4780 625 4834 hic
653 4780 911 4845 mundus,
939 4780 1187 4835 consumi
1212 4779 1599 4851 exstinguique
1629 4781 1812 4850 debet,
1843 4790 1903 4838 ut
1932 4797 2121 4842 exem-

531 4871 709 4940 plaria
744 4872 864 4942 ipsa
904 4887 1124 4928 rursum
1159 4873 1214 4927 in
1255 4873 1543 4928 ambarum
1585 4883 1936 4940 naturarum,
1988 4874 2118 4932 boni

531 4961 745 5018 scilicet
791 4978 856 5016 ac
897 4965 1046 5032 mali,
1088 4972 1149 5020 ut
1193 4965 1270 5020 ita
1311 4966 1510 5033 dicam,
1566 4966 1852 5024 identitate
1897 4983 2115 5038 perma-

531 5062 731 5117 neant;
780 5067 1127 5125 consequens
1163 5063 1268 5122 est,
1295 5064 1356 5112 ut
1387 5057 1592 5112 malum
1627 5073 1824 5122 rursus
1855 5057 2116 5128 congredi

531 5143 752 5208 audeat,
781 5150 838 5197 et
867 5143 1070 5199 inferre
1095 5144 1324 5210 bellum,
1357 5159 1423 5201 ac
1451 5147 1711 5210 virtutem
1747 5147 1913 5208 aliam
1945 5147 2117 5206 inter.

529 5245 732 5307 vertat,
768 5253 881 5310 quo
909 5237 1052 5292 alius
1072 5236 1305 5292 subinde
1330 5239 1572 5296 mundus
1599 5239 1853 5296 exsistat.
1887 5239 2043 5307 Quod
2068 5241 2116 5296 si

530 5335 712 5388 locum
741 5329 888 5388 istud
932 5329 1170 5402 amplius
1201 5344 1311 5384 non
1344 5330 1528 5398 habet,
1557 5331 1672 5401 jam
1707 5333 1873 5404 igitur
1907 5335 2117 5390 malitia

529 5425 845 5496 resipuerit,
875 5433 936 5482 ut
975 5438 1086 5480 non
1126 5422 1362 5490 amplius
1395 5437 1518 5478 cum
1553 5425 1801 5480 bonitate
1836 5426 2117 5483 conﬂicte-

529 5525 652 5568 tur:
689 5516 984 5589 resipuerit
1012 5525 1066 5571 et
1096 5513 1276 5570 malus
1312 5513 1476 5580 Deus,
1502 5516 1599 5587 qui
1642 5516 1843 5572 bellum
1881 5519 2116 5590 amplius

530 5605 742 5660 nullum
776 5625 899 5664 cum
928 5607 1152 5664 meliore
1169 5605 1456 5675 suscipiat.
1493 5605 1609 5662 Hoc
1629 5623 1764 5663 vero
1787 5611 2113 5676 constituto,

529 5694 733 5750 malum
759 5713 879 5756 esse
911 5698 1135 5765 desinit,
1161 5713 1296 5754 .cum
1328 5699 1395 5752 ab
1422 5701 1646 5772 antiqua
1683 5707 1892 5756 natura:
1935 5704 2114 5773 pravi—

2223 4518 2313 4572 τὸν
2363 4519 2614 4590 κάματον
2656 4518 2870 4582 οὐδενὸς
2917 4515 3295 4588 ἐπιδιορθώσει
3354 4512 3687 4584 φερομένουί
3740 4511 3804 4564 Εί

2220 4609 2330 4681 γὰρ
2351 4609 2490 4679 μετὰ
2528 4607 2592 4660 τὸ
2625 4607 2914 4679 κτισθῆναι
2947 4606 3043 4660 καὶ
3082 4603 3334 4675 γενέσθαι
3367 4599 3806 4670 δαπανηθήσεται

2219 4699 2315 4758 καὶ
2339 4696 2789 4768 ἀφανισθήσεται,
2827 4697 2914 4751 ἴνα
2936 4695 3006 4749 τὰ
3035 4695 3318 4766 ἀρχέτυπα
3353 4693 3509 4763 μείνῃ
3542 4689 3706 4743 πάλιν
3745 4688 3806 4742 ἐν

2217 4787 2509 4856 ταυτότητι
2546 4786 2654 4839 τῶν
2683 4785 2778 4840 δύο
2819 4785 3038 4856 φύσεων
3089 4782 3298 4852 ἀγαθοῦ
3355 4798 3416 4835 τε
3461 4780 3556 4834 καὶ
3603 4777 3802 4841 κακοῦ,

2218 4877 2374 4931 ἐσται
2410 4877 2578 4930 πάλιν
2589 4876 2844 4949 ἐπιτριϐὴ
2865 4873 2960 4930 τοῦ
2981 4873 3220 4946 πονηροῦ
3242 4873 3378 4944 πρὸς
3390 4871 3454 4924 τὸ
3480 4869 3804 4940 ἐπιστρέψαι

2219 4971 2402 5035 πάλιν,
2434 4971 2529 5024 καὶ
2562 4969 2799 5038 πόλεμον
2829 4966 3214 5039 ἐνστήσασθαι,
3247 4965 3343 5019 καὶ
3375 4962 3617 5035 ἁρπάξαι
3641 4959 3808 5015 πάλιν

2218 5061 2387 5132 ἄλλην
2417 5060 2668 5134 δύναμιν,
2705 5060 2794 5116 m
2834 5060 2998 5116 πάλιν
3027 5057 3187 5122 ἄλλος
3224 5058 3426 5127 κόσμος
3455 5055 3700 5124 γένηται.
3739 5051 3805 5105 El

2216 5153 2274 5206 δὲ
2305 5152 2488 5214 οὐκέτι
2533 5152 2691 5207 τοῦτο
2723 5153 2954 5221 γίνεται,
2982 5150 3093 5220 ἄρα
3140 5147 3488 5219 σωφρονήσεν
3525 5145 3559 5215 ὴ
3611 5141 3802 5207 κακία,

2218 5244 2314 5297 τοῦ
2343 5245 2539 5315 μηκέτι
2568 5241 2948 5315 ἐπιτρίσεσθαι
2978 5240 3116 5312 πρὸς
3151 5238 3249 5309 τὴν
3287 5236 3620 5307 άγαθότητα,
3647 5233 3745 5286 καὶ
3774 5233 3806 5286 ὁ

2218 5337 2454 5408 πονηρὸς
2483 5336 2617 5400 Θεὸς
2651 5335 2787 5406 πρὸς
2818 5335 2911 5387 τὸν
2937 5330 3144 5400 ἀγαθὸν
3173 5329 3370 5401 μηκέτι
3393 5327 3627 5397 πόλεμον
3655 5323 3804 5392 ἐγεί-

2221 5448 2350 5502 ρων.
2384 5432 2447 5484 Εί
2474 5431 2531 5484 δὲ
2554 5429 2648 5486 καὶ
2677 5425 3176 5500 σωφρονισθήσεταί
3207 5441 3358 5489 ποτε,
3393 5422 3494 5476 οὐκ
3525 5419 3675 5472 ἔσται
3700 5433 3804 5470 κα-

2218 5521 2334 5587 κὸν,
2361 5521 2524 5575 ὁπότε
2559 5521 2667 5575 ἀπὸ
2712 5520 2814 5590 τῆς
2854 5517 3087 5590 ἀρχαίας
3119 5515 3285 5569 αὑτοῦ
3328 5512 3542 5582 φύσεως
3583 5507 3681 5576 τῆς
3712 5522 3806 5559 κα-

2219 5613 2345 5676 κίας
2403 5613 2770 5683 μετήλλακται
2821 5608 3210 5681 μετατραπείς.
3267 5607 3331 5660 Ei
3363 5605 3420 5658 δὲ
3466 5601 3559 5655 καὶ
3587 5595 3797 5670 τρεπτὴ

2219 5705 2473 5775 τυγχάνει
2505 5706 2537 5769 ἡ
2568 5702 2729 5769 φύσις
2757 5702 2848 5756 τοῦ
2892 5699 3087 5764 κακοῦ,
3120 5698 3335 5760 πάντως
3363 5697 3445 5749 ὅτι
3477 5691 3585 5748 άπὸ
3625 5683 3799 5744 κακοῦ
