4078 6418
468 329 603 388 ’119

1905 331 1960 387 S.
2003 331 2246 388 -ΕΡΙΡΙΙᾹ
2256 333 2345 389 Nll

3663 335 3757 392 Ιὲθ

498 446 702 499 "talum
728 443 941 506 habuit,
969 442 1094 511 quis
1124 443 1455 498 immobilem
1488 444 1633 498 illam
1666 445 1794 498 mali
1823 456 2073 499 naturam

2177 449 2447 519 ἄτρεπτον
2499 449 2660 517 φύσιν
2709 449 2907 512 κακίας
2946 448 3219 518 τραπῆναι
3255 450 3346 502 ἐπὶ
3375 449 3444 504 τά
3477 450 3552 520 μὴ
3597 468 3767 522 προσ-

499 543 655 588 tanto
685 534 970 588 intervallo
997 533 1250 596 mulavit,
1287 541 1346 587 ut
1377 549 1436 589 se
1469 535 1536 587 ad
1584 535 1763 589 aliena
1797 547 2071 591 converte-

498 626 620 680 ret?
647 625 702 678 Si
738 625 789 678 id
817 641 884 679 eo
919 624 1120 678 factum
1144 633 1251 685 est,
1283 626 1427 694 quod
1451 627 1617 696 672
1661 628 1902 681 nondum
1935 643 2072 696 pra:-

495 718 621 770 data
646 717 900 770 virtutem
931 722 1100 778 esset,
1125 733 1302 786 neque
1333 719 1538 772 bonum
1554 730 1944 789 expugnasset,
1977 730 2072 774 aut

495 809 614 874 eius
645 820 978 861 armaturam
1005 819 1352 878 occupasset,
1387 825 1496 880 qua
1537 826 1597 865 se
1625 812 1979 867 conﬁrmaret
2009 828 2072 866 ac

495 903 773 963 pasceret,
815 904 978 965 atque
1011 897 1084 950 ita
1129 905 1207 951 tot
1238 899 1344 954 illis
1386 900 1603 955 smculis
1653 902 1832 954 omnis
1876 916 2071 968 expers

492 987 762 1049 alimenti,
797 1002 900 1040 nec
933 1003 1063 1046 vero
1108 989 1262 1043 illius
1289 990 1541 1061 indigens
1577 992 1914 1060 permansit;
1947 979 2099 1059 quis

491 1093 612 1130 eam
642 1089 916 1142 naturam,
947 1094 1070 1148 qua-
1093 1079 1410 1134 alimentum
1439 1082 1706 1136 hactenus
1729 1083 1950 1134 minime
1980 1082 2073 1134 de-

492 1170 790 1235 siderabat,
842 1172 909 1226 ad
960 1173 1093 1227 illud
1149 1175 1549 1244 capessendum
1605 1175 1844 1243 impulit,
1909 1175 2072 1244 idque

495 1262 674 1326 ipsum
715 1261 1124 1332 requirendum,
1169 1265 1314 1334 quod
1343 1281 1450 1319 non
1481 1272 1639 1318 antea
1687 1264 1982 1335 ﬂagitabat,
2016 1265 2071 1318 id

493 1352 810 1408 desiderare
836 1355 1095 1426 denique,
1121 1358 1266 1427 quod
1298 1371 1646 1427 nequaquam
1671 1365 1830 1410 antea
1863 1355 2073 1410 deside-

493 1446 745 1500 raverat?
779 1445 1116 1508 Naturamne
1163 1450 1435 1504 mutavit?
1469 1449 1572 1504 Ubi
1619 1450 1785 1518 igitur
1828 1449 1918 1502 illa
1965 1455 2069 1512 est,

491 1550 656 1603 quam
691 1537 920 1600 asseris,
948 1538 1308 1594 immutabilis
1341 1541 1471 1594 mali
1507 1539 1794 1593 conditio?
1835 1538 1990 1603 Quod
2023 1537 2070 1593 si

495 1628 786 1694 pristinum
820 1628 973 1682 illum
1008 1646 1201 1686 rursus
1228 1630 1296 1685 ad
1327 1639 1528 1686 statum
1583 1630 1806 1693 redeat,
1856 1641 1916 1684 ut
1963 1644 2072 1698 quo

492 1728 747 1773 vescatur
789 1719 988 1774 habeat
1029 1721 1188 1784 nihil.
1241 1736 1480 1791 quonam
1528 1729 1692 1790 pacto
1736 1721 1914 1775 malus
1957 1721 2070 1782 ille,

2172 543 2411 610 ἠκοντα;
2447 540 2508 592 Ei
2541 540 2650 611 γὰρ
2679 539 2830 592 οὔπω
2854 536 2922 610 ἦν
2953 539 3243 609 ἁρπάξασα
3270 541 3522 610 δύναμιν,
3557 543 3652 594 καὶ
3676 560 3768 595 za-

2171 632 2625 703 ταπολεμήσασα,
2685 631 2819 701 μηδὲ
2853 630 3094 684 λαϐοῦσα
3134 631 3436 684 πανοπλίαν
3480 634 3562 694 εἰς
3595 633 3767 700 αὐτῆς

2171 723 2404 793 δύναμιν
2441 723 2535 776 καὶ
2555 723 2635 784 εἰς
2661 721 2882 790 ἐδωδὴν,
2916 720 3108 790 ἔμελλε
3132 721 3148 750 ¹
3171 720 3225 772 δὲ
3255 721 3312 772 ὲν
3335 721 3551 784 πολλοῖς
3577 722 3766 775 αέῶσιν

2171 813 2427 882 ἄτροφος,
2460 811 2594 882 μηδὲ
2617 811 2823 881 τροφῆς
2850 809 3193 879 ἐπιδεομένηο
3224 810 3308 872 τίς
3328 809 3522 881 ἔτρεψε
3547 810 3648 878 τήν
3671 825 3766 862 πο-

2168 921 2229 955 τε
2265 905 2338 973 μὴ
2371 903 2725 973 ἐπιδεομένην
2749 902 2956 972 τροφῆς
2982 903 3062 964 εἰς
3090 902 3299 972 τροφὴν
3331 903 3510 972 ἥκειν.
3536 901 3629 955 καὶ
3652 902 3766 956 ἐπν-

2163 993 2374 1060 ζητεῖν,
2437 993 2572 1062 ὅπερ
2625 991 2755 1043 ποτὲ
2806 992 2906 1042 οὐκ
2962 989 3238 1059 ἐπεζήτει,
3291 992 3387 1048 καὶ
3452 991 3763 1045 ἐπιδέεσθαι

2170 1081 2308 1150 ὅπερ
2331 1081 2461 1134 ποτὲ
2490 1083 2588 1134 οὐκ
2614 1081 2882 1144 ἐπδέετο,
2918 1081 3032 1134 ἀλλ’
3062 1084 3111 1134 εί
3138 1082 3244 1152 ἄρα
3279 1084 3488 1154 ἐτράπη
3519 1083 3620 1153 τὴν
3656 1083 3761 1150 φύ-

2175 1187 2294 1237 σιν;
2341 1172 2450 1225 Καὶ
2485 1171 2603 1235 πῶς
2650 1175 2683 1242 η
2715 1171 2866 1241 παρά
2903 1171 2988 1224 σοὶ
3027 1173 3257 1243 ἀτρεψία
3294 1175 3423 1245 περὶ
3451 1172 3548 1227 τοῦ
3587 1172 3761 1228 κακοῦ

2176 1261 2604 1332 συσταθήσεται;
2638 1265 2701 1316 Ei
2729 1263 2787 1316 δὲ
2818 1263 2913 1316 καὶ
2946 1264 3107 1318 πάλιν
3137 1267 3219 1327 εἰς
3249 1264 3382 1316 ίδίαν
3423 1265 3762 1318 κατάστασιν

2173 1355 2336 1420 ἔλθοι,
2366 1355 2564 1426 μηκέτι
2599 1356 2848 1427 εὐπορῶν
2875 1357 2904 1408 ὃ
2929 1357 3114 1426 φάγοι,
3149 1357 3266 1420 πῶς
3295 1360 3324 1410 6
3355 1356 3517 1410 πάλιν
3547 1358 3608 1410 ὲν
3633 1373 3760 1411 συν-

2171 1445 2334 1516 ηθείᾳ
2385 1446 2624 1513 γεγονὼς
2657 1448 2882 1518 κακὸςῆ
2912 1449 3149 1519 πονηρὸς
3177 1447 3270 1501 τοῦ
3305 1447 3638 1518 βιδρώσκειν
3666 1447 3756 1502 καὶ

2173 1535 2339 1606 ἐδωδῇ
2381 1535 2636 1606 χρῆσθαι,
2674 1537 2897 1591 δύναται
2947 1539 3240 1609 ὑπομένειν
3288 1539 3370 1602 είς
3410 1538 3505 1591 τὸν
3541 1539 3762 1592 ἐπιόντι

2174 1629 2366 1698 χρόνον
2411 1630 2538 1683 ἄνευ
2577 1629 2778 1698 ἐδωδῆς
2814 1629 3110 1694 διατελῶν;
3156 1631 3218 1683 Et
3263 1629 3372 1701 γὰρ
3406 1631 3466 1682 ἐν
3500 1629 3766 1701 συνηθείᾳ

2179 1715 2482 1787 βρωμάτων
2510 1719 2584 1788 μὴ
2613 1717 2852 1786 γεγονὼς
2879 1719 2979 1771 οὑκ
3005 1719 3246 1788 ἠδυνήθη
3276 1719 3598 1788 ὑποστῆναι,
3623 1717 3765 1772 ἀλλὰ

491 1817 850 1878 posteaquam
875 1811 1022 1864 vesci
1048 1813 1420 1877 consueverit,
1449 1811 1708 1880 deinceps
1733 1811 1898 1864 vitam
1929 1811 2068 1865 tole-

2173 1809 2383 1877 ἐτράπη
2413 1809 2494 1870 είς
2522 1809 2722 1878 ἐδωδὴν
2748 1808 3021 1879 ἔρχεσθαι,
3049 1810 3143 1862 καὶ
3169 1809 3406 1880 συλήσας
3432 1811 3534 1879 τὴν
3555 1809 3762 1878 ψυχὴν,

495 1914 620 1952 rare
640 1899 760 1955 sine
786 1900 912 1956 cibo
942 1901 1177 1970 poterit?
1205 1901 1422 1957 Etenim
1453 1903 1500 1956 si
1523 1917 1632 1970 quo
1659 1909 1903 1970 tempore
1929 1916 2066 1954 non-

492 1992 623 2042 dum
669 1989 811 2044 cibis
853 1999 1197 2055 assueverat,
1244 1992 1520 2046 sustinere
1557 1991 1915 2046 nihilominus
1957 2006 2065 2044 non

491 2078 689 2146 potuit,
727 2080 821 2134 sed
861 2079 927 2134 ad
961 2082 1314 2150 querendum
1349 2083 1605 2150 pabulum
1653 2090 1738 2135 est
1773 2082 2065 2150 impulsus,

2175 1897 2373 1968 βρῶμα
2429 1899 2605 1969 ἑαυτῷ
2650 1903 3095 1972 περιεποιήσατο,
3153 1900 3351 1971 μᾶλλον
3395 1901 3454 1953 ὲν
3496 1899 3761 1971 συνηθείᾳ

2175 1989 2462 2061 βρώματος
2481 1991 2720 2060 γεγονὼς
2753 1993 2981 2062 άσχετος
3004 1993 3158 2046 ἔσται
3187 1992 3284 2063 τὴν
3323 1991 3505 2060 φύσιν,
3538 1991 3633 2044 καὶ
3665 1992 3758 2045 οὒ-

2171 2081 2261 2134 δὲν
2296 2081 2363 2135 ἂν
2412 2082 2600 2136 τοῦτον
2641 2083 2996 2154 παραπείσειε
3036 2083 3215 2154 λίχνον
3248 2081 3512 2151 γεγονότα
3560 2081 3658 2134 καὶ
3703 2084 3763 2135 ὲν

491 2183 555 2221 ac
594 2166 814 2223 demum
849 2171 1130 2238 praedatus
1168 2171 1407 2232 animam
1442 2187 1506 2225 ea
1552 2186 1650 2241 pro
1695 2172 1819 2226 cibo
1859 2171 2067 2228 abusus

2175 2173 2342 2244 πείρᾳ
2369 2174 2572 2244 ἐδωδῆς
2609 2175 2738 2228 ἄνευ
2767 2175 2974 2229 τούτων
2997 2175 3282 2239 διατελεῖν,
3310 2174 3387 2238 ὡς
3417 2175 3444 2226 6
3479 2172 3572 2236 σὸς
3601 2172 3764 2241 λόγος

487 2267 574 2312 est
608 2277 621 2312 :
660 2259 750 2314 ubi
793 2260 1046 2316 ciborum
1095 2263 1482 2318 consuetudini
1534 2263 1844 2327 indulserit,
1895 2263 2066 2317 multo

2173 2262 2477 2326 ἀσύστατος
2511 2264 2773 2335 ὑπάρχων
2793 2264 2954 2318 τοῦτο
2987 2264 3255 2335 βούλεται.

490 2355 674 2410 minus
717 2355 975 2412 cohibere
1021 2372 1144 2412 sese
1185 2365 1405 2426 poterit,
1453 2372 1553 2412 nec
1597 2358 1704 2411 ulla
1753 2357 1968 2412 ratione
2013 2357 2061 2412 ei
2122 2357 2446 2426 persuaderi
2491 2358 2712 2426 poterit,
2746 2367 2804 2412 ut
2840 2369 3193 2429 posteaquam
3260 2362 3483 2432 ligurire
3525 2374 3592 2414 ac
3649 2354 3764 2412 cibi

487 2445 815 2502 suavitatem
840 2448 1078 2518 experiri
1104 2448 1353 2518 cmperit,
1376 2446 1445 2503 ab
1472 2449 1565 2502 illo
1593 2463 1715 2504 sese
1743 2448 2058 2504 contineat:
2131 2449 2278 2519 quod
2324 2459 2507 2504 tamen
2573 2463 2714 2503 vana
2758 2458 2852 2504 tua
2897 2451 3236 2523 minimeque
3282 2455 3568 2509 coltaarens
3615 2448 3770 2503 ratio

483 2540 848 2607 comprobare
877 2541 1094 2595 nititur.
1975 2559 1980 2564 ‘

560 2630 672 2683 LX.
702 2630 904 2687 Verum
926 2633 1029 2686 hoc
1058 2635 1178 2688 loco
1206 2635 1577 2703 praetermisso
1602 2634 1668 2688 ad
1696 2634 1803 2689 alia
1822 2634 2068 2702 ejusdem

2243 2631 2316 2685 Ξ’.
2377 2629 2537 2684 Ἀλλά
2594 2631 3004 2702 παρελεύσομαι
3054 2632 3242 2686 τοῦτον
3291 2633 3382 2686 τὸν
3434 2633 3622 2686 τύπον⁶
3672 2636 3762 2705 ἐφ’

491 2721 732 2776 hominis
755 2721 947 2778 deliria
977 2725 1285 2780 orationem
1325 2724 1630 2779 conferam.
1666 2723 1952 2794 Principes
1993 2727 2072 2779 ait

2173 2722 2338 2790 ἕτερα
2362 2721 2419 2774 δὲ
2444 2721 2604 2774 πάλιν
2633 2722 2731 2793 τῆς
2760 2721 2924 2776 αὑτοῦ
2955 2721 3225 2792 ληρωδίας
3253 2724 3640 2794 ὲπεκτείνομαι
3661 2726 3766 2798 τὴν

494 2822 768 2879 postremo
797 2813 889 2868 illo
918 2824 1164 2886 tempore
1204 2817 1443 2886 propriis
1487 2816 1715 2872 sedibus
1756 2818 2069 2872 restitutum

2173 2809 2441 2880 διήγησιν.
2489 2812 2658 2864 Πάλιν
2691 2812 2800 2882 γὰρ
2836 2811 3057 2880 φάσκει,
3084 2815 3165 2866 ὅτι
3197 2815 3248 2866 οἱ
3271 2814 3528 2884 ἄρχοντες
3555 2816 3615 2868 ὲν
3645 2819 3761 2880 τοῖς

495 2902 586 2965 iri,
631 2917 695 2956 ac
724 2900 938 2958 Patrem
962 2913 1206 2960 suasmet
1235 2905 1410 2974 ipsius
1455 2913 1640 2975 partes
1686 2923 1810 2963 esse
1841 2921 2072 2978 recupe-

2176 2901 2326 2964 ἰδίοις
2361 2902 2552 2972 μέρεσι
2577 2903 2696 2956 τότε
2725 2905 2958 2966 ἔσονται,
2990 2905 3084 2957 καὶ
3105 2906 3133 2958 6
3161 2905 3352 2976 Πατὴρ
3389 2906 3456 2960 τὰ
3483 2906 3592 2960 ῖδια
3623 2907 3763 2961 ἀπο-

496 2999 765 3044 t'aturum.
793 2992 930 3057 Quis
948 3001 1034 3048 est
1053 2994 1144 3049 ille
1163 3002 1275 3048 tam
1297 3011 1508 3064 aequus,
1533 3005 1592 3049 ut
1615 2995 1912 3067 unicuique
1929 2997 2068 3066 parti

2175 2989 2405 3060 λήψεται
2431 2991 2592 3062 μέρη.
2619 2992 2713 3056 Τίς
2741 2994 2849 3064 ἄρα
2866 2995 2894 3045 6
2914 2994 3165 3064 ἐπιεικὴς
3195 2990 3370 3060 οὗτος,
3388 2996 3474 3051 ἵνα
3502 2997 3596 3050 τὸν
3624 2999 3754 3068 ὅρον

495 3083 764 3137 terminos
793 3098 925 3139 suos
958 3085 1102 3140 velut
1138 3085 1470 3155 decempeda
1514 3087 1806 3153 metiatur?
1832 3087 2066 3153 Quinam

2173 3080 2384 3150 διχόθεν
2413 3082 2643 3134 ἑκάστου
2691 3082 2891 3154 μέρους
2929 3086 3326 3156 γεωμετρήσῃ;
3376 3085 3502 3148 Πῶς
3545 3086 3604 3139 δὲ
3639 3104 3762 3140 πει-

494 3189 624 3240 vero
644 3173 856 3244 parebit
885 3175 1000 3236 ille,
1026 3176 1120 3245 qui
1141 3176 1356 3232 veritati
1387 3193 1452 3232 ac
1484 3179 1630 3233 bono
1651 3193 1857 3234 morem
1883 3195 2070 3248 gerere

495 3264 654 3319 initio
687 3265 1034 3322 noluerit?Si
1059 3269 1110 3323 id
1144 3270 1476 3326 necessitate
1515 3272 1717 3326 bonum
1747 3281 2066 3327 exorturum

488 3352 719 3419 dixeris,
749 3364 808 3408 ut
838 3355 1079 3424 injustus
1102 3358 1193 3414 ille
1215 3359 1331 3416 suis
1355 3360 1520 3416 rebus
1540 3369 1831 3418 contentus
1854 3363 1947 3425 sit,
1968 3378 2070 3417 nec

490 3445 546 3501 in
572 3447 700 3500 boni
735 3450 1139 3515 possessionem
1180 3451 1406 3516 involet,
1435 3468 1536 3506 cur
1579 3467 1692 3507 non
1728 3451 1910 3508 facere
1936 3454 2070 3508 illud

493 3536 649 3590 initio
695 3539 902 3605 potuit,
957 3541 1278 3612 priusquam
1335 3557 1449 3597 suae
1486 3543 1596 3598 sibi
1646 3551 1832 3612 partes
1883 3553 2072 3600 essent

489 3627 728 3693 erepte?
755 3626 839 3680 An
865 3643 996 3682 vero
1020 3629 1187 3683 simul
1225 3644 1349 3685 esse
1375 3630 1484 3685 duo
1517 3632 1595 3685 illi
1627 3639 1907 3701 poterunt,
1942 3647 2070 3687 cum

491 3729 648 3770 suam
682 3714 919 3782 quisque
944 3723 1155 3783 partem
1177 3717 1455 3772 obtineat?
1479 3719 1593 3788 Age
1619 3733 1746 3773 vero
1777 3720 1823 3774 si
1846 3719 2072 3773 omnino

497 3816 606 3854 sua:
623 3801 995 3870 Omnipotenti
1034 3815 1217 3873 partes
1241 3805 1519 3861 attributa:
1543 3809 1677 3873 sint,
1711 3807 1848 3862 adeo
1886 3817 1945 3861 ut
1967 3824 2074 3862 ca:-

495 3902 625 3944 tcra:
652 3891 787 3942 nihil
822 3891 890 3945 ad
930 3891 1109 3961 ipsum
1150 3893 1483 3962 pertineant,
1501 3895 1860 3964 Omnipotens
1888 3897 2074 3966 appel-

497 3980 597 4034 lari
635 3979 884 4044 desinet,
933 3982 1148 4039 desinet
1183 3985 1428 4038 omnium
1480 4001 1605 4042 esse
1645 3985 1822 4055 Deus,
1861 3988 2074 4043 desinet

496 4071 675 4126 malus
709 4072 853 4126 bono
896 4088 1020 4129 esse
1049 4074 1354 4144 subjectus,
1395 4091 1519 4132 cum
1565 4081 1942 4153 unusquisque
1973 4094 2075 4135 sua

496 4178 555 4217 se
590 4161 966 4236 dominatione
996 4167 1297 4222 contineat.
1343 4169 1512 4239 Cujus
1559 4185 1726 4239 porro
1766 4173 1944 4228 malus
1981 4173 2074 4228 ille

493 4255 755 4312 dominus
789 4258 916 4322 erit,
941 4259 990 4314 si
1020 4274 1202 4329 neque
1243 4259 1484 4317 mundus
1529 4263 1769 4332 amplius
1807 4265 2070 4334 supersit,

496 4362 594 4402 nec
622 4347 912 4414 animalia,
953 4349 1037 4404 vel
1085 4349 1338 4406 homines
1381 4353 1507 4418 ulli,
1539 4353 1632 4423 qui
1680 4354 1827 4408 illius
1875 4354 2073 4411 ditioni

493 4439 810 4522 subjacent?
856 4441 1127 4498 Praeterea
1163 4457 1286 4498 cum
1332 4443 1474 4500 idem
1528 4445 1620 4500 ille
1648 4447 1875 4500 materia
1909 4448 2072 4503 simul
2106 4437 2152 4493 1)

494 4540 656 4600 atque
698 4534 982 4604 corruptio
1026 4534 1119 4600 sit,
1152 4549 1338 4590 nonne
1383 4551 1494 4605 prae
1538 4537 1754 4592 creteris
1793 4540 2072 4609 corrumpi

495 4621 611 4694 ipse
651 4622 876 4678 debuit?
916 4625 1054 4680 Nam
1085 4627 1133 4681 si
1173 4641 1243 4681 ex
1273 4627 1368 4681 illo
1401 4635 1648 4698 tempore
1679 4630 1881 4684 malum
1908 4630 2074 4701 673

494 4713 881 4785 etsicorruptio
899 4717 1039 4774 foret
1079 4726 1386 4790 caaleraque
1409 4730 1810 4790 corrumperet,
1829 4723 2074 4791 seipsum

498 4804 718 4860 minime
759 4809 1086 4879 corrumpit,
1120 4824 1233 4864 non
1274 4819 1359 4866 est
1401 4812 1548 4881 quod
1595 4811 1937 4882 corruptioni
1975 4813 2075 4867 ob-

501 4897 722 4952 noxium
770 4900 902 4952 illud
931 4915 1056 4956 esse
1087 4900 1453 4970 suspicemur,
1487 4916 1610 4956 cum
1641 4901 1715 4954 ita
1756 4909 2076 4970 corrumpat

498 4998 717 5050 uetera,
753 4989 932 5056 ipsum
969 4991 1277 5046 immortale
1302 4992 1394 5056 sit,
1427 5007 1527 5048 nec
1557 4992 1835 5062 exstingui
1879 4992 2071 5060 possit.

501 5076 578 5132 Ex
607 5091 717 5147 quo
746 5087 800 5132 et
832 5079 967 5132 illud
1016 5083 1288 5148 sequitur,
1321 5098 1446 5136 cum
1491 5083 1668 5138 solida
1703 5090 2075 5152 perpetuaque

501 5169 810 5224 substantia
837 5178 1073 5231 constet,
1104 5186 1166 5224 ac
1191 5180 1387 5240 praeter
1405 5189 1526 5230 sese
1551 5183 1843 5230 consumat
1865 5175 2072 5239 omnia,

503 5261 636 5314 nihil
663 5259 734 5314 ab
769 5260 863 5312 illo
892 5259 1145 5312 relictum
1175 5260 1264 5321 iri,
1297 5261 1391 5314 sed
1422 5278 1546 5316 cum
1584 5273 1908 5320 cteterorum
1937 5279 2072 5318 con-

505 5351 742 5420 sumptio
782 5349 875 5414 sit,
925 5347 1035 5402 illis
1067 5348 1200 5415 ipsis
1225 5349 1504 5405 interitum
1539 5353 2074 5422 allaturum.Quam-

507 5445 692 5494 uin-em
718 5442 798 5494 sic
828 5439 976 5494 illius
1006 5439 1319 5492 substantia
1347 5444 1708 5510 permanebit,
1735 5446 1871 5500 nihil
1900 5456 2064 5501 uteo-

506 5544 627 5582 rum
657 5547 777 5599 qua:
813 5539 940 5584 sunt
971 5527 1210 5582 residere
1241 5527 1479 5596 patiatur
1498 5571 1511 5596 ,
1549 5533 1640 5588 sed
1680 5534 1793 5589 sola
1821 5549 2072 5606 perseve-

579 5677 592 5706 ’
625 5677 686 5733 [δ’.
725 5680 908 5746 ἔμενε.

2173 3171 2428 3242 σθήσεται
2468 3173 2498 3225 6
2535 3173 2791 3242 ἀπαρχῆς
2832 3176 2899 3244 τῇ
2940 3174 3169 3245 ἀληθείᾳ
3208 3176 3302 3228 καὶ
3341 3173 3420 3246 τῷ
3451 3175 3644 3246 ἀγαθῷ
3680 3177 3761 3246 μὴ

2170 3263 2490 3334 πειθόμενος
2511 3283 2525 3325 ;
2549 3265 2611 3316 Ei
2639 3265 2695 3318 δὲ
2727 3264 2843 3334 μετ’
2869 3265 3116 3336 ἀνάγκης
3146 3267 3536 3338 παραπείσειεν
3559 3270 3588 3320 6
3617 3269 3760 3334 ἀγασ-

2171 3357 2264 3421 θὸς
2296 3357 2388 3410 τὸν
2425 3358 2744 3428 παράνομον
2775 3356 2924 3420 ἰδίοις
2959 3359 3214 3427 στοιχεῖν,
3246 3358 3339 3412 καὶ
3373 3358 3447 3428 μὴ
3486 3359 3757 3426 ἐπεμϐαί-

2169 3465 2282 3501 νειν
2311 3451 2376 3519 τῇ
2405 3447 2499 3502 τοῦ
2531 3447 2736 3516 ἀγαθοῦ
2773 3447 2970 3518 μερίδι,
3010 3448 3098 3503 διὰ
3124 3449 3176 3500 τί
3203 3449 3278 3518 μὴ
3311 3449 3565 3519 άπαρχῆς
3596 3448 3760 3501 τοῦτο

2170 3541 2407 3610 ⁴ἰπδυνήθη
2439 3542 2679 3612 ποιῆσαι,
2714 3543 2843 3611 πρὶν
2878 3541 2910 3611 ἢ
2941 3541 3078 3604 ὅλως
3114 3542 3209 3594 ἀπ’
3243 3541 3417 3611 αὐτῆς
3459 3541 3762 3612 συληθῆναι

2170 3631 2242 3685 τὰ
2283 3633 2456 3704 pem;
2489 3633 2611 3696 Πῶς
2637 3633 2694 3685 δὲ
2725 3633 2939 3687 ἔσονται
2976 3634 3024 3686 oi
3063 3633 3156 3685 δύο
3187 3633 3498 3694 ὲπιτοαυτὸ,
3529 3633 3634 3686 ἀνά
3659 3633 3757 3702 μέ-

2176 3741 2266 3793 ρος
2289 3723 2515 3786 ἕκαστος
2544 3724 2912 3795 κεκτημένος;
2945 3725 3007 3777 Εἰ
3037 3725 3144 3796 γὰρ
3175 3724 3309 3787 ὅλως
3337 3725 3478 3795 μέρη
3501 3723 3634 3794 ἔχει,
3660 3725 3758 3778 καὶ

2171 3813 2242 3867 τὰ
2287 3815 2450 3883 ἔτερα
2487 3815 2628 3884 μέρη
2660 3815 2761 3868 οὐκ
2814 3815 3002 3878 αὑτοῦ,
3044 3815 3228 3867 οὐκέτι
3265 3815 3669 3884 Παντοκράτωρ
3725 3815 3756 3867 6

2177 3909 2576 3979 Παντοκράτωρ
2601 3905 2952 3976 κληθήσεται,
2985 3906 3166 3959 οὐκέτι
3190 3905 3323 3967 Θεὸς
3341 3905 3450 3958 τῶν
3475 3907 3752 3970 ἁπάντων,

2172 3994 2353 4048 οὐκέτι
2381 3995 2689 4066 ὑποχείριος
2716 3997 2746 4049 6
2778 3996 2946 4058 κακὸς
2981 3993 3076 4049 τοῦ
3111 3993 3312 4062 ἀγαθοῦ
3347 3997 3590 4066 γένηται,
3616 3995 3754 4048 ἀλλά

2173 4086 2401 4149 ἕκαστος
2449 4087 2630 4140 αὐτῶν
2660 4087 2771 4157 ἔχει
2810 4087 2911 4157 τὴν
2953 4087 3086 4140 ἰδίαν
3123 4087 3456 4140 δεσποτείαν.
3499 4087 3656 4150 Τίνος
3694 4085 3755 4140 δὲ

2173 4174 2281 4245 ἄρα
2314 4177 2343 4228 6
2369 4176 2603 4246 πονηρὸς
2636 4177 2902 4247 δεσπότης
2931 4177 3102 4239 ἔσται,
3137 4177 3332 4248 μηκέτι
3359 4177 3510 4240 ὄντος
3536 4175 3630 4229 τοῦ
3665 4175 3757 4231 κό-

2175 4283 2335 4335 σμου,
2379 4267 2516 4336 μήτε
2554 4265 2662 4320 τῶν
2697 4267 2787 4319 ὑπ’
2815 4266 2982 4321 αὑτοῦ
3023 4267 3180 4331 ζώων
3223 4286 3284 4322 τε
3322 4269 3416 4323 καὶ
3449 4268 3756 4341 ἀνθρώπων

2176 4359 2617 4428 κυριευομένων;
2649 4359 2712 4412 Εἰ
2752 4359 2810 4412 δὲ
2843 4359 2983 4424 ὅλως
3025 4361 3196 4424 κακός
3236 4362 3354 4413 ἐστι
3392 4361 3488 4414 καὶ
3523 4361 3622 4432 ὕλη
3659 4360 3755 4414 καὶ

2177 4449 2374 4520 φθορά,
2406 4449 2525 4511 πῶς
2554 4450 2755 4520 μᾶλλον
2781 4451 2882 4503 οὑκ
2909 4451 3118 4522 ἐφθάρη
3143 4467 3157 4516 ;
3187 4453 3249 4505 Εἰ
3272 4451 3378 4522 γάρ
3401 4451 3586 4504 ἔκτοτε
3612 4445 3755 4522 ἠοῦ-

2177 4559 2246 4596 σα
2275 4541 2441 4594 κακία
2470 4540 2644 4611 φθορὰ
2683 4542 2920 4613 ὑπῆρχε,
2955 4543 3050 4595 καί¹
3091 4542 3300 4614 φθείρει
3347 4543 3446 4612 μὲν
3488 4543 3557 4597 τά
3594 4542 3751 4605 ἄλλα,

2175 4634 2313 4703 αὔτη
2341 4633 2400 4685 δὲ
2429 4633 2627 4704 ἑαυτὴν
2655 4633 2717 4687 οὑ
2746 4633 2980 4704 φθείρει,
3007 4635 3189 4689 οὐκέτι
3211 4633 3539 4705 φθειρομένη
3571 4634 3754 4703 ὑπάρ-

2176 4743 2280 4796 χει,
2317 4727 2350 4796 ή
2395 4725 2530 4779 ἄλλα
2567 4726 2665 4796 μὲν
2700 4725 3017 4797 φθείρουσα,
3053 4725 3193 4796 αῦτη
3235 4725 3469 4796 μένουσα
3503 4725 3754 4789 ἀένναος,

2175 4817 2270 4869 καὶ
2307 4814 2381 4886 μὴ
2406 4813 2798 4885 ἀφανιζομένη.
2840 4815 3023 4884 Αὐτῆς
3060 4815 3117 4868 δὲ
3157 4815 3426 4884 μενούσης
3465 4814 3524 4866 ὲν
3558 4814 3756 4884 στερεᾷ

2176 4907 2491 4971 ὑποστάσει,
2531 4905 2855 4978 φθειρούσης
2885 4907 2942 4960 δὲ
2973 4907 3040 4961 τὰ
3071 4906 3228 4971 ἄλλα,
3259 4907 3352 4960 καὶ
3389 4906 3485 4974 οὐχ
3529 4905 3753 4975 ἑαυτὴν,

2174 4998 2324 5051 οὐδὲν
2357 4998 2468 5067 ἔχει
2505 4998 2684 5061 ὲᾶσαι,
2716 4997 2852 5051 ἀλλά
2880 4997 3096 5060 πάντως
3129 5000 3162 5068 ἡ
3199 4997 3375 5068 φθορά
3412 4995 3521 5049 τῶν
3550 4997 3756 5067 ἑτέρων

2173 5092 2244 5146 τά
2274 5092 2436 5162 ἕτερα
2464 5092 2694 5162 φθείρει.
2752 5092 3117 5162 Ἐπιμένουσα
3147 5091 3204 5144 δὲ
3251 5093 3284 5162 ἡ
3319 5091 3488 5161 αὐτῆς
3516 5091 3756 5142 ὑπόσταο

2177 5199 2280 5246 σις,
2307 5182 2400 5236 καὶ
2438 5181 2622 5236 οὐκέτι
2645 5182 2793 5235 ἐάσει
2824 5199 2878 5235 τι
2901 5182 3010 5234 τῶν
3039 5183 3229 5245 ὄντων,
3265 5181 3400 5234 ἀλλὰ
3434 5180 3572 5250 αὕτη
3616 5180 3752 5251 μόνη

2177 5275 2348 5342 μενεῖ·
2378 5272 2447 5324 τὰ
2475 5272 2531 5325 δὲ
2562 5271 2904 5342 φθειρόμενα,
2928 5273 2996 5325 δι’
3023 5272 3195 5342 αὐτῆς
3231 5271 3569 5339 ἀφανίζεται.
3598 5271 3664 5323 El
3697 5269 3756 5323 δι

2176 5364 2269 5416 καὶ
2289 5363 2452 5432 ἑαυτῇ
2475 5364 2590 5415 ἐστι
2621 5363 2782 5433 κακὴ,
2817 5364 2911 5416 καὶ
2939 5364 3104 5432 ἑαυτῇ
3132 5363 3328 5434 φθορά,
3361 5363 3596 5431 ούκέτιὴ
3625 5361 3757 5414 ὑπό-

2177 5471 2366 5515 στασις
2396 5453 2566 5522 αὐτῆς
2596 5452 2945 5524 σταθήσεται.
2981 5453 3058 5506 Οὐ
3105 5453 3264 5522 μόνον
3307 5454 3366 5506 ἐν
3392 5451 3470 5520 τῷ
3508 5450 3757 5520 μέλλοντι

2176 5544 2404 5614 εἴποιμι,
2445 5542 2583 5597 ἀλλά
2618 5543 2710 5597 καὶ
2747 5543 2933 5598 ἔκτοτε
2975 5541 3336 5612 ἀφανισθεῖσα
3379 5541 3447 5597 ἂν
3484 5541 3756 5614 ὑπῆρχεν,
