4078 6422
241 359 325 417 ut
871 345 1238 404 ADVERSUS
1272 346 1617 406 HERESES
1656 350 1783 407 LIB.
1827 352 1887 408 ll.
1929 351 2091 408 TOM.
2137 352 2276 408 ll.—
2314 351 2587 408 HERES.
2629 351 2811 409 LXVI.

3378 354 3484 412 192

256 468 411 540 sine
431 468 494 518 ὲν
518 463 685 533 ἑαυτῇ
712 462 910 531 ἑαυτὴν
952 461 1222 533 φθείρασα
1261 481 1322 516 τε
1363 465 1459 518 καὶ
1490 466 1804 535 ἀφανισθεῖ-

1909 482 2041 523 rans
2094 466 2351 521 universa
2413 464 2741 536 proﬂigabit.
2786 464 2919 519 Nam
2967 466 3019 525 si
3061 481 3214 524 suam
3252 483 3305 521 ιιι
3357 483 3484 524 sese

261 579 336 614 σα.
378 555 523 609 Ἀλλὰ
549 553 723 606 ταῦτα
757 552 933 606 πάντα
965 554 1083 606 ἐστὶ
1125 554 1196 608 τὰ
1225 554 1540 627 διηγήματα
1573 557 1675 627 τῆς
1706 558 1802 612 τοῦ

256 653 461 719 ἄφρονος
500 642 905 715 ματαιολογίας,
961 642 998 697 ἃ
1031 647 1464 716 κατανοήσαντες
1501 648 1551 700 oi
1595 649 1807 702 eavea-0i.

185 740 197 752 ‘
255 739 345 793 olol.
356 737 448 806 τῆς
459 735 613 804 ἁγίας
640 734 734 787 τοῦ
750 732 884 786 Θεοῦ
911 733 1230 803 Ἐκκλησίας
1253 737 1488 800 πίστεώς
1501 755 1560 792 τε
1578 738 1672 791 τοῦ
1690 740 1806 792 κυ-

257 827 375 898 ρίου,
398 824 698 896 διακρίνατε
729 823 822 876 τὸν
850 823 1118 895 ἁγύρτην,
1147 825 1241 877 καὶ
1267 827 1676 894 καταγελάσατε
1704 829 1806 898 τῆς

254 915 398 969 αὑτοῦ
441 914 725 985 ληρωδίας.
773 912 1221 969 Ἐπανελεύσεται
1256 916 1313 968 δὲ
1352 917 1435 980 εἰς
1479 918 1578 980 τὰς
1620 918 1806 982 κακῶς

253 1006 406 1077 ἑαυτῷ
428 1001 849 1076 ἐπινενοημένας
874 1007 1198 1077 προφάσεις,
1232 1007 1328 1060 καὶ
1365 1008 1473 1061 ἀπὸ
1508 1009 1620 1061 τῶν
1647 1008 1806 1062 θείων

253 1100 459 1173 Γραφῶν
485 1098 790 1169 ὁμοιώσεις,
819 1099 911 1153 καὶ
931 1098 1029 1169 οὐχ
1055 1097 1228 1161 οὕτως
1257 1100 1506 1169 ἐχούσας,
1543 1100 1679 1154 ἁλλὰ
1710 1099 1805 1154 οῦ-

252 1200 343 1256 τὼς
365 1194 452 1245 ὑπ’
473 1191 637 1246 αὑτοῦ
674 1193 859 1257 κακῶς
885 1193 1201 1263 νοουμένας.
1224 1193 1363 1265 Φέρε
1386 1188 1479 1247 οῦν
1513 1193 1803 1265 ὲκθὼμεθα

253 1284 368 1338 αὐτὰ
417 1283 477 1354 δὴ
529 1282 671 1337 κατὰ
709 1283 873 1348 λέξιν,
910 1274 978 1350 ἃς
1011 1274 1368 1339 ὑττοκλέπτων
1409 1286 1474 1339 ὲκ
1502 1285 1613 1338 τῶν
1643 1286 1803 1341 θείων

1905 558 2168 613 malitiam
2189 565 2441 612 exerceat
2479 571 2647 625 seque
2671 557 2786 626 ipsa
2814 564 3148 627 corrumpat,
3172 572 3280 611 non
3303 566 3483 630 potest

1905 655 2167 703 constans
2182 647 2305 716 ejus
2332 662 2457 702 esse
2479 646 2802 716 stabilisque
2828 646 3155 703 substantia.
3179 647 3258 702 Ac
3280 648 3480 704 nedum

1907 738 2108 794 futuris
2132 748 2322 809 postea
2352 738 2713 809 temporibus,
2742 737 2835 793 sed
2854 753 2922 793 ne
2943 740 3232 810 praeteritis
3260 741 3481 811 quidem

1906 831 2087 887 facere
2110 832 2306 901 potuit,
2339 831 2470 902 quin
2509 845 2568 885 se
2598 839 2792 901 suapte
2820 831 2990 900 ipsius
3019 833 3259 902 pernicie
3285 834 3483 889 exitio-

1901 939 2008 994 que
2040 924 2354 978 conliceret.
2398 921 2676 990 Ejusmodi
2719 928 2849 977 sunt
2888 923 3210 991 ineptissimi
3244 923 3483 979 hominis

1903 1029 2060 1086 nugae
2090 1028 2155 1068 ac
2190 1012 2407 1068 fabulm.
2440 1013 2652 1078 Quibus
2682 1013 3083 1068 animadversis
3113 1027 3211 1069 vos
3243 1014 3482 1085 pruden—

1899 1116 2000 1168 tes,
2034 1116 2239 1160 sancta:
2261 1105 2354 1159 Dei
2386 1104 2642 1160 Ecclesiae
2675 1118 2739 1157 ac
2770 1103 3065 1159 Dominicze
3093 1103 3217 1159 ﬁdei
3251 1105 3478 1172 alumni,

1898 1195 2076 1265 qualis
2112 1198 2378 1264 impostor
2409 1195 2501 1249 ille
2530 1194 2602 1250 sit
2629 1208 2754 1248 cum
2787 1194 2996 1262 judicio
3037 1200 3219 1249 vestro
3245 1210 3471 1265 perpen-

1904 1285 2041 1350 Jite,
2084 1285 2313 1354 ejusque
2361 1284 2575 1340 somnia
2606 1283 2868 1340 deridete.
2909 1282 3014 1339 Sed
3055 1284 3123 1338 ad
3157 1291 3479 1354 argumenta

253 1374 470 1445 Fpatpdw,
495 1374 572 1438 ὡς
600 1373 757 1444 ἔφην,
797 1376 938 1429 κατὰ
964 1375 1057 1429 τὸν
1079 1375 1205 1428 νοῦν
1228 1373 1393 1429 αὑτοῦ
1421 1376 1714 1444 διηγεῖται·
1745 1377 1793 1429 εί

1906 1373 2142 1440 quadam
2159 1372 2586 1441 occasionesque
2604 1387 2885 1442 perperam
2903 1388 2969 1428 ex
2990 1371 3288 1443 Scripturis
3309 1373 3484 1429 sacris

252 1464 339 1520 καὶ
377 1465 603 1535 μάλιστα
645 1465 910 1530 πολλάκις
948 1465 1050 1531 τὰς
1102 1464 1272 1529 αὐτὰς
1313 1465 1794 1536 διαλαμϐάνοντες,

250 1557 493 1628 ἁκρότατα
518 1555 903 1627 διηλέγξσμεν.

1898 1465 1971 1519 ob
2013 1464 2328 1517 nonnullam
2387 1464 2801 1519 similitudinem
2853 1478 3145 1533 expressas
3195 1464 3482 1534 confugit;

1901 1570 2023 1625 quae
2053 1569 2177 1609 cum
2212 1555 2357 1609 aliud
2401 1555 2507 1609 sibi
2540 1556 2729 1618 velint,
2768 1556 2908 1609 male
2936 1556 3005 1610 ab
3037 1571 3104 1610 eo
3141 1556 3483 1610 contrarium

253 1652 300 1708 in
325 1666 526 1706 sensum
563 1650 875 1703 trahuntur.
909 1649 1051 1721 Ergo
1089 1650 1203 1705 haec
1234 1649 1351 1719 ipsa
1400 1648 1585 1704 furtim
1622 1648 1692 1702 ab
1726 1663 1793 1703 eo
1831 1647 2059 1702 sacrise
2100 1644 2324 1700 Litteris
2354 1646 2679 1707 interversa,
2712 1654 2767 1700 et
2828 1646 2895 1700 ad
2931 1646 3105 1716 ipsius
3157 1645 3482 1702 sententiam

250 1739 630 1793 accommodata
662 1737 854 1793 iisdem
894 1737 1074 1792 verbis
1104 1738 1159 1792 in
1206 1738 1444 1793 medium
1483 1736 1799 1792 allevamus.
1837 1734 2162 1805 Quanquam
2192 1748 2294 1790 nos
2318 1734 2479 1790 exiis
2531 1735 2734 1805 saepius
2767 1734 3113 1806 disputantes
3174 1738 3482 1793 accuratis-

250 1836 366 1887 sime
387 1830 709 1887 relellimus.

305 1920 411 1975 ΞΜ.
432 1921 658 1993 Πρῶτον
694 1923 794 1993 μὲν
820 1917 913 1977 οὖν
934 1922 1015 1976 ὅτι
1044 1921 1220 1993 εὑρὼν
1244 1923 1302 1976 ὲν
1328 1923 1450 1985 ταῖς
1470 1921 1643 1983 θείαις
1662 1921 1804 1992 Γρα-

1973 1915 2111 1971 LXI.
2148 1915 2204 1970 lu
2229 1916 2422 1986 primis
2453 1916 2622 1985 igitur
2648 1931 2773 1971 cum
2808 1917 3013 1974 divinis
3037 1917 3092 1973 in
3128 1917 3351 1975 Litteris
3391 1921 3489 1977 Ρα-

249 2015 355 2082 qui;
391 2013 511 2084 mp1
543 2012 911 2084 Παρακλήτου
943 2012 1230 2083 ὀνόματος,
1271 2011 1366 2065 καὶ
1392 2012 1667 2081 ἀγνοήσας
1698 2011 1800 2080 τὴν

247 2104 326 2158 τοῦ
352 2104 490 2174 ἁγίου
523 2100 891 2176 Παρακλήτου
921 2104 1169 2175 δύναμιν,
1194 2103 1385 2157 ἑαυτὸν
1411 2103 1797 2173 ὑπεισὴνεγκε,

249 2196 444 2265 νομίσας
482 2192 622 2249 εἶναι
678 2195 856 2248 τοῦτο.
889 2196 999 2249 Καὶ
1036 2196 1234 2264 φάσκει
1281 2195 1381 2264 μὲν
1416 2193 1570 2264 αὐτῷ
1595 2192 1667 2245 τὰ
1696 2192 1802 2245 ὑπὸ

249 2287 327 2339 τοῦ
364 2287 504 2355 ἁγίου
545 2287 770 2341 Παύλου
816 2286 1081 2358 εἰρημένα
1135 2284 1687 2357 παρακεχωρηκέναι,
1726 2283 1801 2347 ὡς

250 2378 328 2429 τοῦ
370 2378 515 2446 ἁγίου
564 2379 894 2432 Ἀποστόλου
935 2379 1224 2449 φήσαντος·
1284 2377 1419 2432 Ἀπὸ
1451 2375 1676 2445 μέρους
1719 2391 1802 2444 για

246 2468 545 2540 γώσκομεν,
577 2470 685 2523 καί
707 2468 830 2524 ἀπὸ
856 2468 1073 2538 μέρους
1100 2469 1574 2537 προφητεύομεν.
1615 2466 1803 2521 Ὅταν

246 2560 370 2629 wn
395 2560 455 2614 τὸ
478 2561 737 2626 τέλειον,
753 2560 819 2614 τὸ
852 2560 972 2614 ἀπὸ
1002 2558 1222 2629 μέρους
1262 2556 1800 2628 καταργηθήσεται.

245 2651 392 2706 Τοῦτο
433 2652 487 2707 δὲ
533 2654 671 2726 περὶ
717 2652 1080 2725 Παρακλίῃου
1126 2651 1238 2705 οὐδ’
1271 2651 1408 2715 ὅλως
1459 2650 1733 2704 ἐκτίθεται
1774 2650 1804 2703 ὁ

245 2742 377 2812 ἅγιος
418 2744 757 2808 ’Δτιόστολος,
798 2744 830 2808 ᾧ
869 2741 1230 2810 καταξιωθεὶς
1285 2740 1453 2795 αὐτοῦ
1508 2741 1602 2795 τοῦ
1646 2741 1802 2811 ἁγίου

247 2835 526 2906 Πνεῦματος
556 2835 701 2907 μετὰ
728 2834 841 2889 τῶν
869 2835 1073 2906 ὁμοίων
1100 2834 1265 2887 αὑτοῦ
1289 2833 1623 2888 ἀποστόλωνο
1667 2832 1804 2888 ἀλλὰ

248 2928 480 2996 περὶτῶν
509 2928 601 2982 δύο
629 2927 856 2996 κόσμων
894 2916 1152 2998 διηγεῖτο,
1197 2928 1327 2997 περὶ
1367 2925 1464 2979 τοῦ
1508 2924 1805 2988 ἐνεστῶτος

248 3019 325 3072 καὶ
349 3019 641 3090 μέλλοντος,
683 3020 759 3084 ὡς
786 3018 944 3089 ἔφην,
978 3021 1094 3083 τοῖς
1132 3018 1477 3090 βουλομένοις
1513 3018 1641 3089 περὶ
1675 3006 1796 3070 itac-

253 3110 344 3178 ρῶν
366 3109 818 3183 καταλαμϐάνειν.
862 3111 995 3184 Ὅτι
1024 3110 1221 3180 μηδὲν
1258 3109 1416 3180 ὑμᾶς
1444 3107 1712 3178 πτυρέτω
1736 3109 1806 3162 έν

245 3200 399 3268 λόγῳ,
422 3201 487 3254 ἐν
509 3187 837 3267 ἐπιστολῇ,
858 3199 940 3266 ὡς
965 3198 1055 3253 ὅτι
1088 3201 1129 3267 ἠ
1147 3199 1339 3269 ἡμέρα
1373 3197 1664 3266 ἐνέστηκε
1696 3197 1805 3252 τοῦ

1902 2009 2093 2063 racleti
2135 2023 2332 2064 nomen
2378 2009 2699 2071 invenisset,
2739 2023 2803 2064 ac
2846 2008 2955 2063 vim
3000 2010 3149 2066 illius
3184 2011 3481 2082 ignoraret,

1903 2110 2080 2156 semet
2108 2102 2286 2171 ipsum
2317 2116 2419 2170 pro
2451 2115 2584 2156 vero
2611 2100 2818 2171 Spiritu
2846 2103 3155 2172 supposuit.
3193 2102 3379 2174 Itaque
3417 2106 3489 2160 ad

1903 2209 2027 2249 sese
2068 2194 2343 2264 pertinere
2388 2193 2478 2248 illa
2522 2194 2703 2258 docet,
2746 2207 2868 2264 quae
2901 2194 2971 2250 ab
3016 2195 3264 2263 apostolo
3317 2196 3486 2251 Paulo

1901 2284 2161 2340 dieuntur
2193 2303 2206 2341 :
2242 2285 2328 2339 Ea:
2371 2294 2521 2353 parte
2554 2286 2940 2355 cognoscimus,
2983 2294 3033 2341 et
3071 2302 3135 2340 ea:
3171 2297 3324 2354 parte
3363 2303 3488 2356 pro-

1901 2378 2196 2447 phetamus.
2230 2376 2365 2432 Cum
2405 2377 2599 2431 venerit
2634 2376 2772 2447 quod
2806 2377 3096 2446 perfectum
3124 2388 3223 2444 est,
3263 2395 3487 2434 evacua—

1904 2466 2048 2520 bitur
2088 2468 2226 2535 quod
2251 2482 2315 2521 ea:
2348 2475 2503 2533 parte
2529 2477 2607 2521 est
2648 2466 2688 2522 ί.
2733 2467 2895 2536 Atqui
2927 2456 2995 2523 de
3029 2467 3312 2524 Paracleto
3337 2470 3488 2525 nullo

1904 2557 2067 2611 modo
2100 2558 2225 2613 haec
2262 2557 2634 2628 pronuntiavit
2667 2558 3002 2627 Apostolus,
3036 2561 3130 2628 qui
3166 2575 3290 2613 cum
3325 2560 3490 2616 soda-

1904 2648 2050 2703 libus
2077 2649 2194 2705 suis
2226 2650 2491 2720 apostolis
2517 2648 2780 2719 Spiritum
2813 2659 3066 2705 sanctum
3097 2651 3348 2722 accipere
3373 2666 3490 2709 me-

1905 2742 2052 2808 ruit;
2091 2742 2190 2796 sed
2219 2743 2286 2797 de
2319 2743 2529 2814 duplici
2569 2740 2776 2798 mundo
2802 2758 3115 2798 sermonem
3148 2744 3487 2811 instituerat,

1905 2834 2161 2902 pncsenti
2191 2833 2446 2890 videlicet
2464 2849 2528 2888 ac
2559 2834 2767 2900 futuro,
2800 2842 3024 2905 propter
3053 2835 3367 2901 nonnullos,
3391 2835 3490 2905 qui

1905 2926 1973 2981 de
2022 2927 2367 2997 temporibus
2427 2928 2573 2984 scire
2624 2935 2788 2998 atque
2844 2927 3122 2997 inquirere
3173 2927 3487 2997 cupiebant.

1908 3019 2083 3083 Nihil,
2118 3020 2321 3090 inquit,
2361 3030 2555 3074 terreat
2596 3036 2685 3074 vos
2732 3019 2785 3073 in
2823 3034 3079 3083 sermone,
3110 3029 3202 3071 aut
3242 3018 3488 3085 epistola,

1905 3110 2063 3182 quasi
2090 3113 2250 3165 instet
2277 3108 2389 3163 dies
2421 3109 2655 3163 Domini.
2693 3107 2819 3162 Nisi
2840 3109 2982 3163 enim
3024 3109 3287 3162 revelatus
3327 3108 3490 3177 fuerit

1908 3201 2052 3271 ﬁdus
2075 3201 2393 3267 iniquitatis,
2422 3200 2576 3255 homo
2616 3201 2896 3269 injustitiat
2928 3200 2970 3263 ',
2998 3210 3105 3254 etc.
3149 3198 3291 3265 Quin
3323 3199 3488 3255 etiam

508 3290 657 3345 Ἐὰν
861 3260 949 3359 pi]
985 3260 1392 3358 ἀποκαῐῑιῖςρθῇ
1447 3291 1480 3342 ό
1524 3260 1657 3353 υίὸς
1692 3286 1805 3356 τῆς

1908 3260 2365 3345 convenientibus
2409 3260 2751 3345 Salvatorem
2781 3289 3068 3359 apostolis.
3097 3304 3162 3342 ac
3192 3288 3260 3343 de
3298 3286 3488 3342 mundi

247 3378 484 3449 ἀνομίας,
529 3385 564 3437 ὁ
604 3373 925 3450 ἄνθρωπος
959 3379 1071 3448 τῆς
1106 3379 1361 3445 ἀδικίας,
1406 3379 1503 3432 καὶ
1547 3377 1619 3430 τὰ
1657 3378 1802 3447 ἑξῆς.

249 3471 342 3523 Καὶ
366 3473 513 3527 πάλιν
538 3470 912 3528 συνελθόντων
932 3471 1044 3525 τῶν
1069 3470 1325 3543 μαθητῶν
1352 3470 1488 3541 πρὸς
1514 3470 1605 3522 τὸν
1633 3468 1811 3537 Σωτῆ-

248 3577 323 3634 ραι,
365 3563 580 3637 ἠρώτων
631 3564 805 3619 αὑτὸν
847 3564 977 3636 περὶ
1006 3565 1107 3635 τῆς
1131 3563 1462 3626 συντελείας,
1499 3561 1596 3615 καὶ
1623 3559 1808 3629 ἔλεγεν

244 3654 424 3719 αὐτοῖς’
479 3660 600 3727 Οὐχ
634 3655 812 3724 ὑμῶν
854 3655 1177 3725 ἐπιγνῶναι
1232 3655 1495 3724 χρόνους
1539 3653 1638 3707 καί
1689 3668 1809 3707 και-

239 3744 387 3812 ροὺς,
412 3745 514 3813 οὓς
550 3751 582 3801 ὁ
605 3744 821 3813 Πατὴρ
851 3746 1016 3799 Meto
1041 3744 1111 3798 ὲν
1130 3742 1207 3811 τῇ
1238 3744 1357 3809 ὶδιᾳ
1388 3741 1664 3808 ἑξουσίᾳ’
1695 3741 1807 3794 ἀλ-

245 3835 314 3889 λά
331 3824 590 3905 λήψεσθε
615 3838 880 3906 δύναμιν
909 3835 1271 3899 ἐπελθόντος
1295 3833 1404 3887 τοῦ
1430 3832 1604 3901 ἁγίου
1622 3832 1809 3885 Πνεύ-

244 3942 409 3994 ματος
434 3927 523 3998 ἐφ’
554 3926 736 3999 ὑμᾶς.
768 3927 880 3979 Καὶ
916 3924 1079 3978 πάλιν
1120 3923 1326 3990 ἔλεγεν*
1375 3923 1520 3978 Ἀπὸ
1562 3923 1809 3990 Ἱεροσο-

248 4018 426 4085 λύμων
447 4020 530 4088 μὴ
557 4016 897 4089 χωρίζὲσθε,
920 4015 1387 4084 ἀπεκδεχόμενοι
1425 4012 1540 4082 τὴν
1560 4013 1808 4083 ἐπαγγε-

248 4110 372 4164 λίαν
411 4113 513 4168 τοῦ
565 4115 937 4182 Πνεύματος,
984 4110 1067 4178 ἦν
1101 4111 1422 4178 ἠκούσατε,
1465 4109 1709 4163 τουτέστι
1746 4109 1810 4162 τὸ

248 4202 445 4276 Πνεῦμα
481 4207 543 4259 τὸ
575 4204 957 4277 Παράκλητον,
996 4204 1026 4257 ὃ
1044 4203 1172 4274 ἔφη’
1214 4202 1356 4257 Ἐὰν
1390 4202 1508 4271 ἐγὼ
1544 4202 1806 4265 ἀπέλθω,

247 4292 451 4365 ἐκεῖνος
476 4298 815 4360 ἐλεύσεται,
837 4294 938 4349 καί
975 4293 1299 4365 ἀναγγελεῖ
1322 4293 1467 4363 ὑμῖν
1489 4295 1564 4347 τὰ
1588 4292 1804 4346 πάντα.

245 4385 398 4453 me,
440 4387 795 4458 Ἀναττελεῖ
826 4385 971 4453 ὑμῖν
1015 4386 1088 4441 τὰ
1119 4385 1334 4451 πάντα,
1380 4384 1446 4437 δι’
1471 4385 1538 4455 ἣν
1587 4382 1809 4453 ἔμελλον

248 4479 610 4545 καταξιοῦσθαι
640 4479 874 4551 δωρεὰν,
913 4478 1185 4549 ἐνοικήσει
1231 4479 1289 4531 ὲν
1321 4476 1504 4539 αὐτοῖς
1549 4475 1611 4528 τὸ
1654 4474 1808 4541 ἆγιον

249 4570 467 4642 Πνεῦμα,
516 4574 667 4636 ὅπως
716 4571 788 4626 τὰ
841 4573 1020 4627 πάντα
1072 4570 1254 4659 αὐτοῖς
1312 4566 1498 4659 σαιρῶς
1543 4566 1810 4659 διηγήση-
1842 4604 1888 4659 D

246 4675 343 4725 ται,
393 4663 487 4716 ὅσα
534 4663 801 4734 ἠδύναντο
847 4663 907 4717 ὲν
969 4659 1048 4731 τῷ
1102 4658 1261 4713 αίῶνι
1301 4656 1475 4726 τούτῳ
1533 4655 1804 4727 χωρῆσαι.

246 4746 344 4800 Καὶ
369 4741 466 4804 ὧδε
508 4751 608 4822 μὲν
658 4753 721 4803 ὲν
773 4749 853 4821 τῷ
906 4748 1066 4803 αἰῶνι
1097 4747 1273 4817 τούτῳ
1325 4747 1698 4818 χωρήσαντες,
1746 4744 1809 4798 τδ

249 4837 448 4913 Πνεῦμα
481 4844 540 4897 τδ
570 4843 936 4916 Παράκλητον
987 4842 1421 4913 προεφήτευσαν·
1460 4840 1539 4903 ὡς
1568 4838 1809 4909 ’Ἄγαϐος

249 4938 596 5008 προεφήτευσε
634 4936 770 5008 περὶ
794 4933 954 5007 λιμοῦ
983 4933 1263 5006 ἐσομένουυ
1296 4934 1392 4987 καὶ
1420 4934 1503 4986 ὅτι
1531 4930 1808 5003 προφῆται

249 5022 343 5077 ἀπὸ
373 5025 761 5101 Ἱεροσολύμων
780 5029 1112 5099 κατέδησανο
1145 5027 1242 5082 καί⁵
1260 5027 1343 5080 δτι
1375 5022 1518 5097 ἦσαν
1540 5024 1809 5095 τέσσαρες

1909 3395 2111 3436 occasu
2136 3380 2570 3444 sciscitantibus,
2595 3379 2670 3432 ita
2691 3380 2809 3449 ipse
2832 3377 3147 3448 respondit:
3175 3377 3341 3449 674
3366 3376 3488 3431 Non

1907 3481 1984 3526 est
2014 3479 2243 3527 vestrum
2281 3487 2435 3526 nosse
2469 3481 2708 3541 tempora
2739 3472 2816 3526 vel
2868 3479 3156 3533 momenta,
3187 3485 3303 3538 qua:
3327 3468 3490 3523 Pater

1906 3565 2081 3633 posuit
2110 3565 2164 3618 in
2200 3580 2300 3619 sua
2331 3574 2632 3634 potestate;
2686 3564 2775 3618 sed
2809 3562 3073 3629 accipietis
3106 3562 3350 3614 virtutem
3403 3577 3491 3615 su—

1906 3658 2247 3725 pervenientis
2271 3653 2503 3723 Spiritus
2538 3656 2709 3709 sancti
2731 3655 2788 3709 in
2826 3654 2967 3708 vos’.
3002 3653 3153 3717 Item,
3178 3651 3489 3721 Hierosoly-

1907 3747 2031 3808 mis.
2066 3747 2264 3817 inquit,
2306 3761 2369 3800 ne
2390 3745 2662 3809 discedite,
2696 3752 3055 3813 exspectantes
3080 3742 3490 3812 promissionem

1908 3839 2150 3909 spiritus,
2185 3855 2344 3910 quam
2382 3835 2612 3891 audistis
2647 3836 2689 3901 ‘,
2725 3838 2829 3891 hoc
2855 3843 2939 3891 est
2964 3834 3305 3889 Paracletum
3329 3833 3484 3888 illum

1909 3930 2198 4002 Spiritum,
2234 3931 2302 3986 de
2330 3945 2442 4002 quo
2464 3929 2675 3985 dixerat
2704 3947 2718 3982 :
2757 3926 2820 3981 Si
2851 3943 2944 3996 ego
2973 3926 3151 3980 abiero
3176 3924 3269 3979 ille
3300 3924 3486 3989 veniet,

1908 4030 1958 4075 et
1997 4020 2332 4075 annantiabit
2373 4020 2515 4075 vobis
2549 4019 2730 4074 omnia
2772 4017 2818 4071 ⁸.
2855 4017 2988 4082 Quae
3034 4014 3253 4084 quidem
3295 4012 3486 4077 verba,

1910 4110 2260 4163 Annuntiabit
2309 4109 2452 4163 vobis
2486 4108 2699 4172 omnia,
2754 4106 2821 4159 ad
2853 4106 3078 4161 caeleste
3123 4103 3325 4158 donum
3358 4101 3492 4155 illud

1909 4198 2056 4268 quod
2086 4206 2244 4253 erant
2265 4199 2538 4268 adepturi,
2560 4211 2659 4267 par
2686 4204 2770 4251 est
2795 4194 3011 4261 referri,
3051 4191 3197 4263 quod
3228 4192 3490 4246 nimirum

1911 4289 2258 4346 habitaturus
2289 4288 2344 4343 in
2381 4288 2519 4358 ipsis
2553 4293 2702 4342 esset
2729 4285 2972 4355 Spiritus
2999 4292 3250 4346 sanctus,
3280 4296 3390 4351 quo
3420 4280 3492 4335 iis

1912 4389 2097 4452 aperte
2129 4379 2386 4434 universa
2417 4378 2742 4439 declararet,
2787 4389 2910 4444 quae
2936 4374 3158 4443 quidem
3202 4384 3401 4440 capere
3434 4371 3491 4422 in

1912 4476 2015 4528 hac
2042 4473 2153 4527 vita
2183 4476 2455 4541 poterant.
2481 4466 2845 4534 Quamobrem
2875 4479 2999 4521 cum
3026 4462 3093 4517 ad
3116 4477 3240 4516 eum
3267 4461 3489 4515 modum

1912 4564 2181 4620 Paracleti
2214 4562 2453 4632 Spiritus
2469 4568 2655 4615 essent
2683 4558 2737 4612 in
2767 4558 2870 4612 hac
2892 4558 3003 4611 vita
3033 4562 3314 4624 compotes
3336 4551 3491 4615 lacti,

1914 4654 2193 4709 vaticinati
2235 4659 2383 4707 sunt.
2427 4649 2897 4717 Quemadmodum
2946 4645 3164 4717 Agahus
3205 4655 3490 4697 venturam

1912 4747 2110 4801 famem
2138 4744 2390 4816 praedixit
2412 4744 2458 4797 '.
2499 4739 2742 4809 Itemque
2773 4738 3054 4810 prophetat
3091 4732 3491 4804 Hierosolymis

1912 4836 2251 4892 advenerunt
2277 4836 2324 4891 '.
2361 4833 2455 4888 Sic
2493 4841 2547 4888 et
2577 4831 2832 4901 Philippo
2882 4837 3124 4899 quatuor
3169 4838 3328 4882 erant
3369 4825 3494 4881 illia

1912 4926 2271 4998 prophetissae
2302 4925 2345 4978 ³.
2386 4923 2654 4977 Caeterum
2676 4919 2894 4989 quoties
2920 4931 3111 4971 omnes
3144 4916 3219 4969 illi
3250 4915 3490 4985 prophe-

1911 5026 2052 5081 tant,
2083 5033 2151 5073 ex
2179 5025 2335 5087 parte
2356 5013 2707 5085 prophetam,
2731 5020 2786 5065 et
2815 5024 2883 5064 ex
2905 5017 3059 5079 parte
3078 5015 3419 5077 cognoscunt
3437 5008 3487 5062 ⁸.

246 5097 520 5189 θυγατέρες
540 5119 621 5190 τῷ
641 5097 904 5192 diu).an
925 5097 1384 5190 προφητεύουσαι.
1416 5115 1586 5169 Ὅταν
1606 5113 1663 5167 δὲ
1683 5129 1806 5184 προ-

1913 5107 2071 5176 Quod
2102 5123 2235 5164 vero
2262 5104 2563 5177 perfectum
2595 5111 2681 5158 est
2709 5100 2895 5155 futuro
2924 5100 2979 5153 in
3010 5099 3214 5153 saeculo
3238 5097 3489 5153 tribuen-

252 5207 567 5275 φητεύουσιν,
596 5189 712 5263 ἀπὸ
746 5189 944 5281 μέρόυς
970 5189 1404 5281 ίπροφητεύουσι,
1434 5205 1528 5260 καὶ
1564 5204 1673 5258 ἀπὸ
1710 5203 1806 5274 μέ-

1913 5201 2051 5257 ἁιιιιι
2075 5214 2172 5271 spe
2195 5206 2250 5255 et
2300 5195 2710 5267 exspectatione
2737 5192 3080 5263 pracipiunt,
3111 5189 3331 5261 quando
3365 5202 3491 5243 cor-

252 5312 363 5366 ρους
399 5277 759 5368 γινώσκουσι..
791 5277 863 5355 Τὸ
913 5302 972 5356 δὲ
1013 5277 1217 5355 τέλειον
1259 5299 1319 5352 ὲν
1358 5300 1475 5360 τοῖς
1526 5295 1806 5367 μέλλουσιν

1913 5290 2174 5361 ruptibile
2208 5291 2263 5344 in
2295 5284 2790 5355 incorruptionem,
2816 5280 3050 5337 mortale
3077 5280 3136 5334 in
3160 5277 3488 5334 immortali-

251 5384 421 5439 αἰῶσιν
469 5389 789 5454 ἐλπίζοντες
830 5390 1204 5462 προσδοκῶσιν
1232 5389 1393 5453 ,ὅταν
1460 5387 1524 5441 τὸ
1569 5387 1806 5459 φθαρτὸν

1908 5391 2079 5439 tatem
2107 5384 2502 5437 cominutatum
2534 5374 2779 5439 fuerit“,
2801 5387 2925 5429 cum
2955 5379 3017 5427 et
3043 5370 3183 5426 l‘acie
3202 5369 3268 5423 ad
3286 5369 3488 5462 l‘aciem

253 5477 319 5538 εἰς
350 5480 651 5553 ἀφθαρσίαν
684 5456 1021 5555 μεταϐληθῇ,
1053 5482 1146 5536 καὶ
1176 5481 1237 5534 τὸ
1266 5479 1459 5552 θνητὸν
1504 5456 1590 5543 είς
1606 5456 1805 5534 ﬂava-

1914 5474 2250 5529 intuebimur
2268 5472 2333 5528 ¹¹.
2358 5470 2514 5526 Nune
2534 5468 2679 5524 enim
2702 5479 2792 5521 res
2836 5469 3038 5519 nostrai
3065 5474 3162 5531 per
3196 5456 3488 5526 aenigmata

1516 5656 1538 5687 ³
1570 5655 1690 5709 Act.
1719 5669 1755 5713 ι.
1782 5653 1806 5708 ’7

1994 5660 2017 5686 ³
2044 5653 2173 5708 Ibid.
2211 5652 2266 5707 4.
2341 5648 2362 5681 ⁵
2394 5646 2553 5702 Joan.
2595 5661 2706 5710 va,
2737 5644 2807 5707 8;
2861 5637 2991 5718 ibid.
3030 5637 3112 5696 14.
3189 5638 3351 5692 “Act.
3385 5642 3485 5701 ΣΙ,

318 5653 333 5684 ¹
358 5653 373 5707 l
397 5652 518 5712 Cor.
542 5674 664 5713 xm.
701 5659 757 5713 9.
858 5661 877 5690 ²
904 5658 948 5712 ll
983 5657 1178 5712 Thess.
1215 5671 1276 5723 ιι,
1304 5655 1358 5710 2.
1384 5657 1436 5709 5.
1516 5656 1538 5687 ³
1570 5655 1690 5709 Act.
1719 5653 1806 5713 1.7

318 5759 338 5783 ο
402 5727 421 5757 ⁷
448 5728 577 5784 ibid.
619 5728 715 5782 ‘27.
788 5727 953 5783 “Act.
990 5744 1105 5789 xxi,
1143 5729 1197 5783 9.
1275 5729 1296 5760 ⁸
1326 5726 1347 5780 l
1375 5727 1500 5783 Cor.
1534 5741 1654 5789 xm,
1686 5726 1739 5781 9.

1994 5660 2017 5686 ³
2044 5653 2173 5708 Ibid.
2211 5652 2266 5707 4.
2341 5652 2362 5681 ⁵
2394 5652 2553 5702 Joan.
2595 5661 2706 5710 va,
2737 5652 2807 5707 8;
2861 5652 2952 5705 ibit

1906 5724 1922 5755 ⁵
1948 5722 1968 5777 ι
1993 5726 2121 5780 Cor.
2156 5738 2241 5789 ιν,
2265 5720 2354 5775 55.
2433 5720 2473 5753 ³³
2514 5718 2682 5775 lCon
2716 5728 2835 5783 xm,
2868 5714 2952 5769 l2.

257 5719 338 5783 28.
402 5727 421 5757 ⁷
448 5728 577 5784 ibid.
619 5728 715 5782 ‘27.
788 5727 953 5783 “Act.
990 5744 1105 5794 xxi,
1143 5729 1197 5783 9.
1263 5719 1296 5760 ’³
1326 5726 1347 5780 l
1375 5727 1500 5783 Cor.
1534 5741 1654 5790 xm,
1686 5726 1739 5781 9.
