4078 6454
523 289 632 343 123

1914 282 1972 339 S.
2019 281 2357 338 EPIPIIANII

3697 289 3809 351 ιὲἱ

518 419 573 464 et
625 406 913 463 involucra
950 406 1335 477 transiguntur
1381 407 1421 459 '.
1456 404 1575 458 Illic
1608 418 1672 458 ca
1703 413 2100 474 praeparantur,

2230 402 2350 454 πίανο
2405 402 2532 456 ὅταν
2583 417 2707 456 τοτε
2759 400 3052 474 πρόσωπον
3093 401 3233 476 πρὸς
3271 401 3592 475 πρόσωπον.
3639 408 3808 480 ’Δρτι

510 518 637 573 qua:
691 500 780 554 hic
813 500 1007 555 oculus
1049 515 1159 553 non
1192 498 1328 552 vidit
1359 498 1402 552 '.
1450 497 1572 552 illic
1610 496 1878 568 perfectio
1907 495 2104 566 retegi-

2209 493 2320 564 1&9
2355 493 2425 546 δι’
2462 493 2786 563 αἰνίγματος
2822 493 2892 547 τὰ
2931 495 3801 569 n9&1para°gixsidsétmp&£¢.

515 601 627 657 tur,
650 609 774 663 quae
803 593 889 647 hic
915 591 1068 647 auris
1090 580 1442 662 neqiiaquam
1464 590 1641 644 audiit
1664 590 1703 643 ³.
1731 589 1851 643 lllie
1896 586 2103 642 donum

2230 601 2298 638 ται
2332 583 2368 638 ἀ
2393 586 2422 637 ὁ
2442 583 2721 654 ὀφθαλμὸς
2749 578 2853 638 ὧδε
2881 585 2982 640 οὐκ
3007 581 3167 639 εἶδεν.
3186 587 3336 640 Ἐκεῖ
3357 587 3811 647 ἀποκαλύπτεται

515 682 712 753 ingens
741 682 954 738 sanctis
992 682 1277 745 tribuitur,
1315 681 1461 751 quod
1495 681 1586 735 hic
1635 680 1690 734 in
1726 694 1824 734 cor
1867 676 2107 733 hominis

2230 675 2554 747 ιτελειότης,
2571 675 2608 730 θ.
2628 671 2722 740 οῦς
2745 675 2981 730 ἀνταῦθα
3002 678 3107 732 οὐκ
3144 677 3399 748 ἥκουσιν.
3419 680 3569 733 Ἐκεῖ
3586 681 3649 734 τὸ
3665 683 3814 752 μέγα

517 789 624 829 non
656 775 908 832 ascendit
935 775 978 830 δ.
1035 771 1113 828 Ex
1135 774 1340 844 quibus
1363 771 1761 828 animadvertis
1796 771 2107 826 uberiorem

424 869 433 877 '
516 865 671 920 illam
703 867 1185 937 copiosioremque
1214 865 1500 920 scientiam
1523 863 1822 919 Manichaee
1851 874 2105 918 reserva-

515 965 630 1011 tam
674 972 782 1011 non
825 956 1018 1013 fuisse.
1054 955 1344 1022 Quomodo
1387 957 1532 1012 enim
1569 956 1672 1010 ista
1718 960 2014 1025 cognoscet
2061 951 2110 1008 is

516 1050 612 1119 qui
647 1049 715 1102 ab
739 1063 805 1102 eo
829 1047 975 1116 quod
1008 1046 1111 1100 sibi
1141 1055 1505 1116 proposuerat
1535 1045 1776 1100 excidit?
1805 1044 1938 1098 Nam
1965 1043 2110 1098 Mar-

520 1141 723 1194 cellum
753 1139 1152 1193 circumvenire
1169 1139 1404 1208 primum
1431 1146 1516 1192 est
1535 1152 1848 1208 aggressus.
1879 1133 2018 1191 Tum
2042 1135 2110 1188 ad

526 1229 862 1283 Archelaum
887 1227 1057 1292 venit,
1085 1237 1144 1283 ut
1168 1243 1294 1284 eum
1331 1229 1603 1292 vinceret,
1629 1227 1775 1297 quod
1807 1235 1988 1282 tamen
2024 1243 2111 1282 as-

526 1321 684 1390 sequi
711 1336 822 1374 non
849 1319 1050 1388 potuit.
1082 1318 1301 1374 Ficrine
1329 1319 1498 1391 igitur
1521 1327 1723 1389 potest,
1751 1329 1810 1372 ut
1829 1318 1923 1388 qui
1957 1318 2106 1388 quod

523 1410 663 1467 adeo
708 1426 900 1467 recens
929 1418 1015 1466 est
1051 1411 1339 1481 ignorarit,
1375 1410 1588 1481 majora
1637 1411 1729 1465 illa
1774 1409 2114 1481 cngnoscat?

523 1505 635 1559 Cur
662 1519 774 1558 non
807 1519 939 1559 vero
988 1502 1285 1558 Persarum
1324 1504 1474 1574 regis
1503 1519 1701 1559 manus
1735 1502 1946 1572 eﬂ'ugit,
1987 1516 2115 1556 cum

521 1593 592 1648 ab
611 1608 677 1648 eo
693 1593 1125 1663 comprehensus
1144 1607 1210 1646 ac
1233 1595 1412 1662 pinnis
1435 1591 1666 1647 allectus
1691 1591 1815 1646 est?
1841 1590 1912 1644 Ut
1927 1598 2116 1660 aperte

2209 769 2460 839 χάρισμα
2484 769 2599 831 τοῖς
2616 766 2818 836 ἀγίοις,
2842 767 2872 821 δ
2905 767 2999 821 ἰπὶ
3019 768 3250 839 καρδίαν
3279 768 3572 841 ἀνθρώπου
3592 772 3694 825 οὐκ
3715 774 3813 826 ἀν-

2211 859 2313 929 έϐη
2341 857 2598 914 ἐνταῦθα.
2623 859 2736 912 Καὶ
2755 859 2910 930 ὁρᾷς,
2939 861 3022 912 ὅτι
3051 859 3174 930 οὐχὶ
3197 859 3277 932 τῷ
3300 861 3463 934 Μάνῃ
3488 863 3817 933 hamatis-ro

2214 948 2276 1001 τὸ
2299 947 2497 1001 εἰδέναι
2528 948 2596 1001 τὰ
2622 949 2872 1018 περιττά.
2914 948 3040 1012 Πῶς
3065 949 3180 1020 γὰρ
3199 949 3314 1020 ᾔδει
3341 951 3536 1022 Μάνης
3558 951 3653 1006 τοῦ
3685 969 3817 1007 σκο-

2217 1039 2320 1092 ποῦ
2370 1038 2468 1092 τοῦ
2516 1038 2649 1092 ίδίου
2683 1038 2968 1106 έκπεσὼν;
3015 1040 3377 1095 Ἐπεὸἀλλετο
3433 1042 3543 1113 γὰρ
3583 1043 3670 1096 ἵνα
3715 1043 3818 1098 τὸν

2216 1130 2534 1201 Μάρκελλον
2555 1130 2910 1204 χειρώσηται.
2943 1132 3182 1204 Ἤρχετο
3207 1132 3345 1204 πρὸς
3368 1132 3462 1187 τὺν
3493 1134 3814 1204 Ἀρχέλαον,
3883 1201 3888 1208 γ

2218 1223 2308 1277 ἵνα
2334 1222 2496 1276 αὐτὸν
2528 1223 2761 1294 ήττήσῃ,
2783 1224 2880 1278 καὶ
2898 1224 2961 1278 οὐ
2985 1224 3293 1296 δεδύνηται.
3326 1223 3453 1288 Πῶς
3479 1221 3816 1295 οὗν,ἀγνοῶν

2217 1312 2280 1365 τὸ
2332 1312 2667 1384 πρόσφατον,
2695 1312 2922 1367 δύναται
2962 1314 3162 1368 ειδέναι
3203 1315 3334 1385 περὶ
3375 1314 3482 1368 τῶν
3512 1315 3814 1385 μειζόνωνς

2220 1405 2344 1469 Πῶς
2369 1405 2428 1460 δὲ
2461 1406 2561 1459 οὑκ
2579 1405 2739 1460 ἔλαθε
2763 1407 2865 1470 τὰς
2896 1409 3085 1478 χεῖρας
3113 1405 3207 1460 τοῦ
3239 1405 3506 1477 βασιλέως
3533 1407 3640 1460 τῶν
3667 1409 3820 1477 Περ-

2224 1497 2370 1563 σῶν;
2424 1498 2501 1562 ὡς
2553 1499 2644 1552 ὅτε
2674 1499 2835 1562 ἀλοὺς
2859 1499 3027 1552 ἔδωκε
3050 1498 3229 1570 δίκην,
3255 1498 3373 1553 ἀλλ’
3409 1498 3498 1552 ἵνα
3523 1500 3818 1570 καταφοινῇ

2222 1593 2334 1654 τοῖς
2370 1589 2586 1644 σύνεσιν
2625 1591 2986 1662 κεκτημένοις
3025 1591 3172 1645 κατά
3213 1590 3394 1646 πάντα
3433 1589 3762 1662 ψευδόμενος

521 1693 739 1740 constet
767 1685 838 1740 iis
866 1687 960 1754 qui
989 1684 1301 1754 prudentia;
1329 1683 1538 1756 aliquid
1572 1683 1831 1746 habeant,
1865 1683 2020 1736 illum
2047 1681 2102 1736 in
2136 1683 2399 1738 omnibus
2421 1698 2549 1740 esse
2578 1683 2893 1739 mentitum.

597 1774 757 1829 LXII.
793 1774 900 1830 Sed
928 1775 1205 1844 quoddam
1241 1773 1624 1829 testimoniqu
1655 1782 1833 1846 urget,
1858 1781 1918 1828 ut
1947 1788 2108 1829 suum

2287 1777 2408 1828 UB'.
2449 1775 2621 1828 Πάλιν
2639 1774 2697 1828 δὲ
2722 1773 2971 1846 βούλεται
2993 1773 3182 1845 φέρειν
3211 1773 3546 1847 μαρτυρίαν,
3577 1775 3665 1830 ἵνα
3694 1793 3820 1830 m-

525 1867 659 1924 illud
680 1883 776 1936 par
793 1867 1192 1938 principiorum
1222 1865 1475 1931 allirmet,
1497 1882 1669 1936 eaque
1701 1882 1733 1921 a
1790 1881 1851 1922 se
1881 1867 2115 1923 invicem

525 1957 734 2014 frustra
775 1957 1020 2012 dirimat.
1063 1955 1212 2027 Ergo
1250 1957 1354 2011 hac
1380 1957 1680 2012 Salvatoris
1708 1972 1843 2011 voce
1879 1957 2113 2012 nititur:

527 2049 654 2104 Non
693 2057 864 2117 potest
898 2047 1057 2102 arbor
1090 2047 1228 2101 bona
1266 2047 1477 2116 [ructus
1512 2047 1684 2102 malos
1731 2047 1924 2116 facere,
1955 2063 2119 2116 neque

525 2139 687 2193 arbor
729 2139 874 2192 mala
913 2138 1122 2207 [ructus
1168 2138 1332 2192 bonos
1379 2138 1574 2206 facere.
1629 2137 1712 2192 Ea:
1748 2139 1927 2208 fructu
1977 2139 2120 2193 cuius

526 2228 688 2281 arbor
754 2228 1087 2298 cognoscitur
1155 2228 1200 2285 '.
1267 2226 1403 2283 Vide
1463 2228 1707 2284 hominis
1781 2229 2058 2284 levitatem
2099 2265 2120 2293 ,

528 2317 696 2388 675
736 2318 834 2388 qui
865 2318 1002 2372 nihil
1033 2318 1086 2373 in
1125 2316 1432 2390 Scripturis
1467 2329 1754 2388 penetrare
1785 2319 1952 2374 altius
1984 2333 2120 2389 pos-

528 2411 621 2464 sit.
665 2408 874 2463 Etenim
901 2411 948 2465 si
993 2410 1266 2480 principia
1312 2410 1404 2464 illa
1448 2411 1680 2468 arbores
1726 2412 1862 2476 sint,
1917 2412 2124 2468 habent

530 2501 701 2571 igitur
724 2509 778 2556 et
805 2501 1108 2572 agricolam
1143 2516 1330 2564 suum,
1361 2508 1415 2556 et
1440 2516 1567 2555 cum
1605 2501 1804 2571 planta:
1837 2502 1972 2567 sint,
2002 2517 2124 2557 om-

530 2593 663 2648 nino
711 2606 742 2646 a
783 2592 1043 2662 quopiam
1093 2591 1357 2663 plantatre
1401 2597 1551 2647 sunt.
1608 2591 1886 2662 Quidquid
1940 2600 2124 2648 autem

532 2683 841 2753 plantatum
889 2689 998 2746 est,
1038 2681 1370 2751 principium
1427 2682 1593 2738 habet
1624 2721 1641 2745 ,
1696 2682 2036 2754 proindeque
2071 2695 2128 2742 et

539 2771 703 2829 linem
755 2772 1001 2828 habebit.
1052 2771 1244 2843 Itaque
1295 2772 1462 2828 arbor
1506 2774 1650 2828 mala
1705 2789 1815 2830 non
1862 2783 2126 2846 perpetuo

547 2857 784 2929 exstitit,
844 2864 942 2920 sed
997 2873 1082 2921 est
1132 2865 1432 2935 aliquando
1482 2866 1720 2921 consita.
1776 2867 1952 2922 Arbor
1995 2882 2127 2922 vero

539 2955 682 3010 bona
707 2970 816 3009 non
849 2953 917 3010 ad
951 2971 1115 3011 omne
1144 2955 1414 3013 bonitatis
1463 2971 1738 3027 supremae
1764 2973 1939 3029 genus
1966 2957 2129 3014 debet

539 3044 754 3101 referri.
803 3045 919 3101 Illic
959 3048 1112 3102 enim
1157 3057 1331 3116 certa,
1378 3047 1713 3119 minimeque
1760 3049 2015 3115 mendax,
2073 3057 2130 3105 et

2225 1867 2476 1939 ραστήοῃ
2509 1867 2609 1938 τὴν
2637 1867 2768 1936 παρ’
2801 1865 2952 1937 αὑτῷ
2990 1864 3294 1935 λεγομένην
3316 1864 3506 1926 δυάδα,
3537 1865 3630 1919 καὶ
3659 1864 3826 1938 διέλῃ

2223 1957 2502 2028 ἀναμέσον
2527 1956 2636 2009 τῶν
2658 1956 2752 2010 δύο
2775 1956 2962 2027 ἀρχῶν
2987 1955 3182 2023 κενῶς,
3205 1957 3263 2010 tv
3285 1955 3366 2026 τῷ
3389 1957 3563 2010 εἰπεῖν
3581 1957 3668 2010 τὸν
3694 1957 3829 2009 Σω-

2223 2046 2388 2118 τῆρα·
2427 2048 2509 2102 Οὐ
2539 2047 2792 2102 δύναται
2824 2045 3080 2115 δένδρον
3127 2046 3353 2116 Mdv
3388 2047 3655 2116 καρποὺς
3697 2064 3826 2102 ana-

2225 2139 2374 2204 κοὺς
2401 2136 2668 2206 ποιῆσαι,
2693 2137 2837 2193 οὐδὲ
2849 2137 3104 2206 δένδρον
3120 2137 3360 2205 σαπρὸν
3384 2137 3653 2206 καρποὺς
3671 2137 3832 2208 ἀττι-

2226 2230 2373 2298 θοὺς
2399 2229 2672 2300 ποιῆσαι.
2735 2232 2840 2286 Ἐκ
2879 2230 2996 2299 τὰ)
3034 2229 3144 2284 τοῦ
3183 2228 3418 2298 καρποῦ
3463 2229 3530 2282 τὸ
3560 2227 3835 2297 δένδρον

2229 2321 2605 2392 γινώσκεται.
2667 2322 2779 2379 Kal.
2825 2322 2929 2392 δρα
2984 2337 3074 2392 μοι
3123 2320 3224 2392 τὴν
3268 2317 3510 2391 ιλαφράν
3549 2318 3830 2386 διάνοιαν,

2228 2412 2325 2466 καὶ
2363 2411 2530 2483 μηδὲν
2559 2412 2620 2465 ιν
2648 2410 2804 2481 βάθει
2833 2411 2903 2466 τὰ
2944 2411 3045 2482 τῆς
3080 2409 3230 2474 θείας
3267 2411 3490 2482 Γραφῆς
3522 2407 3832 2466 κατανοοῧο

2231 2520 2350 2558 σαν.
2397 2505 2462 2556 El.
2518 2503 2615 2573 μὲν
2663 2503 2772 2574 1&9
2821 2502 3016 2576 δένδρα
3063 2503 3226 2568 τίσιν,
3269 2501 3379 2575 ἄρα
3427 2501 3521 2558 καὶ
3570 2497 3836 2574 γεωρτὺν

2230 2594 2434 2666 έχουσι,
2461 2595 2559 2648 καὶ
2595 2594 2740 2664 φυτὰ
2766 2594 3124 2665 τυγχάνοντα,
3166 2593 3258 2649 καὶ
3290 2595 3508 2659 πάντως
3539 2593 3644 2648 ὑπό
3665 2592 3836 2658 τινός

2231 2687 2339 2739 εἰσι
2398 2686 2783 2756 πεφυτευμένα
2807 2702 2822 2716 ο
2878 2688 2988 2740 πᾶν
3037 2685 3097 2740 δὲ
3142 2685 3208 2740 τὺ
3259 2683 3666 2756 πεφυτευμένον
3707 2683 3838 2739 οὐκ

2231 2775 2381 2831 εστιν
2416 2775 2675 2848 ἄναρχον,
2703 2776 2841 2832 ἀλλά
2866 2777 3046 2849 ἀρχὴν
3076 2775 3221 2846 εχειο
3249 2774 3424 2846 ἀρχὴν
3473 2775 3532 2828 δὲ
3561 2773 3681 2844 ἔχον
3709 2773 3832 2828 καὶ

2232 2865 2384 2931 τέλος
2405 2865 2615 2936 ὑφέξει.
2640 2865 2833 2922 Τοίνυν
2867 2865 2930 2918 τὺ
2969 2864 3181 2936 σαπρὸν
3223 2863 3437 2934 δένδρον
3479 2863 3580 2920 οὐκ
3606 2858 3672 2932 ἧν
3701 2862 3834 2930 ἀεὶ,

2233 2958 2370 3014 ἀλλὰ
2398 2957 2754 3028 πεφύτευται.
2785 2957 2898 3012 Καὶ
2948 2955 3012 3008 τὸ
3039 2953 3246 3025 ἀγαθὸν
3292 2953 3507 3027 δένδρον
3552 2951 3704 3008 τοῦτο
3754 2954 3835 3007 οὗ

2236 3052 2366 3123 περὶ
2396 3051 2578 3121 πάσης
2604 3049 2706 3120 τῆς
2746 3048 2952 3104 ἄνωθεν
2978 3047 3314 3118 ἀγαθότητος
3344 3045 3632 3116 διηγεῖται.
3666 3044 3832 3100 Ἐκεῖ

542 3135 908 3191 immutabilis
959 3136 1180 3191 bonitas
1225 3143 1334 3200 est,
1381 3144 1570 3206 utpote
1605 3153 1729 3206 quae
1754 3137 1826 3192 sit
1856 3135 1950 3192 Dei
1980 3135 2126 3206 cogi-

2235 3143 2345 3215 γὰρ
2371 3142 2640 3212 ἀψευοτος
2685 3139 2961 3210 ἀταθάτης
2993 3137 3299 3210 μεταϐολὴν
3347 3136 3426 3208 μὴ
3471 3136 3690 3207 ἔχουσα,
3719 3137 3836 3190 καὶ

546 3225 683 3281 tatio
712 3226 1078 3295 inexplicabili
1111 3225 1349 3297 quodam
1384 3226 1590 3281 honore
1631 3227 1878 3296 praedita.
1925 3224 2124 3281 Utrum

554 3331 685 3372 vero
745 3316 813 3370 ad
876 3317 1186 3386 plantarum
1245 3317 1660 3388 productionem
1733 3316 2131 3372 accommodari

544 3407 744 3478 possit,
779 3407 1072 3463 videndum
1120 3423 1186 3464 ac
1235 3408 1630 3480 disputandum
1677 3408 1839 3464 nobis
1878 3416 1984 3464 est.
2029 3406 2123 3461 Et-

540 3501 690 3553 enim
723 3498 768 3552 si
801 3497 869 3554 de
898 3497 1120 3554 diabolo
1166 3513 1346 3554 sermo
1383 3499 1475 3562 sit,
1519 3512 1664 3569 saepe
1703 3497 1856 3551 illum
1889 3495 2134 3552 ostendi-

544 3605 671 3644 mus
697 3590 902 3644 malum
935 3592 1006 3645 ab
1035 3590 1250 3658 origine
1275 3605 1385 3644 non
1416 3589 1589 3646 fuisse
1619 3606 1633 3644 :
1659 3588 1794 3642 nihil
1818 3591 1966 3643 enim
1990 3587 2136 3643 Deus

548 3681 759 3736 malum
806 3679 1072 3743 condidit,
1116 3680 1286 3750 idque
1318 3679 1454 3734 adeo
1487 3678 1856 3749 prudentibus
1892 3685 1979 3734 est
2026 3693 2138 3731 ma-

545 3773 842 3830 nifestum.
876 3775 955 3829 Ac
990 3773 1120 3828 licet
1145 3773 1202 3828 in
1231 3771 1425 3828 eodem
1466 3781 1793 3844 argumento
1823 3786 2132 3837 versemur,

546 3881 661 3921 non
686 3865 1038 3936 gravabimur
1061 3874 1244 3919 tamen
1265 3864 1551 3920 veritatem
1575 3864 1740 3918 etiam
1764 3864 1817 3918 in
1849 3863 2136 3934 praesentia

556 3955 943 4024 comprobare.
979 3953 1147 4025 lgitur
1175 3955 1354 4010 malus
1383 3953 1540 4010 initio
1574 3952 1826 4010 diabolus
1857 3969 1967 4008 non
1998 3952 2098 4008 luit
2119 3993 2135 4020 ,

554 4044 655 4100 sed
685 4044 861 4099 evasit
882 4056 1092 4116 postea.
1119 4044 1300 4111 Quare
1333 4047 1516 4099 locum
1543 4045 1770 4116 bic_non
1804 4045 1969 4100 habet
1991 4045 2137 4116 quod

549 4133 620 4190 de
665 4135 861 4188 arbore
908 4134 1252 4204 proponitur.
1306 4133 1442 4188 Nam
1496 4142 1554 4190 et
1602 4132 1834 4190 Saulum
1888 4135 2138 4193 videmus

2232 3236 2292 3288 ιν
2319 3227 2477 3305 τιμῇ⁹
2501 3231 2854 3302 ἀνεκλαλήτῳ
2882 3229 2981 3284 τοῦ
3023 3229 3178 3294 ὄντος
3217 3229 3374 3298 ἁγίου
3423 3226 3558 3280 Θεοῦ
3597 3227 3661 3282 τὸ
3703 3225 3838 3282 δια-

2231 3327 2431 3396 νόημα.
2473 3325 2568 3387 El;
2610 3323 2668 3376 δὲ
2696 3323 2794 3394 τὴν
2827 3321 2956 3392 περὶ
2987 3320 3170 3390 φυτῶν
3199 3318 3484 3392 ἐνέργειαν
3531 3317 3724 3386 ῐδωμιν
3762 3318 3830 3373 εί

2231 3416 2404 3479 οὕτως
2433 3414 2570 3485 ἔχει,
2615 3413 2713 3467 καὶ
2744 3411 3000 3482 λάϐωμεν
3051 3410 3254 3479 λέγειν.
3301 3411 3365 3464 Et
3400 3410 3501 3479 μὲν
3547 3409 3658 3480 1&9
3686 3410 3836 3479 περὶ

2231 3505 2326 3560 τοῦ
2361 3504 2609 3559 διαϐόλου
2642 3503 2790 3557 ἐστὶν
2818 3503 2850 3554 ὁ
2878 3501 3056 3569 λόγος,
3089 3501 3190 3571 ἤδη
3225 3498 3487 3563 πολλάκις
3515 3498 3832 3568 ἐδείξαμεν,

2233 3598 2316 3651 ὅτι
2346 3596 2408 3649 οὐ
2450 3594 2686 3665 πονηρὸς
2732 3593 3028 3663 γεγένηται
3045 3608 3058 3622 ·
3089 3591 3240 3644 οὐδὲν
3267 3589 3378 3662 1&9
3410 3589 3609 3660 φαῦλον
3633 3591 3663 3644 ὁ
3687 3588 3836 3656 Θεὸς

2233 3686 2479 3758 ἐποίησε,
2514 3685 2610 3739 καὶ
2638 3683 2797 3737 τοῦτο
2828 3685 2942 3746 τοῖς
2973 3685 3216 3746 συνετοῖς
3256 3682 3372 3736 ἑστι
3407 3681 3728 3753 κατάδηλον.
3755 3681 3836 3736 Et

2235 3778 2344 3850 1&9
2368 3777 2510 3832 κατά
2539 3777 2650 3830 τῶν
2685 3774 2866 3829 αὐτῶν
2907 3774 3208 3845 φερόμεθα,
3250 3773 3404 3828 οὐδὲν
3432 3773 3663 3842 λυπήσει
3687 3774 3838 3828 ἁπο-

2237 3867 2406 3933 δεῖξαι
2445 3869 2540 3923 καὶ
2595 3868 2656 3921 ὲν
2697 3865 2776 3936 τῷ
2825 3864 3056 3936 παρόντι
3105 3863 3196 3916 τὸν
3241 3864 3370 3935 περὶ
3415 3864 3517 3934 τῆς
3563 3861 3836 3929 ἀληθείας

2234 3960 2417 4029 λόγον.
2455 3959 2545 4014 Ἐν
2576 3960 2644 4028 τῇ
2674 3957 2817 4029 ἀρχῇ
2849 3955 3030 4008 τοίνυν
3065 3953 3270 4025 φαῦλος
3295 3955 3398 4007 οὐκ
3424 3949 3513 4024 ἦν,
3546 3953 3725 4023 ἀπέϐη
3758 3951 3834 4007 δὲ

2239 4050 2461 4120 φαῦλος.
2506 4049 2635 4103 Ἰδοὺ
2675 4047 2737 4100 οὐ
2779 4045 3181 4117 συσταθήσεται
3224 4045 3284 4098 ὲν
3330 4043 3409 4114 τῷ
3442 4044 3599 4116 μέρει
3644 4042 3834 4115 τούτῳ

2239 4143 2268 4194 ὁ
2295 4140 2426 4211 περὶ
2455 4139 2548 4194 τοῦ
2600 4138 2770 4208 φυτοῦ
2803 4136 2981 4204 λόγος.
3020 4135 3267 4208 Ὀρῶμεν
3325 4133 3435 4205 1&9
3468 4134 3562 4188 καὶ
3615 4131 3833 4194 Σαῦλον

550 4234 960 4298 persecutorem
988 4225 1182 4290 fuisse,
1221 4225 1585 4295 eumdemque
1609 4242 1708 4296 pro
1735 4243 1800 4282 eo
1827 4227 1971 4297 quod
2002 4227 2126 4284 inse

2239 4230 2474 4302 διώκτην
2503 4230 2816 4300 γενόμενον,
2859 4227 3084 4299 ὕστερον
3111 4227 3172 4282 δὲ
3199 4226 3527 4298 διωκόμενον
3561 4225 3702 4297 ὑπὲρ
3724 4224 3831 4282 τοῦ

551 4327 710 4371 cutus
741 4315 918 4370 fuerat
946 4315 1168 4370 nomine
1187 4315 1208 4347 ‘
1244 4317 1680 4385 persecutionem
1710 4333 1834 4373 esse
1890 4333 2137 4388 passum.

552 4411 759 4465 Contra
807 4423 938 4465 vero
991 4407 1186 4464 Judam
1236 4425 1362 4465 cum
1407 4410 1694 4466 duodecim
1742 4413 2004 4480 apostolis
2030 4415 2141 4467 cle-

2241 4323 2505 4394 ὀνόματος
2538 4317 2600 4376 οὗ
2633 4322 2766 4375 ποτὲ
2802 4320 3046 4376 ἐδίωκεν.
3082 4319 3329 4392 ὀρῶμεν
3367 4319 3459 4372 τὸν
3492 4317 3690 4372 Ἰούδαν
3727 4317 3837 4372 ὲκ·-

2243 4413 2568 4484 λελεγμένον
2605 4414 2702 4467 σὺν
2730 4416 2843 4476 τοῖς
2873 4412 3080 4467 δώδεκα
3107 4411 3443 4477 ἀποστόλοις,
3476 4411 3571 4463 καὶ
3600 4408 3838 4477 ὕστερον

559 4511 712 4555 ctum
799 4501 1100 4557 descivisse
1159 4502 1540 4572 postmodum.
1595 4510 1650 4558 et
1708 4473 1796 4558 ad-
1831 4504 2126 4572 improbam

2245 4473 2547 4568 ἀποδόντα,
2583 4504 2679 4558 καὶ
2708 4505 2768 4557 ὲν
2803 4473 2984 4576 μερίδι
3015 4502 3228 4575 πονηρᾷ
3267 4473 3626 4572 τεταῇμένον.
3657 4473 3840 4570 Ὁρῶ-

551 4588 847 4648 l'actionem
879 4602 1230 4664 aggregatum
1252 4594 1458 4659 ".Quin
1486 4603 1541 4649 et
1574 4593 1764 4650 Bahab
1802 4597 2142 4651 meretricem

553 4685 834 4740 cernimus
872 4683 945 4740 ah
986 4683 1290 4741 Israelitico
1337 4700 1537 4756 genere
1593 4686 1863 4741 hactenus
1908 4687 2142 4755 alienam

2244 4613 2349 4667 μεν
2381 4594 2553 4649 Ῥαὰὸ
2590 4594 2691 4664 τὴν
2742 4593 2947 4665 πόρνην
2981 4591 3267 4665 ἀλλοτρίαν
3317 4585 3484 4644 οὖσαν
3511 4588 3606 4643 τοῦ
3639 4588 3838 4656 γένους

2257 4686 2508 4759 Ἰσραὴλ,
2555 4684 2780 4758 ὕστερον
2825 4684 2885 4737 δὲ
2961 4683 3376 4755 μετανοήσασαν
3418 4682 3510 4736 καὶ
3558 4679 3840 4734 λαθοῦσαν

556 4784 683 4842 post
724 4775 1114 4845 paenitentiam
1149 4784 1434 4845 receptum
1470 4775 1539 4830 ad
1573 4775 1670 4831 Dei
1708 4775 2126 4832 misericordia:

2243 4778 2380 4834 Θεοῦ
2419 4779 2509 4832 τὸν
2543 4775 2715 4831 ἔλεον.
2762 4775 3012 4849 Ὀρῶμον
3056 4776 3151 4832 τδν
3196 4773 3402 4849 λῃστὴν
3449 4772 3544 4827 ἐπὶ
3591 4789 3839 4843 κακουρ-

557 4864 816 4921 habuisse
847 4867 894 4921 ⁸.
957 4865 1223 4924 Videmus
1266 4876 1323 4925 et
1365 4868 1639 4924 latronem
1686 4869 1742 4924 in
1787 4867 2147 4925 l‘aciuorede-

556 4954 887 5022 prehensum
915 4967 970 5011 et
999 4957 1058 5010 in
1125 4973 1346 5014 crucem
1381 4959 1655 5014 sublatum
1683 4966 1812 5030 post
1837 4960 2144 5022 confessioo

560 5060 684 5099 nem
737 5060 846 5102 una
880 5061 1006 5100 cum
1044 5047 1274 5105 Domino
1311 5051 1366 5104 in
1401 5049 1718 5120 paradisum
1769 5050 2142 5120 ingressum’.

557 5134 845 5191 Nicolaum
894 5146 1157 5206 praeterea
1203 5142 1456 5198 videmus
1496 5145 1675 5199 virum
1722 5143 1928 5200 bonum
1957 5152 2013 5198 et
2041 5143 2146 5198 ele-

559 5239 709 5283 ctum
734 5229 804 5293 ⁸ο,
853 5230 1182 5286 sceleratum
1223 5240 1417 5303 postea
1431 5233 1605 5290 fuisse
1631 5244 1797 5305 atque
1852 5236 1996 5290 inter
2031 5235 2142 5289 hae-

2245 4871 2371 4940 γίας
2407 4869 2635 4934 ἁλόντα,
2682 4870 2778 4922 καὶ
2823 4867 3202 4942 κρεμασθέντα
3253 4865 3348 4919 ἐπὶ
3386 4863 3480 4920 τοῦ
3516 4863 3694 4930 ξύλου,
3735 4864 3842 4918 καὶ

2243 4961 2804 5034 ὲξομολογησάμενον,
2833 4962 2928 5014 καὶ
2956 4959 3077 5032 ἅμα
3109 4958 3189 5029 τῷ
3231 4957 3422 5030 Κυρίῳ
3454 4958 3511 5011 ὲν
3540 4954 3621 5026 τῷ
3652 4972 3840 5026 παρα-

2247 5053 2409 5124 δείσῳ
2455 5052 2856 5124 εἰσεληλυθότα.
2892 5051 3140 5124 Ὀρῶμεν
3194 5049 3462 5104 Νικόλαον
3510 5045 3672 5100 καλὸν
3705 5045 3841 5102 δντι

2250 5145 2346 5199 καὶ
2372 5144 2783 5216 ἐκλελεγμένον,
2813 5140 3042 5213 ὕστερον
3069 5140 3126 5194 δὲ
3155 5139 3438 5194 ἀποϐάντα
3475 5135 3710 5207 πονηρὸν
3737 5133 3843 5187 καὶ

2249 5235 2311 5288 ὲν
2343 5237 2454 5301 τοῖς
2487 5234 2868 5306 αἱρεοιάρχαις
2895 5231 3184 5304 ταχθέντα.
3211 5230 3322 5284 Καὶ
3352 5228 3404 5281 τί
3441 5244 3531 5300 μοι
3557 5226 3625 5280 τὰ
3651 5225 3836 5295 πλήθη

561 5336 757 5378 reseon
789 5328 1046 5376 auctores
1073 5324 1400 5394 ascriptm.
1454 5326 1598 5392 Quid
1626 5326 1715 5380 hic
1747 5337 1978 5383 caeteros
2003 5340 2126 5380 com

2249 5325 2460 5395 λέγειν;
2498 5325 2564 5379 Τί
2592 5323 2686 5382 οὖν
2717 5327 2832 5380 ἔστι
2863 5323 2926 5378 τὸ
2964 5325 3130 5393 φυτὸν
3163 5321 3322 5376 τοῦτο
3351 5320 3411 5374 τὸ
3447 5318 3702 5390 πονηρὸν,
3741 5316 3834 5387 ἀφ’

562 5413 901 5468 memorem?
940 5410 1217 5479 Quidnam
1271 5428 1441 5484 porro
1489 5416 1686 5472 malam
1721 5418 1864 5473 hanc
1891 5417 2144 5473 arborem

639 5592 656 5621 ‘
689 5593 708 5645 ι
737 5593 865 5648 Cor.
893 5611 1010 5654 xm.
1045 5595 1128 5648 19..

543 5673 713 5739 quin,
760 5663 812 5716 5.
917 5665 938 5694 "
965 5664 1132 5722 Josuc
1163 5668 1272 5731 ",1
1308 5684 1430 5738 sqq.

1205 5600 1223 5629 ²
1253 5597 1272 5650 l
1301 5596 1428 5651 Cor.
1464 5614 1525 5662 ll,
1561 5601 1615 5654 9.
1692 5601 1712 5631 ³
1756 5599 1886 5653 ihid.
1964 5600 1985 5633 ⁵
2023 5600 2126 5654 ibid

2233 5601 2254 5632 ⁸
2299 5599 2486 5652 Matth.
2524 5615 2623 5663 vlt,
2673 5600 2759 5667 18,
2793 5600 2884 5656 20.
2965 5601 2984 5632 ⁶
3038 5600 3162 5654 Act.
3220 5614 3294 5662 Ix,
3337 5595 3359 5651 ι
3400 5610 3520 5665 sqq.

1506 5670 1526 5702 '
1557 5669 1692 5724 Luc.
1730 5686 1885 5736 uin,
1917 5671 1988 5731 40
2011 5681 2135 5740 sqq.
2201 5670 2245 5703 ¹⁶
2278 5679 2400 5725 Act.
2431 5683 2506 5734 vl,
2533 5669 2588 5725 5.

2251 5412 2312 5473 οὗ
2362 5418 2566 5487 ἀγαθὸν
2610 5419 2674 5472 οὐ
2707 5416 2952 5486 γίνεται;
2999 5414 3160 5469 Ἀλλά
3211 5414 3374 5468 πάλιν
3423 5411 3649 5484 πράξεις
3694 5409 3836 5462 εἰσιν

3621 5590 3645 5622 '
3692 5587 3831 5648 Luc.
