4078 6416
333 313 440 369 {‘25

992 305 1361 363 ADVERSUS
1401 304 1747 360 HERESES
1784 305 1912 360 LIB.
1955 305 2021 361 ll.
2061 305 2228 364 TON.
2270 306 2696 363 IL—HASRES.
2738 307 2922 364 LXVI.

3493 310 3596 368 126

323 426 649 498 ἀνθρώπιον.
677 423 753 478 Οὐ
799 421 1020 476 δύναται
1057 422 1165 494 γὰρ
1211 423 1275 474 ὲκ
1328 421 1586 493 πορνείας
1634 422 1910 494 ἁγαθότης

2029 438 2136 480 asse
2163 423 2432 489 dicemus,
2479 439 2510 476 e
2541 438 2652 494 qua
2693 423 2898 478 bonum
2941 423 3078 480 oriri
3115 425 3388 495 nequeat?
3429 424 3598 483 Plane

324 515 498 572 εἶναι·
532 516 592 568 οὐ
624 514 847 568 δύναται
900 513 964 566 ἐκ
997 512 1189 582 φθόνου
1241 511 1508 583 πονηρίας
1548 512 1863 584 δικαιοσύνη
1889 553 1905 577 ,

321 607 388 660 οὐ
416 603 642 658 δύναται
669 603 736 655 ὲκ
775 600 1020 672 μοιχείας
1055 600 1276 664 ἔπαινος
1311 600 1589 668 γενέσθαι.
1627 601 1772 654 Αὐτὸ
1801 600 1910 671 γὰρ

322 694 388 748 τὸ
420 695 518 763 τῆς
559 690 837 762 ἁμαρτίας
874 691 1087 761 δένδρον
1117 691 1176 743 οὐ
1207 689 1433 744 δύναται
1482 691 1549 742 δι’
1575 691 1910 760 ἀγαθότητος

323 784 616 855 γενέσθαιυ
655 784 934 837 τουτέστιν
959 781 1024 836 οὐ
1064 785 1208 835 ποιεῖ
1239 781 1454 852 δένδρον
1497 781 1732 853 πονηρὸν
1771 797 1910 850 καρ-

328 881 470 942 ποὺς
504 877 774 946 ἀγαθούςο
808 877 930 931 οὐδὲ
971 875 1178 944 ἀγαθοῦ
1210 875 1428 947 δένδρου
1462 878 1711 947 καρποὺς
1746 893 1912 946 πονηα-

325 976 464 1046 ροὺς
496 973 770 1041 γενέσθαι.
798 965 921 1025 Οἷον
951 970 1014 1023 τὸ
1042 969 1245 1038 ἀγαθὸν
1271 970 1488 1040 δένδρον
1515 970 1578 1023 τὸ
1612 969 1688 1039 μὴ
1722 968 1910 1022 ποιοῦν

330 1064 576 1134 καρποὺς
625 1062 914 1133 πονηροὺς,
944 1059 1214 1129 ξενοδοχία
1260 1059 1541 1128 γινομένη,
1575 1059 1678 1113 κάν
1721 1076 1782 1110 τε
1811 1059 1914 1112 ὅσα

331 1154 514 1225 ἀποϐῇ
547 1155 655 1207 ἀπὺ
686 1154 786 1224 τῆς
827 1151 1129 1221 ξενοδοχίαις
1147 1190 1162 1214 ,
1211 1150 1311 1219 οὐχ
1363 1149 1549 1204 ἕνεκεν
1584 1149 1914 1217 φαυλότητος

335 1243 454 1313 εχει
499 1242 598 1312 τὴν
648 1239 902 1312 δύναμιν.
944 1238 1311 1309 Ἐλεημοσύνη
1334 1279 1346 1302 ,
1393 1237 1585 1306 ἁγνεία
1631 1236 1719 1291 διὰ
1758 1237 1912 1300 Θεὸν,

335 1333 636 1405 ἐγκράτεια
683 1330 775 1385 διὰ
822 1330 916 1385 τὸν
967 1329 1268 1400 Δεσπότην,
1321 1327 1636 1399 δικαιοσύνη
1688 1327 1777 1382 διὰ
1823 1327 1916 1381 τὸν

335 1423 520 1496 νόμον.

407 1599 524 1657 ΞΗ.
565 1600 753 1656 Ταῦτα
793 1599 864 1654 τὰ
893 1598 988 1653 δύο
1017 1599 1211 1672 δένδρα
1255 1599 1388 1671 περὶ
1438 1598 1793 1669 δικαιοσύνης
1820 1599 1917 1652 καὶ

2010 513 2078 570 de
2110 513 2392 568 hominum
2409 513 2719 569 actionibus
2744 514 3095 583 interpretari
3113 512 3398 571 debemus.
3411 513 3601 588 Neque

2009 605 2156 660 enim
2182 619 2214 659 e
2240 613 2436 674 stupro
2479 604 2719 659 derivari
2754 604 2972 660 bonitas
3014 615 3232 675 potest,
3303 621 3482 676 neque
3531 623 3598 662 ex

2009 695 2272 764 nequitiae
2316 695 2487 750 livore
2517 693 2772 764 justitia,
2822 711 3000 764 neque
3036 711 3103 749 ex
3150 694 3426 750 adulterio
3455 697 3598 754 laus.

2015 785 2301 855 Siquidem
2339 785 2506 839 arbor
2549 785 2644 839 illa
2693 785 2904 853 peccati
2953 801 2984 839 a
3026 785 3270 840 bonitate
3317 786 3597 856 proﬁcisci

2012 893 2120 931 non
2153 884 2358 946 potest,
2393 876 2497 930 hoc
2517 883 2624 940 est,
2649 876 2815 930 arbor
2849 876 2993 929 mala
3028 875 3203 931 bonos
3247 875 3462 932 fructus
3489 893 3598 932 non

2013 967 2162 1024 facit.
2190 981 2367 1036 neque
2402 966 2542 1020 bona
2568 981 2634 1020 ex
2665 966 2861 1022 arbore
2885 966 3014 1020 mali
3043 965 3254 1024 fructus
3279 969 3532 1022 oriuntur
3552 969 3594 1022 ³.

2011 1057 2259 1127 Exempli
2289 1057 2462 1127 gratia
2489 1057 2654 1112 arbor
2687 1057 2779 1111 illa
2811 1057 2976 1121 bona,
3006 1072 3130 1128 qua:
3172 1058 3348 1114 malos
3388 1058 3602 1116 fructus

2011 1149 2175 1205 edere
2212 1164 2322 1202 non
2368 1155 2571 1219 potest,
2611 1149 2683 1203 sit
2732 1149 2963 1220 benigna
3007 1148 3286 1219 h05pitnm
3327 1149 3599 1220 exceptio.

2021 1241 2300 1311 Quidquid
2330 1241 2478 1296 enim
2514 1240 2585 1295 ab
2627 1256 2692 1296 ea
2735 1241 3140 1311 proliciscatur,
3174 1241 3342 1311 676
3370 1239 3452 1294 vis
3481 1242 3603 1309 ejus

2015 1333 2086 1387 ab
2117 1332 2466 1401 improbitate
2509 1347 2620 1386 non
2665 1333 2866 1386 oritur.
2915 1330 3182 1387 Similiter
3229 1333 3604 1401 eleemosyua,

2015 1425 2345 1479 castimonia
2387 1440 2509 1494 quae
2553 1433 2776 1494 propter
2809 1422 2982 1479 Deum
3013 1425 3233 1491 colitur,
3263 1424 3606 1478 continentia

2017 1526 2240 1587 propter
2289 1515 2600 1578 Dominum.
2657 1516 2873 1586 justitia
2909 1516 3045 1586 legis
3095 1514 3269 1586 gratia
3320 1523 3602 1584 suscepta.

2086 1606 2246 1661 LXII.
2289 1605 2662 1672 Quamobrem
2715 1607 2891 1660 ambae
2924 1606 3030 1660 illa:
3065 1606 3292 1661 arbores
3332 1605 3401 1660 de
3434 1606 3607 1676 justi-

340 1693 472 1764 περὶ
501 1691 777 1762 ἁμαρτίας
805 1689 992 1744 τοῦτον
1038 1691 1151 1760 ἔχει
1200 1689 1291 1744 τὸν
1324 1690 1543 1760 τρόπον.
1578 1691 1710 1762 Περὶ
1757 1689 1814 1743 δὲ
1841 1684 1918 1746 ὧν

2029 1699 2095 1753 Lia
2127 1705 2182 1752 et
2210 1703 2439 1767 peccato
2468 1697 2701 1766 intelligi
2735 1696 3027 1751 commode
3068 1705 3323 1766 possunt.
3368 1695 3438 1749 At
3479 1697 3608 1752 bar-

338 1778 492 1846 οὗτος
525 1785 555 1836 ό
582 1781 857 1853 βάρϐαρος
895 1780 1088 1851 Μάνης
1126 1781 1436 1838 διανοεῖται,
1466 1781 1594 1851 περὶ
1627 1781 1762 1834 Θεοῦ
1797 1780 1920 1850 βού-

2029 1789 2192 1844 barus
2225 1787 2318 1842 ille
2348 1786 2680 1842 Manichazus
2719 1801 3004 1856 perperam
3037 1787 3105 1842 de
3137 1785 3250 1842 Deo
3289 1801 3354 1840 ac
3388 1787 3608 1841 diabolo

341 1871 493 1923 λεται
535 1870 736 1938 λέγειν,
785 1870 880 1922 καὶ
912 1867 1043 1939 περὶ
1083 1867 1177 1920 τοῦ
1215 1867 1486 1926 διαϐόλου.
1518 1869 1627 1920 Καὶ
1671 1869 1753 1921 ὅτι
1789 1870 1922 1938 περὶ

341 1959 478 2012 Θεοῦ
509 1959 686 2022 οὐδεὶς
712 1958 933 2011 δύναται
978 1957 1244 2027 τολμῆσαι
1286 1957 1382 2011 καὶ
1411 1959 1607 2020 εἰπεῖν,
1636 1959 1720 2010 ὅτι
1751 1958 1920 2012 κακὸν

341 2051 561 2120 ποιήσει
597 2049 751 2113 ποτὲ,
784 2048 860 2121 μὴ
889 2048 1122 2118 γένοιτο,
1151 2048 1248 2102 καὶ
1278 2046 1408 2100 οὔτε
1436 2049 1564 2119 περὶ
1593 2046 1690 2101 τοῦ
1735 2048 1921 2102 διαϐό-

340 2142 455 2205 λου,
483 2142 565 2193 ὅτι
595 2139 799 2208 ἀγαθὸν
837 2139 1166 2211 ἐργάζεται,
1208 2137 1368 2192 τοῦτο
1413 2137 1593 2208 δῆλον.
1630 2137 1795 2192 Ἀλλὰ
1835 2137 1925 2192 διὰ

343 2230 481 2285 Θεοῦ
508 2231 685 2284 πάντα
711 2231 922 2300 γίνεται
950 2229 1020 2282 τὰ
1055 2228 1258 2298 ἀγαθὰ,
1291 2229 1387 2282 καὶ
1426 2227 1628 2298 φαῦλον
1664 2228 1726 2292 ἐξ
1754 2228 1921 2282 αὐτοῦ

342 2322 498 2376 οὐδὲν
551 2321 870 2388 κέκτισται,
928 2319 1048 2372 οὐδὲ
1095 2319 1325 2388 γίνεται.
1368 2318 1434 2372 Εἰ
1474 2317 1532 2370 δὲ
1571 2320 1635 2372 ὲκ
1675 2318 1922 2373 διαϐόλου

344 2412 647 2482 ἐνεργεῖται
687 2411 899 2482 πονηρά
930 2427 1073 2476 τινα,
1114 2409 1223 2463 ίδοὺ
1253 2409 1567 2480 εὑρήκαμεν
1599 2410 1695 2462 καὶ
1725 2410 1792 2463 δι’
1823 2412 1925 2464 αὐ-

344 2501 442 2555 τοῦ
487 2501 748 2570 στέφανον
781 2500 1114 2572 πλεκόμενον
1159 2499 1337 2567 ἁγίοις
1356 2538 1372 2563 ,
1414 2499 1509 2552 καὶ
1557 2499 1813 2570 βραϐεῖον
1845 2501 1924 2554 δι-

344 2593 568 2663 δόμενον
613 2595 726 2656 τοῖς
778 2591 1106 2663 νενικηκόσι.
1145 2591 1256 2644 Καὶ
1293 2589 1542 2645 διέπεσεν
1571 2594 1600 2644 ὁ
1626 2590 1792 2646 αὑτοῦ
1835 2591 1923 2646 λό-

345 2700 463 2751 γος.
491 2682 564 2734 Τὸ
587 2682 695 2754 γὰρ
723 2682 927 2752 σαπρὸν
959 2681 1173 2752 δένδρον
1201 2681 1295 2734 καὶ
1325 2681 1529 2749 ἀγαθὸν
1555 2682 1770 2754 δένδρον
1796 2683 1927 2754 περὶ

347 2770 568 2840 ἀγαθῶν
595 2770 770 2843 ἔργων
801 2772 1058 2841 τυγχάνει
1109 2771 1203 2823 καὶ
1245 2771 1374 2841 περὶ
1408 2771 1652 2840 φαύλωνσ
1703 2774 1797 2826 καὶ
1827 2774 1928 2826 οὐκ

257 2903 260 2906 .
347 2863 468 2917 ἔστι
513 2864 642 2936 περὶ
675 2861 917 2926 natura;
965 2863 1242 2934 Διαθήκης
1295 2863 1391 2915 καὶ
1446 2864 1691 2934 Καινῆς,
1743 2861 1928 2928 καθὼς

349 2953 598 3025 βούλεται
628 2955 657 3006 ὁ
682 2952 777 3007 τοῦ
806 2954 969 3024 Μάνη
996 2953 1173 3022 λόγος.

417 3041 536 3095 ΞΡ.
581 3042 700 3095 Ἔτι
734 3043 793 3097 δὲ
836 3045 864 3096 ὁ
911 3042 1072 3106 αὐτὸς
1120 3041 1441 3114 βουλόμενος
1488 3044 1766 3116 παριστᾷν
1827 3043 1926 3107 τὰς

2026 1888 2256 1934 conatur
2285 1878 2555 1948 accipere.
2587 1875 2790 1932 Verum
2825 1876 3100 1932 neminem
3131 1889 3197 1931 eo
3219 1875 3464 1930 audacia:
3493 1891 3612 1944 pro-

2027 1967 2179 2038 gredi
2229 1982 2389 2036 posse
2423 1965 2776 2035 perspicuum
2814 1973 2921 2030 est,
2951 1971 3014 2018 ut
3053 1971 3151 2018 aut
3185 1961 3352 2018 Deum
3399 1971 3613 2020 asserat

2028 2055 2231 2109 malum
2275 2053 2574 2123 aliquando
2616 2053 2914 2116 facturum,
2947 2059 3043 2106 aut
3067 2051 3351 2107 diabolum
3382 2051 3610 2106 bonum.

2028 2144 2172 2213 Quin
2201 2147 2313 2199 imo
2339 2145 2482 2199 bona
2529 2146 2717 2198 omnia
2767 2143 2912 2199 Deus
2953 2143 3138 2208 eﬁicit,
3183 2158 3362 2212 neque
3405 2143 3612 2198 malum

2029 2236 2329 2305 quidquam
2376 2235 2448 2287 ab
2476 2248 2541 2288 eo
2581 2233 2912 2303 productum
2955 2243 3063 2297 est,
3101 2240 3198 2288 aut
3229 2247 3362 2287 vero
3404 2230 3611 2301 produ-

2029 2328 2193 2382 citur.
2247 2324 2403 2391 Quod
2454 2325 2501 2379 si
2559 2324 2812 2380 diabolus
2862 2324 3130 2379 nonnulla
3178 2324 3321 2377 mala
3367 2323 3614 2388 molitur,

2030 2416 2287 2472 nimirum
2322 2415 2427 2470 hac
2455 2416 2602 2470 illius
2625 2429 2789 2484 opera
2831 2415 3042 2469 sanctis
3067 2413 3382 2468 hominibus
3409 2427 3615 2468 corona

2031 2509 2290 2571 nectitur,
2326 2522 2393 2561 ae
2429 2507 2712 2577 pramtium
2750 2505 3054 2560 victoribus
3083 2504 3374 2559 tribuitur.
3409 2502 3616 2573 Sicque

2033 2606 2146 2652 tota
2195 2598 2343 2652 illius
2366 2599 2509 2651 ratio
2549 2596 2780 2651 corruit.
2832 2595 2971 2650 Mala
2999 2596 3146 2648 enim
3191 2594 3356 2649 arbor
3387 2602 3443 2650 et
3471 2593 3616 2650 bona

2033 2689 2100 2744 de
2145 2689 2303 2743 bonis
2343 2703 2408 2742 ac
2451 2688 2608 2741 malis
2651 2687 2912 2756 operibus
2963 2687 3344 2754 explicantur;
3392 2700 3495 2739 nec
3542 2685 3616 2740 ad

2038 2779 2203 2834 Vetus
2253 2778 2575 2848 Novumque
2597 2777 3009 2834 Testamentum
3039 2777 3338 2847 pertinent,
3385 2782 3445 2829 ut
3469 2774 3614 2830 falso

2033 2871 2364 2937 Ilanicltaaus
2394 2869 2696 2925 existimat.

2107 3041 2290 3098 LXlll.
2334 3040 2442 3096 Sed
2485 3041 2655 3095 instat
2684 3037 2826 3094 idem
2857 3037 2968 3101 ille,
3008 3043 3064 3090 et
3094 3044 3154 3090 ut
3179 3047 3338 3088 suum
3373 3029 3440 3084 de
3473 3029 3617 3084 duo-

350 3136 482 3206 περὶ
511 3134 618 3188 τῶν
656 3132 750 3192 δύο
786 3133 971 3206 ἀρχῶν
1001 3113 1340 3206 προφάσεις,
1376 3113 1928 3206 θηρώμενοςήὲπιτη-

2037 3135 2139 3189 bus
2171 3131 2460 3202 principiis
2503 3131 2702 3200 dogma
2748 3127 3016 3192 stabiliat,
3069 3123 3369 3180 nonnullas
3400 3136 3431 3176 e
3465 3119 3618 3174 Scriv

348 3224 561 3279 δεύεται
594 3225 693 3288 τὰς
730 3225 882 3296 αὒτῷ
921 3223 1182 3288 δοκούσας
1223 3225 1421 3290 λέξεις,
1461 3223 1633 3288 οὕτως
1665 3224 1927 3294 ἐχούσας·

352 3315 500 3379 Ὅτι,
537 3317 689 3386 φησι,
736 3319 849 3380 τοῖς
885 3315 1160 3380 Ἰουδαίοις
1188 3316 1400 3386 ἔλεγεν·
1445 3314 1632 3384 Ὑμεῖς
1662 3315 1780 3369 υἱοὶ
1826 3313 1933 3368 τοῦ

350 3408 632 3463 διαϐόλου
670 3408 830 3464 ἐστέ.
861 3407 1120 3474 Ἐκεῖνος
1157 3406 1650 3478 ἀνθρωποκτόνος
1689 3402 1768 3476 ἦν
1787 3421 1800 3436 ·
1843 3405 1933 3458 ὅτι

350 3507 386 3557 ὁ
416 3502 613 3570 πατὴρ
639 3500 825 3556 αὐτοῦ
854 3501 1131 3569 ψεύστης
1158 3496 1256 3572 ἦν.
1299 3499 1559 3552 Βούλεται
1597 3498 1655 3550 δὲ
1694 3497 1935 3568 βλασφη-

353 3595 501 3665 μεῖν,
537 3591 632 3644 καὶ
669 3590 850 3659 λέγειν
885 3590 978 3643 τὸν
1009 3589 1239 3660 ποιητὴν
1275 3587 1504 3662 ούρανοῦ
1552 3587 1648 3641 καὶ
1675 3587 1781 3658 γῆς
1829 3603 1935 3639 πα-

351 3684 491 3755 τέρα
536 3679 677 3736 εἶναι
713 3681 806 3734 τοῦ
841 3679 1108 3748 διαϐόλου,
1144 3680 1409 3752 μηδαμῶς
1453 3679 1751 3749 δυνάμενον
1798 3677 1935 3741 ὅλως

352 3777 451 3829 ἰπὶ
491 3773 646 3828 τοῦτο
673 3774 732 3826 τὸ
770 3773 930 3845 ῥητὸν
976 3769 1264 3840 φαίνεσθαι
1289 3770 1330 3822 ί.
1382 3769 1447 3823 Εἰ
1493 3769 1604 3839 γὰρ
1656 3767 1795 3830 ὅλως
1837 3765 1934 3822 τοῦ

350 3865 601 3922 διαϐόλου
634 3864 741 3916 υἱοί
774 3865 900 3928 εἰσι,
930 3862 1176 3916 διέπεσεν
1204 3862 1233 3915 ό
1266 3859 1386 3913 κατ’
1417 3858 1577 3913 αὐτὸν
1619 3857 1799 3926 λόγος,
1841 3856 1936 3914 καὶ

352 3955 537 4026 ἑαυτῷ
564 3953 922 4026 ἀντιμάχεται
972 3953 1002 4004 ὁ
1035 3951 1227 4022 Μάνης
1253 3948 1484 4018 ἀγνοῶν.
1523 3947 1936 4021 ’Ᾱφωρίσθησαν

356 4046 473 4117 γὰρ
502 4044 687 4100 λοιπὸν
721 4045 780 4098 αἱ
824 4043 1004 4098 αὐτῶν
1029 4041 1201 4113 ψυχαὶ
1233 4043 1298 4095 ὲκ
1339 4040 1591 4096 διαϐόλου
1631 4035 1936 4110 γεγενημέ-

357 4154 484 4200 ναι,
526 4135 623 4189 καὶ
672 4135 859 4190 οὐκέτι
902 4133 1042 4186 εἰσὶν
1091 4131 1200 4185 ἀπὸ
1249 4130 1350 4199 τῆς
1398 4129 1606 4184 ἄνωθεν
1652 4127 1938 4198 δυνάμεως

357 4226 504 4282 κατὰ
529 4227 620 4279 τὸν
647 4224 810 4278 αὐτοῦ
856 4221 1046 4294 μῦθον,
1075 4222 1111 4293 ἥ
1136 4223 1235 4275 οὐκ
1262 4220 1378 4274 ἔστι
1410 4221 1575 4292 μέρος
1602 4217 1697 4273 τοῦ
1737 4217 1935 4288 φωτὸς,

357 4322 392 4392 ἧ
421 4317 720 4384 πανοπλίας
745 4317 842 4371 τοῦ
871 4315 1058 4383 αὐτοῦ,
1092 4315 1127 4386 ἢ
1173 4313 1267 4367 τοῦ
1301 4312 1495 4366 στύλου
1539 4312 1633 4366 τοῦ
1675 4310 1870 4380 φωτὸς,
1903 4307 1937 4377 ἢ

2031 3225 2209 3295 pluris
2259 3237 2424 3279 voces
2455 3237 2555 3294 pro
2609 3236 2712 3277 sua
2755 3220 2981 3274 libidine
3024 3223 3245 3288 captat,
3300 3227 3423 3285 quae
3486 3217 3619 3270 sunt

2030 3315 2331 3386 ejusmodi.
2363 3313 2593 3378 Iudaeis,
2631 3311 2832 3382 inquit,
2862 3309 3126 3364 Dominus
3161 3307 3341 3362 dixit:
3376 3304 3478 3359 Vos
3510 3303 3616 3372 lilii

2031 3406 2232 3461 diaboli
2255 3405 2406 3460 estis.
2428 3403 2532 3458 Ille
2558 3400 2824 3456 homicida
2869 3401 2992 3468 fuit,
3028 3399 3278 3468 quoniam
3325 3403 3472 3464 pater
3501 3409 3621 3461 ejus

2033 3493 2258 3550 mendas
2301 3502 2417 3548 erat
2439 3494 2482 3546 ⁵.
2525 3490 2698 3560 Cujus
2735 3504 2802 3544 ex
2829 3486 3122 3542 occasione
3155 3484 3262 3538 loci
3292 3483 3458 3536 homo
3483 3494 3620 3535 eon-

2034 3585 2324 3640 tumeliose
2383 3583 2438 3637 in
2491 3581 2662 3637 Deum
2711 3581 2922 3650 garrire
2966 3592 3076 3632 non
3115 3575 3350 3636 dubitat,
3391 3581 3446 3626 et
3493 3568 3621 3625 coeli

2034 3686 2304 3746 terraeque
2362 3673 2704 3729 conditorem
2757 3677 2965 3741 patrem
3001 3681 3126 3724 esse
3175 3664 3376 3720 diaboli
3416 3663 3621 3726 dicere,

2033 3787 2158 3827 cum
2187 3769 2321 3823 nihil
2344 3765 2619 3838 ejusmodi
2663 3766 2821 3819 locus
2857 3762 2948 3816 ille
2989 3759 3303 3824 contineat;
3335 3755 3534 3810 etenim
3571 3752 3619 3808 si

2035 3859 2236 3922 diaboli
2271 3857 2366 3912 ﬁlii
2403 3853 2640 3910 habendi
2673 3852 2753 3906 illi
2783 3857 2936 3910 sunt,
2980 3847 3182 3902 falsum
3214 3850 3300 3898 est
3327 3839 3476 3911 quod
3511 3838 3622 3893 alio

2034 3950 2157 4006 loco
2196 3946 2476 4012 defendit,
2535 3957 2601 3997 ac
2647 3940 2754 3997 sibi
2797 3939 2915 4008 ipse
2948 3931 3289 4004 imprudens
3331 3933 3618 3999 repugnat.

2039 4040 2299 4112 Sequitur
2360 4036 2508 4093 enim
2572 4037 2854 4103 separatas
2909 4027 3170 4094 deinceps
3219 4029 3276 4078 et
3326 4035 3356 4073 a
3404 4017 3624 4112 diabolo

2037 4107 2338 4204 productas
2388 4129 2612 4182 illorum
2661 4123 2875 4177 animas
2923 4119 3118 4179 fuisse,
3170 4111 3519 4204 minimeque.
3553 4107 3623 4160 ab

2039 4197 2250 4278 caelesti
2276 4221 2480 4275 virtute
2527 4213 2826 4286 profectas,
2854 4217 2916 4264 ut
2943 4209 3093 4263 illius
3123 4202 3306 4259 fabula
3340 4197 3620 4254 narrabat.

2042 4330 2147 4372 nec
2191 4314 2305 4381 jam
2337 4291 2466 4381 pars
2489 4308 2594 4364 erit
2631 4305 2742 4359 ulla
2788 4302 2952 4365 lucis,
2993 4307 3087 4354 aut
3125 4297 3274 4350 illius
3309 4296 3619 4351 armaturae,

361 4377 572 4483 μητρὸς
597 4377 884 4482 τῆςνξωῆς.
901 4409 965 4461 Ei
1082 4377 1217 4470 ὅλως
1243 4405 1398 4462 αὐτοὶ
1417 4404 1512 4458 τοῦ
1535 4377 1806 4466 διαϐόλου,
1833 4401 1928 4474 ἄρα

2046 4414 2142 4460 aut
2181 4377 2451 4458 columnae
2476 4396 2721 4458 luminis,
2751 4399 2844 4445 aut
2868 4391 3062 4446 matris
3092 4387 3238 4442 vitae.
3268 4382 3381 4436 lmo
3415 4393 3546 4433 vero
3575 4377 3621 4432 si

359 4501 462 4554 καὶ
492 4503 520 4553 ὁ
557 4497 806 4570 Ἀϐραὰμ
847 4499 876 4550 ὀ
906 4496 1111 4551 τούτων
1139 4493 1345 4571 πατὴρ,
1373 4487 1435 4546 οὗ
1468 4493 1692 4564 σπέρμα
1735 4491 1942 4560 τυγχά-

360 4608 548 4647 νουσιν
605 4589 760 4644 abso).
795 4590 845 4643 οἱ
887 4588 1155 4653 Ἰουδαῖοι,
1205 4587 1302 4640 καὶ
1344 4586 1506 4649 αὐτὸς
1553 4583 1647 4638 τοῦ
1693 4582 1941 4636 διαϐόλου

359 4687 506 4750 ἐστὶ,
532 4685 674 4738 κατὰ
708 4684 799 4738 τὸν
843 4681 940 4736 τοῦ
972 4682 1131 4751 Μάνη
1179 4679 1358 4746 λόγον.
1389 4676 1514 4738 Πῶς
1559 4669 1652 4730 οὖν
1697 4675 1726 4726 ὁ
1752 4671 1942 4744 Πατὴρ

359 4775 629 4840 λεκτικῶς
651 4777 672 4807 ³
697 4775 844 4844 λέγει
876 4774 1079 4838 αὐτοῖς’
1112 4769 1297 4840 Ὑμεῖς
1328 4769 1439 4823 οὐκ
1471 4766 1613 4820 ἐστὲ
1631 4764 1812 4821 τέκνα
1837 4762 1943 4819 τοῦ

376 4866 643 4936 Ἀϐραὰμ,
659 4865 820 4921 ἀλλὰ
842 4864 950 4918 τοῦ
973 4861 1196 4930 πατρὸς
1219 4857 1387 4929 ὑμῶν
1410 4857 1519 4912 τοῦ
1551 4855 1854 4911 διαϐόλου.
1883 4855 1951 4908 Ei

362 4959 478 5030 γὰρ
498 4955 602 5028 ἦτε
623 4956 802 5010 τέκνα
824 4955 929 5009 τοῦ
945 4954 1207 5022 Ἀϐραὰμ,
1231 4951 1305 5005 τὰ
1317 4949 1461 5020 ἔργα
1475 4946 1661 5003 αὑτοῦ
1675 4944 1944 5002 ἐποιεῖτε.

377 5051 579 5120 ’Υμεῖς
613 5051 722 5120 γὰρ
752 5045 971 5118 ζητεῖτέ
997 5063 1072 5115 με
1098 5041 1469 5106 ἀποκτεῖναι,
1505 5039 1839 5107 ἄνθρωπον,
1879 5035 1948 5102 ὃς

365 5141 486 5211 τὴν
539 5140 830 5208 ἀλήθειαν
879 5133 1197 5205 λελάληκα
1239 5130 1402 5202 ὑμῖν.
1466 5128 1647 5185 Τοῦτο
1690 5125 1948 5196 Ἀϐραὰμ

2039 4495 2242 4554 diaboli
2289 4492 2386 4547 ﬁlii
2424 4496 2575 4550 sunt,
2612 4485 2961 4540 Abrahamus
2992 4479 3161 4535 etiam
3198 4475 3416 4530 illorum
3448 4477 3622 4539 pater,

2042 4603 2074 4643 a
2105 4599 2214 4657 quo
2243 4581 2418 4638 Judaei
2452 4576 2734 4652 propagati
2784 4579 2935 4636 sunt,
2981 4567 3184 4657 diaboli
3219 4565 3362 4620 lilius
3391 4561 3513 4623 erit,
3557 4573 3625 4614 ex

2043 4656 2133 4734 illa
2171 4669 2457 4727 Manichaei
2511 4663 2806 4726 sententia.
2852 4657 3012 4728 Quod
3044 4659 3090 4714 si
3138 4656 3213 4709 ita
3247 4659 3353 4718 est,
3388 4661 3625 4719 quanam

2043 4764 2256 4818 ratione
2329 4757 2581 4813 Salvator
2631 4755 2749 4823 ipse
2795 4751 2884 4806 bis
2930 4749 3052 4803 illos
3107 4743 3290 4798 verbis
3347 4737 3623 4810 appellat:

2057 4853 2160 4908 Vos
2203 4868 2306 4906 non
2340 4851 2467 4903 estis
2499 4846 2601 4916 ﬁlii
2632 4841 2926 4902 Abraham,
2974 4836 3063 4891 sed
3116 4835 3286 4904 patris
3318 4830 3475 4884 vestri
3507 4827 3618 4880 dia.

2049 4945 2176 4999 boli.
2200 4943 2261 4998 Si
2290 4943 2430 4996 enim
2458 4938 2643 4992 essetis
2684 4934 2784 5004 ﬁlii
2829 4930 3122 4990 Abraham,
3160 4924 3309 4979 illius
3340 4937 3496 4989 opera
3535 4919 3628 4986 [a-

2046 5036 2250 5091 ceretis.
2297 5031 2400 5085 Vos
2434 5030 2572 5086 enim
2617 5024 2854 5097 quwritis
2891 5037 2971 5074 me
2990 5017 3305 5086 interﬁcere,
3342 5012 3627 5073 hominem,

2044 5127 2136 5198 qui
2157 5126 2428 5180 veritatem
2457 5119 2664 5174 locutus
2715 5131 2834 5169 sum
2869 5112 3038 5168 vobis.
3083 5109 3198 5163 Hoc
3226 5105 3492 5160 Abraham
3525 5117 3629 5155 non

364 5201 483 5289 οδες
530 5201 803 5300 ἐποίησε.
838 5227 950 5282 Καὶ
977 5201 1144 5298 ὁρᾷς,
1173 5222 1254 5276 ὅτι
1282 5201 1743 5290 νκαταχρηστικός
1795 5217 1928 5268 ἐστιι

2050 5217 2235 5286 fecit“.
2267 5213 2430 5286 677
2462 5209 2626 5264 Vides
2665 5207 2831 5280 igitur
2859 5220 2955 5276 per
2977 5201 3338 5258 cataehresim
3387 5209 3627 5263 usurpa-

365 5326 397 5381 6
424 5323 607 5390 λόγος·
641 5293 821 5376 αύτῶν
854 5318 965 5390 γὰρ
1006 5293 1177 5370 δντων
1211 5312 1344 5366 υἱῶν
1398 5311 1489 5364 τοῦ
1530 5308 1808 5381 Ἀϐραὰμ,
1849 5307 1928 5360 κα¹

2059 5316 2181 5360 tum
2224 5305 2274 5358 id
2301 5303 2493 5366 fuisse,
2531 5308 2589 5353 nt
2621 5297 2919 5352 Abrahatni
2959 5295 3174 5364 quidem
3209 5298 3393 5345 essent
3432 5293 3628 5339 natura

365 5415 465 5473 τοῦ
498 5381 704 5487 ὶίυρίου
736 5381 1226 5481 ἀπαλλοτριοῦντος
1255 5404 1452 5468 αὐτοὺς
1480 5403 1568 5457 διὰ
1608 5400 1716 5455 τῶν
1747 5401 1924 5472 ἔργων

2056 5397 2175 5465 ﬁlii,
2207 5403 2260 5452 et
2307 5395 2376 5449 ab
2409 5393 2597 5450 eodem
2641 5389 3017 5451 nihilominus,
3070 5381 3283 5438 Domini
3337 5383 3626 5440 sententia,

483 5621 517 5692 ¹ί
560 5618 621 5678 F.
678 5615 968 5692 φέρεσθαι.
1101 5615 1122 5647 ¹
1162 5612 1288 5668 Cor.
1343 5606 1534 5681 Σωτὴρ
1617 5605 1928 5676 ἐλεγκτικῶς

2099 5603 2118 5635 ³
2159 5596 2352 5658 Matth.
2403 5612 2503 5662 vn,
2569 5593 2653 5650 18.
2783 5591 2805 5624 ⁸
2837 5588 2998 5645 Joan.
3047 5599 3167 5648 vni,
3214 5579 3303 5636 44.
3415 5577 3438 5610 ³
3477 5572 3614 5630 ibid.

366 5685 459 5752 '59,
494 5691 583 5751 40.
