4078 6412
550 318 647 373 19.7

1953 309 2014 370 Β.
2053 301 2388 368 EPIPHANII

3702 302 3804 358 128

539 455 652 496 non
695 437 904 509 origine
951 436 1395 509 productioneve,
1437 433 1533 490 sed
1575 432 1838 505 operibus
1899 429 2112 498 abiudi-

2219 428 2334 498 οὐχὶ
2381 425 2470 480 διὰ
2500 425 2594 479 τοῦ
2637 425 2958 494 πλάσματος
2986 421 3020 491 ἣ
3060 419 3149 474 διὰ
3185 419 3285 490 τῆς
3336 419 3799 509 ποιήσεως.“Ἥδη

541 541 758 587 centur.
797 529 872 584 De
899 544 1005 600 qua
1042 544 1102 583 re
1133 543 1230 582 nos
1261 536 1418 580 antea
1445 525 1867 595 diSputavimus.
1905 520 2120 575 Fierine

546 625 732 693 iraque
758 629 956 692 potest,
990 623 1064 674 uti
1096 635 1225 689 pars
1257 619 1442 688 aliqua
1469 619 1538 671 ab
1565 617 1756 672 eodem
1791 623 1913 670 satu
1943 614 2119 668 aliena

545 709 706 761 modo
760 709 831 762 sit
864 723 929 761 ac
954 707 1156 760 diaboli
1191 707 1428 776 propria,
1463 705 1628 759 modo
1659 705 1768 758 Deo
1798 702 2121 758 tribuenda?

544 799 648 852 Sed
691 798 946 852 nimirum
992 798 1299 854 incessendi
1350 812 1412 851 ac
1461 793 1894 867 reprehendendi
1951 808 2116 849 causa

543 891 646 946 ista
667 890 949 944 dicuntur.
987 889 1123 943 Nam
1150 891 1238 944 cui
1278 905 1338 944 se
1377 889 1612 959 quisque
1659 887 1913 957 subjicit,
1957 886 2120 956 hujus

540 993 596 1034 et
630 981 848 1035 actione
871 988 924 1035 et
949 979 1241 1050 disciplina
1270 981 1414 1035 filius
1440 988 1546 1046 est,
1574 985 1632 1033 ut
1658 995 1725 1034 ex
1757 978 1908 1032 Pauli
1939 978 2120 1032 verbis

543 1080 812 1142 apparet:
849 1071 990 1125 Nam
1022 1073 1142 1126 licet
1173 1072 1368 1126 multos
1407 1083 1747 1142 praceptores
1771 1069 2032 1133 habeatis,
2064 1079 2121 1122 at

542 1179 645 1214 non
693 1161 883 1215 multos
913 1171 1111 1229 patres.
1145 1161 1287 1214 Nam
1313 1163 1367 1215 in
1397 1160 1610 1216 Christo
1647 1159 1776 1213 Iesu
1804 1176 1894 1229 per
1939 1159 2122 1213 Evan-

541 1251 734 1320 gelium
765 1267 856 1320 ego
888 1267 972 1305 vos
1004 1253 1167 1320 “genui
1193 1252 1231 1303 ¹.
1267 1249 1367 1305 Ubi
1401 1250 1467 1304 ad
1498 1251 1824 1315 doctrinam,
1860 1258 1918 1302 ut
1945 1248 2123 1313 vides,

545 1343 646 1395 ista
690 1342 972 1397 transfert.
1037 1340 1104 1394 Et
1160 1341 1378 1412 quidem
1431 1341 1480 1395 si
1534 1340 1905 1394 Abraltamum
1951 1339 2121 1393 Manio

545 1432 731 1485 cimus
779 1431 1114 1495 admitteret,
1166 1431 1312 1485 hunc
1355 1430 1532 1500 ipsum
1559 1428 1627 1483 ad
1663 1430 1836 1484 lucem
1873 1437 2124 1499 spectare

541 1522 888 1588 diceremus,
931 1523 1135 1578 liberos
1185 1538 1318 1578 vero
1372 1522 1442 1576 ab
1503 1536 1570 1576 eo
1629 1522 1925 1592 productos
1968 1521 2123 1576 alteri

541 1615 928 1671 tribueremus.
976 1611 1465 1669 Verumenimvero
1499 1613 1576 1666 ita
1633 1627 1756 1667 sese
1801 1627 1892 1667 res
1922 1612 2124 1668 habet:

544 1705 906 1758 imitabantur
951 1702 1282 1758 homicidam
1328 1701 1506 1766 ludar,
1555 1703 1920 1772 proditionem
1946 1703 2126 1756 imita-

2220 518 2275 570 δὲ
2317 518 2409 570 καὶ
2458 518 2571 571 ἄνω
2609 511 2990 585 διηγησάμεθα
3021 511 3150 582 περὶ
3187 511 3400 563 τούτου.
3448 509 3572 574 Πῶς
3602 505 3698 563 οὖν
3739 508 3803 562 τὸ

2222 611 2390 682 μέρος
2430 609 2524 662 τοῦ
2573 607 2736 660 αὐτοῦ
2787 605 3104 676 σπέρματος
3137 605 3290 657 ἐσται
3327 602 3458 655 ποτὲ
3505 603 3603 672 μὲν
3641 603 3801 654 ἀλλό-

2214 720 2364 774 τριον
2390 702 2484 754 καὶ
2514 701 2609 754 τοῦ
2642 699 2915 762 διαϐόλου,
2972 697 3105 750 ποτὲ
3131 696 3189 750 δὲ
3227 696 3392 766 μέρος
3433 694 3604 760 Θεοῦς
3642 694 3806 748 Ἀλλὰ

2217 789 2375 842 τοῦτο
2427 787 2845 858 ἐγκληματικῶς
2892 786 3180 856 διηγεῖται.
3209 778 3280 855 ᾯ
3331 784 3442 855 γάρ
3477 799 3562 846 τις
3609 783 3807 837 ἑαυτὸν

2219 877 2536 942 ὑποτάσσει,
2595 875 2784 930 τούτου
2844 873 3029 937 δοῦλος
3057 875 3102 906 η
3146 874 3407 942 τυγχάνει
3433 912 3448 936 ,
3504 871 3644 926 κατὰ
3703 873 3808 940 τὴν

2217 969 2500 1039 ἐνέργειάν
2549 984 2610 1021 τε
2671 966 2768 1020 καὶ
2831 964 3204 1026 διδασκαλίαν,
3251 964 3327 1026 ὡς
3380 964 3474 1015 καὶ⁹
3513 965 3542 1015 ὁ
3589 961 3808 1024 Παῦλός

2221 1077 2382 1131 φησιο
2413 1062 2483 1114 El
2527 1060 2638 1130 γὰρ
2683 1057 2782 1110 καὶ
2831 1055 3104 1122 πολλοὺς
3148 1053 3561 1119 διδασκάλους
3609 1053 3801 1121 ἔχετε,

2220 1150 2356 1205 ἀλλ’
2394 1151 2466 1203 οὐ
2507 1147 2780 1213 πολλοὺς
2819 1145 3101 1213 πατέρας.
3139 1145 3244 1198 Ἐν
3272 1143 3384 1212 γὰρ
3429 1141 3661 1210 Χριστῷ
3701 1143 3806 1207 Ἰη-

2219 1242 2338 1296 σοῦ
2378 1240 2476 1294 διὰ
2522 1239 2629 1294 τοῦ
2681 1239 3053 1307 Εὐαγγελίου
3105 1237 3222 1305 ἐγὼ
3270 1235 3427 1305 ὑμᾶς
3476 1236 3804 1304 ἐγέννησα.

2222 1334 2332 1385 Kat
2357 1333 2509 1403 ὁρᾷς,
2534 1333 2615 1384 ὅτι
2663 1331 2762 1400 τὴν
2796 1327 3146 1383 διδασκαλίαν
3191 1327 3370 1395 Mysi;
3403 1326 3514 1380 Καὶ
3543 1328 3593 1378 εἰ
3644 1327 3746 1396 μὲν
3774 1327 3806 1378 ὁ

2221 1424 2415 1494 Μάνης
2458 1422 2669 1492 ἐδέχετο
2714 1421 2807 1474 τὸν
2841 1420 3120 1492 Ἀϐραὰμ,
3155 1419 3415 1489 ἐλέγομεν
3462 1418 3529 1472 ἂν
3559 1417 3652 1470 τὸν
3703 1417 3809 1487 μὲν

2234 1513 2485 1584 Ἀϐραὰμ
2531 1511 2625 1564 τοῦ
2672 1510 2808 1564 Θεοῦ
2841 1511 2938 1564 τοῦ
2994 1509 3206 1579 φωτὸς,
3254 1509 3384 1572 τοὺς
3424 1509 3481 1562 δὲ
3516 1508 3608 1561 ὑπ’
3637 1506 3804 1562 αύτοῦ

2223 1604 2657 1674 γεγεννημένους
2685 1602 2846 1656 ἄλλου
2865 1603 2942 1672 ’νὴ
2975 1601 3034 1654 δὲ
3066 1599 3322 1664 ὑπόθεσις
3351 1600 3539 1653 τοῦτον
3567 1599 3681 1670 ἔχει
3711 1599 3804 1651 τὸν

2223 1695 2452 1766 τρόπον’
2499 1693 2798 1765 ἐμιμοῦντο
2834 1692 2926 1745 τὸν
2987 1691 3174 1761 φονέα,
3214 1691 3514 1761 ἐμιμοῦντο
3556 1691 3657 1760 τὴν
3697 1707 3804 1742 πα-

543 1795 774 1862 bantur,
806 1795 1037 1864 ejusque
1062 1794 1393 1848 calumniam
1423 1809 1485 1847 ac
1509 1767 1837 1848 delationem
1867 1793 2118 1849 secundis

2227 1787 2442 1858 ράδοσιν
2486 1785 2582 1838 τοῦ
2619 1784 2818 1848 Ἰούδα,
2864 1783 3220 1850 κατεδέξαντο
3266 1782 3364 1854 τὴν
3411 1781 3666 1852 διαϐολὴν
3705 1780 3807 1835 τοῦ

543 1884 770 1938 auribus
813 1892 1173 1954 acceperant;
1199 1884 1366 1952 hujus
1399 1883 1452 1938 in
1480 1883 1650 1938 divini
1678 1884 1918 1940 numinis
1956 1887 2126 1939 abne-

543 1971 760 2040 gatione
811 1972 906 2025 ﬁlii
959 1974 1307 2028 exstiterunt.
1379 1971 1473 2026 Ille
1510 1973 1656 2026 enim
1709 1973 1939 2027 mendax
1979 1983 2118 2040 erat,

540 2077 667 2115 cum
704 2071 760 2116 et
801 2063 1010 2116 loculos
1041 2063 1285 2127 haberet,
1320 2072 1375 2117 et
1408 2061 1615 2116 furtum
1647 2064 2031 2128 committeret,
2066 2073 2121 2120 et

539 2149 816 2204 Christum
871 2151 946 2204 ita
995 2152 1257 2206 salutaret
1307 2170 1319 2204 :
1363 2152 1489 2214 Ave,
1558 2149 1782 2206 Rabbi‘.
1833 2153 2005 2219 Quam
2050 2155 2121 2208 ob

539 2253 762 2291 causam
787 2238 889 2292 hac
917 2237 1128 2293 Domini
1160 2255 1294 2295 voce
1321 2225 1741 2309 reprehenditur
1771 2261 1784 2296 :
1818 2243 2020 2309 Amice,
2049 2243 2118 2297 ad

537 2328 663 2398 quid
691 2329 912 2382 venisti'
932 2329 955 2380 t
977 2328 1005 2382 ,Ι
1015 2328 1149 2384 udas
1175 2346 1303 2385 vero
1347 2330 1577 2384 Cainum
1605 2331 1848 2385 imitatus
1880 2339 1987 2397 est,
2027 2331 2120 2401 qui

535 2425 593 2468 et
621 2416 898 2483 parricida
946 2415 1069 2482 fuit,
1105 2426 1160 2471 et
1209 2431 1396 2472 coram
1444 2416 1675 2471 Domino
1722 2420 1981 2472 mentitus
2011 2427 2116 2476 est.

540 2505 684 2559 Num
741 2516 948 2571 custos,
1001 2507 1200 2577 inquit,
1249 2509 1437 2576 fratris
1475 2508 1576 2560 mei
1610 2510 1776 2564 sum?
1823 2511 1997 2563 nescio
2031 2511 2121 2564 ubi

538 2598 680 2650 sit‘.
744 2597 1002 2666 Ejusdem
1056 2606 1113 2653 et
1168 2598 1414 2655 Adamus
1458 2599 1764 2655 imitatione
1805 2600 1947 2655 filius
1993 2603 2117 2667 fuit,

537 2686 669 2739 dum
725 2687 1041 2741 mendacem
1093 2688 1241 2742 illam
1298 2703 1484 2742 vocem
1537 2691 1810 2758 sequitur,
1859 2706 1982 2759 qua!
2022 2707 2121 2760 per

540 2784 844 2844 serpentem
888 2776 960 2829 ita
1002 2777 1328 2847 loquebatur
1358 2795 1372 2831 :
1408 2777 1574 2831 Eritis
1603 2780 1740 2832 sicut
1773 2779 1853 2834 dii
1891 2782 2113 2836 scientes

539 2867 731 2920 bonum
778 2878 828 2920 et
864 2867 1062 2920 malum
1085 2868 1128 2920 '.
1186 2869 1358 2938 Atque
1407 2869 1510 2922 hoc
1549 2871 1725 2937 ipsum
1758 2880 1862 2934 est,
1890 2873 2036 2939 quod
2060 2874 2118 2927 in

541 2957 836 3027 Evangelio
863 2974 891 3010 a
919 2958 1205 3014 Salvatore
1258 2959 1461 3014 dicitur
1502 2958 1634 3014 :Vos
1679 2963 1804 3015 estis
1855 2963 1957 3030 [iiii
1997 2964 2120 3018 dia-

2225 1878 2514 1949 προδότουο
2552 1879 2658 1930 υἱοὶ
2703 1876 2958 1945 γεγόνασι
3006 1877 3105 1946 τῆς
3137 1875 3298 1929 αὐτοῦ
3355 1875 3798 1948 ἐπαρνησιθετας.

2221 1969 2392 2031 Αὐτὸς
2429 1968 2670 2038 ψεύστης
2719 1967 2952 2035 ἐγένετο,
2979 1966 3040 2020 τὸ
3077 1966 3464 2036 γλωσσόκομον
3530 1965 3800 2035 κατέχων,

2221 2060 2316 2112 καὶ
2354 2058 2623 2120 κλέπτων,
2660 2058 2753 2110 καὶ
2780 2057 2954 2124 λέγων
2980 2055 3161 2125 αὐτῷ’
3194 2055 3390 2123 Χαῖρε,
3430 2055 3649 2108 Ῥαϐϐί.
3693 2056 3805 2108 Καὶ

2221 2150 2573 2220 ἐλεγχόμενος
2624 2148 2719 2200 καὶ
2777 2147 3024 2201 ἀκούωνο
3065 2146 3326 2214 Ἑταῖρε,
3375 2147 3468 2215 ἐφ’
3501 2139 3550 2212 ᾧ
3588 2145 3762 2214 πάρει
3784 2187 3801 2212 ,

2218 2238 2372 2305 οὗτος
2402 2243 2431 2294 ὁ
2466 2240 2665 2304 Ἰούδας
2695 2240 3007 2310 ἐμιμήσατο
3045 2239 3136 2292 τὸν
3169 2239 3330 2302 Κάῖν,
3377 2238 3564 2308 ἐπειδὴ
3594 2236 3806 2309 ἀνθρω-

2220 2334 2480 2395 ποκτόνος
2523 2333 2762 2400 ἐγένετο,
2797 2330 3128 2401 ψευδόμενος
3172 2330 3410 2383 ἐναντίον
3449 2329 3543 2382 τοῦ
3572 2328 3801 2399 Κυρίου,

2219 2425 2315 2480 καὶ
2356 2425 2564 2492 λέγων·
2615 2421 2712 2490 Μὴ
2763 2421 2968 2491 φύλαξ
3013 2420 3130 2490 εἰμὶ
3181 2419 3291 2474 τοῦ
3339 2419 3610 2488 ἀδελφοῦ
3653 2433 3808 2488 μους

2217 2517 2328 2569 οὐκ
2359 2511 2492 2568 οῖδα
2539 2511 2657 2566 ποῦ
2695 2511 2851 2565 ἐστι.
2879 2511 2991 2563 Καὶ
3025 2510 3188 2573 αὐτὸς
3220 2509 3360 2564 κατὰ
3410 2509 3644 2581 μίμησιν
3690 2508 3810 2571 υἱὸς

2218 2605 2532 2676 γεγένηται,
2565 2603 2661 2656 καὶ
2691 2601 3117 2672 καταθεωρήσας
3143 2602 3244 2671 τῆς
3277 2604 3334 2656 ὲν
3361 2602 3440 2672 τῷ
3473 2601 3599 2670 ὕφει
3639 2599 3809 2671 λαληο

2220 2697 2389 2765 σὰσης
2441 2694 2773 2764 ψευδηγόρου
2829 2693 3014 2762 φωνῆς
3063 2693 3165 2762 τῆς
3206 2692 3507 2762 λεγούσης⁶
3549 2693 3808 2746 Ἐσεσθε

2215 2787 2297 2852 ὡς
2326 2787 2465 2851 θεοὶ,
2499 2785 2896 2856 γινώσκοντες
2938 2782 3131 2836 καλὸν
3164 2783 3264 2836 καὶ
3319 2782 3588 2850 πονηρόν
3607 2797 3621 2810 ·
3651 2799 3806 2836 τουτ-

2217 2875 2333 2928 έστι
2361 2874 2423 2927 τὸ
2462 2877 2519 2928 ἐν
2561 2875 2638 2944 τῷ
2671 2874 2984 2944 Εύαγγελιῳ
3028 2873 3180 2945 παρὰ
3217 2871 3312 2926 τοῦ
3350 2874 3603 2943 Σωτῆρος
3649 2875 3806 2945 εἰρη-

2222 2969 2404 3039 μένονο
2449 2967 2632 3036 Ὑμεῖς
2663 2969 2781 3022 υἱοί
2810 2968 2950 3020 ἐστε
2977 2966 3084 3021 τοῦ
3113 2967 3418 3021 διαϐόλου.
3443 2967 3609 3036 Λέγει
3639 2968 3750 3038 γάρ
3786 2985 3802 3000 ·

540 3048 646 3102 bofi
677 3048 718 3101 θ.
791 3047 883 3102 Sic
933 3049 1081 3104 enim
1137 3051 1429 3121 loquitur:
1465 3051 1656 3108 Nonne
1703 3055 1978 3110 duodecim
2028 3073 2116 3112 vos

2226 3060 2372 3128 Οὐχὶ
2424 3057 2652 3111 δώδεκα
2707 3056 2865 3126 ὑμᾶς
2904 3056 3314 3126 ἐξελεξάμην;
3366 3051 3456 3123 εἷς
3508 3057 3578 3122 ἐξ
3634 3056 3806 3126 ὑμῶν

536 3139 714 3208 elegi?
757 3150 803 3192 et
839 3156 972 3195 unus
1007 3157 1072 3195 ετ
1116 3143 1258 3196 vobis
1299 3152 1376 3196 est
1409 3143 1716 3202 diabolus'.
1750 3147 2018 3213 Quoniam
2053 3149 2118 3203 ab

2221 3151 2350 3203 ἐστι
2386 3149 2682 3212 διάϐολος.
2723 3147 2958 3215 Ἐπειδὴ
3009 3147 3288 3216 ἀπαρχῆς
3333 3149 3610 3217 ψεύστης
3648 3149 3806 3213 ἐστὶ,

538 3230 692 3281 initio
722 3231 951 3284 mendax
982 3244 1060 3285 est
1090 3241 1139 3286 et
1183 3233 1470 3300 homicida,
1503 3236 1625 3306 quia
1657 3247 1807 3306 pater
1840 3239 1954 3306 ejus
1979 3255 2122 3292 men-

536 3320 646 3372 dax
674 3330 788 3374 erat
817 3321 858 3376 ⁸.
889 3320 1008 3387 Qua
1052 3325 1264 3380 ratione
1305 3324 1586 3380 Manicbzei
1615 3329 1842 3397 quaestio
1869 3329 2122 3384 dissolvi-

538 3417 661 3474 tur;
718 3424 827 3464 non
875 3412 1021 3465 enim
1070 3411 1275 3466 diaboli
1314 3413 1534 3482 proprie
1576 3412 1672 3470 lilii
1715 3423 1875 3468 erant
1926 3412 2118 3469 Judaei.

539 3501 692 3554 Absit
743 3510 801 3554 at
848 3502 898 3554 id
939 3517 1064 3557 esse
1109 3504 1419 3569 credamus.
1466 3504 1678 3574 Quippe
1720 3520 1844 3560 cum
1882 3504 2122 3559 Samari-

537 3600 663 3643 tana
709 3593 909 3644 mulier
940 3593 1163 3648 Christo
1211 3592 1443 3650 Domino
1489 3594 1719 3650 dixisset
1752 3615 1765 3650 :
1799 3597 1904 3650 Hic
1937 3599 1992 3652 in
2017 3600 2121 3654 isto

540 3688 718 3732 monte
742 3679 1100 3734 adorarerunt
1129 3691 1308 3750 patres
1341 3684 1541 3747 nostri;
1579 3702 1670 3739 vos
1721 3696 1896 3740 autem
1941 3687 2119 3744 dicitis

544 3770 928 3840 Hierosolymis
963 3790 1075 3828 esse
1118 3774 1313 3838 locum,
1349 3773 1439 3828 ubi
1474 3786 1677 3844 oportet
1703 3777 1963 3845 adorare;
1996 3789 2119 3850 post

540 3863 708 3916 multa
770 3861 1021 3918 Salvator
1080 3865 1186 3920 ista
1235 3866 1502 3935 subjecit:
1538 3869 1670 3936 Quae
1709 3872 1906 3927 scimus
1948 3873 2121 3942 loqui-

459 3995 461 3999 ,
541 3969 678 4013 mur,
724 3953 856 4020 quia
895 3953 1040 4008 salus
1079 3970 1143 4008 ea:
1177 3954 1384 4011 Judwis
1417 3968 1495 4012 est
1523 3961 1567 4016 ’.
1621 3959 1720 4015 Cui
1766 3971 1821 4016 et
1869 3963 2105 4032 Aposto-

539 4043 625 4096 lns
649 4045 919 4098 consentit
950 4045 1034 4100 his
1063 4047 1243 4102 verbis
1274 4065 1286 4100 :
1331 4049 1595 4114 Quoniam
1617 4067 1682 4104 ex
1699 4050 1844 4106 Iuda
1869 4063 2017 4107 ortus
2037 4063 2114 4107 est

539 4133 800 4186 Dominus
829 4134 892 4187 ¹⁶.
936 4132 1044 4190 Sed
1073 4137 1232 4206 plura
1280 4137 1350 4191 ad
1389 4153 1509 4192 eam
1551 4156 1665 4195 rem
1699 4141 1962 4212 disputari
1986 4158 2117 4214 pos-

537 4229 692 4287 sunt,
725 4222 926 4290 quibus
948 4223 1084 4279 falsa
1113 4223 1264 4282 illius
1301 4227 1487 4296 Opinio
1514 4229 1814 4287 refellatur.

604 4313 773 4382 678
789 4311 968 4368 LXIV.
988 4314 1056 4368 At
1075 4317 1219 4370 enim
1247 4319 1618 4386 evangelicum
1646 4320 1778 4374 illud
1799 4322 2006 4378 dictum
2034 4338 2116 4378 ar-

2221 3241 2320 3296 καὶ
2351 3242 2846 3310 ἀνθρωποκτόνος
2866 3253 2881 3269 ⁸
2917 3239 3006 3293 ὅτι
3036 3242 3068 3293 ό
3097 3239 3292 3307 πατὴρ
3330 3240 3515 3294 αὐτοῦ
3532 3241 3805 3308 ψεύστης

2218 3329 2317 3403 ἦν.
2351 3333 2462 3387 Καὶ
2493 3332 2708 3386 λέλυται
2737 3333 2771 3403 ἡ
2801 3329 2994 3385 τούτου
3029 3329 3277 3403 ζήτησις.
3309 3331 3386 3387 Οὐ
3420 3331 3527 3402 γὰρ
3566 3331 3663 3384 τοῦ
3694 3331 3806 3383 δια-

2221 3422 2376 3476 ϐόλου
2426 3417 2567 3490 ἦσαν
2612 3421 2779 3474 τέκνα
2828 3420 2878 3472 οἱ
2918 3421 3187 3473 Ἰουδαῖοι·
3221 3421 3296 3491 μὴ
3352 3419 3593 3487 γένοιτοῑ
3637 3420 3804 3487 Λέγει

2220 3515 2330 3586 γὰρ
2376 3514 2409 3584 ἠ
2462 3514 2796 3583 Σαμαρεῖτις
2842 3512 2980 3582 πρὸς
3024 3511 3118 3564 τὸν
3165 3511 3417 3581 Σωτῆρα,
3449 3511 3530 3564 ὅτι.
3559 3505 3702 3564 Ὧδε
3736 3511 3805 3565 ἐν

2219 3601 2300 3666 τῷ
2331 3601 2452 3670 ὄρει
2482 3602 2672 3667 τούτῳ
2712 3601 3188 3668 προσεκύνησαν
3219 3601 3274 3652 οὶ
3311 3599 3567 3667 πατέρες
3601 3598 3803 3668 sua.»

2219 3693 2319 3745 καὶ
2348 3691 2517 3761 ὑμεῖς
2554 3690 2623 3744 δὲ
2652 3692 2888 3759 λέγετε,
2933 3690 3024 3744 ὅτι
3055 3691 3127 3744 ἐν
3157 3691 3593 3758 Ἰεροσολύμοις
3630 3690 3805 3743 ἐστιν

2219 3786 2253 3836 ό
2279 3785 2479 3848 τόπος,
2514 3783 2667 3837 ὅπου
2698 3783 2796 3836 δεῖ
2825 3783 3215 3850 προσκυνεῖν.
3261 3777 3396 3835 Εἶτα
3445 3781 3582 3852 μετὰ
3630 3781 3807 3837 πολλά

2218 3874 2248 3926 ό
2275 3873 2467 3943 Σωτὴρ
2510 3874 2647 3944 αὐτῇ
2696 3872 2824 3944 ἔφη,
2864 3873 2948 3926 ὅτι.
2982 3874 3042 3926 Ἀ
3073 3871 3322 3942 οἴδαμεν
3353 3872 3683 3941 λαλοῦμεν,
3713 3873 3804 3928 ὅτι

2217 3965 2258 4032 ἡ
2290 3965 2552 4032 σωτηρία
2588 3964 2658 4016 ἐκ
2702 3963 2822 4017 τῶν
2855 3962 3153 4018 Ἰουδαίων
3201 3963 3362 4018 ἐστι.
3412 3964 3521 4016 Καὶ
3568 3963 3733 4017 πάλιν
3774 3966 3804 4018 ό

2229 4053 2574 4117 Ἀπόστολος’
2611 4052 2828 4122 Δῆλον,
2857 4053 2948 4108 ὅτι
2985 4053 3056 4117 ἐξ
3103 4053 3293 4107 Ἰούδα
3325 4052 3738 4108 ἀνατέταλκεν
3768 4055 3804 4107 ό

2214 4144 2450 4211 Κύριος.
2496 4143 2606 4197 Kal.
2659 4143 2830 4196 πολλὰ
2876 4141 2992 4196 ἐστι
3043 4141 3172 4213 περὶ
3222 4141 3417 4195 τούτου
3454 4140 3656 4210 λέγειν,
3706 4141 3802 4195 καὶ

2217 4235 2458 4304 ἐλέγχειν
2487 4235 2587 4306 τὴν
2616 4235 2826 4304 πλάνην
2855 4234 3071 4289 τούτου.

2284 4326 2397 4381 ΞΝ.
2425 4327 2592 4380 Πάλιν
2621 4327 2678 4380 δὲ
2711 4325 3140 4398 ἐπιλαμϐάνεται
3170 4325 3272 4396 τῆς
3316 4325 3515 4392 λέξεως
3561 4325 3796 4397 ταύτης,

536 4403 691 4469 ripit:
715 4403 778 4456 Et
797 4405 953 4458 luxin
975 4407 1197 4462 tenebris
1222 4409 1378 4473 lucet,
1401 4419 1452 4463 et
1478 4411 1699 4465 tenebras
1721 4429 1836 4465 eam
1853 4430 1956 4467 non
1973 4431 2116 4468 com—

2219 4419 2300 4472 ὅτι
2335 4420 2406 4472 Τὸ
2443 4418 2568 4488 φῶς
2612 4419 2683 4472 ἐν
2725 4417 2801 4487 τῇ
2846 4419 3062 4484 σκοτίᾳ
3097 4418 3327 4486 φαίνει,
3363 4418 3461 4471 καὶ
3507 4417 3546 4483 ὴ
3581 4419 3802 4472 σκοτία

535 4495 918 4562 prehenderunt
944 4498 1010 4550 ιι.
1035 4496 1300 4554 Tenebra:
1340 4501 1506 4565 enim,
1553 4503 1749 4570 inquit,
1782 4503 1959 4558 lucem
1993 4519 2116 4573 per-

536 4594 739 4640 secutae
779 4595 927 4652 sunt,
963 4587 1108 4658 quod
1144 4591 1269 4642 mali
1299 4592 1575 4661 principes
1612 4591 1952 4648 divinitatem
1986 4603 2115 4650 sunt

537 4675 816 4731 hostiliter
875 4677 1135 4733 insecuti.
1182 4679 1350 4750 Atqui
1386 4681 1431 4734 si
1473 4682 1563 4735 lux
1606 4697 1636 4736 a
1684 4685 1927 4740 tenebris
1968 4686 2114 4741 bello

538 4768 778 4837 appetita
807 4769 1133 4823 invadentes
1151 4769 1314 4840 fugit,
1345 4771 1603 4828 fortiores
1629 4783 1792 4828 erunt
1816 4777 1936 4832 luce
1959 4785 2113 4833 tene-

538 4855 670 4920 brae,
702 4873 828 4911 cum
854 4859 1035 4913 abhis
1069 4860 1162 4913 illa
1189 4869 1449 4932 tanquam
1491 4866 1884 4923 valentioribus
1929 4868 2111 4940 iugata

539 4957 687 5001 stare
711 4959 902 5002 contra
925 4959 978 5003 et
1016 4966 1282 5020 apparere
1310 4970 1418 5008 non
1448 4955 1667 5010 audeat.
1700 4957 1901 5013 Verum
1952 4962 2114 5030 longe

537 5051 598 5090 se
624 5037 780 5089 aliter
810 5053 899 5092 res
931 5041 1114 5095 habet.
1143 5045 1328 5112 Neque
1360 5048 1505 5101 enim
1543 5049 1634 5102 lux
1669 5052 1921 5107 tenebras
1951 5052 2109 5124 fugit,

537 5127 632 5182 sed
672 5127 808 5179 lucet
843 5130 898 5181 in
931 5133 1172 5196 tenebris,
1221 5135 1286 5188 et
1312 5139 1532 5193 tenebras
1573 5156 1690 5194 eam
1727 5159 1829 5196 non
1872 5161 2112 5215 compre-

538 5218 847 5272 henderunt.
876 5219 1034 5285 Quod
1070 5224 1116 5276 si
1157 5225 1231 5278 ita
1293 5237 1397 5290 est,
1441 5231 1601 5295 longe
1631 5233 1736 5288 hoc
1765 5250 1794 5287 a
1827 5234 2112 5292 Manichzei

536 5311 812 5366 sententia
863 5310 1119 5377 dissidet,
1163 5315 1253 5384 qui
1298 5332 1406 5372 non
1442 5321 1604 5375 modo
1631 5327 2112 5394 comprehendisse

609 5539 627 5569 ¹
659 5538 676 5591 l
717 5539 842 5611 (ξονι
884 5557 956 5606 Iv,
994 5542 1081 5596 15.
1230 5544 1250 5573 ³
1288 5543 1473 5598 Matth.
1521 5563 1669 5611 xxvi,
1707 5550 1792 5605 49.

542 5604 658 5684 ﬁt;
737 5604 966 5684 "__Joan'.
1021 5628 1072 5667 VI
1099 5653 1112 5678 ,
1153 5612 1236 5668 70.
1351 5615 1370 5646 ⁸
1403 5613 1560 5671 Joan.
1620 5604 1713 5674 νιιι
1783 5604 1891 5678 744.

542 5676 586 5709 "
616 5672 678 5728 Ρ.
718 5678 851 5740 υἱός.

1905 5555 1925 5584 ³
1962 5555 2090 5609 ibid.
2130 5557 2219 5610 50.

2005 5628 2025 5656 ’
2083 5626 2240 5680 Joan.
2305 5643 2393 5692 vn,
2460 5628 2548 5679 Ἡ.

2219 4511 2367 4565 αὐτὸ
2404 4512 2475 4565 οὐ
2509 4509 2857 4564 κατέλαϐεν.
2885 4510 3040 4573 Ὅτι,
3090 4509 3275 4580 φησὶν,
3316 4508 3504 4562 ἐδίωκε
3535 4509 3597 4561 τὺ
3648 4510 3799 4578 φῶς,

2218 4603 2294 4666 ὡς
2346 4602 2454 4655 τῶν
2493 4601 2746 4673 πονηρῶν
2812 4601 3088 4672 ἀρχόντων
3129 4601 3432 4655 διωκόντων
3496 4602 3591 4655 καὶ
3635 4603 3800 4658 πολε-

2222 4695 2465 4765 μούντων
2508 4693 2604 4764 τὴν
2637 4693 2885 4763 θεότητα.
2920 4694 2984 4745 Εἰ
3029 4693 3089 4746 δέ
3133 4692 3536 4763 πολεμούμενον
3573 4693 3634 4746 τὸ
3681 4695 3802 4762 φῶς

2217 4784 2474 4838 διώκεται
2508 4782 2614 4836 ὑπὸ
2659 4782 2752 4835 τοῦ
2805 4781 3060 4845 σκότους,
3107 4781 3217 4852 ἄρα
3268 4781 3633 4854 δυνατώτερόν
3679 4784 3799 4837 ἐστι

2217 4875 2313 4930 τοῦ
2366 4873 2543 4944 φωτὸς
2591 4875 2652 4926 τὸ
2703 4872 2927 4936 σκότος·
2994 4871 3181 4941 ἐπειδὴ
3239 4871 3624 4942 ἀποδιδράσκει
3687 4873 3799 4928 ἀπὸ

2218 4964 2508 5036 προσώπου
2541 4963 2633 5017 τοῦ
2679 4963 3070 5027 σκότους,ικαὶ
3117 4964 3217 5033 οὐχ
3272 4963 3560 5033 ὑφίσταται
3604 4964 3797 5034 στῆναι

2220 5055 2590 5126 ἰνδαλλόμενον
2633 5054 2721 5107 διὰ
2749 5055 2809 5108 τὸ
2853 5053 3223 5123 δυνατώτερον
3263 5055 3473 5118 σκότος.
3523 5054 3661 5107 Ἀλλ’
3695 5056 3796 5126 οὐχ

2215 5147 2388 5212 οὕτως
2420 5147 2553 5217 ἔχει.
2601 5146 2737 5200 Ούδὲ
2768 5144 2877 5217 γὰρ
2907 5146 2968 5198 τὸ
2999 5143 3116 5210 φῶς
3163 5145 3353 5214 φεύγει
3403 5145 3797 5218 ἁπέμπροσθεν

2215 5239 2308 5293 τοῦ
2354 5239 2604 5301 σκότους,
2641 5237 2801 5291 ἀλλὰ
2833 5237 2900 5290 τὸ
2931 5234 3059 5305 φῶς
3097 5236 3168 5290 ἐν
3199 5235 3275 5304 τῇ
3315 5237 3529 5302 σκοτίᾳ
3561 5237 3796 5304 φαίνει,

2215 5331 2315 5384 καὶ
2350 5331 2387 5399 ἡ
2436 5329 2653 5384 σκοτία
2689 5327 2834 5383 αὐτὸ
2876 5329 2950 5382 οὐ
3003 5327 3353 5382 κατέλαϐεν.
3399 5327 3463 5380 Εἰ
3507 5326 3565 5380 δὲ
3603 5327 3794 5380 σκοτία

3412 5553 3431 5582 ⁶
3457 5550 3616 5605 Joan.
3671 5562 3788 5607 vm.

2337 5556 2521 5612 ‘Gen.
2580 5573 2651 5619 ιν,
2695 5556 2746 5607 9.
2859 5553 3043 5607 l‘Gen.
3104 5569 3184 5612 ιιι,
3230 5553 3281 5607 5.
3412 5553 3616 5605 ‘Joan.
3671 5562 3788 5607 vm.

2343 5643 2393 5676 ι.
2460 5628 2548 5676 22.
2684 5626 2726 5656 ιθ
2787 5624 2949 5676 Hebr.
3003 5640 3115 5676 vn.
3183 5623 3263 5676 14.
3383 5619 3596 5676 “Joan.
3639 5635 3696 5676 I.
3735 5616 3788 5673 5.

2684 5626 2726 5656 ιθ
2787 5624 2949 5679 Hebr.
3003 5640 3115 5686 vn,
3183 5623 3263 5677 14.
