4078 6464
370 409 482 467 ΕΘ

1047 405 1417 464 ADVERSUS
1454 405 1800 464 lltEltESES
1839 407 1967 464 LIB.
2008 405 2072 465 ll.
2114 404 2280 464 TOM.
2322 409 2751 469 ll.-—lltERES.
2792 412 2976 472 LXVI.

3552 425 3654 482 l30

369 529 434 584 οὐ
467 525 735 582 κατέλαϐε
769 524 834 580 τὺ
873 525 1019 597 φῶς,
1066 528 1202 582 πολὺ
1247 528 1409 584 τοῦτο
1457 529 1762 585 διαλλάττει
1811 547 1929 603 παρ

2032 579 2036 591 ,
2066 531 2325 588 tenebras
2369 541 2581 598 narrat,
2613 535 2710 589 sed
2744 544 2799 590 et
2823 535 2963 592 lucis
2998 544 3333 592 armaturam
3375 542 3645 610 rapuisse.

366 621 466 675 τὸν
503 619 631 674 νοῦν
654 617 749 673 τοῦ
783 618 966 690 Μάνη,
1006 618 1101 673 τοῦ
1134 620 1404 689 λέγοντος,
1433 620 1516 675 ὅτι
1542 620 1605 674 οὐ
1636 620 1798 691 μόνον
1828 638 1959 676 κατ-

2066 621 2354 688 Quomodo
2399 623 2569 694 igitur
2608 640 2735 695 quae
2767 634 3108 682 armaturam
3151 628 3400 699 rapuisse
3453 630 3650 700 praedi-

368 710 616 782 είληφεν,
665 708 802 763 ἀλλὰ
849 710 944 765 κα)⁵
1005 710 1310 766 πανοπλίαν
1368 711 1501 783 παρ’
1546 710 1711 766 αὐτοῦ
1765 712 1929 783 ἀφήρ-

2064 718 2285 775 cantur,
2340 712 2521 769 lucem
2580 715 3046 784 comprehendere
3093 718 3245 774 nullo
3272 719 3436 774 modo
3456 727 3648 790 potue-

366 817 538 856 Ieace.
582 800 709 863 Πῶς
750 801 933 855 τοίνυν
964 802 1095 870 παρ’
1124 800 1275 872 αὐτῷ
1308 802 1812 873 καταγγελλόμενον
1853 804 1954 875 ἠρ-

295 883 351 969 ί⁰
365 891 607 946 πακέναι
624 889 928 945 πανοπλίαν
941 890 1049 945 οὐδ’
1067 890 1203 955 ὅλως
1219 891 1488 947 κατέλαδε
1501 892 1563 946 τὸ
1583 893 1700 963 φῶς
1717 910 1733 960 ;
1755 892 1880 957 Πῶς
1897 892 1955 948 δὲ

364 981 486 1052 φῶς
512 982 843 1052 διωκόμενον
862 981 1314 1054 αὐτοπροαιρέσει
1336 983 1517 1053 φαίνει
1541 985 1601 1039 ιν
1627 984 1704 1056 τῷ
1734 985 1951 1053 σκότει;

374 1072 518 1127 Ἀλλ’
546 1071 734 1144 ἐπειδὴ
773 1072 1154 1143 ὲσκοτισμὲναι
1189 1070 1332 1146 ἦσαν
1368 1075 1426 1129 ai
1463 1074 1693 1130 διάνοιαι
1721 1074 1833 1129 τῶν
1859 1077 1953 1133 ἀν-

359 1164 601 1237 θρώπων
630 1163 721 1218 διὰ
745 1163 845 1235 τὴν
884 1163 1112 1220 θόλωσιν
1150 1166 1251 1238 τῆς
1282 1167 1561 1239 ἁμαρτίας
1577 1207 1594 1233 ,
1631 1168 1951 1224 ἀπέστειλεν

356 1256 393 1307 ὸ
423 1251 558 1317 Θεὸς
610 1252 828 1325 πρῶτον
868 1253 960 1307 τὸν
1009 1254 1193 1325 νόμον,
1239 1254 1492 1325 φωτίζων
1537 1257 1616 1322 ὡς
1659 1258 1720 1313 ὲν
1767 1259 1949 1331 λύχνῳ

361 1343 903 1415 παραφαίνοντιεῶς
937 1362 1103 1419 φησιν
1155 1348 1362 1420 Πέτρος
1410 1350 1470 1404 ὲν
1515 1352 1582 1422 τῇ
1619 1351 1942 1424 Ἐπιστολῇ·

359 1437 776 1507 Προσέχοντες
828 1436 912 1503 τῷ
965 1439 1310 1509 προφητικῷ
1363 1442 1547 1513 λόγῳ,
1596 1444 1680 1509 ὡς
1738 1445 1947 1514 λύχνῳ

358 1529 635 1598 φαίνοντι
673 1528 747 1583 ἐν
775 1528 1062 1600 αὐχμηρῷ
1088 1532 1271 1598 τόπῳ,
1312 1531 1426 1599 ἕως
1457 1535 1779 1603 φωσφόρος
1807 1537 1948 1591 ἁνα-

355 1621 530 1688 τείλῃ
543 1659 563 1687 ,
612 1619 713 1673 καί
758 1621 947 1689 ἡμέρα
1000 1623 1355 1695 καταυγάσῃ
1387 1623 1461 1676 ἐν
1502 1623 1636 1689 ταῖς
1672 1625 1943 1694 καρδίαις

355 1708 546 1778 ὑμῶν.
581 1707 823 1764 Ἐκεῖθεν
867 1710 978 1782 γὰρ
1009 1710 1072 1764 τὸ
1104 1711 1222 1781 φῶς
1257 1715 1317 1767 ὲν
1347 1711 1427 1785 τῷ
1453 1714 1636 1768 σκότει
1677 1715 1880 1783 φαίνει,
1913 1718 1942 1771 6

356 1800 523 1871 νόμος
547 1800 723 1865 δοθεὶς
764 1802 824 1855 ἐν
863 1803 1007 1874 χειρὶ
1048 1803 1269 1873 μεσίτου
1298 1804 1386 1860 διὰ
1423 1805 1520 1859 τοῦ
1549 1806 1746 1859 πιστοῦ
1776 1806 1941 1879 θερά-

2063 796 2237 851 runt?
2264 795 2516 865 Quonam
2539 800 2739 856 deinde
2757 809 2918 872 pacto
2943 802 3129 875 fugata
3156 805 3250 861 lux
3277 821 3379 862 sua
3412 808 3466 862 in
3496 817 3648 865 tene-

2059 886 2177 943 bris
2228 896 2424 960 sponte
2472 892 2835 962 resplendet?
2871 893 3018 965 Ergo
3066 896 3143 950 ita
3185 913 3252 953 ex
3290 897 3367 952 rei
3415 900 3647 956 veritate
3686 964 3687 967 η

2060 985 2236 1034 totum
2282 981 2417 1037 illud
2454 982 2835 1054 accipiendum
2860 992 2966 1042 est.
2997 986 3135 1042 Cum
3167 991 3381 1058 peccati
3409 991 3645 1062 caligine
3681 972 3691 993 ⁸

2058 1066 2350 1124 obcmcatm
2371 1078 2585 1127 mentes
2608 1072 2896 1128 hominum
2915 1072 3116 1138 forent,
3141 1076 3414 1148 principio
3442 1079 3526 1134 lex
3558 1088 3645 1136 est

2054 1169 2088 1212 a
2106 1154 2216 1211 Deo
2233 1158 2424 1224 missa,
2439 1176 2566 1231 qua,
2583 1163 2730 1217 velut
2749 1163 2966 1219 sublata
2990 1165 3236 1230 lucerna,
3256 1168 3638 1225 collustraret:

2055 1247 2203 1316 quod
2244 1248 2302 1304 in
2347 1248 2594 1320 Epistola
2639 1268 2739 1309 sua
2778 1252 2980 1311 Petrus
3028 1256 3241 1312 indicat
3287 1259 3372 1315 llis
3407 1261 3631 1321 verbis:

2053 1338 2390 1396 Attendentes
2437 1344 2745 1414 prophetico
2789 1349 3047 1412 sermoni,
3100 1358 3356 1419 tanquam
3411 1351 3640 1405 lucerna:

2055 1428 2249 1485 lucenti
2273 1432 2331 1485 in
2365 1434 2658 1504 caliginoso
2683 1435 2819 1501 loco,
2860 1436 3026 1491 donec
3061 1436 3281 1508 Lucifer
3315 1442 3550 1506 oriatur,
3585 1452 3637 1496 ct

2050 1519 2165 1574 dies
2189 1521 2463 1577 illucescat
2501 1527 2557 1579 in
2592 1527 2840 1582 cordibus
2887 1528 3072 1584 vestris
3100 1530 3138 1582 ¹.
3190 1531 3349 1586 lllinc
3378 1548 3511 1603 ergo
3542 1535 3636 1587 lux

2050 1610 2108 1666 in
2140 1613 2384 1671 tenebris
2426 1616 2608 1673 lucet:
2634 1619 2894 1674 nimirum
2939 1621 3045 1688 lex,
3091 1638 3215 1694 quin
3242 1626 3634 1697 per-interpre-

2050 1709 2159 1757 tem
2197 1719 2263 1760 ac
2300 1714 2666 1776 sequestrem,
2711 1708 2817 1764 hoc
2860 1718 2948 1766 est
2997 1712 3210 1769 ﬁdelem
3272 1713 3368 1770 Dei
3408 1731 3631 1772 servum

2049 1792 2314 1867 Moysem,
2348 1806 2435 1854 est
2474 1802 2815 1872 praescripta.
2865 1803 2943 1858 Ac
2990 1807 3367 1876 superioribus
3410 1810 3632 1880 quidem

354 1904 554 1954 πόντος
582 1889 678 1944 τοῦ
712 1889 851 1947 Θεοῦ
895 1892 1195 1957 Μωῦσέως.
1225 1893 1326 1949 Διὰ
1374 1894 1554 1961 τοῦτο,
1600 1896 1787 1970 ἐπειδὴ
1833 1897 1929 1953 ἀπὶ

2046 1882 2390 1951 temporibus
2448 1885 2545 1941 lux
2599 1888 2777 1958 primo
2830 1892 3078 1961 quaedam
3130 1894 3187 1949 in
3233 1904 3443 1952 natura:
3488 1899 3629 1968 lego,

351 1979 468 2034 τῶν
513 1981 781 2036 ἀνέκαθεν
841 1981 1056 2055 πρῶτον
1102 1980 1172 2057 ἦν
1220 1985 1283 2039 τὸ
1323 1985 1440 2056 φῶς
1492 1989 1701 2057 φαῖνον,
1752 1988 1941 2062 ὥσπερ

352 2073 592 2145 σπινθὴρ
624 2075 685 2129 ὲν
711 2073 790 2145 τῷ
820 2074 972 2146 νόμῳ
1017 2075 1097 2146 τῷ
1143 2077 1288 2132 κατὰ
1334 2079 1517 2147 φύσιν,
1543 2079 1573 2132 ὃ
1604 2079 1942 2151 θεασάμενος

362 2160 537 2232 Ἑνὼχ
593 2162 930 2235 εὐηρέστησε
982 2163 1059 2236 τῷ
1104 2166 1328 2239 Κυρίῳ·
1381 2168 1451 2222 δι’
1494 2160 1557 2222 οὗ
1604 2169 1939 2241 καθοδηγού-

352 2268 517 2321 μενος
544 2254 576 2306 6
613 2253 782 2307 Ἀθελ
832 2254 1170 2327 εὐηρέστησε
1216 2257 1297 2328 τῷ
1339 2258 1561 2330 Κυρίῳο
1591 2258 1662 2312 δι’
1701 2253 1763 2315 οὗ
1808 2251 1938 2331 εὗρε

346 2344 477 2397 Νῶε
503 2345 663 2417 χάριν
702 2343 936 2399 ἐνώπιον
966 2343 1063 2400 τοῦ
1101 2346 1236 2402 Θεοῦ
1267 2351 1612 2423 κατανοήσας
1649 2350 1748 2421 τὴν
1782 2350 1901 2406 ὁδόν
1920 2367 1937 2383 ⁸

345 2436 415 2490 δι’
442 2430 505 2491 οὗ
541 2436 786 2506 Ἀϐραὰμ
817 2437 1144 2493 ἐπίστευσε
1191 2438 1272 2505 τῷ
1320 2438 1462 2506 Θεῷ,
1497 2441 1596 2495 καὶ
1644 2441 1935 2512 ἐλογίσθη

345 2525 509 2592 σὺτῷ
538 2528 626 2594 εις
656 2526 1070 2597 δικαιοσύνην.
1100 2523 1239 2584 Εἶτα
1276 2532 1547 2603 παρελθὸν
1575 2534 1637 2587 τὸ
1676 2533 1795 2604 φῶς
1825 2535 1935 2589 ἀπὸ

345 2617 788 2689 σπινθηροειδοῦς
813 2618 1020 2689 τρόπου
1065 2618 1363 2691 προσέθετο
1388 2622 1704 2694 φαιδρότητι
1736 2624 1932 2696 λύχνου

343 2710 606 2777 φανέντος
632 2711 690 2764 ὲν
717 2716 989 2786 αὐχμηρῷ
1022 2713 1211 2785 τόπῳ*
1245 2715 1494 2769 τουτέστι
1519 2715 1583 2769 τὸ
1621 2715 1740 2785 φῶς
1776 2718 1835 2771 ὲν
1864 2719 1931 2789 τῇ

344 2801 538 2872 σκοτίᾳ
569 2802 778 2871 φαίνει,
810 2805 845 2875 ἡ
876 2805 1064 2876 ἐντολὴ
1109 2805 1206 2860 τοῦ
1243 2805 1402 2873 Θεοῦ,
1449 2808 1545 2861 καὶ
1573 2809 1608 2880 ἠ
1645 2808 1788 2862 κατὰ
1832 2809 1932 2882 τὴν

342 2891 657 2964 ἀγαθότητα
703 2894 940 2959 διάνοια,
988 2896 1303 2966 φωτίζουσα
1354 2898 1415 2951 ἑν
1445 2899 1646 2972 καρδίᾳ
1695 2899 1929 2965 πιστῶν,

342 2984 620 3054 ἀναμέσον
650 2985 751 3057 τῆς
777 2985 1154 3060 τεθολωμένης
1198 2988 1434 3054 διανοίας
1463 2989 1573 3044 τῶν
1602 2992 1661 3045 ὲν
1688 2994 1802 3055 τοῖς
1832 2992 1927 3046 ἀν·-

341 3073 585 3145 θρώποις
622 3075 923 3144 γεγονότων
952 3077 1174 3146 φαύλων
1200 3080 1294 3133 καὶ
1330 3078 1521 3134 κακῶν
1559 3081 1926 3151 πραγμάτων,

338 3165 782 3238 εἰδωλολατρείας
822 3184 882 3221 τε
919 3170 1015 3224 καὶ
1056 3171 1496 3243 ὲπαρνησιθεῖας,
1527 3170 1703 3240 φόνων
1729 3189 1790 3226 τε
1832 3173 1927 3227 καὶ

344 3256 624 3327 μοιχείας,
666 3256 762 3313 καὶ
803 3258 916 3312 τῶν
958 3259 1155 3316 ἄλλων.
1187 3262 1311 3317 Ὀτι
1353 3262 1411 3316 δὲ
1456 3259 1621 3335 ἦλθεν
1663 3266 1694 3317 6
1747 3264 1922 3335 μέγας

343 3345 586 3417 φωστὴρ,
628 3348 697 3402 τὸ
747 3346 877 3417 φῶς
916 3348 985 3402 τὸ
1035 3351 1348 3419 ἀληθινὸν,
1376 3351 1412 3405 ὃ
1457 3353 1687 3421 φωτίζει
1724 3354 1923 3409 πάντα

338 3436 657 3504 ἄνθρωπον
717 3439 1049 3508 ἐρχόμενον
1090 3443 1180 3507 εις
1231 3442 1341 3498 τὸν
1393 3445 1646 3513 κόσμον.
1695 3445 1792 3498 Ἐν
1840 3444 1922 3510 τῷ

336 3528 549 3596 κόσμῳ
576 3524 675 3597 ἦν,
722 3530 823 3584 καὶ
854 3532 887 3584 ὁ
917 3532 1148 3602 κόσμος
1195 3534 1271 3590 δι’
1301 3534 1488 3589 αὐτοῦ
1524 3535 1781 3604 ἐγένετο,
1820 3535 1919 3590 καί

334 3620 375 3672 ό
404 3619 633 3688 κόσμος
654 3620 845 3675 αὐτὸν
879 3625 991 3677 οὐκ
1020 3624 1197 3693 ἔγνω.
1237 3626 1292 3678 '0
1320 3628 1409 3692 είς
1438 3625 1513 3680 τὰ
1550 3625 1673 3680 ἴδια
1703 3625 1918 3692 ἐλθὼν,

335 3709 441 3762 καὶ
478 3712 535 3762 oi
552 3776 558 3781 ο
577 3710 715 3764 τὸιοι
757 3712 946 3767 αὐτὸν
975 3715 1048 3768 οὐ
1079 3714 1440 3784 παρέλαϐον.
1472 3716 1637 3771 Ὅσοι
1680 3717 1750 3771 δὲ
1782 3718 1923 3772 ἔλα-

336 3801 451 3853 θον
475 3801 680 3866 αὐτὸν,
706 3802 936 3858 ἔδωκεν
979 3805 1186 3873 αὐτοῖς
1218 3807 1511 3872 ἐξουσίαν
1543 3810 1727 3863 τέκνα
1771 3808 1921 3863 Θεοῦ

334 3891 639 3961 τενέσθαι.
681 3893 790 3948 Καὶ
820 3896 952 3967 ὁρᾷς
995 3896 1152 3951 τοῦτο
1179 3898 1241 3951 τὸ
1286 3899 1404 3967 φῶς
1447 3901 1506 3952 ἐν
1550 3900 1682 3971 ποίᾳ
1730 3900 1921 3971 σκοτίᾳ

337 3984 543 4053 φαίνει,
581 3984 675 4039 καὶ
708 3986 837 4040 ποία
871 3988 1086 4043 σκοτία
1115 3990 1245 4044 αὐτὸ
1273 3992 1346 4045 οὐ
1394 3991 1763 4056 κατέλαϐεν;
1800 3993 1920 4047 Ὅτι

333 4075 401 4128 τὸ
450 4075 655 4145 ἀγαθὸν
701 4078 789 4133 ἀεὶ
836 4079 990 4151 παρὰ
1040 4080 1178 4134 Θεοῦ
1232 4081 1586 4152 πεμπόμενον
1615 4085 1682 4155 τῇ
1711 4083 1919 4156 διανοίᾳ

332 4169 447 4223 τῶν
472 4170 794 4243 ἀνθρώπων,
841 4175 935 4227 καὶ
962 4174 1198 4243 φωτίζον
1240 4175 1301 4230 ὲν
1331 4174 1411 4246 τῷ
1443 4175 1656 4247 κόσμῳ,
1685 4176 1790 4243 ὑπὸ
1818 4177 1919 4248 τῆς

335 4260 611 4333 ἁμαρτίας
635 4264 734 4334 οὐχ
761 4264 1012 4337 ἥττηται.

405 4353 526 4407 EE’.
567 4354 641 4408 Τὸ
684 4356 869 4426 ὅμοιον
906 4356 965 4411 δὲ
998 4357 1165 4413 πάλιν
1206 4358 1636 4431 ἐπιλαμϐάνεται
1678 4361 1707 4413 6
1752 4360 1917 4426 αὐτὸς

334 4444 530 4517 Μάνης
557 4444 666 4499 ἀπὺ
690 4446 784 4500 τοῦ
812 4448 904 4502 τὸν
926 4449 1155 4521 Σωτῆρα
1174 4450 1474 4521 εἰρηκέναι·
1511 4450 1717 4520 Ὁμοία
1745 4449 1918 4504 ἐστὶν

2040 1973 2300 2031 scintillae
2360 1977 2576 2046 instar,
2627 1980 2928 2037 atl‘ulserat.
2988 1982 3162 2050 Quam
3231 1989 3632 2058 contemplatus

2041 2061 2225 2118 Enoch
2271 2067 2474 2136 placuit
2502 2068 2646 2137 Deo;
2693 2087 2791 2140 per
2822 2089 2983 2142 quam
3019 2075 3287 2133 deductus
3333 2078 3468 2133 Abel
3502 2096 3630 2149 per—

2041 2151 2171 2209 inde
2220 2171 2281 2211 se
2332 2156 2567 2215 Domino
2605 2162 2892 2231 probavit;
2931 2179 3027 2234 per
3061 2182 3224 2235 quam
3276 2168 3363 2224 via
3410 2169 3626 2241 cognita

2035 2241 2153 2300 Noe
2185 2246 2329 2316 apud
2378 2246 2546 2303 Deum
2587 2253 2866 2322 gratiosus
2901 2257 3151 2311 exstitit:
3180 2272 3278 2328 per
3314 2275 3479 2330 quam
3513 2278 3628 2314 cre-

2035 2334 2176 2390 didit
2239 2338 2510 2395 Abraham
2559 2342 2670 2397 Deo
2721 2354 2771 2398 et
2825 2354 3124 2413 reputatum
3165 2359 3242 2403 est
3281 2352 3332 2403 ei
3367 2350 3437 2403 ad
3464 2351 3629 2420 justi-

2036 2426 2168 2480 tiam
2199 2428 2240 2480 ’.
2274 2427 2481 2487 Deinde
2510 2432 2579 2487 ab
2607 2432 2711 2488 liae
2733 2436 2883 2490 tenui
2918 2439 3150 2492 scintilla
3183 2441 3440 2510 paulatim
3470 2442 3624 2496 exci-

2032 2522 2148 2572 tata
2207 2518 2299 2574 lux
2355 2521 2425 2576 ad
2482 2524 2721 2579 lucernae
2761 2525 2817 2579 in
2862 2527 3163 2597 caliginoso
3213 2529 3336 2584 loco
3390 2530 3623 2587 lucentis

2033 2609 2384 2680 splendorem
2427 2615 2691 2671 excrevit.
2744 2615 2932 2687 anue
2970 2618 3087 2687 ipsa
3132 2620 3226 2674 lux
3265 2630 3371 2687 est,
3413 2638 3535 2692 quae
3563 2623 3620 2677 in

2034 2703 2277 2760 tenebris
2319 2705 2467 2762 lucet
2495 2706 2517 2737 ³
2543 2749 2562 2774 ,
2607 2707 2712 2762 hoc
2749 2717 2833 2763 est
2877 2710 3194 2765 mandatum
3227 2710 3343 2778 Dei,
3378 2724 3430 2769 et
3453 2714 3621 2768 animi

2032 2804 2463 2852 consentaneum
2496 2812 2623 2853 cum
2655 2798 2901 2869 bonitate
2939 2803 3255 2871 consilium,
3296 2807 3444 2876 quod
3491 2806 3621 2861 inti-

2031 2887 2235 2943 delium
2289 2891 2606 2960 pectoribus
2649 2892 2705 2947 in
2750 2894 2932 2950 medio
2986 2895 3302 2966 caliginosa:
3350 2897 3617 2953 malorum

2030 2978 2445 3051 scelerumque,
2496 2997 2619 3053 quae
2668 2982 2723 3038 in
2764 2982 3006 3040 humano
3052 3001 3251 3057 genere
3298 2995 3613 3054 versantur,

2031 3071 2386 3141 cogitationis
2436 3074 2615 3130 illuxit
2659 3094 2674 3129 :
2723 3076 3037 3146 cujusmodi
3090 3086 3222 3133 sunt
3267 3079 3615 3145 idololatria,

2032 3160 2126 3215 Dei
2176 3162 2490 3233 abnegatio,
2528 3164 2730 3231 caedes,
2783 3165 3070 3232 adulteria,
3094 3173 3147 3220 et
3188 3166 3241 3221 id
3277 3182 3449 3237 genus
3479 3163 3609 3223 alii.

2028 3249 2159 3308 Post
2206 3253 2323 3309 haec
2366 3256 2551 3309 omnia
2584 3270 2843 3327 magnum
2888 3255 3022 3310 illud
3064 3257 3335 3312 luminare
3390 3256 3614 3327 produt,

2024 3358 2147 3399 vera
2187 3344 2302 3408 luas,
2344 3345 2577 3412 scilicet,
2609 3361 2728 3415 qua
2781 3345 3050 3399 illuminat
3106 3345 3367 3399 hominem
3410 3347 3616 3401 venien-

2024 3443 2127 3489 tem
2175 3435 2231 3488 in
2277 3435 2553 3489 mundum.
2589 3435 2659 3489 In
2705 3436 2900 3489 mundo
2947 3446 3084 3499 erat,
3128 3448 3178 3492 et
3236 3438 3463 3491 mundus
3521 3454 3617 3507 per

2021 3526 2199 3594 ipsum
2245 3527 2421 3596 factus
2467 3535 2578 3592 est,
2627 3534 2678 3581 et
2719 3526 2947 3581 mundus
2997 3543 3116 3581 eum
3174 3544 3277 3582 non
3334 3533 3614 3600 cognovit:

2021 3618 2079 3673 in
2120 3619 2339 3688 propria
2398 3620 2577 3687 venit,
2632 3627 2684 3674 et
2748 3618 2918 3690 679
2983 3620 3069 3673 sui
3128 3635 3247 3675 eum
3310 3637 3416 3676 non
3473 3638 3613 3676 rece-

2019 3718 2230 3780 perunt.
2276 3710 2546 3781 Quotquot
2581 3721 2757 3766 autem
2797 3720 3101 3779 receperunt
3147 3712 3323 3778 illum,
3367 3710 3507 3766 dedit
3536 3714 3614 3767 eis

2018 3811 2333 3872 potestatem
2361 3802 2504 3872 ﬁlios
2535 3801 2634 3858 Dei
2659 3804 2777 3872 ﬁeri
2801 3802 2844 3856 δ.
2876 3801 3115 3858 Videsne
3141 3803 3343 3873 quibus
3377 3804 3431 3857 iu
3462 3811 3615 3859 lene-

2020 3893 2136 3950 bris
2161 3895 2254 3950 lux
2276 3892 2384 3949 ista
2412 3893 2795 3964 resplendeat?
2843 3903 2938 3947 aut
2983 3908 3232 3965 quaenam
3280 3894 3430 3948 illam
3467 3903 3611 3949 tene—

2019 3999 2129 4054 brte
2181 4016 2286 4054 non
2345 3998 2890 4069 comprehenderunt?
2934 4000 3206 4056 Nimirum
3247 4001 3393 4070 quod
3435 4017 3465 4056 a
3500 4001 3610 4056 Deo

2018 4088 2225 4144 bonum
2259 4090 2538 4145 mentibus
2563 4089 2821 4145 humanis
2860 4089 3198 4158 immittitur,
3227 4099 3282 4147 et
3307 4092 3362 4147 in
3403 4093 3609 4147 rutundo

2016 4178 2187 4247 lucet,
2221 4196 2252 4236 a
2290 4189 2520 4251 peccato
2547 4181 2770 4236 minime
2796 4189 3112 4251 superatur.

2089 4354 2246 4412 LXV.
2279 4355 2386 4413 Sed
2416 4357 2485 4414 ad
2524 4357 2673 4413 illam
2717 4355 3021 4413 Salvatoris
3055 4371 3242 4413 vocem
3272 4356 3604 4413 Manicbaaus

2017 4449 2379 4515 adhaerescit,
2432 4464 2559 4504 cum
2603 4448 2696 4504 ille
2741 4448 2884 4502 dixit
2912 4450 2971 4502 ἰ
3027 4447 3212 4503 Simile
3261 4459 3341 4504 est
3387 4465 3604 4519 regnum

330 4534 376 4604 ἠ
403 4535 695 4599 ,ϐασιλεία
718 4537 838 4593 τῶν
869 4540 1147 4609 οὐρανῶν
1175 4541 1464 4611 ἀνθρώπῳ
1489 4540 1910 4610 οἰκοδεσπότῃ,

2032 4541 2265 4595 εωίοηιηι
2285 4538 2487 4593 homini
2514 4537 2903 4608 patrifamilias
2926 4539 3019 4609 qui
3043 4538 3326 4594 seminavit
3364 4539 3419 4594 in
3472 4554 3605 4609 agro

329 4632 405 4692 ὃς
429 4626 671 4697 ἔσπειρε
705 4629 814 4685 τὸν
838 4630 1025 4700 ἀγρὸν
1058 4631 1248 4687 αὐτοῦ
1278 4633 1474 4687 καλὸν
1505 4632 1764 4702 σπέρμα.
1805 4631 1915 4687 Καὶ

328 4716 748 4773 καθευδόντων
791 4716 911 4773 τῶν
945 4721 1295 4791 ἀνθρώπων,
1345 4722 1562 4791 ἐχθρὸς
1605 4720 1918 4789 ἄνθρωπος

327 4806 483 4880 ἦλθε
501 4850 517 4876 ,
546 4809 651 4865 καὶ
692 4809 933 4881 ἔσπειρε
975 4810 1213 4874 ᾰζάνια.
1261 4809 1411 4868 Εἶτα
1439 4813 1734 4884 λέγουσιν
1753 4810 1915 4878 αὐτῷ

326 4902 387 4955 al
429 4898 637 4955 δοῦλοι
678 4900 896 4957 αὐτοῦ’
949 4902 1098 4972 Οὐχὶ
1134 4901 1330 4957 καλὸν
1359 4902 1599 4972 σπέρμα
1630 4903 1916 4970 ἔσπειρας

325 4994 401 5049 ἐν
430 4991 512 5059 τῷ
538 4991 736 5063 dmi};
780 4993 843 5047 '0
879 4992 948 5047 δὲ
974 4993 1112 5063 ἔφη·
1140 4994 1274 5048 Ναί.
1301 4993 1495 5049 Πόθεν
1530 4989 1646 5048 οὖν
1668 4993 1747 5071 τὰ
1769 4992 1913 5054 (tili-

324 5100 466 5149 rta;
500 5083 554 5136 '0
582 5083 653 5138 δὲ
679 5084 1156 5155 ἀποκρινάμενος
1182 5081 1372 5139 εἴπεν*
1413 5083 1661 5154 Ἐχθρὸς
1689 5082 1916 5153 ἄνθρω-

324 5192 444 5242 πος·
478 5174 659 5230 τοῦτο
693 5176 1004 5246 ἐποίησεν.
1056 5180 1123 5232 Οἱ
1155 5178 1224 5231 δὲ
1271 5176 1483 5233 δοῦλοι
1526 5178 1677 5245 πρὸς
1726 5176 1916 5231 αὑτὸν

324 5269 534 5324 εἷπον·
589 5268 795 5337 Θέλεις
838 5265 954 5324 οὖν
987 5270 1359 5335 ἀπελθόντες
1397 5266 1807 5338 ἐκριζώσωμεν
1840 5268 1917 5322 τὰ

324 5359 591 5427 ὔζάνια;
646 5360 711 5415 '0
757 5361 827 5414 δὲ
867 5360 1019 5429 πρὸς
1065 5359 1289 5427 αὐτοὺς
1340 5360 1491 5429 ἔφη·
1535 5359 1655 5413 Οὔ·
1699 5357 1916 5428 μήπως

321 5451 698 5521 ἐκριζοῦντες
724 5452 799 5507 τὰ
827 5450 1043 5514 (ctrina
1065 5450 1420 5521 ἐκριζώσητε
1449 5451 1549 5506 καὶ
1579 5451 1688 5505 τὸν
1713 5450 1908 5507 σῖτον.

336 5547 492 5601 Ἀλλ’
517 5545 699 5616 ἄφετε
726 5546 839 5613 ἕως
883 5546 1094 5614 καιροῦ
1140 5546 1249 5600 τοῦ
1295 5543 1604 5614 θερισμοῦ,
1647 5543 1747 5598 καὶ
1795 5541 1911 5612 ἐρῶ

319 5635 447 5702 τοῖς
474 5634 779 5705 θερισταῖς
799 5650 816 5666 ο
872 5632 1219 5698 Συλλέξατε
1252 5632 1326 5689 τὰ
1368 5630 1616 5698 (Litium,
1656 5632 1759 5687 καὶ
1801 5630 1909 5698 δή·

2011 4649 2108 4691 suo
2147 4631 2341 4685 bonum
2389 4644 2584 4685 semen.
2636 4626 2770 4683 Cum
2813 4640 2987 4682 autem
3018 4628 3308 4684 dormirent
3345 4629 3602 4692 homines,

2009 4722 2259 4778 inimicus
2294 4720 2451 4774 homo
2480 4720 2650 4783 venit,
2681 4728 2732 4774 et
2768 4720 3047 4774 seminavit
3074 4721 3315 4774 zizania.
3359 4719 3492 4774 Tum
3526 4724 3605 4774 sic

2010 4816 2059 4869 ei
2084 4813 2223 4869 servi
2263 4811 2426 4866 locuti
2463 4821 2588 4864 sunt
2618 4826 2636 4864 :
2671 4809 2863 4864 Nonne
2898 4815 3091 4865 bonum
3124 4826 3300 4865 semen
3327 4812 3606 4866 seminasti

2009 4906 2069 4959 in
2108 4906 2279 4975 agro?
2314 4901 2423 4971 Ego
2459 4916 2581 4955 vero
2617 4900 2894 4964 seminari.
2935 4901 3225 4970 respondit.
3263 4900 3411 4956 Unde
3440 4903 3606 4973 igitur

2011 4996 2224 5049 zizania
2250 4996 2275 5050 2
2299 4993 2576 5058 Inimicus,
2606 4994 2800 5068 inquit,
2823 4991 2978 5047 homo
2999 4992 3096 5047 hoc
3126 4993 3271 5063 fecit.
3296 4991 3398 5047 Cui
3429 4995 3608 5048 servi:

2031 5088 2141 5154 Vis,
2184 5087 2448 5156 inquiunt,
2485 5101 2691 5150 eamus,
2716 5095 2767 5139 et
2788 5085 3140 5155 exstirpemus
3185 5086 3397 5140 zizania
3421 5086 3445 5138 ?
3473 5086 3598 5152 Qui-

2018 5180 2114 5233 bus
2154 5178 2248 5233 ille
2287 5177 2423 5231 dixit
2445 5193 2464 5232 :
2497 5176 2622 5232 Non
2648 5191 2668 5229 :
2709 5192 2772 5230 ne
2805 5176 2943 5245 forte
3002 5178 3355 5247 exstirpantes
3389 5178 3604 5231 zizania

2016 5286 2125 5323 una
2170 5279 2218 5324 et
2264 5268 2503 5322 triticum
2558 5267 2885 5335 exstirpetis.
2944 5266 3049 5322 Sed
3106 5268 3265 5322 sinite
3302 5282 3463 5337 usque
3533 5264 3603 5318 ad

2019 5369 2219 5427 tempus
2290 5359 2519 5426 messis,
2580 5369 2631 5413 et
2693 5358 2870 5413 dicam
2930 5358 3249 5414 messoribus
3288 5376 3308 5413 :
3357 5356 3604 5426 Colligite

2022 5450 2260 5509 sizania,
2297 5457 2349 5503 et
2380 5449 2538 5520 ligate
2570 5465 2634 5504 ea
2677 5450 2731 5503 in
2767 5451 3094 5520 fasciculos;
3145 5450 3378 5502 triticum
3423 5458 3603 5501 autent

2019 5540 2282 5596 recondite
2304 5542 2357 5595 in
2386 5542 2598 5609 horreo,
2632 5552 2681 5597 et
2708 5528 3008 5613 pra'purate
3037 5543 3252 5597 zizania
3290 5540 3359 5594 ad
3385 5540 3602 5595 combu-

2014 5632 2240 5694 rendnm
2284 5632 2395 5703 igni
2439 5633 2882 5704 inexstinguibili.
2948 5620 3242 5704 Discipulis
3274 5644 3406 5689 vero
3448 5630 3596 5689 dumi

395 5813 412 5846 ³
448 5812 661 5869 llPetr.
693 5829 734 5879 ι,
768 5814 855 5871 l9.
936 5813 956 5843 ’
985 5809 1142 5865 Rom.
1172 5826 1248 5877 iv,
1284 5812 1339 5868 5.
1421 5811 1443 5843 ³
1466 5807 1626 5866 Joan.
1672 5826 1711 5876 ι,
1741 5809 1793 5864 5.
1873 5809 1895 5840 ⁸

2032 5809 2038 5861 I
2071 5807 2225 5864 942.
2304 5789 2534 5866 'Mattb.
2578 5825 2701 5879 Mli,
2730 5811 2801 5865 24
2830 5826 2951 5882 sqq.
