4078 6406
590 344 698 400 135

2013 342 2068 394 S.
2113 338 2456 394 El‘ll‘iiANll
3758 349 3843 403 I36

591 454 699 510 Sed
732 456 988 524 quisnam
1021 459 1106 507 est
1136 452 1302 522 hujus
1355 452 1446 508 ille
1481 453 1671 508 mundi
1721 454 1978 523 princeps
2013 457 2035 508 ἲ)
2122 454 2176 506 lii

2290 454 2454 520 λέγει,
2498 454 2623 520 Πᾶς
2659 458 2690 508 ὁ
2739 460 2966 525 κόσμος
3011 456 3081 509 ἐν
3115 454 3195 521 τῷ
3231 455 3475 525 πονηρῷ
3522 461 3735 523 κεῖται,
3760 461 3844 513 οὐκ

595 547 787 618 primis
829 559 953 598 cum
992 545 1109 597 ait:
1151 542 1314 597 Totus
1349 543 1576 596 mundus
1617 545 1670 596 in
1716 543 1948 612 maligno
1975 545 2181 611 positus

591 650 666 692 est
697 639 893 711 '-',non
917 637 1116 690 coelum
1142 677 1157 697 ,
1186 652 1296 690 non
1331 646 1558 699 terrain,
1599 652 1708 691 non
1737 638 1908 692 solem
1932 677 1945 700 ,
1978 647 2071 690 aut
2101 637 2184 689 lii-

590 747 717 786 nani
751 729 1046 799 intelligit,
1088 745 1197 784 non
1239 730 1442 800 stirpes
1468 769 1483 791 ,
1515 729 1682 800 682
1719 746 1898 794 mare,
1931 741 2182 792 montes,

591 836 810 887 aerem,
851 821 1068 883 nubes,
1113 829 1346 883 ventos,
1399 819 1619 882 sidera,
1667 821 1948 884 volucres,
2000 836 2184 874 rerum

594 913 832 984 denique
883 913 1232 967 conditarum
1269 914 1513 978 nullam;
1569 913 1663 968 sed
1707 913 1990 966 hominum
2021 929 2184 967 mun-

591 1002 694 1057 dus
731 1001 991 1070 superbia
1024 1001 1227 1057 mentis
1259 1013 1364 1066 est,
1397 1013 1448 1057 et
1487 1003 1662 1057 fastus
1688 1003 1950 1066 audaciae,
1981 1011 2036 1058 et
2057 1004 2186 1058 elati

592 1091 760 1145 animi
794 1093 848 1146 in
886 1091 1205 1148 hominibus
1236 1094 1568 1162 arrogantia.
1606 1093 1775 1162 Igitur
1816 1094 2002 1147 mundi
2036 1096 2188 1164 prin-

593 1203 722 1258 ceps
750 1187 840 1242 ille
881 1188 1141 1242 deorsum
1195 1189 1453 1258 superbia
1487 1202 1584 1242 sua
1624 1187 1843 1242 cecidit.
1893 1186 1992 1240 Vos
2025 1189 2187 1253 enim,

595 1279 804 1350 inquit,
833 1273 1066 1350 gloriam
1100 1281 1166 1334 ab
1207 1281 1429 1334 invicem
1464 1281 1656 1348 capitis
1691 1281 1733 1333 ³.
1776 1279 1888 1350 Ego
1928 1297 2047 1334 vero
2086 1298 2188 1335 non

594 1390 774 1444 questo
816 1374 1046 1442 gloriam
1098 1391 1268 1429 meam
1296 1374 1337 1427 δ.
1392 1375 1591 1428 Annon
1640 1375 1898 1444 superbia
1941 1375 2192 1428 excidit?

606 1465 726 1520 Non
763 1469 1018 1537 princeps
1050 1468 1239 1522 mundi
1269 1467 1590 1522 confractus
1619 1475 1704 1522 est
1725 1507 1742 1529 ,
1778 1483 1902 1522 cum
1932 1478 1986 1521 et
2017 1467 2192 1522 Ilero-

593 1557 693 1612 des
725 1565 1068 1612 mortuorum
1120 1573 1185 1612 ac
1214 1559 1464 1623 vivorum
1497 1557 1744 1627 judicem
1788 1557 2192 1627 Dominumque

591 1650 898 1705 custodiret
964 1666 1030 1705 ac
1070 1649 1281 1720 judicio
1327 1650 1658 1720 subjiceret,
1700 1665 1824 1704 cum
1877 1650 2192 1718 praesideret

592 1742 824 1804 Pilatus,
856 1758 982 1796 cum
1012 1743 1232 1797 satelles
1259 1741 1458 1796 malam
1502 1741 1760 1806 caederet,
1794 1739 1966 1796 Judas
1995 1742 2192 1811 prode-

593 1841 702 1895 ret,
744 1831 984 1902 Caiplias
1027 1831 1303 1900 iudicaret
1327 1869 1342 1893 ,
1382 1828 1559 1884 Judaei
1602 1829 1779 1899 sputis
1811 1839 2188 1898 aspergerent,

594 1924 801 1978 milites
840 1923 1078 1992 denique
1107 1931 1275 1992 caput
1306 1923 1428 1993 ejus
1463 1921 1712 1991 colaphis
1747 1921 2065 1985 tunderem,
2095 1922 2186 1990 qui

592 2014 716 2070 solo
758 2023 897 2068 nutu
947 2015 1148 2067 caelum
1190 2023 1506 2082 terramque
1550 2021 1918 2082 contorquere
1967 2013 2191 2082 posset?

593 2103 721 2158 Ilaac
750 2105 920 2175 igitur
950 2105 1239 2174 superbia,
1275 2105 1392 2159 haec
1416 2103 1647 2158 audacia
1671 2143 1686 2167 ,
1715 2104 1828 2158 hzec
1861 2105 2070 2158 mundo
2093 2107 2190 2158 ad-

590 2196 870 2250 dictorum
905 2197 1188 2251 hominum
1216 2197 1424 2266 gloria,
1457 2196 1650 2250 mundi
1678 2196 1766 2250 ille
1798 2197 2054 2266 princeps
2082 2205 2189 2259 est,

587 2287 686 2358 qui
734 2287 788 2340 iii
842 2297 1045 2341 terrain
1098 2289 1392 2358 prolapsus
1440 2294 1545 2342 est.
1577 2286 1794 2341 Etenim
1844 2288 1938 2356 qui
1983 2289 2039 2341 in
2087 2288 2192 2342 lioc

589 2379 799 2432 mundo
819 2376 1090 2431 bonorum
1119 2389 1172 2432 et
1198 2377 1527 2446 dignitatum
1547 2377 1810 2446 gradibus
1835 2379 2188 2444 antecellunt,

589 2469 666 2524 ita
690 2469 1058 2538 principatum
1095 2469 1369 2534 obtinent,
1395 2480 1452 2523 ut
1479 2471 1826 2538 arrogantia,
1872 2471 2189 2536 insolentia,

588 2562 764 2632 gloria
800 2562 1170 2631 superbiaque
1211 2578 1336 2617 sese
1365 2562 1599 2616 nimium
1627 2563 1878 2628 ellerant,
1913 2580 2034 2633 quae
2071 2565 2194 2634 qui-

589 2654 716 2708 dem
764 2668 793 2704 a
835 2653 1123 2708 Salvatore
1171 2663 1364 2708 nostro
1417 2653 1716 2708 abfuerunt
1753 2656 1960 2708 omnia.
2004 2655 2192 2710 Linum

589 2745 732 2798 enim
761 2743 1030 2812 [umigam
1061 2760 1165 2798 non
1187 2745 1508 2815 castinguel,
1531 2755 1580 2799 et
1611 2746 1880 2799 calamum
1902 2749 2192 2802 contritum

591 2851 699 2891 non
724 2836 1019 2903 confringet
1043 2836 1087 2887 ⁵.
1215 2888 1218 2890 γ

663 2927 895 2983 LXVIII.
929 2927 1059 2990 Sed,
1087 2934 1145 2983 ut
1164 2927 1418 2982 omittam
1446 2935 1664 2993 caetera,
1688 2945 1811 2999 quae
1836 2930 1904 2984 ad
1938 2932 2078 2986 idem
2107 2949 2167 2984 ai-

589 3029 913 3088 gumentum
957 3021 1140 3076 θῆαι-τὶ
1174 3023 1314 3076 bene
1352 3023 1521 3075 multa
1568 3031 1825 3091 possunt,
1861 3021 2193 3077 Manichacus

2288 545 2516 615 οὐρανὸν
2541 545 2735 613 λέγων,
2761 547 2822 598 οὑ
2848 547 2945 618 τὴν
2975 548 3100 618 γῆν,
3126 549 3227 617 οὑχ
3249 547 3422 619 ἥλιον,
3452 549 3512 601 οὑ
3538 550 3776 620 σελήνην,
3795 552 3844 603 οὑ

2288 639 2452 706 φυτά,
2486 638 2546 689 οὑ
2600 637 2900 702 θάλασσαν,
2934 640 3034 693 οὑκ
3068 641 3168 712 ὅρη
3191 685 3202 707 ,
3239 642 3340 694 οὑκ
3385 643 3559 712 ἀέρα,
3597 643 3658 694 οὑ
3697 642 3845 712 νέφη,

2285 726 2385 779 οὑκ
2414 727 2634 798 ἄνεμον,
2661 729 2761 781 οὑκ
2792 729 2990 796 ἄστρα,
3019 732 3080 784 οὑ
3105 730 3304 801 πτηνά,
3329 731 3482 784 οὐδέν
3515 748 3569 784 τι
3593 731 3698 784 τῶν
3728 733 3848 785 ἐκτι-

2289 818 2523 888 σμένων,
2560 819 2636 890 μὴ
2667 820 2897 887 γένοιτοι
2948 821 3086 874 Ἀλλ’
3117 823 3145 874 6
3173 822 3375 892 κόσμος
3406 822 3516 875 τῶν
3547 821 3844 894 ἀνθρώπων,

2286 911 2321 978 ἡ
2362 909 2713 980 ὑπερηφανία
2746 911 2845 981 τῆς
2877 913 3108 976 ἐννοίας,
3143 913 3204 966 τὸ
3235 913 3436 984 Θράσος
3481 914 3574 968 τοῦ
3605 914 3791 983 τύφου,
3819 917 3845 983 ἡ

2287 999 2577 1064 ἀλαζονεία
2619 1001 2720 1072 τῆς
2766 1002 2874 1055 τῶν
2923 1003 3228 1075 ἀνθρώπων
3279 1006 3611 1076 ἐπάρσεως,
3655 999 3848 1068 οὑτοςό

2287 1091 2473 1161 ἄρχων
2501 1091 2596 1145 τοῦ
2626 1093 2834 1162 κόσμου
2857 1093 3047 1146 τούτου
3071 1095 3299 1160 ἐξέπεσε
3325 1094 3477 1149 κάτω
3501 1094 3845 1167 ὑπερηφανίᾳ.

2300 1184 2488 1252 Ὑμεῖς
2516 1183 2658 1254 γὰρ,
2690 1187 2858 1258 φησὶ,
2896 1185 3085 1250 δόξαν
3116 1188 3279 1252 παρὰ
3313 1188 3607 1249 ἀλλήλων
3645 1187 3848 1244 λαμϐά-

2288 1293 2443 1332 νετε’
2473 1278 2588 1347 ἐγὼ
2616 1277 2685 1332 δὲ
2723 1279 2798 1332 οὐ
2841 1277 2989 1346 ζητῶ
3027 1278 3143 1346 τὴν
3178 1279 3446 1348 ἐμαυτοῦ
3497 1278 3701 1342 δόξαν.
3743 1277 3849 1339 Πῶς

2287 1371 2400 1443 γάρ
2433 1373 2533 1424 οὐκ
2579 1370 2776 1424 ἔπεσεν
2810 1373 2842 1441 ἠ
2873 1371 3257 1442 ὑπερηφανίας
3295 1371 3414 1434 πῶς
3457 1371 3561 1424 οὐκ
3595 1367 3848 1439 ἐθραὺσθη

2288 1469 2318 1520 6
2357 1468 2542 1537 ἄρχων
2570 1465 2663 1519 τοῦ
2695 1466 2923 1536 κόσμου,
2965 1466 3209 1536 Ἡρώδου
3241 1465 3341 1536 μὲν
3367 1464 3723 1534 φυλάττοντος
3773 1461 3851 1513 καὶ

2291 1558 2573 1630 κρίνοντος
2603 1557 2694 1610 τὸν
2726 1556 2918 1627 κριτὴν
2949 1555 3167 1620 ζώντων
3218 1556 3316 1610 καὶ
3355 1554 3569 1626 νεκρῶν
3627 1555 3714 1607 καὶ
3758 1554 3850 1604 Κύ-

2295 1664 2430 1719 ριον,
2478 1647 2712 1702 Πιλάτου
2759 1648 2815 1700 δὲ
2850 1645 3328 1720 προκαθεζομένου
3354 1685 3368 1710 ,
3402 1644 3678 1716 ὑπηρέτου
3710 1643 3850 1715 ῥαπί-

2294 1740 2480 1804 ζοντος
2527 1739 2626 1810 τὴν
2660 1739 2884 1806 σιαγόνα
2908 1777 2922 1800 ,
2981 1737 3150 1790 Ἰούδα
3195 1736 3581 1807 παραδιδόντος
3604 1777 3620 1801 ,
3656 1735 3851 1801 Καῖάφα

2290 1831 2644 1894 δικάζοντος,
2713 1829 2980 1882 Ἰουδαίων
3024 1829 3469 1894 καταπτυόντων,
3530 1825 3851 1898 στρατιωτῶν

2291 1922 2693 1991 κολαφιζόντων
2723 1923 2964 1994 κεφαλὴν
3001 1923 3094 1976 τοῦ
3127 1922 3426 1992 δυναμένου
3472 1920 3699 1990 νεύματι
3730 1918 3852 1988 εἰλῆ-

2291 2035 2385 2070 σαι
2418 2017 2646 2086 οὐρανὸν
2683 2017 2775 2069 καὶ
2817 2015 2962 2085 γῆν;
3009 2015 3158 2084 Αὕτη
3194 2017 3228 2084 ἡ
3268 2015 3653 2085 ὑπερηφανία,
3689 2011 3776 2065 καὶ
3802 2007 3854 2062 τδ

2289 2109 2516 2180 θράσος,
2547 2110 2643 2162 καὶ
2672 2111 2705 2178 ἡ
2732 2108 2859 2172 δόξα
2889 2108 2999 2160 τῶν
3020 2106 3326 2179 ἀνθρώπιον
3356 2106 3450 2160 τοῦ
3474 2107 3703 2176 κόσμου,
3722 2099 3853 2164 οὗτος

2290 2196 2358 2268 ἧν
2392 2200 2420 2251 6
2457 2200 2642 2269 ἄρχων
2669 2198 2765 2251 τοῦ
2791 2198 3019 2269 κόσμου,
3041 2202 3071 2251 6
3094 2198 3278 2251 πεσὼν
3306 2198 3506 2269 χαμαί.
3541 2198 3741 2258 Πάντες
3763 2194 3854 2264 γάρ

2287 2292 2340 2344 οἱ
2377 2289 2487 2343 τῶν
2529 2289 2856 2359 ἀξιωμάτων
2892 2291 2952 2342 ἐν
2989 2289 3069 2360 τῷ
3103 2291 3295 2360 κόσμῳ
3332 2288 3511 2359 τούτῳ
3544 2291 3602 2344 ἐν
3636 2288 3853 2358 ὑπεροχῇ

2295 2382 2652 2452 τυγχάνοντες
2682 2382 2781 2453 τὴν
2814 2382 2989 2452 ἀρχὴν
3015 2381 3202 2450 ἔχουσι
3223 2382 3314 2436 διὰ
3345 2382 3454 2434 τῶν
3480 2382 3852 2453 φρυαγμάτων,

2289 2474 2380 2528 διά
2407 2473 2504 2526 τοῦ
2538 2474 2794 2545 θράσους,
2839 2474 2936 2526 καὶ
2973 2473 3189 2536 κὺδους,
3237 2473 3334 2526 καὶ
3371 2473 3768 2544 ὑπερηφανίας,
3793 2463 3854 2523 ὧν

2289 2566 2442 2619 οὐδὲν
2471 2567 2531 2618 ἐν
2560 2565 2638 2635 τῷ
2665 2565 2877 2634 Σωτῆρι
2901 2563 3152 2635 εὕρηται.
3194 2566 3381 2618 Λίνον
3405 2565 3520 2632 γὰρ
3543 2566 3856 2632 τυφόμενον·

2291 2662 2364 2712 οὺ
2415 2657 2654 2722 σϐέσει,
2705 2656 2805 2711 καὶ
2837 2656 3112 2725 κάλαμον
3143 2655 3594 2725 τεθραυσμένον
3622 2659 3693 2711 οὐ
3740 2670 3856 2707 κατ-

2289 2752 2473 2816 εάξει.

2362 2935 2488 2986 Ξιιν.
2533 2935 2642 2987 Καὶ
2667 2934 2838 2988 πολλά
2864 2933 2954 3005 μοί
2977 2937 3094 2988 ἐστι
3126 2937 3254 3007 περὶ
3284 2935 3442 2988 τοῦτο
3470 2935 3672 3004 λέγειν.
3708 2935 3852 2988 Πάλιν

2291 3027 2349 3079 δέ
2379 3043 2542 3096 φησιν
2585 3028 2616 3078 6
2666 3026 2830 3090 αὐτὸς
2863 3028 3076 3099 Μάνης,
3127 3029 3208 3080 ὅτι
3275 3028 3336 3081 '0
3384 3029 3552 3094 Θεὸς,
3590 3028 3737 3098 φησι,
3763 3024 3852 3079 τοῦ

592 3114 699 3167 hoc
728 3114 952 3183 insuper
981 3115 1196 3182 objicit,
1233 3113 1379 3184 quod
1410 3114 1674 3183 scriptum
1698 3126 1814 3170 est:
1862 3115 2004 3170 Dens
2031 3118 2187 3185 Iiiijus

2295 3117 2510 3184 αἰῶνος
2549 3120 2765 3172 τούτου
2811 3120 3125 3188 ἐτύφλωσε
3166 3119 3239 3173 τὰ
3279 3121 3555 3191 νοήματα
3590 3119 3706 3174 τῶν
3737 3118 3854 3174 ἀπί-

589 3203 778 3258 swculi
806 3205 1090 3258 eacwcavit
1126 3215 1322 3258 mentes
1355 3204 1671 3273 inﬁdelium.
1710 3215 1766 3258 ut
1791 3223 1896 3260 non
1925 3208 2193 3261 intueren-

591 3304 681 3348 tur
707 3294 981 3367 Evangelii
1027 3298 1196 3351 lucem
1219 3298 1262 3353 ⁸.
1327 3297 1492 3367 Atqui
1525 3298 1570 3352 si
1614 3298 1758 3354 Deus
1805 3301 1994 3353 mundi
2033 3301 2194 3369 hujus

592 3387 858 3444 Dominus
888 3400 995 3457 est,
1032 3391 1160 3460 quid
1191 3389 1446 3445 Salvator
1477 3390 1669 3461 pedem
1705 3391 1760 3444 in
1794 3393 2031 3446 alienam
2065 3409 2192 3462 pos-

587 3480 890 3535 sessionem
942 3482 1247 3536 iinmittens
1278 3480 1555 3535 faciebat?
1604 3480 1661 3535 Si
1699 3497 1819 3536 eam
1857 3485 2030 3552 ipsam
2061 3499 2196 3538 con-

586 3573 891 3643 cupiverat,
925 3572 1151 3628 minime
1177 3574 1231 3627 id
1265 3575 1411 3628 bono
1455 3574 1722 3644 justeque
1748 3577 2031 3630 convenit.
2095 3576 2194 3631 Sin

587 3663 799 3717 idcirco
832 3662 1004 3728 venit,
1050 3673 1108 3716 ut
1148 3679 1257 3717 non
1289 3664 1532 3732 propria,
1581 3665 1678 3719 sed
1711 3665 1890 3719 aliena
1923 3674 2190 3731 servaret,

585 3755 700 3824 jam
727 3755 829 3809 hoc
850 3754 1155 3812 adulatoris
1181 3757 1417 3827 alicujus
1439 3759 1722 3828 proprium
1749 3767 1854 3822 est,
1885 3758 1980 3827 qui
2013 3759 2194 3813 alieno

587 3847 827 3916 principi
851 3847 1104 3903 subditos
1139 3848 1207 3902 ad
1241 3864 1326 3904 res
1361 3864 1532 3904 novas
1564 3849 1860 3904 ambitiose
1893 3865 2194 3919 provocare

587 3939 830 3994 studeat.
873 3939 1030 4006 Quod
1059 3942 1105 3995 si
1135 3956 1325 3995 eorum
1355 3958 1477 4013 qua:
1502 3943 1572 3998 ad
1609 3943 1796 3998 saeculi
1830 3942 1992 4011 hujus
2025 3942 2191 3998 Deum

587 4031 897 4101 pertinent,
945 4033 1342 4087 servandorum
1388 4035 1562 4104 gratia
1596 4035 1771 4096 venit,
1826 4035 1966 4090 bene
2003 4036 2193 4105 utique

586 4125 656 4179 de
700 4123 792 4176 illo
821 4125 1049 4178 meritus
1079 4133 1182 4189 est,
1225 4125 1386 4194 cujus
1417 4127 1582 4183 rebus
1627 4127 1916 4182 servandis
1968 4142 2190 4196 operam

585 4214 921 4269 adhibuerit.
950 4215 1029 4268 Ac
1064 4217 1110 4270 si
1141 4217 1306 4285 hujus
1337 4218 1427 4272 ille
1460 4219 1652 4272 saeculi
1685 4217 1829 4273 Deus
1855 4232 1986 4273 suos
2011 4234 2041 4272 a
2071 4217 2193 4274 Sal-

582 4313 774 4361 vatore
803 4305 939 4375 eripi
986 4306 1178 4361 libenti
1221 4307 1405 4362 animo
1450 4309 1678 4379 patitur,
1737 4307 1982 4378 profecto
2014 4309 2191 4366 bonus

584 4406 688 4462 est,
731 4399 824 4468 qui
867 4399 912 4453 si
944 4413 1166 4454 servare
1213 4401 1396 4456 minus
1447 4401 1565 4470 ipse
1609 4402 1808 4470 possit,
1855 4402 1924 4456 de
1959 4417 2186 4457 suorum

2295 3220 2480 3268 στων,
2507 3203 2616 3258 τοῦ
2643 3205 2730 3274 μὴ
2763 3207 3138 3276 καταυνὰσαι
3170 3212 3257 3274 εἱς
3295 3210 3404 3263 τὸν
3439 3211 3744 3280 φωτισμὸν
3767 3206 3856 3262 τοῦ

2290 3300 2679 3369 Εὐαγγελίου.
2717 3301 2782 3352 El
2820 3299 2900 3352 ἔνι
2935 3302 2965 3353 6
3013 3300 3149 3365 Θεὸς
3187 3301 3282 3354 τοῦ
3327 3301 3538 3372 κόσμου
3571 3302 3774 3362 τούτου,
3814 3297 3857 3349 τί

2293 3392 2402 3461 ἄρα
2429 3391 2599 3444 ἐλθὼν
2634 3393 2664 3444 6
2705 3392 2898 3464 Σωτὴρ
2931 3393 3108 3444 ἐποίει
3138 3394 3220 3456 είς
3257 3393 3327 3446 τὰ
3352 3393 3646 3463 ἀλλότρια;
3691 3391 3791 3444 Καὶ
3819 3390 3857 3440 εἰ

2299 3483 2400 3552 μὲν
2440 3483 2551 3536 τῶν
2592 3483 2888 3554 ἀλλοτρίων
2933 3485 3136 3552 ἐφίετο,
3175 3486 3276 3537 οὑκ
3315 3484 3432 3537 ἔστι
3460 3485 3622 3538 τοῦτο
3655 3480 3856 3551 ἀγαθοῦ,

2293 3574 2419 3629 οὔτε
2451 3576 2660 3629 δικαίου
2686 3592 2702 3608 ο
2733 3579 2781 3629 εί
2813 3576 2873 3630 δέ
2897 3576 3084 3629 ἕνεκεν
3117 3576 3214 3629 τοῦ
3247 3577 3419 3630 σῶσαι
3443 3573 3610 3648 ἦλθεν
3633 3578 3728 3629 οὑκ
3747 3575 3855 3634 ίόια,

2295 3668 2414 3721 ἀλλ’
2463 3667 2744 3741 ἀλλότρια,
2798 3668 2957 3722 τοῦτο
3007 3669 3103 3721 καὶ
3165 3670 3399 3732 κόλακος
3435 3672 3694 3741 τυγχάνει
3736 3667 3856 3724 τινὸς

2297 3759 2620 3831 βουλομένου
2675 3760 3070 3830 προσεπαίρειν
3121 3762 3249 3823 τοὺς
3286 3761 3383 3814 τοῦ
3432 3762 3625 3824 πέλας.
3676 3762 3776 3815 Καὶ
3819 3759 3857 3810 εἰ

2293 3850 2432 3912 ὅλως
2460 3848 2529 3902 τά
2552 3848 2647 3901 τοῦ
2667 3849 2803 3902 Θεοῦ
2831 3848 2925 3901 τοῦ
2949 3850 3145 3914 αἰῶνος
3174 3850 3366 3904 τούτου
3391 3848 3526 3923 ἦλθε
3554 3852 3740 3915 σῶσαι,
3767 3850 3857 3918 ἄρα

2296 3941 2448 4012 αὑτῷ
2469 3941 2548 4012 τῷ
2570 3941 2690 4012 Θεῷ
2713 3941 2808 3994 τοῦ
2832 3943 3038 4012 κόσμου
3060 3943 3162 4013 τὴν
3188 3943 3351 4014 χάριν
3377 3946 3745 4008 κατατίθεται,
3769 3941 3856 3996 ἴδια

2294 4033 2460 4087 αὑτοῦ
2494 4033 2662 4105 σκεύη
2704 4033 3046 4104 πειρώμενος
3080 4033 3294 4098 σώζειν.
3352 4037 3463 4090 Καὶ
3501 4040 3551 4090 εἰ
3584 4036 3716 4102 ὅλως
3748 4051 3856 4100 συγ-

2295 4123 2644 4176 κατατίθεται
2715 4125 2744 4176 6
2797 4124 2930 4187 Θεὸς
2983 4123 3080 4177 τοῦ
3137 4127 3331 4189 αἰῶνος
3390 4127 3581 4182 τούτου
3629 4129 3719 4181 ἐπὶ
3763 4125 3856 4186 τοῖς

2295 4215 2458 4269 αὑτοῦ
2517 4215 2607 4268 διὰ
2661 4215 2756 4268 τοῦ
2811 4216 3064 4288 Σωτῆρος
3112 4217 3464 4289 σωζομένοις,
3517 4222 3626 4292 ἄρα
3674 4217 3854 4287 ἀγαθός

2294 4309 2464 4370 ἐστιν,
2497 4307 2545 4358 εί
2576 4306 2671 4359 καὶ
2703 4307 2778 4378 μὴ
2812 4305 3036 4360 δύναται
3068 4306 3282 4372 σώζειν,
3314 4309 3523 4381 χαίρων
3556 4312 3648 4364 ἐπὶ
3676 4313 3736 4381 τῇ
3763 4307 3854 4360 τῶν

2298 4397 2443 4451 ἰδίων
2479 4399 2747 4469 σωτηρίᾳ.
2789 4398 2898 4450 Καὶ
2946 4397 3098 4450 ἔσται
3143 4397 3329 4452 λοιπὸν
3365 4400 3465 4471 μία
3498 4399 3745 4454 κοινωνία
3772 4399 3856 4466 τῆς

583 4497 767 4545 tamen
796 4492 974 4546 salute
999 4492 1251 4562 gaudent.
1278 4495 1457 4562 Atque
1480 4495 1558 4548 ita
1589 4509 1885 4548 commune
1911 4494 2183 4564 quoddam

2291 4490 2650 4561 ἀγαθότητος,
2701 4490 2785 4543 ὅτι
2831 4493 2860 4543 6
2907 4489 3006 4561 μὲν
3050 4489 3350 4562 δυνάμενος
3401 4489 3583 4556 σώζει,
3631 4493 3658 4543 6
3701 4489 3753 4542 δὲ
3790 4487 3852 4556 μὴ

582 4583 688 4635 erit
736 4582 998 4638 bonitatis
1029 4583 1457 4648 commercium,
1496 4585 1643 4653 quod
1681 4592 1734 4638 et
1767 4585 2000 4640 salutem
2034 4585 2190 4640 all‘ert

583 4671 634 4728 is
659 4673 750 4742 qui
786 4681 995 4742 potest,
1045 4682 1100 4727 et
1133 4674 1229 4742 qui
1273 4689 1362 4729 res
1397 4690 1528 4729 suas
1575 4689 1796 4729 servare
1838 4691 1947 4728 non
1979 4686 2182 4746 potest,

585 4766 790 4819 servari
817 4772 998 4818 tamen
1029 4765 1098 4818 ab
1139 4764 1312 4818 altero
1351 4765 1720 4835 683-689
1763 4766 1996 4820 libenter
2019 4768 2186 4833 videt,

585 4870 726 4924 quas
760 4855 923 4908 etiam
959 4857 1014 4909 in
1049 4856 1204 4910 lucro
1240 4867 1520 4919 numerat,
1563 4872 1686 4912 cum
1716 4857 1786 4912 ab
1824 4872 1890 4911 eo
1920 4859 2012 4927 qui
2052 4874 2187 4926 prae-

585 4947 735 4998 clare
781 4961 1004 5000 servare
1055 4955 1272 5016 potest.
1311 4949 1494 5003 salvas
1528 4957 1580 5002 et
1618 4949 1920 5003 incolumes
1959 4963 2185 5020 accepe-

585 5037 678 5089 rit.
732 5035 998 5091 Piaterea
1043 5039 1092 5092 si
1143 5039 1319 5094 eidem
1363 5040 1439 5092 illi
1476 5039 1567 5109 qui
1610 5055 1831 5095 servare
1883 5056 1972 5095 res
2007 5042 2180 5110 ipsius

584 5127 792 5194 cupiat,
830 5142 1170 5196 nequaquam
1205 5131 1551 5195 adversatur,
1590 5132 1811 5185 habebit
1844 5134 1892 5185 ei
1929 5133 2020 5202 qui
2060 5149 2176 5189 ser-

584 5230 673 5274 vat
703 5221 963 5290 gratiam;
1005 5223 1342 5293 proindcque
1377 5226 1424 5278 is
1449 5225 1686 5295 primum
1721 5225 1873 5278 illum
1909 5226 2172 5291 servabit,

586 5312 649 5362 ail
679 5327 840 5379 quem
885 5310 977 5380 qiii
1016 5322 1302 5367 servantur
1334 5315 1591 5376 attinent,
1616 5322 1675 5366 ut
1707 5315 1761 5366 in
1785 5330 1850 5368 eo
1890 5314 2172 5370 liberaiido

588 5404 844 5458 bonitatis
879 5419 992 5458 sua:
1029 5407 1306 5475 specimen
1344 5406 1600 5474 przebeat.
1665 5404 1782 5459 Non
1817 5407 1984 5469 enim,
2018 5417 2170 5475 puto,

593 5494 734 5546 solos
768 5495 982 5562 eripere
1025 5505 1222 5550 tenues
1253 5494 1421 5560 volet,
1455 5493 1732 5562 praecipuo
1771 5494 1865 5548 illo
1895 5495 2108 5568 reiicto,
2145 5511 2176 5549 a

677 5713 744 5744 ¹”¹
778 5717 977 5774 Ηυιιιι.
1023 5739 1073 5784 ν,
1134 5724 1218 5776 l9.
1297 5722 1318 5751 ³
1381 5720 1509 5774 ibid.
1555 5720 1644 5773 44.
1721 5721 1742 5748 ⁸⁵
1775 5718 1933 5774 Junii.

2014 5733 2130 5781 vm,
2183 5718 2271 5773 50.

2291 4581 2586 4651 δυνάμενος
2638 4581 2708 4635 τά
2765 4581 2872 4635 ἴδια
2929 4581 3142 4647 σώζειν,
3194 4583 3378 4653 χαίρει
3411 4585 3504 4636 ἐπὶ¹
3550 4587 3662 4647 τοῖς
3711 4579 3855 4644 σωζο-

2295 4668 2507 4742 μένοις,
2557 4670 2749 4742 κέρδος
2795 4670 2866 4723 τά
2915 4670 3021 4723 ῐδια
3067 4671 3370 4743 ἡγούμενος
3426 4673 3578 4743 παρὰ
3631 4672 3720 4725 τοῦ
3767 4687 3853 4722 κα-

2293 4759 2402 4822 λῶς
2460 4758 2728 4824 σώζοντος
2797 4759 3084 4830 σωζόμενα
3130 4761 3290 4831 ἔχων,
3348 4764 3459 4816 Καὶ
3498 4765 3547 4816 εί
3594 4763 3728 4825 ὅλως
3767 4759 3853 4812 οὑκ

2291 4853 2630 4907 ἐναντιοῦται
2659 4852 2738 4924 τῷ
2761 4853 3070 4924 βουλομένῳ
3106 4853 3176 4907 τά
3213 4853 3318 4909 ἴδια
3353 4855 3565 4922 σώζειν,
3600 4857 3690 4909 κα)⁸
3714 4855 3851 4925 χάριν

2288 4945 2634 5015 ὁμολογήσει.
2692 4946 2756 4999 Εἰ
2810 4946 2867 4999 δὲ
2921 4945 3082 5018 χάριν
3133 4948 3389 5019 ὁμολογεῖ
3447 4949 3662 5022 πρῶτον
3707 4943 3850 4999 αὑτὸν

2284 5036 2485 5101 σώζει,
2533 5029 2594 5090 οὑ
2646 5037 2696 5090 οί
2735 5036 3055 5107 σωζόμενοι,
3107 5038 3195 5090 ἴνα
3246 5039 3393 5110 δείξῃ
3430 5039 3516 5093 ἐπ’
3561 5037 3722 5106 αὑτὸν
3767 5051 3851 5087 σω-

2285 5126 2512 5196 ζόμενον
2539 5125 2638 5196 τὴν
2664 5125 2831 5178 αὑτοῦ
2869 5125 3200 5195 ἀγαθότητα.
3243 5130 3356 5182 Καὶ
3387 5129 3449 5182 οὐ
3483 5130 3607 5192 τοὺς
3642 5125 3850 5198 μικροὺς

2284 5215 2484 5287 μᾶλλον
2523 5216 2773 5286 βούλεται
2806 5218 3020 5282 σώζειν,
3053 5219 3149 5271 καὶ
3182 5221 3278 5289 ἐᾷν
3311 5219 3402 5274 τὸν
3443 5222 3754 5290 ἀναγκαῖον,
3800 5212 3851 5275 ἐξ

2279 5300 2451 5378 οὗπερ
2494 5309 2543 5360 οἱ
2583 5307 2877 5378 σωζόμενοι
2919 5307 3233 5376 γεγόνασιν.
3280 5311 3350 5362 Ἦ
3388 5311 3563 5372 ἄλλως
3602 5307 3775 5365 πάλιν,
3807 5301 3850 5353 εἰ

2282 5401 2382 5472 μὲν
2417 5400 2662 5470 βούλεται
2713 5401 2878 5453 αὑτὸν
2926 5399 3000 5469 μὴ
3045 5399 3265 5466 σώζειν,
3315 5403 3441 5466 τοὺς
3479 5403 3534 5454 δὲ
3577 5401 3668 5452 ὑπ’
3701 5391 3848 5450 αὑτοῦ

2288 5490 2473 5556 σώζει,
2511 5492 2618 5563 ἄρα
2647 5492 2709 5544 οὑ
2735 5491 2940 5544 τέλειον
2968 5481 3366 5567 ἀπεργάζεται,
3403 5493 3523 5546 οὐδὲ
3556 5491 3766 5546 δύναται
3797 5481 3850 5535 τὸ

2387 5715 2408 5747 ⁸
2457 5714 2564 5769 lsa.
2619 5729 2750 5776 XLII,
2803 5715 2864 5777 '5;
2902 5711 3082 5763 Matth.
3141 5717 3244 5778 ιιι,
3291 5708 3385 5769 91).
3445 5711 3466 5740 ⁸
3501 5708 3680 5765 iICor.
3711 5719 3774 5767 iv,
3807 5708 3848 5753 ι.
