4078 6416
323 340 426 399 157

1036 306 1409 433 auvsnsus
1447 338 1794 398 nasunsns
1832 340 1914 395 Lll

2016 341 2057 395 I.
2097 334 2262 397 TOM.
2304 338 2367 392 Il.
2409 368 2473 379 -
2518 325 2774 392 IIA‘ZRES
2825 332 3009 392 LXVI.

3469 330 3574 390 158

319 456 528 527 ἀγαθὸν
558 456 892 527 ἐργάσασθαι
922 456 982 509 ὲν
1024 455 1325 528 τελειότητι
1348 472 1361 482 '
1390 458 1439 511 εί
1469 457 1526 509 δὲ
1552 457 1641 509 διὰ
1668 456 1729 509 τὸ
1758 452 1897 509 εἶναι

2015 469 2111 523 luo
2132 455 2183 507 hi
2218 453 2311 522 qui
2344 459 2636 507 servantur
2656 452 2935 522 propagati
2966 458 3112 503 sunt.
3145 447 3350 504 Deinde
3375 450 3421 505 si
3448 466 3576 506 cum

321 548 490 602 αὐτὸν
517 549 730 617 φύσεως
778 548 853 618 μὴ
896 545 1230 619 σωζομένης,
1276 546 1440 600 αὐτὸν
1483 546 1583 618 μὲν
1623 545 1898 610 ἀδυνάτως

320 640 439 710 ἔχει
473 637 684 703 σώζειν,
712 639 840 701 τοὺς
868 638 925 690 δὲ
950 638 1042 691 ὑπ’
1067 635 1232 690 αὑτοῦ
1264 637 1665 707 γεγενημένους
1708 634 1900 700 σώζει,

322 729 508 799 πολλῷ
559 728 756 799 μᾶλλον
787 729 837 781 οἱ
881 727 939 794 ἐξ
970 727 1133 781 αὐτοῦ
1175 727 1532 799 γεγενημένοι
1584 728 1900 800 σαθρότεροι

322 819 492 874 αὐτοῦ
523 822 825 890 ὑπάρχουσι
850 860 863 878 .
897 820 992 872 καὶ
1034 819 1311 881 ἀδυνάτως
1347 817 1529 888 ἔχουσι
1561 819 1693 890 πρὸς
1731 836 1904 889 σωτη-

322 910 472 980 ρίαν.
497 911 605 963 Καὶ
625 909 801 972 ἄλλως
820 910 896 972 δὲ,
922 911 970 962 εί
999 910 1123 981 μὲν,
1152 910 1260 962 ἴδιά
1280 927 1400 963 τινα
1426 909 1500 980 μὴ
1524 909 1659 980 ἔχων
1686 909 1900 972 σώζειν,

322 1003 401 1054 είς
443 1000 509 1054 τὰ
548 1000 801 1069 ἀλλότρια
834 996 996 1071 ἦλθεν
1031 999 1340 1065 ἐπιδείξεως
1373 1001 1555 1073 χάριν,
1595 1001 1695 1070 τὴν
1737 999 1900 1053 αὐτοῦ

325 1095 579 1165 βοήθειαν
605 1094 800 1160 δεῖξαι,
830 1094 996 1166 πολλὴ
1020 1097 1053 1168 ἡ
1086 1096 1310 1167 ἀπορία,
1333 1100 1367 1167 ἡ
1398 1096 1471 1168 μὴ
1495 1097 1766 1168 δυναμένη
1796 1096 1903 1150 ῐδια

326 1186 546 1251 σώζειν,
583 1189 678 1241 καὶ
704 1189 785 1252 είς
828 1187 899 1241 τὰ
926 1188 1186 1259 ἀλλότρια
1217 1189 1594 1260 ὲπιδημοῦσα,
1628 1192 1776 1254 ὅπως
1817 1193 1905 1243 ἐν·

328 1279 567 1348 δείξηται
614 1279 677 1332 τὸ
718 1279 897 1351 ἔργον,
936 1279 964 1332 ὃ
1007 1282 1066 1333 ὲν
1104 1283 1216 1345 τοῖς
1249 1281 1401 1345 ἰδίοις
1431 1282 1708 1345 ἀδυνάτως
1746 1282 1904 1352 ἔσχεν

327 1367 719 1435 ἐπιδείξασθαι.
750 1371 859 1422 Καὶ
889 1369 990 1439 ἠδη
1015 1370 1263 1423 διέπεσεν
1295 1372 1323 1423 6
1358 1372 1485 1441 περὶ
1522 1370 1614 1423 τοῦ
1652 1371 1905 1441 Σωτῆρος

326 1463 425 1514 καὶ
467 1460 561 1514 τοῦ
588 1461 850 1531 ἄρχοντος
888 1462 982 1515 τοῦ
1024 1462 1219 1525 αἰῶνος
1251 1462 1442 1515 τούτου
1481 1462 1586 1515 ὑπὸ
1613 1462 1708 1515 τοῦ
1739 1463 1898 1534 Μάνη

326 1552 617 1622 εἰρημένος
640 1552 816 1619 λόγος.
850 1553 957 1606 Καὶ
980 1552 1094 1605 ἐστι
1122 1551 1198 1623 τῷ
1225 1552 1340 1606 ὄντι
1367 1555 1395 1606 6
1423 1553 1554 1616 Θεὸς
1585 1552 1678 1607 τοῦ
1712 1554 1906 1616 αἰῶνος

326 1646 522 1698 τούτου
548 1645 610 1697 οὐ
634 1644 766 1705 Θεὸς
793 1644 1238 1715 παρηλλαγμένος
1264 1645 1415 1716 παρὰ
1437 1646 1525 1699 τὸν
1546 1644 1676 1699 ὄντα
1708 1644 1905 1707 ἄλλως,

327 1736 454 1788 οὐδὲ
486 1734 849 1797 ἐνυπόστατος
880 1735 1011 1799 Θεὸς
1053 1735 1228 1799 ἄλλος,
1270 1734 1344 1806 μὴ
1370 1736 1614 1804 γένοιτοί
1643 1735 1774 1799 Θεὸς
1797 1736 1906 1805 γὰρ

2003 544 2142 598 alios
2186 543 2399 606 liberet,
2441 540 2673 595 liberare
2704 541 3061 596 nihilominus
3092 543 3226 597 nolit
3271 543 3442 609 illiilli,
3476 545 3580 599 im-

2003 634 2304 705 perfectum
2338 633 2597 704 quiddam
2632 642 2735 696 est,
2767 634 2914 704 quod
2948 636 3193 701 molitur,
3225 652 3327 691 nec
3362 637 3583 693 absolu-

2002 734 2116 779 tum
2159 726 2358 779 bonum
2392 732 2652 795 praestare
2690 740 2854 795 posse
2899 725 3129 780 videtur.
3184 725 3303 781 Jam
3346 743 3476 783 vero
3505 730 3580 794 si,

2004 819 2148 888 quod
2190 817 2461 888 ejusmodi
2490 824 2699 871 natura:
2727 832 2835 871 non
2867 817 2959 881 sit,
2989 834 3112 887 quae
3142 821 3348 875 servari
3385 822 3579 891 possit,

2003 911 2234 966 salutem
2282 908 2409 962 huic
2442 906 2634 961 afferre
2678 916 2931 976 nequeat,
2980 923 3144 978 quam
3192 911 3261 963 ab
3293 925 3357 965 eo
3386 912 3581 982 genitis

2003 1001 2331 1071 impertitur,
2364 1014 2497 1053 sane
2525 998 2617 1067 qui
2650 997 2717 1051 ah
2748 998 2839 1052 illo
2868 1000 2973 1052 orti
3001 1007 3129 1053 sunt.
3158 999 3318 1071 longe
3344 1002 3582 1058 deterio-

2002 1108 2091 1147 res
2126 1086 2248 1146 esse
2282 1092 2499 1151 debent,
2533 1099 2591 1143 ut
2620 1105 2687 1145 ne
2718 1092 2949 1145 salutem
2980 1092 3197 1160 quidem
3229 1095 3455 1163 adipisci
3480 1096 3586 1166 ipsi

2002 1185 2237 1256 possint.
2262 1184 2343 1237 Ad
2372 1184 2484 1238 haec
2506 1198 2576 1248 su,
2603 1198 2726 1238 cum
2757 1184 2961 1237 nullam
2980 1186 3247 1253 privatam
3279 1189 3587 1256 possessio~

2004 1293 2127 1333 nem
2157 1276 2374 1341 habeat,
2402 1291 2564 1344 quam
2595 1275 2857 1339 vindicet,
2889 1275 2956 1329 ad
2982 1276 3212 1331 alienam
3241 1285 3498 1345 accessit,
3528 1289 3587 1334 ut

2003 1369 2244 1439 scipsum
2296 1377 2349 1421 et
2378 1382 2533 1436 Opem
2558 1373 2856 1420 ostentaret
2880 1382 3056 1430 suam,
3082 1370 3400 1438 perplexum
3428 1372 3589 1440 quid-

2003 1461 2128 1514 dam
2156 1470 2210 1515 et
2243 1460 2578 1528 implicatum
2603 1458 2855 1523 ellieitur,
2895 1468 2954 1513 ut
2978 1476 3099 1529 quae
3132 1462 3301 1517 virtus
3335 1476 3424 1518 res
3457 1480 3587 1519 snas

2005 1568 2226 1607 servare
2258 1559 2513 1621 nequeat.
2549 1552 2614 1604 ad
2648 1551 2852 1606 alienas
2884 1567 2941 1605 se
2970 1552 3239 1618 conferat,
3276 1567 3333 1609 ut
3367 1557 3497 1610 illud
3533 1560 3586 1610 in

2005 1643 2074 1696 iis
2106 1647 2346 1713 praestet.
2387 1640 2533 1709 Quod
2581 1640 2634 1692 in
2673 1640 2909 1709 prepriis
2952 1656 3208 1695 exercere
3244 1659 3351 1697 non
3386 1647 3585 1714 potuit.

2008 1733 2122 1787 Hoc
2169 1733 2334 1803 igitur
2380 1732 2543 1785 modo
2593 1732 2701 1785 ruit
2750 1732 2929 1786 onmis
2968 1732 3058 1786 illa
3107 1733 3175 1789 de
3216 1733 3502 1792 Salvatore
3526 1752 3590 1795 ac

328 1829 359 1881 6
390 1827 612 1880 πάντων
641 1827 937 1898 Δεσπότης,
967 1828 996 1879 6
1034 1830 1125 1880 τὸν
1155 1827 1359 1898 κόσμον
1393 1828 1647 1899 ποιήσας,
1681 1823 1763 1891 εἷς
1789 1829 1905 1880 ἐστι

2015 1826 2194 1882 saeculi
2243 1826 2409 1896 hujus
2450 1823 2696 1894 principe
2748 1823 3031 1878 Maniehaai
3078 1828 3367 1881 sententia.
3418 1827 3497 1882 Ae
3544 1845 3592 1884 st

326 1919 484 1983 Θεὸς,
518 1921 546 1971 6
571 1919 773 1987 Πατὴρ
800 1918 905 1973 τοῦ
937 1919 1159 1986 Κυρίου
1186 1917 1355 1989 ἡμῶν
1388 1919 1592 1988 Ἰησοῦ
1620 1919 1903 1988 Χριστοῦ,

328 2011 426 2062 καὶ
448 2010 701 2063 οὐδέποτε
728 2010 1015 2064 διαλείπει.

2011 1919 2158 1991 quod
2216 1934 2303 1973 res
2346 1925 2431 1971 est
2479 1916 2636 1972 fateri
2666 1917 2941 1980 volumus,
2990 1916 3152 1974 istius
3201 1920 3387 1974 saeculi
3451 1917 3594 1979 Deus

2014 2026 2124 2066 non
2159 2010 2301 2063 alius
2341 2015 2447 2075 est,
2497 2022 2526 2060 a
2566 2023 2697 2062 vero
2728 2005 2838 2062 Deo
2867 2008 3139 2073 diversus,
3189 2026 3292 2067 nec
3322 2014 3430 2067 ulla
3460 2016 3593 2071 sub-

328 2106 536 2159 stantia
558 2107 818 2176 praeditus
872 2107 1034 2162 alius.
1088 2105 1367 2177 Siquidem
1399 2105 1662 2163 Dominus
1722 2107 1967 2196 omnium
2002 2105 2179 2171 Deus,
2232 2118 2296 2158 ac
2343 2103 2532 2157 mundi
2579 2102 2833 2157 conditor
2875 2102 3018 2160 Deus
3066 2100 3213 2161 unus
3270 2118 3384 2173 est,
3433 2109 3599 2166 Pater

275 2219 281 2224 -
332 2199 551 2255 Domini
598 2200 766 2253 nostri
811 2197 938 2253 Iesu
991 2198 1251 2266 Christi‘a

400 2291 521 2345 ΞΘ.
567 2293 700 2362 Περὶ
733 2285 792 2345 οὗ
818 2291 875 2343 δὲ
916 2294 945 2344 6
1000 2292 1318 2356 Ἀπόστολος
1354 2293 1532 2361 λέγει,
1563 2294 1623 2346 ὃν
1656 2294 1912 2364 ᾑρέτισαν

326 2384 426 2437 τὸν
459 2384 588 2436 Θεὸν
617 2383 824 2435 ἑαυτῶν
855 2377 994 2437 εἶναι
1020 2386 1068 2436 oi
1103 2384 1340 2447 ἄπιστοι,
1372 2385 1434 2437 οὑ
1468 2385 1625 2454 μόνον
1649 2384 1791 2452 λέγω
1815 2383 1913 2438 ἕνα

328 2475 469 2528 Θεὸν
497 2471 635 2529 εἷναι
667 2474 762 2528 τοῦ
796 2474 992 2539 αἰῶνος
1025 2476 1236 2537 τούτου,
1273 2477 1348 2548 μὴ
1379 2476 1617 2546 γένοιτοί
1655 2476 1791 2531 ἀλλὰ
1819 2477 1916 2532 καί

328 2567 584 2630 πολλοὺς,
622 2559 704 2629 οἷς
741 2566 968 2629 ἑαυτοὺς
1007 2567 1278 2632 ὑπέταξαν
1315 2570 1365 2621 oi
1402 2570 1642 2632 ἄπιστοι,
1676 2570 1771 2623 καὶ
1794 2568 1917 2621 ιω-

328 2656 629 2729 φλὼοησαν
660 2656 756 2728 τὴν
778 2657 1014 2712 διάνοιαν
1035 2674 1047 2684 ·
1072 2657 1147 2721 ὡς
1181 2659 1276 2711 καὶ
1301 2659 1360 2712 ὲν
1389 2659 1535 2731 ἄλλῳ
1564 2660 1715 2731 τόπῳ
1740 2659 1912 2727 λέγει’

330 2743 451 2804 Ἦν
478 2752 512 2804 ὁ
554 2749 697 2812 Θεὸς
728 2751 767 2817 ἡ
808 2748 1025 2811 κοιλία,
1052 2748 1149 2802 καί
1184 2749 1222 2815 ή
1251 2748 1400 2813 δόξα
1432 2750 1502 2804 ἐν
1540 2750 1615 2819 τῇ
1651 2753 1916 2822 αἰσχύνῃ

328 2840 558 2895 αὐτῶν-⁸
585 2842 679 2893 καὶ
699 2842 728 2893 6
758 2838 963 2910 Κύριος
989 2840 1046 2892 ὲν
1073 2838 1150 2909 τῷ
1173 2840 1504 2910 Εὐαγγελίῳ·
1541 2842 1623 2895 Οὐ
1651 2840 1917 2897 δύνασθε

330 2934 483 2987 δυσὶ
520 2932 740 2999 κυρίοις
779 2929 1130 2994 δουλεύειν,
1165 2930 1349 3000 φησίν,
1382 2927 1514 2983 Εἶτα
1552 2930 1691 3002 μετὰ
1725 2931 1913 2998 πολλὰ,

336 3022 431 3076 ἵνα
458 3021 605 3091 δείξῃ
650 3020 790 3083 τίνες
824 3020 966 3073 εἰσὶν
1013 3022 1063 3073 οἱ
1097 3019 1190 3072 δύο
1233 3018 1431 3090 κύριοι,
1470 3020 1653 3092 φησίν·
1697 3022 1779 3074 Οὐ
1813 3019 1916 3074 δύ-

333 3116 532 3170 νασθε
571 3112 692 3177 Θεῷ
736 3111 1049 3166 δουλεύειν
1081 3112 1178 3165 καὶ
1210 3110 1533 3211 ραμμωνᾷ.
1580 3111 1719 3182 Ἀρα
1758 3107 1867 3211 οὖνὶ
1887 3112 1915 3164 6
1943 3151 1987 3211 C

338 3202 475 3264 Θεὸς
498 3202 648 3265 Θεὸς,
679 3201 775 3254 καὶ
815 3200 1121 3271 μαμμωνᾶς
1150 3198 1281 3262 Θεὸς
1302 3199 1395 3252 τοῦ
1425 3198 1649 3269 κόσμου.
1680 3199 1779 3251 Διὰ
1806 3197 1916 3269 γὰρ

344 3293 446 3348 τοῦ
498 3292 775 3363 μαμμωνᾶ
820 3291 915 3344 καὶ
949 3289 1050 3360 τῆς
1093 3289 1299 3353 κοιλίας
1341 3289 1448 3342 τῶν
1500 3290 1594 3342 δύο
1640 3287 1845 3342 τούτων
1882 3290 1915 3360 ἠ

345 3386 569 3454 πλείστη
619 3383 780 3452 φύσις
820 3382 927 3435 τῶν
979 3380 1280 3453 ἀνθρώπων
1323 3379 1624 3449 τυφλώττει
1667 3376 1917 3442 δελεαζο-

338 3478 506 3549 μένη,
541 3477 637 3546 οὐχ
662 3475 765 3528 ὑπὸ
793 3473 928 3527 Θεοῦ
956 3472 1192 3526 λαϐοῦσα
1222 3474 1323 3544 τὴν
1349 3474 1643 3543 πρόφασιν,
1670 3471 1805 3526 ἀλλὰ
1830 3469 1917 3523 διὰ

336 3569 442 3636 τῆς
469 3566 603 3628 ίδίας
639 3563 1068 3635 κακομηχανίας,
1098 3562 1171 3625 ὡς
1201 3563 1430 3626 ἕκαστος
1462 3562 1786 3633 ὀρεγόμενος
1824 3561 1917 3615 ἐπὶ

333 3663 408 3732 τῇ
436 3657 661 3729 ἀπιστίᾳ
685 3658 876 3710 ἑαυτὸν
924 3655 1290 3727 παραδίδωσιν
1331 3655 1641 3726 ὑποχείριον
1675 3654 1913 3708 πάντων.

338 3750 509 3804 Ὅθεν
532 3751 622 3803 καὶ
641 3752 668 3803 6
697 3747 1014 3811 Ἀπόστολος
1032 3748 1208 3816 λέγει·
1251 3745 1396 3806 Ῥίζα
1420 3747 1661 3800 πάντων
1683 3745 1802 3799 τῶν
1818 3762 1919 3799 κα-

334 3843 650 3898 κῶνέστιν
663 3844 698 3911 ἡ
720 3841 1094 3911 φιλαργυρία.
1117 3839 1323 3893 Καὶδιὰ
1348 3838 1507 3893 τοῦτο
1525 3840 1793 3908 ἐπαρᾶται
1815 3855 1913 3891 κα⁶

336 3938 414 4005 κῇ
446 3931 989 4006 προλήψειθεοποιίας
1013 3931 1206 3999 λέγων·
1230 3928 1678 3997 Τὰβρώματατῇ
1698 3930 1917 3995 κοιλίᾳ,

338 4026 445 4080 καὶ
468 4026 505 4092 ή
528 4026 725 4078 κοιλία
742 4023 865 4089 τοῖς
878 4022 1215 4091 βρώμασιν.
1246 4022 1309 4074 Ὀ
1333 4019 1402 4074 δὲ
1417 4021 1561 4085 Θεὸς
1576 4021 1672 4074 καί
1694 4023 1922 4087 ταύτην

337 4118 442 4171 καὶ
468 4115 654 4169 ταῦτα
679 4114 1038 4184 καταργήσει
1058 4132 1072 4145 ·
1094 4112 1444 4185 ἐπαρώμενος
1468 4114 1703 4183 γαστρὸς
1732 4114 1920 4167 ἐπιου-

341 4210 515 4281 μίαις.
555 4208 615 4261 '0
642 4207 778 4273 Θεὸς
807 4207 987 4261 τοίνυν
1014 4206 1121 4260 τοῦ
1142 4206 1355 4272 αἰῶνος
1372 4208 1588 4259 τούτου
1619 4206 1922 4274 ἐτύφλωσε

338 4303 418 4355 τὰ
442 4300 706 4369 νοήματα
727 4298 843 4352 τῶν
863 4299 1151 4352 ἀπίστων·
1174 4296 1250 4360 ὡς
1281 4297 1373 4349 καὶ
1414 4298 1473 4349 ὲν
1500 4295 1578 4366 τῷ
1607 4296 1922 4365 Εὑαγγελίῳ

340 4391 654 4460 εὑρίσκεται
675 4393 704 4443 6
725 4390 1084 4459 γραμματεὺς
1100 4387 1313 4459 πρῶτος
1328 4387 1422 4440 καὶ
1449 4386 1697 4458 δεύτερος
1717 4387 1889 4456 λέγων
1905 4405 1919 4419 ·

1308 2201 1403 2271 qui
1458 2216 1740 2271 nunquam
1790 2190 1915 2256 esse
1948 2190 2181 2255 desinet.

2086 2287 2270 2344 LXIX.
2306 2286 2479 2355 Quem
2508 2303 2637 2343 vero
2662 2299 3056 2346 commemorat
3082 2290 3399 2365 Apostolus,
3424 2298 3598 2356 ultro.

2016 2398 2123 2454 que
2168 2382 2236 2437 ab
2305 2381 2616 2437 inﬁdelibus
2657 2382 2970 2452 adoptatum
3011 2386 3354 2457 ascitumque
3386 2400 3597 2461 narrat,

2016 2490 2129 2531 non
2163 2490 2330 2530 unum
2360 2474 2509 2527 illum
2570 2474 2856 2544 solumque
2885 2475 3068 2530 saeculi
3094 2478 3255 2548 hujus
3283 2496 3404 2535 esse
3427 2479 3598 2537 Deum

2017 2567 2164 2633 dico,
2197 2567 2292 2623 sed
2323 2566 2529 2636 plures,
2562 2566 2762 2637 quibus
2797 2582 2857 2621 se
2884 2567 3128 2623 inﬁdeles
3159 2570 3512 2641 subjeeerint,
3544 2582 3598 2630 et

2017 2659 2218 2714 animis
2276 2658 2537 2714 obcaecati
2586 2658 2717 2713 sint.
2783 2657 3252 2724 Quemadmodum
3309 2665 3418 2719 alio
3477 2666 3599 2722 loco

2020 2751 2194 2805 dicit:
2236 2749 2477 2816 Quorum
2523 2750 2665 2804 Deus
2697 2760 2873 2804 venter
2909 2761 3008 2816 est,
3043 2762 3093 2806 et
3126 2751 3299 2823 gloria
3330 2757 3382 2810 in
3412 2758 3601 2829 confu-

2018 2847 2163 2900 sione
2192 2846 2481 2915 ipsorum’.
2540 2844 2676 2900 Item
2714 2846 2768 2899 in
2802 2842 3095 2916 Evangelia
3126 2848 3429 2906 Dominus:
3474 2848 3600 2907 Non

2016 2937 2231 3005 potestis
2251 2935 2452 2989 duobus
2477 2934 2704 2989 dominis
2728 2934 2970 2991 servire’.
2991 2934 3196 2993 Deinde
3222 2940 3409 2994 multis
3431 2940 3608 2996 inter-

2012 3026 2198 3095 jectis,
2228 3033 2285 3080 ut
2318 3026 2537 3096 quinam
2566 3026 2673 3080 duo
2697 3026 2772 3079 illi
2795 3027 3000 3082 domini
3024 3037 3210 3084 essent
3238 3031 3551 3086 ostenderet
3581 3052 3594 3087 :

2019 3116 2145 3170 Non
2205 3117 2446 3186 potestis,
2491 3118 2688 3187 inquit,
2739 3119 2931 3173 servire
2970 3119 3075 3174 Deo
3121 3131 3173 3174 et
3228 3123 3596 3180 mammona".

2019 3204 2383 3273 Quamobrem
2424 3214 2479 3261 et
2510 3207 2651 3263 Deus
2681 3223 2807 3263 vere
2842 3207 2981 3264 Deus
3022 3218 3123 3275 est,
3166 3220 3220 3267 et
3261 3228 3600 3271 mammonas

2019 3298 2185 3368 hujus
2220 3298 2408 3353 mundi
2443 3298 2605 3354 Deus.
2660 3294 2793 3353 Nam
2828 3301 3137 3364 amborum,
3173 3303 3276 3358 hoc
3307 3313 3391 3359 est
3423 3321 3600 3361 mam-

2020 3406 2196 3445 mona:
2243 3406 2308 3446 ac
2355 3391 2585 3455 ventris,
2617 3388 2871 3445 illecebra
2917 3392 3142 3461 pellecta
3191 3396 3425 3448 maxima
3468 3412 3598 3466 pars

2020 3482 2330 3535 mortalium
2362 3489 2701 3546 exceeeatur;
2757 3481 2918 3548 cujus
2948 3482 3168 3551 quidem
3204 3485 3419 3553 culpam
3457 3486 3600 3542 Deus

2021 3571 2246 3625 minime
2287 3570 2544 3633 sustinet,
2585 3571 2680 3625 sed
2724 3572 2933 3640 privata
2979 3571 3197 3627 illorum
3252 3573 3597 3646 improbitas,

2020 3674 2120 3729 pro
2145 3673 2210 3715 eo
2242 3675 2307 3714 ac
2333 3661 2565 3730 quisque
2597 3660 2894 3730 cupiditate
2940 3661 3139 3716 ductus
3170 3680 3265 3734 per
3305 3666 3597 3723 inlidelitao

2023 3758 2129 3805 tem
2157 3750 2462 3820 subjectum
2498 3752 2664 3822 690
2690 3768 2749 3808 se
2778 3753 3035 3807 omnibus
3060 3754 3468 3825 obnoxiumque
3492 3768 3601 3813 tra-

2021 3841 2247 3895 diderit.
2280 3840 2420 3896 Hinc
2444 3843 2578 3897 illud
2595 3845 2839 3913 Apostoli
2868 3844 3108 3900 dictum:
3141 3846 3315 3901 Radix
3339 3850 3621 3906 malorum

2023 3934 2256 3988 omnium
2297 3944 2375 3987 est
2404 3936 2633 3989 avaritia
2652 3937 2695 3991 ⁸.
2744 3935 2883 3989 IIine
2917 3948 3301 4008 prtesumptatn
3344 3942 3490 3994 illam
3538 3957 3601 3997 ac

2022 4026 2370 4095 depravatum
2401 4026 2660 4082 falsorum
2692 4027 2918 4083 deorum
2948 4030 3259 4099 opinionem
3286 4043 3603 4089 exsecratur

2024 4117 2108 4170 his
2136 4117 2353 4172 verbis:
2394 4115 2533 4172 Esca
2562 4122 2725 4173 ventri
2769 4131 2819 4173 et
2857 4130 3033 4174 venter
3055 4124 3210 4176 escis.
3244 4122 3388 4179 Deus
3425 4137 3598 4181 autem

2021 4206 2230 4259 ethunc
2262 4218 2310 4259 et
2340 4206 2465 4262 illas
2494 4209 2780 4265 destruet“.
2826 4210 3037 4276 Quibus
3068 4214 3249 4268 verbis
3283 4218 3487 4270 ventris
3511 4234 3602 4271 cu-

2023 4297 2281 4367 piditates
2304 4298 2392 4352 ille
2414 4300 2716 4355 detestatus
2738 4312 2838 4355 est.
2869 4303 3009 4357 Deus
3037 4305 3217 4374 itaque
3237 4306 3420 4359 θανουίὶ
3444 4306 3601 4375 hujus

2022 4390 2305 4443 exca’cavit
2346 4400 2543 4444 mentes
2584 4392 2940 4459 inﬁdelium".
3002 4391 3121 4460 Quo
3171 4395 3301 4449 illud
3344 4397 3601 4465 pertinet,

345 4483 418 4537 Τί
469 4483 729 4550 ποιήσας
773 4480 927 4549 ζωὴν
963 4479 1203 4533 αἰώνιον
1238 4478 1707 4548 κληρονομήσω;
1754 4482 1812 4532 Ὀ
1862 4479 1914 4531 δὲ

2025 4479 2169 4549 quod
2196 4479 2248 4532 in
2275 4479 2565 4551 Evangelio
2591 4482 2839 4551 legimus,
2860 4484 3091 4552 primum
3116 4485 3267 4539 illum
3292 4494 3346 4540 et
3367 4488 3599 4542 alterunt

340 4577 487 4646 ἔφη·
533 4576 674 4643 Τιζιια
708 4574 814 4626 τὸν
846 4573 1072 4641 πατέρα
1115 4572 1213 4625 καὶ
1252 4572 1368 4639 τὴν
1398 4570 1628 4640 μητέρα
1671 4570 1820 4623 κατὰ
1853 4570 1915 4621 τὸ

340 4666 766 4737 γεγραμμένον.
803 4665 877 4718 Οὐ
924 4665 1032 4734 γὰρ
1090 4658 1157 4733 ἦν
1197 4662 1450 4733 ἀλλότρια
1479 4661 1547 4715 τὰ
1586 4659 1680 4713 τοῦ
1729 4661 1918 4731 νόμου.

353 4757 631 4820 Ὡσαύτως
654 4758 682 4809 6
707 4756 904 4827 Κύριος
932 4755 1173 4809 διδάσκει
1204 4752 1350 4822 ζωῆς
1392 4751 1751 4822 κληρονομίας
1784 4748 1921 4802 εἶναι

337 4849 449 4920 τὴν
500 4847 900 4917 παραφυλακὴν
942 4845 1037 4900 τοῦ
1085 4845 1272 4915 νόμου.
1324 4841 1456 4897 Εἶτά
1512 4859 1675 4913 φησιο
1732 4842 1922 4895 Ταῦτα

339 4942 548 4998 πάντα
590 4940 851 5006 ἐποίησα
896 4939 963 4992 ἐκ
1005 4938 1289 5005 νεότητός
1330 4954 1473 5006 μου.
1534 4936 1641 4988 Καὶ
1680 4932 1921 4996 ἀκούσας

339 5035 540 5107 ἐχάρη,
566 5034 651 5087 ἵνα
674 5033 821 5103 δείξῃ
841 5032 938 5094 τὰς
962 5029 1182 5092 ἐντολὰς
1207 5028 1300 5081 τοῦ
1329 5028 1493 5097 νόμου
1519 5028 1618 5079 οὐκ
1639 5024 1921 5095 ἀλλοτρίας

340 5129 447 5198 τῆς
474 5125 637 5179 αὐτοῦ
663 5125 912 5194 Θεότητος
936 5120 1307 5194 ὑπαρχούσας.
1345 5119 1443 5172 Διὰ
1471 5118 1579 5190 γὰρ
1608 5117 1702 5172 τοῦ
1726 5120 1919 5179 εἰπεῖν,

337 5226 428 5278 δτι
459 5223 653 5294 ἐχάρη,
699 5220 1094 5287 συγκατάθεσιν
1125 5217 1417 5287 ἐποιήσατο
1454 5215 1700 5278 Παλαιᾶς
1730 5211 1922 5282 Διαθὴ-

339 5335 448 5387 κης
476 5315 611 5386 πρὸς
644 5314 790 5367 Νέαν
824 5311 1116 5383 Διαοήκην.
1151 5307 1310 5361 Ἀ).λά
1344 5323 1507 5376 φησι·
1551 5305 1612 5359 Τί
1640 5305 1727 5359 ἔτι
1756 5306 1923 5359 ὑστε-

329 5407 455 5481 ρῶ;
486 5409 598 5462 Καὶ
640 5406 773 5476 φησι
809 5403 944 5473 πρὸς
971 5402 1164 5456 αὐτόν·
1209 5402 1277 5454 Ei
1317 5400 1510 5463 θέλεις
1550 5399 1779 5463 τέλειος
1826 5413 1921 5467 γε-

336 5500 584 5564 νέσθαι,
629 5496 919 5563 πώλησον
961 5493 1033 5546 τὰ
1084 5486 1434 5559 ὑπάρχοντὰ
1479 5504 1608 5553 σοι,
1664 5486 1764 5540 καὶ
1817 5486 1922 5553 δὸς

433 5661 482 5714 ¹1
522 5661 653 5716 Cor.
693 5674 730 5721 ι,
774 5656 829 5710 5.
905 5652 1162 5724 ’Philipp

337 5749 413 5801 ινν
443 5733 502 5790 4,
576 5732 601 5763 ⁸
644 5728 834 5789 hiauit.
874 5740 986 5787 xu,
1020 5721 1208 5779 16319.
1282 5724 1303 5754 ³
1336 5721 1473 5779 ibtd.
1508 5721 1599 5778 Ἥ).

714 5821 988 5880 Ρηιιοι..
1019 5818 1135 5875 (in.
1186 5814 1377 5875 XLII.

2027 4572 2237 4625 dixisse
2268 4572 2505 4626 scribam
2530 4592 2542 4627 :
2580 4573 2720 4638 Quid
2742 4574 2986 4642 faciendo
3017 4578 3178 4630 vitam
3208 4587 3458 4632 a'ternam
3484 4598 3579 4633 con

2022 4663 2262 4731 sequar?
2314 4662 2555 4726 Honora,
2603 4664 2798 4732 inquit,
2843 4675 3044 4733 patrem
3086 4676 3132 4718 et
3185 4675 3426 4726 matrem,
3467 4668 3601 4722 sica:

2024 4754 2277 4821 scriptum
2318 4755 2453 4808 est“.
2515 4751 2633 4806 Non
2674 4755 2817 4808 enim
2853 4756 3025 4809 aliena
3073 4755 3205 4826 legis
3243 4764 3402 4810 erant
3435 4759 3504 4812 ab
3537 4776 3599 4814 eo

2026 4846 2310 4910 mandata;
2361 4845 2694 4915 perindeque
2737 4844 2997 4900 Dominus
3029 4847 3175 4900 illius
3218 4847 3603 4906 observatione

2026 4937 2146 4992 vita:
2169 4936 2411 4991 caelestis
2436 4937 2805 4991 lnereditatem
2837 4937 3069 4993 obtineri
3104 4939 3309 4993 docuit.
3360 4940 3603 5009 Subjeeit

2024 5029 2091 5083 ad
2130 5027 2244 5082 haec
2268 5029 2491 5098 juvenis
2522 5046 2534 5082 :
2560 5027 2685 5081 Iiwc
2718 5029 2895 5081 omnia
2928 5030 3126 5083 servavi
3154 5031 3219 5083 ab
3247 5031 3606 5087 adolescentia

2024 5120 2192 5175 mea“.
2230 5117 2349 5186 Quo
2378 5119 2564 5174 audito
2592 5118 2841 5175 Christus
2872 5122 3094 5191 gavisus
3124 5130 3230 5187 est,
3266 5132 3325 5177 ut
3348 5125 3603 5182 ostende-

2025 5222 2106 5266 ret
2139 5227 2168 5265 a
2196 5212 2480 5267 divinitate
2520 5229 2619 5267 sua
2666 5228 3005 5282 nequaquam
3042 5222 3308 5285 praecepta
3345 5216 3477 5285 legis
3507 5217 3604 5270 ab—
3646 5234 3661 5247 ο

2026 5305 2267 5359 horrere.
2321 5303 2457 5357 Cum
2501 5304 2644 5359 enim
2695 5305 2917 5375 gavisus
2962 5321 3083 5363 esse
3126 5307 3345 5372 dicitur,
3388 5304 3602 5361 Veteris

2024 5395 2358 5450 Testamenti
2390 5413 2513 5451 cum
2540 5395 2688 5451 Novo
2715 5399 3138 5455 consensionem
3166 5414 3229 5453 ac
3253 5398 3606 5453 concordiam

2025 5488 2278 5541 astruxit.
2305 5486 2543 5543 Instante
2566 5503 2694 5544 vero
2727 5489 3075 5545 adolescente
3131 5497 3206 5555 et,
3267 5487 3410 5554 Quid
3431 5487 3603 5544 adhuc

1169 5696 1180 5707 .
1208 5668 1292 5713 III,
1320 5652 1404 5707 l9.
1480 5652 1500 5683 ³
1537 5648 1729 5705 Matth.
1759 5664 1837 5715 vs,
1871 5647 1914 5701 2

2050 5650 2073 5682 ⁸
2110 5649 2243 5706 ibid.
2284 5650 2343 5706 'I
2376 5649 2517 5708 Tim.
2548 5668 2625 5719 vr,
2654 5652 2742 5709 I0.
2817 5654 2837 5685 '
2867 5654 2883 5709 Ι
2911 5651 3030 5709 Cor.
3071 5668 3147 5715 vr,
3188 5651 3256 5708 15
3353 5650 3440 5707 'II
3465 5649 3607 5712 Cor.

3206 5812 3248 5874 5

2143 5887 2177 5903 ει
