4078 6404
576 354 679 413 139

1953 345 2010 400 S.
2051 343 2157 401 EPI

2261 342 2397 398 AN"
3729 353 3814 409 H0

573 474 704 529 mihi
742 472 930 528 deest?
971 471 1368 542 interrogante,
1412 466 1683 523 Dominus
1724 467 2036 538 respondit:
2099 466 2158 521 Si

2261 463 2538 533 πτωχοῖς,
2566 464 2666 518 καί
2689 464 2837 518 λάϐε
2869 463 3260 534 τὸνσταυρόν
3293 481 3445 523 σου·
3477 469 3570 524 καί
3596 471 3816 528 ἀκολού-

572 568 650 622 vis
675 566 938 636 perfectus
959 580 1091 627 esse,
1114 561 1273 617 vende
1291 576 1410 628 qute
1437 560 1619 625 habes,
1643 570 1691 614 et
1721 560 1790 614 da
1818 560 2157 629 pauperibus,

569 670 618 714 et
651 673 801 712 sume
840 671 1046 709 crucem
1089 663 1272 717 tuam,
1329 663 1379 708 et
1424 669 1636 722 sequere
1677 669 1795 716 me;
1841 662 1891 707 et
1947 653 2158 707 habebis

571 749 878 802 thesaurum
919 747 974 799 in
1007 745 1160 800 caelo.
1215 744 1406 799 Atille
1441 745 1612 799 tristis
1653 744 1821 806 abiit;
1865 754 1980 798 erat
2017 746 2156 798 enim

568 839 862 895 admodum
892 838 1034 892 dives
1059 838 1098 891 '.
1145 836 1261 891 Sub
1296 837 1410 892 hinc
1442 838 1739 892 Dominus:
1781 837 2021 890 Facilius
2057 848 2155 900 est,

567 931 770 1002 inquit,
817 930 1082 984 camelum
1127 945 1224 998 per
1271 927 1509 996 foramen
1555 945 1680 983 acus
1725 927 1951 1000 ingredi,
1999 945 2158 998 quam

563 1024 782 1078 divitem
809 1023 866 1076 in
899 1037 1116 1092 regnum
1147 1021 1397 1075 cartorum
1416 1021 1459 1075 ‘.

636 1115 763 1171 Ideo
800 1115 948 1170 enim
983 1112 1195 1184 ingredi
1239 1125 1540 1184 nequeunt,
1577 1113 1722 1183 quod
1762 1127 1792 1167 a
1833 1114 1937 1168 deo
1971 1115 2158 1168 saeculi

566 1209 734 1279 hujus
765 1207 1028 1262 obcaecati
1060 1205 1289 1269 fuerint,
1313 1213 1367 1259 et
1392 1221 1758 1260 mammonam
1789 1220 1890 1276 pro
1923 1204 2031 1260 Deo
2063 1206 2158 1259 ha-

568 1301 697 1355 bere
727 1299 1087 1365 instituerint,
1131 1312 1195 1352 ac
1229 1313 1288 1354 se
1315 1296 1554 1366 denique
1585 1297 1770 1351 saeculi
1803 1298 1906 1351 dco
1937 1306 2157 1366 sponte,

567 1393 674 1446 hoc
706 1401 791 1449 est
822 1392 1086 1458 avaritize,
1114 1390 1472 1459 subjccerint.
1517 1387 1597 1442 Ad
1628 1390 1773 1460 quod
1808 1390 1937 1443 illud
1977 1389 2162 1443 Salva-

569 1485 705 1540 toris
739 1491 984 1556 spectat:
1049 1480 1313 1537 Attendite
1350 1499 1383 1535 a
1439 1481 1696 1550 fermento
1733 1481 2156 1544 Pharisworunt,

566 1575 704 1634 quod
728 1583 806 1630 est
834 1573 1124 1645 hypocrisis
1139 1573 1180 1626 ³.
1248 1572 1371 1626 Alio
1414 1584 1544 1626 vero
1575 1571 1716 1634 loco,
1756 1573 1894 1641 quod
1923 1581 2003 1626 est
2035 1590 2161 1626 ava-

568 1669 717 1720 ritia.
737 1665 909 1735 Cujus
938 1675 996 1720 ut
1026 1664 1264 1719 fructum
1295 1679 1544 1734 opusque
1573 1663 1930 1733 signiﬁcaret,
1968 1663 2157 1730 Duces,

571 1758 784 1828 inquit,
833 1757 960 1810 carci
1004 1766 1149 1810 sunt.
1197 1753 1381 1810 Caecus
1429 1764 1604 1807 autem
1648 1769 1842 1807 meum
1887 1755 1934 1809 si
1973 1754 2156 1820 ducat,

573 1849 729 1903 ambo
762 1849 816 1902 in
859 1847 1065 1916 foveam
1099 1844 1345 1899 cadent“.
1398 1842 1554 1911 Quod
1602 1844 1853 1899 videlicet
1895 1861 1996 1900 sua
2037 1846 2160 1902 illos
2194 1873 2230 1926 Β

570 1941 864 1998 ειεωοοτίι
895 1940 1145 2005 avaritia,
1176 1938 1270 2009 qui
1299 1945 1386 1993 est
1421 1936 1584 2006 hujus
1619 1937 1804 1991 swculi
1842 1939 1978 1994 deus
2001 1979 2016 2000 ,
2061 1953 2159 1993 ne-

570 2051 678 2106 que
709 2034 780 2089 ob
811 2048 933 2089 eam
971 2033 1271 2086 caecitatem
1306 2030 1361 2083 in
1407 2044 1600 2084 eorum
1633 2028 1892 2084 cordibus
1928 2045 2159 2100 evange-

571 2125 714 2178 licus
739 2122 830 2177 ille
855 2120 1114 2193 splendor
1139 2119 1394 2172 illuxerit.
1423 2118 1601 2188 Atque
1625 2117 1740 2172 haec
1767 2118 1884 2188 ipsa
1914 2121 2160 2189 pecuniae

572 2212 849 2284 cupiditas
907 2227 1015 2266 non
1048 2210 1210 2266 modo
1232 2207 1428 2264 Judam
1457 2209 1774 2276 excaecavit,
1801 2209 1896 2266 sed
1924 2221 1979 2264 et
2007 2210 2156 2264 Ana-

570 2307 676 2363 niae
705 2320 896 2362 necem
925 2303 1130 2370 attulit,
1161 2312 1216 2358 et
1244 2303 1535 2372 plerosque
1561 2301 1701 2358 alios
1733 2303 2018 2358 exstinxit.
2057 2302 2158 2357 Hic

569 2407 677 2462 est,
708 2397 957 2467 inquam,
989 2393 1157 2465 hujus
1185 2394 1372 2449 saeculi
1415 2393 1574 2459 deus,
1594 2407 1757 2463 quem
1789 2409 1891 2464 pro
1923 2393 2034 2449 Deo
2051 2395 2158 2450 sibi

570 2489 896 2558 adoptantes
920 2487 1193 2550 homines,
1217 2500 1340 2541 cum
1364 2484 1414 2539 ei
1439 2483 1764 2540 honorando
1787 2484 2155 2550 studuissent,

573 2582 866 2638 Dominum
897 2585 1384 2648 contempserunt:
1420 2577 1569 2648 quod
1599 2577 1686 2632 his
1719 2577 1835 2648 ipse
1862 2577 2046 2633 verbis
2077 2578 2157 2631 in~

571 2669 749 2724 dicat:
790 2666 966 2722 Unum
994 2666 1356 2734 amplectetur,
1393 2666 1621 2720 alterum
1643 2675 1959 2720 contemnet.
1993 2666 2154 2738 691

573 2760 699 2816 Non
746 2761 964 2831 potestis
1005 2757 1116 2814 Deo
1164 2759 1359 2813 servire
1395 2767 1446 2812 et
1492 2775 1810 2814 mammonae
1826 2759 1870 2814 '.
1921 2756 2159 2814 Videsne

570 2864 738 2922 quam
795 2850 1002 2905 diserte
1053 2848 1451 2918 perspicueque
1506 2863 1598 2904 res
1656 2856 1772 2904 tota
1814 2848 2161 2905 declaretur?

572 2943 705 2998 Nam
729 2943 913 2998 nullus
936 2942 1073 2996 alter
1094 2941 1238 2996 Deus
1259 2946 1363 3008 est,
1387 2955 1490 2996 nec
1514 2940 1571 2996 in
1591 2941 1757 3006 caelo,
1784 2954 1885 2997 nec
1908 2942 1964 2996 in
1987 2949 2156 3010 terra,

571 3045 674 3086 nec
713 3031 840 3086 ullis
872 3029 994 3084 aliis
1040 3029 1099 3084 in
1131 3029 1290 3093 locis,
1339 3039 1539 3099 praeter
1577 3046 1747 3086 unum
1796 3031 2038 3097 Patrem,
2090 3048 2156 3088 ex

571 3138 682 3190 quo
730 3122 953 3189 omnia;
1006 3129 1063 3178 et
1105 3135 1276 3177 unum
1327 3121 1617 3178 Dominum
1669 3131 1924 3181 nostrum
1967 3123 2156 3181 Jesum

2263 563 2349 611 θει
2375 575 2506 627 μοι·
2558 560 2654 611 καὶ
2695 559 2854 622 ἕξεις
2892 559 3205 626 θησαυρόν
3250 560 3320 612 ἐν
3364 561 3613 628 οὐρανῷ.
3661 565 3717 617 '0
3759 566 3814 619 δὲ

2262 647 2499 716 ἀπῆλθε
2529 650 2941 718 λυπούμενος·
2978 645 3059 718 ἦν
3098 651 3210 718 γὰρ
3249 653 3546 717 πλούσιος
3585 656 3813 722 σφόδρα.

2262 739 2394 794 Εἶτα
2426 742 2454 792 ὁ
2493 741 2698 811 Κύριος
2746 739 2849 810 ἔφη
2874 753 2886 766 ⁶
2922 740 3354 808 Εὐκοπώτερόν
3393 741 3522 795 ἐστι
3571 742 3817 812 κάμηλον

2261 833 2359 886 διὰ
2396 832 2723 902 τρυμαλιᾶς
2738 831 2996 902 ῥαφίδος
3025 833 3324 887 εἰσελθεῖν
3341 875 3354 899 ,
3381 834 3420 902 ἢ
3453 835 3738 888 πλούσιον
3758 837 3818 888 ὲν

2262 924 2336 993 τῇ
2355 926 2644 993 βασιλείᾳ
2671 925 2789 978 τῶν
2809 926 3100 994 οὐρανῶν.

2332 1101 2406 1154 Ού
2455 1100 2675 1153 δύναται
2716 1100 2827 1170 γὰρ
2858 1100 3151 1166 εἰσελθεῖν,
3180 1101 3261 1154 ὅτι
3304 1100 3686 1171 ὲτυφλὼθησαν
3727 1101 3817 1154 ὑπὸ

2260 1193 2353 1246 τοῦ
2417 1193 2539 1245 θεοῦ
2592 1193 2686 1245 τοῦ
2729 1193 2945 1256 αἰῶνος,
2994 1194 3334 1263 ἡγησάμενοι
3388 1194 3481 1245 τὸν
3533 1197 3816 1264 μαμμωνᾶν

2261 1285 2468 1339 ἑαυτῶν
2500 1285 2660 1347 Θεὸν,
2703 1287 2797 1338 καὶ
2839 1287 3075 1348 ἑαυτοὺς
3101 1286 3447 1356 ὑποχειρίους
3484 1287 3817 1355 πεποιηκότες

2259 1375 2339 1445 τῷ
2379 1375 2486 1445 θεῷ
2511 1373 2605 1428 τοῦ
2632 1374 2829 1438 αἰῶνος
2858 1375 3071 1436 τούτου,
3102 1374 3350 1426 τουτέστι
3379 1375 3446 1444 τῇ
3475 1373 3814 1444 φιλαργυρίᾳ·

2261 1469 2336 1531 ὠς
2370 1469 2549 1536 λέγει·
2601 1469 2936 1535 Προσέχετε
2984 1467 3102 1522 ἀπὸ
3143 1466 3255 1535 τῆς
3295 1465 3479 1536 ᾆᾶμης
3523 1467 3633 1536 τῆς
3663 1469 3816 1533 Φαρι-

2261 1561 2481 1622 σαίων,
2511 1559 2644 1627 ἥτις
2676 1560 2848 1613 ἐστὶν
2876 1561 3196 1627 ὑπόκρισις
3217 1578 3229 1590 ·
3258 1562 3351 1614 καὶ
3385 1561 3442 1613 ὲν
3482 1561 3624 1631 ἄλλῳ
3653 1560 3815 1629 τόπῳ·

2262 1652 2394 1720 ἣτις
2441 1651 2572 1704 ἐστὶ
2616 1653 2994 1721 φιλαργυρία.
3043 1653 3151 1704 Kal.
3194 1653 3280 1706 ἵνα
3335 1651 3482 1723 δείξῃ
3534 1652 3728 1723 ταύτης
3768 1653 3817 1704 τὸ

2260 1743 2607 1815 ἀποτέλεσμα
2641 1745 2736 1797 καὶ
2773 1744 2834 1796 τὸ
2869 1743 3050 1814 ἔργον,
3080 1743 3259 1812 λέγει·
3311 1744 3554 1814 Ὀδηγυί
3583 1747 3694 1798 είσι
3734 1762 3818 1798 τυ-

2260 1837 2423 1903 φλοί.
2461 1836 2697 1904 Τυφλός
2729 1834 2798 1889 δὲ
2833 1834 3070 1903 τυφλὸν
3101 1835 3368 1902 ὁδηγῶν,
3405 1836 3717 1905 ἀμφότεροι
3746 1837 3820 1900 είς

2254 1928 2527 1990 ,βόθυνον
2551 1926 2978 1995 ἐμπεσοῦνται.
3021 1925 3239 1998 Ἐπειδὴ
3272 1926 3380 1998 γάρ
3413 1927 3716 1996 ἐτύφλωσεν
3737 1926 3819 1978 αύ-

2258 2017 2385 2080 τοὺς
2425 2017 2459 2086 ὴ
2494 2016 2853 2088 φιλαργυρία,
2900 2019 2929 2070 ό
2961 2017 3081 2082 θεὸς
3113 2017 3209 2070 τοῦ
3255 2017 3450 2082 αἰῶνος
3492 2017 3698 2081 τούτου,
3740 2017 3819 2069 καὶ

2259 2107 2321 2159 ού
2363 2106 2716 2177 κατηύγασεν
2753 2108 2782 2159 ό
2814 2108 3094 2177 φωτισμὸς
3121 2108 3216 2161 τοῦ
3258 2108 3592 2176 Εὑαγγελίου
3621 2111 3676 2162 ἐν
3717 2109 3818 2170 ταῖς

2259 2198 2511 2270 καρδίαις
2543 2199 2758 2265 αὐτῶν,
2793 2200 2881 2253 διὰ
2911 2201 2972 2253 τὺ
3015 2201 3388 2270 πτυφλῶσθαι
3418 2203 3550 2273 περὶ
3591 2201 3685 2274 τὴν
3713 2202 3817 2271 φιλ-

2260 2290 2548 2361 αργυρίαν.
2593 2289 2744 2362 Δῦτη
2783 2291 2895 2362 γὰρ
2922 2291 3016 2344 τὸν
3067 2291 3266 2345 Ἰούδαν
3305 2290 3644 2361 ἐτύφλωσεν·
3697 2291 3818 2360 αὕτη

2261 2379 2356 2432 καὶ
2405 2381 2530 2442 τοὺς
2565 2381 2694 2450 περὶ
2744 2381 2993 2434 Ἀνανίαν
3038 2381 3358 2436 ἀπέκτεινεν
3377 2398 3391 2412 ·
3435 2381 3579 2454 αὕτη
3619 2383 3818 2445 πολλοὺς

2263 2470 2564 2542 ἡφάνησεν.
2609 2465 2780 2536 Οὗτός
2821 2476 2969 2526 ἐστιν
3004 2475 3034 2527 ό
3076 2473 3198 2537 θεὸς
3234 2474 3330 2527 τοῦ
3375 2474 3577 2539 αἰῶνος
3619 2475 3817 2528 τούτου·

2262 2564 2320 2618 ὃν
2361 2565 2726 2636 αίρησάμενοι
2769 2565 2906 2619 Θεὸν
2949 2566 2998 2618 οἱ
3049 2565 3326 2638 ἄνθρωποι
3375 2567 3700 2622 ἐπελάϐοντο
3737 2567 3820 2637 τῆς

2260 2657 2397 2730 πρὸς
2431 2658 2596 2712 αὑτὸν
2624 2657 2813 2729 τιμῆς,
2841 2659 2936 2712 καὶ
2963 2659 3378 2730 κατεφρόνησαν
3399 2657 3497 2712 τοῦ
3522 2661 3738 2732 Κυρίου,
3757 2659 3820 2720 ὡς

2257 2746 2441 2816 λέγει·
2489 2747 2600 2802 Τοῦ
2641 2748 2757 2818 μὲν
2787 2748 2927 2815 ἐνὸς
2973 2748 3318 2814 ἀνθέξεται,
3366 2751 3473 2805 τοῦ
3524 2752 3594 2805 δὲ
3640 2750 3823 2819 ἐτέρου

2259 2840 2724 2910 καταφρονήσει.
2769 2842 2852 2895 Οὐ
2894 2840 3163 2896 δύνασθε
3196 2842 3318 2908 Θεῷ
3357 2842 3697 2910 δουλεύειν,
3737 2843 3821 2896 καὶ

2252 2930 2568 3001 μαμμωνᾷ.
2605 2932 2718 2985 Kal.
2754 2932 2888 3004 δρᾷς
2927 2931 3106 3004 ῥητῶς
3143 2935 3238 2986 καὶ
3279 2935 3466 3004 σαφῶς
3519 2937 3578 2989 τὸ
3615 2937 3822 3007 πρᾶγμα

2259 3023 2728 3094 ὲρμηνευόμενονς
2791 3022 2980 3086 Οὐδεὶς
3031 3025 3141 3094 γάρ
3186 3023 3265 3078 ἔνι
3313 3025 3501 3096 ἕτερος
3552 3027 3696 3091 Θεὸς,
3736 3027 3820 3079 οὐκ

2259 3117 2318 3169 ὲν
2345 3117 2579 3188 οὐρανῷ,
2609 3116 2709 3169 οὐκ
2736 3117 2796 3168 ὲν
2822 3118 2887 3186 τῇ
2922 3118 3016 3187 γῇ,
3041 3117 3142 3169 οὐκ
3181 3119 3240 3170 ὲν
3265 3120 3401 3171 πᾶσι
3440 3121 3680 3190 χωρίοις,
3704 3118 3824 3172 άλλά

569 3213 875 3277 Christum,
903 3227 999 3282 per
1024 3226 1186 3282 quem
1212 3213 1427 3278 omnia;
1452 3221 1508 3268 et
1536 3229 1706 3269 unum
1729 3213 1996 3286 Spiritum
2025 3230 2154 3272 san-

2259 3203 2339 3272 εἷς
2368 3209 2579 3280 Πατὴρ,
2610 3207 2670 3273 se
2698 3203 2758 3263 οὗ
2786 3209 2858 3260 τά
2886 3208 3093 3270 πάντα,
3139 3210 3231 3262 καὶ
3273 3204 3353 3273 εἷς
3386 3210 3594 3282 Κύριος
3640 3210 3818 3282 Ἰησοῦς

568 3311 742 3369 ctum,
773 3305 826 3358 in
859 3317 971 3373 quo
1000 3302 1185 3357 omnia
1213 3320 1229 3370 ;
1269 3318 1392 3374 qua:
1418 3313 1502 3360 est
1523 3307 1854 3378 sempiterna
1888 3305 2156 3376 Trinitas,

565 3404 622 3454 ct
655 3412 764 3452 una
800 3395 1084 3469 divinitas,
1104 3396 1192 3451 cui
1215 3411 1315 3451 nec
1339 3398 1602 3454 accedere
1634 3399 1916 3470 quidpiam
1949 3407 2154 3471 potest,

567 3504 671 3546 nec
691 3487 977 3545 decedere.

638 3663 806 3720 LXX.
844 3661 951 3718 Sed
985 3663 1097 3733 jam
1129 3663 1198 3720 ad
1235 3663 1344 3717 alia
1376 3670 1745 3728 transeamus,
1789 3676 1954 3735 atque
1991 3665 2158 3735 hujus

569 3757 781 3820 bestiae,
811 3764 864 3810 et
893 3754 1128 3822 inimici,
1149 3763 1312 3827 atque
1338 3757 1668 3812 insecutoris
1693 3757 1918 3828 laqueos
1949 3758 2156 3814 discer—

569 3862 788 3919 pamus,
818 3861 851 3902 ο
874 3845 1187 3902 charissimi
1214 3849 1229 3900 i
1274 3845 1412 3902 adeo
1447 3855 1507 3901 ut
1543 3863 1665 3918 qua:
1689 3848 1760 3903 ab
1789 3849 1882 3903 illo
1909 3848 2158 3905 aﬁectata

568 3936 866 3993 verborum
915 3933 1158 3990 novitate
1188 3933 1469 4004 disputata
1499 3944 1630 3989 sunt
1658 3935 1725 3990 ad
1754 3937 2002 3992 veritatis
2037 3953 2156 3993 ser-

569 4042 791 4082 monem
804 4026 1226 4089 transferamus,
1243 4026 1298 4081 in
1315 4041 1504 4082 eorum
1523 4027 1777 4097 gratiam,
1801 4028 1894 4097 qui
1908 4028 2156 4086 veritatis

568 4121 975 4191 cognoscenda:
995 4119 1270 4176 desiderio
1291 4126 1568 4183 tenentur,
1599 4128 1762 4189 atque
1779 4118 1850 4174 ab
1868 4119 2031 4190 impia
2045 4120 2159 4175 hae-

568 4226 765 4268 reseon
799 4212 1044 4266 omnium
1088 4211 1337 4267 doctrina
1381 4209 1625 4266 animum
1662 4219 1907 4266 avertere
1941 4211 2154 4267 volunt.

565 4305 750 4376 Pergit
777 4304 944 4376 igitur
975 4305 1148 4375 legem
1173 4319 1236 4359 ac
1261 4304 1556 4375 prophetas
1586 4303 1962 4373 perstringens
1992 4303 2158 4358 homo

566 4406 676 4450 tam
708 4396 978 4461 veritatis,
1004 4411 1168 4468 quam
1205 4394 1453 4465 Spiritus
1487 4394 1688 4459 sancti,
1725 4395 1822 4464 qui
1852 4393 1908 4448 in
1941 4393 2062 4465 lege
2091 4408 2156 4447 ac

565 4487 848 4558 prophetis
893 4488 1110 4543 locutus
1159 4495 1266 4552 est,
1320 4487 1609 4550 inimicus;
1674 4493 1841 4557 atque
1890 4486 2155 4542 adversus

2261 3300 2517 3372 Χριστὸς,
2549 3300 2616 3353 δι’
2643 3293 2704 3353 οὗ
2734 3299 2803 3352 τά
2832 3300 3042 3364 πάντα,
3080 3302 3173 3353 καὶ
3209 3301 3268 3354 ἓν
3300 3303 3526 3373 Πνεῦμα
3557 3304 3616 3357 τὸ
3665 3305 3817 3369 ἅγιον,

2260 3393 2320 3445 ὲν
2341 3385 2386 3460 ᾧ
2411 3392 2480 3444 τὰ
2513 3394 2711 3446 πάντα·
2741 3393 2830 3445 ἀεὶ
2855 3387 2991 3445 οὖσα
3028 3393 3062 3462 ή
3086 3391 3276 3464 Τριὰς,
3315 3395 3414 3464 μία
3446 3397 3479 3465 ή
3515 3397 3714 3465 θεότης,
3741 3394 3821 3448 καὶ

2263 3482 2534 3554 μηδέποτε
2583 3480 2903 3554 προσθήκην
2943 3481 3330 3554 λαμδάνουσα,
3385 3485 3512 3539 οὔτε
3559 3487 3821 3558 ἀφαίρεσιν

2260 3575 2604 3646 ἐνδεχομένη.

2332 3668 2408 3720 0’.
2441 3669 2640 3738 Ἴωμεν
2661 3667 2718 3720 δὲ
2744 3669 2831 3736 ἐφ’
2858 3667 3022 3740 ἔτερα
3057 3669 3240 3736 πάλιν,
3286 3671 3380 3725 καὶ
3407 3670 3473 3724 τὰ
3498 3672 3684 3726 δίκτυα
3711 3669 3818 3724 τού-

2259 3773 2356 3810 του
2380 3756 2474 3811 τοῦ
2506 3757 2673 3828 θηρὸς
2714 3757 2808 3811 καὶ
2836 3759 3032 3830 ἐχθροῦ
3078 3761 3172 3813 καὶ
3204 3761 3490 3833 ὲκδικητοῦ
3537 3760 3821 3816 διασπασώ-

2263 3849 2424 3920 μεθα,
2449 3850 2744 3919 ἀγαπητοὶ,
2773 3851 2865 3903 ἐπὶ
2897 3850 2996 3923 τὴν
3021 3852 3223 3922 φράσιν
3257 3854 3357 3924 τῆς
3382 3854 3638 3924 ἀληθείας
3659 3855 3718 3908 τὰ
3741 3851 3822 3905 ὑπ’

2259 3940 2426 3995 αὐτοῦ
2464 3940 2919 4012 ξενολεκτούμενα
2959 3945 3216 4016 φέροντες
3249 3948 3361 4009 τοῖς
3396 3947 3732 4018 βουλομένοις
3762 3945 3823 3996 τὰ

2258 4033 2360 4104 τῆς
2392 4033 2650 4106 ἀληθείας
2670 4035 3030 4104 καταμαθεῖν,
3057 4037 3152 4089 καὶ
3178 4038 3584 4108 ἀποτρέπεσθαι
3610 4039 3696 4092 τὸν
3713 4035 3822 4091 νοῦν

2258 4124 2368 4178 ἀπὸ
2413 4125 2904 4189 κακοδιδασκαλίας
2939 4125 3120 4197 πάσης
3155 4128 3442 4198 αἱρέσεως.
3511 4127 3820 4198 Ἐπιλαμδά-

2258 4235 2410 4271 νεται
2427 4218 2537 4288 γὰρ
2559 4217 2654 4271 τοῦ
2683 4218 2848 4288 νόμου
2878 4220 3038 4272 πάλιν
3063 4221 3156 4274 καὶ
3177 4220 3285 4273 τῶν
3311 4223 3627 4294 προφητῶν,
3652 4220 3820 4293 ἐχθρὸς

2257 4307 2334 4360 ὢν
2366 4309 2464 4380 τῆς
2509 4307 2770 4379 ἀληθείας
2811 4311 2905 4363 καὶ
2945 4311 3039 4363 τοῦ
3073 4311 3232 4380 ἁγίου
3281 4314 3628 4384 Πνεύματος,
3658 4312 3743 4367 τοῦ
3772 4313 3826 4363 ὲν

2258 4400 2409 4471 νόμῳ
2439 4401 2534 4454 καὶ
2567 4401 2626 4453 ἐν
2652 4403 2964 4473 προφήταις
2996 4403 3375 4475 λελαληκότος.
3413 4408 3523 4460 Καί
3548 4424 3706 4476 φησι,
3734 4420 3819 4474 χα-

2258 4494 2429 4557 λάσας
2455 4493 2725 4562 γλῶσσαν,
2751 4494 2828 4558 ὡς
2852 4497 2946 4548 καὶ
2974 4496 3084 4558 ἀεὶ,
3116 4498 3256 4550 κατά
3280 4497 3375 4551 τοῦ
3403 4499 3538 4552 Θεοῦ
3566 4499 3653 4553 τοῦ
3680 4496 3820 4567 ποιή-

566 4581 813 4634 omnium
845 4579 1187 4634 conditorem
1213 4581 1406 4644 Deum,
1431 4581 1526 4651 qui
1557 4581 1611 4634 in
1640 4581 1757 4650 lege
1779 4596 1844 4636 ac
1874 4581 2155 4650 prophetis

2262 4602 2455 4648 σαντος
2493 4585 2564 4638 τὰ
2611 4587 2822 4653 πάντα,
2864 4587 3199 4658 λαλήσαντός
3242 4605 3302 4642 τε
3354 4592 3412 4644 ὲν
3461 4593 3608 4663 νόμῳ
3650 4591 3735 4646 καὶ
3770 4563 3821 4642 έν

565 4673 785 4730 locutus
812 4682 919 4738 est,
947 4673 1311 4741 eumdemque
1337 4672 1552 4727 Domini
1586 4675 1762 4730 nostri
1786 4672 1915 4729 Jesu
1951 4674 2158 4732 Christi

565 4764 809 4830 Patrem,
855 4781 920 4821 ea:
948 4783 1050 4838 quo
1077 4767 1250 4822 omnis
1283 4767 1577 4835 paternitas
1603 4768 1656 4821 in
1695 4767 1825 4821 cwlo
1853 4776 1902 4820 et
1929 4768 1985 4820 in
2012 4776 2156 4823 terra

567 4858 876 4911 nominatur
891 4859 934 4922 ⁸,
966 4860 1148 4913 laxata
1178 4857 1455 4914 effrenatae
1476 4859 1675 4930 lingua:
1702 4861 2006 4930 petulantia
2037 4876 2154 4915 om-

569 4949 656 5002 nis
691 4948 841 5002 illum
864 4951 1180 5020 cupiditatis
1207 4961 1511 5015 auctorem,
1540 4967 1604 5005 ac
1628 4951 1884 5018 caedium,
1916 4951 2156 5022 reliquo~

569 5054 802 5108 rumque
837 5038 1142 5096 facinorum
1176 5043 1460 5098 exstitisse
1489 5041 1685 5108 docet;
1731 5043 1936 5114 quippe
1976 5045 2070 5113 qui
2099 5053 2154 5100 et

493 5193 496 5196 ,
569 5139 750 5185 vestes
771 5128 1044 5201 Egyptiis
1077 5132 1292 5204 eripere
1319 5134 1609 5205 jusserit’,
1637 5143 1693 5189 et
1726 5151 1852 5189 cum
1882 5136 2150 5192 sacriﬁcia

569 5223 789 5278 sibimet
805 5223 1026 5288 offerre,
1053 5233 1166 5276 tum
1183 5241 1524 5296 quaecunque
1549 5229 1655 5280 alia
1681 5227 1814 5297 legis
1833 5228 2154 5300 prazscripto

568 5317 920 5370 mandantur.
974 5316 1122 5383 Quin
1153 5325 1206 5372 et
1241 5317 1574 5373 homicidam
1610 5320 1943 5385 interficere,
1977 5334 2156 5389 neque

569 5407 740 5476 priori
780 5409 930 5464 caede
979 5417 1271 5466 contentos
1304 5411 1554 5477 alteram,
1599 5412 1758 5482 quasi
1798 5411 1865 5466 ad
1913 5412 2156 5483 priorem

570 5499 992 5567 vindicandam,
1046 5512 1387 5575 perpetrare.
1444 5502 1584 5559 Tum
1629 5521 1761 5560 vero
1818 5505 2158 5574 cupiditates

2259 4677 2603 4748 προφήταις,
2649 4677 2864 4748 Πατρὸς
2896 4679 3050 4742 ὄντος
3091 4681 3186 4734 τοῦ
3222 4683 3428 4753 Κυρίου
3472 4684 3624 4754 ὑμῶν
3667 4679 3820 4752 Ἰησοῦ

2258 4769 2498 4839 Χριστοῦ
2518 4810 2532 4835 ,
2565 4769 2634 4834 ἐξ
2673 4767 2746 4826 οὗ
2778 4770 2948 4825 πᾶσα
2989 4773 3207 4841 πατριὰ
3247 4775 3317 4827 ἐν
3344 4775 3578 4844 οὐρανῷ
3617 4771 3710 4829 καί
3736 4771 3821 4827 ἐπὶ

2258 4863 2374 4938 γῆς
2397 4862 2760 4933 ὀνομάζεται·
2788 4863 2882 4917 καί
2905 4882 3071 4936 φησιν
3088 4883 3102 4896 ·
3136 4866 3227 4930 Ἐξ
3254 4867 3419 4921 αὐτοῦ
3444 4868 3718 4939 ἐπιθυμία,
3741 4864 3822 4918 καὶ

2256 4957 2318 5022 ἐξ
2357 4955 2524 5009 αὑτοῦ
2571 4957 2740 5024 φόνοι,
2789 4957 2883 5010 xa‘t
2919 4957 2987 5009 τὰ
3027 4957 3163 5010 ἀλλα
3195 4959 3394 5012 πάντα.
3445 4957 3820 5030 Παρεκελεύετο

2259 5049 2370 5118 γὰρ
2417 5048 2512 5100 καὶ
2552 5047 2742 5116 ἱμάτια
2773 5047 3094 5117 ἀφαρπάξαι
3127 5048 3236 5101 τῶν
3281 5050 3621 5118 Αἰγυπτίων.
3654 5047 3820 5108 θυσίας

2259 5141 2317 5193 δὲ
2346 5137 2493 5208 αὐτῷ
2521 5139 2924 5209 προσφέρεσθαι
2945 5179 2959 5199 ,
2991 5141 3084 5192 καὶ
3107 5141 3175 5193 τὰ
3209 5141 3346 5195 ἄλλα
3374 5145 3545 5197 πάντα
3577 5145 3672 5196 ὅσα
3693 5155 3811 5210 παρ-

2262 5235 2374 5302 έχει
2425 5233 2604 5302 νόμος.
2642 5232 2889 5283 Φονεύειν
2939 5233 2995 5285 δὲ
3034 5233 3126 5285 τὸν
3162 5235 3476 5302 φονεύοντα,
3521 5236 3596 5299 ὡς
3647 5231 3818 5305 μηκέτι

2263 5325 2550 5396 ἀρκεῖσθαι
2581 5323 2662 5394 τῷ
2695 5323 2898 5395 πρώτῳ
2933 5325 3099 5395 φόνῳ,
3124 5326 3260 5379 ἀλλὰ
3289 5328 3383 5381 καὶ
3406 5328 3656 5398 δεύτερον
3677 5321 3818 5394 ἐργά-

2265 5414 2475 5480 ζεσθαι,
2514 5415 2675 5486 δῆθεν
2704 5415 3046 5480 ἐκδικοῦντος
3075 5418 3239 5471 αὑτοῦ
3277 5419 3368 5472 τὸν
3407 5421 3618 5490 πρῶτον
3659 5417 3815 5486 φόνον.

2265 5505 2555 5577 ἐμϐάλλειν
2580 5523 2638 5558 τε
2667 5505 2965 5576 ἐπιθυμίας
2990 5511 3070 5570 εἰς
3110 5508 3210 5572 τὰς
3233 5509 3470 5574 διανοίας
3503 5509 3608 5562 τῶν
3635 5500 3817 5575 ἀνθρὼ-

645 5698 668 5783 ξ
702 5696 892 5783 hlatth.
936 5717 1047 5783 χιξ,
1085 5701 1289 5769 2|,22.
1368 5701 1541 5758 ’ibid.
1581 5701 1674 5756 2t.
1754 5701 1774 5732 ³
1800 5699 1931 5754 Luc.
1968 5701 2137 5768 xu,l.
2214 5703 2236 5734 δ
2268 5701 2463 5756 Matth.
2496 5718 2585 5769 xv,
2631 5704 2715 5758 l4.
2779 5703 2819 5751 «⁸
2850 5703 3045 5762 Matth.
3089 5724 3164 5774 Vl,
3188 5709 3279 5765 ξι.
3358 5712 3599 5783 ‘Ephes.
3628 5725 3702 5766 Ill.
3738 5701 3814 5758 l5-

577 5765 802 5824 ‘Exod.
853 5785 931 5834 ιι,
985 5772 1043 5824 2.
