4078 6418
350 395 450 453 ιιι

1097 394 1468 458 ADVERSUS
1508 391 1855 456 HAERESES
1889 393 1940 450 [ι]

2061 395 2125 450 ll.
2169 387 2331 452 ΤΟΜ.
2377 388 2530 451 ΙῘ.-
2570 392 2848 454 ΙΙΑΞΒΕΒ.
2886 392 3070 461 LXVI.

3537 398 3644 462 ιιι

346 532 494 578 suav,
516 515 609 568 κα)⁸
632 512 987 587 διηγούμενος
1006 522 1282 587 γυναικῶν
1299 524 1316 554 ⁸
1348 523 1444 576 καὶ
1470 523 1579 577 τῶν
1599 521 1774 576 ἄλλων
1802 534 1940 591 πρίει

2049 517 2334 571 hominum
2364 518 2564 574 animis
2595 516 2798 587 injicit,
2834 534 2899 575 ac
2934 519 3003 576 de
3044 520 3373 577 mulieribus
3397 523 3643 578 caneris—

344 608 597 679 γμάτων.
615 607 931 678 Ἐχεθύμως
953 609 1034 675 δὲ,
1059 613 1247 683 φησὶν,
1264 612 1422 683 ὀλίγα
1437 613 1566 684 περ)⁸
1589 611 1685 665 τοῦ
1706 609 1946 682 Χριστοῦ

347 702 782 774 προεφήτευσεν,
824 702 910 755 ἵνα
952 702 1041 758 διὰ
1080 705 1190 759 τῶν
1223 706 1421 775 ὀλίγων
1451 706 1816 777 πιστοποιήσῃ
1853 721 1948 758 πι-

345 791 738 863 θανολογήσας.
764 793 874 845 Καὶ
900 793 1074 848 ταῦτα
1098 790 1166 867 ἦν
1193 796 1263 849 τὰ
1297 798 1522 868 ῥήματα
1546 796 1640 850 τοῦ
1665 794 1946 867 τολμηροῦ

345 885 513 954 Μάνη
533 926 547 950 ,
601 883 638 938 ἃ
693 883 837 936 κατὰ
879 884 971 937 τοῦ
1025 886 1156 939 ίδίου
1202 888 1473 942 Δεσπότου
1520 888 1949 960 ἀθυρογλώττως

344 975 670 1045 φθέγγεται.
703 974 1060 1048 Κατανοήσας
1088 978 1149 1032 δέ
1186 997 1270 1043 τις
1307 980 1408 1034 ίδοι
1451 982 1618 1052 μηδὲν
1660 981 1849 1053 ἕτερον
1887 982 1945 1032 ὲν

340 1068 526 1139 τούτῳ
554 1069 881 1139 φαινόμενον
907 1069 1023 1123 ἀλλ’
1047 1068 1081 1140 ἢ
1105 1073 1493 1143 φρενιτιῶντος
1519 1073 1675 1144 ἔργα,
1720 1072 1811 1135 Ὠς
1837 1072 1946 1144 γὰρ

340 1161 371 1212 ό
401 1160 503 1229 τὴν
517 1160 758 1229 φρενῖτιν
779 1157 938 1228 ἔχων,
968 1159 1240 1232 μάχαιραν
1272 1161 1396 1215 καθ’
1417 1162 1614 1217 ἑαυτοῦ
1641 1161 1942 1227 όπλίζεται,

344 1252 446 1304 καὶ
490 1251 579 1304 διὰ
622 1251 722 1322 τὴν
750 1252 1047 1322 ἐπιληψίαν
1082 1253 1182 1317 τὰς
1219 1254 1413 1308 ἑαυτοῦ
1457 1256 1667 1327 σάρκας
1707 1254 1940 1325 τέμνων,

343 1343 560 1413 νομίζει
598 1343 829 1415 ἐχθροὺς
851 1344 1192 1415 ἀμύνασθαι,
1216 1347 1310 1401 καὶ
1331 1344 1433 1401 οὐκ
1461 1343 1603 1401 οἶδεν
1631 1363 1645 1375 ·
1681 1346 1823 1400 οὕτω
1851 1349 1944 1400 καὶ

340 1429 501 1500 οὗτος
530 1435 648 1490 καθ’
670 1437 867 1490 ἑαυτοῦ
890 1437 1246 1504 διοπλίζεται,
1274 1442 1349 1512 μὴ
1372 1440 1506 1496 νοῶν
1527 1440 1626 1503 τὰς
1656 1440 1850 1505 λέξεις,
1875 1439 1942 1503 ἃς

342 1529 470 1584 καθ’
504 1529 698 1583 ἑαυτοῦ
727 1530 1034 1599 ἐφέλκεται.
1069 1533 1132 1586 Εἰ
1163 1533 1274 1606 γὰρ
1302 1534 1363 1598 ἐξ
1395 1533 1561 1587 αὑτοῦ
1591 1536 1626 1605 ὴ
1652 1534 1937 1605 ἐπιθυμία,

342 1619 447 1674 καὶ
496 1619 794 1691 ἐπιθυμίας
843 1624 1091 1693 ὲνεργεῐ,
1139 1623 1258 1687 πῶς
1305 1624 1419 1679 ἄνω
1464 1625 1560 1678 καὶ
1609 1624 1761 1678 κάτω
1797 1625 1941 1678 κατὰ

342 1709 643 1781 ἐπιθυμίας
675 1710 876 1783 γράφει
904 1715 933 1766 ό
967 1713 1066 1784 τὴν
1098 1713 1395 1785 ἐπιθυμίαν
1426 1715 1747 1786 ἑμὸάλλωνς
1783 1718 1813 1770 ὁ
1854 1716 1940 1769 λέ-

343 1816 497 1868 των·
526 1800 621 1868 Μὴ
655 1801 1043 1871 ἐπιθυμήσῃς
1073 1804 1146 1858 τὰ
1174 1790 1287 1859 τοῦ
1334 1809 1625 1874 πλησίον,
1644 1806 1804 1876 μηδὲ
1828 1807 1938 1861 τὸν

2049 624 2157 680 que
2180 610 2304 680 ejus
2334 610 2556 681 generis
2581 610 2851 680 disputat.
2905 611 3119 669 Callide
3146 629 3297 679 vero,
3334 613 3536 684 inquit,
3574 613 3643 670 de

2047 702 2269 757 Christo
2298 717 2473 773 pauca
2508 702 2785 773 praedixit,
2818 705 2897 758 uti
2926 706 3120 775 paucis
3147 707 3255 763 iliis
3280 708 3514 778 quaesito
3537 699 3643 762 sibi

2048 794 2239 848 colore
2281 794 2444 849 ﬁdem
2495 794 2721 849 laceret.
2777 794 2873 851 Hae
2915 805 3045 852 sunt
3079 798 3358 852 temerarii
3405 798 3642 854 hominis

2047 896 2234 947 voces,
2280 900 2419 953 quas
2451 883 2506 938 in
2542 883 2832 939 Dominqu
2871 902 3034 941 suum
3068 888 3385 955 procaciter
3420 888 3638 942 alludit.

2046 972 2195 1039 Quas
2234 974 2282 1029 si
2322 975 2448 1045 quis
2490 976 2815 1046 diligentius
2846 978 3239 1046 considerarit,
3278 981 3415 1034 nihil
3451 981 3507 1034 in
3555 981 3641 1034 his

2046 1065 2194 1121 aliud
2219 1074 2583 1137 praeterquam
2603 1068 2912 1139 phrenetici
2939 1069 3180 1125 hominis
3207 1070 3350 1125 facta
3375 1082 3642 1142 apparere

2045 1168 2361 1228 cognoscet.
2393 1157 2464 1214 Ut
2490 1160 2638 1215 enim
2664 1160 2974 1231 phrenitide
3006 1161 3290 1226 laborans,
3322 1163 3370 1218 si
3399 1164 3637 1234 gladium

2045 1259 2239 1303 nactus
2290 1248 2484 1315 fuerit,
2534 1259 2725 1304 contra
2781 1250 3024 1320 seipsum
3083 1262 3364 1321 armatur,
3417 1268 3482 1308 ac
3530 1268 3641 1323 pne

2045 1340 2283 1393 amentia
2322 1340 2465 1396 suas'
2490 1342 2606 1411 ipse
2638 1357 2839 1397 carnes
2885 1344 3187 1400 concidens
3222 1344 3415 1399 ulcisci
3451 1359 3511 1400 se
3543 1345 3641 1398 ho-

2043 1438 2156 1486 stes
2186 1432 2485 1495 existimat,
2518 1441 2572 1488 et
2601 1434 2732 1505 quid
2763 1443 2887 1502 agat
2918 1436 3132 1504 ignorat
3180 1455 3193 1491 :
3223 1439 3304 1491 sic
3335 1436 3436 1491 istc
3467 1438 3522 1491 in
3550 1451 3643 1493 se-

2041 1525 2220 1594 ipsum
2251 1539 2404 1578 arma
2429 1528 2721 1589 convertit,
2746 1526 2876 1579 dum
2905 1542 3073 1582 voces
3098 1527 3242 1590 illas,
3273 1542 3413 1596 quas
3434 1536 3639 1583 contra

2040 1632 2101 1673 se
2151 1616 2383 1687 profert,
2442 1632 2551 1671 non
2606 1617 2885 1688 intelligit.
2955 1617 3170 1674 Etenim
3224 1620 3271 1674 si
3319 1619 3636 1690 cupiditatis

2040 1718 2236 1765 auctor
2283 1710 2374 1765 ille
2412 1709 2631 1766 Veteris
2678 1709 3020 1767 Testamenti
3067 1710 3211 1766 Deus
3253 1719 3359 1775 est,
3407 1727 3472 1765 ac
3513 1725 3637 1778 quae

2042 1809 2173 1856 sunt
2194 1802 2515 1871 cupiditatis
2542 1802 2763 1872 propria
2790 1802 3037 1865 molitur,
3065 1818 3165 1857 cur
3192 1803 3395 1871 ubique
3416 1802 3636 1871 cupidi-

339 1891 508 1958 βοῦν
536 1894 745 1960 αὑτοῦ,
777 1894 935 1964 μηδὲ
963 1896 1033 1950 τὸ
1061 1896 1381 1969 ὑποζύγιον
1408 1900 1618 1967 αὐτοῦ,
1647 1901 1806 1971 μηδὲ
1824 1901 1940 1971 τὴν

2044 1896 2208 1943 tatem
2233 1889 2563 1958 proscribit?
2587 1891 2681 1960 qui
2705 1890 2925 1960 quidem
2960 1892 3107 1946 istud
3135 1894 3486 1962 praeceperit:
3511 1889 3636 1945 Non

342 1984 685 2052 παιδίσκην
715 1987 905 2041 αὐτοῦ
924 2029 940 2051 ,
970 1989 1126 2058 μηδέ
1170 1991 1277 2045 τὸν
1312 1993 1502 2063 ἀγρὸν
1531 1994 1719 2048 αὑτοῦ
1738 2036 1754 2062 ,
1780 1995 1942 2065 μηδὲ

341 2074 465 2144 τὴν
492 2076 749 2145 γυναῖκα
782 2078 994 2142 αὐτοῦ,
1032 2080 1191 2149 μηδὲ
1228 2081 1347 2136 ὅσα
1380 2084 1515 2138 ἐστὶ
1545 2084 1943 2154 τῷ.πλησίον

341 2180 467 2222 σου
485 2184 499 2197 ο
529 2170 578 2221 εί
605 2169 823 2240 ἀναιρεί
848 2168 948 2241 τὴν
984 2170 1282 2243 ἐπιθυμίαν
1302 2214 1317 2239 ,
1347 2176 1449 2230 οὐκ
1487 2176 1650 2241 αὐτὸς
1687 2177 1789 2248 τῆς
1820 2178 1941 2231 ἐπια-

343 2259 551 2330 θυμίας
575 2261 693 2313 ἐστὶ
725 2261 983 2333 χορηγός.

421 2435 544 2486 OA'.
574 2430 699 2498 Πῶς
736 2433 852 2501 οὖν,
892 2435 1094 2508 φησὶν,
1138 2440 1443 2501 ἐνετείλατο
1481 2440 1774 2498 σκυλεῦσαι
1812 2446 1938 2510 τοὺς

341 2526 701 2593 Αἰγυπτίους,
734 2527 793 2579 ὲν
821 2527 900 2599 τῷ
924 2529 1126 2594 ἐξιέναι
1159 2532 1356 2596 αὐτοὺς
1384 2535 1450 2586 ὲκ
1482 2535 1584 2605 γῆς
1616 2536 1935 2605 Δίγύπτου;

341 2616 487 2670 Ναίο
524 2616 730 2681 δίκαιος
754 2619 865 2690 γάρ
891 2621 1007 2673 ἐστι
1042 2621 1258 2693 κριτὴς,
1298 2622 1374 2686 ὡς
1417 2625 1513 2677 καὶ
1542 2622 1644 2697 ἠδη
1679 2627 1938 2694 πολλάκις

342 2709 550 2779 εἴρηκα
596 2706 725 2781 περὶ
754 2710 966 2764 τούτου.
1012 2712 1123 2765 Καὶ
1156 2708 1247 2766 ἵνα
1292 2714 1473 2786 δείξῃ,
1504 2717 1587 2770 ὃτι
1633 2718 1734 2772 οὐκ
1776 2719 1940 2785 αὐτὸς

342 2800 581 2854 ὲνδεῖται
612 2800 846 2868 θυσιῶν,
872 2803 1038 2873 φησιν
1067 2805 1125 2858 ὲν
1154 2804 1233 2875 τῷ
1269 2808 1521 2879 προφήτῃ
1542 2819 1556 2838 ⁸
1591 2808 1691 2878 Μὴ
1719 2812 1939 2879 θυσίας

344 2893 806 2963 προσηνέγκατέ
834 2913 957 2964 μοι,
990 2892 1156 2963 οἶκος
1192 2898 1453 2967 Ἰσραὴλ,
1479 2902 1939 2969 τεσσαράκοντα

343 2989 486 3056 em;
514 2991 676 3059 λέγει
716 2991 946 3059 Κύριος.
992 2992 1112 3046 Τίνι
1144 2988 1237 3046 οὖν
1269 2990 1411 3065 ἦσαν
1452 2998 1509 3049 ai
1557 2998 1938 3069 προσφερόμε-

346 3097 477 3139 var;
512 3080 671 3151 Αὐτῷ
705 3081 804 3151 μὲν
857 3082 998 3135 κατὰ
1043 3082 1143 3153 τὴν
1184 3083 1422 3140 διάνοιαν
1462 3086 1571 3138 τῶν
1603 3089 1939 3160 προσφερόν-

349 3186 465 3224 των
490 3186 504 3199 ο
545 3171 707 3235 αὐτὸς
744 3172 803 3226 δὲ
845 3173 942 3243 οὐχ
971 3173 1160 3228 ἕνεκεν
1195 3174 1289 3228 τοῦ
1316 3177 1585 3231 ἐνδεῖσθαι
1633 3176 1937 3251 προστάτας

2043 1982 2377 2048 concupisces
2391 1998 2473 2036 res
2495 1984 2726 2051 proximi
2746 1984 2844 2047 tui,
2865 1999 3027 2053 neque
3044 1982 3241 2050 bovem,
3257 2000 3419 2054 neque
3430 1984 3637 2052 jumem

2044 2079 2178 2136 tum,
2223 2088 2316 2125 nec
2347 2073 2624 2138 ancillam,
2659 2072 2827 2143 692
2870 2090 2963 2127 nec
3000 2090 3212 2143 agrum,
3266 2091 3361 2128 nec
3392 2090 3631 2137 uxorem,

2042 2177 2137 2214 nec
2184 2162 2296 2215 alia
2340 2180 2460 2233 qua:
2498 2164 2735 2232 proximi
2784 2164 2865 2217 tui
2902 2174 3025 2218 sunt
3046 2168 3086 2216 ³.
3135 2164 3241 2231 Qui
3279 2165 3633 2234 cupiditatem

2043 2265 2263 2307 omnem
2312 2262 2591 2323 amputat,
2645 2269 2755 2310 non
2804 2269 2927 2309 eam
2975 2254 3404 2310 subministrare
3445 2253 3635 2310 dicen-

2042 2342 2147 2397 dus
2187 2353 2291 2398 est.

2116 2432 2303 2491 LXXI.
2336 2437 2448 2491 Cur
2471 2420 2877 2507 igitur,Jutlmis
2900 2452 2965 2491 ex
2983 2433 3220 2507 Egypto
3247 2433 3632 2505 migrantibus,

2043 2528 2285 2602 spoliare
2311 2528 2468 2598 jubet
2502 2526 2867 2600 Egyptios'?
2906 2527 3173 2581 Nimirum
3209 2528 3393 2598 justus
3428 2527 3518 2582 ille
3542 2528 3635 2597 jua

2043 2621 2148 2677 de:
2172 2627 2278 2683 est,
2311 2618 2773 2688 quemadmodum
2802 2619 2870 2673 de
2901 2618 2994 2673 illo
3024 2633 3167 2689 saepe
3198 2618 3332 2673 dixi.
3365 2618 3545 2689 Atque
3572 2623 3637 2674 ut

2044 2713 2303 2773 ostendat
2333 2710 2473 2765 nihil
2502 2724 2563 2765 se
2591 2707 2882 2765 sacriﬁciis
2928 2708 3194 2779 indigere,
3224 2708 3305 2764 sic
3338 2708 3482 2778 apud
3512 2722 3635 2777 pros

2041 2809 2263 2880 phetam
2315 2802 2595 2874 loquitur:
2659 2800 2807 2855 Num
2848 2802 3121 2872 sacriﬁcia
3166 2801 3433 2855 obtulistis
3480 2800 3632 2866 mihi,

2040 2901 2230 2955 domus
2271 2893 2467 2959 Israel,
2513 2892 2874 2964 quadraginta
2912 2893 3109 2947 annis?
3143 2891 3272 2945 dicit
3314 2889 3630 2945 Dominus‘.

2042 2990 2273 3046 Cuinam
2308 2987 2475 3056 igitur
2507 2985 2689 3040 oblata
2721 2986 2812 3039 illa
2844 2985 3011 3040 sunt?
3050 2983 3258 3055 Opinor
3289 2983 3391 3048 illi,
3424 2991 3484 3037 ut
3517 2978 3635 3054 qui-

2041 3083 2167 3138 dem
2199 3078 2294 3150 qui
2332 3078 2633 3134 oﬁ'erebant
2662 3078 2944 3147 putabant.
2988 3078 3059 3131 At
3090 3078 3226 3147 ipse,
3253 3093 3361 3131 non
3388 3076 3534 3147 quod
3566 3076 3634 3132 iis

2043 3182 2251 3245 egeret,
2277 3172 2372 3228 sed
2396 3181 2506 3226 uta
2537 3170 2919 3241 multiplicium
2943 3171 3172 3225 deorum
3198 3172 3346 3224 cultu
3372 3170 3439 3225 ad
3467 3170 3632 3224 unius

354 3275 473 3332 χεν,
503 3262 615 3315 ἀλλ’
645 3261 734 3318 ἴνα
764 3262 1018 3338 συνεθίσῃ
1055 3266 1165 3320 ἀπὸ
1205 3267 1497 3332 πολυθεῒας
1528 3268 1627 3323 Eva
1659 3242 1795 3324 θεὸν
1819 3272 1940 3325 ἐπι-

2047 3242 2171 3321 illos
2197 3264 2289 3318 Dei
2345 3263 2717 3333 cognitionem
2754 3263 3050 3317 translatos
3096 3260 3487 3325 assuefaceret,
3516 3259 3630 3315 ﬁeri

356 3354 657 3422 γινώσκειν.
700 3354 917 3429 Ἐπειδὴ
952 3358 1061 3431 γὰρ
1099 3356 1248 3432 ἐώρα
1287 3360 1480 3425 θυσίας
1512 3362 1938 3434 ἐπιτελουμένας

347 3448 466 3510 τοῖς
515 3446 657 3512 θεοῖς
691 3449 801 3503 τῶν
858 3451 1209 3520 Αἰγυπτίων,
1254 3454 1343 3507 ἵνα
1384 3450 1459 3526 μὴ
1509 3453 1599 3508 διὰ
1646 3455 1940 3510 πολυθέων

344 3537 630 3608 τραπέντα
666 3539 849 3593 αὐτῶν
880 3540 951 3595 τὰ
982 3543 1231 3613 νοήματα
1260 3544 1631 3615 καταλείψωσι
1654 3542 1747 3599 τὸν
1779 3546 1938 3617 μόνον

342 3629 448 3683 ενα
486 3629 637 3683 Θεόν.
688 3631 821 3685 Ὅτε
859 3629 917 3685 δὲ
960 3636 1294 3706 συναγήοχεν
1337 3636 1518 3691 αὐτῶν
1558 3638 1658 3709 τὴν
1701 3639 1940 3693 διάνοιαν

343 3722 464 3776 ἀπὸ
485 3721 776 3787 πολυθεΐας
801 3722 892 3778 διὰ
917 3722 1116 3779 πολλοῦ
1153 3727 1372 3796 χρόνου,
1406 3727 1806 3794 ἀποσυνεθίσας
1837 3730 1936 3784 αὖ·

343 3812 480 3878 τοὺς
506 3814 608 3886 τῆς
629 3815 886 3887 τοιαύτης
917 3813 1251 3882 ὑποθέσεως.
1294 3819 1525 3890 ἄρχεται
1561 3818 1941 3892 παρακόπτειν

344 3905 386 3960 ἃ.
408 3907 485 3978 μὴ
512 3904 671 3977 ἤθελε
688 3922 702 3936 ·
730 3908 825 3960 καὶ
854 3907 1072 3977 ἔλεγεν·
1106 3909 1238 3964 Ἵνα
1262 3910 1321 3963 τί
1337 3927 1440 3979 μοι
1463 3912 1716 3965 λίϐανον
1737 3912 1806 3967 ἐκ
1827 3916 1940 3967 Σα-

347 3996 429 4054 ϐᾶ
454 3996 685 4066 φέρετε,
720 3998 821 4052 καὶ
846 3998 1190 4069 κινάμωμον
1227 4000 1297 4054 ἐκ
1335 3999 1450 4071 γῆς
1474 4003 1810 4072 μακρόθενς
1841 4004 1938 4073 Μὴ

344 4087 612 4158 primatu
662 4088 806 4157 κρέα
845 4090 1080 4158 ταύρων
1093 4131 1110 4153 ,
1153 4088 1193 4159 ἢ
1243 4082 1389 4161 αἷμα
1423 4087 1656 4163 τράγων
1698 4095 1939 4162 πιόμαις

354 4179 551 4233 Ταῦτα
576 4179 687 4249 γὰρ
722 4182 834 4235 οὐκ
876 4179 1213 4248 ἐξεζήτησα
1250 4181 1321 4236 ἐκ
1359 4181 1478 4236 τῶν
1510 4184 1725 4253 χειρῶν
1750 4183 1936 4254 ὑμῶν,

348 4265 515 4322 ἀλλὰ
542 4268 736 4323 ποιεῖν
760 4269 912 4337 πρὸς
946 4269 1054 4324 τὸν
1080 4272 1350 4338 πλησίον
1377 4271 1796 4341 δικαιοσύνην,
1839 4273 1939 4327 καὶ

347 4358 643 4426 ἀλήθειαν
663 4359 926 4415 ἕκαστον
951 4361 1101 4429 πρὸς
1135 4360 1244 4416 τὸν
1269 4362 1542 4432 ἀδελφὸν
1573 4365 1781 4419 αὑτοῦ.
1832 4367 1939 4419 Καὶ

349 4451 507 4521 ὁρᾷς,
540 4450 645 4513 ὅτι,
678 4451 977 4521 προϊόντων
1006 4452 1116 4506 τῶν
1159 4455 1386 4524 χρόνων,
1433 4457 1467 4527 ἡ
1507 4456 1806 4520 ὑπόστασις
1839 4457 1942 4527 τῆς

2043 3357 2149 3411 ista
2177 3355 2475 3408 mandavit.
2508 3351 2645 3408 Cum
2674 3353 2821 3408 enim
2848 3346 3230 3422 [Egyptiorum
3263 3352 3489 3407 numina
3515 3352 3631 3423 pla-

2040 3447 2154 3501 cari
2189 3444 2480 3501 sacriﬁciis
2508 3451 2782 3504 cerneret,
2811 3442 2935 3497 ideo
2970 3443 3072 3496 ista
3104 3442 3360 3511 providit,
3389 3457 3459 3496 ne
3483 3440 3636 3512 ejus-

2043 3538 2190 3593 modi
2224 3535 2455 3591 deorum
2488 3534 2881 3603 superstitione
2916 3531 3226 3602 depravatis
3260 3532 3477 3586 illorum
3511 3532 3635 3585 ani-

2040 3630 2169 3696 mis,
2202 3628 2271 3683 ab
2299 3641 2412 3681 uno
2439 3625 2668 3696 soloque
2697 3623 2805 3679 Deo
2834 3623 3229 3679 desciscerent.
3262 3620 3629 3694 Posteaquam

2041 3729 2224 3775 autem
2254 3717 2571 3773 earumdem
2605 3725 2814 3772 mentes
2845 3714 3086 3786 plurium
3115 3715 3184 3770 ab
3212 3716 3438 3770 deorum
3475 3715 3630 3769 cultu

2041 3819 2332 3870 revocatas
2360 3812 2522 3881 longo
2548 3809 2837 3864 intervallo
2857 3808 3238 3874 conﬁrmavit;
3273 3816 3385 3861 tum
3412 3808 3631 3863 demum

2042 3904 2113 3958 ab
2157 3904 2309 3961 hisce
2368 3903 2491 3957 illos
2534 3901 2803 3956 institutis
2855 3900 3186 3956 desuescere
3230 3901 3422 3956 volens
3470 3902 3637 3971 carpit

2042 4009 2129 4061 ea,
2164 4009 2288 4065 quae
2316 3994 2499 4048 minus
2532 3992 2636 4048 sibi
2670 3992 2982 4062 placebant,
3013 3991 3324 4060 praecidere.
3349 3989 3531 4056 Quare
3563 3992 3635 4043 ita

2043 4088 2262 4141 locutus
2291 4094 2406 4142 est:
2448 4083 2590 4149 Quid
2619 4084 2749 4137 mihi
2781 4084 2900 4138 thus
2932 4100 2959 4137 e
2995 4082 3140 4138 Saba
3169 4084 3410 4151 defertis,
3439 4093 3489 4137 et
3516 4085 3633 4136 cin-

2045 4193 2354 4232 namomum
2392 4192 2420 4231 ε
2459 4186 2605 4230 terra
2631 4175 2982 4246 longinqua”?
3017 4174 3275 4247 Nunquid
3306 4176 3636 4232 manducabo

2044 4286 2232 4324 carnes
2266 4279 2566 4333 taurorum,
2598 4277 2692 4322 aut
2722 4270 3035 4340 sanguinem
3070 4270 3337 4324 hircorum
3364 4269 3559 4338 potabo
3578 4266 3637 4324 ’ἲ

2046 4362 2227 4433 Neque
2268 4363 2410 4418 enim
2450 4362 2561 4416 lucc
2597 4362 2844 4432 requisivi
2882 4375 2949 4415 ea:
2986 4361 3231 4416 manibus
3272 4362 3491 4426 vestris,
3544 4355 3637 4417 sed

2047 4455 2223 4523 facere
2257 4470 2382 4525 erga
2408 4454 2714 4522 promimum
2742 4468 2896 4507 suum
2922 4450 3219 4522 justitiam,
3261 4462 3311 4507 ct
3357 4454 3636 4508 veritatem

348 4542 641 4612 δυνάμεως
665 4542 775 4597 τῶν
803 4538 964 4607 θείων
987 4544 1454 4600 ἀποκαλύπτεται·
1485 4546 1561 4610 ὡς
1583 4548 1747 4611 αὐτὸς
1780 4548 1940 4602 πάλιν

2049 4538 2469 4617 unumquemque
2532 4544 2588 4598 in
2644 4543 2864 4613 fratrem
2929 4558 3083 4597 suum
3115 4544 3158 4599 ⁷.
3230 4543 3636 4601 Animadvertis

348 4631 504 4700 λέγει
535 4632 615 4704 τῷ
654 4634 941 4705 Σαμουήλ·
978 4635 1180 4707 Χρίσον
1235 4637 1326 4690 τὸν
1362 4634 1534 4691 Σαοὺλ
1574 4639 1654 4699 είς
1694 4638 1941 4708 βασιλέα·

351 4721 588 4795 ὕστερον
648 4724 707 4779 δὲ
735 4727 935 4790 αὐτοὺς
964 4726 1178 4798 ἐλέγχει
1197 4727 1393 4797 λέγων’
1432 4729 1486 4781 Ἐ
1490 4726 1741 4798 χρίσατε
1759 4729 1943 4793 βασι-

346 4815 468 4871 λέα
492 4819 567 4871 οὐ
603 4816 676 4871 δι’
698 4819 866 4887 ἐμοῦ,
901 4818 1000 4873 καί
1038 4819 1358 4890 ἄρχοντας,
1403 4820 1503 4876 καὶ
1541 4820 1656 4891 ἐγὼ
1691 4824 1806 4876 οὐκ
1846 4824 1943 4877 ἐν·

348 4906 673 4976 πειλάμην
711 4909 876 4978 ὑμῖν.
938 4910 1075 4964 Ἀλλ’
1116 4912 1303 4983 ἐπειδὴ
1353 4912 1625 4983 ἐζήτησαν
1676 4913 1835 4966 τοῦτο
1886 4916 1941 4968 αἱ

349 4997 582 5051 διάνοιαι
617 5000 815 5064 αὐτῶν,
848 5003 1343 5074 παραμυθούμενος
1359 5008 1387 5058 ό
1408 5002 1541 5068 Θεὸς
1565 5004 1818 5076 Σαμουὴλ
1848 5005 1939 5059 τὸν

350 5089 640 5159 προφήτην
686 5089 874 5159 ἔλεγεν
897 5108 910 5120 ⁸
957 5096 1041 5147 Οὐ
1091 5094 1167 5146 σὲ
1193 5094 1589 5157 ἀπεσάλοντο,
1633 5097 1772 5150 ἀλλ’
1812 5095 1937 5164 ἐμὲ,

348 5177 503 5245 λέγει
544 5178 765 5249 Κύριος.
811 5181 988 5249 Πλὴν
1029 5183 1247 5253 χρῖσον
1294 5186 1498 5251 αὐτοῖς
1537 5186 1644 5239 τὸν
1702 5187 1895 5242 Σαοὺλ
1926 5228 1938 5247 .

349 5272 489 5324 υἱὸν
515 5274 652 5340 Κῖςο
683 5273 875 5346 ὥσπερ
896 5276 1129 5340 παιδίοις
1166 5282 1381 5350 μικροῖς
1407 5279 1854 5350 προσφερόμενον
1882 5278 1942 5332 τὸ

348 5363 531 5429 Θεῖον,
561 5366 648 5422 ἴνα
679 5367 926 5439 βαστάσῃ
950 5370 1051 5441 τὴν
1075 5372 1361 5427 ἀσθένειαν
1390 5373 1500 5427 τῶν
1530 5369 1903 5428 ἀσθενούντων
1925 5414 1939 5435 ,

350 5455 452 5508 καὶ
472 5457 837 5531 ἀναοωπεύσῃ
866 5460 926 5514 τὸ
949 5461 1152 5533 βρέφος
1181 5462 1291 5518 ἀπὸ
1316 5466 1417 5536 τῆς
1443 5465 1607 5519 αὐτοῦ
1635 5466 1939 5528 ἀσθενείας.

348 5543 487 5603 Εἶτα
520 5550 668 5621 λέγει
696 5551 758 5606 τὸ
795 5552 1132 5609 τελειότατον
1153 5573 1169 5588 ·
1206 5557 1400 5611 Θυσία
1439 5558 1519 5623 τῷ
1553 5557 1676 5624 Θεῷ
1708 5558 1942 5627 πνεῦμα

2050 4640 2236 4707 itaque
2303 4636 2767 4708 quemadmodum
2826 4651 3121 4705 progressu
3191 4644 3499 4706 temporum
3552 4636 3637 4690 di-

2048 4729 2189 4782 vina:
2250 4728 2472 4782 virtutis
2537 4741 2660 4781 sese
2714 4726 2865 4781 velut
2927 4726 3328 4781 ﬁrmamentum
3400 4728 3631 4797 aperiat.

2050 4818 2207 4875 Unde
2260 4834 2384 4874 cum
2437 4816 2678 4872 Samueli
2733 4819 3094 4873 mandasset:
3163 4816 3317 4888 Unge
3376 4818 3508 4875 Saul
3579 4821 3633 4875 in

2048 4910 2304 4982 regem“:
2350 4918 2538 4980 postea
2569 4919 2751 4964 tamen
2782 4907 3000 4964 Judzeos
3032 4910 3311 4979 increpat:
3371 4908 3636 4973 Unxistis,
3692 4950 3701 4959 .

2047 5004 2246 5072 inquit,
2290 5017 2462 5071 regem
2500 5018 2605 5055 non
2637 5017 2728 5069 per
2759 5019 2867 5067 me,
2922 5012 2971 5057 et
3000 5003 3286 5071 principes,
3330 5012 3377 5058 et
3409 5021 3503 5074 ego
3534 5020 3638 5059 non

2043 5095 2268 5163 prwcepi
2295 5094 2439 5147 vobis
2460 5095 2505 5147 ’.
2539 5092 2643 5148 Sed
2674 5095 2935 5162 quoniam
2969 5110 3035 5149 ex
3066 5096 3375 5151 animorum
3412 5113 3638 5153 suorum

2047 5189 2153 5242 hoc
2182 5186 2408 5249 libidine
2433 5186 2791 5254 postularant,
2817 5187 2958 5244 Deus
2989 5187 3298 5245 Samuelem
3321 5192 3638 5254 consolans,

2053 5278 2177 5334 Non
2204 5284 2273 5343 te,
2316 5278 2517 5348 inquit,
2545 5279 2860 5349 rejecerunt,
2900 5279 2990 5334 sed
3023 5297 3126 5357 me,
3170 5282 3305 5336 dicit
3335 5281 3636 5348 Dominus;

2051 5380 2410 5425 verumtamen
2440 5387 2575 5441 uuge
2605 5371 2713 5425 illis
2752 5371 2887 5427 Saul
2914 5373 3089 5442 ﬁlium
3122 5371 3213 5429 Cls
3233 5374 3298 5429 ¹⁰.
3329 5373 3444 5439 Qua
3475 5372 3531 5427 in
3580 5389 3637 5429 re

2053 5460 2279 5531 perinde
2309 5475 2369 5514 se
2402 5456 2546 5516 Deus
2577 5475 2703 5531 erga
2737 5463 2862 5519 illos
2893 5478 2957 5517 ac
2984 5464 3245 5533 puerulos
3279 5464 3440 5535 gerit,
3468 5474 3527 5519 ut
3555 5465 3636 5519 in-
3711 5460 3720 5470 ’

2053 5554 2337 5608 ﬁrmorum
2371 5552 2803 5610 imbecillitatem
2834 5555 3127 5622 sustineat,
3168 5571 3232 5610 ac
3262 5558 3345 5611 sic
3375 5566 3637 5628 tanquam

460 5753 477 5784 ’
528 5752 703 5829 forte
766 5753 896 5829 περὶ
957 5770 1080 5829 γυν.
1195 5754 1216 5784 ⁸
1278 5753 1456 5829 E_tt_od._
1516 5773 1609 5822 xx,
1871 5726 1939 5788 '-

2044 5762 2124 5814 od.
2190 5776 2269 5823 τι,
2333 5760 2387 5815 2.
2501 5761 2524 5793 ⁸
2574 5762 2742 5819 Amos
2838 5780 2893 5825 ν,
2959 5759 3050 5818 25.
3159 5760 3179 5800 ⁸
3233 5760 3345 5823 Jer.
3413 5780 3488 5829 vl.
3546 5770 3641 5825 20.

370 5825 393 5855 ⁸
417 5822 562 5880 Psal.
596 5840 754 5889 χιιι,
796 5824 883 5877 15.
960 5825 980 5855 ⁷
1015 5825 1181 5877 Amos
1207 5841 1259 5891 ν,
1299 5825 1403 5890 25;
1439 5824 1543 5882 lsa.
1598 5843 1639 5893 ι,
1686 5827 1753 5880 12
1780 5844 1900 5897 sqq.

2066 5830 2199 5900 Reg.
2243 5822 2322 5896 tt,
2356 5830 2446 5886 iﬁ.
2522 5834 2544 5864 ’
2576 5832 2706 5889 Ose.
2748 5822 2946 5897 ιἰιιξι.

3025 5837 3068 5867 ¹⁶
3109 5838 3129 5891 l
3158 5835 3289 5908 Reg.
3323 5854 3437 5905 νιιι,
3461 5834 3494 5892 7
3513 5855 3637 5909 sqq-
