4078 6410
528 398 629 457 l3”
1654 440 1659 447 κ
1944 404 2000 461 S.
2038 396 2378 458 EPIPllANll
3683 410 3776 468 ιιι

526 519 791 573 infantem
822 519 874 574 in
906 519 993 576 illa
1018 534 1113 575 sua
1141 521 1507 578 teneritudine
1527 522 1881 594 permulceat.
1910 522 2103 576 Postea

2223 516 2746 587 rvrz’erpqtyéror'
2809 516 3062 585 καρδίαν
3119 519 3633 589 συντετριμμένην
3687 524 3776 577 καί

526 625 676 673 vero,
703 610 847 680 quod
891 627 1162 666 summum
1196 629 1260 668 ac
1289 613 1757 685 perfectissimum
1788 624 1870 670 est
1901 629 2102 685 propo-

2223 611 2724 681 τεταπεινωμένην
2765 612 2799 664 ό
2844 610 2991 677 Θεὸς
3029 613 3142 666 οὐκ
3193 611 3625 676 ὲξουδεηῦσει·
3666 616 3778 681 καὶ,

526 705 648 760 nit:
711 704 1054 774 Sacriﬁcium
1106 705 1216 761 Deo
1268 707 1486 775 spiritus
1535 706 1956 767 contribulatus;
2008 720 2103 758 cor

2223 705 2448 759 θύσατε
2479 701 2561 769 τῷ
2604 700 2727 768 Θεῷ
2761 702 2986 758 θυσίαν
3025 702 3311 773 αἰνέσεως
3334 721 3350 736 ο
3391 704 3487 759 καὶ
3529 706 3632 759 ὅσα
3669 706 3779 760 ἔστι

524 798 802 848 contritum
827 806 875 849 et
906 795 1246 849 humiliatum
1276 796 1410 850 Deus
1440 813 1544 850 non
1575 796 1821 865 despiciet
1848 796 1888 851 ’.
1939 793 2102 849 Item:

2223 797 2341 868 περὶ
2366 796 2556 851 τούτου
2591 796 2792 864 λέγειν.

522 885 809 941 Immolete
845 886 955 941 Deo
990 887 1315 957 sacriﬁcium
1348 887 1522 941 laudis
1546 888 1568 918 '
1608 906 1624 941 :
1662 894 1717 941 et
1762 900 2101 957 quaecunque
2140 886 2245 940 alia
2281 888 2348 941 de
2375 903 2437 943 ea
2475 904 2534 943 re
2566 897 2799 958 possunt
2830 888 3034 944 allerri.
3072 934 3077 935 κ

592 978 802 1033 LXXII.
843 978 1046 1034 Deinde
1105 982 1189 1034 vel
1224 979 1409 1035 Manes
1439 980 1553 1049 ipse
1585 982 1897 1041 conlitetur,
1930 977 2101 1033 Deum

2279 980 2397 1036 OB'.
2442 975 2577 1034 Εἷτὰ
2612 998 2778 1052 φησιν
2823 983 2852 1034 6
2897 980 3059 1045 αὐτὸς
3094 981 3285 1052 Μάνης
3310 998 3323 1011 ·
3372 980 3631 1054 Ἦθέλησε
3663 987 3781 1055 περὶ

522 1071 674 1125 illum
695 1071 765 1126 de
786 1071 1007 1125 Christo
1030 1072 1360 1127 mentionem
1390 1072 1569 1127 facere
1590 1071 1847 1127 voluisse.
1870 1072 2105 1141 Magnus

2223 1072 2447 1144 Κριστοῦ
2475 1072 2635 1141 λόγον
2654 1072 2934 1128 ἐκθέσθαι.
2973 1074 3032 1126 Ὀ
3053 1072 3294 1143 λαλήσας
3326 1074 3434 1144 γὰρ
3460 1075 3518 1127 ἐν
3541 1075 3622 1146 τῷ
3642 1076 3782 1148 νόμῳ

523 1166 670 1219 enim
701 1180 888 1219 revera
926 1163 1016 1219 ille
1055 1164 1179 1228 fuit,
1229 1165 1321 1234 qui
1367 1163 1420 1218 in
1458 1164 1574 1235 lege
1621 1164 1838 1218 locutus
1870 1172 1977 1224 est,
2010 1163 2103 1232 qui

2223 1164 2385 1234 μέγας
2416 1164 2652 1236 ἀληθῶς,
2687 1167 2716 1218 6
2743 1163 3035 1233 ἐκθέμενος
3060 1164 3154 1216 καὶ
3190 1180 3257 1215 πε
3269 1163 3321 1235 ρὶ
3351 1164 3457 1217 τῶν
3491 1165 3781 1234 μελλόντων

527 1254 715 1310 futura
745 1265 872 1310 ante
907 1254 1153 1325 praevidit
1213 1269 1277 1309 ae
1318 1255 1587 1323 praedixit.
1646 1254 1781 1307 Nam
1830 1253 1874 1307 si
1920 1251 2105 1307 futura

2223 1256 2514 1325 γινώσκων.
2566 1258 2631 1310 Εἰ
2668 1257 2779 1328 γὰρ
2814 1252 2923 1309 οἶδε
2961 1257 3031 1310 τὰ
3080 1258 3363 1327 μέλλοντα,
3412 1258 3513 1311 οὐκ
3565 1258 3781 1330 ἄμοιρός

526 1350 717 1413 novit,
759 1348 923 1420 693
953 1347 1308 1418 praescicntia:
1344 1362 1540 1418 expers
1574 1361 1683 1400 non
1723 1345 1847 1409 fuit,
1892 1345 2109 1414 eritque

2223 1351 2328 1402 im
2355 1348 2737 1422 προγνώσεως,
2757 1349 2893 1403 ἀλλὰ
2918 1348 3052 1410 Θεός
3081 1352 3197 1402 ἐστι
3227 1350 3296 1402 τὰ
3325 1349 3590 1419 μέλλοντα
3613 1350 3779 1413 εἰδώς.

525 1441 695 1500 Deus.
721 1441 813 1510 qui
844 1439 1151 1493 futurorum
1178 1437 1490 1508 cognitione
1520 1436 1777 1508 prteditus
1795 1444 1896 1490 est.
1932 1432 2107 1489 Porro

2223 1443 2463 1513 Ἔγραψε
2495 1443 2551 1496 δὲ
2576 1442 2749 1509 αὐτὰ,
2786 1443 2874 1495 ἵνα
2902 1442 3149 1511 γένηται.
3190 1441 3250 1495 ΕΞ
3284 1443 3341 1495 δὲ
3386 1443 3607 1496 ἐναντία
3646 1442 3784 1513 αὐτῷ

526 1534 650 1588 ideo
681 1533 770 1586 illa
805 1532 1051 1600 scripsit,
1100 1538 1159 1584 ut
1204 1528 1501 1600 aliquando
1535 1530 1952 1599 contingerent:
1986 1542 2108 1596 quzr

2223 1535 2489 1605 ὑπῆρχεν,
2519 1535 2727 1604 ἔγραφε
2777 1534 2876 1604 μὲν
2920 1535 3050 1604 περὶ
3098 1534 3297 1597 αὐτῶν,
3341 1535 3496 1586 ἔλυσε
3545 1535 3602 1587 δὲ
3631 1536 3781 1597 αὐτὰ,

526 1630 573 1683 si
616 1626 891 1681 contraria
927 1624 1029 1695 ipsi
1064 1622 1271 1686 forent,
1319 1622 1401 1677 sic
1432 1621 1501 1677 de
1528 1622 1638 1677 illis
1683 1621 1850 1675 scribi
1905 1619 2112 1674 voluis—

2223 1626 2300 1680 ίνα
2340 1628 2413 1698 μὴ
2447 1627 2632 1691 αὐτοῖς
2680 1625 3012 1695 πεισθῶμεν.
3077 1628 3267 1679 Ὁπότε
3301 1626 3355 1679 δὲ
3413 1627 3691 1697 συνίστησι
3722 1628 3785 1678 τὰ

527 1727 632 1784 set,
665 1726 724 1771 ut
748 1724 1019 1772 everteret
1045 1730 1110 1769 ac
1139 1715 1471 1779 destrueret,
1504 1728 1575 1768 ne
1598 1712 1920 1782 persuaderi
1951 1710 2110 1765 nobis

2223 1718 2479 1790 μέλλοντα
2508 1721 2587 1783 είς
2618 1719 2852 1790 Χριστὸν
2882 1718 3236 1780 τελειοῦσθαι,
3282 1719 3414 1772 αὐτὸ
3455 1719 3565 1787 ἄρα
3591 1718 3703 1770 ἐστὶ
3730 1718 3785 1771 τὸ

529 1818 777 1883 possent.
835 1807 994 1863 Nunc
1051 1822 1177 1862 cum
1232 1820 1294 1861 ea
1333 1804 1680 1860 commendet
1720 1804 1838 1874 ipsa
1885 1818 2006 1873 qu:e
2053 1803 2109 1857 in

2223 1809 2440 1881 Πνεῦμα
2468 1810 2531 1864 τὸ
2556 1810 2795 1883 λαλῆσαν
2829 1813 2887 1864 ὲν
2915 1812 3084 1882 νόμῳ,
3116 1810 3213 1865 καὶ
3243 1813 3301 1864 ἐν
3338 1811 3673 1881 προφήταις,
3698 1810 3786 1863 καὶ

528 1903 754 1959 Christo
784 1898 1115 1973 perlicienda
1137 1905 1315 1963 erant,
1334 1911 1445 1951 non
1475 1895 1697 1950 dubium
1724 1903 1829 1960 est,
1860 1894 2113 1949 eumdem

2223 1904 2274 1956 ὲν
2312 1902 2666 1974 Εὑαγγελίῳ·
2712 1903 2812 1974 μία
2846 1904 2955 1976 γάρ
2988 1904 3135 1957 ἐστιν
3179 1902 3214 1973 ὴ
3254 1902 3580 1972 συμφωνία,
3611 1902 3685 1964 ὡς
3707 1900 3787 1954 διὰ

530 2000 686 2055 illum
714 2012 838 2053 esse
862 1995 1127 2066 Spiritum
1162 1992 1252 2063 qui
1276 1993 1329 2046 in
1353 1992 1487 2062 lege,
1522 2008 1585 2044 ac
1609 1990 1911 2061 prophetis.
1936 1988 2113 2042 Evan-

2223 1994 2495 2058 Μωῦσέως
2534 1993 2680 2062 λέγει
2699 2011 2713 2025 ο
2745 1994 3069 2064 Προφήτην
3093 1992 3237 2061 ὑμῖν
3257 1993 3326 2046 ἐκ
3370 1994 3491 2047 τῶν
3517 1991 3788 2061 ἀδελφῶν

528 2090 780 2162 gelioque
827 2084 964 2141 adeo
1009 2086 1081 2139 sit
1128 2084 1369 2146 loculus,
1403 2079 1845 2151 quandoquidem
1895 2095 1999 2133 una
2028 2085 2113 2132 est

2223 2082 2383 2152 ὑμῶν
2417 2084 2609 2153 ἐγερεῖ
2650 2085 2886 2151 Κύριος.
2939 2084 3051 2137 Καὶ
3093 2083 3259 2138 πάλιν
3295 2086 3324 2137 6
3378 2083 3585 2154 Κύριος
3620 2082 3783 2151 λέγει·

527 2179 773 2236 omnium
804 2174 1121 2232 concordia.
1154 2172 1312 2239 Quod
1342 2185 1373 2225 a
1404 2169 1587 2241 Moyse
1615 2184 1835 2240 quoque
1864 2167 2107 2222 declasa-

528 2282 643 2329 tum
670 2282 756 2328 est
782 2289 796 2327 :
832 2267 1173 2338 Prophetam,
1205 2264 1303 2330 ait,
1326 2280 1354 2318 e
1376 2261 1635 2333 fratribus
1666 2261 1852 2316 vestris
1879 2260 2113 2314 suscita-

529 2367 603 2420 bit
631 2363 889 2420 Dominus
907 2362 948 2416 ³.
980 2359 1095 2414 lmo
1112 2365 1169 2415 et
1186 2355 1454 2412 Dominus
1471 2354 1622 2425 ipse:
1660 2352 1887 2423 Moyses,
1912 2350 2111 2421 inquit,

528 2458 595 2515 de
636 2474 719 2513 me
764 2452 1040 2526 seripsit‘.
1093 2449 1199 2519 Qui
1245 2447 1467 2520 quidem
1517 2444 1736 2516 Moyses
1782 2444 1856 2498 ita
1907 2443 2110 2514 pergit:

532 2549 718 2609 Omnis
753 2547 933 2603 anima
953 2559 1069 2615 qua:
1102 2558 1206 2597 non
1228 2538 1459 2593 audierit
1484 2536 1792 2606 prophetam
1815 2536 1989 2600 illum,
2021 2549 2116 2588 ea:-

534 2638 909 2698 tcrminabitur
925 2637 970 2691 '.
997 2637 1134 2689 Item
1159 2631 1459 2687 Dominus:
1491 2628 1548 2685 Si
1572 2627 1776 2699 Moysi:
1796 2628 1989 2682 litteris
2012 2643 2117 2681 non

531 2728 750 2785 creditis
776 2767 793 2794 ,
859 2724 1120 2798 quomodo
1171 2736 1440 2777 sermones
1488 2736 1631 2776 meos
1676 2719 1905 2774 audietis
1943 2717 2007 2773 οἳ
2038 2718 2117 2772 Ita

531 2820 741 2876 veritas
772 2817 923 2874 omni
957 2830 1025 2873 ex
1078 2821 1233 2888 parte
1275 2811 1560 2885 splendida
1601 2825 1668 2866 ac
1734 2824 1887 2881 ruga
1920 2825 2117 2878 expers

533 2916 782 2984 apparet.

597 2998 842 3056 LXXIII.
892 2997 1109 3055 Atenim
1149 2994 1482 3052 Manichacus
1512 2992 1924 3050 Testamentum
1985 2991 2119 3065 legis

533 3093 731 3151 mortis
761 3107 888 3148 esse
922 3097 1313 3147 testamentum
1363 3086 1594 3155 asserit,
1625 3085 1772 3158 quod
1821 3084 2120 3155 Apostolus

534 3183 772 3242 dixerit:
809 3181 963 3250 Quod
1014 3181 1061 3236 si
1093 3168 1465 3235 testamentum
1511 3177 1698 3232 mortis
1741 3176 2008 3231 intitteris
2034 3179 2120 3230 in-

2213 2172 2477 2242 Μωῢσῆς
2512 2175 2643 2243 περὶ
2671 2175 2818 2245 ἐμοῦ
2857 2173 3142 2244 ἔγραψεν.
3191 2174 3249 2228 '0
3272 2175 3328 2228 δὲ
3352 2175 3594 2244 Μωῦσῆς
3633 2191 3785 2244 φησι·

2214 2264 2391 2320 Πᾶσα
2410 2266 2606 2335 ψυχὴ,
2648 2267 2781 2334 ἣτις
2814 2269 2924 2320 οὐκ
2964 2266 3289 2321 ἀκούσεται
3340 2265 3446 2320 τοῦ
3490 2266 3787 2335 προφήτου

2213 2356 2474 2420 ἐκείνου,
2514 2357 3090 2426 ἐξολοθρευθήσεται
3109 2375 3123 2388 '
3174 2357 3271 2411 καὶ
3298 2357 3458 2413 πάλιν
3487 2360 3517 2412 6
3553 2359 3749 2429 Κύριος
3771 2372 3784 2387 ·

2216 2449 2289 2502 Et
2315 2447 2441 2515 τοῖς
2467 2448 2765 2515 Μωῡσέως
2797 2447 3140 2519 γράμμασιν
3178 2451 3251 2503 οὐ
3288 2450 3604 2504 πιστεύετε
3620 2491 3633 2515 ,
3673 2448 3787 2515 πῶς

2217 2536 2297 2592 ἂν
2326 2536 2471 2604 τοὺς
2505 2538 2685 2608 ἐμοὺς
2716 2540 2938 2609 λόγους
2962 2540 3290 2606 ἀκούσετε;
3318 2540 3429 2593 Καὶ
3457 2540 3787 2612 πανταχόθεν

2218 2627 2472 2697 φαίνεται
2499 2629 2779 2702 ήάλήθεια
2811 2632 3044 2702 φωτεινή
3073 2648 3159 2695 τις
3187 2626 3344 2697 οὖσα,
3379 2632 3474 2685 καὶ
3503 2632 3579 2704 μὴ
3604 2631 3785 2702 ἔχουσα

2220 2722 2430 2794 ῥυτίδα.

2290 2976 2410 3032 Ol".
2445 2946 2688 3033 Θανάτου
2729 2978 2785 3033 δὲ
2812 2977 2974 3032 πάλιν
3007 2977 3249 3050 ὁρίζεται
3281 2979 3381 3050 τὴν
3399 2979 3675 3051 Διαθήκην
3702 2975 3783 3032 to?

2219 3067 2409 3140 νόμου,
2440 3068 2527 3123 διὰ
2558 3070 2620 3123 τὸ
2656 3069 2937 3143 εἰρηκέναι
2964 3069 3056 3122 τὸν
3098 3070 3417 3126 ’Δπόστολον
3436 3087 3450 3100 ’
3488 3075 3561 3126 ΕΙ
3589 3072 3657 3125 δὲ
3677 3072 3788 3126 δια·

2222 3159 2378 3230 θήκη
2407 3160 2517 3216 τοῦ
2553 3159 2812 3216 θανάτου
2850 3161 2921 3215 ἐν
2949 3162 3307 3231 γράμμασιν,
3344 3163 3787 3234 ἐντετυπωμένη

532 3238 797 3345 scalptum
812 3238 1107 3342 "lapidibus
1132 3310 1148 3334 ,
1186 3270 1479 3341 gloriosum
1512 3267 1617 3339 fuit
1650 3268 1693 3322 ⁷.
1724 3266 1836 3322 Nec
1886 3282 1953 3322 eo
1983 3282 2118 3321 con-

2223 3253 2431 3320 λίθοις,
2460 3252 2715 3323 ἐγενήθη
2738 3254 2810 3307 ἐν
2845 3253 3014 3324 δόξῃ.
3048 3255 3158 3308 Καὶ
3180 3255 3240 3308 οὐ
3274 3256 3433 3325 μόνον
3461 3257 3623 3310 τοῦτο
3652 3252 3788 3309 εἶπεν

532 3368 682 3416 tenta
714 3356 1005 3431 Scriptura
1030 3398 1046 3423 ,
1088 3358 1221 3413 illud
1268 3359 1492 3428 insuper
1536 3356 1770 3428 adjecit:
1809 3353 1923 3411 Lex
1972 3356 2119 3424 iusto

529 3468 638 3509 non
662 3461 740 3508 est
769 3453 945 3522 posita
973 3492 989 3517 ,
1022 3450 1115 3506 sed
1141 3451 1443 3520 patricidis,
1470 3462 1519 3506 et
1545 3448 1844 3504 matricidis
1862 3488 1878 3513 ,
1919 3458 1969 3504 et
1998 3464 2120 3518 per-

529 3545 667 3614 iuris
693 3584 709 3611 ,
742 3553 793 3599 et
827 3545 876 3599 si
899 3546 1025 3617 quid
1058 3543 1209 3599 aliud
1248 3544 1578 3598 contrarium
1615 3551 1694 3597 est
1724 3557 1872 3596 sanw
1918 3540 2122 3595 doctri-

531 3649 616 3689 mr
645 3634 689 3690 ⁸.
718 3633 857 3688 Cum
904 3633 1071 3705 igitur
1124 3634 1211 3688 lex
1260 3631 1413 3702 justo
1453 3632 1630 3701 posita
1682 3646 1793 3685 non
1849 3630 1957 3695 sit,
1988 3643 2122 3684 num

531 3724 836 3781 sceleratus
874 3734 1038 3794 atque
1068 3724 1229 3778 exlex
1257 3720 1523 3779 dicendus
1550 3721 1674 3777 est?
1718 3721 1939 3777 Minime
1969 3736 2118 3777 vero.

535 3809 644 3868 Sed
674 3810 936 3883 quoniam
959 3811 1142 3881 justus
1176 3826 1297 3881 qua:
1321 3811 1439 3881 lege
1481 3810 1798 3881 praescripta
1832 3817 1993 3876 sunt,
2042 3808 2124 3863 fa-

531 3919 660 3961 cere
708 3903 1035 3971 antevertit,
1065 3901 1332 3958 adversus
1362 3903 1511 3957 hunc
1566 3916 1678 3956 non
1715 3908 1800 3959 est
1824 3903 2124 3959 constituta

533 3996 641 4062 lex,
668 3994 763 4068 qui
791 3994 963 4065 legem
995 3992 1345 4059 observavit;
1374 3991 1471 4049 sed
1507 3991 1773 4049 adversus
1796 4007 1894 4049 eos
1928 3991 2124 4048 decer-

533 4087 683 4144 nitur
713 4125 730 4152 ,
785 4087 884 4156 qui
940 4086 1168 4143 sceleris
1202 4084 1409 4157 aliquid
1456 4084 1881 4150 commiserint,
1927 4084 1996 4140 ad
2027 4101 2124 4143 eos

528 4179 860 4252 judicandos
888 4217 904 4243 ,
939 4178 1033 4249 qui
1091 4185 1286 4233 contra
1338 4177 1510 4249 legem
1553 4178 1913 4249 peccaverint.
1946 4178 2126 4248 Atque

527 4271 635 4329 hoc
665 4270 830 4327 modo
861 4284 980 4327 sese
997 4268 1403 4326 Testamentum
1436 4266 1606 4324 Vetus
1639 4268 1864 4324 habuit:
1899 4269 2045 4340 quod
2069 4272 2124 4324 e’t

529 4361 864 4419 homicidam
898 4361 1132 4419 interﬁci
1161 4403 1176 4426 ,
1211 4371 1267 4417 et
1320 4363 1626 4417 adulterum
1667 4350 1895 4431 perinde
1948 4368 2126 4415 morte

530 4458 805 4521 damnari,
839 4470 905 4511 ac
926 4455 1061 4526 legis
1094 4454 1416 4510 violatorem
1447 4453 1722 4525 lapidibus
1766 4449 1941 4508 obrui
1982 4466 2124 4522 prae-

2223 3346 2257 3416 ή
2292 3344 2411 3398 θεία
2446 3344 2638 3418 Γραφὴ
2660 3386 2676 3411 ,
2724 3345 2842 3399 ἀλλ’
2883 3346 2987 3412 δτι,
3015 3346 3079 3398 '0
3116 3348 3302 3415 νόμος
3339 3346 3549 3414 δικαίῳ
3581 3349 3651 3401 οὺ
3681 3345 3788 3399 xei-

2221 3451 2317 3489 ται
2335 3475 2350 3501 ,
2403 3436 2568 3491 ἀλλὰ
2612 3437 2997 3505 πατραλοίαις
3019 3476 3034 3502 ,
3086 3437 3185 3490 καί
3229 3439 3619 3506 μητρολοίαις
3640 3478 3655 3502 ,
3698 3437 3789 3491 καὶ

2220 3526 2556 3597 ἐπιόρκοις,
2591 3529 2691 3584 καὶ
2713 3529 2770 3584 εί
2795 3547 2850 3583 τι
2877 3530 3197 3584 ἀντίκειται
3221 3528 3297 3597 τῇ
3328 3532 3686 3599 ὑγιαινούσῃ
3715 3528 3791 3580 δι-

2221 3618 2547 3688 δασκαλίᾳ.
2616 3622 2764 3676 Ἐπεὶ
2815 3617 2909 3676 οὖν
2957 3622 2987 3673 6
3035 3621 3199 3691 νόμος
3243 3621 3438 3692 δικαίῳ
3488 3623 3551 3675 οὐ
3604 3625 3788 3684 κεῖται,

2224 3712 2544 3785 παράνομος
2570 3709 2681 3786 ἆρά
2718 3715 2866 3767 ἐστιν
2910 3713 2940 3765 6
2966 3713 3207 3777 δίκαιος;
3238 3713 3329 3783 Μὴ
3362 3713 3575 3781 γένοιτο
3608 3716 3620 3767 !
3664 3713 3790 3765 Ἀλλ’

2223 3805 2411 3877 ἐπειδὴ
2444 3805 2745 3879 προέλαϐεν
2770 3809 2798 3861 ὁ
2822 3807 3029 3870 δίκαιος
3046 3806 3116 3860 τὰ
3135 3807 3227 3860 τοῦ
3254 3806 3421 3876 νόμου
3438 3807 3674 3867 τελέσαι,
3702 3806 3792 3858 οῦκ

2225 3896 2341 3952 ἐστι
2366 3897 2530 3970 νόμος
2559 3898 2700 3953 κατά
2721 3899 2927 3953 δικαίου
2957 3899 3052 3953 τοῦ
3082 3902 3445 3972 πεποιηκότος
3478 3905 3573 3958 τὸν
3607 3905 3788 3976 νόμον·

2224 3992 2400 4043 κεῖται
2450 3988 2507 4043 δὲ
2549 3989 2690 4043 κατά
2721 3989 2827 4043 τῶν
2854 3992 3244 4062 ήνομηκότων,
3277 3993 3514 4059 δικάζων
3545 3997 3669 4059 τοὺς
3700 4012 3793 4047 πα·

2226 4081 2662 4153 ρανομήσαντας.
2712 4081 2897 4146 Οὕτως
2945 4080 3037 4138 οὖν
3081 4087 3114 4155 ἠ
3156 4084 3419 4159 Διαθήκη.
3473 4088 3664 4157 Ἔλεγε
3696 4087 3791 4157 γὰρ

2223 4172 2315 4225 τὸν
2340 4174 2509 4242 φονέα
2533 4173 2873 4243 φονεύεσθαι,
2908 4176 3003 4228 καὶ
3029 4177 3121 4229 τὸν
3154 4177 3338 4248 μοιχὸν
3365 4179 3789 4240 ἀποκτείνεσθαι,

2224 4268 2320 4318 καὶ
2353 4266 2444 4318 τὸν
2495 4267 2962 4337 παρανομήσαντα
2999 4267 3409 4325 λιθοὸολεῖσθαι.
3465 4272 3708 4341 Ἐγένετο
3742 4270 3793 4323 δὲ

2224 4357 2284 4411 ὲν
2326 4357 2473 4429 δόξῃ.
2511 4357 2732 4428 Μεγάλη
2785 4357 2894 4428 γὰρ
2927 4359 3142 4427 ἐγένετο
3171 4362 3205 4432 ή
3257 4361 3464 4431 ταύτης
3494 4364 3640 4430 δόξα,
3686 4363 3793 4415 Πε-

2227 4449 2554 4521 ριεκράτησε
2585 4450 2692 4521 γὰρ
2726 4450 2823 4520 τῆς
2868 4450 3027 4520 δόξης
3068 4451 3178 4504 τῶν
3221 4451 3527 4524 ἀνθρώπων
3570 4454 3676 4508 ἀπὸ
3704 4453 3792 4522 τῆς

444 4572 453 4579 ι
530 4558 770 4622 ceperat.
793 4549 937 4606 Idem
969 4562 1135 4619 porro
1163 4548 1511 4618 splendorem
1556 4560 1622 4601 ac
1646 4546 1878 4615 gloriam
1907 4545 2119 4608 habuit,

2227 4541 2365 4613 πρὸς
2397 4541 2659 4613 ἀλλήλους
2688 4542 2901 4606 ἀδικίας
2922 4582 2935 4605 ,
2972 4545 3032 4595 ἐν
3065 4543 3202 4612 φωτὶ
3234 4543 3427 4597 στύλου
3471 4545 3584 4615 πῦρ
3608 4560 3795 4597 τυπου-

529 4651 583 4698 et
627 4643 847 4715 quidem
904 4654 1016 4695 non
1069 4639 1420 4695 mediocrem.
1472 4635 1718 4691 Gloriam
1771 4638 1917 4691 enim
1981 4635 2120 4689 inter

2230 4634 2366 4704 μένη
2386 4674 2400 4697 ,
2432 4634 2488 4688 ὲν
2531 4632 2785 4702 σάλπιγξι
2817 4632 3077 4705 φοϐερῶς
3113 4634 3376 4704 ἡκούσαις
3423 4634 3587 4705 μέγα,
3623 4635 3711 4687 καὶ
3741 4634 3792 4684 ἐν

533 4732 783 4789 homines
844 4731 918 4787 ob
971 4738 1190 4785 mutuas
1246 4729 1460 4785 illorum
1512 4728 1742 4796 injurias
1799 4728 2117 4797 pmmeruit.

533 4822 691 4891 Quod
744 4824 902 4893 ignea
946 4824 1002 4877 in
1032 4822 1287 4878 columna
1327 4820 1593 4876 traditum
1616 4858 1631 4884 ,
1680 4828 1734 4875 et
1767 4818 2120 4873 informatum

534 4923 618 4967 est
642 4952 659 4978 ,
693 4913 840 4966 tubis
890 4912 1185 4967 vehemens
1216 4910 1476 4981 quiddam
1532 4910 1975 4980 horrendumque
2000 4924 2123 4979 per-

536 5000 940 5071 strepentihus;
972 5002 1029 5056 in
1059 5002 1416 5058 tabernaculo
1446 5000 1769 5063 testimonii,
1801 5000 2124 5069 reliquaque

535 5092 685 5147 onmi
704 5091 875 5162 gloria
898 5129 914 5155 ,
954 5107 1075 5161 qua:
1101 5094 1373 5162 pmcipua
1411 5102 1528 5148 tum
1568 5092 1795 5146 exstitit.
1824 5090 2125 5161 Oportebat

546 5185 680 5239 enim
727 5182 921 5254 plmire
949 5191 1330 5238 testamentum
1356 5185 1551 5238 mortis
1575 5224 1590 5250 ,
1623 5192 1685 5237 ut
1718 5198 1843 5239 eum
1895 5184 2124 5252 peccatis

552 5291 764 5331 esemus
803 5273 1040 5337 mortui,
1082 5273 1311 5342 justitia:
1358 5277 1644 5329 viveremus
1688 5277 1728 5328 '.
1765 5274 1885 5342 Qua
1910 5275 2126 5331 ratione

546 5368 791 5425 Gliristus
813 5365 1156 5439 infirmitates
1187 5374 1397 5420 nostras
1431 5368 1746 5434 portavit",
1790 5368 2125 5438 morbosque

542 5463 811 5532 suscepit:
839 5475 962 5532 quae
989 5457 1175 5514 omnia
1203 5458 1420 5526 corpori
1447 5472 1549 5513 suo
1577 5459 1830 5527 imposita
1870 5460 1924 5513 in
1955 5473 2121 5513 cruce

543 5553 821 5618 sustinuit,
867 5560 928 5606 ut
972 5549 1213 5622 primum
1265 5563 1385 5617 qua:
1418 5548 1486 5601 ad
1538 5556 1768 5602 mortem
1823 5550 2118 5618 pertinent,

2228 4727 2399 4796 σκηνῇ
2430 4722 2525 4777 τοῦ
2560 4724 2859 4795 μαρτυρίου
2881 4764 2895 4787 ,
2930 4726 3025 4777 καὶ
3057 4726 3117 4778 ὲν
3145 4724 3354 4796 μεγάλῃ
3392 4725 3515 4777 τότε
3541 4722 3791 4794 γενομένῃ

2225 4818 2372 4891 δόξῃ.
2409 4816 2555 4871 Ἔδει
2580 4817 2690 4889 γὰρ
2727 4818 2990 4888 προάγειν
3023 4818 3121 4887 τὴν
3149 4816 3412 4889 διαθήκην
3436 4816 3528 4870 τοῦ
3553 4816 3790 4874 θανάτων

2227 4909 2315 4962 ἶνα
2348 4909 2566 4979 πρῶτον
2603 4911 2887 4971 θανόντες
2914 4908 2990 4977 τῇ
3026 4909 3280 4977 ἁμαρτίᾳ
3319 4906 3593 4975 ζήσωμεν
3620 4906 3692 4974 τῇ
3718 4904 3794 4957 δι·

2227 5001 2527 5067 καιοσύνῃ
2547 5015 2561 5029 ·
2588 4999 2664 5062 ὡς
2702 5000 2936 5069 Χριστὸς
2976 5000 3083 5065 τὰς
3129 4999 3449 5063 ἀσθενείας
3483 4998 3652 5068 ήμῶν
3675 4993 3792 5049 ἐϐά-

2228 5106 2441 5157 στασε,
2475 5093 2569 5145 καὶ
2594 5092 2691 5155 τὰς
2722 5091 2911 5154 νόσους
2934 5091 3217 5153 ἀνέλαϐεν,
3249 5091 3480 5159 ἐνέγκας
3503 5091 3676 5144 πάντα
3713 5085 3792 5139 ἐπὶ

2230 5183 2307 5255 τῷ
2341 5183 2554 5255 σώματι
2590 5186 2649 5238 ὲν
2680 5183 2759 5253 τῷ
2785 5182 3036 5253 σταυρῷ,
3069 5183 3158 5235 ἵνα
3186 5182 3401 5253 πρῶτον
3434 5182 3502 5235 τὰ
3527 5180 3621 5234 τοῦ
3654 5176 3791 5233 θανά·

2228 5293 2357 5340 του,
2394 5276 2585 5329 ἔπειτα
2613 5275 2675 5328 τὺ
2712 5275 2811 5345 τῆς
2844 5273 2989 5344 ζωῆς
3033 5275 3092 5327 ὲν
3126 5275 3276 5345 αὐτῷ
3316 5274 3383 5327 δι’
3415 5275 3560 5345 ἡμᾶς
3588 5273 3791 5341 πληρω-

2231 5367 2472 5437 θήσεται.
2506 5365 2617 5419 Καὶ
2661 5364 2748 5418 διὰ
2772 5364 2932 5417 τοῦτο
2964 5363 3179 5435 πρῶτον
3207 5363 3572 5435 ἀποθνήσκει,
3601 5362 3683 5415 ἵνα
3709 5375 3790 5409 συ-

2230 5460 2401 5530 στήσῃ
2428 5458 2529 5530 τὴν
2559 5457 2655 5511 τοῦ
2688 5457 2920 5511 θανάτου
2947 5456 3247 5528 διαθήκην·
3284 5456 3474 5511 ἔπειτα
3508 5458 3571 5509 ἐκ
3602 5450 3791 5522 νεκρῶν

2228 5550 2567 5620 ἐγήγερται,
2601 5551 2690 5604 ἵνα
2725 5549 2835 5602 ἀπὸ
2860 5548 3019 5619 δόξης
3052 5551 3131 5613 εἰς
3163 5548 3361 5615 δόξαν,
3389 5544 3651 5614 καθάπερ
3687 5540 3789 5595 ἀπὸ

617 5737 635 5763 ι
681 5729 818 5786 Psal.
871 5731 1041 5797 1.,19.
1113 5731 1137 5760 ‘
1168 5728 1314 5797 Psal.
1354 5743 1503 5789 xux,
1531 5726 1621 5781 M.
1699 5729 1718 5797 ξ
1750 5727 1904 5782 Deut.
1930 5744 2120 5790 xvum

2276 5729 2662 5793 ⁵1ηειι.ν,46.
2738 5733 2760 5764 ⁸
2789 5730 2946 5786 Deut.
2985 5745 3146 5796 xvm,
3188 5728 3277 5787 l9.
3360 5731 3381 5764 ⁶
3408 5726 3569 5783 Josn.
3606 5739 3659 5788 ν,
3707 5716 3786 5771 47.

552 5802 570 5833 ⁷
616 5802 655 5855 Il
695 5803 817 5857 ﬂor.
851 5795 933 5864 ιιι,
970 5802 1025 5855 7.
1101 5798 1125 5831 ⁸
1164 5796 1351 5855 l'l‘im.
1391 5814 1432 5865 ι,
1460 5799 1514 5855 9.
1591 5798 1613 5829 ⁹
1647 5799 1669 5849 1
1698 5795 1846 5853 Petr.
1874 5816 1935 5866 ιι,
1974 5800 2068 5856 2t.

2223 5804 2317 5858 lsa.
2359 5817 2477 5867 LIII,
2522 5804 2556 5856 4
