4078 6416
358 304 471 360 HS

357 610 465 679 τὴν
504 607 774 678 ἁμαρτίαν
801 625 815 637 ο
877 608 934 661 ὲν
963 607 1042 679 τῷ
1087 609 1323 679 ταφῆναι
1364 612 1527 682 ἔθαψε
1555 614 1653 684 τὴν
1681 615 1929 685 ἀνομῖαν.

359 704 425 753 ὲν
456 699 536 771 τῷ
567 699 866 769 γεύσασθαι
895 701 1124 755 θανάτου
1155 704 1455 758 κατέκλασε
1490 706 1550 759 τὺ
1588 706 1809 779 κέντρον
1842 708 1934 761 τοῦ

357 792 632 846 θανάτουο
684 793 742 845 ὲν
772 791 850 863 τῷ
893 794 1174 847 κατελθεῖν
1224 798 1304 859 είς
1333 797 1424 849 τὸν
1475 796 1607 868 ᾅδην
1646 797 1937 851 ἐσκύλευσε

355 886 457 938 τὴν
511 885 682 958 ᾅδην,
735 884 892 937 ἔλυσε
946 887 1069 949 τοὺς
1122 887 1528 957 πεπεδημένους
1585 888 1646 939 ὲν
1696 886 1935 958 ἀνδρεία,

358 976 527 1030 ἔλαϐε
574 976 634 1029 τὸ
680 975 939 1048 τρόπαιον
971 976 1066 1029 τοῦ
1099 977 1332 1049 σταυροῦ
1363 976 1505 1031 κατά
1531 977 1625 1030 τοῦ
1669 976 1938 1030 διαϐόλου.

359 1067 480 1119 Kal
509 1066 607 1136 ὅρα
630 1065 744 1131 πῶς
775 1068 809 1138 ἡ
861 1066 988 1133 δόξα
1033 1065 1170 1138 αὕτη
1223 1067 1329 1119 ἀπὸ
1366 1067 1644 1131 Μωῦσέως
1677 1067 1803 1140 ἄχρι
1846 1068 1942 1122 τοῦ

360 1156 572 1226 Κυρίου
594 1172 608 1186 ·
639 1156 790 1227 πόσῳ
815 1173 880 1225 γε
908 1156 1104 1226 μᾶλλον
1143 1158 1175 1227 ἡ
1221 1157 1449 1227 διαθήκη
1486 1157 1584 1227 τῆς
1616 1156 1762 1227 ζωῆς
1791 1157 1944 1211 ἔσται

362 1246 430 1298 ἐν
459 1244 616 1319 δόξῃ,
654 1245 803 1298 λίθου
837 1245 1374 1315 ἀποκεκυλισμένον,
1421 1246 1637 1316 πετρῶν
1671 1247 1945 1318 ῥηγνυμέ-

361 1354 496 1402 νων,
532 1338 827 1408 μνημάτων
860 1337 1235 1408 ἀνοιχθέντων,
1265 1336 1512 1406 ἀγγέλων
1544 1337 1944 1408 ἐξαστραπτόν-

362 1443 496 1491 των,
528 1426 801 1494 γυναικῶν
832 1425 1350 1495 εὐαγγελιζομένων,
1380 1426 1606 1497 εἰρήνης
1641 1425 1942 1496 διδομένης,

363 1518 683 1587 Πνεύματος
730 1518 858 1588 παρ’
903 1517 1067 1572 αὐτοῦ
1117 1519 1229 1580 τοῖς
1284 1517 1603 1581 ἀποστόλοις
1648 1518 1944 1589 διδομένου,

362 1606 611 1679 οὐρανῶν
672 1606 946 1678 βασιλείας
1000 1607 1508 1679 καταγγελλομένης
1538 1648 1554 1669 ,
1612 1609 1947 1678 Εὑαγγελίου

364 1697 702 1766 φωτίσαντος
745 1699 845 1769 τὴν
890 1698 1256 1771 οίκουμένην;
1324 1699 1387 1753 '0
1432 1699 1692 1767 καταϐὰς
1740 1700 1944 1766 αὐτὸς,

994 306 1358 365 ADVERSUS
1394 308 1732 368 llASIlESES
1772 311 1894 367 LIB.
1939 312 2004 368 ll.
2045 310 2206 369 TOM.
2249 311 2311 367 IL
2349 310 2692 368 --HxERES.
2726 311 2908 368 LXVI.

250 484 257 489 _
366 422 589 489 Κυρίου
634 423 991 491 πνεύματος.
1057 425 1144 478 Ἐν
1177 426 1286 498 γὰρ
1332 427 1411 498 τῷ
1449 429 1671 501 σταυρῷ
1707 430 1935 502 ἐθριάμ-

2059 447 2155 484 um
2203 446 2329 485 vero
2359 439 2479 500 quas.
2510 439 2640 485 sunt
2690 430 2815 485 vitae
2867 416 3089 501 propria
3129 429 3184 485 in
3218 429 3407 486 eadem
3437 441 3627 487 nostra

358 515 560 568 ὅευσεν
586 514 758 585 ἀρχὰς
781 515 875 569 καὶ
897 516 1141 582 ἐξουσίας
1163 536 1176 549 ο
1210 521 1268 571 ὲν
1295 520 1372 590 τῷ
1400 520 1615 593 θανάτῳ
1649 522 1934 596 κατέκρινε
1992 572 2002 580 ,

3527 312 3622 371 ΗΕ

2040 537 2204 577 causa
2252 522 2676 592 complerentur.
2742 523 2916 588 Quam
2975 522 3047 578 ob
3114 538 3338 578 causam
3395 523 3628 578 moritur

2037 614 2239 683 primo,
2269 621 2331 667 ut
2356 613 2548 668 mortis
2578 621 2956 669 testamentum
2990 613 3419 669 commendaret.
3450 614 3626 687 695

2040 700 2246 758 Deinde
2279 718 2309 755 a
2339 704 2576 760 mortuis
2623 704 2901 758 excitatus
2928 711 3007 759 est
3036 746 3051 770 ,
3080 712 3139 758 ut
3185 721 3214 758 a
3251 706 3424 775 gloria
3456 716 3628 762 trans-

2042 793 2144 848 iret
2199 792 2265 848 ad
2296 793 2544 864 gloriam,
2576 803 2830 863 tanquam
2875 812 2908 847 (ι
2938 795 3156 850 Domini
3183 797 3379 864 spiritu
3410 799 3453 849 ¹.
3490 795 3628 850 Nam

2042 877 2096 932 in
2125 894 2289 935 cruce
2329 880 2667 949 principatus
2718 897 2783 936 ac
2836 892 3133 952 potestates
3166 886 3314 940 velut
3343 887 3398 940 in
3433 886 3627 941 trium~

2043 971 2152 1042 pho
2178 971 2418 1028 traduxit
2452 972 2499 1025 ³.
2530 972 2586 1026 In
2620 984 2797 1030 morte
2842 991 2973 1030 vero
3008 988 3289 1046 peccatum
3325 977 3630 1043 damnavit,

2046 1066 2105 1120 in
2157 1066 2435 1135 sepultura
2493 1066 2837 1136 iniquitatem
2870 1069 3126 1139 sepeliit,
3180 1070 3237 1124 in
3293 1071 3632 1142 degustanda

2045 1162 2222 1210 morte
2264 1156 2548 1211 stimulum
2598 1156 2789 1213 mortis
2829 1156 3049 1229 infregit
3102 1158 3148 1222 ⁸,
3186 1159 3240 1213 in
3294 1175 3397 1214 suo
3440 1159 3533 1214 illo
3563 1159 3631 1214 ad

2048 1243 2263 1300 inferos
2317 1245 2589 1301 descensu
2635 1246 2809 1316 spolia
2848 1246 3084 1303 detraxit
3138 1248 3363 1315 inferis,
3415 1251 3631 1306 vinctos

2049 1333 2365 1389 fortitudine
2416 1351 2517 1391 sua
2573 1335 2861 1401 liberavit,
2913 1338 3177 1394 adversus
3213 1339 3488 1396 diabolum
3521 1350 3634 1396 tro-

2048 1439 2224 1495 paeum
2296 1425 2480 1480 crucis
2508 1425 2736 1495 accepit.
2768 1423 2905 1481 Vide
2954 1434 3015 1481 ut
3064 1443 3095 1481 a
3134 1427 3319 1500 Moyse
3372 1430 3440 1485 ad
3473 1431 3633 1486 Chri-

2048 1526 2191 1571 stum
2229 1516 2402 1587 gloria
2440 1517 2783 1589 perstiterit,
2815 1527 3021 1588 quanto
3049 1535 3179 1592 ergo
3223 1523 3483 1592 majorem
3514 1524 3629 1593 glo-

2048 1607 2185 1662 riam
2244 1607 2367 1662 vita:
2423 1615 2809 1664 testamentum
2862 1610 3168 1677 obtinebit,
3222 1627 3345 1667 cum
3388 1621 3443 1668 et
3495 1613 3632 1683 lapis

2052 1696 2367 1767 revolvitur,
2408 1706 2462 1753 et
2501 1713 2634 1754 saxa
2674 1686 3034 1771 franguntur,
3082 1711 3137 1757 et
3187 1704 3522 1759 monimenta
3548 1721 3633 1760 re-

364 1787 470 1842 και
504 1790 539 1842 ό
572 1788 796 1855 ἀναϐὰς
842 1788 1043 1844 ἐπάνω
1071 1789 1314 1843 πάντων
1345 1789 1465 1844 τῶν
1504 1790 1778 1858 οὐρανῶν
1795 1832 1811 1856 ,
1846 1791 1944 1845 καὶ

2059 1797 2347 1855 serantur,
2406 1797 2463 1846 et
2516 1790 2692 1862 angeli
2737 1790 2972 1862 fulguris
3030 1793 3206 1848 instar
3241 1796 3521 1861 emicant,
3578 1803 3633 1851 et

254 1953 267 1960 θ
363 1878 754 1949 καθεζόμενος
791 1880 861 1933 ἐν
900 1879 1071 1948 δεξιᾷ
1095 1882 1201 1937 τοῦ
1228 1881 1480 1951 Πατρός.
1512 1883 1627 1936 Οὐκ
1667 1877 1736 1954 ἦν
1777 1881 1942 1936 θανα-

363 1970 584 2034 τοποιδς
607 1974 640 2041 ἡ
668 1971 901 2044 διαθήκη
924 2011 938 2037 ,
971 1972 1106 2025 ἀλλὰ
1133 1972 1276 2027 κατὰ
1320 1973 1415 2027 τοῦ
1441 1971 1668 2026 θανάτου
1695 1974 1729 2044 ἡ
1756 1972 1944 2041 διαθή-

363 2081 463 2134 κη.
502 2063 591 2117 Ἐν
611 2063 737 2136 δόξῃ
767 2063 876 2134 δὲή
907 2061 1001 2116 τοῦ
1040 2062 1269 2117 θανάτου
1294 2103 1311 2127 ,
1347 2064 1436 2119 ἵνα
1465 2065 1499 2134 ἡ
1530 2062 1943 2133 ὑπερϐάλλουσα

364 2151 496 2216 δόξα
519 2152 657 2206 κατά
683 2151 778 2206 τοῦ
807 2152 1034 2207 θανάτου
1061 2153 1302 2223 γένηται.

2053 1883 2316 1941 mulieres
2367 1884 2720 1956 Evangelium
2756 1884 3093 1954 praedicant,
3147 1901 3251 1956 pax
3294 1886 3630 1950 conceditur,

2054 1973 2293 2046 Spiritus
2322 1976 2587 2047 apostolis
2613 1977 2680 2032 ab
2712 1976 2805 2032 illo
2836 1977 3115 2042 tribuitur,
3153 1993 3377 2049 regnum
3413 1978 3634 2034 caeleste

2048 2065 2443 2130 denuntiatur,
2498 2068 2650 2124 orbis
2690 2076 2959 2123 terrarum
3015 2067 3308 2139 Evangelio
3344 2070 3633 2125 collustra-

2046 2156 2180 2211 turl
2208 2156 2490 2213 Postremo
2514 2200 2529 2224 ,
2565 2157 2669 2224 Qui
2696 2158 2986 2222 descendit,
3020 2159 3129 2228 ipse
3151 2168 3229 2213 est
3272 2161 3362 2231 qui
3397 2159 3630 2214 ascendit

368 2264 530 2317 super
557 2264 734 2303 omnes
798 2252 987 2314 caelos,
1020 2258 1068 2303 et
1105 2248 1246 2303 sedet
1288 2248 1357 2302 ad
1407 2248 1678 2302 dexteram
1708 2248 1889 2303 Patris
1922 2250 1967 2302 ".
2022 2248 2141 2306 Non
2175 2251 2279 2307 fuit
2326 2251 2670 2307 mortiferum
2724 2259 3110 2309 testamentum
3135 2292 3151 2317 ,
3221 2253 3317 2308 sed
3366 2253 3632 2310 adversus

367 2344 601 2391 mortem
650 2338 1025 2392 constitutum.
1066 2338 1202 2394 Illud
1235 2353 1398 2409 porro
1444 2338 1590 2409 quod
1657 2339 1851 2395 mortis
1885 2338 2131 2407 dicitur,
2188 2340 2417 2413 gloriam
2475 2341 2706 2411 habuit,
2769 2341 2942 2413 major
2993 2351 3053 2396 ut
3088 2342 3352 2399 adversus
3404 2350 3633 2399 mortem

366 2432 546 2502 gloria
571 2441 994 2502 compararetur.

445 2527 562 2581 OA’.
592 2524 722 2581 Εἶτα
748 2528 908 2584 πάλιν
940 2529 1088 2597 λέγει
1116 2530 1144 2582 6
1170 2528 1332 2593 αὐτὸς
1356 2527 1549 2601 Μάνης
1574 2545 1589 2561 ι
1624 2530 1698 2583 Οὐ
1728 2529 1951 2584 δύναται

368 2618 495 2682 ἑνὸς
522 2618 859 2673 διδασκαλίου
908 2614 1048 2672 εἶναι
1092 2618 1305 2673 Παλαιὰ
1342 2620 1435 2672 καλ⁴
1470 2619 1644 2690 Καινὴ
1679 2618 1945 2692 Διαθήκη.

381 2712 453 2764 Ἥ
482 2711 581 2782 μὲν
622 2712 729 2783 γάρ
791 2710 1112 2766 παλαιοῦται
1162 2711 1373 2784 ἡμέραν
1416 2709 1475 2776 ἐξ
1510 2711 1754 2783 ἡμέρας-ο
1796 2712 1830 2783 ἡ
1889 2711 1948 2765 δὲ

371 2801 814 2864 ἀνακαινίζεται
854 2802 1084 2872 ἡμέραν
1118 2804 1245 2855 καθ’
1275 2801 1505 2871 ἡμέραν
1529 2817 1543 2832 ⁸
1579 2800 1702 2855 πᾶν
1731 2800 1844 2870 γὰρ
1878 2800 1946 2854 τὸ

372 2893 822 2961 παλαιούμενον
858 2892 957 2947 καὶ
1008 2891 1319 2962 γηράσκον
1363 2891 1543 2962 ἐγγὺς
1602 2891 1946 2961 ἀφανισμοῦ

371 2983 621 3052 γίνεται.
665 2983 822 3037 Ἀλλά
854 2984 1031 3054 ἐκείνη
1073 2983 1231 3037 ἀλλου
1261 2981 1398 3036 Θεοῦ
1455 2984 1550 3036 καὶ
1593 2981 1751 3036 ἄλλου
1805 2981 1952 3035 διδα-

377 3075 613 3128 σκάλουο
656 3077 749 3129 καὶ
786 3075 922 3147 αὕτη
962 3075 1150 3147 ἐτέρου
1180 3074 1314 3128 Θεοῦ
1343 3074 1437 3128 καὶ
1480 3074 1667 3146 ἑτέρου
1692 3073 1948 3129 διδασκά-

2130 2527 2363 2584 LXXIV.
2402 2527 2511 2587 Sed
2547 2528 2739 2600 objicit
2786 2527 3157 2585 Manichacus:
3192 2526 3311 2584 Non
3340 2542 3502 2601 posse
3530 2525 3635 2584 Ve-

2061 2628 2150 2677 tus
2200 2636 2263 2675 ac
2303 2620 2511 2675 Novum
2545 2620 2953 2675 Testamentum
3002 2620 3071 2676 ab
3114 2619 3307 2675 eodem
3356 2634 3482 2676 esse
3517 2634 3635 2674 ma-

2054 2709 2227 2780 gistro
2271 2708 2598 2781 profectum,
2644 2710 2917 2781 siquidem
2970 2707 3140 2765 Vetus
3178 2710 3245 2766 de
3275 2709 3364 2765 die
3408 2709 3463 2764 in
3492 2709 3636 2765 diem

2054 2800 2412 2863 inveteratur;
2471 2801 2703 2856 alterum
2763 2816 2882 2856 vero
2955 2800 3012 2855 in
3075 2799 3187 2856 dies
3254 2801 3539 2855 innovatur
3593 2799 3635 2856 ⁸.

2060 2892 2327 2963 Quidquid
2353 2894 2493 2947 enim
2522 2895 2858 2954 inveteratur,
2885 2908 2948 2946 ac
2973 2893 3218 2953 senescit,
3246 2892 3488 2947 interilui
3510 2907 3635 2960 pro.-

2057 2984 2261 3037 ximum
2294 2984 2442 3038 est".
2475 2981 2655 3050 Quare
2688 2990 2975 3054 superest,
3014 2991 3076 3037 ut
3128 2983 3259 3039 illud
3289 2983 3514 3039 alterius
3545 2982 3635 3041 Dei

2058 3089 2123 3128 ac
2151 3074 2399 3146 magistri
2427 3114 2442 3136 .
2480 3075 2584 3129 hoe
2616 3074 2843 3129 alterius
2898 3088 3020 3129 esse
3057 3072 3293 3130 dicatur.
3339 3072 3537 3129 Verum
3592 3075 3638 3130 si

375 3167 497 3223 λου.
527 3166 634 3221 Kal
665 3168 713 3220 εί
746 3168 844 3239 μὲν
884 3162 998 3239 εἶχε
1042 3164 1211 3233 δεῖξαι
1243 3165 1336 3220 δύο
1369 3165 1640 3236 Διαθήκας
1687 3164 1946 3231 Παλαιάς,

2059 3163 2252 3219 Vetera
2278 3165 2389 3219 duo
2416 3163 2765 3220 Testamenta
2793 3164 3168 3221 demonstrare
3206 3172 3412 3236 posset,
3444 3164 3636 3236 proba-

385 3257 615 3327 ὴόύνατο,
635 3261 764 3331 παρ’
792 3258 941 3329 αὐτῷ
972 3258 1194 3313 πιθανὸν
1243 3254 1383 3311 εἶναι
1422 3257 1484 3310 τὸ
1514 3256 1806 3327 λεγόμενον
1831 3296 1846 3320 ,
1876 3256 1952 3318 ὡς

389 3348 483 3402 δύο
514 3351 673 3404 ὅντων
704 3350 812 3403 τῶν
839 3350 959 3403 τότε
989 3349 1319 3419 διαθεμένων
1342 3365 1356 3379 ·
1398 3347 1657 3410 ὡσαύτως
1690 3348 1748 3400 δὲ
1774 3348 1824 3400 εί
1861 3347 1953 3401 δύο

382 3439 588 3503 sum;
629 3441 903 3511 Διαθῆκας
925 3436 1037 3511 εἶχε
1064 3440 1252 3506 δεῖξαι,
1276 3435 1343 3510 ἦν
1370 3438 1449 3502 είς
1477 3437 1574 3509 τὴν
1602 3438 1837 3491 διάνοιαν
1858 3437 1956 3491 λα-

381 3531 501 3584 ϐεῖν
531 3531 592 3584 τὸ
620 3530 1042 3603 προειρημένον·
1074 3532 1122 3583 εί
1160 3530 1216 3583 δὲ
1247 3532 1280 3602 ὴ
1315 3529 1414 3601 μὲν
1443 3527 1656 3582 Παλαιὰ
1679 3526 1825 3590 ἐνὸς,
1862 3527 1958 3579 καὶ

376 3626 416 3693 ἡ
451 3623 627 3695 Καινὴ
674 3622 768 3677 τοῦ
819 3622 979 3678 ἄλλου
1003 3660 1019 3685 ,
1059 3621 1155 3676 τοῦ
1206 3623 1263 3675 δὲ
1296 3619 1463 3675 καλοῦ
1498 3618 1633 3674 Θεοῦ
1675 3618 1768 3691 [εἰ]
1810 3619 1957 3673 ἔστιν

378 3717 419 3784 ή
456 3712 628 3784 Καινὴ
655 3714 894 3785 Διαθήκη
918 3752 932 3777 ,
964 3712 1202 3785 πονηροῦ
1236 3713 1293 3766 δὲ
1323 3715 1356 3785 ὴ
1384 3712 1597 3766 Παλαιὰ
1617 3752 1631 3775 ,
1665 3711 1772 3783 ἄρα
1798 3711 1847 3764 εί
1882 3711 1959 3782 μὴ

380 3802 527 3859 εἶδεν
577 3806 605 3857 6
650 3805 850 3873 ἀγαθὸς
895 3804 1028 3868 Θεὸς
1070 3806 1164 3858 τὸν
1196 3805 1430 3876 πονηρὸν
1475 3803 1788 3872 διαθέμενον
1808 3842 1824 3865 ,
1860 3801 1961 3854 οὐκ

382 3896 505 3967 ⁴ᾔδει
529 3936 543 3959 ,
566 3895 646 3948 ὅτι
676 3896 781 3966 χρὴ
809 3892 1086 3948 διαθέσθαι
1114 3894 1402 3965 διαθήκην.
1442 3894 1550 3946 Καὶ
1578 3892 1731 3945 ἔσται
1761 3890 1961 3962 μᾶλλον

387 3986 699 4059 παράὑτοῦ
724 3986 1014 4056 λαμϐάνων
1042 3988 1141 4057 τὴν
1172 3986 1446 4057 πρόφασιν
1473 3985 1570 4053 τῆς
1589 3981 1955 4046 διδασκαλίας,

386 4077 485 4131 καὶ
514 4076 734 4148 ἄπειρος
766 4074 840 4129 ὢν
868 4077 925 4130 ὲν
948 4078 1061 4138 τοῖς
1085 4074 1421 4147 πράγμασιν.
1462 4074 1522 4127 Εἰ
1556 4072 1664 4143 γὰρ
1693 4073 1768 4145 μὴ
1795 4070 1962 4143 ἑώρα-

386 4185 507 4233 κεν,
530 4169 629 4221 οὐκ
651 4168 717 4222 ἂν
740 4167 1065 4238 ἐμιμήσατο.
1096 4167 1208 4219 Kal
1234 4165 1340 4218 ἔδει
1366 4164 1564 4235 μᾶλλον
1588 4164 1687 4236 τὴν
1715 4161 1962 4218 Παλαιὰν

387 4260 665 4331 Διαθήκην
699 4255 837 4314 εἶναι
862 4256 956 4312 τοῦ
988 4257 1218 4327 ἀγαθοῦ,
1242 4259 1330 4311 ἵνα
1352 4257 1453 4311 κᾶν
1474 4258 1503 4310 6
1536 4255 1771 4328 πονηρὸς
1799 4272 1964 4326 μιμη-

386 4352 482 4416 λὺς
507 4351 713 4426 ἀκούσῃ
740 4353 884 4423 ἤπερ
913 4351 942 4403 6
985 4350 1061 4404 ὣν
1094 4350 1345 4423 ἀληθινὸς
1381 4349 1513 4413 Θεός
1539 4365 1553 4379 ·
1592 4347 1741 4417 λέγει
1787 4347 1895 4419 γὰρ
1934 4348 1966 4400 6

390 4444 598 4516 Κύριος
629 4447 686 4498 ὲν
720 4444 801 4515 τῷ
840 4443 1189 4515 Εὑαγγελίῳ·
1238 4445 1301 4496 Ὃ
1345 4442 1454 4497 ἐὰν
1487 4441 1691 4511 βλέπῃ
1740 4444 1773 4496 ὁ
1831 4440 1964 4507 Υἱὸς

2056 3254 2162 3310 bile
2192 3255 2439 3310 nonnihil
2470 3256 2638 3311 videri
2687 3264 2901 3325 posset,
2930 3255 3077 3326 quod
3133 3257 3199 3311 de
3226 3255 3430 3325 duplici
3474 3261 3631 3311 testa-

2057 3352 2175 3400 tore
2212 3345 2470 3415 disputat.
2500 3344 2580 3401 lta
2608 3346 2773 3400 etiam
2834 3346 2881 3400 si
2931 3344 3082 3402 Nova
3132 3347 3243 3401 duo
3290 3345 3641 3402 Testamenta

2058 3436 2221 3491 nobis
2270 3436 2628 3505 ostenderet,
2660 3443 2940 3507 utcunque
2991 3435 3137 3506 quod
3168 3446 3355 3491 narrat
3410 3436 3640 3506 intelligi

2060 3537 2268 3600 posset.
2322 3524 2430 3585 sed
2478 3544 2603 3585 cum
2652 3527 2822 3586 Vetus
2878 3529 3097 3600 quidem
3128 3528 3396 3593 alterius,
3432 3526 3642 3582 Novum

2058 3621 2467 3678 Testamentum
2504 3620 2731 3677 alterius
2758 3623 2849 3687 sit,
2877 3621 2984 3676 hoc
3011 3620 3058 3676 si
3084 3620 3229 3675 bono
3256 3620 3365 3675 Deo
3400 3617 3643 3673 tribuere

2060 3714 2292 3767 velimus
2317 3753 2334 3778 ,
2370 3713 2503 3769 illud
2559 3727 2691 3767 vero
2735 3712 2881 3768 malo
2905 3752 2921 3778 ,
2956 3726 3305 3781 consequens
3359 3709 3495 3764 illud
3535 3716 3642 3773 est,

2058 3805 2263 3861 bonum
2301 3805 2494 3871 Deum,
2526 3804 2634 3862 nisi
2663 3805 2943 3861 conditum
2988 3819 3019 3858 a
3049 3804 3194 3859 malo
3255 3808 3644 3859 testamentum

2062 3897 2354 3962 seivisset,
2410 3910 2443 3950 a
2501 3912 2561 3952 se
2613 3911 2831 3967 quoque
2877 3894 3224 3951 condendum
3265 3894 3649 3965 ignoraturum

2067 3985 2257 4043 fuisse.
2310 3986 2491 4053 Quare
2550 3988 2815 4043 doctrinae
2853 4001 2966 4042 suae
3016 3984 3360 4058 divulgandae
3395 3983 3649 4043 occasio-

2063 4096 2186 4133 nem
2222 4080 2289 4133 ab
2318 4079 2412 4133 illo
2439 4089 2669 4144 nactus,
2708 4094 2773 4135 ac
2802 4093 2984 4134 rerum
3011 4077 3379 4149 gerendarum
3426 4075 3646 4146 imperi-

2064 4178 2154 4224 tus
2170 4184 2293 4225 esse
2318 4171 2612 4227 videbitur.
2638 4171 2756 4227 Nisi
2777 4171 2923 4226 enim
2954 4168 3071 4225 ﬁeri
3097 4169 3165 4222 ah
3191 4169 3365 4224 altero
3395 4166 3651 4231 vidisset.

2063 4276 2345 4330 nunquam
2374 4271 2515 4318 esset
2558 4262 2821 4318 imitatus.
2867 4262 2946 4316 Ac
2987 4262 3131 4316 bono
3164 4261 3274 4315 Deo
3317 4257 3641 4315 Testamen-

2066 4361 2179 4405 tum
2206 4350 2375 4408 Vetus
2405 4351 2583 4424 allingi
2615 4353 2788 4423 magis
2826 4352 3147 4421 oportebat,
3184 4362 3243 4404 ut
3282 4350 3458 4421 malus
3508 4351 3651 4404 alter

2072 4442 2251 4515 potius
2278 4444 2562 4498 aemulator
2588 4443 2972 4513 appellaretur,
3005 4457 3167 4511 quam
3205 4456 3367 4495 verus
3431 4454 3649 4511 germa-

392 4536 592 4610 [πρὸς]
634 4537 743 4591 τὸν
781 4535 1010 4605 Πατέρα
1059 4534 1383 4600 ποιοῦντα,
1432 4534 1585 4588 οὕτω
1633 4533 1734 4586 καὶ
1784 4532 1955 4598 αὐτὸ(

2072 4549 2286 4603 nusque
2326 4535 2488 4589 Deus.
2538 4533 2799 4588 Dominus
2847 4532 2992 4587 enim
3032 4536 3087 4587 in
3133 4531 3425 4602 Evangelio
3471 4529 3648 4584 dicit:

393 4629 615 4697 ὁμοίως
640 4625 798 4682 ποιεῖ
832 4644 847 4657 ·
880 4628 975 4679 καὶ
1002 4627 1090 4680 ἵνα
1116 4626 1191 4697 μὴ
1226 4625 1345 4696 ἥξει
1372 4627 1388 4657 ¹
1416 4624 1493 4695 τῷ
1521 4622 1964 4694 συμϐουλεύοντι,

395 4720 479 4782 είς
506 4718 566 4771 τὸ
597 4718 670 4789 μὴ
694 4717 1001 4788 καυχᾶσθαι
1022 4718 1111 4771 τὸν
1139 4717 1402 4781 διάϐολον,
1435 4716 1528 4769 καὶ
1550 4715 1730 4784 λέγειν
1753 4714 1844 4768 διὰ
1866 4715 1967 4783 τῆς

401 4806 733 4880 συμϐουλίας
782 4805 947 4879 αἰρτοῦ
992 4822 1045 4860 τι
1078 4806 1169 4859 τὸν
1202 4805 1432 4875 Σωτῆρα
1470 4803 1860 4874 πεποιηκέναι’
1894 4800 1971 4864 ὣς

395 4918 534 4974 φησι
565 4900 705 4972 πρὸς
735 4899 925 4953 αὐτόν’
970 4897 1116 4952 Εἰπὲ
1140 4898 1241 4951 ἵνα
1268 4899 1323 4951 οἱ
1367 4897 1523 4951 λίθοι
1557 4895 1721 4965 ἄρτοι
1752 4893 1971 4962 γένων-

393 5011 513 5049 ται.
548 4991 609 5046 '0
635 4991 695 5044 δὲ
723 4992 824 5045 οὐκ
864 4989 1116 5061 ἀνέχεται
1137 5029 1154 5056 ,
1188 4989 1277 5042 ἴνα
1306 4989 1381 5059 μὴ
1420 4987 1605 5058 μαθὼν
1639 4983 1973 5055 ὑποληφθείη

398 5083 553 5152 παρά
591 5081 686 5135 τοῦ
714 5080 960 5135 διαϐόλου
1008 5079 1300 5150 λαμϐάνων
1332 5079 1430 5148 τὴν
1478 5075 1829 5149 συμϐουλίαν.
1866 5075 1976 5127 Kal

395 5180 529 5249 ὁρᾷς
553 5216 567 5240 ,
601 5176 684 5229 ὅτι
722 5175 820 5239 τὰς
852 5173 944 5227 δύο
979 5173 1252 5243 Διαθήκας
1284 5172 1402 5235 ἑνὸς
1444 5170 1593 5239 λέγει
1630 5168 1803 5234 Θεοῦ;
1845 5169 1977 5237 Φησὶ

397 5270 510 5342 γὰρ
532 5271 560 5322 6
586 5264 905 5329 ’Δτοόστολος
926 5281 941 5295 ⁸
981 5264 1044 5319 Ἠ
1068 5263 1264 5330 πρώτη
1289 5261 1546 5332 Διαθήκη
1581 5262 1651 5315 ἐκ
1669 5259 1777 5315 τοῦ
1801 5258 1977 5328 ὄρους

398 5361 545 5418 Σινᾶ
578 5360 791 5426 ἐδόθη,
823 5360 910 5423 είς
928 5355 1212 5410 δουλείαν
1248 5352 1542 5424 γεννῶσα.
1585 5351 1653 5406 Τὸ
1694 5352 1802 5422 τὰρ
1842 5352 1978 5418 ὅρος

398 5453 547 5511 Σινᾶ
568 5454 743 5507 ἐστιν
762 5452 833 5504 ἐν
859 5448 932 5517 τῇ
956 5447 1204 5517 Ἀραϐίᾳ.
1231 5448 1293 5500 Ei
1321 5446 1428 5518 γάρ
1449 5446 1541 5499 δύο
1570 5446 1675 5498 εἰσὶ
1698 5447 1972 5513 γυναῖκες,

397 5545 532 5601 ἀλλὰ
576 5538 659 5608 εἷς
695 5543 725 5596 6
769 5540 943 5611 ἀνήρ’
980 5538 1123 5591 οὕτω
1169 5538 1218 5589 εἰ
1249 5538 1346 5589 καὶ
1388 5534 1481 5589 δύο
1530 5534 1637 5587 εἰσὶ
1682 5532 1969 5605 Διαθῆκαι,

2070 4624 2234 4697 695
2290 4625 2555 4695 Quidquid
2616 4626 2805 4679 viderit
2857 4623 3032 4677 Filius
3085 4621 3303 4677 Patrem
3346 4621 3650 4690 facientem,

2073 4718 2210 4773 idem
2247 4728 2295 4774 et
2331 4719 2438 4787 ipse
2463 4717 2707 4771 similiter
2731 4716 2862 4785 facit
2891 4715 2936 4767 ⁸.
2972 4712 3111 4769 Tum
3165 4714 3391 4783 insuper
3420 4728 3487 4766 ne
3519 4727 3653 4765 con-

2076 4809 2277 4865 sulenti
2335 4808 2413 4862 illi
2468 4806 2702 4862 cessisse
2754 4805 3073 4866 videretur,
3123 4818 3260 4858 neve
3313 4801 3537 4873 gloriari
3589 4817 3654 4856 ac

2072 4899 2286 4970 jactare
2323 4897 2573 4951 diabolus
2603 4906 2807 4965 posset,
2853 4909 2956 4951 suo
2978 4893 3183 4964 aliquid
3214 4893 3450 4949 consilio
3480 4906 3509 4945 a
3533 4890 3655 4946 Salo

2082 4992 2272 5039 vatore
2304 4993 2539 5053 gestum,
2579 4997 2703 5037 cum
2729 4982 2803 5036 ita
2835 4982 3092 5038 suaderet
3132 4981 3235 5050 ipsi
3262 4999 3275 5035 :
3303 4978 3404 5034 Dic
3431 4989 3489 5036 ut
3522 4980 3658 5049 lapi-

2082 5075 2172 5129 des
2204 5089 2363 5142 panes
2390 5073 2524 5141 ﬁant
2561 5070 2604 5135 ⁸,
2637 5069 2941 5139 repudiavit
2977 5068 3195 5139 penitus
3219 5106 3235 5132 ,
3286 5082 3356 5122 ne
3396 5065 3657 5125 didicisse

2082 5165 2285 5235 aliquid
2317 5180 2346 5217 a
2372 5162 2591 5217 diabolo
2614 5200 2629 5225 ,
2661 5160 2891 5231 ejusque
2917 5158 3150 5214 consilio
3191 5173 3327 5214 usus
3348 5172 3468 5213 esse
3502 5155 3653 5213 vlde~

2082 5266 2254 5313 retur.
2289 5256 2441 5323 Quod
2475 5263 2653 5311 autem
2685 5253 3032 5309 Testamenta
3062 5252 3171 5307 duo
3205 5249 3298 5306 Dei
3336 5263 3458 5305 esse
3491 5248 3657 5306 unius

2086 5349 2334 5411 aliirmet,
2365 5364 2431 5403 ex
2459 5362 2523 5403 eo
2557 5356 2710 5417 potes
2733 5344 3187 5400 animadvertere.
3226 5342 3319 5397 Sic
3343 5342 3487 5395 enim
3519 5340 3661 5411 Apo-

2085 5441 2290 5496 stolus:
2346 5439 2506 5494 Prius
2543 5439 2939 5493 Testamentum
2988 5451 3053 5492 ex.
3084 5442 3256 5488 monte
3288 5431 3420 5487 Sina
3473 5429 3662 5485 datum

2085 5542 2162 5587 est
2191 5573 2206 5598 ,
2241 5531 2379 5603 quod
2418 5532 2486 5585 ad
2536 5530 2835 5584 servitutem
2885 5533 3118 5598 generat.
3172 5522 3301 5578 Sina
3334 5521 3471 5575 enim
3512 5538 3664 5578 mons

469 5656 486 5734 '_
528 5662 657 5734 ng.
695 5655 871 5734 ei§n_._
916 5656 937 5686 ²
971 5652 1012 5734 μ
1031 5651 1166 5734 ρον.
1194 5665 1275 5717 ιιι,
1465 5649 1718 5734 :Qmoss.
1752 5662 1813 5714 ιι,
1841 5647 1927 5734 l-z‘i.

2059 5645 2224 5708 lCor.
2261 5665 2349 5719 xv,
2386 5648 2475 5706 59.
2553 5647 2575 5680 '
2611 5647 2810 5719 pres.
2873 5659 2949 5708 iv,
3002 5642 3054 5696 9.
3133 5641 3152 5672 '
3191 5639 3232 5695 ll
3266 5641 3395 5698 Cor.
3439 5656 3512 5706 ιν,
3572 5636 3662 5695 lli.

395 5732 419 5767 ’
447 5718 633 5790 Hebr.v
649 5718 893 5796 νιιιξἹὸ.
971 5724 991 5754 ⁸
1023 5720 1182 5776 Joan.
1206 5736 1264 5789 v,
1304 5721 1388 5779 l9.
1465 5719 1486 5752 ’
1524 5718 1712 5775 Matth.
1746 5734 1820 5785 IV,
1857 5718 1911 5773 3.
