4078 6460
371 328 478 384 H9

1029 323 1399 382 ADVERSUS
1435 320 1784 378 IUERESES
1817 317 1948 374 LIB.
1990 316 2053 372 Il.
2098 315 2264 373 TOM.
2306 315 2371 371 ll.
2396 351 2464 360 -
2504 316 2781 376 ΠΔΕΒΕΞ.
2818 319 3000 376 LXVI.

3537 315 3646 375 150

376 447 473 512 τὴν
527 439 694 511 δχθην
731 439 829 513 τῆς
864 439 1168 511 θαλάσσης,
1215 441 1308 494 καὶ
1347 439 1598 511 διενέγκῃ
1629 437 1691 489 τὸ
1734 434 1956 489 ἀκάτιον

2063 449 2170 486 non
2206 433 2391 488 statim
2448 433 2687 488 lembum
2740 435 2793 488 in
2829 432 3160 505 profundum
3195 430 3485 502 deprimit,
3542 430 3640 488 sed

367 539 455 599 είς
487 534 587 605 τὴν
623 531 867 604 μεγάλην
910 531 1043 586 ναῦν
1085 531 1176 584 τὸν
1213 531 1530 604 ἄνθρωπον,
1575 529 1636 581 ού
1672 525 1890 588 πάντως
1929 525 1958 576 ό

366 627 660 698 ἄνθρωπος
693 625 901 694 βυθίζει
928 623 988 678 τὺ
1024 624 1248 678 ἀκάτιον
1273 663 1287 687 ,
1328 621 1516 692 ἐπειδὴ
1556 613 1681 690 εὗρε
1722 617 1821 688 τὴν
1864 632 1959 686 με·

376 718 548 789 (άλην
576 717 741 782 ναῦν,
778 715 914 770 ἀλλὰ
951 717 1092 788 μετὰ
1120 714 1212 770 τοῦ
1252 715 1410 787 χάριν
1443 713 1586 784 ἔχειν
1615 709 1692 782 τῷ
1726 707 1956 776 ἀκατίῳ,

367 809 785 881 καταλαμϐάνει
839 809 900 862 τὸ
949 809 1262 880 μειζότερον
1311 808 1410 878 τῆς
1466 803 1632 859 αὑτοῦ
1686 799 1959 872 σωτηρίας

372 903 588 958 πλοῖον·
626 901 659 973 ἢ
700 903 794 955 καὶ
845 901 1043 973 ἑτέρως
1077 901 1163 954 ἵνα
1210 902 1452 970 εἴπωμεν
1473 938 1487 963 ,
1519 899 1594 961 ὡς
1630 896 1726 950 ὲάν
1750 913 1832 958 τις
1861 895 1958 946 ὲκ-

363 993 548 1064 6).ηθῇ
579 993 688 1050 ὑπὸ
718 993 923 1065 μητρὸς
943 993 1315 1064 γεννησάσης,
1347 991 1576 1062 ληφθεὶς
1606 989 1664 1042 δὲ
1693 987 1798 1042 ὑπό
1812 1004 1959 1051 τινος

369 1082 470 1136 τοῦ
495 1085 750 1156 τυχόντος
771 1126 785 1150 ,
812 1084 906 1138 καὶ
930 1085 1269 1156 ἀνατραφείη
1292 1083 1488 1156 χρόνῳ,
1523 1080 1737 1135 είσύστε
1748 1096 1837 1151 ρον
1865 1080 1960 1133 ἁν-

367 1175 666 1248 δρωθέντος
695 1175 860 1230 αὐτοῦ
889 1175 1095 1247 ἐπιγνῷ
1125 1177 1216 1230 τὸν
1251 1176 1381 1230 ἴδιον
1413 1173 1580 1229 αὐτοῦ
1625 1173 1839 1244 πατέρα
1867 1170 1959 1224 τὸν

377 1269 525 1322 κατά
575 1268 738 1338 φύσιν
762 1309 778 1332 ,
813 1268 924 1339 ἔχοι
951 1269 1008 1323 δὲ
1032 1271 1060 1323 ὁ
1094 1267 1334 1332 τοιοῦτος
1351 1267 1568 1320 σύνεσιν
1585 1305 1601 1329 ,
1633 1266 1707 1337 μὴ
1729 1304 1744 1327 ,
1769 1261 1958 1333 ἐπειδὴ

369 1361 588 1430 ἐπέγνω
615 1360 706 1414 τὸν
741 1361 932 1416 ἑαυτοῦ
961 1361 1176 1432 πατέρα
1198 1404 1212 1427 ,
1265 1361 1358 1415 καὶ
1389 1358 1823 1430 ἐπιλαμϐάνεται
1857 1355 1960 1424 τῆς

369 1452 514 1516 ἰδίας
534 1453 896 1525 κληρονομίας
920 1495 936 1519 ,
973 1454 1127 1526 παρὰ
1151 1454 1310 1507 τοῦτο
1334 1450 1591 1523 ἀτιμάζει
1620 1449 1712 1504 τὸν
1734 1447 1962 1517 ἀναθρέ-

369 1547 588 1614 ψαντας
639 1546 699 1598 ού
748 1545 927 1617 πολλῷ
973 1546 1173 1618 μᾶλλον
1221 1547 1380 1617 χάριν
1426 1545 1553 1615 ἔσχε
1603 1543 1680 1614 τῷ
1728 1540 1960 1612 ἀναθρέ-

367 1637 535 1706 ψαντι
560 1677 576 1702 ,
613 1637 696 1690 ὅτι
723 1638 824 1692 οὐκ
851 1639 1030 1692 εἴασεν
1061 1637 1224 1691 αὐτὸν
1257 1640 1336 1702 είς
1381 1636 1608 1691 θάνατον
1643 1631 1953 1707 παραδοθῆ-

2057 523 2130 577 ita
2161 523 2440 594 grandiori
2493 524 2710 594 navigio
2738 525 2970 580 salutem
3017 538 3172 578 suam
3213 521 3508 576 committit
3533 561 3548 584 ,
3580 529 3642 575 ut

2057 615 2258 686 exiguo
2291 615 2370 669 illi
2406 615 2585 670 lembo
2612 615 2842 686 gratiam
2882 615 3190 671 habendam
3225 621 3398 686 putet.
3429 612 3642 667 Addam

2056 719 2109 764 et
2142 707 2290 762 aliud
2344 707 2675 779 exemplum.
2729 708 2884 764 Sicut
2933 708 3218 778 expositus
3285 723 3314 761 a
3376 706 3643 778 genitrice

2057 799 2364 868 quispiam,
2407 798 2451 852 si
2486 798 2555 852 ab
2585 798 2769 867 aliquo
2800 797 2939 852 forte
2967 799 3218 853 sublatus
3263 804 3319 852 et
3373 796 3642 851 educatus

2059 891 2246 956 fuerit,
2288 898 2650 962 posteaquam
2692 889 2994 944 adoleverit
3044 905 3108 943 ac
3141 889 3446 944 naturalem
3479 904 3641 944 suum

2057 991 2339 1056 parentem
2374 982 2676 1054 agnoverit,
2707 983 2776 1046 is,
2815 981 2861 1037 si
2892 980 3199 1052 prudentiae
3241 979 3644 1050 aliquantulum

2059 1075 2278 1138 habeat,
2313 1089 2444 1129 num
2471 1072 2562 1128 ubi
2601 1081 2884 1143 parentem
2917 1070 3202 1143 agnoverit
3249 1079 3305 1126 et
3363 1070 3646 1127 hatredita-

2056 1174 2165 1223 tem
2206 1180 2362 1221 suam
2395 1163 2631 1230 adierit,
2683 1163 2888 1219 idcirco
2930 1163 3220 1218 nutritium
3259 1162 3412 1216 illum
3456 1176 3646 1234 asper-

2057 1257 2317 1314 nabitur?
2373 1264 2466 1311 aut
2504 1271 2613 1310 non
2669 1254 2718 1310 ei
2779 1255 2963 1325 potius
3015 1252 3416 1325 gratiﬁcabitur
3446 1293 3464 1317 ,
3498 1251 3644 1324 quod

2058 1351 2179 1422 eius
2229 1347 2496 1404 beneﬂcio
2533 1347 2702 1401 letum
2757 1345 3036 1403 evaserit?
3089 1344 3326 1401 Perinde
3372 1344 3541 1415 igitur
3591 1351 3647 1399 et

2059 1457 2160 1497 nos
2223 1439 2334 1495 Deo
2381 1437 2609 1510 gratiam
2656 1437 2922 1494 habemus
2949 1479 2964 1504 ,
2999 1437 3237 1506 primum
3272 1436 3420 1508 quod
3471 1436 3646 1506 legem

2059 1533 2218 1589 nobis
2249 1546 2312 1586 ac
2350 1531 2646 1603 prophetas
2676 1529 2921 1592 dederit,
2963 1538 3078 1585 tum
3106 1529 3274 1584 etiam
3310 1527 3456 1584 ouod
3493 1526 3648 1583 Novo

2061 1640 2165 1680 nos
2188 1620 2313 1676 Filii
2345 1621 2433 1676 sui
2461 1620 2814 1676 Testamento
2841 1619 3100 1690 dignatus
3126 1619 3219 1675 sit.

369 1750 496 1795 ναις
527 1731 669 1785 οὕτω
698 1733 793 1786 καὶ
833 1733 993 1803 ἡμεῖς
1032 1732 1192 1803 χάριν
1231 1731 1425 1804 ἔχομεν
1451 1729 1570 1801 Θεῷ
1599 1728 1675 1800 τῷ
1735 1726 1991 1782 δεδωκότι
2030 1722 2192 1792 νόμον
2231 1717 2328 1772 καὶ
2364 1717 2652 1788 προφήτας
2678 1754 2694 1780 ,
2751 1715 2846 1768 καὶ
2887 1714 3048 1786 χάριν
3085 1713 3281 1786 ἔχομεν
3332 1712 3483 1786 αὐτῷ
3513 1729 3645 1769 κατ-

370 1823 666 1889 αξιώσαντι
694 1825 844 1894 ἡμᾶς
881 1825 982 1894 τῆς
1031 1823 1123 1877 τοῦ
1157 1823 1289 1877 Υἱοῦ
1333 1823 1499 1876 αὑτοῦ
1538 1821 1752 1892 Καινῆς
1797 1817 2092 1888 Διαθήκης.
3041 1830 3048 1838 ·

443 1921 583 1987 οςο.
607 1920 746 1990 Φησί
777 1920 833 1972 δὲ
857 1922 886 1973 ὁ
921 1919 1082 1984 αὐτὸς
1123 1920 1348 1990 Μάνης,
1390 1914 1529 1973 εἶναι
1557 1919 1706 1989 ἡμᾶς
1743 1915 1960 1988 μορφὰς

2133 1901 2370 1960 LXXVI.
2401 1902 2548 1958 idem
2585 1899 2920 1956 Manichacus
2958 1899 3270 1972 principum
3315 1914 3420 1956 nos
3466 1900 3652 1971 imagi-

370 2014 650 2084 άρχόντων
670 2053 684 2079 ,
720 2015 816 2067 καὶ
840 2013 946 2068 ὑπὸ
970 2013 1078 2066 τῶν
1109 2013 1386 2085 ἀρχόντων
1409 2013 1698 2082 γεγονότας
1723 2051 1740 2076 ,
1775 2011 1960 2072 αὐτοῖς

369 2107 428 2160 δὲ
461 2108 543 2168 εἰς
598 2103 943 2179 κατάϐρωμα
984 2107 1518 2178 καταϐεϐλημένους.
1555 2104 1731 2176 Πολλὴ
1764 2103 1822 2158 δὲ
1864 2104 1958 2158 ἀν-

363 2200 497 2253 οσία
541 2200 558 2230 ⁸
597 2201 656 2254 ὲν
701 2203 816 2263 τοῖς
850 2199 1113 2263 τοιούτοις
1142 2199 1341 2267 λόγοις.
1396 2198 1644 2271 Ὀρῶμεν
1699 2197 1809 2268 γὰρ
1859 2197 1959 2266 οὐχ

363 2293 547 2357 ιῦτως
589 2294 659 2348 τὰ
695 2294 999 2366 πράγματα
1053 2293 1441 2365 συμϐαίνοντα.
1477 2293 1595 2346 Πᾶν
1629 2291 1738 2364 γὰρ
1778 2289 1957 2343 ὁτιοῦν

368 2386 468 2439 ἐπὶ
494 2387 594 2456 τῆς
639 2387 782 2458 γῆς,
833 2389 936 2443 κᾶν
969 2405 1030 2441 τε
1081 2387 1426 2458 φαυλοτέρων
1474 2385 1568 2439 καὶ
1607 2384 1959 2456 άγριωτέρων

366 2475 579 2546 Θηρίων
607 2476 866 2548 ὑπάρχοι,
901 2477 962 2530 ού
993 2479 1057 2548 τῇ
1100 2477 1208 2548 ἰδίᾳ
1242 2479 1422 2548 μορφῇ
1451 2475 1746 2548 ἐπέρχεται
1770 2515 1784 2540 ,
1821 2473 1961 2528 ἀλλὰ

370 2570 492 2631 ταῖς
536 2566 742 2632 άλλαις.
783 2569 904 2632 Ὡς,
955 2563 1068 2622 οἷον
1099 2570 1310 2633 εἰπεῖν,
1356 2568 1570 2632 λέοντες
1604 2567 1827 2631 λέοντας
1858 2567 1959 2620 οὐκ

365 2658 614 2713 ἐσθίουσι
663 2660 752 2713 διὰ
793 2658 855 2712 τὸ
917 2661 1047 2714 ι’διον
1095 2659 1397 2731 ὲκτύπωμα
1443 2660 1538 2712 καὶ
1587 2659 1904 2728 όμόστοιχον
1940 2673 1955 2687 ⁸

364 2750 510 2803 ἀλλὰ
533 2789 551 2816 ,
588 2749 748 2821 λιμοῦ
791 2751 1028 2820 μεγάλου
1077 2749 1358 2814 πιέζοντος
1394 2751 1452 2803 ὲν
1489 2751 1603 2813 τοῖς
1634 2750 1786 2822 ὄρεσι
1832 2747 1958 2811 τοὺς

364 2841 581 2912 θῆρας.
615 2842 710 2895 καὶ
752 2841 845 2895 ἐπὶ
880 2841 1062 2912 πολλῷ
1117 2843 1292 2914 χρόνῳ
1343 2841 1523 2895 αὐτῶν
1559 2841 1635 2912 μὴ
1680 2839 1962 2912 εὑρισκόν-

364 2946 480 2982 των
513 2929 634 2998 ήτοι
675 2927 768 2981 διὰ
808 2929 961 3000 χιόνα
985 2969 1000 2994 ,
1029 2930 1062 3000 ἦ
1093 2930 1157 2983 δι’
1183 2931 1378 3002 ἑτέραν
1409 2931 1620 2984 ἔνδειαν
1640 2971 1654 2995 ,
1690 2928 1958 3002 ἀναστρέ-

369 3036 568 3086 φουσιν
600 3021 660 3072 ὲν
685 3021 797 3084 τοῖς
829 3020 1053 3089 φωλεοῖς
1091 3022 1188 3075 καὶ
1217 3025 1488 3093 χηραμοῖς
1521 3021 1699 3075 αὐτῶν
1746 3020 1961 3085 λέοντες

369 3110 494 3180 ἅμα
544 3111 804 3182 σκύμνοις
855 3114 1194 3186 ὑπάρχοντες
1222 3153 1237 3178 ,
1275 3115 1369 3169 καὶ
1416 3114 1535 3186 ἅμα
1569 3115 1837 3179 λεαίναις’
1869 3114 1964 3168 καὶ

373 3203 478 3254 οὐκ
509 3203 798 3274 ἐπέρχεται
835 3203 940 3278 θὴρ
969 3205 1176 3279 θηρίῳ,
1213 3207 1272 3260 ού
1307 3197 1476 3270 λύκος
1501 3206 1683 3277 λύκῳ,
1711 3207 1762 3259 εί
1802 3206 1875 3277 μή
1907 3222 1962 3258 τι

2060 2013 2159 2054 nes
2185 2012 2312 2053 esse
2337 2036 2351 2062 ,
2383 2003 2439 2052 et
2465 2010 2495 2049 a
2527 1993 2870 2065 principibus
2911 1994 3214 2064 productos
3243 1993 3496 2059 aﬂirmat,
3528 1995 3651 2065 qui-

2061 2089 2165 2145 bus
2223 2089 2289 2142 ad
2331 2086 2592 2156 pabulum
2631 2085 2806 2140 simus
2832 2084 3090 2154 expositi.
3143 2084 3300 2152 Quod
3336 2100 3470 2141 sane
3499 2086 3652 2141 dictu

2058 2182 2225 2254 697
2267 2196 2430 2252 quam
2481 2179 2708 2250 impium
2745 2186 2849 2234 est.
2887 2177 3072 2249 Longe
3107 2180 3253 2234 enim
3295 2179 3452 2233 aliter
3474 2179 3655 2235 omni-

2060 2274 2165 2331 bus
2216 2273 2271 2328 in
2304 2271 2472 2327 rebus
2521 2269 2771 2325 accidere
2801 2270 3101 2325 cernimus.
3154 2268 3222 2324 Et
3279 2286 3408 2326 vero
3457 2287 3526 2326 ex
3564 2270 3654 2327 his

2061 2365 2320 2421 omnibus
2351 2379 2470 2435 qua
2503 2363 2558 2418 in
2590 2370 2737 2418 terra
2780 2369 2942 2426 sunt,
2977 2361 3104 2417 licet
3129 2362 3399 2434 pessimas
3429 2378 3493 2418 ac
3522 2379 3654 2418 cru-

2061 2454 2376 2511 delissimas
2427 2467 2677 2524 quasque
2727 2451 2873 2507 feras
2920 2451 3282 2518 consideres,
3339 2451 3487 2505 nulla
3545 2461 3651 2518 est,

2063 2562 2186 2618 qua:
2220 2547 2276 2602 in
2314 2544 2398 2601 sui
2429 2545 2664 2600 similem
2699 2543 2918 2609 saeviat,
2949 2541 3044 2597 sed
3078 2543 3132 2598 in
3173 2544 3401 2599 alterius
3434 2545 3654 2614 generis

2063 2639 2350 2694 duntaxat.
2390 2635 2637 2707 Exempli
2669 2651 2836 2692 causa
2879 2635 3092 2692 leonem
3123 2635 3211 2690 leo
3239 2677 3254 2704 ,
3289 2644 3514 2707 propter
3543 2635 3656 2691 for-

2064 2746 2166 2786 mae
2218 2744 2284 2784 ac
2329 2737 2542 2784 natura).
2591 2727 3008 2783 similitudinem
3038 2767 3053 2793 ,
3109 2743 3220 2782 non
3261 2727 3520 2793 devorat;
3559 2727 3656 2782 sed

2064 2824 2191 2879 licet
2223 2823 2416 2894 ingens
2446 2819 2618 2875 fames
2648 2820 2703 2874 in
2737 2819 3020 2875 montibus
3072 2819 3215 2876 feras
3255 2819 3378 2874 illas
3417 2825 3652 2891 urgeat,

2064 2913 2202 2969 adeo
2228 2925 2290 2969 ut
2315 2920 2537 2984 propter
2571 2911 2747 2975 nives,
2776 2919 2872 2966 aut
2900 2911 3138 2982 inopiam
3166 2912 3430 2982 aliquam,
3461 2911 3658 2981 praeda:

2066 3006 2204 3062 nihil
2232 3005 2394 3076 longo
2429 3015 2674 3076 tempore
2724 3004 3036 3068 inveniant,
3074 3004 3129 3058 in
3162 3004 3352 3060 lustris
3382 3012 3564 3059 tamen
3593 3019 3658 3058 ac

2069 3097 2310 3153 latibulis
2343 3097 2461 3154 suis
2494 3111 2620 3152 cum
2649 3097 2849 3153 catulis
2900 3112 2966 3152 ac
2992 3097 3177 3153 leaenis
3206 3104 3655 3162 commorantur;

2067 3203 2171 3244 nec
2219 3189 2330 3244 ulla
2379 3189 2605 3244 omnino
2635 3189 2813 3245 bestia
2865 3189 2920 3244 in
2972 3190 3059 3245 sui
3113 3188 3346 3244 similem
3392 3189 3656 3254 incurrit,

386 3294 455 3347 ἂν
504 3296 576 3360 εἰς
605 3297 806 3368 μανίαν
834 3297 978 3351 ἔλθοι
1014 3298 1076 3351 τὸ
1113 3299 1252 3364 ζῶον
1275 3340 1290 3365 ,
1332 3299 1430 3353 καὶ
1464 3298 1742 3367 λυσσῆσαν
1779 3299 1960 3367 ἀγνοεῖ

2069 3283 2220 3338 velut
2253 3284 2416 3354 lupus
2447 3283 2501 3338 in
2533 3284 2761 3355 lupum,
2817 3285 2924 3340 nisi
2975 3283 3120 3340 forte
3177 3284 3235 3338 in
3279 3283 3484 3338 rabiem
3525 3297 3659 3338 con-

383 3386 416 3438 ὃ
447 3388 685 3460 πράττει.
735 3391 799 3443 Et
842 3390 1021 3446 τοίνυν
1047 3390 1209 3450 λύκος
1236 3392 1401 3445 λύκον
1427 3391 1527 3444 ούκ
1551 3391 1722 3444 ἐσθίει
1744 3391 1834 3444 διὰ
1864 3391 1964 3460 τὴν

372 3480 690 3552 ὀμόστοιχον
723 3483 962 3556 μορφὴν,
999 3483 1116 3548 πῶς
1148 3485 1400 3539 δύνανται
1447 3485 1498 3538 οἱ
1527 3484 1790 3556 ἄρχοντες
1817 3483 1964 3554 ἡμᾶς

369 3571 617 3633 ἐσθίειν,
674 3576 723 3628 εἰ
770 3576 870 3647 τῆς
907 3576 1081 3646 αὐτῆς
1119 3577 1472 3648 ύπάρχομεν,
1531 3576 1626 3629 καλ⁵
1664 3577 1723 3630 ού
1765 3575 1966 3647 μᾶλλον

370 3664 745 3730 θωπεύουσιν,
798 3668 889 3722 ἵνα
933 3669 1158 3734 δόξωσιν
1205 3669 1303 3733 τὰς
1349 3670 1484 3734 ἰδίας
1523 3669 1702 3724 αὐτῶν
1751 3670 1962 3741 μορφὰς

369 3760 823 3830 περιποιεῖσθαι;
897 3762 1006 3815 Καὶ
1087 3763 1421 3834 πανταχόθεν
1488 3763 1802 3834 ἐλέγχονται
1870 3763 1964 3817 τοῦ

367 3849 618 3923 ἀγύρτου
653 3853 702 3905 οἱ
729 3853 897 3923 λόγοι.

445 4007 570 4065 OZ'.
605 4003 741 4063 Εῐτα
777 4010 939 4064 πάλιν
968 4011 1076 4066 ἀπὸ
1107 4011 1200 4065 τοῦ
1232 4011 1566 4081 Εύαγγελίου
1594 4010 1965 4082 ἐπιλαμϐάνε-

369 4119 486 4163 ται,
519 4102 601 4156 ὅτι
633 4103 707 4155 Οὐ
743 4103 942 4168 πάντες
981 4103 1221 4176 χωροῦσι
1255 4104 1353 4175 τὴν
1380 4103 1547 4157 αὑτοῦ
1587 4103 1962 4171 διδασκαλίαν,

368 4189 494 4242 ἀλλ’
534 4183 614 4252 οἷς
641 4189 870 4246 δέδοται.
908 4192 1018 4245 Καὶ
1049 4191 1148 4245 ούκ
1176 4187 1243 4264 ἦν
1269 4193 1298 4246 ό
1329 4193 1486 4262 λόγος
1530 4193 1661 4266 περὶ
1711 4195 1965 4248 διδασκα-

367 4279 495 4344 λίας
529 4279 765 4336 ἐνταῦθα
790 4282 867 4354 τῷ
891 4285 1124 4356 Σωτῆρι,
1159 4285 1295 4339 ἀλλὰ
1331 4287 1461 4356 περὶ
1488 4285 1782 4358 εὐνούχων.
1810 4288 1873 4340 Εί
1907 4286 1965 4340 δὲ

369 4372 506 4443 περὶ
537 4372 636 4443 τῆς
659 4375 824 4428 αὐτοῦ
859 4375 1209 4442 διδασκαλίας
1241 4377 1542 4450 πληροῦται
1573 4378 1656 4446 τὸ,
1697 4381 1781 4434 Οὐ
1815 4379 1957 4434 πάνο

368 4480 474 4530 τες
522 4465 842 4534 χωροῦσιν,
883 4468 1117 4523 ἐνταῦθα
1166 4469 1244 4540 τῷ
1296 4470 1536 4542 Σωτῆρι,
1588 4470 1717 4542 ἄρα,
1764 4471 1861 4525 ἐὰν
1902 4471 1963 4525 οὐ

370 4557 692 4628 χωρήσωσι,
761 4559 902 4612 κατὰ
952 4560 1052 4632 τὴν
1104 4561 1240 4616 ἰδίαν
1291 4563 1517 4634 γνώμην
1559 4562 1621 4616 οὐ
1670 4562 1960 4634 χωροῦσιν.

2065 3374 2230 3428 citata
2268 3373 2402 3444 quid
2433 3381 2555 3445 agat
2589 3375 2820 3431 nesciat.
2853 3374 3037 3441 Quare
3073 3389 3197 3430 cum
3241 3389 3310 3430 ne
3343 3374 3506 3444 lupus
3533 3375 3659 3446 qui-

2064 3463 2186 3518 dem
2211 3464 2398 3535 lupum
2429 3465 2656 3521 devoret
2679 3505 2695 3530 ,
2744 3465 2816 3521 ob
2852 3465 3036 3537 ﬁgura;
3079 3465 3462 3535 cognationem
3484 3505 3499 3532 ,
3529 3482 3659 3538 quo-

2067 3555 2229 3611 modo
2261 3557 2542 3629 principes
2572 3556 2839 3613 devorare
2869 3572 2970 3613 nos
3018 3564 3292 3628 possunt,
3336 3557 3540 3626 quibus
3567 3574 3659 3614 su-

2067 3664 2189 3704 mus
2221 3650 2410 3705 formae
2443 3649 2802 3707 similitudine
2841 3650 3162 3720 conjuncti?
3200 3649 3312 3704 Cur
3339 3664 3446 3704 non
3474 3651 3659 3720 potius

2066 3741 2426 3796 blandiuntur
2458 3742 2651 3808 nobis,
2693 3757 2802 3812 quo
2835 3757 2966 3798 suas
2993 3740 3238 3812 ipsorum
3287 3738 3490 3811 elligies
3517 3742 3658 3796 tueri

2066 3834 2468 3905 complectique
2514 3835 2850 3890 videantur?
2897 3834 2989 3890 Sic
3019 3831 3336 3904 impostoris
3368 3833 3519 3889 illius
3565 3850 3660 3890 un-

2066 3925 2232 3997 dique
2259 3927 2581 3982 confutatur
2610 3929 2810 3983 oratio.
3485 4000 3492 4005 ξ

2139 4017 2400 4073 LXXVII.
2426 4019 2534 4075 Sed
2562 4019 2694 4075 illud
2723 4035 2786 4075 ex
2806 4018 3104 4091 Evangelio
3134 4019 3366 4092 profert,
3407 4036 3517 4076 non
3541 4035 3661 4074 om-

2067 4125 2167 4166 nes
2190 4111 2498 4167 doctrinam
2527 4128 2683 4167 suam
2707 4113 3039 4184 capere,sed
3067 4113 3267 4183 quibus
3297 4113 3485 4169 datum
3515 4110 3656 4170 est'.

2066 4203 2233 4274 Atqui
2262 4204 2413 4259 nulla
2439 4204 2528 4258 hic
2562 4220 2591 4258 a
2623 4203 2910 4261 Salvatore
2935 4206 3003 4263 de
3029 4206 3282 4262 doctrina
3306 4207 3536 4270 mentio,
3564 4204 3660 4261 sed

2068 4296 2136 4352 de
2187 4297 2458 4352 eunuchis
2499 4296 2767 4352 duntaxat
2825 4298 3159 4354 instituitur.
3202 4298 3405 4354 Verum
3458 4305 3518 4351 ut
3556 4296 3662 4351 hoc

2068 4387 2283 4452 demus,
2313 4388 2382 4444 ad
2411 4389 2588 4458 ipsius
2613 4389 2922 4444 doctrinam
2949 4390 3159 4446 dictum
3189 4389 3325 4444 illud
3359 4396 3613 4458 spectare
3643 4406 3657 4444 :

2071 4477 2195 4531 Non
2228 4494 2408 4532 omnes
2435 4479 2652 4549 capiunt
2672 4479 2725 4533 δε
2758 4479 2924 4550 igitur
2953 4480 2997 4536 si
3032 4497 3142 4536 non
3167 4479 3410 4550 capiunt,
3435 4495 3501 4534 ex
3534 4495 3664 4549 pro-

2071 4565 2190 4636 pria
2214 4567 2381 4621 animi
2419 4567 2692 4622 sententia
2724 4583 2833 4622 non
2864 4567 3112 4638 capiunt.
3143 4567 3327 4635 Quare
3362 4567 3525 4623 laude
3563 4576 3662 4624 aut

384 4646 691 4701 Ἐπαινετοὶ
728 4643 819 4703 οὖν
849 4650 966 4720 ἦτοι
993 4652 1184 4722 ψεκτοὶ
1216 4647 1362 4706 οὗτοι
1401 4654 1497 4708 ἐπὶ
1525 4653 1586 4707 τὸ
1616 4653 1960 4722 αὐτεξούσιον

2070 4658 2341 4729 vituperio
2368 4658 2518 4730 digni
2544 4674 2612 4713 ex
2633 4659 2933 4714 voluntatis
2961 4675 3076 4715 suae
3106 4661 3357 4716 libertate
3381 4660 3660 4729 dicentur;

368 4735 754 4807 κληθήσονται·
789 4741 883 4793 καὶ¹
906 4742 1089 4797 οὐκέτι
1109 4744 1252 4799 κατὰ
1275 4745 1601 4814 φύσινέσται
1616 4745 1676 4800 τὸ
1691 4745 1842 4818 χώρη
1853 4764 1956 4818 μα’

365 4827 496 4881 ἐπεὶ
528 4827 594 4881 ἂν
621 4828 925 4903 ὠφελήσειε
956 4835 1054 4907 τὴν
1086 4835 1236 4908 αύτῷ
1279 4839 1665 4908 καταγγέλλων
1699 4840 1958 4896 διδασκα-

365 4917 522 4984 λίαν;
563 4919 818 4987 Ἐξέπεσε
873 4924 928 4977 δὲ
973 4928 1308 4998 πανταχόθεν
1343 4929 1507 4984 αὐτοῦ
1536 4933 1564 4984 ὁ
1605 4932 1763 5000 λόγος
1793 4952 1804 4964 ·
1836 4933 1959 4988 οὔτε

365 5010 481 5082 γὰρ
501 5011 847 5069 διδασκαλίαν
875 5016 903 5068 ὁ
935 5018 1126 5092 Σωτὴρ
1162 5019 1254 5074 τὸν
1280 5021 1438 5092 λόγον
1459 5025 1796 5096 ἀπεφήνατο,
1822 5025 1959 5080 ἀλλὰ

363 5103 436 5156 δι’
501 5103 877 5179 εύνουχισμόν.
943 5111 1060 5165 Κᾶν
1098 5130 1157 5166 τε
1188 5112 1542 5170 διδασκαλίαν
1579 5117 1746 5184 είποι,
1774 5118 1958 5172 οὐκέτι

367 5193 696 5264 σταθήσεται
743 5200 839 5253 τοῦ
879 5201 1038 5274 Μάνη
1081 5202 1258 5272 λόγος.
1307 5207 1448 5278 Φησὶ
1487 5207 1544 5260 δὲ
1588 5210 1616 5261 ό
1653 5209 1817 5273 αὐτὸς
1841 5211 1962 5264 Μά-

365 5303 501 5357 νης·
539 5288 674 5361 Ἤδη
700 5291 720 5322 ³
753 5291 882 5355 τοὺς
921 5294 1242 5366 ἡμετέρους.
1291 5298 1403 5368 (56)
1449 5299 1561 5352 Καὶ
1587 5299 1699 5369 γὰρ
1741 5301 1813 5354 τὰ
1849 5301 1962 5371 ἐμὰ

363 5381 635 5449 πρόϐατα
681 5385 960 5454 γινώσκει
974 5405 1072 5458 με,
1128 5391 1226 5446 καὶ
1274 5390 1546 5460 γινώσκω
1579 5391 1651 5447 τὰ
1670 5393 1782 5463 ἐμὰ
1814 5395 1961 5463 πρό-

2071 4763 2250 4819 neque
2279 4765 2344 4804 ex
2376 4757 2575 4804 natura
2598 4751 2878 4821 capacitas
2913 4751 3005 4805 illa
3037 4751 3274 4822 petenda
3301 4751 3497 4818 fuerit;
3524 4752 3660 4806 alio-

2069 4842 2161 4912 qui
2196 4841 2328 4914 quid
2365 4842 2717 4912 praedicanda
2759 4843 3012 4898 doctrina
3056 4859 3155 4899 sua
3189 4845 3518 4914 proficeret?
3557 4842 3665 4900 Ve-

2070 4949 2193 4989 rum
2224 4934 2361 4988 nihil
2391 4934 2617 4990 omnino
2648 4935 2807 4999 dicit,
2836 4935 3283 5006 quandoquidem
3317 4952 3429 4991 non
3461 4937 3534 4992 ad
3561 4935 3663 4992 do-

2069 5025 2439 5092 ctrinam,sed
2471 5028 2534 5081 ad
2553 5028 2828 5098 spadones
2859 5026 3166 5084 Salvatoris
3196 5027 3289 5084 ille
3319 5045 3504 5085 sermo
3539 5046 3664 5100 per-

2068 5119 2226 5174 tinet.
2275 5120 2356 5174 Ac
2387 5121 2607 5177 tametsi
2638 5120 2706 5176 de
2746 5121 2999 5176 doctrina
3049 5122 3389 5193 loqueretur,
3429 5138 3538 5177 non
3581 5130 3660 5176 ta-

2070 5227 2196 5267 men
2245 5219 2394 5267 stare
2440 5220 2628 5283 posset
2680 5213 2967 5270 Manichazi
3007 5215 3169 5270 ratio.
3201 5215 3420 5271 Atenim
3482 5213 3657 5268 Mani-

2069 5305 2295 5360 chacus:
2331 5305 2605 5373 Noverat,
2637 5307 2853 5379 inquit,
2903 5315 3147 5366 nostros.
3185 5307 3315 5365 Oves
3349 5309 3488 5362 enim
3530 5321 3661 5360 mea:

2069 5407 2388 5468 cognoscunt
2424 5414 2525 5465 me,
2571 5409 2621 5454 et
2647 5416 2902 5471 cognosco
2932 5417 3047 5456 oves
3089 5416 3231 5455 meas
3254 5399 3297 5454 ⁵.
3325 5397 3428 5454 Sed
3459 5396 3664 5470 ubique

439 5558 455 5589 ¹
489 5565 615 5624 For.
642 5569 818 5624 ἄνοια.
900 5573 919 5603 ²
946 5570 1005 5624 C.
1037 5570 1170 5642 ᾔδει.
1233 5573 1253 5605 ³
1297 5573 1487 5628 Matth.
1526 5591 1640 5639 χιι,
1680 5575 1768 5630 ll.
1846 5578 1868 5606 ⁸
1903 5577 1955 5632 ib

2113 5579 2133 5609 ³
2159 5576 2323 5637 Joan.
2349 5597 2405 5646 κ,
2437 5581 2530 5638 14.

439 5751 553 5824 (36)
593 5755 752 5826 Φησὶ
781 5755 851 5809 δὲ
885 5755 1065 5822 αὐτὸς
1089 5757 1316 5825 Μάνης·
1335 5757 1488 5825 ’Ἤδη
1517 5757 1642 5816 For.
1673 5758 1821 5830 ᾔδειν
1846 5761 1960 5820 τοὺς

2063 5761 2298 5834 ιετέρους
2321 5803 2336 5831 ,
2369 5772 2424 5820 ιιι
2452 5763 2736 5836 sequentia
2779 5761 3129 5834 persuadent.
