4078 6474
554 368 648 423 ἰῖἓι
1932 361 1989 418 S.
2034 361 2139 416 EPI

2248 363 2376 418 ANII
3712 368 3807 423 152

552 482 836 540 mentitur.
863 478 997 536 Nam
1022 494 1150 536 cum
1182 495 1248 536 ex
1279 494 1477 536 eorum
1498 494 1752 546 numero,
1775 479 1871 548 qui
1904 487 2019 534 tum
2049 477 2126 531 illi

2248 481 2395 534 iam.
2448 481 2534 534 Ἐν
2563 482 2735 536 ἅπασι
2772 482 2831 537 δὲ
2880 482 3153 552 ψεύδεται.
3195 481 3526 554 Βουλόμενος
3558 482 3672 554 γάρ
3713 482 3807 537 θω-

554 574 912 646 disputationi
966 579 1267 644 prmeentes
1315 571 1582 638 aderant,
1617 570 1932 642 quempiam
1968 569 2132 625 vellet

2248 575 2364 645 ιτεία
2394 574 2641 643 ἁρπάσαι
2666 572 2863 645 ψυχὴν,
2895 574 3038 628 κατὰ
3066 573 3175 628 τῶν
3204 575 3327 628 τότε
3346 576 3640 645 παρόντων
3668 578 3725 629 ὲν
3748 583 3811 650 τῇ

557 682 654 738 per
698 665 1078 728 ambitionem,
1129 677 1194 717 ac
1222 661 1520 718 blanditias
1554 676 1771 731 rapere,
1817 658 2132 716 istiusmodi

2248 668 2530 738 τυζητήσει
2556 667 2745 722 τοῦτον
2776 667 2958 731 ἐξεῖπε
3004 668 3097 722 τὸν
3131 668 3311 737 λόγον,
3347 670 3706 740 ὑποσπείρων
3731 670 3810 722 δέ·

556 756 784 811 vocibns
826 764 911 810 est
960 770 1134 814 usus,
1182 769 1248 808 ac
1296 755 1447 808 velut
1493 768 1677 809 escam
1716 760 1772 808 et
1816 752 2129 807 illecebram

2248 766 2389 829 νεαρ,
2423 758 2498 820 ὡς
2521 759 2715 821 εἰπεῖν,
2750 757 2836 810 ἵνα
2860 758 2949 811 διὰ
2975 759 3074 829 τῆς
3098 759 3387 824 κολακείας
3410 760 3643 825 δόξωσιν
3673 763 3812 832 αύτῴ

551 849 813 918 aspersit,
848 854 909 900 ut
948 846 1055 900 hac
1082 846 1161 899 illi
1191 846 1509 900 adulatione
1532 845 1601 898 ad
1635 845 1757 915 ejus
1789 860 1850 899 se
1897 843 2132 898 societa-

553 949 660 992 tem
692 944 1056 1007 aggregarent
1075 975 1091 1000 ,
1120 942 1180 989 ut
1210 950 1335 989 cum
1382 934 1625 1004 adjuncti
1654 941 1870 994 essent.
1908 933 2131 1002 gloriari

550 1045 613 1084 ac
640 1030 856 1099 jactare
877 1037 1064 1097 posset
1088 1044 1147 1082 se
1179 1027 1321 1091 illos,
1349 1035 1641 1097 antequam
1674 1027 1741 1080 ad
1777 1041 1834 1080 se
1859 1025 2131 1082 venirent,

554 1122 809 1191 cognitos
865 1119 1145 1174 habuisse.
1206 1116 1313 1174 Sed
1362 1119 1504 1173 idem
1542 1119 1617 1172 illi
1650 1118 1914 1186 contigit,
1965 1115 2136 1186 698

553 1213 699 1281 quod
726 1212 966 1281 Apollini
990 1211 1102 1265 vati
1131 1231 1144 1266 :
1177 1210 1293 1282 qui,
1344 1219 1403 1265 ut
1433 1218 1517 1265 est
1543 1211 1596 1264 in
1623 1207 1940 1264 Graecorum
1978 1208 2135 1261 fabu-

558 1302 629 1357 lis
664 1317 790 1356 cum
833 1301 957 1356 aliis
986 1300 1171 1355 futura
1205 1299 1547 1371 praediceret,
1579 1299 1686 1354 sibi
1720 1297 1824 1367 ipsi
1853 1312 1963 1350 non
1993 1311 2136 1367 pra:-

561 1392 727 1463 sagiit
751 1432 766 1457 ,
800 1392 895 1447 sed
936 1408 1038 1447 suo
1067 1392 1240 1461 ipsius
1267 1391 1494 1445 oraculo
1522 1390 1809 1445 fraudatus
1846 1396 1965 1450 est,
2006 1402 2134 1441 cum

558 1486 767 1542 scilicet
799 1484 1055 1556 Daphnes
1083 1498 1269 1538 amore
1307 1482 1546 1553 ﬂagrans
1576 1481 1647 1536 ob
1674 1481 1797 1549 ejus
1826 1482 2135 1536 castitatem

557 1590 781 1645 compos
817 1590 941 1630 esse
989 1589 1100 1629 non
1133 1574 1331 1645 potuit.
1384 1573 1463 1627 lta
1509 1571 1847 1625 Manichacus
1899 1585 2027 1624 cum
2076 1584 2137 1624 se

557 1682 688 1723 suos
719 1682 885 1723 nosse
910 1666 1328 1730 vaticinaretur,
1356 1678 1421 1718 ac
1452 1662 1697 1717 Marcelli
1724 1661 1982 1731 captandi
2007 1675 2136 1729 gra—

558 1760 631 1814 tia
664 1758 926 1823 venisset,
949 1772 1052 1811 sua
1082 1757 1237 1811 illum
1269 1756 1535 1810 frustrata
1566 1755 1834 1809 divinatio
1860 1760 1969 1807 est.
1999 1750 2134 1804 Nam

558 1864 736 1921 neque
786 1847 1067 1913 Marcello,
1116 1864 1296 1918 neque
1340 1848 1500 1903 alteri
1547 1847 1806 1917 cuiquam
1857 1860 1953 1915 per
2003 1843 2137 1900 illud

559 1954 776 2013 tempus
804 1942 1059 2013 dogmata
1088 1957 1187 1998 sua
1217 1942 1452 2013 probare
1483 1940 1678 2011 potuit.

629 2025 910 2088 LXXVIII.
950 2033 1254 2098 Praeterea,
1288 2032 1480 2094 Nemo,
1542 2031 1720 2100 inquit
1776 2030 1885 2091 ille,
1938 2028 2138 2099 priscis

560 2126 903 2196 temporibus
930 2126 1164 2180 salutem
1200 2125 1429 2194 adeptus
1459 2132 1566 2187 est,
1616 2123 1720 2176 nisi
1753 2122 1823 2175 ab
1869 2137 2015 2175 anno
2045 2122 2140 2177 de-

556 2218 701 2272 cimo
719 2217 913 2286 quinto
935 2215 1139 2271 Tiberii
1162 2217 1398 2271 Caesaris
1417 2216 1485 2270 ad
1509 2224 1722 2270 aetatem
1758 2230 1931 2284 usque
1954 2228 2136 2278 suam,

557 2326 678 2380 qua:
716 2311 770 2363 in
805 2308 970 2365 Probi
1006 2316 1062 2363 et
1113 2309 1488 2363 antecesseris
1528 2307 1810 2362 Aureliani
1849 2304 2138 2375 imperium

558 2404 773 2466 incidit,
800 2403 906 2458 sub
938 2402 1140 2472 quibus
1172 2400 1507 2454 Manichmus
1537 2398 1693 2451 vixit.
1722 2398 1779 2450 In
1802 2411 1912 2466 quo
1947 2410 2140 2449 rursus

555 2495 937 2567 explodendus
976 2492 1150 2557 venit,
1193 2507 1321 2546 cum
1372 2490 1441 2545 de
1491 2490 1678 2544 multis
1725 2488 1856 2543 olim
1906 2487 2140 2542 salutem

557 2589 830 2646 assecutis
865 2596 975 2641 tam
1012 2585 1290 2656 Evangelii
1327 2599 1492 2653 quam
1522 2583 1898 2653 apostolorum
1936 2580 2141 2649 scripta

559 2678 929 2741 meminerint,
962 2677 1074 2731 imo
1099 2685 1154 2729 et
1187 2675 1451 2729 Dominus
1490 2675 1605 2743 ipse
1642 2690 1657 2727 :
1692 2671 2021 2741 Reguirelur.
2053 2671 2141 2725 in-

560 2769 716 2843 quit,
765 2767 831 2822 ab
864 2767 963 2822 hac
997 2768 1331 2837 generatione
1358 2767 1576 2835 sanguis
1615 2764 1786 2816 omnis
1812 2766 2019 2831 justus,
2052 2762 2143 2832 qui

560 2860 759 2932 effusus
789 2868 868 2912 est
903 2875 936 2911 a
957 2858 1218 2928 sanguine
1267 2856 1398 2909 Abel
1428 2856 1565 2923 justi
1594 2898 1607 2917 ,
1639 2870 1801 2923 usque
1832 2851 1902 2906 ad
1931 2853 2143 2924 sangui-

561 2966 679 3003 nem
712 2948 994 3003 Zachariae
1013 2991 1028 3014 ,
1058 2951 1148 3019 qui
1174 2948 1374 3016 eﬂ'ustts
1406 2956 1482 3001 est
1513 2947 1649 2999 inter
1680 2946 1929 3015 templum
1968 2954 2018 2997 et
2062 2945 2144 2997 al-

561 3050 676 3096 tare
710 3043 750 3095 ’.
778 3040 1034 3095 Potuitne
1079 3040 1265 3109 justus
1312 3038 1470 3103 Abel,
1522 3045 1615 3091 aut
1664 3035 1967 3090 Zacharias
1995 3050 2139 3099 esse,

2236 848 2634 903 συνάπτεσθαι-
2670 850 2777 912 ῐνα,
2821 850 2951 903 ὅταν
2995 849 3361 918 συναφθῶσιν,
3400 851 3640 921 ἄρξηται
3687 871 3808 922 κομ-

2236 942 2433 1005 πάζειν
2484 942 2577 996 καὶ
2630 941 2830 1011 λέγειν,
2887 942 3086 995 είδέναι
3159 942 3355 1005 αὐτοὺς
3404 944 3540 1011 πρὶν
3608 944 3642 1013 ἢ
3718 946 3810 1014 τήν

2235 1034 2419 1102 ἄφιξιν
2447 1034 2583 1105 πρὸς
2608 1034 2770 1086 αὑτὸν
2790 1036 3143 1104 ποιήσωνται.
3164 1034 3361 1100 Γέγονε
3386 1033 3444 1086 δὲ
3476 1033 3673 1091 αὐτοῦ.
3697 1034 3769 1097 ὡς
3787 1037 3814 1088 6

2236 1126 2346 1179 τῶν
2391 1124 2659 1193 Ἐλλήνων
2688 1122 2857 1193 μῦθος
2877 1122 3019 1176 κατὰ
3045 1123 3136 1175 τὸν
3169 1122 3484 1175 Ἀπόλλωνα
3500 1123 3598 1176 τὸν
3622 1125 3807 1193 μάντιν

2238 1216 2636 1288 μαντευόμενον
2668 1218 2781 1278 τοῖς
2832 1214 3032 1280 ἄλλοις,
3076 1214 3253 1285 ἑαυτῷ
3298 1214 3357 1267 δὲ
3408 1216 3487 1286 μὴ
3523 1215 3813 1283 δυνάμενον

2239 1306 2635 1378 μαντεύεσθαι,
2702 1306 2839 1360 ἀλλὰ
2892 1307 3287 1360 ἐκπεπτωκότα
3338 1306 3505 1359 αὐτὸν
3555 1305 3653 1358 τοῦ
3689 1325 3811 1376 μαν-

2235 1400 2406 1461 τείου,
2438 1399 2647 1471 ἐρῶντα
2675 1400 2774 1470 τῆς
2802 1400 3040 1469 Δάφνης,
3076 1399 3172 1451 καὶ
3215 1397 3622 1451 ἐκπεπτωκότα
3657 1397 3815 1466 αὐτῆς

2236 1492 2325 1545 διὰ
2349 1490 2720 1561 σωφροσύνην.
2748 1488 2904 1544 Οὕτω
2920 1491 3016 1543 καὶ
3034 1483 3190 1552 οὗτος
3216 1490 3245 1541 6
3270 1489 3463 1557 Μάνης
3491 1487 3814 1557 ἐμαντεύετο

2240 1583 2343 1654 μὲν
2369 1582 2567 1634 είδέναι
2591 1582 2719 1644 τοὺς
2749 1579 2930 1645 ἰδίους,
2952 1579 3112 1648 φύσει
3142 1577 3198 1631 δὲ
3222 1578 3312 1631 διὰ
3344 1578 3669 1649 Μάρκελλον
3692 1571 3814 1647 ἧκεν

2238 1674 2551 1746 ὑποχείριον
2588 1673 2751 1727 αὑτὸν
2797 1671 3118 1743 ληψόμενος.
3152 1672 3412 1725 Διέπεσεν
3442 1670 3504 1723 δὲ
3552 1669 3616 1723 τὸ
3661 1669 3812 1723 αὐτοῦ

2242 1769 2513 1837 μαντεῖον.
2565 1764 2702 1820 Οὔτε
2728 1764 2836 1835 γάρ
2885 1762 3033 1834 αὐτῷ
3064 1761 3384 1833 Μάρκελλος
3411 1761 3671 1832 ἐπείσθη,
3705 1760 3815 1815 οὐδέ

2239 1875 2324 1922 τις
2347 1857 2534 1929 ἕτερος
2558 1855 2679 1910 κατ’
2703 1857 2878 1909 ἐκεῖνο
2898 1854 3095 1927 καιροῦ
3119 1854 3230 1908 τῶν
3253 1855 3375 1908 τᾶτε
3406 1854 3510 1908 ἀνθ
3520 1854 3740 1926 ρώπων.

2310 2032 2435 2087 OH'.
2468 2030 2602 2088 Εἶτα
2632 2031 2766 2104 ἔφη,
2797 2033 2879 2086 ὅτι
2909 2031 2993 2085 Τά
3022 2030 3228 2086 παλαιά
3264 2031 3359 2105 ἔτη
3399 2031 3584 2096 οὐδεὶς
3628 2030 3812 2101 ἐσώθη,

2239 2129 2375 2182 ἀλλὰ
2403 2128 2511 2181 άπὸ
2542 2125 2639 2180 τοῦ
2687 2125 3174 2179 πεντεκαιδεκάτου
3204 2124 3358 2188 ἔτους
3399 2125 3661 2196 Τιϐερίου
3694 2124 3814 2177 Kai-

2242 2236 2408 2291 σαρος
2461 2219 2589 2289 ἄχρι
2645 2217 2754 2270 τῶν
2798 2217 3022 2270 αύτῶν⁸
3051 2217 3280 2287 χρόνων,
3322 2215 3539 2286 Πρόὁος
3585 2215 3643 2268 δὲ
3684 2210 3747 2285 ἦν
3787 2214 3814 2266 6

2240 2314 2362 2366 κατ’
2408 2313 2585 2365 έκεῖνο
2621 2308 2817 2380 καιροῦ
2850 2308 3121 2378 βασιλεὺς,
3162 2310 3259 2362 καὶ
3287 2305 3632 2379 Αὐρηλιανὸς
3665 2308 3692 2359 6
3718 2304 3814 2376 πρὸ

2239 2402 2425 2465 αὐτοῦ,
2442 2403 2531 2455 ὅτε
2550 2394 2703 2464 οὗτος
2719 2402 2748 2454 6
2762 2401 2950 2472 Μάνης
2970 2400 3122 2471 ὲνεδή
3131 2417 3240 2469 μει.
3260 2399 3370 2452 Καὶ
3398 2401 3459 2452 έν
3474 2398 3654 2467 τούτῳ
3670 2395 3815 2449 πάλιν

2243 2494 2522 2562 ἐλέγχεται
2560 2493 2737 2563 πάντη
2770 2491 2863 2545 τοῦ
2900 2491 3232 2560 Εὐαγγελίου
3286 2490 3563 2559 λέγοντος,
3593 2489 3687 2542 καὶ
3715 2487 3812 2540 τῶν

2240 2585 2613 2641 ἀποστολικῶν
2646 2586 2907 2655 ῥημάτων
2932 2584 3083 2653 ’περὶ
3131 2584 3241 2637 τῶν
3292 2583 3391 2653 ήδη
3424 2583 3693 2655 πρότερον
3737 2595 3814 2632 σε-

2244 2676 2558 2746 σωσμένων.
2610 2674 2884 2737 Ὡσαύτως
2908 2674 2938 2726 6
2960 2673 3167 2745 Κύριος
3211 2672 3359 2740 λέγει
3375 2688 3389 2702 ⁸
3413 2669 3810 2742 Ζητηθήσεται

2240 2768 2359 2823 ἀπὸ
2392 2766 2500 2834 τῆς
2559 2764 2769 2836 γενεᾶς
2810 2765 3034 2831 ταύτης
3063 2764 3189 2819 πᾶν
3211 2757 3355 2831 αἷμα
3381 2765 3625 2817 δικαίου
3651 2762 3810 2828 ἐκχυο

2241 2863 2498 2929 νόμενον
2531 2859 2631 2913 ἐπὶ
2669 2858 2780 2927 τῆς
2812 2856 2945 2927 γῆς,
2975 2856 3095 2910 ἀπὸ
3133 2858 3381 2927 αἵματος
3412 2857 3591 2909 Ἅϐελ
3615 2853 3716 2907 τοῦ
3739 2851 3812 2902 δι-

2241 2952 2437 3017 καίου,
2461 2950 2675 3020 μέχρις
2702 2951 2948 3018 αἵματος
2972 2950 3271 3017 Ζαχαρίου
3299 2948 3405 3002 τοῦ
3422 2943 3813 3015 ἐκκεχυμένον

2240 3044 2551 3115 ἀναμέσω-
2578 3042 2688 3098 τοῦ
2716 3042 2867 3095 ναοῦ
2904 3040 3004 3095 καί
3026 3040 3132 3095 τοῦ
3171 3041 3633 3106 θυσιαστηρίου.
3662 3034 3809 3088 Πόθεν

562 3134 671 3190 nisi
716 3133 832 3204 jam
872 3143 984 3187 tum
1023 3134 1172 3188 salus
1219 3130 1527 3199 comparari
1563 3129 1869 3198 potuisset.
1910 3141 2141 3195 eamque

2248 3135 2344 3193 οὖν
2364 3139 2574 3201 δίκαιος
2597 3135 2783 3200 Ἅϐελ,
2810 3134 2977 3187 πόθεν
3010 3133 3309 3204 Ζαχαρίας,
3342 3134 3390 3184 ει
3416 3131 3494 3202 μὴ
3526 3133 3610 3184 ὅτι
3634 3124 3700 3199 ἧν
3725 3124 3809 3196 ἤδη

561 3225 699 3294 legis
727 3238 792 3278 ac
814 3223 1201 3293 prophetarum
1227 3219 1496 3276 beneﬁcio
1519 3218 1820 3272 tribueret?
1844 3215 2142 3286 Propterea

561 3320 828 3386 scriptum
875 3323 958 3370 est
999 3332 1013 3368 :
1054 3313 1308 3384 Regnavit
1356 3329 1501 3365 mors
1543 3309 1607 3363 ab
1646 3309 1819 3361 Adam
1868 3322 2032 3376 usque
2074 3305 2143 3359 ad

562 3408 799 3479 Moysem
812 3408 856 3473 ¹,
888 3415 948 3461 ut
971 3406 1243 3475 intelligas
1268 3418 1576 3474 repressam
1609 3403 1663 3454 in
1693 3400 1878 3469 Moyse
1908 3406 2142 3453 mortem

556 3518 707 3565 esse,
743 3516 853 3555 non
891 3500 1118 3555 omnino
1150 3499 1495 3553 restinctam.
1539 3492 1906 3562 Exspectabat
1941 3490 2147 3561 quippe

558 3601 1062 3654 cintsummatorem
1091 3591 1337 3646 omnium
1360 3587 1759 3651 Jesum,donec
1781 3600 1882 3656 pro
1907 3586 2148 3638 humano

561 3701 685 3741 sese
716 3699 917 3754 genere
962 3693 1159 3757 sponte
1203 3682 1479 3741 traderet,
1512 3686 1680 3747 atque
1721 3685 1776 3730 et
1821 3673 2150 3730 immortalis

562 3779 748 3834 obiret
792 3783 1026 3830 mortem
1056 3815 1071 3840 ,
1122 3782 1179 3828 et
1227 3772 1321 3844 qui
1368 3766 1758 3838 comprehendi
1809 3782 1919 3821 non
1975 3772 2153 3835 potest

564 3866 959 3937 comprehendi
983 3881 1044 3921 se
1078 3865 1439 3935 permitteret,
1473 3869 1528 3917 et
1556 3861 1666 3914 vita
1697 3866 1954 3927 suscepta
1986 3870 2154 3910 carne

566 3966 886 4035 pateretur,
915 3972 981 4011 ac
1008 3956 1248 4026 denique
1285 3969 1381 4025 per
1412 3962 1647 4007 mortem
1682 3966 1831 4016 eum,
1863 3950 1957 4019 qui
1990 3946 2154 4002 morti

567 4049 986 4113 dominabatur,
1038 4046 1368 4116 infringeret
1410 4043 1626 4115 peccati
1665 4056 1793 4095 cum
1830 4048 2007 4095 morte
2054 4038 2155 4093 sti-

569 4142 805 4195 mulum.
846 4139 969 4206 Quo
997 4147 1243 4208 tempore
1276 4137 1408 4190 illud
1438 4135 1724 4204 impletum
1758 4141 1841 4187 est
1871 4147 1884 4183 :
1923 4130 2024 4185 Ubi
2052 4139 2152 4192 est,

572 4248 736 4298 mors,
765 4231 1017 4284 stimulus
1045 4239 1167 4283 tuus
1189 4229 1214 4282 2’
1235 4228 1327 4281 ubi
1348 4237 1445 4293 est,
1471 4228 1696 4296 inferne,
1726 4224 1950 4279 victoria
1971 4233 2065 4276 tua
2095 4222 2156 4278 ³1

570 4325 687 4379 Illic
720 4322 870 4378 enim
900 4336 1049 4376 mors
1082 4328 1168 4375 est
1211 4334 1405 4375 eversa
1449 4318 1844 4387 proﬂigataque
1909 4315 2152 4385 penitus,

567 4430 692 4486 qua:
739 4429 865 4468 cum
909 4428 1138 4481 regnum
1186 4410 1254 4464 ad
1287 4418 1533 4479 tempora
1579 4406 1746 4462 Musis
1793 4405 2153 4466 obtinuisset,

2249 3232 2514 3304 σωτηρία,
2560 3229 2655 3284 καὶ
2678 3230 2761 3282 ὅτι
2792 3226 2996 3281 ἔσωσεν
3028 3226 3130 3296 ἤδη
3160 3224 3250 3278 διὰ
3279 3224 3442 3294 νόμου
3478 3223 3576 3277 καὶ
3616 3234 3809 3290 προφη-

2244 3323 2354 3376 τῶν
2375 3339 2388 3387 ;
2422 3321 2558 3392 Φησί
2575 3338 2588 3351 ·
2621 3319 3048 3373 Ἐϐασίλευσεν
3061 3319 3095 3370 d
3114 3315 3370 3381 θάνατος
3387 3314 3510 3369 ἀπὸ
3544 3315 3598 3367 Ἀ
3608 3312 3717 3380 δὰμ
3730 3305 3811 3377 μέ·

2248 3432 2346 3484 χρι
2392 3410 2718 3477 Μωῦσέωςο
2755 3411 2901 3471 ὅπως
2930 3406 3093 3477 γνῷς,
3115 3407 3200 3459 ὅτι
3249 3408 3307 3459 ἐν
3335 3407 3565 3460 Μωῦσεῖ
3593 3401 3810 3467 ἀνεκόπη

2247 3496 2276 3558 6
2310 3504 2557 3564 θάνατος,
2580 3502 2642 3556 οὐ
2679 3499 3026 3553 παντάπασιν
3064 3497 3404 3566 ἀφανισθείς.
3452 3492 3812 3562 Ἀπεξεδέχετο

2248 3597 2356 3665 γὰρ
2382 3596 2475 3648 τὸν
2499 3593 2787 3663 τελειωτὴν
2812 3591 3030 3645 πάντων
3074 3589 3303 3661 Ἰησοῦν,
3344 3589 3429 3642 ἴνα
3451 3586 3631 3661 [ὅταν]
3667 3579 3810 3636 αὑτὸν

2251 3686 2516 3756 παραδῴη
2537 3685 2677 3757 ὑπὲρ
2704 3685 2803 3754 τῆς
2828 3682 3269 3753 άνθρωπὸτητος,
3293 3682 3321 3734 6
3347 3680 3616 3740 ἀθάνατος
3635 3670 3809 3732 θανὼν,

2249 3781 2279 3833 6
2307 3778 2618 3849 άκράτητος
2639 3774 2913 3846 κρατητὺς
2937 3774 3251 3843 γενόμενος,
3279 3775 3312 3842 ἡ
3346 3771 3457 3841 ζωὴ
3492 3775 3552 3825 ἐν
3587 3765 3737 3837 σαρκὶ
3760 3759 3811 3813 τὸ

2252 3869 2445 3924 παθεῖν
2471 3868 2777 3937 ὑπομένων,
2813 3866 2907 3919 καὶ
2935 3864 3111 3931 κλάσῃ
3140 3865 3228 3917 διὰ
3259 3863 3354 3916 τοῦ
3384 3863 3637 3922 θανάτου,
3663 3856 3746 3909 τὸν
3762 3849 3811 3903 τὺ

2254 3959 2454 4030 κράτος
2487 3958 2681 4029 ἔχοντα
2699 3954 2791 4009 τοῦ
2817 3954 3074 4013 θανάτου,
3103 3954 3164 4005 τὸ
3189 3953 3410 4021 κέντρον
3437 3951 3540 4021 τῆς
3569 3939 3813 4018 ἁμαρτίας

2254 4051 2468 4105 καὶτὸν
2500 4049 2747 4106 θάνατον.
2782 4049 2911 4100 Ὅτε
2948 4046 3135 4100 λοιπὸν
3171 4043 3506 4115 ἐπληροῦτο·
3545 4038 3665 4096 Ποῦ
3691 4048 3808 4091 σου.

2254 4142 2491 4206 θάνατε,
2547 4140 2615 4193 τὸ
2632 4138 2881 4207 κέντρον
2896 4159 2912 4204 ;
2930 4137 3046 4191 ποῦ
3061 4154 3198 4200 σου,
3218 4136 3352 4204 ᾅδη,
3377 4134 3444 4188 τὸ
3464 4134 3633 4197 νῖκος
3645 4147 3663 4193 ;
3689 4123 3814 4178 Ἐκεῖ

2258 4233 2358 4304 μὲν
2392 4236 2500 4304 γὰρ
2530 4233 2588 4285 ὲν
2622 4234 2847 4286 Μωῦσεῖ
2870 4231 3151 4301 ἀνετράπη
3173 4227 3482 4299 ἐπισχεθεὶς
3527 4227 3556 4279 6
3587 4220 3809 4275 (ldum.

2257 4324 2579 4397 βασιλεύσας
2626 4323 2753 4395 ἄχρι
2788 4321 3087 4385 Μωῦσέως.
3124 4322 3235 4376 Καὶ
3275 4319 3493 4392 πρῶτον
3522 4317 3618 4389 μὲν
3641 4311 3811 4365 δίκαιοι

2253 4414 2395 4488 ἦσαν
2409 4418 2457 4470 οἱ
2485 4434 2552 4469 πε
2561 4416 2613 4489 ρ“ι
2633 4415 2797 4469 Ἅϐελ
2816 4416 2912 4469 καὶ
2927 4413 3114 4485 Ἑνὼχ,
3137 4416 3165 4468 6
3188 4412 3501 4485 μετατεθεὶς
3514 4408 3606 4464 τοῦ
3621 4403 3689 4476 μὴ
3703 4397 3809 4454 ἰδεῖν

570 4506 675 4561 sub
710 4505 806 4558 illo
835 4502 1076 4557 cohibita
1109 4500 1311 4555 fuerat.
1344 4497 1620 4568 Imprimis
1647 4512 1781 4565 ergo
1812 4494 1999 4563 justus
2019 4492 2146 4547 Abel

2261 4507 2510 4570 θάνατον,
2547 4507 2641 4560 καὶ
2668 4507 2766 4576 οὐχ
2796 4506 3100 4576 εὑρίσκετο.
3133 4503 3293 4559 Ἀλλὰ
3320 4502 3473 4556 οὔπω
3491 4500 3809 4576 ὁὲγγραπτρς

569 4597 782 4651 exstitit
809 4634 826 4661 ,
855 4603 911 4651 et
951 4594 1140 4649 Enoch
1164 4635 1182 4660 ,
1220 4592 1317 4663 qui
1348 4591 1654 4644 translatus
1700 4594 1786 4643 est
1837 4603 1906 4640 ne
1945 4583 2160 4639 videret

572 4697 844 4752 mortem,
892 4701 997 4742 nec
1043 4686 1300 4739 inventus
1333 4682 1479 4738 est‘.
1520 4679 1765 4734 Necdum
1813 4677 2022 4746 scripta
2068 4674 2160 4728 lex

574 4781 922 4852 promulgata
968 4777 1177 4842 fuerat,
1218 4775 1315 4830 sed
1345 4773 1618 4828 naturalis
1652 4770 2038 4825 tantummodo
2079 4766 2158 4821 vi-

576 4872 758 4941 gebat,
801 4886 926 4940 qnaz
951 4869 1221 4940 cujusque
1260 4866 1444 4920 animo
1480 4865 1648 4917 intlxa
1676 4922 1681 4929 l
1715 4876 1779 4915 ac
1807 4875 1904 4930 per
1942 4856 2162 4928 generis

579 4962 990 5017 successionem
1020 4975 1051 5013 a
1086 4958 1404 5029 parentibus
1431 4956 1487 5009 in
1524 4955 1664 5008 (ilios
1694 4960 1997 5023 propagata
2036 4950 2159 5004 fue-

580 5061 686 5107 rat.
721 5049 1087 5118 Posteaquam
1113 5065 1244 5104 vero
1275 5050 1449 5118 palam
1485 5047 1768 5121 proposita
1799 5044 1885 5098 lex
1920 5048 2025 5105 est,
2057 5040 2162 5096 fuit

582 5147 670 5199 hic
697 5142 848 5196 velut
876 5142 1097 5208 quidam
1122 5141 1357 5210 gladius,
1382 5156 1492 5209 quo
1515 5137 1725 5208 peccati
1754 5136 1838 5189 vis
1857 5142 1943 5189 est
1971 5148 2034 5187 ac
2065 5148 2162 5202 po-

581 5235 755 5291 tentia
783 5231 954 5303 699
975 5231 1170 5284 divisa.
1186 5230 1313 5295 Sed,
1333 5232 1627 5285 accedente
1641 5230 1944 5294 Salvatore,
1971 5229 2164 5284 stimu-

512 5392 521 5395 l
584 5327 667 5380 Ius
714 5324 910 5378 mortis
939 5320 1257 5374 confractus
1283 5329 1387 5375 est.
1422 5325 1599 5391 Atque
1630 5323 1725 5376 illo
1754 5322 1993 5391 denique
2021 5331 2162 5377 tem-

583 5434 716 5489 pore
752 5433 902 5472 nrors
935 5415 989 5469 in
1016 5413 1301 5467 victoriam
1328 5413 1523 5467 iterum
1545 5414 1929 5470 absorbebitur
1944 5413 2158 5472 '.Vides

586 5505 1051 5574 quemadmodum
1097 5501 1239 5556 Deus
1292 5501 1537 5557 homines
1586 5504 1656 5557 ad
1698 5504 1930 5559 salutem
1981 5506 2153 5562 variis

591 5598 769 5652 modis
801 5594 1141 5667 perduxerit.
1162 5593 1232 5646 At
1255 5591 1496 5664 perfecta
1525 5594 1675 5651 salus
1709 5602 1762 5655 in
1785 5596 2000 5652 Christo
2015 5598 2148 5655 Jesu

665 5715 682 5783 ξ
713 5710 905 5783 Matth.
941 5724 1100 5783 3x111,
1126 5709 1217 5765 '56.
1293 5710 1315 5740 ³
1359 5707 1518 5765 Rom.
1550 5726 1603 5776 ν,
1645 5710 1731 5768 ii.
1806 5710 2017 5769 ‘ICor.
2054 5728 2146 5782 xv,

2249 5731 2266 5783 ;
2319 5714 2446 5772 Ose.
2487 5715 2723 5781 ιω,ίὰ
2803 5712 2986 5771 ‘Gcn.
3049 5732 3101 5779 v,
3138 5713 3228 5769 24.
3306 5713 3327 5743 ⁸
3366 5710 3389 5766 l
3447 5709 3572 5765 Cor.
3604 5711 3684 5760 XV.
3716 5682 3771 5741 5‘

601 5780 625 5816 ‘
643 5782 776 5839 Cur.
806 5780 995 5836 αὐτοῦ.

2263 4596 2447 4665 νόμος,
2474 4594 2611 4651 ἀλλὰ
2644 4573 2828 4647 ὁκατὰ
2848 4573 3009 4663 φύσιν
3039 4594 3103 4647 ἐκ
3128 4591 3368 4655 διανοίας
3393 4591 3486 4644 καὶ
3512 4593 3573 4641 ἐκ
3600 4573 3809 4652 παραδόα

2232 4746 2237 4753 ,
2266 4704 2404 4749 σεως
2431 4686 2574 4739 κατὰ
2623 4684 2872 4755 διαδοχὴν
2907 4684 3159 4756 πατέρων
3206 4682 3337 4755 πρὸς
3363 4682 3489 4744 τοὺς
3513 4676 3672 4738 υἱούς.
3701 4669 3811 4756 Ὅτε

3791 4780 3811 4791 ο

2263 4780 2320 4832 δὲ
2340 4778 2626 4849 τηλαυγῶς
2649 4777 2868 4847 ἐξετέθη
2897 4778 2925 4829 6
2950 4755 3134 4845 νόμος,
3159 4775 3396 4843 ἐγένετο,
3416 4772 3492 4836 ὡς
3521 4767 3703 4824 εἰπεῖν,

2265 4843 2433 4941 χαιρα
2462 4843 2755 4940 διγάζουσα
2783 4843 2882 4937 τὴν
2922 4843 3151 4937 δύναμιν
3173 4865 3274 4933 τῆς
3304 4862 3595 4934 ἁμαρτίας.
3622 4854 3743 4941 Ὅτε
3765 4843 3812 4895 δὲ

2264 4937 2299 5014 6
2322 4937 2904 5033 Σωτὴρ-παρεγένετο»
2948 4957 3237 5028 συνετρίϐη
3264 4955 3326 5007 τδ
3368 4954 3589 5023 κέντρθν
3617 4937 3808 5033 106.0“.

2266 5053 2447 5105 νάτου.
2466 5030 2593 5106 Καὶ
2622 5030 2785 5104 πάλιν
2803 5049 3246 5118 καταποθήσεται
3272 5048 3301 5099 6
3331 5045 3558 5106 θάνατος
3588 5038 3662 5101 εἰς
3686 5030 3809 5084 νῖκος

2266 5144 2406 5199 τότε.
2450 5144 2560 5196 Καὶ
2598 5145 2700 5214 ὅρα
2747 5140 2863 5204 πῶς
2893 5140 3098 5204 ἔσωζεν
3133 5141 3163 5192 6
3196 5138 3328 5200 Θεὸς
3354 5137 3443 5190 διὰ
3483 5127 3679 5189 πολλῶν
3703 5119 3808 5210 τρόί

2268 5252 2406 5287 πων.
2440 5234 2513 5286 Τὸ
2554 5234 2611 5287 δὲ
2633 5233 2837 5286 τέλειον
2872 5233 2973 5301 τῆς
3008 5230 3281 5301 σωτηρίας
3313 5230 3372 5281 ὲν
3411 5220 3624 5298 Χριστῷ
3662 5216 3806 5301 ἰησοξδ

2270 5326 2349 5397 τῷ
2385 5327 2574 5398 Κυρίῳ
2628 5326 2786 5399 ἡμῶν
2828 5295 3269 5397 γεγένηται,“καὶ
3303 5295 3606 5392 γενήσεται,
3635 5311 3702 5369 ὡς
3728 5295 3804 5399 κτξὶ

2269 5388 2332 5471 τδ
2355 5388 2683 5484 Εὐαγγέλιον
2707 5388 2925 5486 φάσκει,
2955 5388 3038 5468 δτί
3074 5388 3175 5469 Ἐκ
3203 5388 3701 5479 τοῦ-πληρόψατες
3719 5388 3804 5486 (ᾤ’

2272 5509 2378 5562 τοῦ
2415 5478 2586 5576 ἡμεῖς
2622 5478 2843 5573 πάντες
2882 5478 3194 5578 ἐλάϐομεν.
3244 5507 3355 5560 Καὶ
3392 5478 3559 5565 ποῖον,
3596 5478 3797 5578 φησὶντξ

2272 5600 2379 5671 πλή
2630 5599 2746 5654 ἀλλ’
2780 5564 3036 5670 ἀνόμως
3058 5564 3183 5653 ’διὰ
3229 5595 3525 5660 Μωῦσέως
3566 5564 3748 5643 ἐδόθη·
3769 5564 3801 5628 ’ἀ

3719 5686 3742 5703 ν
