4078 6412
227 340 331 397 153
854 333 1221 392 ADVERSUS
1259 335 1601 395 HIERESES
1640 339 1768 397 LIB.
1810 340 2058 399 ILTOM.
2099 341 2237 400 ll.—
2279 343 2553 403 lixERES.
2591 338 2779 406 LXVI.
3381 355 3485 409 ιει

226 444 400 514 χάρις
419 445 519 536 καὶ
551 446 593 513 ἡ
616 443 864 512 ἀλήθεια
883 446 981 502 διὰ
1021 450 1216 517 Ἰησοῦ
1235 450 1491 520 ἐγένετο.
1536 454 1681 508 Ἐκεῖ
1706 454 1806 526 μὲν

1921 455 2143 513 Domino
2190 466 2385 514 nostro
2444 462 2712 532 contigit,
2776 462 3170 535 contingctque
3219 477 3482 536 perpetuo

223 536 401 607 ἐδόθη,
435 530 540 591 ὦδε
592 537 827 606 ἐγένετο.
877 539 940 592 El
994 541 1058 594 ἐκ
1097 541 1466 614 πληρώματος
1494 547 1524 598 6
1549 545 1732 616 νόμος,
1764 551 1796 620 ἠ

1921 548 2136 617 perinde
2165 558 2329 620 atque
2346 552 2398 606 in
2422 530 2718 623 Evangelio
2742 530 3006 625 scriptum
3039 530 3151 612 est:
3173 530 3245 611 De
3259 530 3486 626 plenitu—

222 629 387 699 χάρις
436 629 531 682 καὶ
563 631 596 699 ἠ
631 629 857 700 ἀλήθεια
896 631 991 683 τοῦ
1028 632 1225 702 Ἰησοῦ,
1250 634 1475 688 ’Παλαιὰ
1511 637 1603 688 καὶ
1625 637 1803 705 Καινή

1921 638 2028 694 ϋηο
2057 640 2172 709 ejus
2211 658 2307 695 uos
2334 659 2513 697 omnes
2545 646 2838 714 accepimus
2859 650 2898 700 ί.
2943 647 3204 714 Quamnm
3243 666 3372 705 vero
3405 660 3490 705 est

217 714 465 788 Διαθήκη
489 719 547 769 ὲν
569 716 649 787 τῷ
676 718 824 789 νόμῳ
855 720 949 773 καὶ
976 721 1157 791 χάριτι
1197 723 1291 775 καὶ
1315 723 1565 796 ἀληθείᾳ.

1906 728 1997 783 illa
2020 732 2328 800 plenitudo?
2343 733 2472 801 Lex,
2494 736 2689 805 inquit,
2708 752 2799 804 per
2811 737 3048 809 Moysem
3068 743 3195 794 data
3207 743 3490 811 est,gratia

215 816 268 860 et
302 808 500 900 veritas
520 825 613 878 per
637 808 819 863 Iesum
840 810 986 879 facta
1008 815 1145 867 est’.
1208 815 1325 870 lllic
1349 832 1515 886 porro
1539 818 1666 873 data
1696 825 1801 881 est,
1832 818 1923 874 hic
1952 822 2117 877 facta.
2149 824 2305 890 Quod
2335 827 2379 882 si
2418 843 2483 882 ex
2503 828 2591 881 illa
2622 808 2958 900 plenitudine
2993 832 3233 886 derivata
3263 808 3345 886 les
3380 841 3487 891 est.

216 899 397 968 gratia
420 907 477 954 et
508 902 710 956 veritas
744 900 873 957 Jesu
896 904 1176 969 tribuitur,
1207 906 1491 964 tamVetus
1522 923 1685 979 quam
1713 908 1923 965 Novum
1949 888 2357 971 Testamentum
2386 918 2499 988 lege
2526 928 2580 973 et
2603 888 2775 990 gratia
2799 937 2864 976 ac
2910 923 3140 978 veritate
3155 888 3488 980 continetur.
3530 888 3547 905 ‘

290 993 418 1050 00'.
448 995 644 1067 Ἑτέρα
667 996 725 1050 δὲ
751 997 912 1051 πάλιν
923 998 1064 1065 λέξει
1095 1001 1359 1072 κέχρηται
1378 1005 1409 1056 6
1434 1003 1597 1066 αὐτὸς
1614 1003 1812 1073 Μάνης

225 1082 473 1151 φάσκων,
500 1085 581 1138 ὅτι
622 1086 675 1137 ⁸0
697 1087 951 1154 Χριστὸς
982 1088 1355 1158 ἐξηγόρασεν
1377 1091 1535 1160 ἡμᾶς
1554 1093 1673 1146 ἀπὸ
1696 1092 1810 1159 τῆς

221 1174 488 1242 κατάρας
507 1176 613 1231 τοῦ
631 1179 841 1247 νόμου,
861 1180 1179 1248 γενόμενος
1198 1182 1351 1250 ὑπὲρ
1364 1181 1537 1252 ἡμῶν
1556 1182 1804 1251 κατάρα.

222 1268 446 1337 Λεγέτω
470 1268 655 1323 τοίνυν
677 1270 850 1334 ποίοις
886 1273 1169 1344 ἀργυρίοις
1199 1275 1233 1344 ἠ
1271 1275 1543 1345 ἀγορασία
1573 1275 1806 1345 γεγένη-

219 1377 347 1415 ταιο
384 1363 538 1415 ποῖον
568 1361 632 1414 τὸ
668 1362 887 1434 τίμημα
927 1364 956 1418 6
987 1365 1216 1429 δέδοται,
1249 1366 1335 1419 ἴνα
1364 1368 1514 1437 ἡμᾶς
1533 1366 1806 1437 ἀγοράσῃ.

220 1450 302 1504 υ)
330 1450 443 1522 γὰρ
468 1447 642 1517 εἴπεν,
675 1452 705 1505 δ
734 1454 1027 1525 ἠγόρασεν,
1061 1455 1176 1509 ἀλλ’
1209 1456 1605 1527 ἐξηγόρασεν.
1650 1456 1811 1508 Ἀλλά

221 1544 322 1612 τήν
346 1542 447 1612 μὲν
481 1543 783 1614 ἀγορασίαν
826 1546 1131 1612 ἐπίσταται,
1158 1548 1218 1601 τὸ
1248 1547 1306 1602 δὲ
1346 1548 1565 1619 τίμημα
1602 1549 1806 1615 ἀγνοεῖ.

236 1633 301 1685 Ἦ
335 1631 397 1684 δὲ
434 1632 664 1705 ἀλήθεια
690 1637 762 1690 τά
810 1637 1096 1708 ἀμφότερα
1139 1638 1410 1708 ὁμολογεῖ.
1480 1639 1811 1711 Ἐξηγόρασε

1985 1006 2222 1065 LXXlX.
2276 1012 2418 1078 Quin
2475 1023 2529 1067 et
2576 1015 2707 1070 illud
2759 1016 3089 1071 Manichacus
3126 1033 3157 1072 e
3191 1016 3492 1087 Scripturis

1913 1100 2145 1156 arcessit
2171 1117 2184 1153 :
2217 1102 2462 1158 Christus
2485 1106 2704 1159 redemit
2729 1123 2822 1161 nos
2851 1124 2885 1161 a
2908 1109 3188 1162 maledicto
3214 1109 3360 1178 legis,
3393 1108 3480 1176 fa-

1912 1199 2026 1243 ctus
2074 1206 2170 1259 pro
2215 1195 2362 1247 nobis
2411 1195 2748 1249 maledictum
2772 1197 2817 1252 ³.
2874 1196 3029 1251 Dicat
3076 1198 3240 1268 igitur
3277 1199 3480 1268 quibus

1911 1280 2152 1336 nummis
2183 1281 2326 1337 facta
2362 1283 2454 1337 illa
2492 1285 2564 1355 sit
2600 1286 2838 1354 emptio,
2872 1285 3087 1355 quodve
3123 1288 3355 1355 pretium
3394 1301 3492 1355 pro

1912 1372 2073 1427 nobis
2104 1388 2395 1441 repensum
2428 1374 2609 1430 fuerit.
2635 1374 2753 1429 Non
2783 1376 2930 1431 enim
2976 1376 3153 1439 dixit,
3186 1380 3341 1438 emit,
3373 1377 3490 1436 sed.

1914 1462 2153 1518 redemit.
2190 1463 2389 1519 Verum
2420 1482 2544 1520 cum
2594 1468 2928 1536 emptionem
2965 1467 3212 1531 noverit,
3257 1468 3493 1535 pretium

1917 1562 2099 1609 tamen
2142 1555 2381 1625 ignorat.
2419 1556 2726 1627 Utrumque
2767 1574 2932 1627 porro
2962 1558 3166 1613 veritas
3200 1557 3320 1625 ipsa
3354 1573 3492 1611 con-

1920 1647 2123 1701 litetur.
2151 1646 2319 1701 Plane
2348 1649 2550 1717 quippe
2578 1664 2681 1702 nos
2715 1648 2969 1712 redemit,
3002 1662 3066 1702 ac
3093 1662 3191 1717 pro
3222 1648 3382 1701 nobis
3413 1646 3496 1701 l‘a—

222 1723 337 1795 γάρ
357 1724 528 1794 ἡμᾶς,
566 1727 662 1779 καὶ
697 1727 970 1798 ἠγόρασεν
1016 1727 1233 1798 ἀληθῶς
1270 1730 1380 1783 ἀπὸ
1425 1732 1673 1801 κατάρας
1716 1729 1813 1783 τοῦ

1921 1748 2039 1795 ctus
2070 1739 2444 1801 maledictum,
2476 1755 2506 1793 a
2538 1740 2674 1810 legis
2704 1755 2806 1794 nos
2855 1740 3146 1793 maledicto
3173 1741 3347 1807 pretio
3374 1739 3495 1791 vin-

224 1814 419 1883 κόμου,
451 1816 743 1884 γενόμενος
770 1819 910 1891 ὑπὲρ
944 1818 1101 1890 ἡμῶν
1127 1822 1362 1891 κατάρα.
1389 1822 1500 1875 Καὶ
1538 1820 1655 1884 πῶς
1679 1820 1809 1890 ἠγόο

225 1924 399 1978 ρασεν
422 1910 590 1980 ἡμᾶς,
606 1909 770 1974 εὐθὺς
784 1911 1038 1982 ἐπιφέρει
1061 1914 1089 1966 6
1116 1913 1435 1977 διδάσκαλος
1460 1914 1562 1984 τῆς
1586 1913 1817 1984 Ἐκκλη-

224 1998 375 2062 σίας,
410 1999 656 2068 φάσκων,
693 2002 775 2054 ὅτι
808 2000 953 2070 Τιμῇ
985 2003 1379 2072 ἠγοράσθητε,
1412 2005 1583 2074 τιμίῳ
1613 2006 1815 2075 αἵματι

234 2088 462 2158 Ἀμνοῦ
495 2090 759 2161 ἀμώμου,
792 2094 889 2147 καὶ
913 2094 1181 2149 ἀσπίλου
1222 2096 1506 2164 Χριστοῦ.
1538 2096 1603 2150 El
1637 2098 1816 2151 τοίνυν

222 2178 307 2243 τῷ
334 2179 530 2249 αἵματι
555 2181 918 2253 ἠγοράσθητε,
947 2184 1046 2255 οὐχ
1069 2185 1335 2256 ὑπάρχεις
1365 2186 1473 2240 τῶν
1500 2187 1815 2259 ἠγορασμέ-

223 2292 357 2337 νων,
419 2268 465 2326 ὦ
510 2274 691 2345 Μάνη,
744 2275 930 2345 ἐπειδή
977 2275 1039 2329 τό
1083 2273 1222 2348 αἷμα
1254 2280 1511 2349 ὰρνῆσαι.
1551 2279 1722 2333 Πόθεν
1758 2280 1817 2333 δὲ

223 2367 381 2437 ἡμᾶς
426 2366 696 2437 ἠγόρασε;
746 2366 892 2436 λέγε.
958 2368 1299 2441 Ἀλλοτρίους
1347 2371 1510 2435 ὄντας
1535 2371 1815 2443 ὠνήσατο;

222 2452 374 2530 ’Δρα
399 2458 678 2527 ἠπόρησεν
705 2460 733 2511 6
758 2458 1022 2531 πρότερον
1061 2461 1217 2531 ἡμῶν
1241 2461 1535 2533 δεσπότης,
1565 2464 1660 2515 καὶ
1699 2465 1820 2515 ὲπι-

220 2548 483 2619 δεόμενος
506 2548 599 2601 τοῦ
628 2549 786 2620 ἡμῶν
821 2552 1153 2621 τιμήματος,
1190 2551 1369 2605 λαόὼν
1400 2553 1631 2607 ἀπέδοτο
1670 2555 1819 2625 ἡμᾶς

221 2639 491 2711 Χριστῷ,
536 2641 648 2695 Καὶ
700 2642 750 2694 εί
779 2642 1129 2713 ἀπεδόθημεν
1164 2643 1406 2715 Χριστῷ,
1441 2645 1622 2699 οὐκέτι
1651 2645 1821 2716 ἐσμὲν

221 2733 321 2786 τοῦ
385 2731 674 2804 προτέρου.
722 2734 788 2787 Ei
845 2733 1025 2789 τοίνυν
1071 2735 1100 2787 6
1142 2735 1407 2807 πρότερος
1434 2737 1618 2789 οὐκέτι
1669 2738 1820 2808 ἡμᾶς

223 2822 518 2892 κέκτηται,
555 2823 664 2894 ἀρα
689 2824 787 2894 τῆς
806 2824 973 2878 αὑτοῦ
994 2826 1310 2897 περιουσίας
1344 2826 1449 2891 ἔξω
1471 2827 1705 2896 ἐγένετο,
1725 2827 1822 2881 καὶ

224 2916 289 2969 ὲν
343 2916 462 2976 τοῖς
528 2914 676 2979 ἰδίοις
725 2916 913 2980 τόποις
946 2918 1047 2971 οὐκ
1088 2916 1203 2988 ἔχει
1242 2917 1510 2985 ἐξουσίαν.
1551 2917 1677 2982 Πῶς
1726 2913 1821 2973 οὖν

228 3008 541 3077 ἐνεργεῖται
568 3008 626 3061 ὲν
655 3010 770 3071 τοῖς
797 3009 939 3071 υἱοῖς
981 3010 1081 3079 τῆς
1114 3009 1417 3074 ἀπειθείας,
1456 3010 1600 3064 κατά
1627 3010 1689 3063 τὸ
1720 3027 1819 3078 γε·-

226 3100 586 3170 γραμμένονς
629 3099 769 3154 Ἀλλ’
795 3100 920 3153 οὔτε
942 3100 1059 3165 πῶς
1078 3101 1368 3173 ἠγόρασεν,
1387 3100 1511 3155 οὔτε
1546 3102 1663 3165 πῶς
1688 3104 1820 3172 ἠγο-

242 3190 550 3263 ράσθημεν,
579 3190 705 3246 οὔτε
726 3192 846 3256 πῶς
876 3193 1093 3264 κατάρα
1121 3193 1261 3265 ὑπὲρ
1292 3194 1448 3265 ἡμῶν
1475 3194 1683 3263 γέγονε,
1714 3196 1825 3250 νοεῖ

241 3285 278 3338 6
297 3285 441 3336 κατὰ
463 3286 625 3339 πάντα
656 3285 1097 3355 μανεὶς,άνοίξας
1121 3286 1285 3340 αὑτοῦ
1310 3286 1370 3339 τὸ
1388 3287 1582 3357 στόμα,
1620 3287 1712 3341 καὶ
1747 3286 1823 3358 μὴ

239 3372 535 3441 δυνάμενος
581 3376 711 3446 περὶ
742 3369 819 3429 ὧν
852 3375 998 3445 λέγει
1045 3375 1507 3430 διαϐεϐαιοῦσθαι.
1550 3376 1681 3430 Ἰδοὺ
1713 3376 1824 3448 γὰρ

232 3464 437 3527 αὐτοὺς
463 3465 674 3536 ὁρῶμεν
697 3465 953 3534 λέγοντας
984 3468 1041 3520 ὲν
1077 3469 1144 3539 τῇ
1175 3467 1569 3538 παλιγγενεσία
1598 3467 1700 3537 τῆς
1728 3467 1826 3521 αὐ-

231 3557 333 3610 τοῦ
367 3558 684 3628 παρουσίας,
721 3559 817 3612 καὶ
840 3559 1140 3630 κράζοντας
1165 3577 1179 3589 ·
1219 3559 1322 3613 Ἐν
1347 3558 1427 3624 τῷ
1458 3558 1547 3624 σῷ
1580 3559 1826 3628 ὀνόματι

231 3647 562 3717 ἐφάγομεν,
618 3650 715 3703 καὶ
752 3650 823 3703 ἐν
858 3649 939 3715 τῷ
972 3649 1063 3715 σῷ
1114 3651 1359 3719 ὀνόματι
1407 3650 1684 3718 δαιμόνια
1725 3648 1825 3714 ἐξ·

230 3740 556 3809 εϐιίλομεν.
612 3740 723 3793 Καὶ
779 3742 897 3811 ἐρεῖ
949 3741 1085 3812 πρὸς
1114 3741 1330 3805 αὐτοὺς,
1375 3739 1687 3796 Ἀπέλθετε
1721 3739 1822 3794 ἀπ’

231 3829 410 3899 ἐμοῦ,
460 3828 886 3899 κατηραμένον
913 3832 1078 3885 οὔπω
1118 3830 1315 3900 ἔγνων
1352 3830 1529 3901 ὑμᾶς.
1567 3831 1692 3894 Πῶς
1727 3826 1819 3884 οὖν

230 3921 407 3975 αὐτὸν
432 3921 772 3991 ὁμολογοῦσι,
817 3923 912 3975 καὶ
953 3922 1114 3986 αὐτὸς
1155 3923 1351 3985 αὐτοὺς
1393 3922 1827 3994 καταρᾶται,Τί

230 4012 297 4067 δὲ
326 4007 400 4083 ἦν
442 4014 476 4083 ἠ
524 4011 734 4082 κατάρα
766 4010 860 4065 τοῦ
883 4012 1073 4083 νόμου,
1110 4011 1247 4065 ἀλλά
1278 4012 1494 4083 κατάρα
1529 4012 1625 4065 τοῦ
1661 4012 1824 4083 νόμου

234 4102 478 4173 σταυρὸς
499 4102 589 4156 διὰ
608 4104 707 4167 τὰς
736 4103 1043 4174 ἀμαρτίας;
1085 4102 1212 4156 Ἐἀν
1248 4102 1358 4174 γάρ
1393 4120 1476 4167 τις
1503 4102 1823 4174 καταληφθῇ

237 4196 302 4247 ἐν
317 4194 748 4267 παραπτώματι,
778 4194 962 4261 ἔλεγεν
986 4196 1015 4248 6
1033 4195 1215 4264 νόμος,
1235 4198 1337 4248 Καὶ
1359 4193 1696 4263 κρεμάσητε
1716 4195 1824 4247 αὐ-

238 4287 353 4341 τὸν
382 4288 482 4341 ἐπὶ
513 4287 829 4353 ξύλου,ὀύ
851 4288 940 4358 μὴ
986 4288 1137 4358 δύνῃ
1162 4291 1194 4344 ό
1223 4288 1396 4356 ἥλιος
1426 4289 1518 4343 ἐπ’
1541 4285 1702 4353 αὐτῷ
1727 4287 1828 4341 ἐπὶ

238 4377 326 4443 τῷ
347 4379 681 4448 θνησιμαίφ
700 4378 908 4445 αὐτοῦ,
941 4379 1101 4434 ἀλλὰ
1124 4379 1482 4445 καθελόντες
1521 4380 1826 4434 καθελεῖτέ

236 4485 311 4523 τε
336 4470 545 4535 αὐτόν,
582 4469 679 4524 καί
715 4468 1017 4539 θάψαντες
1062 4470 1283 4539 addere
1335 4470 1524 4525 αὑτὸν
1565 4469 1681 4539 πρὸ
1718 4470 1825 4524 δύ-

237 4576 406 4626 σεως
433 4559 540 4615 τοῦ
568 4560 745 4628 ἡλίου
769 4578 783 4592 -
822 4561 911 4616 ὅτι
941 4561 1370 4631 ἐπικατάρατος
1399 4561 1520 4629 πᾶς
1553 4565 1586 4617 ὁ
1616 4561 1830 4633 κρεμά-

231 4666 429 4721 μενος
452 4650 550 4702 ἐπὶ
573 4649 681 4703 τοῦ
713 4649 927 4715 ξύλου.
970 4650 1121 4703 Ἐπεὶ
1146 4646 1239 4704 οὖν
1269 4650 1359 4704 διά
1392 4650 1490 4721 τὴν
1522 4650 1830 4723 σταύρωσιν

239 4741 280 4809 ἠ
303 4738 526 4810 κατάρα
556 4738 972 4809 προσετέτακτο,
1003 4737 1174 4793 ὲλθὼν
1205 4738 1261 4791 δὲ
1286 4738 1449 4802 αὐτὸς
1505 4737 1605 4801 τάς
1646 4738 1831 4808 ἀμαρ-

238 4830 369 4895 τίας
413 4829 574 4901 ἡμῶν
611 4831 907 4900 ἀνήνεγκεν
933 4830 1027 4883 ἐπὶ
1057 4830 1238 4896 ξύλου,
1271 4830 1410 4900 ὑπὲρ
1437 4829 1594 4901 ἡμῶν
1634 4830 1828 4883 ἑαυτὸν

236 4921 520 4985 δεδωκὼς,
560 4921 622 4975 τὸ
669 4917 807 4993 αἷμα
862 4922 1026 4976 αὑτοῦ
1065 4922 1214 4993 ἡμᾶς
1261 4921 1536 4993 ἠγόρασε,
1573 4922 1635 4975 τὸ
1666 4921 1830 4993 σῶμα

237 5016 417 5071 αὐτοῦ
455 5015 614 5087 ἡμῶν
636 5014 735 5079 τὰς
775 5015 1020 5087 κατάρας
1060 5014 1237 5078 ἔλυσε,
1270 5014 1517 5068 τουτέστι
1544 5013 1714 5078 λύσας
1730 5015 1829 5078 τὰς

239 5109 528 5180 ἁμαρτίας
579 5107 669 5161 διά
715 5108 815 5179 τῆς
863 5108 957 5161 τοῦ
1012 5106 1245 5179 σταυροῦ
1286 5107 1572 5179 μετανοίας
1600 5106 1831 5176 καὶτῆς

240 5201 415 5257 αὑτοῦ
473 5202 795 5273 παρουσίας.
862 5200 997 5255 Οὔτε
1057 5194 1151 5255 οὖν
1196 5201 1224 5253 6
1283 5199 1447 5271 νόμος
1481 5200 1721 5271 κατάρα,
1752 5201 1826 5270 μὴ

240 5293 501 5360 γένοιτοί
544 5292 669 5345 οὔτε
702 5292 763 5345 τὸ
825 5292 1156 5361 Εὐαγγέλιον
1201 5290 1362 5345 ἔλαϐε
1401 5292 1501 5362 τὴν
1558 5290 1825 5360 κατάραν,

242 5385 375 5440 οὒτε
428 5387 457 5438 6
496 5384 731 5456 Κύριος’
769 5383 899 5437 ἀλλά
940 5384 1027 5437 διὰ
1051 5384 1149 5454 τῆς
1182 5381 1508 5453 προφάσεως
1541 5381 1635 5434 τοῦ
1663 5379 1828 5434 αὐτοῦ

246 5475 481 5530 θανάτου
509 5476 731 5530 λέλυται
759 5476 788 5528 6
815 5473 1043 5537 θάνατος
1081 5473 1110 5525 6
1140 5472 1281 5528 κατά
1304 5472 1403 5543 τῆς
1433 5472 1726 5543 ἁμαρτίας.

1916 1829 2148 1884 dicavit.
2179 1828 2449 1884 Caeterum
2480 1844 2720 1898 quonam
2770 1829 2935 1883 modo
2969 1827 3349 1892 vindicaverit,
3386 1836 3498 1881 sta-

1917 1918 2016 1970 tim
2065 1917 2327 1973 Ecclesia‘.
2380 1918 2644 1988 magister
2699 1917 2969 1987 subjicit:
3016 1917 3234 1982 Pretio,
3280 1918 3494 1987 inquit.

1914 2010 2075 2078 empti
2102 2010 2228 2063 estis
2248 2050 2262 2074 ,
2306 2010 2537 2078 pretioso
2568 2011 2821 2078 sanguine
2850 2008 2986 2078 Agni
3018 2007 3351 2062 immaculati
3374 2046 3388 2070 ,
3439 2016 3492 2061 et

1914 2101 2320 2156 incontaminati
2349 2098 2546 2153 Christi
2562 2099 2605 2155 ".
2626 2100 2988 2164 Quamobrem
3008 2099 3052 2152 si
3075 2098 3341 2167 sanguine
3363 2095 3485 2150 red-

1916 2195 2086 2263 empti
2142 2208 2365 2255 sumus,
2400 2205 2742 2260 nequaquam
2776 2190 2918 2243 inter
2956 2188 3293 2258 redemptos,
3318 2186 3498 2241 Mani-

1917 2284 2102 2348 clrme,
2138 2281 2513 2335 numerandus
2543 2297 2604 2336 es
2629 2319 2643 2343 ,
2681 2295 2808 2333 cum
2855 2279 3179 2349 sanguinem
3230 2279 3494 2347 abueges.

1918 2372 2206 2429 Undenam
2241 2388 2372 2428 vero
2403 2387 2507 2427 nos
2541 2371 2810 2427 redemit?
2848 2372 2972 2434 die,
3015 2370 3197 2426 sodes.
3249 2370 3332 2423 Au
3372 2385 3498 2423 cum

1918 2464 2083 2519 alieni
2132 2463 2280 2533 juris
2307 2477 2561 2517 essemus
2594 2460 2925 2530 acquisivit?
2959 2460 3095 2513 Num
3135 2473 3265 2513 vero
3301 2456 3369 2511 ad
3414 2458 3501 2511 iu-

1917 2556 2101 2625 Opiam
2150 2563 2207 2611 et
2254 2553 2563 2624 angustiam
2612 2552 2764 2621 prior
2815 2559 3004 2605 noster
3057 2551 3321 2604 dominus
3379 2549 3503 2604 red-

1918 2660 2099 2712 actus,
2131 2661 2196 2700 ac
2225 2647 2403 2716 pretio
2435 2653 2627 2699 nostro
2657 2641 2909 2709 indigens
2941 2640 3165 2696 Christo
3192 2655 3295 2694 nos
3322 2638 3504 2692 vendi-

1920 2739 2040 2793 dit?
2068 2738 2235 2810 lgitur
2266 2738 2313 2793 si
2352 2737 2578 2793 Christo
2609 2735 2820 2790 venditi
2851 2749 3048 2789 sumus
3072 2773 3088 2795 ,
3127 2750 3233 2787 non
3267 2731 3505 2800 amplius

1920 2832 1976 2886 in
2006 2832 2208 2901 prioris
2243 2830 2522 2899 mancipio
2554 2835 2767 2883 sumus.
2799 2824 2955 2891 Quod
2998 2824 3043 2878 si
3083 2824 3364 2893 possidere
3403 2835 3506 2876 nos

1921 2922 2013 2978 ille
2040 2922 2227 2986 desiit,
2264 2921 2472 2975 ditioue
2500 2935 2600 2975 sua
2631 2919 2881 2989 dejectus
2906 2926 3011 2982 est,
3046 2932 3147 2970 nec
3181 2915 3235 2968 in
3265 2914 3505 2985 propriis

1923 3014 2159 3071 sedibus
2190 3013 2285 3083 jus
2327 3014 2500 3067 ullum
2541 3011 2773 3065 obtinet.
2827 3009 3075 3074 Quonam
3125 3006 3294 3076 igitur
3342 3005 3506 3060 modo

1924 3114 2184 3178 operatur
2205 3106 2261 3160 in
2285 3104 2411 3160 ﬁliis
2435 3102 2841 3166 inohedientiae,
2876 3100 3020 3156 sicut
3050 3099 3313 3167 scriptum
3346 3095 3508 3151 cst‘i

1928 3196 2037 3252 Sed
2088 3195 2350 3250 nimirum
2395 3209 2573 3264 neque
2602 3190 2879 3263 quomodo
2928 3204 3031 3244 nos
3073 3187 3332 3242 Christus
3379 3185 3506 3240 red-

1924 3288 2137 3352 emerit,
2165 3285 2538 3353 redemptique
2569 3284 2671 3352 ipsi
2705 3281 2992 3343 fuerimus,
3032 3293 3208 3348 neque
3231 3278 3509 3346 quomodo

1925 3376 2276 3431 maledictum
2308 3390 2405 3444 pro
2436 3374 2597 3427 nobis
2632 3372 2908 3428 exstiterit
2938 3409 2953 3434 ,
2989 3370 3235 3424 furiosus
3268 3371 3356 3423 ille
3389 3367 3507 3422 Ma-

1926 3466 2175 3520 nichacus
2224 3463 2516 3533 intelligit,
2551 3461 2645 3531 qui
2676 3467 2866 3528 aperto
2895 3473 2992 3512 ore
3022 3458 3194 3509 multa
3227 3455 3507 3520 eﬂutiens,

1926 3572 2047 3628 qua:
2077 3556 2213 3611 dicit
2255 3555 2490 3626 probare
2547 3567 2656 3606 non
2694 3558 2896 3621 potest.
2935 3547 3074 3601 Ecce
3120 3548 3266 3601 enim
3321 3549 3376 3597 in
3416 3560 3505 3599 se-

1927 3648 2107 3704 cundo
2142 3648 2289 3701 illius
2335 3645 2572 3698 adventu
2619 3657 2683 3697 ac
2749 3641 3099 3694 restitutione
3136 3636 3323 3689 mundi
3360 3635 3506 3690 voci-

1928 3742 2167 3797 ferentes
2210 3740 2336 3794 illos
2364 3737 2617 3791 videmus
2649 3752 2663 3789 :
2708 3732 2776 3787 In
2806 3731 3013 3785 nomine
3046 3740 3134 3783 tuo
3163 3727 3509 3792 comedimus,

1925 3843 1976 3889 et
2003 3834 2058 3887 in
2090 3832 2297 3887 nomine
2332 3839 2419 3884 tuo
2448 3826 2610 3899 700
2642 3826 2906 3881 dwmonia
2942 3824 3191 3893 ejecimus
3216 3822 3259 3875 °.
3295 3820 3509 3886 Quibus

1927 3928 2020 3981 ille
2042 3924 2395 3995 respondebit
2426 3937 2441 3975 :
2471 3919 2736 3975 Discedite
2762 3935 2792 3971 a
2816 3933 2918 3982 me,
2951 3914 3256 3969 maledicti"
3287 3931 3300 3967 :
3337 3912 3511 3966 nescia

1929 4018 2082 4072 υοεθ.
2123 4017 2237 4071 Cur
2269 4030 2395 4070 cum
2436 4028 2559 4069 eum
2600 4012 2987 4073 conllteantur,
3023 4007 3145 4077 ipse
3175 4013 3356 4059 tamen
3384 4005 3510 4059 illos

1927 4108 2289 4164 exsecratur?
2339 4105 2483 4173 Quid
2533 4115 2716 4159 autem
2770 4099 2920 4155 aliud
2971 4099 3323 4155 maledictum
3374 4097 3513 4168 legis

1928 4208 2035 4264 est,
2081 4206 2282 4269 praeter
2313 4210 2534 4252 crucem
2557 4235 2571 4259 ,
2607 4210 2732 4265 quae
2772 4201 2992 4264 propter
3020 4197 3248 4261 peccata
3279 4187 3510 4242 maledi-

1928 4297 2078 4343 ctum
2114 4286 2249 4357 legis
2278 4293 2363 4341 est
2390 4284 2572 4339 facta?
2604 4283 2817 4339 Etenim
2850 4283 2897 4336 si
2932 4282 3057 4352 quis
3085 4280 3137 4332 in
3172 4278 3375 4332 delicto
3409 4275 3514 4331 de-

1856 4409 1903 4468 D
1931 4379 2239 4450 prehensus
2265 4384 2435 4443 esset,
2484 4375 2552 4430 de
2585 4389 2651 4429 eo
2691 4374 2776 4428 lex
2812 4372 2917 4427 ista
2962 4372 3192 4440 jubcbat
3275 4366 3511 4436 Suspen-

1928 4471 2064 4526 detis
2086 4470 2239 4523 illum
2268 4469 2323 4522 in
2347 4468 2512 4539 ligno.
2550 4465 2673 4520 Non
2696 4464 2894 4519 accidet
2917 4464 3171 4533 solsuper
3194 4462 3309 4524 illo,
3340 4471 3389 4515 et
3416 4478 3510 4515 su-

1926 4579 2018 4634 per
2039 4560 2290 4616 cadavere
2327 4560 2464 4629 ejus,
2516 4559 2606 4614 sed
2644 4555 2943 4627 deponendo
2975 4555 3243 4624 deponetis
3280 4569 3419 4615 eum,
3470 4564 3520 4610 et

1928 4656 2231 4725 sepelientes
2266 4653 2524 4723 sepelietis
2565 4661 2688 4707 ante
2735 4651 2865 4707 solis
2919 4667 3207 4713 occasum,
3257 4648 3510 4718 quoniam

1929 4749 2241 4804 maledicta;
2274 4748 2443 4801 omnis
2480 4746 2571 4817 qui
2603 4744 2788 4814 pendet
2815 4747 2870 4798 in
2912 4744 3110 4813 ligno’.
3157 4742 3347 4811 Itaque
3382 4755 3516 4795 cum

1933 4840 2005 4895 ob
2056 4840 2241 4896 crucis
2300 4839 2629 4909 supplicium
2674 4836 2980 4891 constituta
3038 4834 3111 4889 sit
3171 4832 3514 4900 maledictio,

1932 4928 2186 4985 Christus
2213 4942 2378 4999 porro
2401 4927 2632 4981 veniens
2663 4926 2716 4979 in
2742 4940 2907 4979 cruce
2936 4932 3159 4995 peccata
3183 4930 3373 4977 nostra
3394 4937 3514 4978 sus-

1934 5022 2147 5087 tulerit,
2211 5035 2276 5073 ac
2328 5017 2684 5088 semetipsum
2737 5025 2929 5072 nostra
2980 5030 3148 5071 causa
3197 5014 3515 5081 tradiderit,

1935 5111 2054 5180 ejus
2086 5126 2188 5166 nos
2221 5110 2449 5180 sanguis
2493 5108 2748 5172 redemit,
2796 5108 3084 5178 ipsiusque
3110 5121 3314 5176 corpus
3353 5122 3513 5163 exse-

1936 5202 2217 5257 crationes
2249 5207 2472 5255 nostras
2501 5199 2783 5267 discussit,
2827 5216 2952 5253 cum
2991 5199 3205 5255 scilicet
3239 5199 3513 5268 paeniten-

1937 5292 2011 5344 tia
2067 5292 2255 5346 crucis
2320 5291 2666 5362 adventuque
2697 5307 2800 5347 suo
2833 5300 3057 5361 peccata
3093 5300 3282 5345 nostra
3313 5289 3515 5343 dissol-

1936 5382 2033 5436 vit.
2052 5382 2326 5448 Quocirca
2360 5399 2540 5454 neque
2562 5385 2648 5439 lex
2681 5383 3031 5438 maledictum
3064 5381 3188 5443 fuit,
3216 5397 3315 5434 nec
3334 5379 3510 5432 Evan-

1937 5471 2139 5539 gelium
2190 5473 2544 5528 maledictum
2603 5474 2868 5543 suscepit.
2903 5489 3006 5527 nec
3069 5471 3334 5524 Dominus
3390 5468 3518 5540 ipse

249 5578 551 5641 postremo,
610 5566 713 5625 sed
771 5567 966 5622 mortis
1016 5566 1165 5621 illius
1223 5566 1492 5621 benelicio
1559 5563 1827 5620 adversus
1862 5572 2085 5633 peccata
2113 5565 2413 5620 constituta
2446 5566 2642 5621 mortis
2676 5572 2763 5621 est
2794 5579 2952 5634 poena
2982 5562 3216 5619 sublata.

322 5686 520 5745 'Joan.
558 5703 604 5753 ι,
642 5684 731 5740 16.
838 5683 859 5715 ²
897 5681 1027 5753 ibid.
1063 5682 1148 5737 17.
1241 5683 1263 5753 ἒ
1300 5681 1419 5739 Gal.
1458 5699 1541 5747 ιιι,
1583 5685 1667 5739 15.

1779 5682 1845 5735 ⁸1
1886 5682 2028 5737 Petr.
2058 5697 2097 5747 ι,
2136 5683 2220 5748 i8,
2264 5684 2351 5741 i9.

2458 5686 2478 5718 ⁸
2508 5684 2708 5757 Ephcs.
2739 5700 2798 5738 ιι.
2829 5684 2883 5737 2.
3003 5683 3022 5713 ‘
3060 5680 3251 5735 Matth.
3282 5695 3380 5743 vu.
3418 5684 3508 5739 9.2.

244 5756 263 5788 ⁷
287 5759 479 5820 Matth.
511 5750 654 5825 xxv,
698 5753 790 5809 41.
868 5750 1044 5810 8Luc.
1086 5768 1213 5822 xm,
1248 5752 1334 5807 27.
1429 5754 1451 5786 ’
1488 5753 1646 5811 Deut.
1680 5769 1796 5821 ut,
1827 5752 1918 5820 2‘2,
1951 5752 2039 5808 25.
