4078 6422
169 333 273 388 157
817 337 1180 396 ADVERSUS
1220 341 1562 400 IIIERESES
1601 346 1730 400 LIB.
1774 346 1843 402 ll.
1886 346 2050 403 TOM.
2093 347 2232 403 11-
2272 344 2548 402 I‘MERES.
2589 346 2774 401 LXVI.
3346 346 3450 403 158

170 451 270 505 δύο
301 453 478 508 λεπτά
505 455 828 527 βεϐληκυίαν
856 460 1052 530 χήραν,
1099 461 1189 514 διὰ
1221 464 1318 533 τὴν
1355 468 1758 539 προειρημένην

1867 469 2098 522 divitum
2154 482 2384 522 munera
2445 467 2748 538 prohibuit,
2801 466 2894 520 sed
2956 472 3014 520 et
3057 464 3276 518 viduam
3303 464 3448 517 illam

166 543 472 613 πτωχείαν,
507 545 592 599 ἵνα
622 547 884 618 πληρωθῇ
924 549 985 602 τὸ
1008 554 1395 622 γεγραμμένον
1413 573 1426 586 ο
1453 558 1758 624 Πλούσιος

1865 561 2219 620 collaudavit,
2248 576 2369 629 qua:
2392 559 2601 612 minuta
2621 559 2972 628 duojecerat,
3007 557 3078 611 ob
3111 557 3256 609 illam
3284 572 3450 625 quam

161 636 272 690 καὶ
313 635 506 704 πένης
546 639 948 708 συνήντησαν
997 644 1327 712 ἀλλήλοις’
1362 650 1395 701 ὁ
1440 647 1508 700 δὲ
1549 649 1758 716 Κύριος

1862 651 2101 707 diximus
2164 660 2566 720 paupertatem,
2604 659 2658 704 et
2691 657 2749 703 ut
2795 650 3115 717 impleretur
3139 647 3284 716 quod
3310 649 3451 700 scri-

159 725 316 791 τοὺς
343 728 722 796 ἀμφοτέρους
759 732 1030 800 ἐποίησε.
1056 735 1167 789 Καὶ
1195 737 1278 789 ὅτι
1311 739 1408 807 μὲν
1459 738 1630 792 ταῦτα
1667 739 1760 792 οὖ·-

157 833 277 878 τως
325 817 462 890 ἔχει,
504 821 600 872 καὶ
628 821 712 873 ὅτι
753 823 815 875 τὸ
847 824 980 877 αὐτό
1008 828 1124 880 ἐστι
1166 827 1391 899 πνεῦμα
1425 830 1668 894 Παλαιᾶς
1697 848 1759 882 τε

160 910 263 960 καὶ
321 910 534 979 Καινῆς
575 913 872 984 Διαθήκης,
911 917 1012 988 ὅρα
1056 919 1147 971 τὸν
1185 920 1504 974 Ἀπόστολον
1532 922 1759 990 λέγοντα

163 998 297 1068 περὶ
331 1000 579 1070 ἀρχαίων
607 1005 906 1075 προφητῶν
929 1023 942 1036 ·
975 1008 1305 1078 Ἐπιλείψει
1327 1030 1431 1080 μοι
1463 1016 1496 1066 ό
1538 1015 1759 1081 χρόνος

165 1091 542 1160 διηγουμένῳ
558 1096 690 1164 περὶ
706 1097 960 1162 Γεδεὼν,
971 1101 1197 1169 Βαρὰκ,
1215 1104 1498 1172 Σαμψὼν,
1516 1105 1754 1174 Ἰεφθαὲ.

163 1182 368 1248 Δαϐιδ,
394 1186 494 1238 καὶ
523 1187 755 1242 λοιπῶν
794 1191 1136 1260 προφητῶν,
1169 1196 1389 1262 οἵτινες
1429 1197 1759 1265 περιῆλοον

160 1273 235 1325 ἐν
249 1277 580 1342 μηλωταῖς,
606 1279 677 1332 ἐν
703 1282 947 1350 αἰγείοις
971 1282 1225 1353 δέρμασι
1256 1289 1757 1357 κακουχούμενοι,

158 1368 738 1436 στενοχωρούμενοι,
771 1374 1130 1440 θλιϐόμενοι,
1157 1369 1247 1428 ὧν
1287 1379 1400 1430 οὐκ
1421 1375 1499 1448 ἦν
1523 1378 1695 1445 ἄξιος
1722 1381 1757 1433 δ

161 1454 420 1522 κόσμος.
445 1458 520 1509 Εὐ
530 1459 595 1528 ρή
603 1477 672 1512 κα
678 1477 778 1530 μεν
790 1462 898 1533 γὰρ
912 1464 1142 1516 Ἡσαΐαν
1154 1467 1506 1537 ἐνδεδυμένον
1527 1470 1752 1535 σάκκον,

166 1545 261 1596 καὶ
315 1545 510 1600 Ἠλίαν
553 1549 836 1614 ὡσαύτως.
887 1554 1000 1606 Καὶ
1030 1555 1164 1626 ὁρᾷς
1197 1557 1315 1620 πῶς
1351 1560 1750 1630 μακαρίζονται

165 1637 223 1687 ὲν
254 1636 471 1708 Παλαιᾷ
488 1641 581 1693 καὶ
607 1641 784 1712 Καινῇ
803 1643 1046 1717 Διαθήκῃ
1061 1648 1109 1699 ot
1130 1650 1336 1719 πτωχοὶ
1357 1650 1424 1703 δι’
1439 1652 1743 1717 εὐσέϐειαν,

164 1730 262 1783 καὶ
292 1732 696 1803 μακαρίζονται
729 1737 975 1792 πλούσιοι
1002 1741 1090 1794 διὰ
1114 1741 1481 1814 δικαιοσύνην.

236 1903 368 1963 IIA'.
403 1902 540 1963 Εἶτα
564 1909 726 1964 πάλιν
752 1910 901 1980 λέγει
933 1915 961 1966 6
989 1914 1152 1980 αὐτὸς
1180 1917 1373 1988 Μάνης
1393 1934 1408 1951 θ
1454 1919 1518 1972 Ἡ
1543 1919 1756 1975 Παλαιὰ

164 1998 435 2070 Διαθήκη,
463 2003 618 2070 φησὶ,
654 2003 867 2057 κελεύει
913 2006 1261 2071 σαϐϐατίζειν
1288 2027 1302 2041 ·
1330 2010 1426 2063 καὶ
1462 2012 1514 2065 εἴ
1540 2029 1627 2075 τις
1655 2013 1756 2067 οὐκ

163 2089 518 2157 ἐσαϐϐάτισε,
568 2091 736 2158 λίθοις
775 2096 1255 2163 κατελιθοὸολεῖτο,
1287 2100 1362 2164 ὡς
1397 2103 1491 2156 καὶ
1535 2102 1755 2174 φορτίον

165 2182 340 2248 ξύλων
363 2200 450 2246 τις
479 2183 739 2250 συλλέξας
771 2187 1068 2260 παρεδόθη.
1111 2189 1176 2245 Ἠ
1201 2191 1258 2246 δὲ
1287 2192 1465 2264 Καινὴ
1488 2193 1752 2266 Διαθήκη,

161 2274 445 2329 τουτέστιν
479 2277 508 2328 6
531 2275 734 2348 Κύριος
763 2278 820 2332 ἐν
852 2278 930 2349 τῷ
968 2280 1283 2351 Εὐαγγελίῳ
1317 2282 1452 2354 ἔφη,
1487 2284 1570 2339 ὅτι
1609 2285 1757 2354 Ἐγὼ

159 2365 502 2436 ἐργάζομαι,
542 2369 643 2421 καὶ
669 2373 702 2422 ὁ
732 2370 936 2438 Πατήρ
965 2389 1084 2441 μου
1107 2373 1428 2442 ἐργάζεται.
1463 2377 1574 2428 Καὶ
1596 2378 1654 2429 ὲν
1679 2377 1756 2447 τῷ

160 2459 434 2529 Σαϐϐάτῳ
481 2459 685 2516 ἔτιλλον
740 2462 978 2534 στάχυας
1023 2467 1070 2518 ot
1107 2465 1383 2537 μαθηταί·
1429 2467 1522 2520 καὶ
1570 2469 1627 2520 ὲν
1677 2467 1757 2538 τῷ

161 2553 431 2625 Σαϐϐάτῳ
464 2554 822 2626 ἐθεράπευσε.
847 2558 958 2611 Καὶ
982 2559 1042 2614 οὐ
1073 2559 1231 2630 μόνον
1261 2559 1442 2627 τοῦτο,
1469 2560 1606 2614 ἀλλὰ
1639 2561 1753 2615 καίο

163 2641 350 2712 Ἀρον
393 2646 506 2699 τὸν
545 2646 878 2714 κράϐϐατόν
918 2665 1056 2716 σου,
1107 2650 1209 2706 καὶ
1262 2652 1457 2722 ὕπαγε
1507 2656 1598 2718 εἰς
1653 2653 1757 2707 τὸν

161 2737 334 2792 οἶκόν
379 2753 523 2804 σου,
559 2737 734 2807 ἔλεγε.
773 2741 886 2794 Καὶ
928 2739 973 2793 ὢ
1021 2741 1223 2812 πολλῆς
1252 2745 1552 2811 ἀγνωσίαςί
1590 2746 1756 2800 Οὐδὲν

167 2828 269 2899 γάρ
301 2829 620 2901 χειρότερον
651 2832 751 2902 τῆς
778 2833 1057 2905 ἀπειρίας.
1093 2835 1330 2899 Πολλοὺς
1358 2837 1468 2909 γὰρ
1513 2837 1757 2907 ἐτύφλω-

160 2937 256 2974 σεν
296 2923 334 2991 ἡ
384 2922 650 2988 ἀγνωσία.
685 2925 823 2978 Πότε
872 2926 981 2998 γὰρ
1033 2926 1095 2979 τὸ
1129 2927 1409 2982 Σάϐϐατον
1449 2930 1542 2982 ἐπὶ
1573 2931 1752 3002 ἀγαθῇ

159 3009 442 3080 προφάσει
481 3012 544 3064 οὐ
587 3011 832 3080 λέλυται;
870 3015 1006 3068 Πότε
1059 3017 1114 3072 δὲ
1154 3019 1255 3072 οὐκ
1299 3018 1598 3091 ὲδεσμεύθη
1647 3022 1758 3075 ἀπὸ

160 3103 436 3173 πονηρίας
466 3104 527 3157 οὐ
570 3106 730 3175 μόνον
762 3106 822 3159 τὸ
857 3107 1164 3172 Σάϐϐατον,
1187 3109 1322 3162 ἀλλὰ
1357 3112 1506 3164 πᾶσα
1535 3111 1751 3184 ήμέρα;

177 3195 394 3263 Ἰησοῦς
419 3196 526 3268 γὰρ
551 3200 580 3251 6
613 3199 709 3253 τοῦ
738 3200 916 3271 Ναυῆ,
944 3201 974 3252 6
1007 3201 1252 3274 διάδοχος
1288 3176 1593 3268 Μωῠσέως,
1625 3176 1663 3258 ὁ.
1700 3176 1759 3260 ὲν
1786 3176 1828 3230 C

170 3289 488 3358 προφήταις
520 3292 1026 3362 κατηριθμημένος,
1063 3297 1091 3348 6
1122 3295 1379 3360 ἐκλεκτὸς
1420 3297 1574 3366 ποιρά
1615 3297 1756 3368 Θεῷ,

167 3379 202 3432 6
241 3379 313 3433 δι’
340 3380 502 3451 εὐχῆς
526 3383 814 3455 κατασχὼν
846 3385 939 3438 τὸν
965 3385 1117 3456 ἥλιον
1149 3387 1246 3440 καὶ
1273 3387 1372 3458 τὴν
1403 3388 1654 3460 σελήνην,
1681 3389 1758 3453 ὡς

161 3468 274 3538 εφη
295 3486 310 3498 ο
339 3470 540 3539 Στήτω
565 3477 598 3526 ό
631 3473 804 3542 ἥλιος
840 3476 993 3530 κατὰ
1019 3476 1291 3544 Γαϐαὼν,
1317 3478 1416 3531 καὶ
1449 3479 1486 3546 ἠ
1517 3478 1754 3548 σελήνη

155 3561 320 3616 κατὰ
362 3560 638 3633 φάραγγα
682 3566 868 3633 Ἰάλω,
891 3569 1056 3633 εὐθὺς
1097 3570 1411 3642 εὑρίσκεται
1443 3572 1507 3625 τὸ
1533 3573 1751 3626 Σάϐϐα-

157 3670 255 3706 τον
287 3652 437 3706 λύων
484 3655 578 3708 ἐπὶ
616 3656 975 3732 ἀγαθοεργίᾳ.
1036 3661 1163 3714 Ἐπὶ
1199 3661 1339 3719 ἑπτὰ
1386 3663 1602 3735 ἡμέρας
1645 3664 1754 3737 γὰρ

160 3747 361 3803 κυκλοῖ
389 3748 458 3801 τά
497 3750 652 3821 τείχη
693 3752 906 3824 Ἰεριχῶ
932 3755 960 3806 6
996 3753 1230 3824 Ἰησοῦς·
1266 3755 1349 3808 ὅτι
1375 3757 1478 3809 οὐκ
1500 3755 1626 3827 ὲξῆν
1662 3757 1758 3828 βα·-

159 3841 331 3904 δίζειν
352 3842 413 3893 ὲν
433 3842 701 3896 σάϐϐασιν
723 3844 864 3915 ὑπὲρ
884 3845 944 3898 τὸ
969 3846 1166 3916 μέτρον
1183 3845 1291 3900 τῶν
1308 3845 1369 3912 ἐξ
1391 3847 1618 3900 σταδίων
1636 3849 1751 3919 (⁸57)

154 3933 272 3986 τῶν
302 3933 651 4004 ὡρισμένων.
688 3936 762 3989 Τὸ
794 3936 851 3992 δὲ
877 3937 1212 4008 περίμετρον
1237 3941 1336 4009 τῆς
1379 3939 1592 4012 Ἱεριχῶ
1620 3941 1759 4012 ὑπὲρ

157 4027 421 4090 σταδίους
452 4028 622 4081 εἴκοσι
653 4029 934 4098 τυγχάνει.
981 4031 1106 4084 Ἐπὶ
1140 4029 1284 4084 ἑπτὰ
1323 4031 1379 4085 δὲ
1407 4032 1622 4102 ἡμέρας
1666 4050 1762 4085 κυ-

154 4117 500 4171 κλωσάντων
523 4119 722 4184 αὐτῶν,
749 4121 966 4184 πάντως
993 4123 1367 4177 ᾱιὺπέπιπτε
1391 4126 1452 4177 τὸ
1482 4126 1760 4180 Σάεὸατον

156 4212 221 4266 ιν
253 4211 359 4280 μιᾷ
391 4210 499 4264 τῶν
526 4211 773 4282 ἡμερῶν.
805 4209 914 4268 Ἦν
942 4214 999 4267 δὲ
1042 4214 1204 4268 τοῦτο
1238 4217 1572 4287 πρόσταγμα
1598 4217 1757 4281 Θεοῦ,

243 4387 262 4417 ¹
307 4384 476 4442 Hebr.
512 4403 590 4452 ιι,
619 4387 689 4442 5‘2
718 4403 844 4458 sqq.
918 4391 940 4421 ⁸
968 4386 1132 4444 Num.
1166 4405 1283 4455 XIII,
1305 4389 1395 4444 '52.

1863 753 2012 814 ptum
2041 751 2162 798 est:
2197 742 2350 796 Dives
2380 751 2427 794 et
2460 757 2662 808 pauper
2693 749 3037 793 occurrerunt
3073 740 3314 801 invicem,
3350 738 3456 791 Do-

1863 833 2033 885 minus
2061 841 2236 884 autem
2273 830 2456 883 ambos
2489 830 2634 898 fecit.
2675 829 2855 898 Atque
2903 838 2962 882 ut
2991 830 3267 897 intelligas
3295 845 3454 882 CIIII)-

1860 921 1981 976 dem
2008 937 2131 976 esse
2158 922 2363 975 Veteris
2393 935 2458 974 ac
2490 919 2626 972 Novi
2650 917 2986 973 Testamenti
3025 919 3302 986 spiritum,
3329 917 3455 971 vide

1857 1013 1988 1082 quid
2023 1014 2318 1082 Apostolus
2366 1011 2434 1065 de
2477 1011 2753 1065 veteribus
2813 1009 3094 1078 prophetis
3143 1009 3450 1078 scripserit:

1862 1103 2075 1170 Deﬁciet
2127 1119 2208 1156 me
2261 1112 2484 1170 tempus,
2546 1101 2747 1170 inquit,
2776 1109 3083 1153 narrantem
3116 1101 3179 1152 de
3222 1098 3452 1162 Gedeon,

1859 1195 2058 1258 Barac,
2093 1194 2345 1256 Samson,
2376 1192 2583 1261 Jepltte,
2614 1191 2810 1256 David,
2839 1209 2902 1245 ac
2929 1192 3133 1245 ueteris
3163 1190 3451 1259 prophetis,

1857 1285 1946 1354 qui
1995 1284 2313 1336 circuierunt
2357 1299 2413 1335 ιη
2477 1281 2725 1344 metatis,
2784 1282 2838 1334 in
2891 1279 3113 1348 pellibus
3167 1279 3400 1348 caprinis
3436 1319 3452 1343 ,

1858 1376 2056 1445 aﬂlicti,
2113 1375 2425 1445 angustiati,
2480 1374 2674 1437 vexati,
2717 1373 2904 1442 quibus
2940 1373 3130 1441 dignus
3184 1389 3286 1426 non
3339 1379 3453 1424 erat

1857 1468 2088 1521 mundus
2125 1469 2168 1520 ¹.
2204 1467 2482 1537 Siquidem
2518 1476 2571 1520 et
2599 1465 2794 1518 Isaiam
2852 1472 2905 1518 et
2949 1465 3110 1536 702
3145 1463 3314 1516 Eliam
3333 1463 3454 1517 cili-

1857 1560 2002 1612 cium
2037 1558 2286 1613 induisse
2337 1557 2593 1626 legimus.
2648 1556 3056 1610 Animadvertis
3095 1555 3332 1623 denique
3367 1553 3446 1606 uti

1859 1657 1968 1703 tam
1995 1652 2050 1704 in
2075 1648 2272 1705 Vetere
2307 1664 2466 1719 quam
2523 1649 2580 1703 in
2608 1647 2761 1703 Novo
2795 1647 3145 1702 Testamento
3171 1654 3225 1700 et
3248 1660 3454 1716 paupe-

1860 1760 1948 1797 res
1978 1743 2198 1812 pietatis
2221 1756 2284 1796 ac
2314 1741 2615 1811 religionis,
2655 1747 2711 1795 et
2751 1739 2952 1793 divites
2975 1739 3204 1807 justitize
3231 1737 3451 1791 nomine

1792 1816 1831 1870 Β
1865 1834 2009 1889 beati
2041 1848 2164 1888 esse
2190 1833 2468 1886 dicantur.

1933 1925 2168 1980 LXXXI.
2202 1924 2442 1980 Rursum
2494 1939 2627 1978 vero
2658 1922 2994 1977 Mauichaeus
3030 1921 3221 1986 instat,
3261 1927 3314 1974 et
3347 1919 3450 1975 ob—

1859 2020 1984 2090 jicit
2032 2033 2047 2068 :
2100 2016 2273 2072 Vetus
2318 2015 2732 2072 Testamentum
2796 2013 3098 2068 Sabbatum
3166 2013 3452 2067 observari

1861 2111 2074 2181 jubere.
2105 2106 2260 2174 Quod
2292 2106 2337 2162 si
2369 2106 2493 2176 quis
2528 2122 2638 2158 non
2672 2105 2913 2167 fecisset,
2948 2103 3223 2172 lapidibus
3256 2103 3453 2156 obrue-

1864 2205 2072 2268 batur;
2102 2217 2213 2270 quo
2244 2199 2517 2268 supplicio
2553 2198 2644 2253 ille
2673 2207 2758 2252 est
2783 2196 3011 2251 allectus
3043 2197 3134 2265 qui
3176 2195 3448 2265 lignorum

1864 2295 2191 2350 fasciculum
2250 2292 2633 2362 collegerat‘.
2673 2289 2878 2345 Contra
2936 2289 2990 2342 in
3047 2287 3200 2342 Novo
3255 2286 3450 2340 Testa-

1864 2395 2069 2450 mento,
2102 2384 2217 2438 sive
2249 2382 2541 2452 Evangelia
2561 2381 2828 2436 Dominus
2860 2381 2936 2434 ait
2974 2400 2986 2434 :
3021 2378 3127 2450 Ego
3163 2396 3368 2449 operor,
3401 2388 3452 2433 et

1869 2477 2030 2531 Pater
2053 2491 2197 2530 meus
2238 2485 2488 2544 operatur
2517 2474 2558 2527 ³.
2590 2474 2766 2542 Atque
2785 2473 2950 2527 etiam
2995 2470 3233 2526 Sabbato
3265 2471 3452 2541 spicas

1863 2569 2079 2623 vulsere
2123 2566 2457 2636 discipuli‘.
2511 2563 2714 2618 Eodem
2799 2563 3042 2617 Sabbato
3108 2578 3215 2616 non
3276 2562 3451 2618 solum

1862 2676 2038 2730 azgros
2064 2659 2298 2722 curavit,
2324 2657 2420 2711 sed
2444 2668 2496 2710 et
2523 2657 2653 2710 illud
2684 2655 2940 2725 przecepil
2969 2653 3148 2709 :Tolle
3169 2654 3450 2724 grabatum

1862 2762 2031 2816 luunt,
2082 2757 2131 2803 et
2171 2749 2300 2802 vade
2357 2749 2413 2800 in
2461 2749 2678 2800 domum
2710 2755 2858 2798 tuam
2892 2744 2936 2798 ⁸.
2984 2741 3028 2798 O
3077 2743 3449 2798 incredibilem

1862 2841 2141 2896 inscitiam
2171 2841 2184 2893 ι
2238 2837 2384 2892 Nihil
2431 2838 2575 2892 enim
2607 2837 2884 2908 imperitia
2927 2835 3169 2890 deterius
3191 2842 3296 2898 est,
3331 2849 3453 2903 qua:

1863 2933 2130 3003 plurimos
2162 2929 2484 2985 obcaacavit.
2529 2929 2650 2996 Quo
2681 2927 2825 2983 enim
2865 2935 3109 2997 tempore
3152 2925 3450 2980 Sabbatum

1863 3041 1972 3079 non
2008 3023 2164 3078 licuit
2205 3021 2439 3077 honesta
2480 3021 2549 3076 de
2587 3036 2758 3076 causa
2796 3020 3140 3076 dissolvere?
3169 3019 3289 3085 Quo
3323 3034 3453 3073 vero

1863 3123 2133 3185 tempore,
2166 3113 2315 3182 quod
2346 3127 2411 3166 ac
2443 3112 2627 3167 scelus
2657 3126 2722 3166 ac
2748 3110 3052 3182 nequitiam
3086 3108 3305 3174 attinet,
3341 3123 3452 3163 non

1861 3217 1946 3262 est
1975 3206 2240 3276 religione
2262 3203 2651 3268 constrictum,
2680 3219 2793 3258 non
2826 3203 2992 3258 modo
3008 3202 3331 3267 Sabbatum,
3355 3201 3452 3257 sed

1860 3309 1916 3356 et
1944 3299 2204 3369 quaelibet
2226 3297 2346 3351 dies
2366 3297 2388 3349 ‘2
2412 3295 2576 3350 Jesus
2595 3296 2686 3349 ille
2727 3293 2876 3348 Nave
2905 3293 3053 3348 ﬁlius
3084 3291 3287 3362 Moysis
3327 3305 3454 3345 suc-

1861 3405 2076 3455 cessor,
2109 3387 2204 3458 qui
2238 3387 2384 3441 inter
2413 3385 2714 3455 prophetas
2747 3393 3090 3446 numeratur,
3129 3383 3222 3452 qui
3265 3398 3296 3436 a
3342 3381 3454 3436 Deo

1859 3480 2096 3535 dilectus
2129 3485 2238 3545 est,
2267 3477 2361 3546 qui
2389 3477 2525 3531 solis
2558 3491 2622 3530 ac
2653 3476 2798 3529 luna:
2821 3489 3046 3529 cursum
3075 3474 3326 3526 oratione
3352 3487 3452 3526 sua

1859 3579 2106 3628 moratus
2134 3579 2239 3634 est,
2256 3583 2380 3624 cum
2401 3569 2474 3622 ita
2496 3574 2853 3638 precaretur:
2881 3564 2992 3620 Stet
3012 3564 3092 3619 sol
3121 3563 3188 3617 ad
3207 3563 3450 3629 Gabaon,

1857 3674 1908 3719 et
1934 3665 2065 3718 luna
2110 3663 2180 3717 ad
2213 3661 2502 3716 convallem
2533 3659 2660 3714 Jalo
2685 3660 2727 3727 ⁸,
2791 3659 2882 3714 hic
2920 3658 3086 3730 igitur
3151 3656 3461 3713 Sahhatum.

1861 3756 1990 3812 boni
2019 3756 2206 3827 operis
2241 3753 2534 3810 exercendi
2575 3767 2746 3807 causa
2791 3752 3029 3807 solvisse
3061 3751 3286 3821 legitur,
3326 3765 3463 3804 cum.

1864 3859 2074 3920 septem
2118 3858 2265 3904 totos
2331 3848 2451 3903 dies
2483 3845 2865 3901 Hierichuntis
2907 3845 3113 3901 muenia
3156 3844 3453 3899 circumiit.

1863 3941 1984 3996 Non
2042 3942 2192 3997 enim
2242 3941 2501 3996 Sabbatis
2529 3940 2729 3995 licebat
2771 3939 2912 3994 ultra
2942 3938 3328 4009 praescriptum
3358 3952 3454 3992 sex

1867 4033 2171 4088 stadiorum
2218 4029 2441 4086 modum
2486 4030 2820 4085 ambulando
2863 4045 3112 4100 pergere.
3164 4029 3234 4081 At
3280 4027 3455 4082 Hieri-

1868 4126 2092 4181 chuntis
2129 4125 2373 4180 ambitus
2406 4122 2602 4194 viginti
2639 4122 2834 4178 stadiis
2880 4121 3116 4190 amplior
3148 4128 3253 4175 est.
3275 4117 3455 4185 Quare

1867 4233 1993 4274 cum
2019 4224 2230 4288 septem
2256 4216 2451 4272 diebus
2483 4214 2675 4270 urbem
2702 4213 3086 4278 circumirent,
3121 4226 3348 4266 necesse
3370 4216 3466 4268 est

1473 4391 1495 4422 ³
1517 4390 1679 4446 Joan.
1713 4408 1767 4458 v,
1798 4391 1884 4444 17.
1962 4392 1986 4424 κ
2017 4391 2152 4446 Luc.
2186 4405 2264 4452 v1,
2298 4390 2349 4444 1.
2425 4391 2448 4421 ⁸
2479 4388 2644 4444 Joan.
2674 4405 2731 4454 v,
2759 4389 2814 4443 8.
2892 4390 2912 4420 ⁶
2954 4389 3071 4444 Jos.
3103 4387 3274 4454 1,12.

242 4567 364 4637 (57)
408 4567 594 4640 κ’Υπὲρ
618 4566 686 4640 t6
702 4566 926 4640 μέτρον
951 4565 1070 4620 τῶν
1090 4565 1160 4630 ἓξ
1177 4567 1478 4640 σταδίωνη
1501 4568 1758 4640 Hierony-

1879 4572 2079 4626 vallum
2122 4569 2246 4632 fuit,
2291 4577 2351 4624 ut
2399 4566 2674 4638 Iosephus
2719 4567 2813 4640 lib.
2844 4584 2943 4640 xx,
2971 4581 3092 4640 cap.
3127 4565 3161 4621 6
3201 4571 3466 4640 testatur,

163 4653 299 4710 [nuis
329 4639 495 4706 epist.
523 4639 589 4691 15
619 4637 1024 4710 αά-Αιιμιδὶαηι,
1052 4654 1148 4706 qu.
1188 4638 1278 4710 10,
1319 4640 1424 4692 iter
1457 4638 1680 4694 Sabbati
1705 4637 1772 4694 ex
1878 4643 2002 4696 Ideo
2035 4643 2158 4694 Act.
2192 4656 2293 4710 cap

165 4708 534 4762 Hebraeorum
579 4707 874 4761 traditione
900 4708 1116 4762 duobus
1160 4709 1356 4777 pedum
1396 4709 1638 4764 millibus
1677 4711 1774 4764 dc-

2302 4683 2311 4694 .
2349 4657 2387 4700 ι,
2421 4655 2564 4693 com.
2600 4641 2686 4703 12,
2726 4637 2950 4692 Sabbati
2991 4639 3096 4692 iter
3130 4638 3454 4708 appellatur.

1873 4713 2030 4782 Apud
2064 4708 2424 4766 Columellam
2468 4711 2633 4780 paulo
2661 4709 2838 4782 major
2864 4723 2949 4782 est
2977 4724 3233 4782 mensura
3259 4708 3418 4762 stadii
3437 4725 3468 4772 ;_

170 4781 314 4831 linit.
353 4777 563 4833 Hebraei
603 4793 733 4850 vero
779 4778 1028 4847 magistri
1083 4778 1192 4850 duo
1245 4780 1558 4850 cubitorum
1599 4780 1768 4850 millia
1872 4777 1998 4836 nam
2031 4783 2170 4835 libro
2195 4798 2250 4842 v,
2282 4798 2402 4850 cap.
2446 4777 2498 4844 7⁷,
2531 4790 2711 4834 actum
2741 4779 2927 4834 deﬁnit
2954 4779 3152 4848 pedum
3184 4794 3304 4832 esse
3327 4793 3468 4850 cxx;

166 4849 547 4922 constituunt,
571 4847 724 4922 quod
752 4855 810 4922 et
833 4851 1039 4922 certius
1063 4849 1306 4922 videtur.
1335 4848 1469 4903 Nam
1508 4853 1580 4904 ita
1604 4849 1768 4922 docet
1866 4853 2125 4922 jugerum
2151 4867 2282 4906 vero
2313 4847 2452 4906 duos
2482 4861 2639 4905 actus
2686 4847 2991 4922 continere,
3026 4855 3081 4902 et
3108 4864 3233 4904 esse
3256 4849 3460 4917 pedum

169 4918 323 4974 Elias
354 4920 409 4972 in
436 4919 614 4973 Thisbi
648 4919 916 4972 vocabulo
945 4927 1114 4980 tamn.
1138 4919 1310 4987 Cujus
1369 4921 1574 4975 moduli
1629 4921 1762 4975 deli-

164 4990 315 5060 nitio
369 5005 437 5044 ex
501 5005 621 5058 cap.
673 4989 841 5060 ljlxod.
877 5003 991 5056 χιιι,
1030 4990 1136 5060 -12,
1189 4998 1244 5044 et
1291 4991 1640 5060 potissimum
1695 5009 1761 5046 ex

164 5059 344 5143 Iosue
374 5076 638 5143 quenum.
670 5059 977 5143 Lipetitur.
1001 5058 1132 5142 .Ubi
1177 5058 1320 5143 inter
1353 5062 1550 5114 Arcam
1583 5069 1636 5116 et
1667 5079 1762 5143 po-

170 5130 369 5200 pulum
388 5131 626 5200 totidem
657 5130 966 5200 cubitorum
1001 5131 1351 5184 intervallum
1395 5147 1519 5187 esse
1569 5130 1762 5200 praéci-

173 5202 348 5272 pitur.
386 5199 454 5254 Ut
483 5200 754 5272 nimirum_
773 5215 855 5272 cog
875 5199 1100 5272 sabbati
1139 5201 1228 5272 die
1262 5201 1451 5256 liceret
1476 5199 1759 5272 accedere,

185 5268 246 5324 ut
295 5272 691 5342 interpretatur
723 5269 789 5323 Β.
824 5268 1103 5324 Selomoh.
1156 5270 1276 5342 .Iam
1329 5271 1550 5326 cubitus
1572 5290 1638 5329 ex
1670 5271 1761 5325 Vi-

181 5343 370 5395 truvio
417 5340 510 5396 lib.
568 5356 651 5406 ιιι,
699 5356 820 5409 cap.
875 5342 927 5405 1,
981 5340 1307 5410 sesquipede
1365 5350 1614 5407 constat;
1646 5345 1762 5397 sive

1868 4919 2005 4990 exi;
2045 4923 2437 4992 semijugerum
2477 4929 2659 4974 autem
2699 4937 2730 4973 a
2777 4919 2950 4974 Gallis
3005 4934 3312 4992 arepennem
3361 4935 3452 4972 voo

1862 4995 2014 5059 cari;
2047 4991 2285 5047 stadium
2318 4992 2556 5060 denique
2583 5006 2779 5059 passus
2807 4991 3008 5045 habere
3036 5004 3200 5055 αχεν,
3234 4991 3337 5042 hoc
3361 4996 3455 5044 est

1862 5065 2026 5132 pedes
2057 5079 2251 5118 Dcxxv.
2285 5062 2491 5116 Passus
2523 5063 2671 5132 enim,
2707 5061 2890 5130 quinis
2930 5060 3162 5132 pedibus
3206 5068 3450 5132 constat.

1865 5129 2019 5188 Unde
2053 5135 2197 5187 mille
2232 5130 2639 5202 passusﬁpedes
2663 5129 2864 5186 habent
2885 5146 2978 5184 vu.
3005 5129 3308 5202 Gregorius
3326 5143 3469 5183 vero

1863 5203 2213 5258 Turonensis
2236 5201 2332 5258 lib.
2371 5218 2388 5256 ι
2421 5201 2591 5265 Ηίδι.,
2618 5217 2742 5271 cap.
2777 5202 2832 5264 6,
2867 5216 3173 5269 arepennes
3219 5201 3311 5253 uni
3339 5209 3455 5254 sta-

1861 5275 1954 5328 dio
1993 5275 2259 5328 tribuitv.
2303 5273 2420 5339 Qua
2463 5270 2694 5326 ratione
2727 5273 2781 5326 in
2823 5287 3151 5340 arepennem
3183 5270 3457 5324 Lxxxim-

1878 5345 2103 5413 putandi
2134 5353 2262 5400 sunt
2300 5342 2494 5404 cubiti,
2532 5343 2646 5396 sive
2685 5342 2847 5411 pedes
2869 5357 2996 5404 cxx,
3021 5347 3154 5411 quot
3183 5357 3212 5393 a
3241 5341 3456 5413 Colum.

179 5412 377 5481 palmis
397 5429 449 5467 Vl
485 5412 589 5465 hoc
631 5424 716 5466 est
746 5408 932 5483 digitis
986 5408 1114 5465 XXIv
1144 5408 1506 5483 {Herodotus
1551 5414 1602 5466 in
1652 5413 1770 5467 Clio
1873 5408 2214 5483 tribuuntur.
2271 5415 2345 5467 lta
2400 5413 2588 5483 quinta
2640 5408 2793 5481 parte
2822 5413 2999 5481 major
3024 5408 3128 5465 erit
3167 5408 3458 5478 arepennis

182 5483 423 5535 stadium
460 5499 512 5536 vr
571 5497 695 5553 esse
749 5482 1004 5548 jugerum
1036 5482 1253 5545 scribit,
1301 5482 1356 5553 id
1397 5491 1481 5537 est
1518 5483 1757 5553 ὀργυιῶν

1872 5482 2133 5538 Herodoti
2171 5485 2380 5552 plethro
2409 5482 2424 5546 ,ί
2455 5483 2598 5553 quod
2630 5483 2885 5552 jugerum
2932 5482 3449 5553 plerique‘vertuut.

179 5561 434 5620 rentum;
471 5552 700 5623 ὁργυιάν
735 5547 940 5625 pedum
974 5566 1046 5616 vi,
1073 5553 1188 5607 sive
1223 5547 1656 5625 cubitorum'iv.
1689 5553 1767 5608 Ex
1872 5554 1980 5625 Sed
2011 5555 2079 5609 de
2109 5547 2344 5625 πλέορου
2395 5547 2658 5609 varietate
2693 5547 3046 5625 totaqueliac
3079 5547 3337 5625 metiendi
3365 5563 3453 5599 ra—

179 5619 817 5696 quosequiturinstadio
843 5619 1006 5696 pedes
1034 5623 1769 5696 essenc,_cubitoscn.Unde
1869 5624 2018 5696 tione
2073 5619 2324 5694 pluribus
2380 5640 2562 5696 agere,
2619 5639 2798 5694 neque
2827 5619 2946 5677 ’otii
3007 5619 3178 5675 nostri
3216 5625 3321 5682 est,
3351 5631 3460 5672 nco

179 5709 255 5748 ll
275 5695 742 5758 cubitorum,sive
757 5693 958 5760 pedum
980 5707 1095 5745 una
1126 5693 1319 5761 stadiis
1349 5709 1379 5746 v
1411 5696 1763 5761 respondent:

181 5773 446 5836 quantum
478 5767 620 5824 inter
639 5761 1028 5832 Hierosolyma
1050 5770 1104 5818 et
1120 5760 1315 5820 Olivcti
1339 5760 1578 5821 montem
1595 5765 1764 5822 inter—

1868 5695 2124 5750 instituti.
