4078 6402
185 393 290 449 165

864 390 1234 449 ADVERSUS
1264 388 1607 447 HIERESES
1643 387 1771 442 LIB.
1813 383 1877 440 ll.
1919 382 2083 442 TOM.
2125 384 2190 442 11.
2228 415 2301 430 -
2338 384 2615 444 HIERES.
2658 386 2845 444 LXVI.

3368 384 3472 440 166

183 510 386 580 γέγονε
413 509 528 582 γὰρ
550 510 612 564 τδ
634 510 912 566 Σάϐϐατον
931 510 1043 582 (48)
1071 514 1150 576 είς
1174 509 1512 576 ἀπόκλεισιν,
1542 508 1677 562 ἀλλά
1707 509 1786 570 είς

1891 505 2116 561 ardebat
2140 510 2183 560 ².
2218 504 2429 562 Etenim
2472 506 2767 561 Sabbatmn
2827 520 2938 561 non
2983 505 3049 560 ad
3091 503 3469 560 intercluden-

183 601 355 670 ἔργον
389 602 618 670 ἀγαθόν.
652 602 898 674 Μηδενὸς
924 601 982 655 δὲ
1011 602 1147 666 ὅλως
1176 599 1546 672 ἐργαζομένου
1582 599 1640 650 ὲν
1664 599 1786 660 ταῖς

184 690 409 771 δώδεκα
434 691 658 761 φυλαῖς,
703 692 865 763 μόνον
917 693 978 745 τὸ
1033 693 1421 765 θυσιαστήριον
1463 691 1564 744 οὐκ
1602 689 1784 760 ἧργει,

181 783 381 849 καθὼς
419 785 573 850 λέγει
603 787 632 839 ὀ
672 784 878 857 Κύριος
915 787 972 838 ὲν
1001 783 1077 855 τῷ
1102 784 1426 855 Εὐαγγελίῳ
1448 802 1461 815 ·
1500 785 1564 837 οι
1612 780 1786 850 ἱερεῖς

182 872 366 942 ὑμῶν
379 873 726 941 βεϐηλοῦσι
765 874 832 928 τὸ
860 873 1163 930 Σάϐϐατπ
1192 876 1263 929 ἐν
1291 871 1370 940 τῷ
1398 871 1546 939 ναῷ,
1581 874 1680 926 καί
1704 873 1784 924 el-

189 980 303 1018 σιν
356 966 639 1020 ἀναίτιοι.
673 965 749 1019 Τὺ
795 967 871 1029 δὲ,
906 966 1194 1039 βεϐηλοῦσι
1218 965 1281 1020 τὸ
1317 965 1613 1029 Σάϐϐατον,
1641 962 1787 1016 τοῦτ’

193 1056 312 1110 ἐστι
346 1056 558 1111 λύουσι.
602 1058 804 1113 Λύουσι
837 1059 894 1113 δὲ
926 1060 1065 1127 πῶς,
1104 1060 1219 1114 ἀλλ’
1249 1059 1282 1132 ἢ
1320 1059 1511 1112 θυσίαν
1549 1053 1788 1129 προσφέρ-

195 1166 393 1220 Ροντες
414 1149 494 1219 τῷ
522 1148 665 1221 Θεῷ,
695 1151 782 1204 ἴνα
819 1150 893 1222 μὴ
920 1153 1140 1225 ἀργήσῃ
1166 1151 1226 1204 τὸ
1264 1149 1677 1220 θυσιαστήριον;
1709 1144 1784 1198 Οὐ

197 1239 369 1310 μόνον
397 1239 453 1292 δὲ
478 1239 657 1305 τοῦτο,
692 1240 828 1295 ἀλλά
854 1242 949 1295 καὶ
979 1242 1130 1313 ἥλιος
1167 1240 1447 1295 ἀνατέλλει
1484 1239 1577 1292 καὶ
1614 1237 1783 1300 δύνει,

190 1327 291 1378 καὶ
324 1326 521 1399 σελήνη
554 1327 708 1392 αὔξει
736 1328 831 1381 καὶ
863 1329 1060 1396 φθίνει,
1091 1329 1187 1383 καὶ
1210 1329 1399 1400 ἄνεμοι
1421 1328 1661 1390 πνέουσι,
1691 1328 1786 1381 καὶ⁵

188 1419 406 1489 καρποὶ
433 1417 811 1487 βλαστάνουσι,
842 1420 935 1472 καὶ
961 1420 1195 1491 μητέρες
1213 1419 1464 1488 γεννῶσι,
1487 1418 1582 1473 καὶ
1609 1418 1787 1472 πάντα

199 1510 420 1579 γίνεται
448 1511 508 1565 ὲν
536 1512 824 1584 Σαϐϐάτῳ.
856 1512 954 1567 Διά
984 1511 1142 1565 τοῦτο
1187 1512 1281 1566 καὶ
1309 1513 1338 1565 6
1380 1511 1587 1583 Κύριος
1617 1510 1786 1564 ἐλθὼν

195 1604 302 1657 οὐκ
333 1604 719 1657 ὲτεκτόνευσεν
749 1606 808 1658 ὲν
852 1604 1137 1675 Σαϐϐάτῳ,
1185 1604 1287 1657 οὐκ
1320 1602 1671 1674 ὲχάλκευσεν,
1723 1600 1784 1656 οὗ

193 1716 258 1751 τι
286 1699 508 1771 ἕτερον·
549 1699 687 1755 ἀλλά
711 1700 843 1764 Θεὸς
869 1700 944 1753 ὣν
978 1700 1113 1754 Θεοῦ
1141 1699 1300 1772 ἔργον
1330 1698 1644 1771 εἰργάσατο.
1677 1697 1787 1751 Καί

194 1808 372 1862 φησιο
403 1788 594 1860 Ἀρον
618 1792 728 1847 τὸν
760 1793 1095 1861 κράϐϐατόν
1126 1808 1264 1856 σου,
1298 1793 1399 1847 καὶ
1439 1792 1747 1861 περιπάτει
1766 1808 1780 1822 ’

314 1882 430 1935 ἀπὸ
475 1883 570 1936 τοῦ
601 1859 964 1954 βαστάζοντος
1009 1886 1151 1957 φανῇ
1184 1883 1247 1938 τὸ
1277 1882 1440 1955 ἔργον
1569 1883 1787 1954 γινόμε-
1816 1859 1858 1914 Β

196 1991 315 2040 νον,
366 1974 456 2027 ἵνα
500 1976 703 2039 πάντες
734 1974 1128 2045 ὲπιγνώσονται
1174 1974 1266 2029 τὸν
1299 1976 1396 2030 ἀπ’
1442 1974 1674 2046 οὐρανοῦ
1701 1974 1797 2028 ἑλέ

192 2064 361 2119 θόντα
396 2067 530 2137 πρὸς
568 2066 821 2138 βοήθειαν
855 2069 994 2132 υἱοῖς
1020 2067 1131 2122 τῶν
1160 2067 1488 2141 ἀνθρώπων.
1521 2070 1633 2122 Καὶ
1676 2068 1787 2140 γὰρ

192 2155 274 2227 τῷ
308 2157 414 2227 μὲν
439 2157 554 2211 ὄντι
575 2155 707 2230 ἦλθε
727 2159 890 2215 λῦσαι
918 2161 979 2216 τὸ
1007 2161 1287 2217 Σάϐϐατον
1305 2178 1321 2195 ⁸
1352 2163 1452 2217 οὐκ
1476 2162 1709 2231 ἠδύνατο
1729 2162 1787 2215 δὲ

191 2245 362 2300 λῦσαι
389 2248 543 2313 αὐτὸ,
572 2252 621 2303 εί
650 2250 932 2323 ἀλλότριον
960 2252 1125 2307 αὐτοῦ
1161 2253 1425 2325 ὑπῆρχεν.
1459 2254 1649 2318 Οὐδεὶς
1678 2252 1787 2325 γὰρ

189 2339 484 2411 ἀλλότριον
504 2341 620 2396 λύει
642 2342 825 2416 ἔργον,
854 2346 902 2399 εἰ
931 2346 1062 2417 μήτι
1082 2345 1150 2400 ἂν
1175 2346 1467 2418 ὲκλήπτωρ
1490 2344 1788 2415 ἀλλοτρίων

187 2433 221 2485 6
248 2432 502 2497 τοιοῦτος
530 2435 776 2506 γένηται,
805 2437 900 2490 καὶ
931 2436 1208 2510 ἀλλότριος
1234 2438 1531 2501 ἐπίσκοπος
1557 2438 1599 2502 ί,
1632 2436 1788 2501 δίκας

188 2523 401 2578 ἑαυτοῦ
417 2525 908 2599 ἐξαγοραζόμενος.
929 2529 1152 2602 Ἐπειδὴ
1170 2530 1227 2583 δὲ
1246 2528 1378 2583 ἴδιον
1396 2529 1561 2583 αὐτοῦ
1574 2530 1788 2602 ὑπῆρχε

196 2616 262 2671 τὸ
288 2617 595 2684 Σάδὸατον,
634 2619 722 2673 διὰ
764 2620 923 2674 τοῦτο
963 2621 1131 2690 λέγει,
1175 2622 1257 2675 ὄτι
1297 2622 1515 2692 Κύριός
1553 2623 1730 2677 ἐστιν
1756 2625 1790 2678 ό

212 2709 355 2776 Υἱὸς
387 2709 498 2764 τοῦ
530 2711 842 2782 ἀνθρώπου
869 2712 971 2766 καὶ
997 2713 1104 2768 τοῦ
1131 2715 1457 2771 Σαϐϐάτου.
1481 2715 1592 2771 Καί
1621 2732 1754 2786 φησι
1770 2731 1787 2749 ο

201 2804 332 2871 οὐχ
359 2805 395 2856 ὁ
414 2801 726 2870 ἅνθρωπος
744 2804 842 2860 διὰ
862 2805 927 2859 τὸ
962 2806 1270 2860 Σάϐϐατοιν
1285 2806 1791 2877 Terea-neat,de

189 2893 265 2947 τὸ
301 2892 615 2949 Σάϐϐατα·
658 2894 760 2949 διὰ
786 2896 897 2951 τὸν
919 2895 1253 2967 ἄνθρωπον.
1294 2898 1360 2949 Et
1387 2896 1566 2951 τοίνυν
1599 2897 1790 2968 εποίη-

193 3001 295 3038 σεν
321 2987 352 3038 6
383 2985 517 3051 Θεὸς
547 2986 611 3040 τὸ
646 2987 923 3043 Σάϐϐατον
963 2988 1052 3043 διὰ
1080 2990 1173 3043 τὸν
1201 2989 1513 3061 ἄνθρωπον,
1543 2991 1638 3044 καὶ
1665 3008 1795 3062 προ·

202 3077 436 3149 ετίμησε
463 3079 556 3133 τὸν
585 3078 872 3151 ἄνθρωπον
904 3081 1057 3153 παρά
1087 3081 1150 3135 τὸ
1180 3082 1477 3149 Σάδϐατον,
1512 3083 1600 3136 ἵνα
1632 3085 1661 3136 6
1693 3082 1787 3137 άν-

1886 595 2039 666 dum,
2071 596 2166 653 sed
2194 598 2262 653 ad
2301 599 2673 668 praestandum
2722 597 2929 653 bonum
2964 612 3106 667 opus
3157 601 3244 651 est
3272 594 3479 649 consti-

1888 697 2086 745 tutum.
2117 690 2365 761 Cumque
2395 705 2556 746 nemo
2586 689 2804 761 penitus
2828 690 2883 744 in
2907 688 3196 744 duodecim
3218 685 3474 742 tribubus

1887 789 2149 853 operatus
2200 791 2367 849 esset,
2416 782 2593 838 solum
2623 782 2795 836 altare
2824 795 3106 851 nunquam
3138 778 3472 840 feriabatur,

1887 875 2026 930 utin
2064 874 2360 948 Evangelio
2387 883 2621 932 testatur
2661 873 2928 929 Dominus
2976 892 2990 928 :
3026 871 3342 928 Sacerdotes
3390 887 3471 924 re-

1886 965 1988 1018 stri
2002 966 2200 1020 violant
2225 965 2385 1037 705
2412 968 2467 1020 in
2492 965 2682 1037 templo
2706 964 3022 1027 Sabbatum,
3048 980 3111 1018 ac
3134 963 3248 1018 sine
3261 972 3477 1032 peccato

1886 1069 2012 1114 sunt
2054 1059 2095 1117 ³.
2129 1060 2428 1116 Prolanare
2462 1075 2593 1116 vero
2647 1060 2790 1115 idem
2820 1067 2925 1122 est,
2962 1073 3026 1111 ac
3067 1058 3302 1113 solvere.
3327 1055 3471 1122 Quo-

1888 1151 2050 1206 modo
2102 1167 2233 1207 vero
2263 1153 2476 1209 solvere
2529 1152 2810 1217 dicuntur,
2841 1152 2950 1205 nisi
2980 1149 3124 1220 quod
3173 1147 3283 1203 Deo
3309 1148 3472 1203 sacri-

1898 1244 2082 1298 licium
2129 1243 2387 1309 oﬂ'erunt,
2422 1261 2493 1301 ne
2514 1245 2686 1300 altare
2733 1246 2805 1300 sit
2831 1244 3069 1299 otiosum
3091 1242 3116 1282 ν
3140 1240 3248 1295 Sed
3277 1247 3335 1294 ut
3366 1238 3474 1293 ista

1889 1345 2236 1406 praeteream,
2263 1336 2455 1391 eodem
2486 1337 2540 1391 in
2573 1335 2812 1390 Sabbato
2837 1335 2919 1390 sol
2944 1335 3123 1388 oritur
3156 1345 3210 1387 et
3240 1330 3473 1394 occidit,

1888 1427 2016 1480 luna
2074 1429 2341 1497 augescit,
2391 1442 2457 1482 ac
2495 1427 2783 1489 minuitur,
2835 1432 3127 1480 ventorum
3172 1422 3339 1478 ﬂatus
3386 1421 3476 1475 in-

1886 1524 2111 1586 gruunt,
2134 1516 2157 1570 l
2159 1525 2350 1573 ructus
2368 1518 2661 1587 pullulant,
2685 1523 2890 1572 matres
2908 1517 3150 1587 pariunt,
3167 1522 3481 1583 caeteraque

1888 1607 2026 1664 ﬁunt
2053 1609 2259 1664 omnia.
2292 1608 2419 1665 Ideo
2444 1609 2670 1664 veniens
2700 1609 2819 1679 ipse
2866 1607 3131 1662 Dominus
3159 1622 3271 1661 non
3298 1605 3474 1661 fabri-

1886 1702 1992 1758 lem
2019 1702 2076 1756 in
2106 1701 2350 1756 Sabbato
2381 1709 2575 1765 artem,
2626 1715 2739 1756 non
2765 1699 3036 1762 aerariam,
3067 1705 3161 1752 aut
3205 1699 3371 1751 aliam
3418 1697 3475 1750 id

1887 1809 2063 1866 genus
2089 1794 2338 1850 exercuit
2362 1810 2377 1861 ;
2403 1791 2499 1849 sed
2528 1799 2717 1863 utpote
2736 1793 2877 1846 Deus
2910 1790 3158 1845 divinum
3191 1803 3331 1859 opus
3355 1803 3475 1842 mo-

1888 1888 2020 1943 litus
2051 1896 2155 1943 est.
2192 1886 2360 1954 Tolle,
2394 1886 2591 1956 inquit,
2614 1885 2897 1956 grabatum
2918 1891 3086 1946 tuum,
3109 1891 3157 1936 et
3183 1880 3401 1934 ambula
3427 1878 3475 1944 δ,

1889 1987 1948 2033 ιιι
1974 1994 2039 2034 ex
2071 1979 2193 2049 ipso
2210 1985 2461 2050 gestante
2482 1977 2551 2032 de
2596 1976 2848 2031 miraculi
2893 1977 3127 2030 veritate
3167 1979 3474 2035 constaret,

1885 2079 1942 2126 et
1970 2085 2095 2126 eum
2116 2085 2309 2126 omnes
2340 2078 2725 2140 agnoscerent,
2750 2068 2843 2139 qui
2891 2076 2953 2123 ut
3001 2066 3242 2120 humano
3288 2064 3477 2135 generi

1889 2163 2225 2228 subveniret,
2278 2176 2311 2217 e
2350 2161 2492 2216 cmlo
2549 2160 2929 2216 descenderat.
2975 2157 3111 2211 Nam
3151 2171 3341 2212 revera
3370 2155 3483 2212 sol-

1887 2252 2051 2309 vendi
2084 2252 2309 2307 Sabbati
2345 2251 2520 2322 gratia
2547 2256 2774 2306 venerat
2798 2268 2813 2317 ;
2841 2250 3055 2304 solvere
3081 2262 3247 2318 porro
3276 2247 3322 2301 si
3348 2246 3477 2301 alie-

1890 2360 2019 2399 num
2044 2352 2212 2411 esset,
2248 2344 2474 2399 minime
2527 2343 2815 2413 potuisset.
2862 2339 3032 2395 Nemo
3059 2339 3205 2395 enim
3232 2337 3476 2392 alienum

1888 2452 2029 2507 opus
2061 2435 2317 2499 destruit,
2352 2436 2460 2490 nisi
2510 2435 2813 2489 alienorum
2844 2439 3159 2501 usurpator,
3191 2438 3246 2485 et
3283 2443 3478 2484 eorum

1890 2528 2214 2600 peregrinus
2241 2530 2543 2598 inspector,
2574 2526 2670 2597 qui
2695 2525 2802 2579 sibi
2831 2525 2952 2579 lites
2987 2529 3253 2578 arcessat.
3285 2519 3477 2590 Itaque

1890 2621 2038 2693 quod
2069 2622 2138 2677 ad
2178 2635 2300 2677 sese
2333 2620 2632 2691 pertineret
2692 2617 3017 2680 Sabbatum,
3068 2616 3193 2671 ideo
3217 2613 3477 2669 Dominus

1889 2723 1988 2781 est,
2013 2712 2211 2784 inquit,
2262 2704 2441 2767 Filius
2488 2711 2717 2767 hominis
2750 2711 2913 2764 etiam
2962 2706 3184 2764 Sabbati
3215 2707 3260 2761 ⁵.
3296 2707 3425 2760 Item
3460 2723 3475 2759 :

1893 2801 2019 2857 Non
2040 2812 2253 2872 propter
2277 2799 2569 2857 Sabbatum
2591 2802 2746 2857 hante
2781 2800 2957 2869 [actus
3012 2807 3090 2854 est
3110 2840 3125 2866 ,
3152 2797 3244 2853 sed
3273 2795 3478 2851 Subba-

1893 2907 2005 2950 tum
2056 2904 2273 2968 prapter
2305 2895 2566 2949 hominem
2592 2895 2632 2947 '.
2676 2893 2859 2960 Quare
2905 2892 2950 2948 si
2994 2890 3297 2947 Sabbatum
3332 2888 3488 2944 Deus

1892 2988 2132 3044 hominis
2175 3003 2343 3044 causa
2397 2987 2666 3051 condidit,
2714 2987 2892 3057 pluris
2937 2984 3190 3042 eumdem
3233 2980 3491 3037 Sabbato

1895 3078 2046 3143 fecit,
2082 3077 2160 3133 uti
2207 3077 2448 3132 futuram
2510 3078 2660 3132 illam
2694 3077 2931 3147 quietem
2966 3074 3317 3146 intelligeret.
3350 3072 3485 3127 Haec

207 3169 428 3241 θρωπος
460 3169 703 3243 γινώσκῃ
745 3172 845 3244 τὴν
880 3174 1185 3228 ἀνάπαυσιν
1220 3174 1313 3227 καὶ
1342 3174 1452 3227 τῶν
1489 3174 1790 3246 μελλόντων

1893 3169 2039 3224 enim
2072 3168 2379 3224 caelestium
2406 3167 2592 3239 ligurze
2612 3176 2762 3235 sunt,
2792 3182 2917 3222 cum
2947 3166 3036 3220 hic
3059 3181 3127 3222 ex
3156 3171 3312 3236 parte
3335 3164 3489 3220 dun-r

217 3263 327 3333 τὴν
351 3263 677 3319 ἀνάπαυλαν.
717 3266 1011 3318 Ἀντίτυπα
1026 3266 1135 3336 γάρ
1160 3268 1276 3320 ὲστι
1298 3267 1469 3321 ταῦτα
1493 3267 1603 3319 τῶν
1624 3269 1789 3320 ἐπου-

221 3354 446 3424 ρανίων.
486 3353 746 3408 Ἐνταῦθα
769 3354 878 3425 γάρ
901 3353 1010 3407 ἀπὸ
1039 3354 1258 3426 μέρους,
1289 3356 1473 3408 ἐκεῖνα
1498 3353 1556 3407 δὲ
1572 3356 1607 3423 ή
1641 3356 1791 3408 πᾶσα

207 3443 510 3516 τελειότης.
543 3445 618 3498 T6
644 3444 926 3499 Σάὸὁατον
952 3441 1047 3499 οὖν
1078 3446 1137 3499 τὸ
1164 3447 1222 3500 ὲν
1253 3447 1404 3517 νόμῳ
1426 3446 1532 3510 ἕως
1566 3446 1667 3517 τῆς
1694 3446 1792 3500 αὐ-

201 3537 302 3591 τοῦ
350 3538 686 3609 παρουσίας·
727 3537 891 3591 ἔλυσε
917 3538 976 3592 δὲ
1016 3541 1193 3592 ἐκεῖνο
1231 3539 1294 3593 τὸ
1330 3538 1639 3605 Σάϐϐατον,
1694 3538 1792 3592 καὶ

201 3630 412 3684 ιδωκεν
438 3631 568 3701 ἡμῖν
597 3632 657 3683 τὸ
704 3630 846 3702 μέγα
891 3630 1191 3692 Σάϐϐατον.
1233 3631 1372 3701 ὅπερ
1412 3630 1530 3684 ἐστὶ
1576 3631 1738 3696 αὐτὸς
1764 3633 1793 3686 ὁ

203 3721 436 3793 Κύριος,
472 3724 506 3793 ή
540 3721 844 3785 ἀνάπαυσις
873 3721 1032 3793 ήμῶν
1078 3724 1172 3776 καὶ
1211 3722 1240 3774 6
1267 3721 1665 3793 Σαϐϐατισμός.

274 3808 470 3871 Οὐδεὶς
497 3803 595 3862 οὖν
621 3808 809 3862 διοίσει
842 3808 1088 3862 Παλαιὰν
1118 3808 1229 3862 ἀπὸ
1262 3808 1466 3880 Καινῆς
1493 3811 1791 3881 Ἀιαθήκης,

207 3897 329 3951 οὔτε
361 3897 574 3970 Καινὴν
595 3898 703 3952 ἀπὸ
730 3899 994 3963 Παλαιᾶς.
1021 3898 1138 3954 Μία
1162 3898 1271 3970 γάρ
1311 3900 1426 3952 ἐστι
1463 3900 1558 3952 καὶ
1590 3900 1623 3970 ὴ
1654 3899 1792 3969 αὐτὴ

206 3990 526 4059 συμφωνία.
568 3991 629 4043 ’0
658 3990 714 4043 δὲ
756 3990 974 4062 ἀμαθὴς
1017 3991 1114 4045 καὶ
1157 3992 1403 4063 ἄπειρος,
1448 3991 1546 4044 ἐὰν
1585 3991 1670 4064 ἴδῃ
1701 3990 1796 4045 δύο

202 4081 558 4152 ἀντλητῆρας
586 4081 696 4136 ἀπὸ
741 4084 868 4153 μιᾶς
900 4083 1087 4153 πηγῆς
1117 4081 1476 4148 ἀντλοῦντας,
1510 4083 1704 4155 νομίσῃ
1736 4084 1795 4137 δὲ

204 4173 297 4228 διὰ
319 4173 424 4245 τὴν
450 4173 712 4246 διαφορὰν
739 4174 848 4227 τῶν
873 4174 1227 4246 άντλητήρων
1258 4175 1491 4247 διάφορα
1527 4171 1669 4229 εἶναι
1698 4177 1796 4231 καὶ

205 4266 475 4321 τάῦδατα
494 4284 508 4298 ’
549 4267 763 4340 ἀκούσῃ
798 4267 856 4320 δὲ
887 4267 1039 4339 παρά
1062 4266 1171 4321 τῶν
1214 4267 1451 4322 συνετῶν
1489 4266 1751 4340 ἀλήθειαν
1774 4309 1791 4336 ,

206 4359 291 4412 ὅτι
312 4357 520 4411 Γεῦσαι
547 4357 656 4411 τῶν
682 4357 777 4412 δύο
806 4359 1041 4430 ἀντλητή
1051 4377 1182 4431 ρων,
1216 4360 1310 4413 καὶ
1334 4360 1431 4427 ῐδε,
1459 4361 1543 4415 ὅτι
1574 4361 1669 4415 δύο
1694 4362 1797 4434 μὲν

1894 3270 2064 3327 taxat,
2092 3261 2277 3315 omnia
2307 3261 2550 3331 perfecta
2574 3261 2687 3316 illic
2713 3262 3078 3329 absolutaque
3111 3260 3244 3314 sint.
3276 3257 3477 3325 Quam-

1892 3352 2079 3410 obrem
2112 3352 2412 3408 Sabbatum
2466 3354 2600 3408 illud
2649 3355 2768 3423 lege
2796 3354 3172 3423 praescriptum
3202 3352 3269 3403 ad
3307 3351 3489 3419 ipsius

1892 3446 2188 3502 adventum
2213 3460 2389 3517 usque
2441 3445 2832 3515 perseveravit,
2893 3458 3002 3513 quo
3059 3443 3282 3497 demum
3313 3441 3482 3495 abro-

1898 3544 2025 3606 gato
2055 3551 2311 3607 magnum
2349 3535 2509 3591 nobis
2539 3535 2837 3589 Sabbatum
2881 3533 3099 3598 obtulit,
3124 3533 3219 3603 qui
3248 3540 3333 3586 est
3363 3532 3482 3599 ipse

1898 3627 2182 3694 Dominus,
2235 3627 2457 3698 requies
2525 3624 2860 3697 Sabbatique
2909 3626 3220 3683 observatio
3261 3633 3480 3679 nostra.

1962 3803 2136 3861 Nemo
2165 3804 2350 3875 itaque
2374 3801 2547 3858 Vetus
2573 3802 2642 3856 ab
2666 3799 2819 3856 Novo
2846 3801 3226 3868 Testamento,
3259 3802 3347 3857 vel
3379 3801 3490 3857 hoc

1895 3897 1965 3952 ab
2002 3897 2095 3951 illo
2137 3894 2504 3967 separandum
2546 3894 2843 3949 existimet.
2885 3892 2982 3949 Est
3013 3894 3161 3948 enim
3194 3893 3489 3948 amborum

1897 4004 2005 4044 una
2029 3987 2330 4057 eademque
2356 3984 2673 4040 concordia.
2709 3983 2814 4040 Sed
2843 3984 3070 4054 perinde
3089 4000 3149 4039 se
3176 4000 3266 4040 res
3297 3984 3489 4051 habet,

1896 4095 1961 4135 ac
2010 4080 2057 4135 si
2110 4080 2398 4150 imperitus
2449 4079 2721 4149 quispiam
2799 4091 2864 4131 ac
2914 4076 3068 4133 rudis
3109 4079 3304 4133 situlas
3343 4078 3493 4132 duas

1895 4174 2213 4228 haurientes
2259 4172 2450 4227 eodem
2497 4186 2566 4227 ex
2616 4170 2766 4225 fonte
2815 4170 3012 4225 videat.
3051 4169 3191 4225 Tum
3233 4170 3489 4240 quodeo:

1896 4266 2129 4321 diversae
2160 4265 2291 4328 sint,
2319 4263 2567 4319 diversas
2596 4264 2760 4318 etiam
2788 4277 2960 4333 aquas
2987 4279 3112 4319 esse
3150 4265 3490 4333 suspicetur.

1899 4355 2107 4411 Deinde
2143 4369 2276 4409 vero
2318 4370 2350 4409 a
2390 4355 2841 4425 prudentioribus
2871 4354 3156 4420 doceatur,
3185 4364 3241 4410 et
3278 4356 3352 4409 ita
3402 4358 3487 4409 lo-

204 4450 257 4500 oi
290 4446 653 4519 ἀντλητῆρες,
692 4448 792 4517 μία
832 4447 889 4501 δὲ
915 4449 951 4518 ἡ
994 4448 1148 4518 πηγὴ
1194 4448 1455 4521 ὑπάρχει.
1493 4447 1684 4513 Οὕτως
1713 4443 1790 4513 εἷς

1898 4459 2130 4520 quentes
2160 4447 2348 4501 audiat
2373 4465 2386 4501 :
2417 4446 2492 4500 Ex
2526 4455 2756 4518 utraque
2780 4447 2941 4502 situla
2969 4447 3221 4530 degusta,
3248 4461 3311 4501 ac
3334 4449 3486 4504 disce

205 4540 442 4613 Κύριος,
471 4536 552 4604 εἷς
587 4539 740 4604 Θεὸς,
774 4539 832 4593 ἓν
862 4539 1087 4611 Πνεῦμα
1119 4539 1362 4611 λαλῆσαν
1399 4542 1459 4594 ὲν
1494 4541 1666 4612 νόμῳ,
1702 4541 1790 4595 καὶ

1901 4543 2041 4599 duas
2092 4542 2215 4597 illas
2263 4557 2386 4597 esse
2433 4540 2674 4611 quidem,
2716 4539 2811 4595 sed
2864 4540 3088 4594 unicum
3118 4527 3496 4596 nihilominus

203 4635 268 4688 ἓν
303 4633 639 4705 προφήταις,
664 4634 758 4686 καὶ
797 4635 855 4687 ὲν
886 4633 1229 4706 Εὐαγγελίῳ.
1267 4634 1366 4688 Διά
1400 4632 1560 4687 τοῦτο
1594 4635 1704 4707 γὰρ
1733 4635 1790 4688 οὔ

1903 4636 2130 4691 fontem.
2164 4634 2367 4691 Eodem
2412 4634 2577 4690 modo
2614 4650 2756 4690 unus
2787 4635 3053 4690 Dominus
3088 4642 3201 4700 est,
3234 4650 3493 4706 unusque

290 4791 309 4822 ¹
364 4789 430 4845 F.
463 4790 619 4845 ἀλλοτ
628 4793 1029 4863 ριοεπίσκοπος.

209 4867 233 4898 ⁸
271 4864 414 4918 ibid.
446 4863 540 4915 ‘27.

209 4996 279 5035 eo
306 4982 457 5043 loco,
487 4995 649 5049 quem
684 4980 1015 5037 adduximus
1042 4998 1058 5035 :
1091 4980 1336 5035 Lucerna
1374 4980 1485 5051 Dei
1507 4989 1793 5051 antequam
1905 4981 2149 5037 interdiu
2180 4990 2338 5035 erant
2369 4979 2680 5051 exstinctae,
2705 4993 2816 5031 non
2837 4976 3000 5032 modo
3016 4985 3275 5048 quatuor,
3305 4984 3366 5032 ut
3403 4976 3498 5032 Jo-

209 5052 654 5123 mtingyeretur,
682 5052 737 5106 in
777 5052 910 5122 Reg.
946 5060 1044 5123 est
1082 5050 1554 5123 mcgc6ecﬂﬁvat,
1586 5053 1643 5105 in
1678 5051 1790 5105 edi-

1905 5058 2112 5123 sephus
2141 5052 2340 5123 credit,
2376 5050 2473 5105 sed
2509 5055 2968 5123 omnesjeptem.

214 5123 366 5194 tione
390 5115 577 5188 'Sixti,
610 5115 1114 5194 ἐπισκευασθῆναι.
1174 5120 1254 5175 Ex
1282 5190 1295 5194 _
1314 5115 1516 5194 quibus
1540 5115 1790 5191 'apparet

1972 5115 2433 5194 (48)-Οὺμγέγοιτε
2458 5117 2571 5194 γὰρ
2598 5118 2666 5194 τὸ
2689 5115 3014 5171 Σάϐϐατον.
3046 5116 3186 5194 Huic
3220 5115 3377 5173 aliine
3406 5126 3497 5194 est

218 5192 363 5264 idem
395 5205 520 5264 esse
540 5184 813 5248 collocare
846 5184 1121 5255 lucernas,
1150 5190 1297 5262 quod
1332 5184 1797 5261 'attollere'super
1901 5184 2158 5264 quod'R.
2198 5184 2352 5246 Mose
2389 5184 2493 5244 ben
2525 5184 2763 5242 Maimon
2791 5196 2948 5258 parte
2976 5203 2992 5241 ι
3030 5184 3188 5252 Jad.,
3225 5196 3386 5264 tract.
3423 5188 3492 5241 de

221 5262 610 5354 candelabrum
642 5270 697 5318 et
714 5264 1012 5354 accendere
1037 5272 1265 5354 :gontra
1299 5275 1431 5316 vero
1456 5274 1796 5354 componere
1902 5262 2150 5341 sabbato
2181 5299 2306 5354 οη).
2337 5282 2393 5344 3.
2432 5281 2540 5354 δεῖ),
2574 5281 2769 5337 scribit
2797 5289 3014 5342 mam
3041 5289 3182 5354 τηαν
3217 5263 3375 5340 mni,
3411 5289 3501 5338 κη

220 5300 1054 5404 .;;2:_.‘;..:;;;;;a‘;.:.;;
1070 5300 1795 5394 δξὶτιῑιεξεξνεῑνέυςτνιδεξ
1898 5300 3063 5404 32333133-

541 5356 723 5480 ἓῖἓέῗῗ
747 5356 1641 5480 “Sinxiﬁi’iiﬁgi$36333.
1671 5356 1798 5471 ἶῗιῗυέ
1898 5362 2072 5480 ἓθπτι
2096 5360 2296 5480 Ρπίπὲῖπ
2344 5385 2488 5480 PI“.
2516 5384 2717 5480 επ
2756 5356 2870 5434 κθκ
2907 5356 3082 5437 mi
3113 5382 3274 5474 “De.
3307 5378 3501 5480 '7‘?“

1902 5469 2062 5533 Ecce,
2096 5468 2296 5538 inquit,
2325 5468 2584 5531 didicisti,
2637 5469 2801 5538 legem
2840 5481 3107 5538 nunquam
3131 5468 3492 5538 omnino‘crua

157 5525 161 5528 .
214 5471 548 5530 candelabro
582 5475 688 5531 sub
733 5483 950 5530 noctem
992 5471 1286 5543 impositae,
1335 5471 1583 5543 diluculo
1610 5471 1799 5527 deme-

157 5558 165 5565 '
215 5552 429 5600 rentur.
464 5545 634 5602 Exod.
663 5530 792 5608 xxv,
825 5558 968 5599 com.
1005 5530 1112 5597 ὅτε
1141 5530 1333 5597 Facies
1370 5552 1423 5596 et
1447 5542 1688 5597 lucernas
1703 5557 1800 5606 vn,
1903 5530 2073 5594 delent
2107 5549 2157 5594 et
2174 5530 2543 5591 'inhumanam
2572 5530 2739 5600 esse,
2782 5536 2873 5591 sed
2905 5530 3306 5608 misericordia,
3344 5530 3494 5585 beniv

1975 5611 2123 5665 italis
2169 5625 2233 5663 ac
2283 5611 2433 5676 pacis
2486 5609 2877 5678 plenissimam.
2940 5605 3016 5659 De
3056 5602 3302 5657 Sabbato
3358 5616 3501 5678 vero

108 5609 171 5625 ‘
215 5622 270 5671 et
313 5632 473 5685 pones
523 5634 616 5671 eas
658 5630 818 5684 super
845 5614 1256 5685 candelabrum;
1290 5613 1463 5685 lib._ll
1509 5612 1797 5685 _Par.eap.
1903 5611 2123 5685 gnitatis
2169 5625 2233 5663 ac
2283 5611 2433 5685 pacis
2486 5609 2877 5678 plenissimam.
2940 5609 3016 5659 De
3056 5609 3302 5685 Sabbato
3358 5616 3451 5683 ver

217 5680 336 5752 xm,
367 5704 509 5746 vers.
542 5689 604 5742 il
649 5707 663 5743 :
704 5680 903 5756 Estque
948 5684 1088 5753 apud
1133 5701 1229 5738 nos
1274 5682 1650 5756 candelabrum
1702 5680 1802 5756 aut
1906 5680 2171 5756 loquitur,
2230 5680 2379 5756 quod
2436 5686 2765 5756 aegrotorum
2817 5688 2985 5756 causa
3024 5688 3093 5756 ac
3138 5680 3360 5756 propter
3393 5680 3499 5756 pia

218 5742 362 5811 reum
402 5742 743 5815 etrlucerme
795 5742 930 5826 e'jus,
981 5742 1042 5808 'ut
1100 5753 1459 5826 accendantur
1495 5768 1694 5823 semper
1732 5751 1803 5804 ad
1907 5742 2511 5823 quiiedatn'mi'nisteria'
2538 5748 2677 5803 solvi
2732 5760 2894 5817 posse
2934 5744 3184 5815 pluribus
3224 5742 3499 5796 declarantr

218 5841 495 5896 macram.
558 5830 624 5885 Si
681 5827 751 5883 ad
818 5821 1103 5898 vesperam
1156 5821 1616 5888 accendebantur,
1656 5838 1791 5894 ergo

1124 4790 1341 4847 'Exod.
1397 4808 1525 4859 xxv,
1577 4793 1641 4847 5i
1710 4807 1836 4863 sqq.
1915 4793 1937 4826 ³
1976 4793 2168 4849 Matth.
2222 4810 2323 4849 xu.
2366 4794 2421 4852 5.
2500 4793 2724 4849 ‘Harc.
2764 4809 2825 4861 ιι,
2882 4792 2937 4849 5.
3012 4790 3236 4850 'Marc.
3293 4809 3356 4862 ιι,
3392 4795 3493 4850 28‘.
