4078 6408
618 389 647 445 ‘l
663 387 731 445 67
2045 369 2106 425 S.
2154 365 2232 422 EF

2322 363 2493 419 llANll
3758 369 3839 427 I68

620 500 789 563 Deus,
820 510 963 552 unus
997 495 1256 566 Spiritus,
1290 491 1384 563 qui
1416 491 1471 547 in
1506 489 1650 560 lege,
1689 482 1972 558 prophetis
2028 478 2203 533 Evan-

2322 474 2402 527 Ξύο
2439 473 2673 527 Παλαιαὶ
2720 470 3021 544 Διαθῆκαι,
3053 472 3149 524 καὶ
3195 470 3318 523 οὔτε
3370 470 3463 524 δύο
3516 472 3701 527 Καιναὶ
3739 478 3842 532 Δια-

621 595 869 664 gclioque
899 564 1113 645 locutus
1140 596 1246 645 est.
1292 586 1459 658 706
1504 583 1587 639 Ob
1632 581 1686 635 id
1726 595 1838 635 non
1871 579 1982 634 duo
2016 576 2210 631 Vetera

2322 569 2479 640 ῡῆκαι
2498 584 2510 596 ·
2547 566 2737 638 ἐπειδὴ
2770 566 2871 620 οὐκ
2909 565 3017 618 εἰσὶ
3039 564 3133 618 δύο
3162 567 3210 618 oi
3250 565 3573 637 διαθέμενοι,
3601 568 3704 621 ἀλλ’
3733 565 3844 634 εἷςὸ

618 656 971 741 i’estainenta
1001 690 1153 747 sunt,
1185 656 1506 750 nequeduo
1530 674 1705 738 Nova,
1737 669 1999 742 quoniam
2034 678 2212 734 neque

2322 660 2410 732 τὴν
2443 658 2684 714 Παλαιὰν
2714 656 2871 730 [τῶν]
2900 657 3169 719 παλαιῶν,
3192 657 3289 710 καὶ⁸
3310 658 3406 728 τὴν
3435 659 3636 729 Καινὴν
3657 660 3845 715 ἀνακαι-

622 784 912 832 testatores
944 774 1055 828 duo
1079 780 1228 837 sunt,
1254 770 1351 826 sed
1378 784 1521 824 unus
1554 762 1953 822 tantummodo,
1988 758 2082 829 qui
2108 773 2205 811 an-

622 871 834 937 tiquato
867 864 1065 920 Vetere
1090 864 1301 917 Novum
1334 862 1606 917 instaurat
1637 877 1650 911 :
1688 870 1789 911 nec
1820 855 1917 917 ita,
1954 859 2014 906 ut
2046 848 2214 904 Vetus

621 958 1031 1030 exstinguenda
1068 956 1267 1019 deleat,
1322 953 1417 1009 sed
1461 952 1511 1006 ei
1558 950 1718 1004 ﬁnem
1760 947 2027 1015 imponat,
2059 949 2114 996 et
2145 939 2215 994 ad

623 1049 929 1105 secundum
955 1047 1227 1102 bonorum
1267 1043 1670 1113 possessionem
1702 1035 2021 1089 transferat.

696 1137 960 1194 LXXXV.
1026 1138 1205 1191 Alium
1251 1151 1283 1190 e
1330 1133 1616 1202 Scriptura
1655 1130 1832 1184 locum
1881 1125 2216 1180 Manichzeus

628 1232 683 1284 in
714 1231 953 1284 medium
979 1227 1161 1282 aﬂ'ert.
1194 1224 1308 1279 lioc
1337 1227 1505 1283 enim,
1560 1218 1757 1289 inquit,
1804 1218 2023 1270 invenio
2053 1232 2068 1268 :
2101 1217 2217 1283 spi-

630 1322 795 1375 ritum
813 1321 931 1374 sine
946 1334 1177 1388 corpore
1193 1317 1425 1371 salutem
1449 1313 1717 1368 obtinere.
1737 1308 1893 1376 Quod
1925 1307 2104 1376 ipsum
2131 1306 2219 1359 his

626 1413 809 1468 verbis
827 1411 984 1466 docet
1008 1409 1331 1479 Apostolus:
1357 1405 1586 1461 Omnino
1613 1402 1834 1457 auditur
1861 1402 1916 1453 in
1946 1399 2088 1452 vobis
2115 1397 2221 1465 for-

626 1506 848 1566 nicatio,
873 1513 920 1557 et
937 1501 1195 1572 ejusmodi
1216 1500 1524 1571 fornicatio,
1542 1513 1662 1566 qua:
1680 1512 1742 1549 ne
1758 1496 1812 1547 in
1838 1482 2079 1563 gentibus
2102 1490 2220 1561 qui-

624 1597 743 1650 dem
775 1596 1008 1649 cernitur
1032 1610 1050 1648 :
1073 1592 1204 1647 adeo
1230 1602 1289 1645 ut
1320 1606 1536 1645 uxorem
1558 1588 1773 1659 quidam
1805 1586 1973 1654 patris
2006 1584 2217 1638 habeat.

630 1685 700 1740 Et
726 1703 817 1741 vos
845 1685 1017 1753 inﬂati
1041 1685 1189 1745 estis,
1219 1693 1267 1736 et
1296 1696 1399 1734 non
1431 1680 1599 1748 magis
1617 1676 1926 1741 luxistis,ut
1945 1674 2167 1727 tollatur
2195 1688 2222 1725 e

2314 750 2506 813 νίζων·
2547 748 2609 800 οὐ
2651 746 2751 819 τὴν
2801 746 3045 801 Παλαιὰν
3093 746 3385 817 καταργῶν
3428 748 3509 810 εἰς
3550 748 3844 819 ἀφανισμὸν,

2314 840 2450 893 ἀλλά
2476 838 2576 912 τὴν
2604 838 2849 892 Παλαιὰν
2874 838 3231 901 καταπαύων,
3262 838 3358 890 καὶ
3378 840 3444 910 τῇ
3466 838 3682 910 δευτέρᾳ
3712 858 3849 907 προσ-

2312 933 2595 1004 τιθέμενος
2617 932 2934 1005 περιουσίας
2961 932 3346 1004 κληρονομίαν.

2388 1107 2514 1162 HE'.
2541 1107 2742 1179 Ἀλλην
2763 1106 2821 1161 δὲ
2850 1107 3012 1162 πάλιν
3038 1107 3182 1173 λέξιν
3210 1111 3238 1163 6
3262 1110 3423 1175 αὐτὸς
3450 1110 3636 1182 Μάνης
3661 1129 3851 1185 παρεισ-

2319 1202 2510 1271 φέρει,
2560 1201 2761 1270 λέγων,
2807 1202 2889 1255 ὅτι
2938 1198 3070 1255 Οἶδα
3128 1204 3344 1273 πνεῦμα
3420 1205 3709 1275 σωζόμενον
3748 1207 3850 1259 ἀνευ

2321 1293 2592 1366 σώματος.
2627 1292 2800 1347 Τοῦτο
2849 1292 2979 1364 γὰρ,
3012 1295 3174 1363 φησι,
3217 1294 3459 1348 διδάσκει
3508 1298 3537 1349 6
3578 1297 3851 1361 ’Δπόστολος

2318 1388 2511 1456 λέγων,
2539 1388 2623 1440 ὅτι
2662 1387 2859 1453 Ὀλως
2908 1388 3190 1441 ἀκούεται
3219 1388 3290 1441 ἐν
3319 1389 3461 1457 ὑμῖν
3497 1392 3743 1459 πορνεία,
3774 1394 3849 1447 καί

2320 1487 2560 1552 τοιαύτη
2589 1485 2856 1553 πορνεία,
2876 1483 3006 1552 ἥτις
3028 1484 3171 1538 οὐδὲ
3197 1485 3268 1537 ἐν
3292 1484 3417 1550 τοῖς
3437 1486 3673 1540 ἔθνεσιν
3692 1504 3705 1519 ⁸
3731 1486 3853 1541 ὥστε

2319 1576 2574 1647 γυναῖκα
2597 1593 2732 1631 τινα
2752 1576 2859 1631 τοῦ
2884 1578 3107 1644 πατρὸς
3145 1577 3330 1646 ἔχειν.
3356 1580 3469 1632 Kal.
3507 1578 3669 1648 ὑμεῖς
3700 1596 3850 1647 περυ-

2321 1671 2599 1739 σιωμένοι
2629 1669 2791 1735 ἐστὲ,
2833 1669 2929 1723 καί
2958 1670 3095 1738 οὐχὶ
3111 1669 3353 1738 μᾶλλον
3377 1670 3752 1737 ἐπενθήσατε,
3777 1672 3854 1723 ira

632 1777 801 1833 medio
830 1777 989 1832 uestri
1025 1776 1114 1846 qui
1156 1775 1251 1827 hoc
1303 1773 1511 1842 [acinus
1544 1768 1829 1823 commisit.
1874 1768 1982 1835 Ego
2011 1764 2217 1835 quidem

2322 1763 2470 1833 ἀρθῇ
2501 1764 2571 1818 ἐκ
2596 1764 2793 1833 μέσου
2836 1762 3006 1832 ὑμῶν
3035 1766 3067 1816 ό
3108 1763 3172 1815 τὸ
3210 1762 3390 1832 ἔργον
3436 1764 3611 1817 τοῦτο
3642 1762 3850 1831 πράξας.

635 1870 824 1921 absens
861 1881 1082 1934 corpore
1131 1879 1363 1932 pra’sens
1395 1871 1570 1914 autem
1604 1859 1817 1927 spiritu,
1847 1856 2077 1922 iudicavi
2101 1871 2220 1908 eum

633 1959 722 2029 qui
757 1958 853 2012 hoc
881 1959 1049 2012 scelus
1072 1955 1355 2017 commisit,
1385 1949 1814 2006 convenientibus
1844 1950 2008 2010 vobis,
2040 1957 2087 2000 et
2118 1946 2221 1999 Do-

634 2054 800 2112 mino,
833 2066 953 2102 cum
992 2064 1104 2102 meo
1138 2047 1352 2115 spiritu,
1388 2043 1595 2097 tradere
1624 2040 1887 2110 ejusmodi
1917 2039 2139 2093 Saturio.-
2167 2038 2221 2090 in

634 2140 907 2193 interitum
941 2139 1141 2197 carnis,
1172 2145 1229 2189 ut
1258 2134 1477 2203 spiritus
1511 2132 1691 2186 salvus
1716 2130 1815 2197 ﬁat
1847 2131 1901 2183 in
1924 2130 2008 2182 die
2033 2128 2223 2182 Domi-

634 2232 689 2286 ni
713 2231 752 2284 ¹.
780 2228 900 2283 Jam
927 2230 1107 2284 carnis
1142 2228 1396 2282 interitus
1436 2225 1571 2279 nihil
1604 2224 1753 2277 aliud
1787 2233 1890 2289 est,
1924 2237 2088 2291 quam
2121 2222 2221 2275 ab-

635 2325 816 2379 soluta
841 2321 990 2376 illius
1020 2320 1333 2376 exstinctio.
1360 2315 1647 2383 Quomodo
1679 2314 1842 2386 igitur
1870 2329 1995 2368 cum
2029 2313 2084 2366 in
2106 2312 2222 2365 dia-

636 2415 747 2472 boli
783 2420 1055 2484 potestate
1092 2427 1224 2466 caro
1260 2410 1509 2465 [traditus
1548 2407 1931 2477 exstinguatur
1959 2404 2224 2473 solusque

586 2484 601 2495 ί
636 2514 889 2562 servetur
917 2505 1167 2575 spiritus,
1207 2515 1502 2571 corporum
1534 2514 1659 2554 esse
1684 2506 1869 2569 potest
1927 2496 2225 2565 carnisque

638 2596 1007 2651 resurrectio?
1066 2595 1216 2649 Adeo
1271 2608 1400 2648 vero
1450 2599 1538 2647 est
1580 2590 1779 2655 hebes,
1833 2598 1893 2643 ut
1944 2587 2075 2642 illud
2115 2603 2225 2641 non

638 2686 1075 2743 videatzcarnis
1120 2700 1287 2756 Opera
1342 2684 1762 2739 fornicationem
1812 2696 1957 2743 esse,
2011 2678 2225 2733 adulte-

643 2779 810 2843 rium,
848 2793 916 2832 ac
950 2777 1258 2843 libidinem,
1284 2784 1339 2831 et
1371 2776 1425 2831 id
1456 2789 1628 2845 genus
1658 2774 1803 2841 alia;
1834 2787 1936 2828 nec
1967 2771 2036 2826 de
2061 2786 2227 2826 carne

643 2872 821 2939 illum,
846 2870 943 2927 sed
977 2870 1047 2924 de
1083 2870 1269 2924 carnis
1292 2868 1552 2937 operibus
1576 2865 1745 2937 loqui.
1770 2864 1906 2919 Nam
1946 2879 2071 2918 cum
2104 2873 2226 2918 stu-

646 2977 806 3033 prum
829 2961 1030 3032 aliquis
1053 2959 1369 3021 committit,
1397 2973 1527 3014 care
1547 2958 1692 3013 istud
1723 2958 2078 3026 exsequitur;
2101 2970 2227 3011 cum

645 3065 830 3108 autem
886 3051 1304 3121 temperantiam
1355 3049 1459 3104 sibi
1511 3050 1866 3119 compararit,
1926 3048 2040 3118 jam
2098 3062 2230 3101 caro

646 3142 1054 3213 quodammodo
1084 3157 1209 3198 esse
1253 3156 1384 3195 caro
1414 3140 1636 3204 desinit,
1665 3149 1829 3210 atque
1874 3139 1927 3193 in
1976 3139 2228 3209 spiritum

646 3218 989 3288 convertitur
1019 3250 1032 3286 :
1067 3229 1528 3300 quemadmodum
1562 3228 1860 3298 Apostolus
1892 3225 2061 3281 refert
2088 3243 2100 3278 :
2130 3224 2237 3290 Qui

647 3326 800 3377 initio
830 3323 1106 3393 conjunxit
1146 3319 1355 3385 ambos,
1387 3319 1524 3374 dixit
1554 3335 1572 3374 :
1600 3318 1827 3387 Propter
1853 3317 1950 3372 hoc
1979 3317 2236 3385 relinquet

646 3419 804 3473 homo
834 3425 1039 3487 patrem
1074 3431 1253 3478 suum,
1291 3424 1339 3469 et
1368 3422 1590 3468 matrem
1640 3428 1817 3475 suam,
1866 3421 1916 3465 et
1947 3409 2237 3465 adliwrebit

645 3511 807 3566 uxori
836 3526 971 3572 sum,
996 3519 1046 3564 et
1073 3519 1228 3564 erunt
1252 3507 1357 3561 duo
1386 3508 1442 3561 in
1474 3522 1685 3561 carnem
1709 3522 1873 3561 unam
1900 3508 1942 3559 ί.
1976 3503 2125 3560 Sicut
2149 3500 2239 3571 qui

647 3603 883 3656 adliceret
910 3602 1195 3666 meretrici,
1222 3616 1386 3653 unum
1422 3615 1610 3667 corpus
1655 3607 1756 3665 est,
1798 3607 1848 3652 et
1878 3598 1969 3668 qui
2002 3594 2238 3649 adha'ret

653 3693 1053 3759 Domino,unus
1073 3692 1294 3759 spiritus
1315 3700 1393 3744 est
1419 3690 1461 3744 ³.
1488 3689 1673 3758 Itaque
1694 3689 1785 3758 qui
1809 3697 2060 3757 stuprum
2084 3699 2239 3739 com-

652 3781 1250 3847 mittit,caroeliicitur,
1273 3796 1381 3833 non
1400 3794 1599 3847 corpus
1620 3778 1906 3841 duntaxat,
1931 3777 2022 3834 sed
2048 3787 2103 3832 et
2127 3793 2237 3832 ca:-

655 3879 773 3925 tera
788 3870 1000 3931 omnia,
1024 3869 1269 3939 adeoque
1295 3871 1473 3923 anima
1504 3872 1617 3939 ipsa
1649 3871 1704 3924 in
1737 3884 1953 3924 carnem
1976 3870 2241 3939 quodam-

656 3961 820 4016 modo
859 3971 1123 4016 mutatur.
1171 3961 1307 4014 Dum
1349 3962 1497 4016 enim
1554 3962 1621 4015 ad
1670 3963 2008 4016 meretricem
2061 3961 2241 4017 adhae-

655 4051 847 4115 rescit,
879 4065 1011 4105 caro
1036 4050 1129 4117 iit;
1174 4066 1411 4121 cumque
1440 4053 1677 4106 carnalis
1716 4052 1811 4115 sit,
1854 4050 2081 4105 omnino
2110 4066 2242 4106 caro

655 4141 881 4197 dicitur.
912 4144 980 4195 At
1002 4142 1096 4212 qui
1128 4140 1360 4197 Domino
1392 4142 1655 4209 adhaeret,
1680 4151 1790 4196 tam
1818 4158 2049 4213 corpore
2071 4157 2238 4212 (illam

656 4235 842 4288 animo
877 4250 1019 4301 unus
1073 4249 1197 4288 cum
1247 4250 1311 4289 eo
1360 4235 1587 4305 spiritus
1633 4244 1739 4301 est,
1775 4249 1839 4289 ac
1878 4236 2143 4306 quidquid
2184 4236 2241 4290 in

656 4326 880 4380 homine
932 4327 1097 4393 inest,
1147 4342 1289 4381 unus
1335 4327 1390 4380 in
1447 4325 1677 4381 Domino
1721 4328 1950 4397 spiritus
1986 4326 2239 4383 efﬁcitur.

655 4416 775 4484 Qua
820 4417 887 4472 de
938 4433 997 4471 re
1035 4426 1285 4474 statuens
1333 4419 1474 4474 idem
1514 4420 1809 4488 Apostolus
1840 4437 1854 4473 :
1885 4420 2045 4490 707
2077 4419 2239 4483 Deus,

657 4510 856 4580 inquit,
877 4513 1053 4580 posuit
1077 4513 1131 4564 in
1153 4527 1368 4580 corpore
1389 4513 1566 4566 omnia
1592 4511 1824 4565 membra
1857 4512 2068 4581 singula
2082 4522 2241 4578 prout

658 4602 883 4656 voluit‘.
912 4599 1051 4656 Vide
1089 4610 1151 4654 ut
1183 4604 1434 4678 corporis
1463 4617 1681 4673 quoque
1716 4588 2055 4658 conditorem
2089 4603 2228 4656 aﬂir.

659 4703 771 4749 met
802 4693 968 4747 Deum
1012 4708 1080 4746 ac
1119 4695 1488 4747 membrorum
1535 4703 1853 4749 nostrorum
1899 4696 2239 4764 composito-

659 4800 800 4850 rem,
834 4785 927 4855 qui
960 4785 1230 4855 sapientia
1261 4799 1324 4839 ac
1353 4785 1596 4841 bonitate
1626 4801 1748 4848 sua,
1782 4785 1862 4839 uti
1891 4787 2086 4849 voluit,
2116 4788 2242 4841 uni-

660 4890 821 4929 versa
863 4876 1167 4931 constituit.
1205 4873 1340 4931 Post
1372 4875 1487 4930 haec
1518 4876 1826 4945 exemplum
1858 4878 2108 4946 corporis
2138 4892 2241 4930 no-
2291 4909 2298 4917 -

663 4963 764 5018 stri
794 4963 862 5018 ad
892 4962 1097 5020 Christi
1124 4980 1325 5034 corpus
1358 4964 1761 5019 accommodat.
1784 4964 2244 5029 Quemadmodum

662 5066 712 5108 et
745 5070 839 5106 nos
875 5069 1061 5121 corpus
1100 5056 1298 5111 Christi
1322 5073 1523 5119 sumus,
1550 5066 1603 5110 et
1627 5057 1861 5110 membra
1889 5056 1954 5109 de
1988 5057 2242 5118 membro,

659 5155 711 5202 et
742 5144 981 5198 Ecclesia
1014 5146 1129 5210 Dei,
1165 5164 1280 5216 qua:
1311 5157 1386 5201 est
1425 5164 1613 5216 corpus
1647 5147 1906 5202 Christi“.
1939 5149 2173 5203 Proinde
2197 5150 2244 5203 si

661 5254 867 5308 corpus
897 5236 989 5291 Dei
1017 5237 1260 5294 Ecclesia
1289 5240 1504 5309 spiritui
1533 5242 1843 5303 adhaerens,
1882 5240 1987 5296 hoc
2024 5251 2110 5297 est
2142 5241 2246 5295 Do-

662 5332 998 5396 mino,unus
1030 5338 1114 5386 est
1142 5331 1373 5400 spiritus
1392 5373 1406 5395 ,
1432 5334 1749 5404 quicunque
1778 5336 1847 5388 ab
1875 5335 2065 5389 eadem
2095 5334 2243 5389 exci-

663 5423 765 5487 dit,
796 5421 1024 5493 perinde
1055 5438 1086 5476 a
1120 5421 1315 5491 spiritu
1347 5422 1686 5490 desciscens,
1732 5428 1916 5481 anima
1954 5430 2159 5497 pariter
2190 5437 2244 5483 et

664 5530 897 5587 corpore
925 5525 1298 5573 commutatur
1330 5520 1387 5573 in
1415 5535 1660 5585 carnem,
1684 5536 1750 5576 ac
1771 5522 1817 5577 si
1842 5522 1975 5592 quid
2007 5524 2155 5579 aliud
2188 5524 2242 5579 in

668 5605 788 5675 ipso
817 5612 1146 5666 continetur.
1193 5608 1326 5664 Nam
1354 5612 1449 5683 qui
1484 5610 1597 5665 ﬁeri
1642 5622 1846 5681 posset,
1892 5629 2105 5684 parsut
2135 5631 2244 5670 una

678 5723 1203 5814 ,ζ-[ςξοιξινκξ-ὅ·
1279 5729 1521 5800 'Ephcs.
1574 5746 1630 5797 ν,
1662 5732 1937 5800 31;Gen.
2003 5749 2064 5799 ιι,
2118 5735 2210 5789 26.

661 5789 699 5876 .8
723 5789 883 5850 Deest
906 5798 1139 5870 aliquid.

2338 1854 2477 1926 Ἐγὼ
2501 1854 2639 1925 μὲν,
2677 1854 2848 1909 ἀπὼν
2886 1854 2967 1920 τῷ
2998 1855 3246 1924 σώματι,
3279 1854 3489 1923 παρὼν
3511 1855 3579 1908 δὲ
3603 1853 3678 1920 τῷ
3706 1854 3852 1906 πνεύ-

2317 1959 2480 2012 ματι,
2514 1942 2631 2011 ἤδη
2668 1943 2914 2010 κέκρικα
2942 1941 3049 1996 τὸν
3084 1943 3151 1995 τὸ
3184 1943 3363 2012 ἔργον
3400 1945 3579 1998 τοῦτο
3618 1960 3855 2010 staremu-

2324 2034 2623 2105 σάμενον,
2671 2038 3097 2091 συνελθόντων
3134 2034 3302 2106 ὑμῶν
3348 2038 3452 2091 καὶ
3503 2038 3608 2091 τοῦ
3654 2036 3853 2104 Κυρίου,

2316 2127 2472 2196 μετὰ
2510 2127 2617 2181 τοῦ
2662 2127 2811 2197 ἐμοῦ
2847 2130 3217 2198 πνεύματος,
3244 2129 3618 2198 παραδοῦναι
3644 2130 3738 2183 τὸν
3765 2144 3853 2181 10t-

2325 2221 2508 2275 οῦτον
2543 2218 2624 2286 τῷ
2659 2220 2919 2289 Σατανᾷ,
2945 2224 3034 2288 είς
3066 2223 3315 2291 ὀλεθρον
3358 2222 3473 2290 τῆς
3526 2220 3756 2291 σαρκὸς,
3782 2220 3859 2273 ira

2324 2305 2392 2358 τὸ
2433 2306 2670 2376 πνεῦμα
2701 2307 2869 2377 σωθῇ
2905 2308 2976 2362 ἐν
3013 2308 3087 2377 τῇ
3114 2308 3306 2379 ἡμέρᾳ
3333 2310 3444 2364 τοῦ
3483 2311 3712 2378 Κυρίου.
3735 2306 3858 2362 Ὀλι-

2327 2396 2456 2468 Θρος
2483 2396 2541 2448 δὲ
2580 2396 2674 2449 ἐπὶ
2710 2398 2914 2469 σαρκὸς
2947 2400 2976 2452 6
3020 2399 3366 2453 παντάπασίν
3404 2401 3553 2453 ἐστιν
3581 2397 3857 2468 ἀφανισμός.

2328 2488 2455 2553 Πῶς
2494 2484 2622 2554 οὖν,
2670 2488 3074 2562 ἀφανιζομένης
3124 2490 3226 2560 τῆς
3272 2491 3479 2562 σαρκὸς
3537 2493 3592 2545 ὲν
3631 2492 3756 2561 χειρὶ
3788 2487 3859 2541 τοῦ

2325 2580 2607 2646 διαϐόλου,
2644 2582 2739 2636 καὶ
2787 2582 3095 2653 σωζομένου
3135 2582 3229 2635 τοῦ
3264 2583 3599 2653 πνεύματος,
3630 2582 3703 2637 ἔτι
3744 2581 3860 2635 ἔσται

2328 2672 2623 2738 ἀνάστασις
2675 2673 2944 2745 σωμάτων
2997 2672 3030 2743 ἡ
3093 2673 3327 2745 σαρκός;
3384 2675 3497 2727 Καὶ
3543 2676 3640 2728 οὐκ
3684 2669 3801 2726 οἶδεν
3839 2672 3862 2722 6

2328 2766 2554 2837 ἄπειρος
2580 2766 2722 2819 κατά
2770 2766 2969 2831 πάντα,
3000 2767 3082 2820 ὃτι
3122 2767 3189 2820 τὰ
3236 2766 3374 2839 ἔργα
3402 2770 3505 2838 τῆς
3537 2765 3726 2837 σαρκὸς
3763 2778 3862 2832 πορ-

2329 2858 2469 2922 νεία,
2513 2858 2749 2930 μοιχεία,
2781 2859 3058 2927 ἀσέλγεια,
3097 2860 3192 2912 καὶ
3232 2859 3301 2912 τὰ
3336 2858 3550 2923 τούτοις
3578 2861 3754 2929 ὅμοια·
3793 2853 3862 2906 καὶ

2330 2951 2391 3004 οὐ
2418 2951 2548 3020 περὶ
2590 2951 2759 3021 αὐτῆς
2812 2950 2910 3021 τῆς
2957 2949 3158 3022 σαρκὸς
3197 2949 3383 3019 λέγει,
3414 2951 3555 3006 ἀλλά
3586 2952 3687 3006 τῶν
3727 2949 3861 3021 ἔργων

2330 3042 2429 3111 τῆς
2462 3041 2682 3111 σαρκός.
2716 3042 2847 3096 Ὅτε
2894 3041 2993 3112 μὲν
3040 3042 3333 3113 ἐργάσεται
3383 3044 3722 3114 πορνείαν,ὴ
3761 3038 3863 3109 σὰρξ

2261 3154 2302 3211 c
2336 3134 2658 3205 ἐργάζεται·
2695 3133 2791 3188 ἐὰν
2829 3133 2888 3187 δὲ
2928 3135 3198 3205 κτήσηται
3253 3136 3617 3205 ἐγκράτειαν,
3661 3130 3862 3197 οὐκέτιὴ

2340 3226 2475 3298 σάρξ
2506 3227 2675 3288 ἐστιν,
2703 3223 2840 3278 ἀλλὰ
2874 3226 2907 3295 ἡ
2950 3225 3088 3296 σὰρξ
3123 3224 3526 3297 μεταϐέϐληται
3554 3229 3631 3290 είς
3660 3223 3861 3292 πνεῦμα·

2337 3319 2413 3382 ὡς
2444 3318 2538 3370 καὶ
2565 3319 2593 3370 ὁ
2631 3315 2955 3379 Ἀπόστολος
2984 3316 3160 3384 λέγει’
3192 3317 3275 3369 ὅτι
3310 3316 3372 3370 '0
3390 3316 3668 3387 ἀπαρχιῆς
3704 3311 3866 3372 συζεῶ

2339 3408 2451 3475 ξας
2475 3407 2549 3462 τὰ
2577 3408 2882 3477 ἀμφότερα
2910 3403 3079 3460 εἶπεν
3096 3422 3110 3435 °
3149 3406 3295 3460 Ἀντί
3321 3409 3541 3462 τούτου
3572 3405 3866 3470 καταλείψει

2338 3498 2649 3565 ἄνθρωπος
2712 3496 2820 3550 τὸν
2865 3496 3090 3565 πατέρα
3150 3495 3337 3551 αὐτοῦ
3380 3497 3483 3551 καί
3528 3497 3640 3564 τὴν
3685 3493 3869 3565 μητέρα

2339 3591 2550 3654 αὐτοῦ,
2580 3591 2679 3644 καὶ
2716 3589 3164 3656 κολληθήσεται
3206 3587 3282 3655 τῇ
3310 3589 3550 3658 γυναικί
3581 3587 3769 3649 αὐτοῦ,
3794 3582 3867 3636 καὶ

2338 3686 2583 3738 ἔσονται
2613 3686 2666 3737 ol
2693 3681 2802 3737 δύο
2824 3685 2912 3748 εις
2933 3681 3129 3749 σάρκα
3161 3681 3312 3750 μίαν
3330 3693 3345 3708 °
3371 3681 3455 3747 ὡς
3481 3686 3514 3736 ὀ
3542 3680 3870 3748 κολλώμενος

2339 3777 2413 3846 τῇ
2434 3779 2627 3846 πόρνῃ
2661 3775 2732 3829 ἓν
2765 3774 2938 3844 σῶμά
2968 3776 3158 3837 ἐστιν,
3197 3776 3230 3827 ὁ
3268 3774 3648 3844 κολλώμενος
3689 3767 3759 3839 τῷ
3779 3771 3868 3823 Kv-

2332 3870 2445 3937 ρίῳ
2493 3868 2562 3922 ἓν
2609 3866 2845 3936 πνεῦμά
2887 3868 3078 3921 ἐστιν.
3130 3871 3276 3941 Ἄρα
3318 3867 3411 3924 οὖν
3455 3872 3485 3924 6
3525 3868 3622 3938 τὴν
3663 3858 3870 3934 πορνείαν

2340 3960 2708 4032 ἐργαζόμενος
2738 3959 2873 4033 σὰρξ
2897 3961 3220 4030 γεγένηται·
3254 3963 3316 4015 οὐ
3351 3963 3514 4031 μόνον
3544 3957 3723 4028 αὐτὴή
3748 3947 3869 4019 σὰρξ.

2341 4054 2479 4108 ἁλλά
2510 4054 2606 4106 καὶ
2638 4052 2840 4118 πάντα,
2870 4054 2965 4104 καὶ
2998 4052 3165 4122 ψυχὴ,
3204 4052 3395 4106 καὶτὰ
3426 4052 3560 4106 ἄλλα
3593 4047 3721 4118 σάρξ
3757 4042 3870 4109 γίνε-

2341 4162 2454 4199 ται.
2490 4132 2789 4211 Κολληθεὶς
2816 4143 2926 4214 γὰρ
2958 4145 3023 4213 τῇ
3064 4142 3241 4216 πόρνῃ
3280 4141 3419 4213 σὰρξ
3454 4142 3685 4211 ἐγένετο,
3717 4135 3796 4190 καὶ
3815 4128 3872 4180 ὢν

2346 4237 2607 4308 σαρκικὸς
2661 4235 2796 4306 σὰρξ
2825 4234 2960 4298 ὅλως
2987 4234 3256 4288 καλεῖται.
3303 4235 3359 4286 '0
3386 4234 3445 4286 δὲ
3479 4232 3790 4301 κολλώμενος
3815 4218 3873 4288 τῷ

2345 4329 2534 4399 Κυρίῳ
2570 4328 2631 4382 ἓν
2664 4327 2880 4398 πνεῦμά
2933 4329 3085 4387 ἔστι,
3118 4326 3362 4378 τουτέστι
3399 4326 3561 4395 σῶμα
3601 4324 3686 4377 καὶ
3731 4312 3863 4387 ψυχῆς

2346 4422 2442 4474 καὶ
2469 4421 2667 4482 πάντα,
2704 4420 2756 4472 εί
2785 4420 2837 4471 τί
2866 4422 3013 4473 ἐστιν
3035 4419 3092 4471 ὲν
3113 4417 3190 4489 τῷ
3217 4415 3511 4487 ἀνθρώπῳ,
3536 4416 3596 4469 ἒν
3623 4411 3810 4475 πνεῦμα
3831 4405 3873 4454 ἐν

2271 4484 2319 4543 D
2346 4511 2424 4582 τῷ
2452 4511 2660 4582 Κυρίῳ.
2678 4510 2789 4564 Καὶ
2816 4509 2945 4580 περὶ
2969 4484 3488 4577 τούτουννομοὸετῶν
3514 4507 3541 4558 6
3569 4502 3718 4563 αὐτὸς
3746 4492 3872 4549 Ἀπά⁴

2348 4603 2534 4666 στολός
2563 4618 2756 4673 φησιν·
2801 4603 2864 4655 '0
2889 4600 3033 4667 Θεὸς
3071 4600 3239 4656 ἔθετο
3263 4599 3334 4652 ἐν
3365 4597 3592 4666 σώματι
3623 4591 3797 4647 πάντα
3819 4583 3873 4635 τὰ

2339 4696 2518 4765 μέλη,
2550 4696 2815 4749 ἕκαστον
2846 4692 3041 4759 καθὼς
3066 4692 3353 4760 ἠθέλησε.
3384 4691 3493 4744 Καὶ
3523 4692 3623 4760 ὅρα
3649 4683 3753 4745 πῶς
3772 4681 3869 4747 ὁμο-

2345 4785 2497 4854 λογεῖ
2519 4786 2611 4838 τὸν
2644 4785 2777 4838 Θεὸν
2807 4783 3036 4853 ποιητὴν
3068 4781 3162 4835 τοῦ
3198 4780 3467 4850 σώματος,
3502 4779 3594 4833 καὶ
3625 4775 3770 4842 θέτην
3790 4765 3871 4820 τῶν

2348 4881 2405 4932 ὲν
2435 4881 2566 4949 ἡμῖν
2616 4876 2814 4947 μελῶν,
2855 4876 2950 4929 καὶ
2998 4872 3180 4936 καθὼς
3207 4872 3437 4943 ἠθέλησε
3479 4873 3546 4941 τῇ
3594 4869 3693 4938 ἰδίᾳ
3746 4856 3872 4925 σοφίὲ

2346 4971 2442 5023 καὶ
2468 4969 2788 5039 ἀγαθότητι.
2810 4970 2831 4999 ⁸
2859 4963 2999 5021 Εἶτα
3026 4965 3210 5028 πάλιν,
3255 4966 3375 5017 ἀντὶ
3406 4961 3500 5016 τοῦ
3541 4955 3871 5039 παραδείγμαέ

2344 5079 2438 5125 τος
2465 5035 2560 5113 τοῦ
2594 5035 2862 5131 ἡμετέρου
2915 5058 3166 5128 σώματος
3191 5097 3206 5121 ,
3239 5055 3332 5109 τοῦ
3380 5053 3634 5125 Χριστοῦ.
3674 5050 3761 5109 Ὠς
3797 5035 3872 5092 καὶ

2345 5153 2518 5223 ἡμεῖς
2545 5151 2717 5221 σῶμα
2753 5150 3014 5221 Χριστοῦ
3040 5151 3248 5218 ἐσμεν,
3277 5148 3375 5202 καί
3405 5145 3560 5215 μέλη
3580 5145 3645 5195 ἐκ
3665 5139 3868 5209 μέλουςι

2348 5246 2445 5299 καὶ
2476 5247 2526 5312 ἡ⁴
2562 5245 2893 5310 Ἐκκλησία
2924 5243 3031 5296 τοῦ
3063 5241 3233 5305 Θεοῦ,
3264 5240 3395 5309 ἥτις
3419 5237 3554 5293 ἐστὶ
3583 5233 3742 5300 σῶμα
3774 5225 3872 5287 XF"

2349 5338 2522 5393 στοῦ.
2550 5339 2612 5390 Ei
2659 5338 2820 5406 σῶμα
2860 5335 3039 5387 τοίνυν
3068 5332 3204 5385 Θεοῦ
3241 5333 3277 5401 ἡ
3325 5327 3612 5398 Ἐκκλησία
3651 5314 3870 5406 κεκολλης

2355 5431 2491 5503 μένη
2525 5429 2603 5500 τῷ
2649 5427 2943 5498 πνεύματι,
2973 5424 3219 5478 τουτέστι
3246 5422 3324 5492 τῷ
3357 5419 3567 5491 Κυρίῳ,
3607 5412 3665 5467 ἓν
3696 5399 3872 5471 πνεῦμά

2352 5527 2520 5588 ἐστιν,
2552 5525 2582 5575 6
2602 5522 2698 5575 ἀπ’
2732 5519 2904 5589 αὐτῆς
2932 5517 3112 5571 τοίνυν
3145 5513 3472 5586 ἁμαρτάνων
3495 5506 3778 5575 πνεύματος
3799 5498 3871 5589 έκς

2353 5579 2535 5670 πεσὼν
2580 5611 2719 5684 σὰρξ
2751 5579 3042 5681 γεγένηται
3071 5579 3207 5670 ὅλως
3425 5602 3517 5657 καὶ
3554 5597 3765 5667 σώματι.
3798 5579 3871 5637 καὶ

2290 5735 2520 5791 'JCor.
2555 5751 2630 5789 v1.
2685 5732 2773 5787 l6.
2824 5731 2910 5784 i7.
2989 5727 3214 5782 ‘lCor.
3275 5741 3375 5787 xu,
3439 5720 3525 5775 18.
3602 5717 3623 5749 ⁸
3656 5708 3772 5767 ibid.
3794 5700 3863 5753 97'
