4078 6408
209 438 296 497 169

202 560 249 614 εί
285 555 400 619 τίς¹
434 554 577 608 ἐστιν
625 553 681 606 έν
729 548 896 620 αὐτῷ.
941 549 1093 602 Ἐπεὶ
1130 548 1246 612 πῶς
1299 547 1524 604 ἐδύνατο
1577 549 1742 622 μέρος
1771 562 1818 618 Α

202 642 537 717 παραδοθῆναι
564 640 643 711 τῷ
664 639 892 710 Σατανᾷ,
913 638 1008 693 καὶ
1038 639 1206 711 μέρος
1240 639 1316 711 μὴ
1339 639 1746 711 παραδοθῆναι;

201 741 264 793 Οὐ
301 736 402 807 γάρ
451 730 595 800 εἰπε,
647 732 1013 805 παραδοθῆναι
1057 732 1156 803 τὴν
1187 732 1369 803 σάρκα
1391 731 1472 803 τῷ
1510 731 1745 804 Σατανᾷ,

200 830 314 885 ἀλλὰ
338 827 700 899 παραδοῦναι
744 826 851 893 τὸν
891 824 1186 881 τοιοῦτον.
1231 826 1291 878 '0
1327 824 1387 878 δὲ
1417 824 1594 894 λέγων
1639 825 1750 880 τὸν

198 921 443 976 τοιοῦτον
470 918 725 989 ὁλοσχερῆ
766 914 1057 988 ἄνθρωπον
1098 914 1197 969 σὺν
1242 913 1389 986 ψυχῇ
1437 913 1536 968 καὶ
1583 912 1750 967 παντὶ

207 1012 539 1086 τῷὰνθρὼπῳ
576 1009 977 1083 παραδέδωκεν.
1008 1008 1074 1064 Εἰ
1097 1007 1155 1060 δὲ
1184 1007 1304 1061 ὅλον
1335 1006 1746 1079 παραδέδωκεν,

204 1106 299 1159 ὅλον
322 1103 493 1176 σάρκα
531 1102 880 1173 ἀπεφήνατο·
919 1100 982 1154 τὸ
1010 1098 1230 1171 πνεῦμα
1254 1099 1313 1153 δὲ
1342 1098 1534 1170 ἐδήλου
1577 1097 1750 1163 σώζε-

204 1197 305 1250 σθαι
346 1196 421 1259 εἰς
473 1196 572 1265 τὴν
606 1194 817 1267 ἡμέραν
858 1191 1105 1264 Κυρίου,
1151 1193 1242 1245 ἴνα
1293 1191 1369 1263 μὴ
1414 1190 1520 1245 ὑπὸ
1570 1190 1752 1244 αἰτίαν

204 1291 449 1363 γένηταιὴ
492 1287 783 1358 Ἐκκλησία
829 1285 925 1340 τοῦ
968 1285 1289 1357 σφάλματος
1323 1284 1418 1338 τοῦ
1455 1284 1752 1353 σφαλέντος

203 1381 474 1453 ἀνθρώπου,
509 1380 605 1432 καὶ
639 1376 876 1450 μολυνθῇ
905 1376 1001 1448 ὅλη
1052 1379 1087 1447 ἡ
1125 1375 1424 1447 Ἐκκλησία
1460 1374 1539 1447 τῷ
1569 1391 1751 1447 παρα-

204 1476 420 1547 πτώματι
441 1472 534 1528 τοῦ
569 1472 709 1537 ἑνὸς,
740 1470 923 1540 λέγει·
951 1469 1258 1539 Παράδοτε
1282 1468 1390 1522 τὸν
1414 1466 1753 1537 σφαλέντα,

205 1572 281 1624 ἵνα
303 1567 361 1620 τὸ
389 1564 640 1634 πνεῦμα,
666 1562 948 1617 τουτέστιν
972 1561 1070 1633 ὅλη
1104 1564 1138 1632 ἡ
1176 1555 1497 1631 Ἐκκλησία,
1526 1555 1716 1626 σωθῇ.

251 1659 371 1729 nq‘.
388 1659 543 1714 Ἀλλὰ
565 1675 731 1731 φησι·
757 1658 1103 1729 Γέγραπται·
1122 1656 1280 1725 Σὰρε
1297 1655 1397 1711 καί
1416 1652 1756 1725 αἶμαβασι-

204 1753 349 1808 λείαν
358 1752 499 1806 Θεοῦ
510 1754 582 1806 οὺ
595 1748 1273 1820 κληρονομήσουσαΚαὶ
1286 1748 1497 1819 νομίζει
1512 1748 1569 1800 ἐν
1580 1745 1757 1814 τούτῳ

203 1843 351 1914 λέγειν
368 1861 431 1900 τι.
450 1845 557 1898 Καὶ
568 1843 679 1914 γὰρ
689 1841 767 1913 τῷ
782 1842 895 1896 ὄντι
912 1842 971 1894 οὐ
994 1841 1217 1895 δύναται
1240 1840 1468 1912 πορνεία
1493 1838 1756 1909 κληρονο-

808 427 1181 486 ADVERSUS
1219 427 1567 485 IIERESES
1606 428 1737 485 UB.
1782 430 1843 487 II.

1888 429 2054 486 TUM.
2096 429 2162 484 II.
2201 458 2272 469 —-
2312 428 2582 485 IUERES.
2626 429 2813 485 LXVI.
3334 434 3439 491 170

1850 549 2066 607 Satame
2117 549 2456 615 traderetur,
2509 566 2619 604 non
2667 551 2978 605 traderetur
3008 549 3219 607 altera?
3253 550 3442 625 Neque

1850 658 1981 699 vero
2010 642 2150 697 dixit
2170 642 2468 713 Apostolus
2502 660 2518 697 :
2552 640 2794 698 Tradere
2816 658 3037 699 carnem
3078 642 3317 714 Satanae,
3345 650 3442 702 sed

1852 735 2063 791 tradere
2104 735 2389 804 ejusmodi.
2442 734 2515 789 At
2557 735 2653 807 qui
2686 735 2949 805 ejusmodi
2981 739 3135 806 dicit,
3167 741 3441 812 integrum

1850 827 2098 900 profecto
2152 828 2454 893 hominem,
2512 828 2618 883 hoc
2668 836 2754 884 est
2804 836 2915 883 tam
2966 831 3229 897 animam,
3276 850 3443 905 quam

1850 936 2055 991 corpus
2090 921 2380 976 tradiderit
2410 936 2637 977 necesse
2676 928 2781 977 est.
2825 921 2928 988 Qui
2964 938 3086 977 cum
3120 935 3292 980 totum
3331 935 3447 980 tra-

1852 1012 2076 1075 diderit.
2122 1020 2294 1067 totum
2328 1012 2587 1067 videlicet
2628 1027 2850 1067 carnem
2890 1030 3015 1068 esse
3044 1014 3352 1085 significat;
3390 1025 3449 1070 at

1854 1102 2110 1173 spiritum
2142 1103 2198 1156 in
2227 1102 2373 1157 diem
2408 1101 2625 1157 Domini
2662 1103 2871 1157 servari
2903 1104 3263 1170 demonstrat,
3290 1114 3349 1159 ut
3378 1123 3449 1161 ne

1854 1193 2103 1249 Ecclesia
2131 1193 2506 1265 delinquentis
2546 1195 2785 1251 hominis
2832 1197 3040 1251 scelere
3071 1199 3449 1269 obstringere-

1854 1292 1966 1349 tur,
2007 1285 2284 1354 uniusque
2317 1284 2520 1341 delicto
2551 1294 2662 1340 tota
2702 1286 2820 1356 ipsa
2868 1288 3225 1357 pollueretur.
3265 1290 3451 1356 Quare

1855 1377 1929 1431 ita
1968 1377 2125 1446 jubet
2169 1378 2468 1448 Apostolus
2502 1397 2517 1434 :
2559 1377 2775 1433 Tradite
2811 1395 2931 1433 eum
2976 1382 3066 1450 qui
3104 1381 3349 1452 deliquit,
3389 1395 3447 1437 ut

1854 1468 2097 1537 spiritus,
2132 1467 2238 1522 hoc
2265 1476 2350 1523 est
2380 1468 2624 1524 Ecclesia
2652 1470 2933 1533 universa,
2965 1471 3143 1525 salvus
3168 1474 3234 1527 sit
3260 1476 3304 1527 '.

1929 1643 2216 1700 LXXXVI.
2253 1646 2422 1716 Atqui
2457 1647 2726 1717 scriptum
2783 1660 2866 1703 est
2896 1648 3057 1720 (ait):
3085 1607 3225 1705 Doro
3261 1661 3308 1705 et
3332 1668 3453 1705 sau-

1856 1740 1976 1812 gttis
2011 1755 2228 1809 regnum
2262 1739 2362 1793 Dei
2399 1756 2504 1793 non
2544 1739 2883 1807 possidebunt
2905 1744 2946 1795 ³.
2998 1744 3114 1807 Qua
3149 1742 3452 1815 Scriptura:

1860 1831 2137 1885 sententia
2163 1829 2417 1885 nonnihil
2443 1831 2657 1887 efﬁcere
2689 1847 2747 1888 se
2776 1842 2951 1903 putat.
2987 1832 3187 1890 Verum
3219 1836 3376 1905 longe
3405 1838 3449 1892 is

205 1939 302 2007 μεῖν
327 1936 589 2007 βασιλείαν
615 1933 887 2006 οὐρανῶν,
918 1932 1041 1987 οὐδὲ
1071 1933 1309 2005 μοιχεία,
1332 1932 1456 1986 οὐδὲ
1476 1930 1756 1998 ἀσέλγεια,

1863 1921 2105 1977 aberrat.
2140 1923 2362 1979 Certum
2403 1925 2551 1980 enim
2582 1935 2668 1981 est
2701 1941 2814 1995 non
2850 1942 3011 1997 posse
3050 1935 3302 1998 stuprum
3338 1943 3454 1984 cte-

202 2028 300 2083 οὗδὲ
334 2027 744 2099 εἰδωλολατρεία
764 2044 778 2059 ·
818 2026 1069 2081 τουτέστι
1100 2024 1239 2097 σὰρξ
1270 2025 1367 2079 καὶ
1396 2018 1560 2094 αἷμα.
1593 2023 1657 2075 Εἰ
1697 2021 1755 2074 δὲ

202 2123 306 2195 περὶ
331 2121 522 2194 σαρκὸς
551 2120 651 2175 καὶ
675 2120 906 2191 αἵματος
927 2118 1089 2173 τοῦτο
1120 2117 1386 2189 νομίζεις,
1410 2111 1549 2169 εἶναι
1582 2114 1755 2186 αὐτὴν

201 2217 281 2288 τὴν
319 2215 515 2288 σάρκα,
563 2212 686 2278 πῶς
729 2212 811 2266 ἔτι
846 2210 1147 2287 πληροῦται
1180 2211 1244 2264 τὸ
1286 2208 1577 2282 εἰρημένον
1597 2225 1610 2236 ·
1643 2208 1754 2262 Καὶ

201 2305 313 2362 ὅσοι
326 2308 533 2362 ἔλαϐον
549 2304 764 2371 αὐτὸν,
782 2305 1007 2360 ἔδωκεν
1032 2303 1241 2368 αὐτοῖς
1263 2301 1557 2367 ἐξουσίαν
1574 2300 1757 2357 τέκνα

202 2400 329 2456 Θεοῦ
346 2398 617 2471 γενέσθαι
639 2416 654 2431 ο
682 2398 741 2454 οἳ
770 2400 883 2453 οὐκ
914 2396 985 2462 ἐξ
1016 2395 1300 2466 αἱμάτων,
1334 2392 1478 2448 οὐδὲ
1507 2393 1577 2447 ἐκ
1603 2408 1754 2462 σαρ-

201 2489 289 2555 κὸς
324 2488 756 2559 ἐγεννήθησαν,
797 2486 935 2542 ἀλλ’
987 2486 1056 2539 ὲκ
1093 2484 1279 2549 Θεοῦ;
1319 2483 1414 2547 Τίς
1464 2484 1524 2536 ὲν
1563 2482 1757 2553 κόσμῳ

202 2579 454 2651 γεγένηται
478 2580 609 2633 ἄνευ
644 2577 884 2649 σαρκὸς;
930 2575 1071 2630 Ἀλλ’
1110 2573 1300 2647 ἐπειδὴ
1341 2570 1755 2645 μετεϐλήθησαν

200 2670 245 2722 αἱ
268 2669 493 2741 γνῶμαι·
523 2670 582 2724 ού
618 2670 733 2741 γὰρ
781 2670 838 2723 αἱ
885 2668 1077 2736 φύσεις
1106 2665 1214 2721 τῶν
1255 2664 1613 2736 γεννωμένων
1638 2663 1755 2719 ἀπὸ

206 2759 418 2832 μητέρων
442 2762 533 2815 καί
585 2760 850 2832 πατέρων
886 2758 1089 2830 σαρκὸς
1115 2757 1211 2810 καὶ
1256 2756 1489 2828 αἵματος
1527 2755 1754 2826 ἐγεννή-

204 2850 347 2923 θησαν
372 2854 460 2925 τὴν
477 2851 744 2924 δευτέραν
769 2852 1024 2922 γέννησιν
1051 2850 1149 2921 τὴν
1171 2848 1279 2902 ἀπὸ
1304 2848 1400 2917 τῆς
1425 2845 1521 2901 τοῦ
1545 2844 1754 2921 Κυρίου

205 2945 469 3017 γεννήσεως
515 2945 604 2999 διὰ
645 2942 959 3015 πνεύματος
1005 2942 1104 2997 καὶ
1150 2940 1353 3013 πυρός⁵
1386 2939 1612 2995 ἔδωκεν
1646 2940 1758 2995 αὐ-

207 3035 308 3100 τοῖς
332 3037 604 3102 ἐξουσίαν
646 3036 833 3090 τέκνα
873 3034 1023 3090 Θεοῦ
1064 3033 1363 3105 γενέσθαι.
1408 3034 1495 3097 Ὠς
1533 3027 1627 3087 οὖν
1664 3033 1756 3087 έν-

209 3127 351 3182 ταῦθι
378 3132 434 3183 ὲκ
467 3130 676 3202 σαρκὸς
720 3128 1093 3200 ἐγεννήθησαν
1138 3127 1233 3180 καὶ
1262 3123 1322 3191 ἐξ
1351 3126 1603 3196 αἵματος.
1644 3125 1756 3179 Καὶ⁵

214 3220 519 3289 οὓλογὶζεται
552 3225 628 3278 ὲκ
674 3220 878 3292 σαρκὸς
913 3220 1006 3274 καὶ
1046 3219 1280 3291 αἵματος
1305 3222 1339 3290 ή
1384 3218 1638 3290 γέννησις
1666 3216 1755 3270 διὰ

219 3310 303 3381 τὴν
334 3315 600 3387 μεταϐολὴν
657 3314 754 3385 τῆς
805 3312 1170 3383 δικαιοσύνης.
1208 3312 1469 3380 Καίτοιγε
1500 3312 1559 3364 ὲν
1591 3308 1756 3383 σαρκί
1785 3294 1827 3351 C

215 3402 294 3456 καὶ
306 3405 483 3475 αἵματι,
499 3409 571 3472 ὡς
587 3405 779 3475 λέγει’
806 3406 902 3459 Ἑν
920 3404 1105 3473 σαρκί
1132 3404 1242 3475 γὰρ
1264 3402 1752 3473 περιπατοῦντες,

208 3497 270 3548 οὐ
304 3498 431 3552 κατὰ
459 3500 663 3569 σάρκα
708 3497 1173 3566 στρατευόμεθα.
1203 3496 1345 3566 Ἀρα
1371 3489 1463 3548 οὖν
1489 3493 1568 3547 ἔνι
1597 3493 1755 3565 σάρξ,

203 3589 254 3642 οὐ
284 3592 409 3646 κατὰ
452 3593 637 3664 σάρκα
668 3590 1096 3663 στρατευομένη.
1129 3589 1241 3643 Καὶ
1268 3587 1357 3641 διὰ
1401 3585 1560 3640 τοῦτο
1606 3585 1756 3655 λέγει

208 3680 354 3752 σάρκα
379 3686 464 3738 καὶ
487 3680 634 3755 αἷμα.
673 3683 748 3755 μὴ
779 3683 1137 3755 κληρονομεῖν
1169 3678 1450 3751 βασιλείαν
1475 3676 1720 3752 οὐρανῶν
1737 3694 1752 3710 ·

204 3771 250 3824 οὐ
272 3777 382 3846 περὶ
404 3775 498 3846 τῆς
522 3773 735 3847 σαρκὸς
762 3773 967 3844 ταύτης
995 3773 1093 3844 τῆς
1126 3770 1430 3843 καμούσης,
1468 3769 1569 3839 τῆς
1597 3769 1758 3838 ἁγια-

207 3863 410 3939 σθείσης,
440 3870 538 3941 τῆς
562 3868 652 3939 τῷ
678 3866 798 3939 Θεῷ
827 3865 1299 3940 εὐαρεστησάσης,
1328 3863 1465 3919 ἀλλὰ
1494 3864 1626 3934 περί
1655 3861 1757 3932 τῆς

202 3956 248 4009 ἐν
276 3958 550 4032 ἁμαρτίαις
583 3958 997 4029 ἒξετασθείσης.
1030 3956 1185 4010 Ἐπεὶ
1219 3953 1337 4019 πῶς
1357 3953 1423 4009 ἂν
1451 3952 1756 4024 πληροῦται

192 4048 253 4107 (τὸ
269 4053 570 4124 εἰρημένον⁹
604 4051 713 4108 Δεῖ
750 4051 858 4123 γὰρ
894 4050 962 4105 τὸ
994 4048 1260 4119 φθαρτὸν
1288 4047 1465 4102 τοῦτο
1499 4045 1759 4100 ἐνδύσα-

197 4141 316 4196 σθαι
344 4142 721 4214 ἁφθαρσίαν,
771 4140 872 4195 καὶ
913 4140 980 4194 τὸ
1023 4138 1247 4207 θνητὸν
1280 4136 1457 4193 τοῦτο
1496 4136 1758 4190 ἐνδύσα-

201 4236 318 4288 σθαι
339 4237 714 4300 ἀθανασίαν;
744 4232 1191 4305 Τηλαυγέστερον
1222 4231 1280 4285 δὲ
1330 4229 1462 4301 περλ⁵
1503 4227 1694 4283 τούτου
1730 4228 1760 4281 ὁ

199 4325 337 4390 αὐτὸς
375 4328 701 4390 ’Δπὸστολος
733 4325 1015 4397 σημαίνων
1038 4362 1053 4388 ,
1098 4323 1188 4376 ἵνα
1230 4322 1305 4393 μή
1360 4338 1502 4386 τινες
1548 4319 1758 4391 πλανη-

198 4415 334 4482 θῶσι,
361 4421 452 4474 καὶ
483 4422 611 4477 ἀντὶ
650 4418 756 4473 τῶν
798 4417 1018 4488 φαύλων
1056 4408 1239 4487 ἔργων
1257 4414 1353 4485 τὴν
1382 4410 1476 4467 τοῦ
1509 4411 1760 4483 σώματος

198 4508 370 4566 πλάσιν
396 4515 774 4568 ἀπελπίσωσιν
812 4514 878 4566 ὲκ
905 4514 1005 4583 τῆς
1029 4510 1404 4574 ἀναστάσεως,
1432 4508 1582 4576 λέγει
1606 4522 1619 4535 '
1653 4508 1760 4561 Νε-

198 4606 436 4670 ’φώσατε
471 4610 545 4662 τὰ
593 4606 755 4677 μέλη
790 4605 863 4660 τὰ
905 4605 1007 4659 ἐπὶ
1060 4602 1171 4673 τῆς
1221 4600 1371 4672 γῆς·
1430 4600 1592 4656 ἅτινά
1641 4601 1760 4654 ἐστι

199 4698 416 4768 πορνεία,
443 4700 684 4771 μοιχεία,
708 4697 991 4766 ἀσέλγεια,
1016 4697 1110 4749 καὶ
1134 4694 1202 4749 τὰ
1231 4694 1377 4766 ἑξῆς.
1457 4733 1472 4747 .
1554 4735 1568 4748 .
1648 4733 1662 4748 .
1742 4732 1758 4747 .

196 4877 313 4936 ἀλλὰ
337 4884 430 4937 καὶ
461 4884 594 4947 τοὺς
629 4882 894 4954 ὀφθέντας
928 4884 1045 4948 τοῖς
1091 4879 1419 4946 Γαλιλαίοις,
1447 4880 1543 4933 καὶ
1571 4878 1761 4947 λέγον-

195 4987 297 5037 τας,
332 4975 411 5028 ὅτι
466 4975 702 5030 Τοῦτον
747 4974 855 5029 τὸν
911 4972 1156 5041 Ἰησοῦν
1201 4970 1275 5026 ὃν
1321 4969 1618 5039 ἑωράκατε
1662 4970 1763 5039 ἀφ’

195 5064 343 5132 ὑμῶν
390 5068 971 5137 ἀναλαμϐανόμενον
991 5105 1007 5131 ,
1061 5064 1253 5129 οὕτως
1312 5063 1632 5119 ἐλεύσεται
1690 5062 1764 5117 ὃν

197 5160 396 5223 τρόπον
415 5159 610 5215 εἴδετε
633 5160 822 5213 αὑτὸν
842 5156 1440 5227 ἀναλαμϐανόμενον.

1863 2014 2001 2070 leste
2034 2029 2264 2085 regnum
2296 2016 2569 2084 obtinere,
2599 2033 2702 2073 nec
2732 2018 3091 2085 adulterium,
3129 2036 3305 2090 neque
3329 2021 3455 2075 libi-

1862 2106 2069 2171 dinem,
2099 2122 2202 2164 nec
2226 2107 2593 2163 idololatriam
2617 2128 2630 2163 :
2658 2125 2780 2179 qua:
2812 2110 2997 2165 omnia
3028 2126 3127 2180 per
3154 2127 3374 2166 carnem
3398 2121 3455 2168 et

1862 2199 2186 2271 sanguinem
2237 2199 2594 2270 intelligenda
2643 2211 2794 2257 sunt.
2849 2201 2985 2285 Naun
3035 2203 3083 2259 si
3131 2218 3353 2259 carnem
3399 2216 3455 2259 et

1862 2292 2190 2363 sanguinem
2217 2292 2300 2348 sic
2331 2293 2739 2365 interpretaris,
2766 2304 2827 2348 ut
2856 2295 2923 2350 ad
2956 2296 3234 2366 propriam
3269 2296 3455 2350 homi-

1862 2386 1951 2441 nis
1991 2399 2214 2440 carnem
2254 2387 2548 2455 pertineat,
2603 2403 2842 2458 quonam
2890 2390 3053 2444 modo
3092 2406 3281 2444 verum
3320 2392 3453 2445 illud

1862 2493 1987 2535 esse
2015 2478 2242 2549 poterit:
2278 2477 2549 2550 Quotquot
2573 2490 2749 2534 autem
2778 2491 3080 2551 receperunt
3107 2483 3281 2546 illum,
3308 2483 3456 2538 dedit

1861 2572 1939 2627 eis
1969 2579 2289 2641 potestatem
2328 2571 2468 2641 filios
2502 2571 2599 2626 Dei
2637 2572 2775 2641 ﬁeri,
2808 2575 2900 2645 qui
2943 2592 3047 2629 non
3076 2592 3140 2630 ex
3175 2578 3457 2646 sanguini-

1864 2662 1981 2728 bus,
2006 2678 2169 2733 neque
2199 2677 2264 2716 ea:
2291 2678 2450 2716 carne
2473 2662 2587 2716 nati
2613 2672 2760 2727 sunt,
2792 2662 2883 2717 sed
2916 2680 2981 2719 ex
3009 2664 3120 2719 Deo
3141 2665 3203 2721 ‘f
3228 2666 3365 2733 Quis
3397 2670 3455 2725 in

1862 2752 2073 2810 mundo
2102 2754 2223 2810 sine
2259 2769 2427 2810 carne
2455 2764 2619 2809 natus
2648 2754 2776 2809 est?
2819 2755 3019 2811 Verum
3056 2758 3315 2825 quoniam
3342 2776 3455 2816 non

1864 2851 2077 2900 natura:
2105 2843 2327 2915 quidem
2367 2845 2613 2911 illorum,
2643 2845 2737 2915 qui
2776 2859 2844 2900 ex
2885 2856 3173 2916 parentum
3203 2863 3373 2905 carne
3399 2859 3458 2906 et

1863 2937 2134 3010 sanguine
2150 2936 2434 3008 propagati
2460 2946 2610 3002 sunt,
2633 2936 2730 2991 sed
2758 2937 2925 2991 animi
2957 2941 3277 2995 commutati
3301 2952 3453 3009 sunt,

1863 3048 1929 3090 ac
1980 3032 2225 3088 secunda
2273 3032 2626 3102 generatione
2676 3047 2708 3086 a
2764 3030 2995 3086 Domino
3050 3049 3148 3103 per
3199 3035 3457 3105 spiritum

1863 3128 2156 3198 ignemque
2202 3125 2500 3197 procreati,
2552 3135 2863 3196 propterea,
2909 3126 3073 3192 dedit,
3106 3127 3306 3199 inquit.
3344 3130 3457 3186 illis

1861 3230 2175 3290 potestatem
2204 3220 2348 3289 ﬁlios
2377 3219 2475 3273 Dei
2508 3219 2649 3288 ﬁeri.
2698 3219 2789 3274 Sic
2830 3221 2996 3290 igitur
3036 3238 3100 3276 ex
3134 3237 3299 3277 carne
3330 3224 3459 3279 istic

1862 3322 1917 3369 et
1946 3314 2218 3385 sanguine
2247 3312 2363 3368 nati
2408 3320 2559 3367 sunt.
2594 3313 2781 3383 Neque
2811 3319 2997 3367 tamen
3042 3313 3112 3367 ob
3154 3313 3459 3369 traductio-

1863 3420 1986 3461 nem
2033 3406 2183 3459 illam
2232 3404 2300 3459 ad
2342 3404 2637 3474 justitiam,
2688 3405 2914 3459 alterius
2954 3420 3020 3459 ex
3054 3420 3220 3461 carne
3245 3412 3300 3459 ct
3330 3421 3460 3461 san-

1863 3498 2030 3569 guine
2083 3496 2320 3551 habetur
2368 3496 2744 3567 generationis
2801 3497 2964 3551 ratio.
3023 3498 3349 3567 Quanquam
3400 3499 3459 3555 ir.

1864 3605 2032 3647 carne
2062 3588 2445 3654 nihilominus,
2476 3597 2531 3642 et
2567 3589 2733 3659 708
2771 3590 3040 3659 sanguine
3079 3602 3455 3661 permaneant,

1864 3681 2015 3736 velut
2048 3680 2157 3735 alio
2190 3680 2312 3735 loco
2341 3678 2477 3734 dicit
2509 3696 2522 3732 :
2553 3676 2619 3731 In
2661 3694 2822 3731 carne
2862 3677 3195 3732 ambulantes
3237 3695 3339 3732 non
3375 3697 3459 3734 se-

1865 3780 2097 3830 cundum
2125 3790 2339 3829 carnem
2371 3774 2667 3827 militamus
2690 3773 2735 3827 ⁸.
2768 3771 3039 3839 Quocirca
3072 3773 3211 3827 inest
3238 3773 3459 3842 quidem

1865 3876 2034 3931 caro;
2071 3861 2168 3918 sed
2201 3879 2315 3918 nou
2341 3861 2650 3918 secundum
2683 3876 2908 3917 carnem
2942 3863 3158 3916 militat.
3205 3862 3344 3918 Ilinc
3375 3874 3462 3920 est

1865 3956 2014 4027 quod
2047 3955 2144 4021 ait,
2188 3969 2413 4012 carnem
2463 3962 2518 4009 et
2565 3954 2890 4025 sanguinem
2951 3955 3173 4010 cmleste
3228 3971 3462 4026 regnum

1865 4046 2094 4103 minime
2137 4047 2443 4117 possidere.
2488 4046 2590 4102 Ubi
2630 4061 2739 4103 non
2774 4046 2842 4102 de
2870 4060 2933 4101 ca
2979 4046 3148 4103 carne
3193 4046 3459 4118 loquitur,

1866 4156 1990 4213 qua:
2038 4141 2325 4197 laboribus
2376 4140 2589 4204 attrita,
2631 4155 2754 4210 quae
2784 4141 3080 4195 sanctitate
3112 4149 3459 4209 consecrata,

1867 4247 1990 4303 qua:
2029 4230 2141 4287 Deo
2170 4231 2411 4302 denique
2444 4238 2598 4301 grata
2632 4231 2723 4297 sit,
2761 4229 2858 4286 sed
2887 4231 2956 4286 de
2981 4246 3069 4295 ea,
3099 4245 3220 4300 qua:
3251 4231 3307 4286 in
3331 4246 3463 4301 pec-

1869 4333 2121 4383 catorum
2160 4323 2424 4380 sordibus
2447 4322 2745 4378 detinetur.
2781 4321 2940 4389 Quod
2967 4322 3073 4376 nisi
3102 4322 3176 4376 ita
3210 4331 3313 4385 est,
3338 4322 3460 4392 qui-

1868 4433 1996 4473 nam
2040 4418 2175 4473 illud
2221 4416 2435 4487 impleri
2472 4415 2717 4486 poterit:
2751 4413 2974 4485 Oportet
3017 4415 3159 4468 enim
3192 4416 3457 4483 corrupti-

1871 4511 1972 4565 bile
2005 4512 2103 4565 hoc
2135 4509 2354 4564 induere
2382 4508 2856 4577 incorruptionem,
2898 4516 2949 4561 et
2992 4505 3217 4562 mortale
3249 4506 3345 4560 hoc
3376 4507 3460 4559 iu-

1868 4604 2028 4658 duere
2063 4602 2605 4658 immortalitatem“?
2648 4600 2804 4668 Quod
2857 4600 3064 4656 clarius
3114 4599 3256 4656 idem
3310 4600 3460 4671 Apo-

1868 4698 2046 4754 stolus
2090 4695 2432 4767 significans,
2485 4711 2556 4751 ne
2593 4694 2687 4766 qui
2722 4693 2957 4750 forsitan
2988 4700 3267 4760 errarent,
3297 4702 3463 4761 atque

1741 4825 1757 4840 ο
1872 4791 1946 4846 ob
1980 4791 2193 4846 scelera
2223 4789 2292 4844 de
2323 4788 2649 4843 formatione
2679 4787 2929 4857 corporis
2962 4787 3019 4841 in
3052 4785 3463 4841 resurrectione

1872 4883 2253 4954 desperarent,
2281 4883 2369 4937 his
2404 4881 2585 4937 verbis
2617 4883 2869 4936 hortatur
2896 4900 2909 4935 ς
2950 4879 3273 4949 Mortiﬁcate
3296 4897 3464 4934 ntem-

1872 4975 1989 5039 bra,
2028 4993 2146 5046 qua:
2184 4985 2309 5031 sunt
2358 4976 2413 5030 in
2466 4975 2673 5040 terra’,
2721 4958 2825 5029 hoc
2873 4980 2979 5040 est,
3013 4974 3462 5038 fornicationem,

1871 5067 2224 5134 adulterium,
2268 5067 2586 5132 libidinem,
2629 5075 2740 5121 etc.
2787 5106 2801 5122 .
2866 5105 2880 5119 .
2962 5106 2976 5121 .
3055 5104 3071 5120 .

1869 5157 1986 5216 lmo
2005 5170 2060 5216 et
2082 5177 2179 5218 eos
2201 5162 2292 5232 qui
2325 5160 2566 5216 GRIIItBIS
2587 5168 2963 5231 apparuerunt
2994 5177 3199 5233 eosque
3229 5162 3310 5217 sic
3332 5160 3466 5217 allo-

197 5253 290 5307 Cuti
319 5264 443 5310 sunt
469 5274 484 5310 :
512 5256 673 5311 Hune
694 5254 900 5321 Iesum,
930 5271 1083 5327 quem
1105 5254 1309 5308 vidistis
1338 5270 1369 5307 a
1396 5254 1538 5308 vobis
1567 5266 1921 5319 assumptum,
1950 5260 2027 5313 sic
2055 5261 2220 5314 ueniet
2241 5259 2685 5330 quemadmodum
2707 5260 2913 5315 vidistis
2929 5277 3048 5316 eum
3073 5271 3403 5329 assumptum
3419 5257 3461 5313 ⁸.

257 5346 370 5402 llZ'.
421 5350 560 5402 Ἀπὸ
605 5349 663 5403 δὲ
700 5348 812 5402 τῶν
847 5349 1156 5421 εἰρημένων
1186 5348 1404 5401 πάντων
1427 5346 1686 5403 δύνανται
1716 5350 1766 5401 οἱ

200 5438 444 5508 ’πιυνεχεῖς
496 5440 596 5493 τὸν
648 5439 776 5495 νοῦν
836 5440 1134 5509 ἐπιστῆσαι
1179 5438 1273 5490 ἐπὶ
1320 5438 1454 5490 πᾶσι
1513 5440 1625 5501 τοῖς
1668 5438 1768 5507 τῆς

198 5517 432 5597 ἀληθείας
463 5531 648 5601 λόγοις
682 5533 777 5586 καὶ
826 5535 940 5596 τοῖς
993 5532 1104 5585 ἀπὸ
1150 5530 1465 5601 ψεύσματος
1499 5529 1595 5583 τοῦ
1635 5547 1768 5601 προ-

200 5620 470 5691 ειρημένου
522 5623 817 5695 λεγομένου
863 5623 1205 5696 Μανιχαίου’
1263 5622 1385 5686 ἵνα,
1423 5623 1471 5676 εἰ
1520 5623 1615 5676 καὶ
1666 5622 1766 5675 ούκ

200 5711 530 5788 ἐπεμνήσθην
569 5716 712 5781 τινος
748 5717 1077 5789 μαρτυρίας,
1115 5715 1225 5769 ἀπὸ
1260 5714 1368 5770 τῶν
1388 5714 1485 5768 δύο
1512 5714 1545 5770 ἢ
1596 5714 1765 5783 τριῶν

262 5830 276 5861 ⁸
308 5829 363 5885 Ι¹’.
399 5832 547 5889 εἴτι.

205 5913 273 5961 tu,
431 5905 455 5937 ⁸
483 5907 608 5959 Act.
638 5921 676 5971 ι,
711 5909 797 5960 Η.

514 6003 782 6061 Parum.
819 6001 935 6059 Gn.
976 6000 1169 6060 XLII.

622 5836 643 5865 ³
677 5833 696 5885 1
727 5835 853 5891 Cor.
885 5851 941 5899 ν,
977 5836 1031 5889 Ξ).
1107 5832 1129 5864 ³
1155 5831 1171 5884 l
1197 5835 1325 5889 Cor.
1358 5849 1445 5899 xv,
1474 5832 1560 5886 50.
1639 5830 1838 5887 ‘Joan.

1951 5352 2259 5407 LXXXVII.
2283 5354 2365 5409 Ex
2401 5354 2486 5409 liis
2514 5368 2638 5424 qua:
2662 5354 2930 5410 hactenus
2954 5360 3102 5410 dicta
3124 5364 3274 5418 sunt,
3303 5352 3464 5407 facile

1878 5446 2249 5516 intelligentes
2306 5447 2560 5502 homines
2612 5459 2847 5517 possunt
2886 5457 2995 5501 tam
3035 5448 3101 5500 ad
3137 5460 3297 5500 veros
3340 5459 3463 5498 seru

1879 5553 2089 5597 mones.
2108 5553 2272 5609 quam
2290 5538 2358 5593 ad
2376 5537 2660 5593 Manicliaéi
2682 5539 2966 5594 mendacia
2990 5537 3234 5591 animum
3264 5536 3461 5591 adver-

1876 5630 2011 5687 tere,
2047 5634 2106 5679 ut
2140 5627 2358 5682 tametsi
2389 5627 2688 5697 quodpiam
2723 5627 2947 5681 allatum
2992 5628 3061 5681 ab
3109 5641 3175 5681 eo
3209 5627 3461 5679 testium—

1875 5714 2028 5769 nium
2080 5718 2547 5785 prmtcrmiscrim,
2599 5733 2669 5773 ex
2719 5718 2939 5773 duobus
2992 5716 3102 5772 illis
3152 5716 3460 5786 tribusque,

1877 5832 2025 5897 1,12.
2107 5836 2127 5864 ⁸
2165 5835 2205 5887 ll
2234 5833 2358 5888 Cor.
2396 5841 2453 5898 Χ,
2503 5833 2557 5888 5.
2650 5831 2671 5862 ⁸
2697 5831 2717 5886 ι
2746 5832 2876 5887 Cor.
2912 5847 3000 5899 xv,
3030 5830 3123 5885 53.
3202 5831 3222 5861 ⁷
3247 5829 3457 5887 ColoSs.

3136 5989 3175 6045 6
