4078 6408
648 427 748 483 ΠΙ

2079 422 2135 478 S.
2177 420 2518 478 EPIPIIAN“
2961 413 2968 420 ’
3783 427 3856 482 172

649 561 772 616 qua:
803 547 1377 610 commemoravimus,
1406 545 1614 618 reliqua
1641 545 1709 600 ab
1730 560 1797 602 eo
1833 545 1972 602 falso
2003 547 2223 601 confict:

2349 543 2668 616 μαρτυριῶν
2719 534 2795 595 ῶν
2845 542 3112 612 εἴπομεν,
3155 540 3223 594 τά
3265 541 3438 596 πάντα
3477 541 3633 596 αὑτοῦ
3675 546 3857 618 φωραῆ

649 639 1152 708 deprehendantur.
1181 639 1294 695 Nos
1315 649 1498 695 autem
1525 641 1686 712 longo
1707 654 2015 710 asperoque
2041 639 2236 694 itinere

650 748 748 802 per
774 732 1087 802 periculosa
1128 733 1249 787 loca
1296 732 1573 794 confecto.
1615 746 1760 802 aegre
1805 732 2233 802 ampliisbmnam

651 825 824 887 illam,
853 838 920 878 ac
954 822 1381 887 cenchritidem,
1412 822 1628 877 letalem
1663 822 1716 876 in
1758 821 1952 893 primis
2003 821 2233 877 bestiam

645 912 926 968 evasimus
972 928 1145 983 :quaz
1180 912 1479 966 multarum
1537 927 1721 967 rerum
1779 911 2234 968 similitudinibus

648 1004 934 1075 variegata
973 1013 1303 1058 contuentes
1351 1002 1577 1072 decipit.
1629 1003 1705 1056 Ex
1745 1003 1946 1072 quibus
1973 1001 2235 1058 omnibus

645 1094 797 1148 velut
816 1092 1112 1148 conﬂatum
1143 1102 1198 1148 et
1228 1093 1502 1146 occultum
1536 1090 1802 1145 mortiferi
1830 1091 1885 1145 in
1917 1091 2110 1146 aculeo
2137 1105 2232 1146 ve-

646 1187 774 1241 neni
799 1185 1005 1242 fontem
1030 1187 1296 1240 continet.
1326 1182 1662 1239 Maniclueus
1691 1183 1835 1238 enim
1861 1199 1987 1238 cum
2014 1183 2232 1255 gentili-

644 1281 748 1335 bus
765 1279 982 1351 gentilis
997 1287 1102 1345 est,
1118 1293 1182 1333 ac
1201 1279 1394 1339 solem,
1411 1278 1618 1345 lunam,
1643 1278 1826 1334 sidera
1845 1275 2235 1346 dztnonesque

643 1371 1225 1440 veneratur;gentilis,
1257 1371 1500 1440 inquam,
1521 1379 1630 1437 est,
1657 1387 1690 1424 o
1718 1371 2057 1436 charissimi,
2083 1371 2234 1438 ejus-

643 1480 749 1532 que
792 1473 940 1518 secta
989 1463 1306 1518 Graecorum
1359 1464 1784 1534 superstitiones
1823 1462 2011 1516 tradit.
2048 1460 2234 1532 Mago-

641 1571 763 1608 rum
795 1571 1014 1626 quoque
1045 1555 1354 1626 praestigias
1390 1555 1802 1625 complectitur,
1836 1555 1890 1608 in
1933 1554 2112 1624 iisque
2141 1568 2232 1606 vo-

640 1646 869 1712 lutatur,
905 1652 1254 1700 astronomos
1290 1645 1498 1709 laudat,
1531 1660 1766 1715 quorum
1801 1643 2052 1699 curiosas
2085 1651 2232 1697 artes

561 1729 564 1736 ’
641 1736 1013 1805 persequitur,
1068 1750 1131 1789 ac
1164 1734 1333 1788 verbo
1363 1741 1526 1788 tenus
1554 1733 1765 1788 Christi
1816 1731 1981 1803 709
2010 1733 2232 1787 nomine

640 1827 928 1895 gloriatur.
981 1824 1036 1878 In
1071 1841 1180 1905 quo
1213 1825 1577 1880 cencliritidis
1626 1825 1905 1878 simillima
1953 1833 2060 1888 est,
2108 1840 2231 1896 qua:

2338 637 2528 708 ψευδῆ.
2548 638 2739 708 Ἡμεῖς
2769 635 2847 698 δέ,
2869 635 3068 704 πολλὴν
3106 633 3492 706 ἐπιϐεϐηκότες
3508 636 3618 689 ὁδὸν
3646 641 3859 708 τραχεῖαν

2337 729 2432 782 καὶ
2465 726 2807 790 κινδυνώδεις
2829 726 3055 790 τόπους,
3086 725 3240 796 μόλις
3263 726 3660 798 ὑπεξεφύγομεν
3675 715 3880 801 tau-rgat;

2335 820 2436 888 τῆς
2453 819 2827 891 άμφισόαίνης
2852 819 2947 872 καὶ
2959 817 3024 889 θη
3035 817 3126 890 ρὸς
3143 818 3424 889 ὁλετηρίου
3439 819 3536 889 τῆς
3557 805 3884 891 κεγχρίτιδὶος,ἱ

2340 911 2450 964 άπὸ
2487 910 2698 964 πολλῶν
2735 909 3098 980 ὀμοιωμάτων
3131 908 3562 980 πεποικιλμένης
3597 909 3720 980 πρὸς
3747 911 3860 967 άπά-

2335 1019 2432 1072 την
2474 1002 2584 1057 τῶν
2631 1002 2924 1074 ὁρώντων,
2961 1000 3195 1071 ἐχούσης
3239 1001 3296 1054 δὲ
3342 1003 3711 1073 κεκρυμμένην
3751 1005 3860 1058 κατὰ

2336 1095 2433 1166 τὴν
2477 1092 2755 1166 κεντρώδη
2809 1093 2905 1147 καὶ⁵
2960 1092 3166 1146 ἰοϐόλον
3208 1091 3392 1163 πηγὴν
3445 1092 3543 1162 τῆς
3587 1094 3647 1146 ἐκ
3688 1094 3861 1148 πάντων

2339 1186 2692 1258 ὁρμωμένης.
2765 1185 2986 1255 Ἐπειδὴ
3041 1184 3152 1255 γὰρ
3207 1184 3346 1252 μετὰ
3405 1183 3664 1255 Ἑλλήνων
3701 1185 3861 1256 Ἕλλην

2335 1277 2506 1341 ἐστὶν,
2541 1274 2694 1345 ἥλιον
2725 1273 3072 1346 προσκυνῶν,
3097 1274 3190 1328 καὶ
3222 1273 3471 1346 σελήνην,
3503 1275 3673 1328 καὶτὰ
3705 1276 3859 1346 ἄστρα,

2337 1369 2432 1422 καὶ
2474 1369 2761 1438 δαίμονας,
2799 1366 3002 1438 Ἕλλην
3042 1368 3070 1420 ὁ
3122 1367 3280 1438 ἀνὴρ,
3317 1367 3604 1436 ἀγαπητοὶ,
3634 1368 3860 1436 τυγχάνει,

2337 1461 2429 1513 καὶ
2459 1460 2492 1530 ἡ
2529 1458 2695 1512 αὑτοῦ
2721 1459 2934 1529 αἵρεσις
2962 1460 3028 1511 τὰ
3061 1459 3170 1511 τῶν
3205 1456 3475 1528 Ἐλλήνων
3509 1459 3786 1529 ὑφηγεῖται,
3811 1459 3861 1512 τά

2339 1550 2528 1621 μάγων
2555 1551 2865 1615 ἐπίσταται,
2892 1549 2986 1604 καὶ
3010 1551 3067 1602 ὲν
3088 1549 3271 1613 αὑτοῖς
3294 1549 3692 1618 ἐγκυλινδεῑται,
3712 1552 3860 1621 ἀστρο-

2334 1643 2534 1713 νόμους
2573 1643 2811 1706 ἐπαινεῖ,
2863 1642 2932 1695 τὰ
2965 1641 3144 1696 αὐτῶν
3188 1641 3701 1713 περιεργαζόμενος,
3739 1643 3858 1712 μόνον

2334 1733 2574 1805 Χριστοῦ
2637 1733 2962 1804 σεμνύνεται
3010 1733 3183 1804 ὄνομα
3237 1733 3416 1804 λόγῳ·
3463 1734 3538 1796 ὡς
3570 1743 3658 1786 καὶ
3702 1733 3857 1803 αὑτὴή

2336 1829 2616 1896 κεγχρῖτις
2659 1824 2891 1896 κρύπτει
2947 1824 3048 1895 μὲν
3078 1825 3168 1878 τὸν
3207 1825 3306 1888 ἱὸν,
3352 1827 3536 1896 ἀπατᾷ
3585 1825 3636 1878 δὲ
3675 1825 3750 1878 διὰ
3788 1825 3858 1894 τῆς

640 1919 917 1974 occultato
968 1903 1180 1974 veneno
1214 1920 1478 1973 varietate
1513 1933 1613 1973 sna
1671 1918 1830 1981 fallit,
1890 1926 2055 1989 atque
2092 1920 2223 1974 inter

2336 1917 2642 1981 ποικιλίας,
2702 1919 2762 1969 ἐν
2810 1916 2962 1987 μέσῳ
3013 1916 3154 1973 ὑλῶν
3204 1917 3416 1970 πολλῶν
3464 1916 3745 1988 γενομένη,
3789 1917 3860 1970 καὶ

640 2013 792 2067 varia
829 2011 1032 2068 fruteta
1067 2026 1320 2075 versans,
1358 2027 1543 2066 rerum
1577 2011 1846 2076 onmium,
1877 2012 2079 2082 quibus
2116 2012 2229 2066 cir-

637 2105 894 2160 cumdata
949 2111 1054 2172 est,
1119 2103 1541 2159 similitudinem
1601 2104 1876 2174 exprimit.
1935 2103 2231 2161 Enimvero

637 2206 996 2268 posteaquam
1031 2195 1125 2249 Dei
1171 2211 1295 2266 ope,
1344 2210 1408 2250 ac
1445 2197 1697 2251 veritatis
1729 2196 1891 2263 fuste,
1927 2214 2142 2254 necnon
2175 2209 2231 2256 et

634 2287 840 2344 Christi
868 2287 1137 2358 sanguine
1163 2301 1227 2341 ac
1282 2302 1533 2358 corpore,
1567 2287 1711 2358 quod
1743 2303 1806 2343 ex
1836 2288 2007 2344 Maria
2039 2307 2230 2347 revera

635 2391 826 2434 natum
858 2388 968 2446 est,
999 2395 1065 2434 ac
1112 2387 1454 2434 mortuorum
1507 2383 1953 2448 resurrectionis,
1983 2393 2036 2438 et
2066 2384 2230 2440 unius

633 2472 992 2542 ejusdemque
1023 2471 1114 2526 Dei
1145 2471 1500 2526 confessione
1528 2473 1786 2527 draconis
1817 2474 1966 2529 illius
1989 2475 2043 2530 in
2068 2477 2230 2548 aquis

634 2572 801 2634 caput
847 2563 1289 2633 contregimus‘,
1327 2564 1431 2617 hoc
1483 2574 1590 2629 est,
1642 2565 2026 2637 multicipilem
2079 2571 2227 2624 illam

635 2654 889 2709 haeresim
915 2653 1300 2725 elfugavimus,
1325 2662 1601 2726 caputque
1630 2657 2078 2725 comminuimus,
2115 2676 2230 2730 per-

635 2752 811 2815 petuae
839 2745 1076 2814 primum
1120 2744 1384 2801 habendae
1420 2744 1528 2800 Deo
1579 2748 1768 2818 gratia:
1813 2759 1962 2812 sunt,
2006 2757 2120 2803 tum
2161 2751 2228 2806 ad

635 2843 864 2891 caeteras
891 2835 1152 2906 deinceps
1192 2835 1619 2906 properandum,
1657 2836 1732 2890 ita
1765 2846 1824 2891 ut
1865 2853 1902 2892 α
1950 2837 2058 2892 Deo
2100 2854 2230 2910 sup-

634 2929 806 2998 plices
827 2927 1186 2998 postulemus,
1211 2937 1412 2982 nostra-
1436 2935 1496 2982 ut
1524 2927 1884 2984 imbecillitati
1916 2939 2225 2995 succurrat,

634 3031 717 3086 ut,
760 3021 828 3078 iis
882 3036 1012 3091 quae
1076 3022 1420 3092 suscepimus
1480 3021 1772 3088 absolutis,
1835 3024 2228 3082 cumulatiores

631 3113 808 3170 cidem
839 3112 1045 3170 referre
1074 3115 1369 3184 possimus.

999 3222 1370 3281 ADVE‘RSUS
1408 3222 1848 3291 lllERAClTAS,

817 3317 950 3384 Qua:
989 3327 1068 3373 est
1106 3317 1319 3372 tmesis
1365 3315 1460 3371 XL
1477 3315 1608 3381 VII,
1641 3321 1748 3375 sive
1787 3319 2042 3376 LXVII.

691 3407 744 3466 ’1.
787 3409 918 3466 Post
965 3410 1270 3481 improbam
1314 3411 1485 3476 illam,
1540 3427 1604 3468 ac
1636 3428 1749 3484 prae
1785 3415 1934 3470 omni
1970 3417 2075 3470 alia
2115 3415 2223 3472 hae-

627 3503 741 3559 resi
785 3505 1140 3570 virulentam,
1178 3503 1553 3573 serpentinam
1602 3513 1656 3558 et
1703 3505 2050 3562 barbaricam
2108 3507 2224 3562 Ma-

635 3597 833 3653 nicliaei
865 3597 1195 3663 doctrinam,
1244 3595 1507 3652 Hieraeas
1543 3597 1766 3668 quidam
1820 3601 2043 3656 nomine
2094 3616 2224 3670 pro-

627 3688 752 3753 diit,
780 3703 810 3740 a
845 3701 955 3757 quo
989 3686 1278 3741 Hieraeita:
1308 3687 1578 3742 nominati
1611 3696 1760 3742 sunt.
1791 3687 1891 3744 Hic
1928 3691 1982 3744 in
2018 3691 2222 3761 oppido

633 3778 861 3850 Egypti
911 3777 1193 3833 Leontone
1235 3778 1393 3845 vixit,
1439 3778 1877 3836 humanioribus
1925 3781 2122 3838 litteris
2165 3784 2220 3838 in

628 3872 824 3944 primis
868 3869 1135 3934 eruditus,
1181 3885 1244 3925 ae
1273 3871 1587 3924 Graecorum
1615 3869 1945 3941 disciplinis,
1984 3889 2218 3944 praeser-

628 3970 838 4036 timque
869 3964 1161 4026 medicina,
1198 3972 1250 4018 et
1281 3963 1405 4018 aliis
1441 3964 1653 4018 artibus
1684 3965 1947 4032 imbutus,
1977 3968 2048 4022 ad
2073 3970 2218 4038 quas

629 4057 1017 4129 Egyptiorum
1082 4071 1302 4126 quoque
1367 4054 1678 4110 doctrinam
1741 4055 2088 4127 adjunxerat.
2142 4059 2221 4118 Ac

627 4150 818 4205 nescio
868 4164 937 4203 an
989 4155 1044 4204 et
1096 4147 1451 4202 astronomia:
1501 4161 1566 4200 ac
1617 4147 1953 4215 magicarum
2014 4151 2216 4205 artium

626 4243 918 4298 scientiam
975 4239 1236 4310 attigerit.
1288 4236 1412 4292 Fuit
1462 4249 1610 4294 certe
1665 4239 1828 4294 variis
1867 4241 2081 4297 artibus
2121 4243 2219 4297 'iu-

625 4343 896 4400 structus,
955 4341 1120 4403 atque
1179 4327 1487 4401 explicandi
1539 4332 1790 4401 peritus,
1846 4340 1906 4386 ut
1962 4350 2028 4388 ex
2069 4334 2216 4390 illius

622 4425 1044 4483 commentariis
1098 4431 1358 4495 apparet;
1407 4421 1502 4479 sed
1541 4421 1924 4494 Egyptiorum
1971 4424 2214 4494 linguam

623 4521 974 4592 potissimum
987 4519 1196 4581 caltuit,
1216 4523 1403 4586 utpote
1420 4529 1617 4586 genere
1629 4514 1942 4588 Egyptius.
1958 4515 2066 4573 Nec
2079 4533 2217 4574 vero

2340 2009 2750 2081 ἀφομοιουμένη
2780 2009 2918 2081 μετὰ
2953 2009 3063 2063 τῶν
3093 2010 3281 2065 ὄντων.
3329 2011 3418 2066 Ἐν
3454 2011 3510 2063 δέ
3547 2013 3611 2082 τῇ
3637 2008 3720 2063 τοῦ
3755 2007 3858 2062 Θεοῦ

2333 2103 2563 2174 δυνάμει
2585 2102 2663 2174 τῷ
2697 2101 2840 2173 ξύλῳ
2867 2103 2966 2172 τῆς
2994 2100 3274 2172 ἀληθείας,
3314 2101 3411 2154 καὶ
3437 2101 3623 2173 αἵματι
3647 2099 3857 2172 Χριστοῦ,

2333 2195 2430 2250 καὶ
2469 2195 2682 2266 σώματι
2726 2193 2803 2265 τῷ
2837 2193 2946 2248 ἀπὸ
2983 2193 3225 2265 Μαρίας,
3256 2192 3334 2263 τῷ
3363 2193 3629 2265 ἀληθινῶς
3657 2210 3858 2263 γεγεννη-

2336 2287 2501 2358 μένῳ,
2542 2287 2637 2339 καὶ
2665 2289 2732 2357 τῇ
2755 2285 2863 2339 τῶν
2885 2284 3100 2357 νεκρῶν
3123 2285 3422 2338 ἀναστάσει
3442 2285 3537 2339 καὶ
3562 2288 3625 2357 τῇ
3652 2284 3859 2356 ὁμολογίᾳ

2330 2378 2434 2448 τῆς
2475 2379 2604 2449 μιᾶς
2643 2377 2941 2449 ἐνότητος,
2984 2374 3375 2446 συντρίψαντες
3405 2374 3502 2446 τὴν
3547 2374 3761 2446 κεφαλὴν
3786 2371 3857 2426 τοῦ

2331 2471 2624 2542 δράκοντος
2669 2471 2762 2524 ἐπὶ
2795 2472 2907 2532 τοῖς
2942 2467 3116 2532 ὕδασι,
3160 2467 3259 2538 τὴν
3302 2467 3666 2538 πολυκέφαλον
3699 2466 3856 2535 ταύτην

2333 2563 2546 2633 αἵρεσιν
2587 2563 2668 2625 εἰς
2701 2559 2944 2614 τούπίσω
2972 2559 3325 2631 στρέψαντες,
3355 2560 3453 2613 καὶ
3483 2559 3706 2630 κεφαλὴν
3725 2575 3855 2612 κατα-

2333 2655 2652 2720 θλάσαντες,
2699 2655 3015 2728 εὐχάριστοι
3057 2654 3155 2723 μὲν
3188 2651 3308 2723 Θεῷ
3349 2653 3756 2724 διατελέσωμενυ
3789 2652 3857 2704 ἐπὶ

2330 2749 2387 2802 δέ
2429 2747 2529 2811 τὰς
2575 2747 2702 2817 ἐξῆς
2750 2747 2990 2818 αἱρέσεις
3038 2744 3324 2816 προελθεῖν
3371 2747 3716 2818 σπεύσωμεν,
3757 2745 3854 2798 Θεὸν

2330 2840 2756 2912 ἐπικαλούμενοι
2811 2840 3007 2912 βοηθὸν
3056 2839 3154 2909 τῆς
3186 2837 3341 2907 ἡμῶν
3381 2840 3688 2904 ἀσθενείας,
3717 2840 3852 2900 ὅπως,

2329 2933 2822 3005 τὰνὶπηγγελμένα
2854 2934 2914 2986 ἐν
2936 2931 3055 3003 Θεῷ
3095 2928 3528 3000 περαιώσαντες,
3557 2931 3750 2994 τελείως
3765 2926 3853 3005 θεῷ

2328 3002 2837 3096 εὐχαριὰήαυμεν.
3029 3002 3035 3003 ⁷
3780 3002 3797 3025 ο

2729 3229 2922 3287 ΚΑΤΑ
2961 3233 3338 3288 ΙΕΡΔΚΙΤΩΝ
3379 3235 3524 3307 (49).

2331 3322 2801 3391 Τεσσαρακοστὴ
2829 3322 3048 3393 ἑϐδόμη
3065 3365 3079 3390 ,
3120 3326 3160 3395 ἡ
3199 3327 3296 3380 καί
3327 3325 3627 3392 ἑξηκοστὴ
3661 3319 3848 3388 ἑϐδόμη.

2400 3416 2477 3468 Δ’.
2518 3413 2674 3467 Μετὰ
2708 3413 2806 3486 τὴν
2847 3415 3129 3488 μοχθηρὰν
3163 3417 3368 3490 ταύτην
3399 3421 3492 3472 καὶ
3538 3416 3720 3471 ἰοϐόλον
3747 3410 3852 3478 ὑπὲρ

2325 3507 2508 3561 πᾶσαν
2533 3507 2744 3578 αἵρεσιν
2781 3508 2877 3560 καὶ
2909 3508 3188 3580 ἐρπετώδη
3237 3509 3331 3563 τοῦ
3368 3512 3529 3582 Μάνη
3571 3503 3851 3582 βαρϐαρικὴν

2325 3599 2671 3673 Θηριοόολίαν
2713 3599 2814 3671 τῆς
2856 3599 3208 3666 διδασκαλίας
3253 3603 3457 3675 ἀνέστη
3515 3621 3599 3667 τις
3657 3600 3850 3671 Ἰἐρακας

2322 3693 2568 3764 ὀνόματι,
2595 3693 2689 3760 ἀφ’
2717 3687 2887 3765 οὗπερ
2926 3693 3242 3766 Ἰερακίται.
3285 3688 3469 3760 οὗτος
3511 3697 3569 3749 ἐν
3595 3696 3656 3765 τῇ
3684 3683 3849 3754 Λεοντῴ

2321 3789 2390 3856 τῇ
2427 3787 2549 3839 κατ’
2581 3785 2858 3853 Αἴγυπτον
2892 3786 3161 3858 ὑπῆρχεν,
3192 3788 3251 3840 ἐν
3275 3787 3606 3859 προπαιδεία
3630 3785 3684 3838 ού
3717 3775 3849 3852 μικρᾷ

2321 3876 2589 3948 ὑπάρξας,
2605 3876 2937 3946 Ἑλληνικῶν
2963 3895 3022 3930 τε
3047 3878 3262 3931 πάντων
3285 3878 3463 3937 λόγων
3487 3873 3848 3947 ἐπιτηδεύμασιν

2321 3967 2617 4040 ἀσκηθεὶς,
2671 3970 3116 4042 ἰατροσοφιστικῇ
3156 3985 3216 4022 τε
3261 3971 3355 4024 καὶ
3409 3974 3520 4035 τοῖς
3552 3968 3737 4028 ἄλλοις,
3766 3960 3848 4018 τοῖς

2320 4058 2429 4112 τῶν
2469 4059 2783 4128 Αἰγυπτίων
2827 4060 2923 4113 καὶ
2969 4058 3243 4132 Ἐλλήνων
3297 4060 3612 4133 μαθήμασιν
3653 4049 3847 4126 ἀκρισίκ

2320 4152 2568 4214 ἐπιστάς.
2619 4151 2773 4221 Τάχα
2815 4151 2872 4205 δὲ
2919 4151 3012 4206 καὶ
3056 4153 3424 4225 ἀστρονομίας
3469 4155 3562 4208 καὶ
3597 4142 3846 4223 μαγείαςδ

2319 4243 2458 4316 ἀνὴρ
2492 4243 2802 4315 παρήψατο.
2863 4245 3287 4315 Ἑμπειρότατος
3316 4246 3427 4318 γὰρ
3455 4247 3656 4316 ὑπῆρχε
3680 4233 3844 4292 πολλῶν

2319 4331 2513 4402 λόγων,
2547 4333 2641 4386 καί
2683 4334 2742 4386 ἐν
2783 4332 3061 4405 ἐξηγήσει,
3110 4333 3186 4398 ὡς
3229 4335 3615 4404 ὑποφαίνουσιν
3642 4333 3686 4384 oi
3716 4319 3844 4381 αὐτοῦ

2319 4422 2498 4492 λόγοιο
2553 4425 2692 4479 πάνυ
2745 4425 2803 4478 δὲ
2851 4424 2950 4496 τὴν
3003 4425 3112 4479 τῶν
3165 4425 3484 4495 Αἰγυπτίων
3540 4421 3843 4490 ἐπιστάμενος

2320 4517 2594 4586 γλῶσσαν.
2629 4517 2925 4586 Αἰγύπτιος
2975 4517 3085 4587 γὰρ
3119 4520 3148 4571 ὁ
3191 4518 3332 4590 ἀνὴρ
3379 4514 3468 4590 ἦν,
3505 4516 3634 4572 ἀλλά
3677 4513 3757 4566 καὶ
3793 4507 3841 4575 τῇ

623 4611 826 4666 Graecae
842 4611 1044 4680 linguae
1060 4607 1290 4664 scientia
1309 4604 1661 4660 mediocriter
1683 4616 1768 4661 est
1793 4606 2118 4676 perpolitus,
2133 4610 2216 4661 vir

2330 4611 2428 4664 τῶν
2467 4611 2736 4682 Ἐλλήνων
2763 4611 3175 4684 τετρανωμένος
3205 4612 3266 4664 οὐ
3315 4612 3553 4684 μικρῶς,
3594 4609 3706 4674 ὀξὺς
3739 4598 3842 4656 κατὰ

625 4703 951 4760 acutissimo
982 4703 1040 4755 in
1088 4699 1347 4754 omnibus
1377 4697 1616 4768 ingenio.
1654 4697 1832 4768 Atque
1867 4697 1956 4753 hic
1991 4699 2214 4770 quidem

623 4795 971 4856 Christianus
1007 4792 1128 4856 fuit,
1162 4791 1258 4846 sed
1295 4806 1403 4844 non
1453 4789 1508 4844 in
1551 4803 1618 4844 eo
1660 4791 1782 4844 vitae
1811 4805 2032 4860 genere,
2065 4792 2214 4863 quod

624 4894 772 4941 esset
808 4886 1031 4941 Christo
1061 4883 1310 4955 dignum,
1344 4882 1736 4952 perseveravit.
1771 4880 2052 4952 Siquidem
2086 4900 2214 4954 pro-

624 4978 841 5047 lapsus,
885 4985 940 5031 et
975 4977 1245 5047 impactus
1277 4990 1308 5029 a
1344 4975 1578 5030 veritate
1611 4973 1842 5028 excidit.
1883 4974 2023 5029 Cum
2068 4978 2212 5032 enim

625 5067 842 5123 Veteris
873 5067 1118 5136 Novique
1147 5066 1488 5122 Testamenti
1522 5067 1932 5123 scientissimus
1964 5077 2133 5135 esset,
2154 5079 2212 5126 ut

624 5175 686 5216 ea
719 5159 787 5214 de
826 5165 1048 5228 pectore
1093 5173 1193 5212 suo
1231 5162 1376 5211 velut
1411 5145 1780 5227 expromeret,
1823 5173 1886 5213 ac
1929 5174 2210 5215 commen-

623 5252 764 5306 taria
804 5248 1142 5318 scripsisset,
1173 5248 1340 5301 multa
1376 5248 1444 5302 de
1485 5265 1586 5304 suo
1610 5249 1866 5321 dogmata
1912 5251 2212 5310 vanissime

2322 4705 2500 4759 πάντα
2526 4704 2748 4775 τρόπον.
2787 4703 3029 4775 Ὑπῆρχε
3075 4704 3234 4776 δῆθεν
3282 4705 3619 4776 Χριστιανὸς,
3645 4699 3744 4756 ἀλλ’
3767 4695 3841 4748 οὐκ

2317 4796 2559 4867 ἐνέμεινε
2597 4799 2664 4868 τῇ
2708 4796 2801 4850 τοῦ
2849 4796 3088 4868 Χριστοῦ
3137 4796 3403 4870 πολιτείᾳ.
3449 4797 3714 4868 Παρέπεσε
3741 4788 3839 4858 γὰρ,

2317 4888 2412 4941 καὶ
2456 4887 2747 4960 ὀλισθήσας
2780 4888 3088 4956 ἐξώκειλεν.
3125 4884 3294 4953 Οὗτος
3329 4891 3428 4960 μὲν
3457 4891 3600 4962 γὰρ,
3647 4878 3842 4940 Παλαιὰν

2318 4979 2414 5032 καὶ
2457 4980 2669 5050 Καινὴν
2711 4981 2987 5052 Διαθήκην
3036 4981 3224 5051 σαφῶς
3269 4983 3442 5036 εἰπεῖν
3493 4975 3837 5048 ἀποστηθίξυηι

2318 5072 2413 5124 καὶ
2451 5072 2531 5135 εἰς
2560 5070 2701 5126 αὑτά
2731 5073 3142 5144 ἐξηγησάμενος
3162 5114 3176 5137 ,
3207 5073 3526 5145 ἐδογμάτισε
3562 5072 3678 5142 παρ’
3702 5057 3840 5129 ἑαυτῷ

2319 5161 2427 5214 ἀπὸ
2463 5164 2795 5232 κενοφωνίας
2819 5163 3015 5218 ἐαυτοῦ
3040 5166 3180 5235 ὅπερ
3213 5164 3365 5236 αὐτῷ
3400 5165 3563 5230 ἔδοξε,
3601 5164 3685 5218 καὶ
3711 5160 3736 5212 ὃ
3763 5156 3838 5208 ὑπ’
3926 5227 3932 5238 ι

2317 5253 2566 5324 εισῆλθεν
2595 5255 2764 5326 αὐτῷ.

621 5336 884 5414 aspersit,
945 5355 1010 5394 ac
1045 5338 1308 5410 quidquid
1345 5340 1521 5394 visum
1569 5349 1655 5397 est
1685 5357 1786 5412 pro
1839 5342 2066 5399 libidine
2109 5361 2206 5400 sua
2244 5349 2552 5417 proposuit.

693 5466 710 5496 ⁸
740 5463 890 5518 Psal.
927 5475 1123 5521 Lxxm,
1156 5457 1245 5513 M.

692 5577 806 5647 (49)
840 5573 998 5629 Κατὰ
1040 5572 1394 5647 Ἰερᾳκιτῶν.
1422 5573 1690 5647 _Aucto_r_is
1714 5572 2075 5647 hujussectae
2107 5591 2210 5632 no-

622 5642 747 5715 men
788 5642 1325 5715 ’varieuconcipitur
1363 5642 1528 5715 etiam
1595 5643 1685 5696 hie
1755 5642 1824 5698 ab
1881 5645 2208 5715 Epiphanio.

620 5714 758 5769 Nam
819 5723 911 5766 aut
967 5711 1193 5775 Hierax,
1268 5720 1364 5766 aut
1440 5711 1702 5767 Hieracas
1762 5711 2012 5770 vocatur".
2089 5717 2208 5782 Qua

663 5783 945 5858 psterioli-
987 5781 1680 5858 appellatione___cen_set_ur
1735 5785 1877 5858 apud
1929 5781 2206 5858 Hilarium

663 5801 918 5839 omenon
987 5801 1353 5852 appellatione
1421 5801 1680 5837 censetur
1735 5801 1877 5858 apuu
1935 5801 2206 5841 mlanutn

621 5801 718 5911 Eb.
752 5851 828 5906 De
852 5851 1073 5919 Trinit.,
1103 5857 1156 5905 et
1190 5851 1326 5922 Aug.
1363 5851 1458 5908 lib.
1494 5851 1570 5909 De
1605 5845 1970 5910 limass’Sane
1999 5859 2046 5910 si
2081 5857 2208 5913 Hie-

2309 5593 2470 5634 racas
2515 5579 2874 5649 appellandus
2915 5573 3010 5644 sit,
3044 5579 3231 5637 Graece
3275 5581 3508 5637 fortasse
3539 5567 3832 5649 scribendttlll

2308 5649 2414 5704 erit
2441 5640 2830 5720 Ἰερακᾶςηδθό
2853 5640 3067 5705 ηἰίιίἰίη
3094 5653 3331 5708 editione
3359 5661 3540 5707 nostra
3567 5640 3830 5720 mutandutll

2307 5709 2646 5790 censuimus.
2670 5709 2866 5790 Neque
2895 5738 3025 5776 vero
3049 5726 3186 5778 satis
3223 5734 3369 5780 recte
3399 5725 3461 5776 ad
3501 5735 3616 5774 eum
3652 5709 3832 5790 ιιιᾳιῑιπξξ

2309 5770 2976 5865 ἷιὲίίὲξίί’βέῖιὲριίιῖὸξείέἶ
2995 5770 3368 5865 τιέἆᾶἆαὲῖτὶῖῗ
3394 5770 3617 5865 ἱέρᾷἐέᾶ·
3648 5781 3736 5865 59d
3767 5770 3832 5830 '9'

2320 5855 2568 5930 Ίεράκαξ
2600 5859 2695 5914 τοῦ
2712 5855 2950 5934 Ἰεράκα,
2981 5863 3060 5920 vel
3080 5855 3349 5936 ’Ἱερακᾶς
3381 5855 3474 5919 τοῦ
3495 5855 3705 5934 Ἱερακᾱ.
