4078 6430
151 477 256 536 {7'5
807 471 1172 530 ADVERSUS
1212 470 1549 527 HzERESES
1600 470 1726 526 LIB.
1767 469 1830 525 ιι.
1873 469 2040 525 ΤΟΜ.
2081 469 2147 525 11.
2185 499 2255 511 -
2291 469 2563 529 IIIERES.
2608 471 2815 527 LXVII.
3357 468 3460 527 1⁵16

228 593 508 647 Betheem
548 592 669 663 γὰρ
701 589 795 645 καὶ
821 584 973 652 οὗτος
1000 586 1099 659 τὴν
1134 587 1314 659 σάρκα
1349 586 1425 658 μὴ
1450 583 1774 640 ἀνίστασθαι

1948 582 2123 655 Negat
2148 583 2194 640 is
2225 585 2452 640 omnino
2480 601 2765 657 resurgere
2796 600 3039 651 carnem,
3073 584 3238 658 idque
3267 584 3465 642 anima

168 689 229 745 τὸ
273 689 554 759 παράπαν
572 728 587 753 ,
622 682 765 739 ἀλλὰ
793 681 889 752 τὴν
929 679 1109 751 ψυχὴν
1154 678 1491 751 μονωτάτην.
1522 677 1777 745 Πνευμα-

1893 677 1986 733 soli
2021 676 2236 740 tribuit,
2264 677 2602 748 proindeque
2628 679 2931 748 spiritalem
2952 693 3076 735 esse
3103 678 3468 734 resurrectio-

168 782 329 853 τικὴν
375 780 436 833 δὲ
468 780 573 851 τὴν
601 776 899 831 ἀνάστασιν
925 774 1141 843 φάσκει.
1192 773 1304 826 Καὶ
1343 772 1445 826 ὅσα
1488 772 1638 825 ἐστὶν
1666 771 1776 824 ἀπὸ

1893 785 2001 824 nem
2022 770 2242 827 asserit.
2280 770 2573 825 Sacrarum
2612 772 2778 842 710
2804 786 2935 827 vero
2954 770 3283 828 Litterarum
3308 770 3469 827 testi-

173 876 287 930 τῶν
333 871 502 926 θείων
551 868 821 942 Γραφῶν,
852 869 930 929 είς
960 862 1155 920 ἑαυτοῦ
1186 862 1312 919 νοῦν
1349 861 1774 934 ἀναλεξάμενος,

178 967 356 1028 οὕτως
383 960 571 1033 ἑαυτῷ
600 959 981 1032 ὲπεσώρευσεν
1011 957 1230 1011 ἀτόπων
1271 955 1597 1026 πλάσματα,
1640 954 1779 1009 ἄττα

187 1058 370 1129 φαῦλα
399 1048 586 1124 ἐαυτῷ
615 1051 1071 1125 μηχανησάμενος
1100 1048 1239 1121 πρὸς
1273 1049 1534 1102 σύστασιν
1562 1047 1662 1119 τῆς
1689 1047 1780 1100 αὑ-

186 1150 283 1204 τοῦ
315 1148 606 1219 αἱρέσεως.
644 1140 755 1196 Ἦν
795 1143 852 1196 δὲ
899 1143 929 1195 ὁ
977 1140 1115 1213 ἀνὴρ
1156 1139 1464 1212 ἐκπληκτος
1504 1142 1572 1211 τῇ
1611 1136 1777 1193 αὑτοῦ

188 1240 449 1309 ἀσκήσει,
466 1236 565 1291 καὶ
589 1234 884 1305 δυνάμενος
906 1235 1092 1286 πεῖσαι
1120 1231 1321 1302 ψυχάς.
1352 1231 1563 1284 Αὐτίκα
1594 1230 1782 1283 πολλοὶ

187 1333 300 1386 τῶν
328 1329 587 1402 ἀσκητῶν
633 1327 741 1383 τῶν
782 1325 1095 1393 Αἰγυπτίων
1129 1324 1280 1395 αὐτῷ
1330 1322 1776 1395 συναπήχθησαν.

186 1420 364 1495 Οἶμαι
407 1419 548 1493 γάρ,
597 1420 681 1474 ὅτι
714 1418 842 1490 περὶ
885 1417 1237 1481 ἀναστάσεως
1264 1414 1477 1487 νεκρῶν
1508 1414 1584 1479 ὡς
1613 1414 1785 1486 ἠρνή-

190 1533 329 1570 σατο
354 1514 455 1585 τὴν
477 1512 575 1583 τῆς
601 1510 807 1583 σαρκὸς
832 1509 1151 1572 ἀνάστασιν,
1195 1508 1306 1562 ἀπὸ
1345 1506 1653 1581 Ὠριγένους
1683 1506 1784 1571 τὰς

194 1606 502 1678 προφάσεις
531 1603 787 1675 εἰληφὼς,
816 1602 849 1672 ἢ
879 1602 974 1672 ἀφ’
1008 1601 1202 1655 ἑαυτοῦ
1230 1602 1329 1673 τῆς
1356 1600 1596 1665 διανοίας
1622 1599 1785 1656 τοῦτο

190 1682 488 1769 ἐξεμέσας.
531 1696 607 1749 Οὐ
645 1693 1013 1766 παραδέχεται
1064 1683 1218 1757 οὗτος
1260 1692 1461 1764 γάμον,
1510 1692 1780 1761 φάσκειν¹

190 1786 338 1842 εἶναι
381 1784 541 1840 τοῦτο
582 1785 827 1847 Παλαιᾶς
864 1783 1160 1856 Διαθήκης.
1190 1783 1330 1847 Τοὺς
1371 1783 1471 1854 μὲν
1508 1783 1619 1856 γάρ
1657 1783 1786 1855 περὶ

1887 861 2071 917 monia
2099 862 2384 933 colligens,
2414 870 2468 918 et
2493 863 2559 917 ad
2606 863 2917 919 institutum
2945 878 3104 919 suum
3133 877 3197 917 ac
3227 870 3466 918 mentem

1880 954 2339 1019 accommodans,
2403 954 2804 1012 absurdissima
2856 956 3105 1025 quaedam
3149 954 3465 1026 dogmatum

1880 1053 2188 1101 commenta
2220 1048 2540 1112 cumulavit,
2575 1057 2632 1104 et
2675 1049 2742 1104 ad
2791 1048 3044 1104 haeresim
3096 1061 3251 1103 suam
3298 1045 3469 1101 stabi-

1881 1137 2117 1193 liendam
2148 1154 2317 1209 prava
2350 1142 2600 1213 quaedam
2635 1142 2991 1214 excogitavit.
3039 1139 3311 1197 Caeterum
3344 1141 3470 1194 vitae

1882 1231 1970 1286 ille
1998 1232 2256 1288 instituto
2307 1249 2371 1290 ac
2419 1250 2619 1305 genere
2659 1235 2820 1305 plane
2885 1232 3226 1288 admirabilis
3258 1231 3380 1294 fuit,
3415 1238 3471 1286 ct

1882 1322 1950 1378 ad
1985 1322 2305 1382 alliciendos
2335 1325 2550 1381 animos
2597 1326 2651 1381 in
2676 1326 2868 1396 primis
2897 1323 3108 1380 eﬂicax.
3145 1324 3327 1391 Quare
3353 1322 3471 1394 ple-

1886 1414 2042 1485 rique
2072 1432 2138 1473 ex
2192 1415 2465 1489 Egyptiis
2496 1418 2787 1473 monachis
2828 1420 2883 1473 in
2923 1418 3071 1473 illius
3116 1432 3334 1473 errores
3369 1415 3469 1470 ad-

1883 1507 2036 1563 ducti
2070 1516 2220 1566 sunt.
2266 1508 2402 1563 Nam
2434 1510 2580 1579 quod
2621 1511 2688 1566 ad
2723 1519 3066 1565 mortuorum
3106 1510 3473 1566 resurrectio-

1884 1615 2008 1655 nem
2042 1604 2258 1666 attinet,
2290 1602 2436 1672 quod
2469 1603 2653 1660 carnis
2679 1604 3137 1658 resurrectionem
3168 1600 3468 1663 inticiatur,

1886 1690 1941 1747 id
1991 1692 2060 1747 ab
2095 1692 2332 1764 Origene
2379 1702 2665 1750 mutuatus
2703 1695 2955 1757 videtur,’
2985 1693 3092 1750 nisi
3137 1692 3191 1746 id
3234 1706 3301 1748 ex
3349 1706 3473 1747 sese

1886 1785 2199 1840 evomuisse
2247 1784 2518 1841 dicendus
2565 1770 2671 1843 est.
2733 1785 2875 1842 Idem
2924 1786 3146 1857 nuptias
3196 1783 3470 1854 repudiat,

190 1880 288 1933 τὸν
333 1875 587 1949 Ἁϐραάμ
629 1877 725 1930 καί⁹
760 1875 945 1930 Ἰσαὰκ
985 1875 1079 1930 καὶ
1143 1872 1351 1929 Ἰακὼϐ
1396 1875 1492 1929 καὶ
1545 1875 1786 1930 Μωῡσέα

1893 1891 2026 1946 quas
2081 1876 2294 1935 Veteris
2351 1878 2688 1936 Testamenti
2756 1880 3009 1950 proprias
3070 1879 3241 1934 fuisse
3291 1877 3471 1933 docet.

190 1970 293 2024 καὶ
328 1936 560 2041 Ἀαρὼν·
590 1969 687 2023 καὶ
714 1966 923 2032 πάντας
982 1968 1108 2032 τοὺς
1146 1968 1338 2036 ἁγίους
1367 2006 1383 2033 ,
1426 1967 1656 2021 Ἡσαΐαν
1692 1968 1789 2022 καὶ

1893 1936 2103 2040 Quippe
2162 1970 2556 2035 Ahrahamum,
2605 1936 2951 2026 lsaaclum'et
2994 1967 3282 2033 Jacobum,
3325 1964 3477 2037 Moy-

205 2062 492 2137 Ἱερεμίαν
514 2061 715 2132 ὁμοίως
740 2060 976 2131 δέχεται,
996 2061 1090 2116 καὶ
1114 2062 1400 2132 προφήτας
1425 2062 1666 2133 ἡγεῖται,
1692 2061 1788 2115 καὶ

195 2152 658 2226 συγκεχωρῆσθαι
722 2169 889 2225 φησιν
935 2153 994 2205 ὲν
1051 2154 1116 2223 τῇ
1160 2152 1375 2224 Παλαιᾷ
1422 2152 1667 2225 Διαθήκῃ
1712 2153 1788 2223 τῷ

191 2248 369 2319 γάμῳ
402 2242 768 2300 συνάπτεσθαι
790 2260 805 2275 '
851 2244 959 2297 ἀπὺ
985 2243 1043 2298 δὲ
1089 2245 1188 2314 τῆς
1235 2245 1497 2317 ὲνδημίας
1527 2246 1620 2300 τοῦ
1656 2247 1790 2317 Χρι-

192 2338 331 2394 στοῦ
368 2337 568 2410 μηκέτι
597 2337 689 2389 τὸν
718 2336 894 2407 γάμον
922 2335 1346 2408 παραδέχεσθαι,
1370 2339 1509 2410 μήτε
1528 2337 1789 2394 δύνασθαι

191 2431 367 2486 αὑτὸν
396 2429 753 2499 κληρονομεῖν
786 2427 1064 2497 βασιλείαν
1092 2428 1356 2499 οὐρανῶν.
1408 2429 1473 2483 Τί
1508 2429 1652 2501 γάρ,
1685 2448 1791 2502 φη-

194 2526 311 2587 σὶν,
341 2517 480 2593 ἦλθε
511 2523 686 2575 ποιεῖν
713 2519 898 2575 καινὸν
933 2522 962 2574 6
994 2520 1204 2588 Λόγος;
1249 2521 1283 2591 ἦ
1336 2521 1389 2575 τί
1432 2522 1619 2577 καινὸν
1657 2516 1789 2593 ἦλθε

198 2615 450 2688 κηρύξαι
480 2617 509 2668 ὁ
533 2612 845 2685 Μονογενὴς
890 2611 982 2667 καὶ
1025 2611 1402 2684 κατορθῶσαι;
1463 2613 1525 2666 Εἰ
1557 2612 1655 2684 μὲν
1681 2614 1791 2685 γὰρ

193 2708 334 2779 περὶ
359 2706 535 2776 φόϐου
561 2703 719 2769 θεοῦ,
738 2702 894 2757 τοῦτο
927 2699 1072 2773 εἶχεν
1102 2704 1130 2756 ὁ
1163 2702 1324 2774 νόμος
1342 2720 1354 2733 -
1385 2705 1433 2756 εί
1464 2704 1521 2757 δὲ
1546 2704 1673 2775 περῖ¹
1695 2703 1790 2759 τοῦ

192 2798 421 2867 γάμου,
459 2793 832 2866 κεκηρύχασιν
875 2793 929 2846 αἱ
958 2792 1174 2864 Γραφαί
1195 2811 1207 2822 ·
1245 2793 1296 2845 εἰ
1327 2792 1384 2846 δὲ
1415 2793 1542 2864 περὶ
1568 2793 1789 2862 φθόνου,

193 2888 525 2954 πλεονεξίας
568 2887 664 2941 καὶ
690 2883 937 2949 ἀδικίας,
998 2883 1171 2940 ταῦτα
1227 2885 1407 2938 πάντα
1442 2891 1718 2957 περιεῖχεν
1757 2887 1791 2958 ἡ

192 2981 422 3038 Παλαιὰ
455 2979 719 3050 Διαθήκη.
769 2978 866 3030 Ἓν
916 2976 973 3030 δὲ
1023 2975 1184 3047 μόνον
1246 2975 1404 3030 τοῦτο
1449 2977 1793 3049 κατορθῶσαι

196 3067 363 3144 ἦλθε,
393 3071 455 3125 τὸ
480 3071 578 3141 τὴν
618 3070 944 3143 ἐγκράτειαν
977 3068 1214 3141 κηρύξαι
1241 3070 1301 3122 ὲν
1327 3068 1405 3141 τῷ
1437 3069 1627 3141 κόσμῳ
1649 3110 1663 3134 ,
1697 3069 1795 3124 καὶ

205 3163 395 3234 ἑαυτῷ
424 3160 784 3227 ἀναλέξασθαι
808 3160 1029 3229 ἁγνείαν
1060 3160 1154 3214 καὶ
1182 3160 1513 3233 ἐγκράτειαν
1531 3177 1542 3190 ·
1576 3160 1704 3217 ἄνευ
1735 3162 1795 3216 δὲ

208 3257 413 3312 τούτου
438 3254 509 3326 μὴ
530 3253 787 3309 δύνασθαι
824 3249 942 3322 ζῇν.

278 3520 362 3573 B'.
409 3517 517 3582 Τὰς
542 3518 602 3572 δὲ
628 3516 933 3589 προφάσεις
978 3518 1185 3581 ταύτας
1235 3514 1572 3585 πανταχόθεν
1601 3513 1797 3569 ἀναλέ-

202 3630 370 3682 γεται
392 3650 409 3675 ,
432 3612 560 3668 ὅταν
593 3610 720 3683 εἴπῃ
740 3650 755 3675 ,
784 3610 866 3665 ὅτι
892 3611 985 3666 καὶ
1018 3611 1131 3666 Τὸν
1163 3608 1465 3680 ἀγιασμὸν
1490 3606 1680 3677 ἡμῶν,
1721 3601 1795 3664 οὗ

208 3703 394 3771 χωρὶς
430 3702 540 3756 τὸν
588 3701 736 3755 Θεὸν
781 3700 981 3768 οὐδεὶς
1019 3700 1250 3769 ὄψεται.
1294 3699 1420 3753 Ἐὰν
1471 3699 1527 3753 δὲ
1567 3697 1797 3752 εἴπωσιν

210 3797 386 3870 αὐτῷ,
413 3797 541 3862 Πῶς
567 3799 597 3851 ὁ
633 3797 954 3863 ’Δπόστολος
986 3795 1117 3869 ἔφη,
1158 3797 1353 3866 Τίμιος
1390 3799 1423 3851 d
1452 3797 1660 3867 γάμος,
1697 3795 1795 3850 καὶ

209 3894 248 3961 ἠ
278 3892 455 3957 κοίτη
487 3890 774 3960 ἀμίαντος
793 3905 807 3920 ·
853 3892 1117 3959 πόρνους
1152 3888 1223 3942 δὲ
1253 3889 1351 3945 καὶ
1380 3889 1635 3958 μοιχοὺς
1666 3905 1792 3957 κρι-

210 3983 304 4038 νεῖ
330 3986 367 4037 ὁ
399 3983 576 4048 Θεός;
605 3982 699 4034 καὶ
723 3980 882 4044 εὐθὺς
904 3980 1156 4052 ἐπιφέρει
1184 3975 1342 4043 αὖθις
1363 3977 1536 4048 λέγων
1561 3996 1574 4010 ι
1606 3978 1798 4049 ’Υπερ-

208 4075 313 4135 6ὰς
350 4074 414 4128 δὲ
439 4074 624 4143 ὀλίγον
650 4071 820 4141 λέγει,
849 4064 932 4126 ὅτι
965 4072 1031 4129 Ἠ
1053 4072 1282 4143 ἄγαμος
1305 4069 1561 4142 μεριμνᾷ
1589 4070 1663 4126 τὰ
1690 4071 1797 4126 τοῦ

209 4166 441 4235 Κυρίου
460 4207 475 4231 ,
512 4163 638 4230 πῶς
661 4162 866 4232 ἀρέσει
906 4162 990 4230 τῷ
1015 4163 1232 4232 Κυρίῳ,
1264 4162 1365 4217 καὶ
1400 4162 1438 4230 ἠ
1478 4163 1796 4231 παρθένος.

222 4260 286 4315 Ἠ
308 4258 383 4313 δὲ
424 4256 746 4329 γαμήσασα
773 4252 1031 4326 μεριμνᾷ
1063 4254 1189 4323 πῶς
1218 4253 1423 4325 ἀρέσει
1464 4254 1545 4321 τῷ
1585 4255 1757 4323 ἀνδρὶ
1781 4294 1797 4318 ,

212 4354 308 4408 καὶ
336 4349 709 4422 μεμέρισται.
755 4350 820 4403 Et
847 4348 1029 4402 τοίνυν
1060 4348 1179 4401 ἐστὶ
1211 4347 1480 4421 μερισμὸς
1499 4388 1514 4412 ,
1551 4347 1668 4413 πῶς
1704 4347 1797 4402 δύο

213 4461 375 4497 ναται
404 4443 539 4495 ὅπου
570 4439 837 4511 μερισμὸς
859 4480 875 4503 ,
909 4438 1002 4493 ἐπὶ
1030 4437 1092 4493 τὸ
1129 4439 1261 4493 αὐτὸ
1291 4440 1655 4510 κοινωνῆσαι;
1691 4440 1801 4494 Καὶ

213 4537 265 4588 εί
303 4532 429 4604 Θεῷ
459 4532 559 4585 οὐκ
603 4532 863 4604 ἀρέσκει,
899 4530 1037 4585 ἀλλὰ
1080 4530 1159 4604 τῷ
1189 4530 1378 4603 ἀνδρὶ,
1425 4531 1544 4597 πῶς
1577 4531 1799 4586 δύναται

1890 2076 2028 2127 sem,
2062 2060 2331 2118 Aaronem
2355 2077 2422 2117 ac
2448 2071 2672 2117 sanctos
2720 2076 2932 2123 omnes,
2989 2060 3140 2115 velut
3175 2058 3369 2114 Isaiam
3422 2065 3476 2112 et

1887 2151 2182 2209 Joremiam
2213 2155 2419 2225 pariter
2445 2153 2799 2211 ascisccndos
2831 2152 3129 2216 existimat,
3152 2158 3208 2207 et
3239 2149 3478 2222 prophe—

1889 2256 1975 2304 tas
2023 2247 2359 2315 arbitratur;
2401 2247 2732 2318 nuptiasque
2784 2247 2839 2301 in
2879 2244 3063 2301 Veteri
3123 2243 3476 2301 Testamento

1889 2339 2072 2395 licitas
2107 2339 2315 2406 fuisse;
2356 2338 2454 2395 sed
2504 2347 2628 2409 post
2658 2337 2951 2394 adventum
3003 2334 3209 2392 Christi
3252 2335 3474 2391 easdem

1889 2430 2258 2500 rejieiendas,
2319 2438 2508 2501 utpote
2568 2430 2896 2500 quibuscum
2966 2429 3192 2485 caeleste
3246 2441 3476 2498 regnum

1889 2524 2125 2580 obtineri
2157 2530 2411 2594 nequeat.
2447 2522 2588 2589 Quid
2624 2522 2791 2586 enim,
2829 2521 3025 2590 inquit,
3065 2519 3305 2576 Verbum
3347 2516 3479 2572 novi

1890 2623 1950 2668 ut
1980 2612 2184 2668 faceret
2217 2611 2476 2669 advenit?
2516 2611 2669 2682 quid,
2715 2611 2960 2681 inquam,
2995 2610 3122 2664 novi
3156 2606 3477 2679 przedtcare,

1890 2714 1986 2761 aut
2015 2704 2162 2776 quod
2195 2704 2476 2777 egregium
2520 2703 2736 2759 facinus
2788 2701 2967 2756 moliri
3013 2699 3223 2756 voluit?
3272 2697 3331 2753 Si
3381 2696 3473 2752 Dei

1891 2798 2147 2852 timorem
2197 2794 2427 2861 dixeris,
2472 2795 2577 2850 hoc
2612 2795 2726 2865 jam
2762 2794 2848 2850 lex
2886 2794 3002 2864 ipsa
3034 2791 3385 2857 continebat;
3433 2789 3478 2845 si

1891 2889 2134 2957 nuptias,
2167 2885 2332 2942 etiam
2382 2886 2439 2940 in
2479 2884 2657 2942 sacris
2703 2883 2929 2938 Litteris
2984 2883 3388 2953 praedicantur,
3431 2879 3480 2932 si

1891 2977 2188 3042 invidiam,
2244 2978 2557 3043 avaritiam,
2611 2975 2933 3046 injustitiam
2965 2974 3257 3029 damnasse
3306 2974 3478 3040 dicas,

1894 3070 2010 3126 haec
2049 3070 2232 3126 omnia
2263 3066 2463 3125 Vetere
2505 3067 2859 3125 Testamento
2885 3067 3283 3138 comprehensa
3328 3074 3477 3123 sunt.

1895 3161 2158 3232 Superest
2210 3176 2342 3227 ergo
2392 3161 2447 3216 id
2509 3169 2570 3215 ut
2627 3175 2795 3215 unum
2855 3158 3066 3215 allicere
3117 3159 3368 3216 voluerit.
3421 3167 3483 3212 ut

1822 3281 1865 3338 ο
1898 3252 2291 3308 continentiam
2352 3251 2678 3322 praedicaret
2730 3252 2786 3306 in
2841 3249 3061 3316 mundo,
3112 3265 3177 3306 ac
3219 3251 3321 3305 sibi
3375 3250 3481 3321 ipsi

1899 3341 2281 3398 castimoniam
2312 3342 2594 3413 deligeret,
2634 3341 2754 3398 sine
2793 3356 2902 3412 qua
2951 3340 3187 3395 obtineri
3213 3342 3324 3396 vita
3367 3356 3482 3396 non

1898 3434 2093 3504 possit.
2421 3442 2434 3454 '

1968 3525 2034 3581 ll.
2073 3526 2154 3583 Ad
2203 3525 2256 3582 id
2296 3541 2426 3583 vero
2457 3524 2654 3598 dogma
2694 3522 3165 3595 comprobandum
3195 3524 3482 3580 undecun-

1898 3635 2007 3691 que
2035 3628 2356 3690 argumenta
2393 3626 2670 3690 corrogat,
2700 3618 2851 3673 velut
2894 3618 3046 3673 illum
3076 3618 3255 3673 locum
3287 3616 3482 3673 :‘San-

1898 3712 2271 3781 ctiﬁcationem
2301 3720 2550 3777 vestram,
2579 3712 2693 3766 sine
2719 3728 2823 3779 qua
2849 3725 2999 3765 nemo
3026 3708 3217 3764 videbit
3239 3707 3406 3763 Deum
3435 3709 3480 3763 ’.

1898 3802 2055 3870 Quod
2087 3803 2132 3859 si
2160 3802 2404 3873 Apostoli
2437 3801 2646 3859 dictum
2679 3802 2810 3858 illud
2846 3801 3111 3872 ubjicias:
3139 3799 3485 3857 Honorandte

1898 3902 2020 3949 sunt
2059 3893 2281 3963 nuptim,
2313 3898 2362 3947 et
2396 3901 2542 3947 torus
2577 3890 2989 3957 immaculatus';
3017 3890 3365 3953 fornicatores
3387 3908 3489 3945 au-

1901 3993 2000 4039 tem
2029 3994 2079 4040 et
2112 3985 2381 4040 adulteros
2402 3984 2669 4054 judicabit
2697 3983 2837 4039 Deus
2867 3985 2909 4050 ³,
2928 3985 3007 4039 sic
3029 3983 3119 4039 ille
3149 3983 3482 4055 respondet:

1899 4077 2066 4148 Atqui
2108 4079 2270 4149 paulo
2319 4085 2445 4149 post
2503 4077 2645 4133 idem
2692 4076 2988 4149 Apostolus
3034 4076 3167 4132 dicit
3204 4097 3218 4132 :
3252 4076 3488 4148 Innupta

1900 4168 2133 4224 sollicita
2168 4177 2245 4222 est
2289 4169 2353 4221 de
2381 4167 2462 4222 Itis
2506 4184 2627 4239 quae
2652 4165 2750 4222 Dei
2781 4176 2922 4234 sunt,
2960 4167 3226 4239 quomodo
3276 4169 3487 4237 placeat

1902 4256 2150 4321 Domino,
2186 4267 2238 4311 et
2265 4258 2425 4327 virgo.
2456 4256 2641 4327 Nupta
2662 4274 2785 4312 vero
2828 4259 3061 4333 sollicita
3105 4267 3182 4313 est
3218 4261 3481 4329 quomodo

1900 4349 2104 4417 placeat
2136 4350 2267 4410 viro,
2314 4359 2364 4403 et
2403 4349 2576 4404 divisa
2607 4360 2684 4404 est
2712 4351 2754 4404 ⁸.
2791 4350 2947 4406 Unde
2990 4351 3036 4406 si
3074 4350 3274 4407 divisio
3317 4351 3482 4415 inest,

1902 4441 2179 4512 quomodo
2210 4441 2546 4497 intercedere
2584 4443 2897 4497 communio
2927 4443 3139 4513 potest?
3185 4440 3262 4497 Ac
3292 4442 3338 4497 si
3377 4441 3487 4497 Deo
3571 4426 3581 4442 ’

1904 4552 2013 4591 non
2041 4536 2273 4606 placeat,
2314 4532 2411 4590 sed
2441 4534 2580 4600 viro,
2611 4541 2862 4605 pctestne
2898 4532 3273 4589 haereditatem
3306 4549 3336 4589 a
3377 4533 3489 4591 Deo

216 4626 370 4696 παρὰ
390 4623 514 4695 Θεῷ
536 4623 831 4693 κεκτῆσθαι
861 4624 960 4695 τὴν
983 4623 1350 4695 κληρονομίαν
1370 4640 1384 4690 ;
1426 4623 1530 4677 Διὰ
1554 4623 1664 4696 γάρ
1693 4625 1791 4691 τὰς

1905 4626 2208 4697 consequi?
2244 4626 2380 4681 Cum
2425 4632 2604 4681 autem
2645 4626 2727 4680 sic
2776 4626 3026 4682 hortatur
3062 4644 3075 4680 :
3117 4624 3341 4695 Propter
3369 4627 3487 4696 for.-

216 4719 501 4789 πορνεΙας
544 4716 798 4787 ἕκαστος
846 4717 963 4786 τὴν
1012 4717 1232 4772 ἑαυτοῦ
1279 4716 1534 4788 γυναῖκα
1582 4717 1795 4788 ἐχέτω,

218 4810 315 4863 οὐκ
346 4806 610 4873 ἐπαινῶν,
636 4807 792 4878 φησὶ,
818 4807 994 4877 γάμον
1026 4806 1164 4878 μετὰ
1189 4806 1288 4878 τὴν
1311 4807 1638 4879 παρουσίαν,
1664 4806 1800 4862 ἀλλὰ

223 4898 650 4971 συμϐαστάξων,
677 4898 765 4952 ἵνα
794 4898 869 4969 μὴ
896 4898 977 4962 είς
1010 4896 1267 4968 περιττὸν
1294 4896 1516 4968 ὄλεθρον
1546 4898 1800 4969 ἐμπέσω-

220 4998 320 5043 σιν.
345 4987 487 5043 Εὶσὶ
517 4985 628 5056 γὰρ
656 4986 939 5056 εὐνοῦχοι
971 4988 1025 5041 οὶ
1050 4986 1306 5054 ἑαυτοὺς
1328 4989 1802 5057 εὐνουχίσαντες

218 5078 311 5132 διὰ
354 5076 472 5144 τὴν
518 5076 846 5139 ,ϐασιλείαν
894 5075 1012 5130 τῶν
1060 5076 1336 5147 οὐρανῶν
1356 5094 1368 5108 ·
1426 5078 1521 5133 καὶ
1539 5120 1554 5144 ,
1604 5083 1768 5135 Θέλω
1784 5120 1798 5144 .

222 5170 381 5239 φησὶ.
416 5166 647 5232 πάντας
672 5163 823 5221 εἶναι
848 5168 930 5232 ὡς
957 5168 1218 5237 ἐμαυτόν
1238 5175 1262 5198 ·’
1279 5169 1373 5223 καὶ
1393 5211 1407 5236 ,
1446 5171 1724 5241 Ὡμοιώθη
1759 5172 1799 5242 ἡ

219 5259 505 5323 ,ϐασιλεία
547 5257 668 5313 τῶν
713 5256 986 5326 οὐρανῶν
1034 5259 1183 5313 δέκα
1225 5260 1570 5330 παρθένοις,
1622 5264 1801 5320 πέντε

217 5352 471 5422 μωροῖς,
506 5352 604 5405 καὶ
643 5349 823 5405 πέντε
852 5352 1180 5420 φρονίμοις.
1212 5352 1467 5426 Φρόνιμοι
1503 5354 1796 5427 παρθένοι,

220 5446 402 5518 μωραὶ
442 5443 703 5514 παρθένοι
722 5485 737 5507 ,
773 5441 911 5514 πλὴν
943 5443 1240 5515 παρθένοι,
1274 5445 1523 5525 βασιλείᾳ
1553 5449 1799 5521 οὐρανῶν

154 5544 165 5549 ’
217 5535 606 5601 ἀπεικάζονται
632 5553 645 5566 ·
691 5532 788 5589 καὶ
832 5535 931 5588 οὐκ
969 5529 1142 5601 εἶπεν,
1190 5536 1445 5608 ἔγγαμοι.
1507 5540 1687 5595 Πολλὰ
1741 5542 1800 5596 δὲ

216 5627 440 5682 τοιαῦτα
489 5626 671 5698 ἑαυτῷ
720 5626 1079 5701 ὲπισωρεὺει,
1130 5627 1217 5681 ἴνα
1266 5629 1427 5701 δῆθεν
1477 5632 1800 5706 παρεκὸάλῃ

215 5722 413 5791 γάμον.

286 5864 304 5933 ἲ
336 5862 458 5918 Cor.
491 5862 771 5933 odaxwv._
817 5860 873 5933 __’
906 5859 1069 5933 Hebr.
1096 5862 1310 5933 unde.

213 5934 235 5965 '
274 5931 292 5986 Ι
327 5934 451 5994 Cor.
483 5928 585 6003 vn,
617 5934 674 5988 7.
753 5931 778 5963 ⁸
814 5928 1004 5985 Matth.
1029 5946 1157 5997 xxv,
1195 5931 1246 5998 1,
1278 5932 1335 5987 2.

1417 5865 1438 5896 ³
1476 5864 1642 5922 Hebr.
1675 5883 1796 5934 xm,
1832 5867 1884 5922 4.
1980 5868 2041 5922 ’δι
2099 5869 2225 5925 Cor.
2269 5883 2361 5932 vu,
2395 5866 2483 5921 3i.

1906 4719 2195 4774 uicationes
2222 4726 2415 4780 autem,
2440 4717 2794 4787 unusquisque
2817 4733 2968 4771 suam
2989 4731 3207 4771 umorem
3229 4716 3419 4771 habeat
3443 4718 3487 4782 ³,

1907 4826 2015 4866 non
2066 4807 2368 4864 laudandas
2415 4808 2572 4878 711
2622 4814 2747 4878 post
2787 4807 3077 4865 adventum
3119 4805 3355 4870 Domini,
3390 4804 3487 4861 sed

1907 4903 2223 4959 tolerandas
2249 4902 2462 4974 nuptias
2492 4884 2664 4972 putat,
2696 4915 2765 4955 ne
2794 4898 2973 4969 majus
3003 4899 3056 4954 in
3083 4898 3311 4953 exitium
3343 4913 3488 4969 prte-

1910 4994 2105 5065 cipites
2156 5001 2338 5049 ruant.
2377 4991 2517 5049 Sunt
2558 4993 2700 5047 enim
2728 4991 2973 5055 eunuchi,
3021 4991 3111 5060 qui
3147 4991 3344 5058 seipsos
3397 5006 3492 5044 ca-

1910 5091 2211 5137 straverunt
2241 5091 2452 5153 propter
2475 5095 2691 5149 regnum
2717 5077 2967 5134 caelorum
2994 5080 3036 5131 ⁸.
3066 5078 3269 5134 lterum
3301 5096 3316 5134 :
3363 5078 3492 5134 Volo

1910 5190 2087 5228 omnes
2128 5189 2240 5228 esse
2280 5173 2419 5227 sicut
2453 5172 2707 5241 meipsum
2751 5170 2794 5223 ".
2847 5167 2985 5224 Tum
3017 5189 3030 5224 :
3066 5168 3252 5224 Simile
3289 5170 3491 5240 factum

1906 5275 1987 5319 est
2032 5281 2249 5335 regnum
2302 5263 2553 5318 cartorum
2605 5263 2831 5332 quinque
2882 5261 3205 5330 virginibus,
3266 5277 3492 5331 quarum

1906 5360 2131 5430 quinque
2178 5365 2333 5412 erant
2383 5355 2569 5426 fatuas,
2620 5363 2672 5409 et
2720 5355 2946 5425 quinque
2981 5353 3260 5423 prudentes
3292 5353 3335 5404 ⁸.
3387 5350 3487 5406 Ubi

1908 5461 2016 5505 tam
2046 5449 2345 5521 prudentes
2376 5448 2639 5520 virgines,
2673 5463 2836 5519 quam
2878 5446 3061 5511 fatuae,
3088 5445 3182 5502 sed
3212 5445 3493 5500 nihilomi-

1906 5559 2012 5599 nus
2043 5535 2307 5615 virgines,
2337 5557 2463 5598 cum
2501 5542 2712 5598 cmlesti
2749 5554 2914 5611 regno
2937 5546 3360 5609 comparantur;
3391 5553 3490 5593 nec

1907 5636 1974 5690 de
2009 5636 2218 5707 nuptiis
2271 5636 2601 5692 mentionem
2649 5633 2795 5689 fecit.
2848 5631 3015 5687 Multa
3059 5630 3113 5685 id
3161 5644 3333 5699 genus
3384 5629 3491 5685 alia

1910 5725 2172 5782 adversus
2204 5727 2423 5798 nuptias
2457 5726 2786 5780 accumulat.

2584 5867 2605 5897 ⁸
2639 5863 2770 5919 ibid.
2797 5861 2851 5915 2.
2951 5859 2971 5890 ⁶
3001 5857 3192 5915 Matth.
3254 5871 3372 5922 XIX,
3398 5856 3491 5914 ιε.
