3994 6406
567 379 674 436 179

1990 393 2044 449 S.
2089 394 2430 451 ΕΡΙΡΙΙᾹΝΙἸ
3731 413 3810 468 18η

569 497 725 552 venis
773 497 1016 569 implevit
1064 509 1308 572 tempora
1365 505 1554 559 multa.
1630 509 1836 563 Placita
1875 513 2010 565 enim
2046 524 2158 566 erat

2271 515 2448 586 κρούς.
2491 516 2728 583 Ἀρεστὶι
2760 516 2870 585 γὰρ
2896 513 2975 587 ἦν
3010 521 3203 586 Κυρίῳ
3228 520 3266 586 ἠ
3295 519 3466 589 ψυχὴ
3504 523 3708 578 αὐτοῦ’
3735 526 3810 582 διὰ

570 586 799 645 Domino
832 590 1014 644 anima
1043 591 1188 646 illius
1217 609 1235 646 :
1267 607 1545 662 propterea
1591 599 1857 666 festinavit
1885 618 2000 655 eum
2031 604 2160 656 edu-

567 696 682 734 cere
727 683 791 734 de
835 681 1003 737 medio
1058 684 1282 739 malitia:
1317 687 1356 740 ¹.
1391 688 1532 754 Quin
1574 701 1631 745 et
1687 694 1826 762 apud
1869 693 2158 751 Jeremiatn

568 771 834 827 Dominus
863 813 878 836 ,
909 773 1227 845 Antequam,
1257 778 1452 848 inquit,
1488 783 1539 835 in
1588 793 1736 837 utero
1774 785 2059 853 formarem
2092 797 2158 847 te.

558 866 686 920 novi
733 875 803 931 te,
847 877 897 921 et
955 877 1240 938 antequam
1299 874 1470 940 exire:
1515 875 1578 928 de
1627 877 1800 944 vulva,
1834 879 2162 948 sancti/icavi

554 972 600 1011 te
641 959 683 1012 ².

637 1049 705 1106 ν.
742 1050 850 1108 Sed
885 1053 952 1108 ad
987 1053 1324 1114 Salvatoretn
1363 1060 1562 1128 ipsum,
1605 1068 1659 1116 ct
1692 1077 1755 1117 os
1802 1061 1932 1116 illud
1964 1079 2162 1132 expers

563 1142 838 1198 mendacii
893 1148 1250 1218 omniumque
1304 1167 1486 1205 rerum
1533 1154 1842 1223 cognitione
1875 1154 2160 1224 prteditum

567 1235 875 1293 veniamus.
915 1237 1078 1293 Adsis
1116 1241 1297 1310 igitur,
1329 1257 1363 1296 ο
1413 1242 1658 1307 Domine,
1695 1252 1750 1299 et
1792 1244 2164 1316 intelligentia:

567 1337 774 1385 nostrae
808 1346 964 1400 opem
1001 1332 1179 1389 ferens
1215 1333 1500 1389 llieraeam
1535 1335 1685 1390 illum
1729 1337 1960 1405 ejusque
1992 1344 2162 1390 teme—

568 1419 784 1477 ritatem
829 1438 1013 1494 argue.
1063 1426 1425 1494 Accesserant,
1473 1428 1671 1497 inquit,
1719 1429 1788 1481 ad
1833 1429 1988 1482 illum
2037 1444 2164 1496 pue-

567 1513 694 1578 ruli,
725 1525 780 1569 ut
813 1533 1000 1570 manus
1027 1518 1135 1572 illis
1174 1520 1460 1588 imponeret
1499 1519 1665 1592 714
1694 1537 1756 1574 ac
1801 1519 2160 1584 benediceret;

567 1606 818 1676 discipuli
864 1626 982 1663 vero
1032 1612 1346 1680 repellebant
1396 1613 1516 1667 illos
1551 1624 1599 1666 et
1630 1613 1991 1680 prohibebant.
2047 1611 2166 1682 Ipse

567 1717 687 1757 vero
713 1702 851 1757 dixit
883 1703 993 1758 illis
1025 1718 1042 1757 :
1076 1703 1247 1759 Sinite
1288 1705 1557 1773 parvulos,
1589 1716 1639 1759 et
1690 1723 1752 1759 ne
1799 1705 2064 1774 prohibete
2093 1706 2164 1759 il—

571 1792 650 1846 los
690 1794 865 1848 venire
911 1799 981 1848 ad
1028 1811 1129 1849 me.
1181 1796 1394 1849 Talium
1439 1797 1576 1851 enim
1621 1805 1696 1851 est
1742 1814 1956 1867 regnum
2009 1799 2165 1851 σιειοα

2264 608 2438 660 τοῦτο
2470 608 2780 662 ἔσπευσεν
2811 609 2881 662 ἐκ
2907 609 3104 679 μέσου
3143 615 3454 682 πονηρίας.
3496 615 3602 669 Καὶ
3630 617 3701 687 τῷ
3737 621 3812 671 Ἱε-

2267 701 2431 770 ρεμίᾳ
2462 701 2625 770 φησιν
2657 699 2687 750 6
2721 700 2960 772 Κύριοςο
2995 703 3115 771 Πρὸ
3154 704 3259 758 τοῦ
3285 723 3362 774 με
3395 705 3624 762 πλάσαι
3669 725 3733 762 σε
3757 710 3812 763 ἐν

2264 792 2480 858 κοιλίᾳ.
2517 794 2843 862 ἐπίσταμαί
2881 809 2975 860 σε,
3017 795 3114 850 καὶ
3153 797 3265 864 πρὸ
3313 798 3416 851 τοῦ
3462 798 3718 863 ἐξελθεῖν
3752 819 3812 856 σε

2263 883 2333 935 ἐκ
2363 883 2616 952 μήτρας.
2649 885 2871 955 ἠγίακὰ
2901 904 2996 942 σε.

2336 1066 2408 1118 Ε’.
2473 1066 2700 1138 Ἰδωμεν
2754 1068 2808 1121 δὲ
2849 1069 3012 1122 αὐτὸν
3053 1070 3147 1126 τὸν
3191 1072 3452 1144 Σωτῆρα,
3505 1072 3564 1125 τὸ
3614 1071 3812 1142 ἀψευδὲς

2266 1157 2458 1225 στόμα,
2496 1157 2555 1210 τὸ
2579 1157 2846 1226 γινῶσκον
2875 1159 2945 1212 τὰ.
2973 1160 3172 1215 πάντα.
3202 1163 3395 1234 Δεῦρο,
3444 1162 3632 1233 Κύριε,
3658 1164 3810 1234 βοήθει

2262 1251 2328 1318 τῇ
2359 1248 2569 1320 διανοίᾳ
2618 1250 2776 1320 ἡμῶν
2800 1269 2812 1282 ·
2855 1250 3073 1320 ἔλεγξον
3105 1253 3162 1306 δὲ
3211 1254 3302 1307 τὸν
3350 1255 3586 1326 Ἱέρακά,
3621 1255 3705 1308 καὶ
3733 1255 3812 1324 τὴν

2264 1340 2444 1394 αὐτῶν
2504 1341 2858 1412 προπέτειαν.
2912 1344 3271 1414 Προσῆλθον
3325 1345 3508 1412 αὐτῷ,
3567 1347 3708 1416 φησὶ,
3755 1346 3812 1398 τὰ

2264 1434 2489 1498 παιδία,
2524 1436 2625 1489 ἵνα
2651 1435 2725 1504 θῇ
2744 1435 2946 1505 χεῖρας
2973 1437 3066 1490 ἐπ’
3099 1439 3252 1492 αὐτὰ
3287 1440 3387 1492 καὶ
3417 1438 3731 1508 εὐλογήσῃ.
3761 1439 3812 1491 Ol

2264 1529 2332 1581 δὲ
2375 1529 2634 1598 μαθηταὶ
2686 1528 3036 1583 ἁπωθοῦκτο
3079 1531 3257 1592 αὐτὰ,
3297 1531 3400 1585 καὶ
3437 1531 3709 1585 ἐκώλυον.
3764 1531 3811 1583 '0

2264 1619 2333 1672 δὲ
2362 1618 2513 1686 πρὸς
2549 1619 2771 1685 αὐτοὺς
2803 1620 2920 1688 ἔφη
2942 1636 2955 1650 ·
2988 1623 3204 1689 Ἅφετε
3236 1622 3308 1675 τὰ
3342 1622 3568 1686 παιδία,
3617 1623 3707 1675 καὶ
3742 1621 3808 1692 μὴ

2265 1710 2524 1768 κωλύετε
2562 1709 2728 1764 αὐτὰ
2741 1710 2940 1764 ἐλθεῖν
2967 1713 3117 1780 πρός
3149 1729 3245 1782 με.
3283 1712 3407 1766 Τῶν
3435 1715 3545 1783 γὰρ
3572 1715 3811 1768 τοιούτων

2264 1799 2437 1853 ἐστὶν
2489 1801 2528 1868 ἡ
2570 1800 2861 1863 βασιλεία
2906 1799 3028 1853 τῶν
3083 1801 3380 1868 οἰιρανῶν.
3451 1803 3559 1856 Καὶ
3615 1803 3695 1855 ἵνα
3752 1801 3810 1870 μὴ

571 1899 692 1936 rum
736 1883 777 1937 ⁸.
825 1882 932 1939 Sed
979 1900 1050 1940 ne
1096 1888 1448 1955 puerulorum
1485 1887 1886 1950 tantummodo,
1938 1904 2001 1942 ac
2052 1905 2161 1943 non

2271 1891 2426 1962 μόνον
2469 1891 2770 1964 παιδαρίων
2813 1893 2978 1964 νοηθῇ
3035 1895 3068 1965 ή
3127 1893 3375 1963 βασιλεία
3428 1895 3537 1948 τῶν
3585 1894 3808 1961 οὖρανὼν,

569 1975 798 2045 reliquae
825 1977 1004 2033 atatis
1030 1977 1252 2033 cmleste
1275 1993 1504 2048 regnum
1534 1994 1656 2034 esse
1680 1979 2050 2047 crederemus,
2081 1982 2162 2036 sic

571 2068 642 2123 ab
675 2069 782 2126 illis
813 2084 1044 2126 exorsus
1077 2079 1181 2136 est,
1215 2079 1275 2126 ut
1303 2086 1648 2126 communem
1680 2087 1806 2126 cum
1837 2071 1902 2128 iis
1933 2073 2162 2129 haeredi-

568 2166 738 2214 tatem
781 2159 995 2215 illorum
1039 2161 1314 2219 similibus
1356 2162 1638 2218 tribueret.
1672 2160 1792 2218 Jam
1829 2178 1958 2218 vero
1991 2165 2039 2219 si
2074 2165 2162 2221 bis

566 2251 728 2321 ipsis,
763 2252 855 2324 qui
882 2253 1132 2324 proxime
1169 2253 1236 2309 ad
1269 2255 1392 2312 iilos
1425 2255 1781 2323 accesserint,
1820 2257 2043 2332 cgnlestc
2072 2273 2161 2313 re-

568 2359 734 2414 gnum
766 2346 1137 2416 promittitur:
1170 2354 1378 2418 quanto
1415 2347 1468 2402 id
1503 2348 1606 2419 ipsi
1644 2349 1820 2419 magis
1861 2364 2152 2420 assequeuo

569 2443 661 2489 tur
695 2453 708 2489 :
745 2450 977 2506 quorum
1014 2436 1082 2491 ad
1108 2439 1386 2508 exemplar
1417 2454 1482 2494 ac
1524 2440 1882 2514 archetypum
1912 2443 2160 2511 expressi

533 2513 538 2524 ’
568 2537 700 2584 sunt
733 2529 865 2584 alii?
889 2530 1042 2586 Adeo
1079 2531 1268 2587 nullus
1313 2532 1475 2588 istius
1525 2532 1719 2588 fabulae
1763 2513 1916 2590 locus
1949 2543 2035 2590 est
2075 2549 2162 2589 re-

569 2620 754 2677 lictus.
787 2621 1044 2677 Omnium
1073 2623 1275 2694 quippe
1304 2625 1598 2679 miseretur
1625 2622 1891 2680 Dominus
1925 2645 1938 2680 :
1973 2624 2165 2680 ϐαδιο-

571 2710 722 2766 diem
777 2713 916 2767 enim
967 2713 1216 2780 parvulos
1267 2713 1526 2768 Dominus
1575 2715 1615 2769 ⁸.
1668 2713 1799 2770 Item
1846 2733 1859 2769 :
1900 2714 2160 2784 Laudate,

569 2805 740 2871 pueri,
777 2804 1114 2860 Dominum".
1137 2805 1339 2861 Deinde
1374 2807 1725 2877 praedicatum
1746 2809 1877 2864 illud
1908 2825 1937 2864 a
1974 2812 2159 2881 pueris

571 2906 658 2952 est
685 2919 698 2952 :
726 2899 1045 2955 "osannain
1070 2899 1308 2954 excelsis.
1341 2899 1652 2954 Benedictus
1685 2901 1776 2971 qui
1813 2902 1944 2956 venit
1977 2903 2031 2956 in
2064 2919 2159 2959 no-

2264 1984 2360 2035 καὶ
2393 1983 2514 2052 οὐχὶ
2542 1983 2636 2035 ἐπὶ
2663 1985 2841 2037 πᾶσαν
2870 1985 3108 2056 ἡλικίαν,
3147 1986 3242 2040 ἀπ’
3283 1986 3469 2039 αὐτῶν
3504 1986 3598 2055 μὲν
3623 1985 3712 2055 τὴν
3736 1984 3810 2052 ἀρ-

2264 2074 2368 2146 χὴν
2408 2075 2656 2146 ἄρχεται,
2691 2079 2804 2140 τοῖς
2850 2077 2906 2130 δὲ
2940 2077 3147 2148 ὁμοίοις
3181 2078 3361 2131 αὐτῶν
3397 2076 3686 2148 δεδώρηται
3718 2078 3808 2146 μετ’

2264 2163 2442 2216 αὐτῶν
2463 2162 2620 2234 ’ἔχειν
2647 2166 2747 2233 τὴν
2781 2165 3172 2238 κληρονομίαν.
3209 2169 3272 2221 Εἰ
3295 2167 3407 2238 γὰρ
3433 2170 3482 2221 οἱ
3517 2168 3632 2222 κατ’
3653 2166 3810 2227 αὐτοις

2267 2256 2568 2328 βασιλεύειν
2613 2257 2820 2328 ἔχουσι,
2877 2260 3028 2331 πόσῳ
3058 2277 3122 2329 γε
3179 2261 3380 2331 μᾶλλον
3445 2262 3496 2314 ot
3558 2260 3810 2332 ἀρχέτυποι

2262 2350 2370 2404 τῶν
2406 2355 2528 2404 κατ’
2561 2350 2756 2412 αὐτοὺς
2797 2353 3181 2425 ὑπαρχό·ηων;
3220 2354 3329 2407 Καὶ
3364 2354 3653 2407 πέπτωκεν
3678 2349 3808 2404 αὑτοῦ

2263 2446 2293 2498 6
2338 2443 2588 2514 μυθώδης
2620 2445 2798 2514 λόγος.
2847 2446 3065 2512 Πάντας
3098 2446 3206 2520 γὰρ
3237 2449 3380 2500 ἐλεεῖ
3410 2450 3439 2502 6
3473 2445 3682 2519 Κύριος.
3718 2446 3809 2496 Φιν-

2263 2538 2520 2589 λασσων
2550 2535 2659 2604 γὰρ
2710 2536 2784 2589 τὰ
2824 2537 3015 2606 νήπια
3065 2542 3098 2592 d
3146 2538 3395 2606 Κύριος·
3449 2537 3563 2598 καὶ,
3610 2532 3808 2594 Αἰνεῖτε.

2265 2625 2494 2692 παῖδες,
2525 2627 2762 2693 Κύριον.
2800 2627 2911 2681 Kal.
2937 2628 3006 2681 τὰ
3031 2628 3218 2681 παιδία
3245 2628 3526 2700 ἐκήρυξαν
3548 2645 3562 2660 ο
3597 2622 3809 2681 Ὡσαννὰ

2264 2717 2334 2771 ἐν
2369 2717 2491 2783 τοῖς
2535 2718 2838 2785 ὑψίστοις.
2903 2719 3328 2788 Εὐλογημένος
3358 2721 3393 2772 ὁ
3429 2719 3724 2788 ἐρχόμενος
3758 2713 3809 2764 ἐν

2265 2811 2507 2881 ὀνόματι
2527 2810 2746 2878 Κυρίου
2762 2827 2774 2838 ·
2795 2810 2912 2877 καὶ,
2945 2811 3044 2866 Ἐκ
3072 2813 3368 2881 στόματος
3382 2813 3618 2880 νηπίων
3635 2806 3809 2870 ualliq—

2265 2902 2566 2963 λαζόντων
2580 2905 2918 2973 κατηρτίσω
2944 2899 3140 2960 αἶνον.
3167 2905 3276 2958 Kal.
3299 2904 3444 2958 πόσα
3470 2905 3585 2958 ἐστὶ
3601 2897 3806 2966 retexite;

573 2990 712 3045 mine
754 2990 966 3045 Domini
995 2991 1038 3048 ⁸.
1109 2993 1241 3049 [tein
1300 3013 1314 3048 :
1358 2992 1442 3046 Ea:
1487 3011 1575 3048 ore
1620 2995 1903 3064 infantium
1959 3007 2010 3050 et
2069 2997 2373 3052 lactentia»:
2412 2998 2677 3067 perfecisti
2732 2997 2942 3052 laudem
2994 2997 3037 3052 ⁷.
3099 2995 3254 3052 Mitto
3304 2996 3415 3051 alia
3461 2997 3578 3068 ejus
3638 2988 3808 3064 generis

572 3086 809 3141 inﬁnita.

646 3183 734 3238 Vl.
763 3184 844 3240 Ad
877 3186 1061 3241 carnis
1102 3201 1233 3241 vero
1271 3187 1730 3244 resurrectionem
1761 3187 1905 3260 quod
1943 3187 2157 3255 attinet,

2338 3188 2434 3255 ς’.
2478 3185 2616 3257 Περὶ
2647 3184 2703 3238 δὲ
2739 3183 2940 3256 σαρκὸς
2961 3181 3330 3247 ἀναστάσεως,
3364 3178 3488 3244 πῶς
3509 3178 3622 3250 οὐχὶ
3653 3172 3809 3247 σαρκὸς

571 3293 760 3333 nonne
817 3280 1111 3334 convenire
1165 3279 1257 3334 illa
1315 3281 1466 3334 carni
1529 3281 1720 3348 debet,
1777 3298 1810 3336 o
1864 3282 2164 3336 vanissime

571 3371 826 3434 llieraca.
858 3387 980 3427 cum
1004 3383 1058 3428 et
1102 3373 1218 3444 ipsa
1248 3373 1504 3444 loquendi
1541 3377 1681 3431 ratio
1711 3376 1845 3432 satis
1882 3376 1988 3430 vim
2019 3375 2166 3430 illius

572 3463 808 3532 arguat?
831 3463 1040 3518 Etenim
1071 3467 1405 3522 resurrectio
1432 3465 1498 3522 de
1521 3482 1586 3523 eo
1619 3483 1728 3524 non
1769 3468 1994 3530 dicitur,
2021 3467 2166 3537 quod

572 3557 802 3611 minime
829 3557 1112 3612 ceciderit.
1160 3556 1432 3623 Quidnam
1483 3561 1649 3629 igitur
1697 3561 1829 3615 illud
1886 3571 1972 3617 est
2022 3559 2165 3631 quod

575 3649 795 3714 cecidit,
833 3650 977 3720 quod
1014 3651 1285 3720 sepultum
1318 3661 1402 3708 est
1447 3660 1610 3723 atque
1645 3652 1995 3714 dissolutum,
2032 3667 2170 3724 pra:-

575 3751 829 3810 terquam
853 3742 1090 3810 θοι-ριιεῖ
1123 3739 1310 3811 Neque
1341 3741 1488 3796 enim
1537 3741 1606 3797 de
1647 3742 1829 3796 anima
1874 3743 1982 3798 dici
2022 3743 2170 3798 istud

577 3842 782 3906 potest,
823 3839 943 3904 qua
985 3849 1160 3905 neque
1207 3835 1422 3900 cadere,
1464 3850 1638 3906 neque
1680 3837 1920 3906 separari
1969 3843 2168 3907 potest.

579 3925 747 3982 Plura
801 3928 907 3981 alia
968 3927 1037 3982 de
1100 3940 1163 3980 ea
1215 3941 1274 3982 re
1312 3926 1581 3997 disputari
1627 3937 1879 3997 possunt,
1911 3928 2006 3984 sed
2057 3929 2174 3982 haec

579 4033 796 4076 summa
845 4027 966 4076 esto
1011 4034 1024 4071 :
1081 4020 1538 4075 resurrectionem
1580 4035 1922 4091 nequaquam
1977 4021 2174 4075 anima:

579 4111 771 4178 tribui,
803 4112 901 4168 sed
940 4127 1144 4186 corpus
1180 4130 1303 4171 esse
1348 4112 1493 4183 quod
1537 4115 1792 4184 resurgit.
1848 4112 2004 4179 Quod
2045 4127 2174 4168 vero

580 4205 650 4262 de
709 4205 975 4262 electione
1030 4208 1186 4278 plura
1249 4207 1420 4271 dicit,
1475 4220 1583 4276 qua
1641 4205 1895 4261 Salvator
1945 4204 2177 4277 virgini-

577 4305 772 4363 tatem,
818 4299 1215 4354 continentiam
1275 4305 1330 4353 et
1367 4297 1750 4352 castimoniam
1797 4297 2007 4367 elegit:
2049 4296 2175 4365 quis

580 4391 687 4446 hoc
727 4405 836 4445 non
887 4382 1158 4462 intelligit,
1194 4391 1263 4446 de
1299 4389 1489 4446 eodem
1531 4389 1746 4445 delectu
1777 4387 1998 4459 gloriari
2034 4401 2174 4458 quo-

581 4501 691 4556 que
715 4493 982 4549 sanctam,
1012 4485 1337 4539 catholicam
1368 4491 1422 4540 et
1456 4483 1816 4555 apostolicam
1842 4481 2177 4538 Ecclesiam?

2268 3279 2423 3335 ἔσται
2468 3279 2786 3342 ἀνάστασις,
2831 3271 2877 3330 ὦ
2925 3274 3480 3346 ὲθελόσοφεΊέρακας
3513 3271 3649 3341 Αὐτὴ
3673 3265 3808 3337 γὰρὴ

2268 3373 2535 3446 ὀνομασία
2566 3373 2667 3444 τῆς
2696 3371 2950 3444 φράσεως
2991 3368 3232 3423 δείκνυσι
3265 3367 3364 3438 τὴν
3405 3365 3646 3436 δύναμιν.
3689 3357 3810 3414 Ἀνά-

2273 3483 2461 3532 στασις
2493 3465 2600 3540 γὰρ
2639 3465 2700 3518 οὐ
2744 3464 2988 3518 καλεῖται
3018 3460 3111 3516 1:03
3159 3459 3234 3532 μὴ
3270 3458 3635 3519 πεπτωκότος.
3691 3453 3810 3507 Ποῖον

2270 3558 2326 3613 δέ
2365 3561 2479 3612 ἐστι
2507 3556 2568 3610 τὺ
2603 3556 2802 3621 madv;
2853 3557 3002 3608 ποῖον
3050 3551 3110 3605 τὸ
3154 3549 3361 3620 ταφέν;
3416 3551 3566 3602 ποῖον
3615 3545 3660 3598 ιο
3690 3541 3811 3596 λυθὲν

2272 3649 2387 3702 ἀλλ’
2423 3649 2457 3719 ἢ
2486 3647 2545 3701 τι
2581 3645 2760 3717 σῶμα,
2817 3645 2912 3698 καὶ
2954 3643 3052 3712 οὐχ
3099 3643 3132 3712 ἡ
3165 3639 3353 3710 ψυχὴ;
3391 3638 3556 3710 Ψυχὴ
3594 3636 3747 3689 τοίνυν
3767 3628 3810 3680 οὐ

2275 3741 2481 3806 πίπτει,
2518 3738 2644 3792 οὔτε
2677 3737 2962 3792 θάπτεται.
3008 3735 3120 3789 Καὶ
3168 3735 3312 3787 πάσα
3355 3732 3478 3785 ἐστὶ
3511 3731 3628 3801 περὶ
3661 3723 3810 3779 τούτου

2275 3834 2484 3903 λέγειν;
2543 3830 2739 3901 Ψυχῆς
2792 3830 2901 3900 γὰρ
2933 3829 2993 3881 οὐ
3029 3827 3275 3880 καλεῖται
3335 3825 3654 3884 ἀνάστασις,
3710 3812 3813 3868 aut

2278 3923 2438 3995 σῶμά
2475 3924 2593 3975 ἐστι
2635 3922 2696 3974 τὸ
2744 3920 3117 3991 ἐγειρόμενον.
3158 3918 3295 3989 Περὶ
3348 3917 3406 3970 δὲ
3444 3917 3542 3987 τῆς
3573 3907 3811 3995 ἀναλογῆςγ

2275 3991 2373 4087 ’ἧς⁷
2405 4010 2571 4085 ἦλθεν
2629 4014 2657 4066 6
2705 4012 2898 4082 Σωτὴρ
2959 4007 3324 4075 ἀναλέξασθαι
3389 4003 3698 4078 παρθενίαν,
3743 3991 3814 4049 καὶ

2277 4107 2627 4179 ἐγκράτειαν,
2663 4106 2759 4158 καὶ
2801 4102 3046 4171 ἁγνείαν,
3093 4101 3200 4154 τίνι
3237 4101 3338 4154 οὐκ
3393 4099 3510 4152 ἐστι
3560 4094 3720 4164 δῆλον,
3752 4087 3812 4139 ὅτι

2277 4198 2425 4252 ἐστιν
2450 4197 2648 4267 ἐκλογὴ
2683 4197 2778 4250 καὶ
2812 4195 2913 4266 τῆς
2940 4194 3103 4263 ἁγίας
3130 4191 3426 4263 καθολικῆς
3458 4191 3552 4245 καὶ
3577 4179 3812 4242 ἀποστολι-

2278 4289 2381 4359 κῆς
2420 4285 2746 4358 Ἐκκλησίας
2771 4283 3033 4356 καύχημα
3053 4281 3147 4337 καὶ
3177 4283 3303 4345 τοὺς
3324 4282 3345 4313 ⁹
3371 4282 3431 4333 ὲν
3461 4276 3635 4350 σεμνῷ
3657 4273 3810 4344 Titi-t9;

2281 4384 2554 4436 Ἕκαστον
2609 4381 2720 4449 γὰρ
2767 4376 2911 4430 κατὰ
2963 4375 3024 4428 τὸ
3057 4375 3186 4428 ἴδιον
3230 4373 3418 4444 τάγμα
3454 4370 3636 4436 σώζειν
3671 4360 3810 4416 εἴωθε·

2279 4471 2406 4535 Πῶς
2431 4470 2541 4542 γὰρ
2565 4470 2666 4522 οὐκ
2697 4468 2850 4521 ἔσται
2875 4467 3056 4538 τίμιος
3085 4468 3112 4519 6
3141 4466 3338 4536 γάμος,
3372 4464 3468 4517 καὶ
3501 4465 3556 4515 ὲν
3582 4456 3686 4527 Θεῷ
3708 4453 3813 4521 ἔχων

583 4544 692 4633 éed
721 4575 910 4632 eadem
941 4544 1299 4631 nihilominus
1330 4584 1384 4630 et
1409 4544 1509 4630 eos
1531 4588 1768 4644 quoque,
1802 4574 1896 4643 qui
1930 4572 2167 4626 honestis

2278 4564 2375 4636 τὴν
2414 4563 2522 4617 τῶν
2550 4560 2794 4632 οὐρανῶν
2825 4558 3132 4630 βασιλείαν,
3179 4557 3342 4609 ὁπότε
3395 4551 3688 4624 κέκληταιὸ
3728 4544 3814 4644 Etit-

582 4669 792 4741 nuptiis
827 4668 1016 4740 illigati
1048 4675 1198 4734 sunt,
1230 4683 1328 4738 pro
1372 4667 1459 4721 sui
1512 4665 1829 4721 conditione
1867 4673 2065 4726 status,
2104 4663 2172 4717 ad

584 4763 816 4818 salutem
845 4761 1130 4832 pervenire
1162 4775 1325 4831 posse
1356 4774 1464 4813 non
1498 4758 1731 4813 dubitat.
1779 4755 1914 4810 Nam
1949 4771 2173 4810 venera-

583 4855 726 4911 biles
747 4870 872 4911 esse
901 4855 1122 4924 nuptias
1150 4853 1192 4918 ⁸,
1223 4867 1287 4907 ac
1319 4851 1412 4907 Dei
1445 4851 1722 4921 aspirante
1747 4849 1923 4920 gratia
1953 4849 2174 4903 coaleste

585 4961 813 5018 regnum
849 4947 1095 5002 obtinere
1125 4948 1248 5016 quis
1275 4943 1360 5000 vel
1385 4959 1454 4999 ex
1484 4957 1552 4998 eo
1579 4956 1688 4997 non
1715 4947 1995 5012 agnoscat,
2025 4938 2173 5009 quod

587 5035 655 5089 ad
687 5035 907 5104 nuptias
937 5036 1200 5091 invitatus
1223 5033 1475 5089 Salvator
1510 5033 1628 5103 ipse
1659 5031 1844 5098 fuerit,
1885 5037 1945 5083 ut
1979 5029 2046 5085 iis
2075 5029 2172 5084 be-

585 5126 901 5183 nediceret?
927 5127 1083 5192 Quod
1117 5128 1162 5182 si
1193 5134 1308 5180 tum
1341 5126 1550 5197 nuptiis
1591 5125 1857 5180 interesse
1888 5123 2172 5185 noluisset,

585 5217 906 5274 earumdem
949 5233 1173 5274 eversor
1213 5218 1426 5283 luisset,
1461 5232 1561 5273 nec
1599 5231 2042 5298 unumquemque
2077 5230 2177 5285 pro

585 5325 684 5366 sua
720 5306 1096 5364 imbecillitate
1126 5305 1359 5375 benigne
1391 5315 1556 5376 atque
1592 5304 1941 5374 indulgenter
1981 5301 2178 5356 admit-

584 5409 703 5458 tere
759 5406 1068 5471 putaretur.
1130 5395 1492 5463 Quamobrem
1563 5396 1901 5452 venerabilcs
1971 5393 2177 5462 nuptiae

591 5501 740 5556 sunt,
772 5507 896 5546 cum
927 5505 1023 5548 eas
1071 5490 1189 5560 ipse
1227 5489 1594 5544 constituerit.
1629 5487 1866 5558 Ideoque
1892 5493 1948 5542 et
1983 5485 2177 5541 adesse

593 5580 788 5639 iisdem
812 5583 1006 5651 voluit,
1037 5590 1099 5637 ut
1125 5596 1314 5638 eorum
1344 5596 1440 5636 ora
1473 5579 1829 5652 praecluderet
1858 5578 1950 5649 qui
1987 5588 2177 5632 contra

621 5779 687 5844 ..ᾖ
731 5772 858 5844 Sap.
888 5790 964 5844 ιιι
996 5775 1107 5844 14.
1161 5778 1181 5807 ²
1205 5775 1316 5829 Jer.
1347 5791 1387 5839 ι,
1425 5775 1502 5844 5.,
1557 5774 1576 5804 ³
1601 5772 1794 5844 Matth.
1826 5789 1937 5833 xxx,
1974 5772 2071 5844 l3,
2093 5772 2115 5824 1
2137 5772 2167 5824 ιη

2271 5768 2443 5844 ξΡείιι.
2467 5783 2630 5844 ortv,
2659 5769 2711 5824 6.
2790 5770 2809 5800 ⁸
2837 5767 2982 5825 Psal.
3007 5779 3141 5828 cm,
3185 5768 3229 5820 Ι.

2278 4631 2382 4726 τῆρ
2415 4655 2494 4718 εἰς
2527 4631 2881 4724 γάμους,”ἱ’να
2927 4650 3199 4722 εὐλογήσῃ
3229 4648 3440 4718 γάμονς
3490 4645 3554 4698 Εἰ
3603 4641 3690 4711 μὲν
3729 4631 3810 4701 γὰρ

2279 4747 2640 4820 παρῃτήσατο
2670 4747 2749 4808 εἰς
2771 4745 2949 4814 γάμον
2980 4741 3226 4806 εἰσιέναι,
3261 4741 3369 4811 ἄρα
3396 4739 3571 4808 γάμου
3596 4730 3656 4803 ἦν
3685 4741 3813 4825 util.

2281 4840 2464 4909 λυτὴς,
2496 4838 2589 4892 καὶ
2613 4837 2712 4891 οὒκ
2738 4834 3138 4906 ἀποδεχόμενος
3167 4833 3396 4885 ἕκαστον
3440 4827 3580 4883 κατὰ
3613 4834 3813 4888 συγγνω·

2285 4951 2392 5005 μην
2442 4931 2544 5001 τῆς
2589 4929 2754 4984 αὑτοῦ
2802 4927 3110 4989 ἀσθενείας.
3147 4925 3342 4996 Τίμιος
3372 4921 3547 4976 τοίνυν
3598 4919 3624 4969 6
3655 4912 3809 5005 γάμος,

2279 5026 2362 5077 ὅτι
2396 5023 2558 5085 αὐτὸς
2588 5020 2749 5074 αὑτὸν
2776 5017 2966 5090 ὥρισε.
3003 5017 3097 5070 Διὸ
3126 5015 3488 5087 παραγίνεται
3533 5011 3609 5072 εἰς
3652 5004 3808 5072 γάμονν

2282 5117 2368 5170 ἵνα
2408 5114 2588 5186 φράξῃ
2628 5113 2698 5167 τὰ
2738 5111 2984 5183 στόματα
3014 5110 3123 5163 τῶν
3147 5110 3411 5177 λεγόντων
3437 5101 3574 5157 κατά
3601 5099 3687 5167 τῆς

2283 5207 2454 5270 θείας·
2503 5207 2652 5258 Ἑκεῖ
2671 5205 2781 5275 γὰρ
2811 5202 3028 5274 πρῶτον
3061 5202 3286 5270 σημεῖον
3315 5197 3564 5265 ἐποίησεν
3587 5194 3614 5244 6
3647 5188 3810 5275 Ἰησους

2284 5303 2341 5353 ἐν
2372 5299 2528 5351 Κανᾶ
2558 5298 2658 5368 τῆς
2693 5295 2984 5357 Γαλιλαίας
3013 5293 3076 5346 τὸ
3115 5294 3258 5364 ὕδωρ
3290 5288 3431 5344 οἶνον
3461 5288 3692 5355 ποιήσας·

2285 5394 2394 5464 γὰρ
2426 5359 2694 5446 ἀνέτειλεν
2740 5389 2848 5443 ἀπὸ
2882 5387 3182 5459 Παρθένου,
3216 5359 3303 5438 ’ένα
3345 5379 3578 5473 δείξῃςτδ
3604 5359 3809 5473 φῶς,

2288 5481 2566 5553 Παρθένου
2618 5479 2906 5534 ἀνατεῖλαν
2957 5479 3023 5548 τῇ
3075 5474 3402 5544 οἰκουμένῃ·
3462 5467 3596 5521 οὕτω
3643 5458 3720 5562 xit?
3759 5447 3807 5550 ξδ

2289 5573 2506 5644 πρῶτον
2542 5575 2767 5645 σημεῖον
2797 5572 2876 5634 εἰς
2905 5570 3119 5639 γάμους
3149 5566 3441 5636 πεποίηκεν
3472 5561 3528 5611 ἐν
3564 5555 3701 5619 Rati
3730 5555 3806 5610 της

3345 5761 3366 5792 ⁸
3390 5755 3573 5816 Matth.
3605 5735 3782 5806 “1J6.

605 5840 1030 5910 -Psal.'vlu."5;
1064 5843 1253 5920 platth.
1289 5861 1398 5911 xxx,
1443 5843 1530 5898 16.
1611 5847 1631 5878 ⁸
1677 5842 1840 5900 llebr.
1885 5859 2004 5908 xm,
2047 5842 2097 5896 4.

2271 5841 2362 5894 'or.
2399 5842 2492 5892 καὶ
2515 5844 2644 5897 τοῖς.

2325 5993 2352 6022 l
