3994 6406
232 388 339 450 ηι-

817 394 1190 454 ADVERSUS
1223 397 1570 459 ιωιιεεεδ
1609 396 1736 456 ωιτ.
1789 399 1824 454 ll

1927 396 2073 455 ΓΟΜΖ
2107 398 2554 460 ll.-—-HA§RES.
2597 403 2803 460 ωινιι.

3402 398 3533 455 1εὲ

229 510 536 575 Γαλιλαίας,
568 510 654 565 ἵνα
685 510 783 584 τὴν
816 511 914 585 μὲν
962 513 1261 587 παρθενίαν
1302 519 1515 594 τιμήσῃ
1552 517 1641 572 διά
1673 518 1811 572 ἀπο-

1927 517 2202 574 veritatem
2224 519 2533 590 disputant.
2565 520 2709 587 Quin
2736 528 2795 576 et
2823 518 2934 574 illic
2976 514 3119 588 apud
3160 513 3364 570 Canam
3394 512 3509 571 6ου
3545 546 3556 602 ι

231 605 476 675 κυήσεως
508 605 605 658 καὶ
643 605 820 674 φωτὸς
853 605 1016 679 βολῆς
1046 607 1149 680 τῆς
1194 608 1261 663 δι’
1311 611 1486 683 αὐτῆς
1528 609 1816 667 ἀνατειλάο

230 713 349 767 σης,
401 696 496 749 τὸν
531 697 590 751 δὲ
638 699 835 769 σεμνὸν
872 701 1047 773 γάμον
1083 703 1291 775 τιμήσῃ
1327 703 1414 758 διά
1463 702 1575 759 τῶν
1620 703 1815 775 θεοση-

232 786 420 858 μείων,
453 788 511 840 έν
543 789 659 851 τοῖς
707 788 907 860 γάμοις
944 790 1161 863 πρῶτον
1199 791 1539 861 ἐπιτελέσας,
1577 792 1640 845 τὸ
1672 790 1819 864 ὕδωρ

140 880 173 967 ξ.
229 879 307 967 εἰς
337 880 584 950 ἄκρατον
610 881 953 953 μεταϐαλών.
1020 882 1297 949 Ὧσαύτως
1340 883 1398 937 δὲ
1444 885 1494 938 εί
1536 883 1818 956 ἀλλότριος

164 970 187 1037 ζ
229 961 295 1043 ἦν
320 967 352 1020 ὁ
380 968 580 1039 γάμος,
617 969 735 1034 πῶς
769 970 1141 1042 παραγγέλλει
1169 975 1198 1026 6
1228 972 1340 1027 τῶν
1362 971 1534 1027 έθνῶν
1559 973 1819 1027 διδάσκα-

230 1057 337 1123 λος,
367 1059 445 1119 ὡς
482 1060 670 1130 λέγει·
723 1064 1028 1132 Νεωτέρας
1080 1064 1274 1136 χήρας
1305 1064 1616 1135 παραιτοῦ.
1660 1064 1822 1120 Μετὰ

230 1148 337 1218 τὰρ
388 1147 458 1203 τὸ
512 1153 1033 1222 καταστρηνιὰσαι
1086 1156 1199 1210 τοῦ
1258 1155 1520 1225 Χριστοῦ
1541 1196 1556 1221 ,
1593 1140 1821 1227 ’γαμεῖν

229 1239 565 1307 ἐθέλουσιν,
578 1241 833 1312 ἔχουσαι
863 1243 1063 1315 κρῖμα,
1093 1245 1181 1299 ὅτι
1207 1244 1324 1315 τὴν
1349 1245 1590 1316 πρώτην
1612 1248 1822 1302 πίστιν

229 1329 571 1400 ἠθέτησανς
630 1332 696 1385 Τί
748 1330 842 1388 οὖν
901 1352 1102 1407 φησιν;
1170 1337 1357 1393 Ἀλλὰ
1419 1338 1818 1409 γαμείτωσαν,

228 1423 796 1494 τεκνογονείτωοναν,
849 1426 1487 1486 οὶκοδεσποτείτωσάν.
1542 1431 1607 1485 Εἰ
1639 1432 1825 1487 τοίνυν

227 1511 400 1567 ταῦτα
434 1514 819 1587 παραδέχεται,
853 1518 975 1584 πῶς
1012 1521 1164 1592 παρά
1213 1521 1320 1586 σοὶ,
1383 1523 1622 1595 Ἱέρακα,
1658 1527 1687 1579 6
1716 1526 1820 1594 γά⁴

230 1622 327 1676 μος
357 1606 508 1661 ἐστὶν
536 1607 930 1682 ἐκϐαλλόμενος
963 1612 1101 1684 μετά
1144 1612 1241 1686 τὴν
1268 1613 1534 1688 ἔνσαρκον
1576 1616 1817 1689 Χριστοῦ

228 1698 531 1769 παρουσίαν
547 1717 564 1768 ;

1915 607 2087 673 lilaeaa,
2114 609 2352 681 primum
2374 610 2593 682 signum
2622 611 2752 667 fecit
2771 620 2823 666 et
2851 610 3120 665 in~vinum
3147 622 3353 679 aquam
3376 619 3510 661 con»
3545 626 3554 647 ι

1913 702 2136 755 vertit'.
2187 700 2326 757 Nam
2376 712 2437 757 ut
2468 711 2624 758 ortus
2667 719 2731 760 ex
2771 702 2933 774 715
2966 701 3188 774 Virgine
3215 699 3414 763 fuerat,
3448 706 3511 753 ut
3546 688 3553 760 ἰ

1914 793 2035 849 orbi
2066 802 2337 850 terrarum
2384 796 2677 852 excitatam
2725 810 2792 851 ex
2826 794 3048 866 Virgine
3093 795 3270 848 lucem
3318 799 3508 846 osten-
3546 778 3571 833 δ’

1915 886 2071 943 deret
2101 905 2116 943 :
2149 887 2226 942 ita
2254 896 2309 944 et
2335 888 2571 958 primum
2604 888 2932 943 miraculum
2964 887 3282 957 nuptiarum
3308 882 3361 938 in
3390 898 3511 954 gra-

1919 979 2051 1034 tiam
2081 981 2225 1052 apud
2250 980 2457 1037 Canam
2493 980 2730 1036 Galilreze
2758 979 2940 1035 facere
2965 978 3155 1034 voluit.
3185 976 3308 1044 Quo
3339 976 3507 1030 nimi-

1917 1088 2040 1129 rum
2074 1081 2131 1130 et
2159 1074 2463 1146 virginitati
2486 1090 2649 1132 suum
2680 1073 2773 1129 illo
2802 1078 2986 1143 partu,
3014 1071 3266 1141 lucisque
3285 1082 3409 1139 qua
3440 1081 3511 1122 et

1917 1163 2009 1218 illa
2037 1164 2334 1235 prodierat,
2363 1166 2660 1222 emissione
2692 1164 2957 1219 honorem
3005 1161 3290 1222 tribueret,
3318 1164 3375 1215 et
3406 1159 3509 1212 ho-

1918 1260 2106 1311 nestas
2143 1256 2365 1328 nuptias
2411 1256 2676 1329 prodigiis
2717 1269 2782 1310 sc
2830 1253 3113 1309 miraculis
3160 1251 3507 1307 illustraret:

1919 1344 2121 1415 quibus
2147 1346 2386 1415 primum
2411 1347 2670 1402 mutanda
2705 1347 2762 1402 in
2790 1346 2978 1402 vinum
3012 1360 3154 1417 aqua
3183 1343 3513 1399 miraculum

1919 1442 2003 1492 est
2040 1437 2283 1493 molitus.
2319 1436 2399 1493 Ad
2441 1438 2556 1495 haec
2599 1438 2647 1494 si
2691 1437 3067 1494 abalienandae
3108 1434 3287 1492 forent
3328 1435 3398 1489 ab
3444 1447 3518 1488 eo
3548 1459 3561 1471 ι

1919 1530 2144 1601 nuptiae,
2172 1545 2437 1602 quorsum
2468 1531 2543 1587 ita
2570 1532 2813 1603 gentium
2856 1532 3123 1603 magister
3146 1529 3467 1602 praeciperet
3492 1541 3513 1581 ι

1918 1620 2170 1678 Iuniores
2217 1622 2406 1678 viduas
2449 1624 2663 1693 rejice’;
2703 1632 2982 1694 postquam
3040 1623 3178 1677 enim
3225 1619 3517 1674 luxuriata

1921 1714 2118 1784 fuerint
2173 1715 2228 1768 in
2280 1713 2574 1780 Christum,
2616 1714 2809 1769 nubere
2853 1714 3056 1779 volunt,
3089 1712 3338 1766 habentes
3362 1708 3519 1779 judi-

222 1794 382 1858 cium,
413 1794 663 1864 quoniam
682 1797 912 1865 primam
939 1799 1098 1870 ﬁdem
1131 1803 1345 1858 irritam
1374 1803 1663 1870 fecerunt’.
1695 1805 1839 1874 Quid
1860 1809 2025 1881 igitur
2048 1810 2244 1881 jubet?
2276 1809 2520 1875 Nabant,
2559 1811 2756 1882 inquit,
2784 1810 2928 1880 ﬁfios
2958 1818 3252 1878 procreent,
3283 1814 3517 1860 matres-

225 1889 464 1958 familias
494 1891 651 1948 sint‘.
680 1890 813 1959 Quae
842 1908 966 1948 cum
999 1896 1249 1966 Apostoli
1288 1898 1614 1956 auctoritate
1653 1903 2103 1973 comprobentur,
2140 1919 2240 1960 cur
2271 1919 2299 1958 a
2339 1913 2414 1970 te,
2448 1918 2483 1960 ο
2514 1902 2768 1970 Hieraca,
2798 1913 2920 1974 post
2941 1901 3147 1958 Christi
3176 1898 3390 1955 Domini
3418 1899 3524 1954 ads

219 1988 442 2038 ventum
471 1983 523 2038 in
553 1996 719 2039 carne
751 1974 954 2054 nuptiae
978 1983 1459 2041 condemnantur?‘

292 2072 369 2131 Z'.
404 2077 541 2147 napi.
586 2076 645 2131 δὲ
698 2077 795 2131 τοῦ
843 2078 1174 2149 Μελχισεδὲκ
1226 2082 1481 2151 φάσκεις,
1528 2084 1610 2138 ὅτι
1644 2084 1808 2150 αὐτός

1981 2088 2093 2145 Vll.
2127 2089 2203 2145 De
2222 2088 2615 2146 Melcliisedeco
2638 2089 2782 2160 quod
2808 2088 3032 2147 asseris.
3068 2087 3332 2159 Spiritum
3364 2087 3515 2143 illiilli

218 2168 341 2222 ἔστι
366 2166 429 2221 τὸ
468 2167 694 2240 Πνεῦμα
716 2189 731 2204 ο
761 2170 941 2225 τοίνυν
976 2167 1109 2243 ἦλθε
1144 2174 1207 2227 τὸ
1241 2175 1487 2246 Πνεῦμα,
1517 2177 1614 2230 καὶ
1659 2177 1818 2232 ἔλαϐε

222 2260 428 2331 σάρκα.
471 2259 670 2313 Οὐκέτι
722 2256 816 2314 οῦν
864 2263 895 2315 6
940 2263 1256 2336 Μονογενὴς
1306 2264 1467 2336 μόνος
1495 2267 1820 2340 γεγέννηται

220 2351 367 2406 κατά
403 2351 604 2423 σάρκα,
632 2352 769 2408 ἀλλά
801 2353 895 2407 καὶ
921 2354 983 2407 τί)
1025 2354 1271 2427 Πνεῦμα.
1304 2356 1367 2410 Ei
1399 2357 1456 2410 δὲ
1489 2358 1820 2432 γεγέννηται

224 2443 370 2495 κατά
414 2442 596 2514 σάρκα
620 2442 682 2496 τὸ
719 2443 962 2515 Πνεῦμα,
1001 2444 1108 2499 ἰδοὺ
1141 2446 1409 2520 η’.Μαρία
1451 2451 1486 2521 ἠ
1513 2452 1822 2522 γεννήσασα

219 2534 315 2590 τδν
349 2534 601 2608 Σωτῆρα,
657 2536 864 2605 λεγέτω
895 2536 1167 2609 Ίέρακας,
1218 2537 1322 2593 ποῦ
1376 2538 1585 2615 ἔστινὴ
1628 2543 1824 2616 γεννήὲ

220 2644 367 2682 σασα
399 2625 463 2681 τε
488 2626 747 2699 Πνεῦμα;
804 2628 917 2705 Καὶ
965 2630 1027 2684 τὸ
1068 2633 1280 2698 εἰπεῖν,
1342 2635 1824 2709 Ἀφωμοιωμένος

216 2719 302 2787 τῷ
351 2719 464 2786 Υίῷ
515 2722 621 2777 τοῦ
668 2722 818 2778 Θεοῦ
855 2724 1029 2793 μένει
1059 2724 1257 2793 ἱερεὺς
1284 2729 1373 2799 εὶς
1405 2729 1472 2782 τὸ
1522 2728 1820 2799 διηνεκὲς,

218 2812 409 2868 οὐκέτι
436 2814 568 2886 περὶ
603 2813 924 2885 Πνεῦματος
951 2816 1108 2884 ἀγίου
1138 2818 1169 2870 6
1196 2794 1374 2888 λόγος.
1407 2820 1481 2873 Οὐ
1507 2794 1618 2893 γὰρ
1647 2794 1821 2886 εἶπεν,

175 2950 191 2955 -
218 2906 413 2977 ὅμοιον
437 2904 516 2978 τῷ
544 2905 658 2979 Υίῷ
682 2906 779 2961 τοῦ
794 2906 953 2973 Θεοῦ,
968 2907 1629 2983 ἀλλά,ἁςοωμοιωμένον.
1649 2914 1724 2967 Τὸ
1740 2913 1820 2979 δὲ,

217 2997 712 3069 ἀφωμοιωμένον,
762 2999 1057 3071 μετέπειτα
1115 3001 1251 3072 ,ἔχει
1318 3004 1421 3076 τὴν
1469 3005 1713 3077 ἀγωγήν.
1759 3007 1824 3061 El

218 3090 282 3145 δὲ
346 3090 489 3163 μετὰ
531 3091 623 3146 τὸν
671 3092 866 3165 χρόνον
902 3092 997 3147 τοῦ
1036 3092 1289 3167 Ἀϐραὰμ
1317 3095 1378 3150 τὸ
1430 3096 1657 3169 Πνεῦμα
1714 3098 1825 3168 ἀφ-

223 3183 516 3254 ομοιοῦται
572 3184 654 3258 τῷ
702 3186 947 3260 Χριστῷ,
1000 3187 1110 3259 ἀρα
1130 3188 1233 3242 οὐκ
1279 3184 1350 3260 ἦν
1402 3207 1566 3245 ποτε·
1603 3191 1699 3246 καὶ
1737 3190 1826 3246 διὰ

230 3274 401 3330 τοῦτο
432 3277 781 3350 ἀφομοιοῦται
811 3279 889 3352 τῷ
934 3281 1053 3354 Υἱῷ
1101 3282 1196 3337 τοῦ
1241 3282 1398 3340 Θεοῦ.
1432 3283 1552 3347 Καὶ,
1595 3283 1827 3354 ἀπάτωρ
1864 3310 1875 3321 ι

227 3368 363 3433 πῶς
403 3367 619 3425 δύναται
649 3364 827 3438 εῖναι;
863 3373 926 3426 Εἰ
958 3373 1059 3445 μὲν
1099 3374 1209 3446 γὰρ
1235 3374 1370 3430 αὐτὸ
1413 3374 1661 3445 ὑπάρχον
1705 3374 1827 3428 ἐστὶ

222 3463 295 3514 τὸ
324 3460 569 3532 Πνεῦμα,
599 3461 696 3517 καὶ
726 3462 827 3519 οὐκ
858 3462 1008 3518 ἐστιν
1035 3465 1102 3518 ὲκ
1125 3464 1226 3537 τῆς
1254 3463 1461 3528 οἰκείας
1490 3464 1680 3528 οὐσίας
1719 3462 1823 3534 τῆς
1852 3449 1895 3508 C

222 3551 514 3625 θεότητος,
547 3553 774 3619 εἰκότως
797 3554 1030 3628 ἀπάτωρ
1063 3555 1323 3627 δειχθείη.
1350 3556 1461 3610 Καὶ
1486 3554 1597 3627 γάρ
1622 3553 1700 3626 τῷ
1723 3553 1822 3624 μὲν

216 3641 345 3695 ὕντι
397 3641 693 3716 μονογενὴς
723 3644 752 3696 6
779 3643 929 3710 Υἱὸς,
964 3645 1060 3699 καὶ
1106 3644 1336 3715 ἀδελφὸν
1377 3646 1478 3699 οὐκ
1506 3644 1642 3717 ἔχει,
1693 3643 1825 3709 Υἱὸς

218 3734 284 3789 δὲ
310 3733 476 3788 Θεοῦ.
517 3734 679 3788 Ἀλλά
711 3734 812 3790 κάν
836 3753 895 3789 τε
923 3737 987 3791 οὐ
1017 3736 1251 3808 λέγομεν
1285 3737 1347 3791 τὸ
1381 3735 1607 3808 Πνεῦμα
1630 3752 1825 3807 γεννη-

222 3827 347 3890 τὴν,
399 3826 589 3900 ἐπειδὴ
634 3827 928 3901 μονογενὴς
981 3830 1011 3882 6
1038 3828 1201 3895 Υίὺς,
1255 3828 1393 3884 ἀλλά
1451 3828 1677 3902 Πνεῦμα
1727 3828 1823 3883 τοῦ

223 3917 453 3990 Πατρδς
512 3919 980 3991 ἐκπορευόμενον,
1031 3921 1128 3974 καὶ
1190 3919 1287 3974 τοῦ
1333 3921 1469 3993 ἐμοῦ
1519 3921 1822 3994 λαμϐάνον,

222 4014 400 4083 φησὶν
426 4010 457 4063 6
485 4011 741 4083 Χριστός.
781 4013 854 4067 Τὸ
881 4011 1013 4083 γοῦν
1044 4014 1108 4067 ὲκ
1142 4012 1239 4067 τοῦ
1283 4014 1499 4088 Πατρὸς
1526 4017 1826 4088 ἐκπορευό-

226 4123 419 4177 μενον,
450 4106 547 4159 xci:
581 4105 677 4160 τοῦ
720 4106 855 4178 ἐμοῦ
886 4106 1185 4178 λαμϐάνον,
1220 4108 1451 4182 ἀπάτωρ
1497 4109 1558 4162 οὑ
1597 4109 1823 4164 δύναται

222 4192 394 4251 εἶναι.
430 4195 551 4250 Κᾶν
582 4196 640 4250 δὲ
689 4194 820 4268 εἴπῃ
849 4198 1085 4271 ἀμήτωρ
1113 4199 1171 4253 ὲν
1200 4198 1437 4272 οὐρανῷ,
1463 4199 1559 4255 καὶ
1587 4201 1821 4273 ἀπάτωρ

222 4289 329 4344 επὶ
362 4289 461 4360 τῆς
500 4290 635 4361 γῆς·
675 4289 899 4346 δύναται
928 4292 1040 4365 γὰρ
1064 4292 1228 4347 τοῦτο
1253 4293 1349 4347 καὶ
1389 4294 1485 4348 ἐπὶ
1515 4294 1611 4348 τοῦ
1638 4295 1826 4368 Σωτῆ-

226 4400 329 4455 ρος
360 4382 614 4452 λέγεσθαι
633 4400 648 4415 ο
682 4384 799 4448 πῶς
830 4378 924 4439 οῦν
951 4386 1044 4439 ἐπὶ
1069 4385 1212 4440 τέλει
1247 4387 1276 4440 6
1322 4386 1648 4454 Ἀπόστολος
1680 4389 1827 4461 φρά-

224 4474 317 4540 ζει
344 4475 516 4545 λέγων
535 4492 548 4505 ·
599 4476 654 4531 Ὁ
687 4475 756 4531 δὲ
778 4477 865 4551 μὴ
916 4479 1469 4549 γενεαλογούμενοῤ
1509 4479 1581 4545 ἐξ
1624 4479 1826 4536 αὐτῶν

223 4566 599 4623 δεδεκάτωκε
648 4569 761 4625 τὸν
827 4568 1084 4641 Ἀϐραὰμ
1127 4569 1235 4625 τὸν
1295 4570 1706 4641 πατριάρχην;
1763 4572 1826 4626 τὸ

224 4662 367 4733 γάρ,
418 4660 489 4727 ἐξ
530 4660 750 4728 αὐτῶν,
789 4662 1078 4733 ἀκριϐείας
1129 4661 1247 4716 ἐστὶ
1275 4662 1609 4735 δηλωτικόν·
1661 4664 1826 4719 ὁπότε

223 4754 345 4826 γάρ
371 4753 437 4807 ὲκ
463 4752 572 4807 τῶν
597 4753 729 4808 υίῶν
765 4754 984 4827 Ἰσραὴλ
1010 4755 1084 4828 μὴ
1110 4754 1604 4826 γενεαλογούμενος
1643 4755 1703 4823 ἐξ
1732 4757 1828 4812 ἄλ-

223 4821 342 4901 λων
370 4846 589 4911 πάντως
621 4846 795 4901 ἐθνῶν
826 4821 949 4920 έῑχέ
1123 4821 1500 4919 γενεαλογίαν.
1536 4849 1638 4904 Διεά
1676 4821 1825 4903 δὲτὸ
1860 4821 1907 4876 D

228 4938 311 5010 μὴ
351 4937 662 5011 γεγράφθαι
691 4938 791 5010 τὴν
834 4938 1029 5023 ἑαυτοῦ
1068 4941 1279 5013 μητέρα
1339 4939 1371 5013 ἢ
1420 4941 1655 5014 πατέρα,
1691 4941 1827 4996 ἀλλα

96 5074 103 5083 .
221 5029 355 5082 ἀντὶ
380 5026 555 5081 ἄλλων
588 5028 952 5098 φαντάζονται
979 5031 1030 5084 ol
1055 5031 1391 5100 συκοφάνται
1415 5030 1514 5103 τῆς
1541 5029 1823 5104 ἀληθείας.

233 5120 437 5190 Ἡμεῖς
462 5117 521 5172 δὲ
549 5119 645 5173 καὶ
665 5119 767 5191 τὴν
801 5120 1015 5194 μητέρα
1046 5121 1215 5176 αὑτοῦ
1241 5122 1300 5175 ὲν
1336 5122 1707 5194 Παραδόσεσιν
1737 5123 1829 5179 εὕ-

226 5226 424 5282 ρομεν,
456 5211 550 5264 καὶ
596 5210 690 5265 τὸν
738 5212 970 5284 πατέρα.
1001 5207 1113 5267 Ἦν
1145 5212 1255 5285 γὰρ
1287 5208 1442 5280 οὗτος
1491 5214 1600 5270 τῶν
1653 5214 1828 5286 γενῶν

224 5302 446 5367 Σιδόνος
470 5303 567 5357 καὶ
597 5302 706 5358 τῶν
734 5305 1077 5361 Χαναναίων.
1124 5305 1355 5360 Διέπεσε
1381 5307 1561 5361 τοίνυν
1588 5309 1616 5361 6
1649 5306 1831 5378 μυθώ-

220 5393 326 5465 δης
361 5391 531 5449 αὐτοῦ
560 5394 739 5463 λόγος,
776 5395 870 5449 καὶ
906 5396 1084 5469 μάτην
1135 5396 1301 5452 αὐτοῦ
1334 5399 1428 5453 καὶ
1476 5400 1509 5469 ἡ
1557 5399 1826 5454 πολιτεία.

221 5485 303 5538 θὺ
338 5484 449 5557 γάρ
500 5485 564 5539 τὸ
611 5485 845 5557 ἀψύχοις
900 5487 1190 5542 ἀσκεῖσθαι
1243 5491 1384 5561 μετά
1441 5492 1826 5558 κακοπιστίας,

218 5578 389 5633 τοῦτο
433 5578 583 5651 ζωῆς
632 5579 752 5633 ἐστι
800 5579 897 5634 καὶ
943 5580 1179 5648 ἐλπίδος,
1226 5583 1600 5640 διδασκαλεῖον
1654 5602 1830 5660 σωτη-

221 5669 353 5743 ρίας
368 5670 409 5726 ⁸.
438 5671 649 5728 Πάντα
675 5672 807 5745 γάρ,
833 5673 1021 5746 φησὶν,
1050 5677 1137 5742 είς
1154 5675 1343 5743 δόξαν
1367 5680 1517 5736 Θεοῦ
1549 5680 1825 5751 γινέσθω.

300 5789 319 5861 f
348 5787 474 5861 Leg.
499 5791 598 5847 καὶ
627 5806 760 5861 σωτ.

220 5862 242 5895 ⁷
273 5857 583 5934 ιοουῖιτηι,
620 5861 706 5929 ιι,
751 5859 837 5915 ιδ.
912 5860 932 5893 ⁸
965 5857 1127 5917 Hebr.
1161 5878 1256 5931 vn,
1288 5862 1337 5920 6.

874 5787 1077 5869 ἐἰσίδῃ
1110 5807 1172 5856 n,
1198 5791 1341 5869 l-ll.
1431 5795 1495 5851 ³1
1537 5796 1679 5854 Tim.
1717 5816 1770 5865 ν,
1803 5800 1888 5869 ll,
1919 5800 2000 5857 ιε.

1924 2197 2048 2238 esse
2092 2190 2368 2247 sanctum,
2402 2182 2455 2236 id
2507 2181 2554 2237 si
2599 2196 2787 2236 verum
2833 2190 2938 2247 est,
2981 2181 3200 2236 venisse
3229 2177 3517 2251 Spiritum,

1922 2280 1977 2329 et
2019 2286 2240 2345 carnem
2289 2272 2571 2339 induisse,
2620 2287 2730 2327 non
2773 2272 2926 2329 solus
2974 2272 3163 2342 utique
3210 2271 3520 2326 secundum

1922 2379 2144 2420 carnem
2197 2371 2360 2420 natus
2406 2374 2490 2420 est
2538 2363 2733 2429 Filius,
2784 2364 2880 2419 sed
2930 2372 2986 2418 et
3030 2379 3158 2419 cum
3199 2379 3264 2418 eo
3301 2379 3521 2434 quoque

1926 2453 2383 2525 Spiritlts.'Quod
2433 2455 2481 2512 si
2522 2456 2826 2512 secundum
2875 2469 3097 2510 carnem
3149 2466 3313 2510 natus
3344 2463 3429 2509 est
3466 2462 3522 2509 et

1926 2546 2184 2618 Spiritus,
2210 2562 2336 2602 cum
2370 2546 2539 2602 Maria
2574 2547 2915 2602 Salvatorem
2946 2546 3201 2609 ediderit,
3232 2546 3381 2602 dicat
3417 2559 3524 2601 no-

1923 2640 2008 2696 bis
2038 2638 2320 2703 Hleracas,
2358 2639 2578 2695 ubinam
2612 2640 2855 2708 gentium
2884 2653 2947 2694 ea
2996 2638 3222 2709 sit‘qure
3265 2639 3522 2709 spiritum

1922 2732 2235 2804 pepererit?
2275 2729 2411 2786 Nam
2446 2731 2593 2803 quod
2626 2731 2925 2803 Apostolus
2959 2730 3116 2798 dicit,
3175 2732 3522 2786 Assimilatus

1924 2822 2071 2879 Filio
2122 2822 2217 2879 Dei
2259 2832 2438 2879 manet
2478 2827 2728 2878 sacerdos
2778 2824 2834 2877 in
2883 2833 3141 2879 wternum
3171 2824 3218 2888 ',
3251 2822 3400 2878 nulla
3438 2830 3525 2877 est

1924 2917 2036 2973 illic
2072 2915 2141 2973 de
2194 2914 2403 2989 Spiritu
2451 2926 2644 2973 sancto
2685 2917 2913 2973 mentio.
2961 2916 3082 2972 Non
3112 2917 3259 2973 enim
3288 2916 3524 2973 similem

1926 3007 2079 3063 illum
2119 2997 2260 3062 Filio
2315 3004 2428 3075 Dei,
2475 3005 2571 3060 sed
2616 3005 2975 3060 assimilatas»:
3034 3021 3147 3060 esse
3196 3003 3355 3058 dixit.
3389 3003 3539 3069 ρυω.

1925 3116 2032 3156 vox
2062 3099 2417 3164 assimilatas,
2455 3096 2732 3169 posterius
2765 3096 3025 3168 quiddam
3056 3104 3116 3150 ut
3149 3095 3549 3164 intelligamus.

1928 3192 2160 3248 inducit.
2191 3192 2270 3247 Ac
2300 3192 2346 3247 si
2378 3199 2505 3261 post
2537 3190 2830 3246 Abrahami
2863 3198 3110 3261 tempora
3139 3187 3362 3244 Christo
3395 3186 3524 3258 Spi-

1929 3284 2070 3339 ritus
2100 3282 2457 3343 assimilatur,
2493 3279 2789 3352 aliquando
2818 3296 2931 3335 non
2973 3278 3247 3334 exstiterit
3284 3284 3522 3347 oportet,

1929 3383 1991 3429 ut
2016 3383 2303 3445 propterea
2332 3371 2428 3428 Dei
2461 3371 2602 3427 Filio
2630 3371 2828 3428 similis
2875 3370 2949 3425 sit
2999 3368 3200 3424 factus.
3239 3366 3360 3422 Iam
3401 3367 3524 3423 sine

1931 3472 2087 3536 patre
2113 3478 2237 3519 esse
2272 3463 2364 3534 qui
2396 3461 2613 3533 potest?
2643 3460 2781 3515 Nam
2808 3460 2856 3515 si
2901 3474 2999 3530 per
3036 3473 3159 3514 sese
3179 3465 3326 3512 esset
3344 3452 3524 3526 Spiri-

1929 3566 2045 3621 tus,
2076 3571 2179 3612 nec
2209 3571 2275 3611 ex
2306 3554 2527 3626 pr0pria
2573 3550 2880 3609 divinitatis
2933 3558 3130 3604 natura
3178 3546 3521 3617 procederet,

1931 3649 2126 3705 merito
2153 3647 2274 3704 sine
2302 3645 2463 3701 Patre
2492 3659 2616 3701 esse
2647 3642 2940 3699 diceretur.
2978 3640 3189 3696 Revera
3218 3638 3366 3694 enim
3386 3637 3525 3692 uni-

1931 3741 2148 3813 genitus
2182 3752 2267 3797 est
2293 3737 2491 3805 Filius,
2522 3750 2696 3808 neque
2726 3734 2950 3790 fratrem
2981 3733 3166 3798 habet,
3190 3738 3388 3800 estque
3429 3729 3524 3794 Dei

1931 3831 2124 3889 Filius.
2152 3831 2259 3888 Sed
2288 3814 2390 3887 etsi
2434 3814 2674 3903 genitum
2711 3842 2834 3883 esse
2867 3824 3133 3897 Spiritum
3176 3835 3565 3894 nequaquam»

1932 3926 2183 3992 velimus,
2212 3939 2337 3982 cum
2381 3923 2700 3994 unigenitu—s
2730 3920 2824 3984 sit,
2856 3925 2917 3973 ut
2950 3917 3083 3983 dixi,
3115 3916 3309 3980 Filius,
3335 3928 3525 3970 verum
3563 3953 3568 3958 .

1934 4016 2177 4089 Spiritus
2239 4018 2310 4073 sit
2351 4030 2393 4070 a'
2434 4014 2595 4071 Patre
2639 4011 2946 4085 procedens
2973 4010 3017 4075 ⁸,
3057 4016 3115 4065 et
3158 4008 3228 4063 de
3273 4021 3420 4073 meo,
3468 4011 3527 4059 ut

1932 4111 2138 4168 Christi
2174 4109 2355 4166 verbis
2405 4116 2552 4175 utar,
2600 4107 2877 4177 accipiens
2899 4106 2943 4171 ⁷,
2979 4109 3130 4160 certe
3165 4100 3389 4172 quidem
3429 4097 3526 4170 qui

1932 4212 1989 4262 et
2039 4218 2072 4259 a
2116 4201 2280 4258 Patre
2335 4198 2704 4273 progreditur,
2740 4197 2903 4254 etde
2953 4210 3077 4254 meo
3128 4193 3353 4264 accipit,
3406 4191 3529 4247 sine

1935 4295 2095 4350 Patre
2124 4309 2249 4350 esse
2278 4307 2390 4348 non
2418 4299 2614 4364 potest.
2663 4289 2821 4357 Quod
2865 4289 2912 4344 si
2957 4297 3012 4344 et
3063 4288 3118 4342 in
3152 4285 3293 4341 cmlo
3328 4291 3525 4344 matre,

1930 4396 1986 4445 et
2015 4388 2070 4443 in
2096 4394 2241 4443 terra
2270 4395 2425 4456 patre
2461 4398 2652 4439 carere
2693 4382 2914 4442 dixerit,
2951 4387 3152 4451 potest.
3176 4385 3231 4431 et
3276 4374 3420 4431 istud
3452 4372 3528 4428 ad

1933 4482 2268 4539 Salvatorem
2299 4478 2614 4534 convenire.
2652 4475 2764 4530 Cur
2811 4474 2975 4544 igitur
2997 4470 3294 4543 Apostolus
3320 4468 3394 4522 ita
3426 4481 3527 4538 po-

1935 4581 2141 4629 stremo
2184 4570 2425 4641 loquitur
2466 4566 2680 4638 :Cujus
2729 4575 2906 4620 autem
2948 4560 3255 4635 genealogia
3308 4574 3373 4613 ea:
3416 4558 3525 4612 illis

1936 4684 2040 4722 non
2064 4665 2279 4719 ducitur
2299 4663 2580 4719 decimauit
2618 4660 2890 4715 Abraham
2921 4654 3284 4728 petriarcham
3309 4652 3369 4707 ’Ἰ
3388 4651 3525 4705 Nam

1932 4757 2051 4812 haec
2084 4757 2270 4820 verba,
2300 4770 2367 4810 ex
2395 4755 2543 4820 ipsis,
2575 4748 2940 4808 accuratioris
2982 4743 3366 4818 explicationis
3402 4756 3530 4812 gra-

1935 4850 2009 4904 tia
2040 4848 2472 4920 716adbibita
2503 4853 2654 4911 sunt,
2681 4852 2755 4900 ut
2784 4842 2919 4899 illud
2955 4841 3243 4903 indicaret;
3276 4834 3563 4905 eumqui»

1934 4942 2005 4996 ab
2030 4939 2293 4997 lsraelitis
2324 4941 2696 5011 genealogiam
2726 4952 2837 4991 non
2873 4934 3120 4999 duceret,
3150 4947 3217 4988 ex
3243 4930 3367 4984 aliis
3413 4942 3531 4983 om—

1936 5033 2067 5089 nino
2099 5032 2355 5104 gentibus
2407 5030 2655 5087 eamdem
2686 5041 2988 5083 arcessere.
3016 5023 3096 5100 _Ex
3124 5036 3192 5078 eo
3219 5036 3351 5078 vero
3381 5018 3528 5090 quod

1937 5136 2167 5196 uterque
2209 5123 2366 5178 illius
2386 5137 2585 5193 parens
2626 5121 2682 5180 in
2729 5117 3041 5190 Scripturis
3076 5128 3377 5186 expressus
3419 5126 3531 5164 non

1936 5217 2136 5284 fuerit,
2185 5216 2293 5271 alia
2356 5230 2465 5286 pro-
2494 5200 2616 5270 aliis
2661 5213 2914 5269 veritatis
2956 5208 3386 5275 calumniatores
3434 5218 3529 5259 so-

1938 5309 2171 5365 mniant.
2201 5306 2314 5363 Nos
2353 5314 2536 5362 autem
2574 5313 2683 5359 tam
2717 5305 2839 5374 ejus
2868 5312 3098 5357 matrem
3129 5313 3290 5370 quam
3320 5303 3530 5367 patrem

1938 5403 1995 5458 in
2026 5400 2435 5458 Traditionibus
2484 5386 2835 5454 invenimus.~
2866 5396 3043 5466 Atque
3076 5393 3163 5447 hic
3199 5406 3230 5445 e
3271 5387 3529 5443 Sidonio-

1937 5510 2059 5551 rum
2088 5503 2143 5553 et
2167 5494 2604 5550 Chanameorum
2638 5505 2838 5564 genere
2884 5490 3056 5545 fuisse
3095 5483 3353 5540 traditur.
3378 5481 3529 5546 Qua-

1937 5595 2160 5659 propter
2196 5594 2310 5642 tota
2346 5586 2417 5642 ab
2463 5600 2528 5641 eo
2573 5585 2811 5641 conficta
2846 5581 3030 5638 fabula
3070 5575 3300 5649 corruit.
3336 5572 3444 5628 Sed
3473 5578 3533 5627 et

1937 5682 2102 5738 inane
2121 5688 2209 5737 est
2236 5684 2553 5750 susceptum
2601 5678 2672 5734 ab
2713 5691 2780 5733 eo
2822 5675 2948 5731 vitae
2981 5667 3273 5729 severioris
3302 5666 3540 5724 institu~

2116 5796 2431 5855 una“.
2507 5796 2529 5827 ε
2572 5774 2951 5859 ηοδν.’νιι,δ.
3059 5783 3529 5850 διοοη.ῐιν,9.ῦ.
