3994 6442
261 386 371 445 189

889 388 1254 451 ADVERSUS
1283 395 1626 454 HIERESES
1658 397 1785 454 LIB.
1819 398 1850 455 ll

1954 397 2083 457 'OM.
2129 400 2266 457 ll.--
2297 400 2570 456 HaEllES.
2613 400 2845 457 LXVI”.

3439 395 3540 459 190

263 500 478 572 νησίοις
505 499 787 573 μετάλλοις
818 501 953 573 (56).
978 506 1088 560 Καὶ
1111 506 1231 560 τότε
1258 507 1443 564 λοιπὸν
1471 512 1518 563 oi
1554 511 1841 581 συρόμενοι

1954 528 2070 566 cum
2134 515 2391 571 omnibus
2429 516 2538 572 illis
2581 514 3009 584 confessoribus,
3047 530 3140 587 qu:
3196 516 3356 571 tracti
3390 518 3544 573 abre—

260 594 421 658 ὅντες
450 595 778 665 ὁμολογηταὶ
808 594 923 667 ἅμα
954 598 1232 671 Μελητίῳ,
1263 601 1359 655 καὶ
1391 602 1554 667 αὐτὸς
1576 601 1845 672 Μελήτιος

260 687 322 739 ἐν
364 687 430 756 τῇ
480 687 693 758 είρκτῇ,
744 687 886 742 κατὰ
930 687 1028 761 τὴν
1065 689 1397 764 ὁδοιπορίαν,
1444 694 1563 748 καθ’
1609 694 1845 765 ἑκάστην

260 772 452 845 χώραν
484 776 578 828 καὶ
611 774 733 829 καθ’
766 776 995 833 ἕκαστον
1036 779 1199 836 τόπον
1235 782 1583 855 διερχόμενος
1615 785 1846 839 καθίστα

260 865 581 937 κληρικοὺς,
608 868 940 934 ἐπισκόπους
961 887 1022 924 τε
1044 873 1136 926 καὶ
1167 874 1591 949 πρεσϐυτέρους,
1615 878 1709 931 καὶ
1729 876 1847 929 δια-

260 959 482 1028 κόνους,
510 960 606 1014 καὶ
627 960 892 1033 ᾠκοδόμει
921 963 1215 1036 ἐκκλησίας
1245 966 1399 1032 ίδίας·
1431 969 1524 1024 καὶ
1552 967 1675 1022 οὔτε
1702 960 1846 1022 οὗτοι

267 1047 477 1113 τούτοις
496 1050 835 1119 ἐκοινώνουν,
864 1044 987 1106 οὔτε
1010 1054 1208 1108 ἐκείνοι
1237 1055 1467 1121 τούτοις.
1502 1059 1847 1129 Ἐπέγραφον

266 1140 317 1193 δὲ
357 1141 589 1206 ἕκαστος
620 1143 679 1196 ἐν
709 1145 775 1216 τῇ
812 1144 918 1217 ἰδίᾳ
955 1144 1243 1218 ἐκκλησίᾳ,
1282 1149 1328 1201 oi
1363 1147 1461 1219 μὲν
1493 1147 1600 1201 ἀπὸ
1623 1146 1718 1201 τοῦ
1746 1148 1849 1201 Πέ-

268 1246 395 1301 τρου
425 1229 816 1304 διαδεξάμενοι,
839 1234 1053 1306 ἔχοντες
1079 1237 1176 1302 τὰς
1204 1236 1370 1302 οὔσας
1396 1238 1630 1311 ἀρχαίας
1648 1240 1845 1313 ἐκκλη-

265 1324 408 1387 σίας,
450 1324 532 1377 ὃτι
578 1324 869 1397 Ἐκκλησία
897 1328 1189 1408 καθολικὴ,
1223 1333 1274 1384 oi
1317 1332 1374 1386 δέ
1415 1332 1522 1386 ἀπὸ
1552 1331 1844 1402 Μελητίου,

274 1414 572 1487 Ἐκκλησία
604 1418 915 1491 μαρτύρων.
958 1421 1121 1475 Ὅθεν
1155 1422 1249 1477 καὶ
1286 1424 1344 1476 ἐν
1386 1423 1846 1493 Ἐλευθεροπόλει,

263 1511 363 1564 καὶ
388 1511 446 1563 ἐν
477 1509 646 1583 Γάζῃ,
677 1512 773 1566 καὶ
809 1513 868 1566 ἐν
899 1513 1056 1586 Αίλίᾳ
1089 1514 1377 1587 παρελθὼν
1414 1517 1443 1569 ό
1480 1515 1642 1580 αὐτὸς
1665 1517 1850 1589 Μελή-

265 1616 380 1665 tto;
411 1598 641 1664 πολλοὺς
663 1599 835 1667 οὕτως
867 1602 1262 1675 ἐχειροτόνησε.
1299 1602 1413 1659 Καὶ
1436 1605 1659 1675 γέγονεν
1686 1606 1848 1660 αὑτὸν

264 1692 683 1766 χρονοτριϐῆσαι
709 1694 765 1747 ἐν
786 1696 897 1758 τοῖς
915 1696 1330 1768 προειρημένοις
1352 1697 1654 1769 μετάλλοις.
1689 1698 1849 1753 Ἀλλὰ

266 1782 475 1855 μεταξὺ
512 1781 839 1839 ἀπολύονται
865 1785 974 1840 τῶν
1007 1788 1284 1859 μετάλλων
1320 1791 1369 1844 οί
1409 1788 1853 1867 ὁμολογηταὶηοί

1954 605 2142 674 ptique
2166 620 2290 660 cum
2314 622 2380 661 eo
2411 605 2645 671 fuerant,
2686 616 2793 662 tam
2836 607 2891 661 in
2926 622 3149 663 carcere
3181 623 3344 677 quam
3373 607 3427 661 in
3452 607 3542 661 iti-

1953 711 2084 751 nere
2130 711 2195 752 ac
2217 712 2607 768 quamcunque
2647 700 2922 768 regionem
2957 699 3246 768 locumque
3278 713 3542 768 peragra-

1954 793 2057 848 ret,
2092 785 2166 841 ibi
2192 786 2447 850 clericos,
2469 788 2779 859 episcopos,
2829 790 3175 861 presbyteros
3198 800 3252 845 et
3278 789 3542 846 diaconos

1955 875 2212 941 instituit,
2236 893 2298 933 ac
2321 878 2564 949 privatas
2598 879 2861 934 ecclesias
2881 880 3147 945 fundavit,
3175 896 3300 935 cum
3320 881 3542 936 interim

1955 979 2058 1018 nec
2092 964 2147 1020 bi
2188 980 2313 1020 cum
2344 967 2609 1029 illis,'nec
2632 969 2710 1023 illi
2744 983 2869 1024 cum
2900 969 2987 1024 his
3019 972 3308 1025 commune
3334 969 3543 1040 aliquid

1955 1053 2240 1111 haberent.
2280 1056 2453 1114 Porro
2493 1074 2649 1116 suam
2707 1061 2943 1132 quisque
2980 1061 3267 1117 ecclesiam
3312 1062 3543 1118 diversis

1953 1146 2269 1206 nominibus
2322 1149 2867 1208 inscribebat:nam
2948 1151 3098 1208 Petri
3155 1169 3539 1219 successores,

1954 1251 2123 1306 penes
2178 1253 2320 1309 quos
2352 1248 2566 1297 veteres
2614 1252 2772 1298 erant
2815 1242 3097 1307 Ecclesiae,
3125 1246 3412 1300 catholicae
3442 1244 3545 1301 Ec-

1955 1328 2139 1384 clesia:
2197 1331 2416 1385 titulum
2472 1321 2850 1403 usurpabant;
2905 1333 3183 1392 Meletiani
3237 1334 3544 1405 Ecclesiam

1954 1424 2277 1488 martyrum.
2351 1420 2522 1490 Igitur
2610 1422 3111 1493 Eleutheropolim,
3190 1426 3394 1480 Gazam
3492 1435 3546 1483 et

1955 1505 2160 1562 ﬁliam
2208 1510 2494 1580 profectus
2525 1512 2774 1571 Meletius
2819 1516 3114 1586 plerosque
3158 1517 3224 1571 ad
3263 1533 3386 1573 eum
3428 1535 3547 1573 mo-

1954 1599 2085 1654 dum
2134 1599 2430 1657 ordinavit.
2485 1602 2810 1675 Acciditque
2854 1615 2911 1660 ut
2966 1606 3035 1661 ad
3077 1608 3294 1662 metalla
3333 1609 3545 1665 diutius

1953 1691 2312 1749 detineretur.
2353 1692 2461 1751 Sed
2494 1696 2564 1753 ab
2596 1696 2666 1752 iis
2692 1697 2911 1753 tandem
2947 1699 3301 1757 confessores
3328 1701 3545 1756 liberati

1955 1792 2105 1849 sunt,
2134 1792 2246 1838 tam
2273 1784 2367 1855 qui
2391 1784 2555 1842 Petro
2599 1787 2858 1844 favebant
2891 1789 3094 1861 (adhuc
3120 1792 3266 1846 enim
3295 1792 3545 1862 complu-

263 1893 325 1929 τε
351 1875 447 1930 τοῦ
478 1876 677 1949 μέρους
703 1877 911 1949 Πέτρου
937 1873 1098 1951 (ἦσαν
1147 1879 1255 1953 γὰρ
1299 1880 1382 1935 ἔτι
1417 1881 1647 1953 πολλοὶ),
1684 1882 1779 1936 καὶ
1802 1885 1850 1937 οί

1954 1887 2042 1928 res
2067 1873 2273 1945 erant),
2336 1891 2500 1946 quam
2562 1876 2859 1934 Meletiani.
2917 1878 3021 1945 Qui
3075 1880 3293 1950 quidem
3338 1883 3391 1936 in
3434 1897 3548 1940 me-

263 1966 362 2020 τοῦ
391 1967 684 2040 Μελητίου.
722 1967 862 2023 Οὔτε
891 1970 998 2042 γὰρ
1037 1971 1095 2024 ἐν
1133 1974 1246 2036 τοῖς
1284 1972 1572 2044 μετάλλοις
1604 1972 1854 2044 ἀλλήλοις

262 2057 607 2125 ἐκοινώνουν,
644 2058 677 2130 ἥ
712 2059 1058 2133 συνηύχοντο.
1104 2052 1315 2118 Γίνεται
1359 2063 1416 2117 δὲ
1451 2064 1543 2117 τὸν
1581 2065 1869 2136 Μελήτιον,

263 2145 352 2202 ἐτι
388 2149 664 2222 διατρίψαι
707 2151 766 2205 ἐν
805 2151 994 2223 κόσμῳ
1031 2151 1246 2224 χρόνον,
1310 2153 1456 2208 ὥστε
1503 2155 1853 2226 συνακμάσαι

262 2239 365 2294 καὶ
396 2228 746 2317 Ἀλεξάνδρῳ
778 2243 857 2316 τῷ
886 2245 980 2300 τοῦ
1013 2245 1221 2317 Πέτρου
1252 2246 1499 2318 διαδόχῳ,
1535 2246 1604 2301 τὰ
1633 2246 1763 2317 φίλα
1793 2264 1853 2301 τε

264 2330 436 2404 ἐχειν·
473 2335 742 2407 ὲμερίμνα
778 2354 837 2390 τε
870 2336 938 2391 τὰ
972 2338 1100 2409 περὶ
1128 2337 1227 2408 τῆς
1272 2337 1599 2410 Ἐκκλησίας
1631 2339 1726 2393 καὶ
1765 2339 1854 2393 πί-

268 2438 464 2488 στεως.
504 2424 682 2499 Ἔφην
711 2425 820 2499 γάρ
860 2426 1136 2496 πολλάκις,
1169 2428 1251 2481 ὅτι
1282 2428 1434 2482 οὐδὲν
1459 2424 1598 2502 ,εἶχε
1637 2427 1851 2502 παρηλ-

262 2513 562 2586 λαγμένον.
638 2496 647 2499 ν
726 2496 729 2497 ν
788 2496 799 2499 ν
1458 2496 1474 2518 ι

340 2610 418 2662 Δ’.
447 2607 619 2673 Αὐτὸς
646 2607 756 2680 γὰρ
796 2602 947 2676 οὗτος
989 2611 1017 2663 ὁ
1047 2611 1336 2683 Μελήτιος,
1376 2612 1435 2665 ἐν
1476 2611 1854 2684 Ἀλεξανδρείᾳ

262 2699 583 2771 γενόμενος,
615 2702 837 2756 κάκεῖσε
857 2703 1151 2775 διατρίϐων
1176 2706 1389 2775 χρόνον,
1419 2704 1565 2791 ἔχων
1594 2705 1731 2759 ίδίαν
1751 2706 1851 2777 τὴν
1872 2760 1883 2765 ε

268 2790 499 2857 σύναξιν
544 2795 640 2848 σὺν
676 2796 790 2860 τοῖς
831 2794 1005 2863 ίδίοις,
1035 2795 1126 2854 τδν
1159 2797 1377 2868 Ἀρειον
1425 2790 1709 2868 ἐφώρασεν
1758 2797 1852 2851 άν-

267 2882 508 2952 ενέγκας
552 2885 644 2938 ἐπὶ
688 2885 781 2939 τὸν
845 2884 1214 2960 Ἀλέξανδρον.
1284 2887 1372 2952 Ὠς
1406 2887 1646 2959 ἐνηχήθη
1678 2886 1733 2940 δὲ
1760 2886 1851 2941 τὸν

271 2976 498 3046 Ἀρειον
534 2976 595 3029 ἐν
627 2977 749 3040 ταῖς
791 2976 959 3031 αὑτοῦ
1001 2976 1326 3049 ἐξηγήσεσιν
1362 2977 1466 3043 ἐξω
1498 2976 1593 3032 τοῦ
1628 2995 1850 3051 προκει-

271 3064 442 3137 μένου
470 3066 571 3139 τῆς
599 3067 836 3132 πίστεως
864 3067 1152 3140 βεϐηκότα·
1185 3064 1255 3142 ἦν
1287 3069 1398 3141 γὰρ
1431 3063 1583 3134 οὗτος
1618 3072 1676 3124 ἐν
1711 3069 1853 3122 Βαυ-

272 3158 417 3230 κάλῃ
461 3163 526 3232 τῇ
579 3160 877 3234 Ἐκκλησία
911 3160 1053 3217 οὕτω
1086 3160 1394 3236 καλουμένῃ
1444 3161 1851 3234 Ἀλεξανδρείας

279 3250 659 3321 πρεσϐύτερος.
715 3251 854 3305 Καθ’
904 3251 1139 3326 ἑκάστην
1189 3252 1297 3325 γὰρ
1346 3249 1428 3313 εἷς
1487 3250 1850 3324 πρεσϐύτερός

281 3340 430 3395 ἐστιν
462 3342 893 3415 ἀποτεταγμένος
922 3361 937 3377 ο
982 3339 1126 3415 ἦσαν
1160 3342 1269 3416 γὰρ
1312 3342 1503 3397 πολλαὶ
1538 3342 1846 3413 ἐκκλησίαι,

275 3430 374 3486 νῦν
398 3431 454 3487 δὲ
487 3432 720 3500 πλείους,
756 3434 849 3489 καὶ
875 3434 1025 3506 αὐτῷ
1051 3437 1084 3507 ή
1129 3435 1425 3505 Ἐκκλησία
1454 3433 1847 3505 ἐγκεχείριστο’

274 3524 381 3578 κᾶν
402 3541 463 3578 τε
498 3524 655 3590 ἄλλος
685 3526 783 3581 σὺν
808 3525 957 3598 αὐτῷ
982 3522 1070 3599 ἦν·
1108 3518 1182 3580 ὧν
1202 3525 1364 3579 ἕνεκα
1384 3527 1665 3596 γενόμενοι
1691 3525 1748 3579 ἐν
1772 3525 1848 3595 τῷ

265 3617 426 3688 τόπῳ
447 3616 671 3689 λέξομεν
696 3619 839 3674 κατὰ
863 3618 1187 3692 λεπτότητα,
1212 3621 1301 3674 ὅτε
1324 3618 1483 3691 χρεία
1508 3619 1636 3689 περὶ
1659 3617 1847 3670 τούτου

266 3702 705 3763 ἐσταμἘπεὶοῦν
727 3708 978 3782 ἐφώρασε
1004 3709 1097 3764 τὸν
1122 3710 1339 3782 Ἀρειον
1361 3708 1665 3773 σπουδαίως
1704 3707 1851 3761 Ἀλέ-

270 3796 517 3870 ξανδρος,
550 3798 890 3868 συγκαλέσας
919 3800 1253 3865 ἐπισκόπους
1278 3802 1372 3855 καὶ
1402 3799 1642 3864 σύνοδον,
1667 3800 1849 3872 ἐζήτει

266 3887 441 3953 ἀξιῶν
479 3890 607 3961 περὶ
638 3890 893 3957 πίστεως,
937 3893 1032 3947 καὶ
1073 3891 1319 3947 ἀπαιτῶν
1349 3892 1441 3946 τὸν
1477 3893 1696 3965 ΙἈρειον
1722 3892 1852 3963 περὶ

266 3977 373 4049 τῆς
396 3978 460 4032 ὲν
478 3978 626 4052 αὐτῷ
646 3980 1064 4055 ἐγκισσηθείσης
1090 3982 1269 4055 λύμης
1297 3986 1395 4056 τῆς
1419 3983 1759 4052 κακοδοξίας.
1792 3984 1851 4039 Ὀ

266 4069 331 4124 δὲ
362 4070 573 4141 Ἀρειος
605 4071 665 4125 οὐ
691 4070 798 4145 μὴν
829 4073 1129 4144 ἠρνήσατο,
1164 4074 1302 4131 ἀλλὰ
1334 4074 1430 4129 καὶ
1462 4074 1600 4147 μετά
1624 4091 1850 4147 τετριμ-

271 4157 438 4232 μένου
470 4160 783 4232 προσώπου,
817 4161 892 4229 ὡς
930 4159 1095 4237 εἶχεν,
1129 4165 1302 4231 οὕτως
1344 4152 1696 4240 ἀπεκρίνατο.
1741 4165 1853 4220 Καὶ

267 4252 415 4319 ἐξ,εοῖ
443 4253 543 4325 μὲν
585 4252 929 4329 Ἀλέξανδρος
958 4257 1122 4317 αὑτὸν
1148 4258 1249 4331 τῆς
1291 4258 1638 4332 Ἐκκλησίαςο
1672 4258 1852 4326 ἐξεοῦ-

266 4360 363 4397 ται
393 4343 452 4397 δὲ
478 4344 595 4416 ἅμα
624 4343 772 4417 αὐτῷ
806 4345 1007 4419 πλῆθος
1030 4347 1188 4412 πολὺ,
1216 4349 1264 4401 οί
1288 4349 1381 4403 ἀπ’
1408 4346 1572 4403 αὐτοῦ
1601 4365 1851 4420 κεχραμ-

272 4437 452 4508 μένοι,
495 4436 939 4509 παρθενευουσῶν
988 4441 1084 4494 καὶ
1126 4439 1300 4495 ἄλλων
1347 4441 1643 4513 κληρικῶν.
1696 4441 1756 4495 '0
1792 4441 1852 4495 δὲ

272 4529 517 4603 Ἀρειος,
550 4531 883 4602 ἀποδράσας,
911 4532 1005 4586 ἐπὶ
1040 4534 1137 4605 τὴν
1166 4534 1541 4588 Παλαιστίνων
1573 4534 1850 4590 στέλλεται

265 4622 372 4694 τήν
408 4620 651 4694 πορείαν.
696 4625 786 4679 Ἐν
824 4624 1164 4697 Νικομηδείᾳ
1199 4626 1256 4681 δὲ
1298 4626 1556 4693 ἀνελθὼν,
1593 4627 1853 4703 κάκεῖθεν

266 4715 490 4786 γράψας
524 4716 812 4781 ἐπιστολὰς
856 4716 1205 4792 Ἀλεξάνδρῳ,
1238 4717 1337 4790 οὐχ
1380 4717 1706 4788 ὑπερέϐαινε
1751 4718 1850 4789 τῆς

266 4806 441 4862 αὐτοῦ
481 4807 801 4874 κακοδοξίας
840 4810 942 4881 τήν
986 4809 1225 4881 μανιώδη
1260 4810 1517 4864 διάνοιαν.
1566 4810 1728 4863 Ἀλλὰ
1752 4829 1850 4880 με-

263 4897 405 4963 ταξὺ
445 4897 624 4967 ὀλίγου
660 4898 755 4952 τοῦ
782 4900 994 4972 χρόνου.
1028 4900 1123 4955 τοῦ
1155 4902 1320 4955 αὐτοῦ
1374 4900 1722 4974 Ἀλεξάνδρου
1752 4901 1847 4954 τοῦ

264 4989 430 5059 ἁγίου
457 4990 758 5045 ἐπισκόπου
801 4993 1202 5066 Ἀλεξανδρείας
1228 4992 1724 5067 ἐπιμελησαμένου,
1755 4993 1850 5047 καὶ

265 5083 592 5154 κινήσαντος
620 5083 711 5138 τὸν
737 5085 1005 5157 μακάριον
1031 5088 1460 5150 Κωνσταντίνον,
1487 5087 1850 5159 συνεκρότησε

267 5173 488 5230 σύνοδον
519 5177 578 5229 ἐν
608 5178 674 5248 τῇ
706 5177 913 5250 Νικαίᾳ
939 5181 1005 5250 τῇ
1046 5178 1217 5233 πόλει.
1251 5181 1360 5233 Καὶ
1394 5178 1849 5250 ἀναθεματίζεται

269 5267 372 5338 μὲν
401 5268 436 5339 ή
471 5267 692 5341 ’Δρείου
722 5269 950 5341 αἵρεσις,
988 5270 1128 5342 μετὰ
1153 5270 1215 5322 τὸ
1246 5270 1541 5326 ἀποθανεῖν
1569 5271 1749 5326 αὐτόν.
1775 5271 1849 5327 To

267 5358 490 5429 πρῶτον
517 5359 615 5431 μὲν
642 5358 753 5431 γὰρ
780 5362 999 5433 ἠρνεῖτο
1026 5363 1105 5427 είς
1131 5364 1429 5434 πρόσωπον
1454 5363 1549 5417 τοῦ
1576 5364 1848 5437 μακαρίου

340 5513 454 5585 (56)
488 5516 594 5569 Ἐν
619 5516 747 5582 τοῖς
766 5517 1114 5585 Φαινησίοις
1140 5516 1485 5586 μετάλλοις.
1517 5517 1762 5573 Meminit
1788 5519 1843 5573 in

266 5586 457 5640 eadem
481 5588 868 5643 persecutione
882 5587 1213 5642 declaranda
1236 5587 1641 5643 Pliaznesiorum
1661 5590 1846 5643 metal-

270 5655 443 5727 l_nrum
483 5655 758 5713 Eusebius
782 5673 875 5727 vni
899 5658 1036 5711 libro
1063 5658 1117 5711 in
1131 5658 1463 5727 Appendice,
1498 5660 1577 5713 vel
1600 5674 1720 5726 cap.
1744 5659 1840 5714 l7:

269 5724 390 5811 Τοῖς
420 5727 566 5813 κατά
594 5727 773 5780 Φαινῶ
814 5726 915 5813 τῇς
945 5724 1306 5813 Παλαιστίνης
1335 5728 1534 5813 χαλκορ
1562 5724 1846 5813 μετάλλοις

259 5798 386 5860 τοὺς
414 5797 632 5862 πάντας
681 5795 1038 5869 παραδίδωσι.
1070 5795 1242 5864 Quam
1264 5795 1694 5855 'horrcnda'lnec
1727 5815 1842 5855 mc-

1224 5932 1320 5941 ..ο-.

1956 1964 2103 2021 tallis
2137 1980 2167 2020 a
2201 1976 2392 2022 mutua
2431 1972 2821 2027 communione
2861 1971 3232 2035 abstinebant,
3267 1987 3331 2027 ac
3360 1988 3429 2028 ne
3461 1974 3540 2029 si-

1955 2056 2068 2111 mul
2095 2055 2315 2126 quidem
2351 2058 2602 2115 orabant.
2654 2059 2904 2116 Meletius
2934 2076 3064 2117 vero
3105 2061 3198 2116 diu
3234 2071 3421 2132 postea
3459 2078 3547 2118 su-

1953 2153 2165 2217 perstes
2199 2145 2304 2201 fuit
2335 2148 2509 2205 :adeo
2532 2158 2593 2204 ut
2612 2165 2744 2225 cum
2796 2152 3112 2207 Alexandro
3143 2169 3361 2223 quoque
3398 2153 3540 2208 Petri

1952 2254 2278 2296 successore
2303 2238 2576 2308 ﬂoruerit,
2611 2257 2737 2298 cum
2783 2256 2959 2314 eoque
2991 2242 3415 2301 familiaritatem
3444 2246 3543 2301 ha-

1952 2330 2173 2399 buerit;
2205 2332 2538 2404 praecipuam
2588 2349 2754 2405 porro
2781 2334 3041 2392 Ecclesiae
3083 2336 3322 2407 ﬁdeique
3349 2353 3541 2392 curam

1951 2423 2142 2494 gessit.
2182 2422 2342 2491 Nam,
2368 2433 2427 2480 ut
2450 2441 2594 2496 saepe
2617 2422 2756 2485 dixi.
2782 2427 2919 2483 nihil
2944 2429 3014 2484 ab
3044 2444 3108 2485 ea
3137 2428 3416 2486 diversum
3447 2439 3544 2485 aut

1953 2515 2193 2569 alienum
2221 2517 2432 2572 docuit.

2024 2600 2112 2658 IV.
2160 2603 2469 2671 Quinetiam
2528 2621 2655 2661 cum
2699 2606 2841 2662 idem
2894 2604 3253 2663 Alexandriae
3294 2606 3544 2665 Melctius

1951 2703 2118 2757 esset,
2162 2696 2347 2767 ibique
2390 2697 2635 2768 privatos
2667 2713 2792 2753 cum
2832 2699 2949 2756 suis
2989 2709 3293 2755 conventus
3334 2700 3547 2757 habens

1951 2786 2270 2856 aliquandiu
2314 2787 2630 2853 mansisset,
2659 2789 2851 2845 Arium
2883 2807 2914 2844 a
2955 2807 3015 2846 se
3043 2791 3444 2862 deprehensum
3473 2792 3543 2847 ad

1950 2878 2324 2934 Alexandrum
2379 2880 2595 2946 detulit,
2642 2896 2768 2937 cum
2804 2897 2930 2939 eum
2980 2885 3285 2954 accepisset
3314 2899 3344 2937 a
3380 2896 3545 2939 rectae

1951 2971 2077 3027 ﬁdei
2113 2987 2283 3044 scapo
2335 2973 2390 3029 in
2440 2972 2745 3045 Scripturis
2780 2975 2926 3047 apud
2976 2977 3237 3047 populum
3278 2977 3546 3046 interpre-

1950 3064 2134 3122 tandis
2190 3065 2469 3122 aberrare.
2534 3066 2698 3122 Arius
2750 3067 2897 3123 enim
2948 3066 3197 3122 Baucala:
3253 3066 3543 3138 cujusdam

1953 3157 2097 3230 apud
2156 3158 2543 3215 Alexandriam
2606 3157 2871 3216 Ecclesiae
2917 3160 3203 3231 presbyter
3238 3168 3376 3216 erat.
3405 3157 3542 3214 Nam

1956 3251 2257 3322 unicuique
2304 3249 2583 3316 Ecclesiae,
2616 3266 2737 3321 qua:
2768 3259 2883 3306 tum
2940 3254 3126 3308 multae
3157 3259 3336 3316 erant,
3379 3252 3544 3307 hodie

1950 3354 2084 3395 vero
2135 3340 2321 3411 plures
2369 3347 2519 3404 sunt,
2568 3355 2705 3395 suus
2760 3339 3163 3395 attribuebatur
3207 3339 3539 3409 presbyter:

1952 3446 2059 3502 qua
2111 3431 2325 3487 ratione
2380 3430 2781 3503 procurandam
2832 3429 3134 3486 Ecclesiam
3187 3431 3333 3483 illam
3374 3428 3541 3484 Arius

1951 3513 2291 3593 susceperat,
2323 3523 2439 3578 sive
2470 3521 2596 3591 quis
2623 3520 2766 3576 alius
2801 3519 3093 3592 adjunctus
3133 3520 3182 3575 ei
3243 3518 3438 3583 fuerat,
3473 3519 3542 3573 de

1949 3615 2151 3686 quibus
2208 3629 2309 3670 suo
2376 3614 2514 3682 loco,
2565 3628 2688 3669 cum
2735 3612 2789 3666 id
2818 3627 3042 3667 necesse
3078 3610 3541 3674 erit,accurdtius

1950 3722 2200 3777 agemus.
2225 3705 2580 3777 Deprehenso
2614 3704 2782 3775 igitur
2823 3702 2971 3771 Ario,
3000 3702 3304 3759 Alexander
3336 3701 3543 3755 indicto

1950 3802 2338 3871 episcoporum
2391 3800 2625 3855 concilio
2658 3798 2726 3855 de
2756 3797 2861 3854 ﬁde
2915 3796 3212 3867 diligenter
3267 3793 3540 3863 inquisiit,

1951 3900 2006 3948 et
2034 3872 2103 3948 ab
2134 3891 2269 3946 Ario
2318 3906 2499 3962 pravae
2550 3906 2613 3945 ac
2666 3888 2994 3961 perniciosae
3057 3886 3205 3942 illius
3240 3885 3539 3955 opinionis,

1953 3999 2116 4056 quam
2136 3984 2320 4039 animo
2334 3990 2684 4054 conceperat,
2723 3982 3001 4038 rationem
3018 3981 3215 4047 exegit.
3246 3976 3345 4031 Hic
3376 3977 3543 4033 Arius

1953 4075 2093 4130 nihil
2136 4074 2511 4147 tergiversari,
2568 4081 2664 4129 aut
2703 4072 3075 4137 dissimulare,
3110 4071 3273 4141 720
3295 4069 3389 4124 sed
3422 4076 3542 4139 per-

1952 4165 2114 4221 fricta
2147 4165 2350 4230 fronte,
2384 4165 2461 4220 uti
2514 4180 2574 4221 se
2609 4181 2696 4221 res
2742 4164 2998 4230 habebat,
3036 4162 3339 4232 respondit.
3367 4162 3539 4227 Quam

1952 4258 2026 4315 ob
2059 4273 2172 4313 rem
2227 4253 2538 4312 Alexander
2567 4270 2693 4311 eum
2743 4271 2811 4311 ex
2845 4254 3088 4310 Ecclesia
3127 4252 3457 4315 deturbavit,
3485 4259 3540 4304 et

1954 4366 2081 4407 cum
2110 4365 2177 4407 eo
2215 4349 2409 4422 ingens
2435 4348 2709 4420 virginum
2737 4361 2802 4401 ac
2841 4355 3163 4402 caeterorum
3190 4342 3536 4405 clericorum,

1953 4459 2094 4515 quos
2155 4442 2247 4497 ille
2295 4441 2641 4509 depravarat,
2698 4437 2780 4493 vis
2828 4438 3070 4507 ejicitur.
3094 4434 3207 4489 Sub
3235 4435 3349 4487 haec
3376 4434 3539 4486 Arius

1955 4535 2171 4605 fugiens
2196 4534 2252 4588 in
2290 4531 2636 4588 Palaestinam
2678 4528 2832 4583 abiit.
2860 4527 2985 4583 lude
3013 4525 3382 4582 Nicomediam
3412 4539 3540 4594 pro—

1954 4624 2155 4691 fectus,
2183 4639 2247 4679 ex
2275 4638 2338 4679 ea
2366 4621 2500 4677 urbe
2531 4621 2743 4677 litteras
2771 4618 2843 4674 ad
2880 4617 3254 4675 Alexandrum
3277 4616 3448 4681 dedit,
3480 4615 3536 4670 in

1951 4719 2154 4789 quibus
2183 4716 2252 4773 ab
2283 4719 2478 4772 insana
2530 4722 2715 4770 mente
2761 4728 2827 4770 ac
2861 4713 3072 4769 furioso
3118 4711 3371 4783 dogmate
3425 4725 3535 4764 non

1950 4813 2203 4869 recessit.
2260 4807 2461 4866 Verum
2494 4808 2658 4879 paulo
2684 4815 2829 4878 post,
2865 4803 3159 4863 Alexandri
3196 4801 3541 4859 sanctissimi

1951 4903 2295 4961 Alexandriae
2328 4901 2571 4973 episcopi
2606 4899 2793 4957 studio
2851 4906 2907 4954 et
2945 4897 3192 4960 hortatu,
3218 4895 3390 4950 beatae
3420 4908 3537 4949 me-

1953 4997 2144 5054 moriae
2168 4994 2567 5052 Constantinus
2616 4989 2887 5064 synodum
2937 4990 2993 5044 in
3020 4989 3157 5044 urbe
3190 4985 3371 5043 Nicaea
3402 4990 3537 5053 eone

1956 5098 2165 5162 gregat,
2198 5090 2293 5145 ubi
2318 5088 2431 5142 Arii
2455 5060 2661 5158 dogma
2677 5094 2801 5157 post
2819 5060 2942 5156 eius
2955 5092 3186 5139 mortem
3214 5084 3535 5138 damnatum

1953 5194 2057 5239 est.
2089 5179 2365 5251 Principio
2393 5178 2537 5233 enim
2573 5192 2757 5233 coram
2807 5179 3136 5248 imperatore
3170 5175 3534 5230 Constantino

1956 5274 2227 5329 inﬁciatus
2269 5271 2463 5335 fuerat,
2494 5278 2549 5324 et
2605 5270 2910 5325 cavillando
2957 5285 3020 5324 ac
3071 5267 3380 5324 simulando
3405 5282 3530 5321 eum

1954 5372 2103 5421 recta
2131 5364 2234 5419 ﬁde
2259 5369 2646 5428 consentanea,
2689 5360 3051 5433 jurejurando
3089 5362 3250 5416 etiam
3288 5359 3532 5427 interpo-

1952 5518 2326 5593 ta_lla_fuerint,
2356 5513 2517 5593 docet
2554 5519 2757 5593 Athan.
2798 5515 2967 5593 Epist.
2995 5515 3081 5593 ‘ad
3118 5514 3287 5593 δοιὶιη
3323 5510 3528 5593 ρηίὶῦὃε

1956 5590 2048 5643 uhi
2078 5581 2401 5664 Eutychihm
2423 5581 2858 5664 hypod_i_aconu_ni
2881 5589 2952 5664 ab
2982 5586 3197 5664 Arianis
3229 5581 3527 5664 scribit.

1948 5650 2518 5713 metalla'damnatu'ui
2549 5677 2563 5712 :
2590 5659 2699 5710 Καὶ
2745 5656 3002 5727 μέταλλον
3041 5656 3140 5723 οὐχ
3174 5653 3384 5727 άπλιῖξς,
3410 5650 3525 5704 ἀλλ’

1952 5732 2033 5792 είς
2065 5730 2127 5781 τὸ
2157 5729 2499 5800 τῆς-Φαινῶγ·
2531 5727 2657 5800 Evilat
2686 5721 2779 5779 mi".
2811 5725 3005 5800 φονεὺς
3033 5721 3528 5800 καταδικαζόμενος

1952 5791 2136 5869 ὀλίγας
2170 5791 2384 5872 ἡμέρας
2415 5799 2573 5869 μόγις
2601 5791 3033 5865 δύνατκίζῆσαι.
3075 5792 3205 5850 Vide
3233 5791 3527 5869 Ortelium.
