3994 6448
270 446 375 507 193

886 451 1255 510 ADVERSUS
1296 453 1640 512 [LERESES
1678 456 1808 512 LIB.
1851 456 1914 510 ll.
1957 455 2123 513 T031.
2164 455 2230 513 il.
2271 487 2339 497 —
2383 457 2656 513 IIAERES.
2701 457 2930 515 LXVilI.

3488 462 3591 520 194

264 565 443 624 θισιν.
478 566 757 640 ’ᾚδεισαν
790 568 900 643 γάρ
934 572 1098 625 αὐτὸν
1147 573 1285 643 πρὸς
1332 573 1433 628 τὸν»
1472 564 1880 645 βασιλέαΚων-

1994 575 2326 631 auctoritate
2388 576 2572 632 valere
2630 577 2951 647 plurimum.
3025 577 3128 631 Per
3193 577 3340 633 hunc
3403 580 3591 651 itaque

267 661 559 714 σταντϊνον
588 678 670 715 πα
679 664 919 735 ρῤησίαν
943 662 1106 736 ἔχειν,
1133 662 1346 729 ἀξιοῦσί
1372 682 1431 719 τε
1453 667 1615 719 αὐτὸν
1634 667 1703 721 δι’
1725 667 1888 722 αὐτοῦ

265 751 357 821 τῷ
386 752 595 823 βασιλεῖ
621 756 1016 828 γνωρισθῆναι.
1064 757 1123 809 '0
1168 756 1246 823 δὲ,
1282 757 1420 829 μετὰ
1464 758 1525 811 τὸ
1556 759 1887 829 ὑποσχέσθαι

268 845 482 907 αὐτοὺς
527 844 771 900 ἀνοίσειν
804 845 883 918 τῷ
918 846 1149 917 βασιλεῖ,
1193 849 1287 903 καὶ
1334 850 1562 920 ποιῆσαι
1600 851 1786 914 αὐτοῖς
1827 850 1889 904 τὸ

266 937 518 1006 πρᾶγμα
545 937 646 1007 τῆς
670 936 928 1010 δεήσεως,
964 942 1195 993 αἰτεῖται
1221 942 1353 1013 παρ’
1381 941 1562 995 αὐτῶν
1587 942 1648 995 τὸ
1676 928 1887 1014 αἴτημα

266 1028 461 1093 τοῦτο,
493 1025 925 1098 ὄπωςδέξωνται
958 1032 1180 1105 ’Ἄρειον
1217 1032 1337 1103 μετ’
1371 1032 1551 1086 αὐτῶν
1589 1034 1669 1098 εἰς
1697 1050 1888 1087 κοινω-

270 1120 421 1183 νίαν,
452 1121 613 1193 δῆθεν
652 1122 1042 1195 προσπωητῶς
1081 1123 1247 1179 αὐτὸν
1276 1125 1371 1178 καὶ
1415 1125 1671 1197 εἰρωνείᾳ
1720 1142 1886 1197 μετα-

269 1212 526 1267 νοοῦντα.
565 1216 629 1268 Οί
663 1215 720 1269 δὲ
765 1215 1157 1288 ὑπισχνοῦνται
1191 1217 1355 1272 αὐτόν
1378 1218 1423 1273 ⁸.
1474 1219 1586 1272 Καὶ
1633 1219 1884 1274 ἐντεῦθεν

272 1304 585 1376 προσφέρει
633 1308 833 1373 αὐτοὺς
878 1309 957 1382 τῷ
1008 1309 1238 1381 βασιλεῖ,
1273 1310 1369 1365 κα)⁵
1420 1311 1490 1365 τὰ
1533 1314 1655 1365 κατ’
1683 1314 1883 1378 αὐτοὺς

269 1394 544 1462 Εὐσέϐιος
582 1399 928 1455 ἀναδιδάσκει
951 1418 965 1432 ·
1001 1404 1098 1457 καὶ
1142 1406 1503 1476 συγχωρεῖται
1538 1409 1652 1470 τοῖς
1696 1405 1882 1478 Μελη-

267 1491 486 1553 τιανοῖς
526 1488 712 1545 ἔκτοτε
758 1492 884 1547 καθ’
922 1495 1149 1560 ἑαυτοὺς
1198 1496 1479 1566 συνάγειν,
1525 1497 1617 1550 καὶ
1668 1497 1742 1569 μὴ
1778 1498 1882 1551 ὑπό

270 1596 444 1634 τινων
481 1581 777 1652 ὀχλεῖσθαι.
819 1584 907 1649 Ὠς
950 1586 1063 1640 εῐθε
1118 1582 1317 1658 μᾶλλον
1369 1591 1418 1642 οί
1477 1590 1631 1643 αὐτοὶ
1672 1591 1722 1643 οί
1781 1590 1881 1662 τὴν

272 1674 769 1748 ἀκροδικαιοσύνην
800 1677 900 1750 τῆς
945 1678 1207 1751 ἀληθείας
1244 1680 1664 1753 ἀναδεδεγμένοι
1701 1680 1882 1753 Μελη-

270 1768 453 1822 τιανοὶ
489 1768 628 1839 μετά
655 1768 764 1823 τῶν
794 1771 1224 1842 παραπεσόντων
1254 1773 1393 1844 μετὰ
1426 1770 1714 1845 μετάνοιαν
1738 1776 1881 1828 ἐκοι-

271 1857 534 1931 νώνησαν
582 1861 729 1933 ἥπερ
769 1861 968 1933 ’Δρείῳ
1003 1863 1097 1917 καὶ
1138 1866 1253 1929 τοῖς
1303 1865 1399 1919 ἀπ’
1434 1863 1628 1919 αὐτοῦῑ
1681 1865 1877 1935 Γέγονε

271 1952 388 2025 γὰρ
415 1952 599 2017 αὐτοῖς
627 1952 790 2007 τοῦτο
809 1954 953 2008 κατά
981 1953 1079 2027 τὴν
1111 1957 1434 2028 παροιμίαν,
1474 1956 1556 2010 ὅτι
1585 1956 1878 2027 φεύγοντες

270 2043 371 2097 τὸν
416 2043 627 2097 καπνὸν
680 2044 760 2107 είς
816 2042 927 2114 πῦρ
966 2045 1241 2100 ἐνέπεσον.
1290 2043 1429 2099 Οὔτε
1486 2046 1597 2118 γὰρ
1660 2048 1877 2114 ’Ἄρειος

267 2136 509 2207 ⁴Ξῖδύντιτο
561 2135 707 2206 ἔχειν
751 2135 942 2189 στάσιν
994 2136 1090 2189 καὶ
1137 2136 1476 2210 παρρησίαν,
1523 2136 1597 2209 μὴ
1641 2136 1728 2192 διὰ
1777 2138 1877 2210 τῆς

269 2227 536 2298 τοιαύτης
588 2226 936 2292 ὑποθέσεως,
982 2228 1108 2300 ἥτις
1146 2228 1373 2298 γέγονεν
1409 2229 1593 2293 αὐτοῖς
1642 2230 1737 2284 καὶ
1796 2233 1877 2295 είς

270 2319 440 2390 δεῦρο
494 2319 643 2392 κακὴ
691 2319 977 2388 συνάφεια.
1029 2320 1417 2391 Συνεμίγησαν
1461 2320 1571 2393 γὰρ
1615 2322 1665 2374 oi
1708 2321 1878 2376 καθα-

277 2410 532 2483 ρεύοντές
566 2427 698 2464 ποτε
732 2412 825 2465 καὶ
851 2411 1191 2483 ἀκροδίκαιοι
1223 2413 1291 2483 τῇ
1334 2412 1518 2466 πίστει
1547 2411 1878 2484 Μελητιανοὶ⁹

274 2501 422 2573 μετά
448 2501 560 2556 τῶν
585 2502 681 2555 τοῦ
722 2503 935 2573 Ἀρείου
970 2503 1230 2576 μαθητῶν
1251 2520 1266 2535 ο
1300 2503 1397 2557 καὶ
1431 2505 1480 2557 ot
1514 2503 1733 2568 πλείους
1776 2505 1876 2576 μὲν

270 2595 378 2667 ἤδη
404 2594 748 2666 ὲχράνθησαν
770 2598 837 2668 τῇ
871 2595 966 2650 τοῦ
1013 2595 1226 2669 Ἀρείου
1253 2596 1611 2668 κακοπιστίςι,
1640 2598 1747 2651 ἀπὸ
1774 2597 1876 2669 τῆς

556 2688 922 2760 ἐκτραπέντες
951 2688 1008 2741 ὲν
1049 2688 1261 2753 τούτοις
1297 2690 1410 2752 τοῖς
1453 2689 1701 2760 χρόνοις’
1731 2690 1875 2755 τινὲς

269 2781 353 2847 δὲ,
382 2782 432 2833 εί
462 2781 559 2834 καὶ
579 2779 801 2851 ἔμειναν
824 2778 1039 2852 ἔχοντες
1062 2780 1162 2852 τὴν
1185 2778 1445 2852 ἀληθινὴν
1466 2782 1669 2850 πίστιν,
1695 2782 1876 2853 ἔχουσι

276 2872 402 2943 μὲν,
448 2872 509 2925 ού
554 2871 658 2943 μὴν
696 2869 753 2925 δέ
807 2873 946 2926 εἰσιν
984 2871 1396 2943 ἀπηλλαγμένοι
1450 2873 1552 2943 τῆς
1600 2871 1876 2946 βορϐορώ-

272 2964 401 3028 δους
434 2963 704 3036 ρυπαρίας
732 2963 821 3019 διὰ
852 2963 953 3034 τὴν
983 2964 1121 3035 πρὸς
1150 2962 1242 3016 τὸν
1270 2948 1488 3036 Ἀρειον
1520 2967 1617 3019 καὶ
1655 2967 1875 3038 Ἀρεια-

272 3059 403 3120 νοὺς
423 3059 729 3113 κοινωνίαν.
774 3056 907 3110 Ἀπὸ
928 3056 986 3109 δὲ
1006 3055 1107 3127 τῆς
1134 3055 1542 3128 προειρημένης
1568 3058 1879 3124 ὑποθέσεως

277 3150 439 3221 ἔσχεν
457 3151 488 3221 ἡ
504 3151 641 3222 πρὸς
658 3149 883 3215 τούτους
901 3149 1163 3221 συνάφεια
1186 3148 1457 3221 Μελητίου
1474 3166 1534 3204 τε
1554 3153 1650 3205 καὶ
1665 3152 1876 3225 Ἀρεια-
1905 3179 1950 3240 c

283 3241 396 3299 νῶν
423 3242 742 3315 προφάσεις.
1162 3276 1167 3279 »

376 3333 525 3388 Ἀλλά
553 3334 759 3406 μεταξὺ
807 3333 988 3404 ὀλίγου
1022 3334 1216 3407 χρόνου
1249 3333 1455 3406 (καθὼς
1482 3335 1503 3365 ²
1559 3332 1882 3404 ὑπεσχόμην

284 3426 461 3481 είπείν
491 3428 589 3499 τὴν
635 3426 894 3482 ὑπόθεσιν
933 3427 1169 3482 ἐνταῦθα
1203 3427 1593 3500 διηγήσομαι),
1639 3426 1885 3495 ἀναγκα-

278 3519 511 3592 ζομένου
526 3521 779 3588 ’Δλεξάνδ
787 3538 878 3593 ρου
892 3519 986 3574 τοῦ
1007 3520 1107 3591 τῆς
1130 3518 1757 3582 Κωνσταντινουπόλεως
1771 3520 1885 3571 ὲπι-

280 3614 490 3667 σκόπου
519 3613 852 3680 συνάξαιτὺν
875 3615 1115 3687 Ἀρειον,
1146 3614 1242 3668 καὶ
1271 3611 1438 3668 αὐτοῦ
1470 3610 1766 3683 εὐχομένου
1789 3611 1883 3665 καὶ

278 3706 658 3774 στενάξαντος,
683 3705 774 3760 καί
799 3705 1080 3769 κλίναντος
1099 3704 1169 3758 τὰ
1181 3704 1385 3774 γόνατα
1411 3704 1540 3775 περὶ
1558 3702 1707 3775 ὥραν
1728 3703 1881 3756 ὲννά-

272 3815 381 3870 την
409 3798 496 3871 τῷ
520 3798 787 3871 Σαϐϐάτῳ
816 3796 1047 3853 ἐνώπιον
1074 3795 1170 3852 τοῦ
1203 3795 1612 3869 θυσιαστηρίου,
1648 3794 1743 3849 τοῦ
1775 3795 1881 3848 Εὐ-

280 3890 469 3945 σεόίου
498 3889 767 3961 λέγοντος,
801 3892 882 3946 ὅτι
914 3892 979 3946 Ei
1041 3892 1117 3963 μὴ
1171 3889 1492 3963 βουληθείης
1529 3889 1671 3944 ἑκὼν
1691 3887 1881 3943 τοῦτον

278 3982 448 4038 αὐτὸν
480 3983 725 4051 συνάξαι,
758 3983 982 4048 ἀκοντός
999 4001 1097 4037 σου
1130 3985 1225 4038 σὺν
1241 3981 1369 4055 ἐμοὶ
1404 3980 1770 4035 εἰσελεύσεται
1810 3981 1878 4051 τῇ

280 4073 478 4145 αὔριον
513 4073 700 4146 ἡμέρᾳ
727 4072 1004 4146 ’Κυριακὴ
1043 4073 1100 4128 δὲ
1149 4072 1493 4144 ἐπέφωσκεν
1522 4070 1598 4136 ὼς
1622 4071 1679 4125 δὲ
1721 4070 1876 4141 ἔφην,

280 4165 586 4236 εὐξαμένου
633 4164 729 4219 τοῦ
770 4164 1143 4238 Ἀλεξάνδρου,
1183 4166 1279 4220 καὶ
1308 4165 1594 4237 δεηθέντος
1639 4163 1736 4219 τοῦ
1769 4167 1881 4219 Κυ-

283 4257 402 4329 ρίου
443 4254 601 4327 ήμῶν
632 4256 667 4327 ἤ
706 4255 868 4310 αὐτὸν
898 4257 1124 4328 ἐπᾶραι,
1157 4256 1246 4310 ἵνα
1284 4257 1359 4328 μὴ
1392 4254 1746 4328 συμμολυνθῇ
1800 4255 1881 4329 τῷ

293 4347 495 4420 Ἀρείῳ
519 4347 599 4418 τῷ
625 4346 766 4402 κατὰ
794 4347 891 4402 τοῦ
922 4348 1130 4422 Κυρίου
1162 4348 1641 4422 βλασφημήσαντι,
1667 4347 1702 4421 ἢ
1730 4348 1891 4419 ποιῆ-

282 4457 377 4493 σαι
412 4439 715 4511 παράδοξόν
742 4456 818 4507 τι,
847 4439 923 4504 ὡς
957 4440 1149 4495 εἴωθεν
1176 4444 1234 4495 ὲν
1266 4443 1429 4514 γενεᾷ
1457 4441 1552 4496 καὶ
1585 4442 1749 4514 γενεᾷ
1776 4460 1881 4495 πα-

286 4532 689 4607 ραδοξοποιείν,
748 4534 850 4589 οὐκ
902 4535 984 4599 είς
1035 4532 1257 4606 μακρὰν
1310 4536 1343 4605 ὴ
1394 4532 1530 4606 εὐχὴ
1579 4534 1674 4588 τοῦ
1722 4534 1877 4603 ἁγίου

1993 668 2280 722 conciliari
2311 683 2369 724 se
2404 668 2726 738 imperatori
2775 684 2837 723 ac
2880 668 3105 739 perduci
3147 672 3445 740 postulant.
3481 670 3589 740 Qui

1991 774 2118 814 cum
2154 761 2362 830 prolixe
2400 761 2488 815 bis
2539 761 2725 814 omnia
2760 759 3038 815 facturum
3074 778 3132 817 se
3162 763 3487 834 recepisset,
3527 772 3590 819 ut

1991 859 2043 908 et
2074 852 2141 907 de
2168 853 2387 908 illorum
2422 867 2590 907 causa
2629 853 2696 907 ad
2727 852 3116 923 imperatorem
3159 854 3409 923 referret,
3448 868 3502 910 et
3534 856 3590 914 id

1990 947 2137 1017 quod
2170 939 2808 1017 petebant‘impetraret,
2840 948 3083 1002 vicissim
3108 949 3214 1003 hoc
3240 950 3308 1004 ab
3345 951 3456 1005 illis
3488 968 3589 1022 po—

1991 1040 2177 1104 stulat,
2222 1048 2281 1093 ut
2313 1039 2509 1093 Arium
2551 1041 2604 1092 in
2638 1041 3087 1095 communionem
3118 1043 3446 1111 reciperent,
3493 1043 3589 1112 qui

1990 1131 2168 1185 [ictam
2207 1132 2641 1203 simulatamque
2690 1132 3073 1203 ptenitentiam
3116 1150 3229 1205 pra:
3267 1150 3327 1189 se
3360 1137 3587 1191 tulerat.
3672 1171 3696 1180 -

1988 1220 2145 1301 Quod
2184 1222 2277 1280 ubi
2320 1223 2788 1292 spopondissem,
2823 1223 2891 1277 ad
2930 1223 3320 1294 imperatorem
3357 1240 3454 1281 eos
3492 1226 3589 1281 ad-

1987 1313 2142 1367 ducit
2176 1312 2488 1379 Eusebius,
2525 1314 2864 1385 exponitque
2899 1315 3032 1386 quid
3074 1315 3182 1372 illis
3232 1316 3437 1386 negotii
3472 1317 3587 1384 sit;

1986 1420 2051 1460 ac
2093 1413 2379 1475 postremo
2416 1403 2723 1461 Meletianis
2748 1406 2817 1461 ab
2848 1412 2913 1461 eo
2952 1416 3195 1477 tempore
3226 1408 3584 1478 permissum,

1984 1498 2240 1567 privatim
2293 1506 2352 1552 ut
2390 1499 2509 1553 sine
2551 1500 2660 1553 ulla
2707 1499 3040 1569 cujusquam
3086 1500 3339 1555 molestia
3384 1517 3589 1557 conve-

1983 1585 2103 1639 nire
2132 1594 2380 1654 possent.
2416 1585 2639 1640 Utinam
2690 1586 2965 1642 Meletiani
3013 1588 3129 1656 isti,
3170 1590 3261 1659 qui
3293 1593 3587 1646 exactissi—

1984 1691 2127 1729 mam
2179 1675 2409 1746 justitize
2456 1693 2521 1733 ac
2578 1679 2830 1734 veritatis
2873 1681 3145 1736 rationem
3192 1682 3431 1752 professi
3472 1682 3588 1739 fue-

1985 1776 2147 1839 rant,
2198 1785 2322 1824 cum
2374 1771 2441 1826 iis
2476 1773 2571 1842 qui
2627 1772 2767 1845 lapsi
2818 1783 2975 1827 erant
3028 1783 3158 1843 post,
3199 1776 3580 1843 paenitentiam

1983 1862 2427 1917 communionem
2473 1863 2702 1929 habere,
2734 1879 2900 1934 quam
2945 1878 3073 1918 cum
3102 1864 3327 1921 Arianis
3357 1867 3584 1921 maluis-

1985 1953 2136 2008 sent!
2173 1953 2418 2026 Contigit
2452 1955 2603 2010 enim
2646 1956 2758 2011 illis
2786 1955 2931 2026 quod
2969 1964 3055 2011 est
3090 1957 3145 2010 in
3178 1960 3489 2027 proverbio,
3526 1966 3585 2013 ut

1984 2045 2079 2113 qui
2132 2043 2344 2098 fumum
2398 2044 2685 2110 devitant,
2739 2045 2795 2099 in
2838 2047 3017 2117 ignem
3074 2046 3340 2101 incidant.
3395 2046 3585 2119 Neque

1983 2136 2131 2191 enim
2163 2137 2470 2191 consistere
2503 2132 2692 2201 Arius,
2729 2144 2820 2191 aut
2873 2136 3130 2192 ﬁduciam
3167 2139 3337 2193 ullam
3380 2139 3584 2197 habere
3642 2140 3645 2142 ’

1984 2222 2277 2292 potuisset,
2310 2223 2417 2277 nisi
2448 2237 2567 2277 eam
2605 2231 2757 2278 esset
2803 2224 3154 2280 occasionem
3204 2232 3430 2292 nactus;
3459 2242 3583 2297 quae

1985 2313 2283 2384 pessimam
2346 2313 2492 2367 inter
2544 2313 2671 2368 illos
2725 2313 2793 2367 ad
2848 2313 3176 2369 hodiernum
3225 2333 3404 2387 usque
3436 2318 3582 2372 diem

1983 2405 2339 2461 concordiam
2380 2406 2646 2483 devinxit.
2706 2406 2992 2477 Siquidem
3047 2406 3322 2463 Melctiani
3376 2408 3583 2464 sinceri

1984 2498 2259 2568 quondam
2308 2499 2542 2570 ﬁdeique
2593 2500 2926 2555 tenacissimi
2993 2515 3118 2554 cum
3172 2501 3391 2555 Arianis
3431 2516 3581 2556 com-

1984 2590 2132 2645 misti
2176 2600 2340 2658 sunt;
2376 2600 2429 2645 et
2460 2592 2709 2662 plerique
2743 2591 2882 2647 falsa
2923 2593 3038 2646 Arii
3085 2593 3339 2647 doctrina
3390 2605 3580 2647 conta-

1984 2682 2175 2735 minati
2235 2696 2265 2734 a
2326 2689 2475 2736 recta
2530 2682 2635 2736 [ide
2680 2682 2786 2736 hoc
2847 2690 3093 2752 tempore
3142 2680 3579 2751 degenerarunt;

1984 2772 2237 2830 nonnulli
2273 2789 2407 2828 vero
2436 2774 2540 2829 etsi
2575 2784 2898 2829 constanter
2927 2773 2983 2827 in
3015 2789 3076 2828 ea
3110 2785 3535 2843 perseverarunt
3563 2789 3580 2839 ;

1985 2867 2058 2923 ob
2087 2868 2236 2922 illam
2264 2877 2443 2924 tamen
2483 2884 2608 2922 cum
2642 2867 2774 2923 Ario
2803 2868 3139 2938 Arianisque
3168 2867 3482 2922 societatem
3527 2869 3580 2922 in

1985 2973 2148 3015 cceno
2188 2960 2283 3016 illo
2318 2975 2382 3014 ac
2415 2961 2678 3016 sordibus
2733 2960 3033 3015 haeserunt.
3074 2958 3199 3014 [late
3249 2959 3346 3013 fuit
3378 2968 3582 3017 mutuzc

1986 3050 2130 3107 inter
2177 3051 2498 3108 Mcletianos
2527 3062 2580 3107 et
2608 3052 2850 3108 Arianos
2876 3052 3289 3129 conjunctionis
3331 3051 3578 3107 occasio.

2008 3354 2009 3357 η
2056 3335 2218 3404 722
2270 3333 2540 3389 σπείρωσι
2591 3334 2744 3389 brevi
2787 3335 3076 3405 interiecto
3131 3344 3378 3406 tempore
3428 3337 3578 3409 (jam

1985 3427 2131 3481 enim
2185 3427 2266 3480 uti
2316 3427 2598 3496 pollicitus
2652 3442 2775 3481 sum
2819 3428 3163 3482 narrationis
3212 3430 3410 3483 seriem
3451 3446 3579 3499 per-

1986 3527 2169 3573 texam
2194 3519 2234 3584 ),
2266 3534 2393 3573 cum
2427 3518 2739 3573 Alexander
2767 3517 3425 3589 Constantinopolitanus
3454 3521 3578 3590 epi-

1985 3626 2188 3681 scopus
2216 3611 2405 3665 Arium
2439 3611 2507 3665 ad
2538 3612 2984 3666 communionem
3019 3611 3313 3666 admittere
3354 3621 3579 3670 coactus

1984 3705 2051 3759 ad
2099 3720 2292 3776 preces
2319 3713 2374 3759 et
2405 3703 2645 3774 su5piria
2681 3702 3050 3773 confugisset.
3105 3701 3267 3767 ﬂexis
3296 3719 3445 3758 eirea
3480 3704 3580 3758 ho~

1985 3814 2103 3853 ram
2156 3813 2358 3855 nonam
2419 3796 2643 3852 Sabbati
2707 3805 2837 3851 ante
2886 3797 3057 3851 altare
3111 3796 3377 3866 genibus,
3430 3798 3579 3866 quod

1984 3889 2257 3947 Eusebius
2308 3893 2382 3945 ita
2435 3890 2810 3944 comminatus
2856 3895 3005 3944 esset
3052 3907 3065 3944 :
3114 3887 3231 3943 Nisi
3276 3900 3471 3959 sponte
3524 3890 3581 3943 in

1983 3982 2425 4036 communionem
2457 3981 2609 4035 illum
2640 3980 2887 4051 recipere
2910 3980 3178 4042 volueris,
3197 3980 3442 4034 crastino
3466 3979 3578 4045 die,

1982 4082 2038 4129 te
2069 4075 2235 4128 etiam
2271 4073 2467 4138 invito,
2498 4088 2710 4128 mecum
2740 4072 3103 4144 ingredietur.
3123 4071 3367 4127 Instabat
3392 4079 3579 4125 autem

1983 4166 2307 4223 Doniinicus
2356 4167 2512 4233 dies;
2549 4182 2721 4236 quare
2760 4181 2885 4219 cum
2939 4164 3273 4235 Alexander,
3323 4172 3386 4218 ut
3434 4163 3582 4219 dixi-

1982 4274 2144 4325 mus,
2194 4256 2434 4313 orationi
2481 4272 2540 4312 se
2583 4255 2860 4317 dedisset,
2909 4262 2963 4309 et
3010 4269 3039 4307 a
3078 4253 3310 4309 Domino
3347 4252 3578 4323 supplex

1982 4358 2211 4423 peteret,
2246 4356 2308 4403 ut
2330 4349 2411 4404 vel
2438 4363 2497 4404 se
2519 4363 2583 4402 ex
2608 4346 2712 4401 hac
2741 4346 2850 4400 vita
2884 4347 3120 4408 tolleret,
3152 4361 3221 4399 ne
3247 4344 3495 4416 Arii,qui
3523 4345 3578 4398 in

1982 4443 2155 4499 Deum
2197 4438 2634 4496 contumeliosus
2679 4436 2893 4503 fuerat,
2949 4436 3275 4506 contagione
3306 4436 3581 4506 polluere-

1980 4543 2100 4601 tur;
2155 4544 2249 4588 aut
2306 4530 2632 4585 inusitatum
2688 4528 2965 4601 quoddam
3006 4528 3318 4598 prodigium
3367 4526 3577 4591 ederet,

280 4625 617 4698 ἐπληροῦτοο
650 4627 929 4693 κατὰ-τάς
967 4627 1170 4691 νύκτας
1203 4626 1461 4683 εἰσελθὼν
1490 4630 1519 4682 ὁ
1555 4628 1773 4699 ’Δρειος
1797 4629 1878 4691 είς

1986 4625 2294 4697 cujusmodi
2339 4623 2505 4679 certis
2542 4620 2889 4693 temporibus
2939 4620 3153 4675 ellicere
3200 4621 3373 4685 solet,
3414 4621 3581 4690 paulo

239 4804 244 4808 .
282 4724 454 4778 θᾶκον
482 4722 619 4795 πρὸς
647 4722 745 4787 τὰς
773 4720 940 4779 αὑτοῦ
968 4722 1159 4796 χρείας
1183 4713 1732 4793 παρασκευασθῆναι,
1759 4721 1878 4777 ἑλά-

238 4810 244 4817 ’
283 4832 431 4880 κισε,
459 4816 712 4888 καθάπερ
734 4815 832 4870 καὶ
874 4814 1074 4880 Ἰούδας
1100 4814 1233 4869 ποτέ
1254 4831 1269 4846 θ
1307 4815 1402 4869 καὶ
1434 4813 1608 4879 οὕτως
1636 4813 1697 4868 τὸ
1725 4813 1877 4879 τέλος

279 4909 454 4965 αὐτοῦ
490 4910 713 4982 γέγονεν
738 4911 798 4964 ὲν
823 4907 975 4981 τόπῳ
1003 4906 1230 4963 δυσώδει
1261 4907 1363 4977 τῆς
1387 4906 1750 4977 ἀκαθαρσίας.

352 5177 432 5232 Ζ’.
472 5172 630 5229 Μετά
674 5172 733 5229 δὲ
762 5172 952 5228 τοῦτον
984 5171 1077 5227 τὸν
1123 5170 1318 5244 χρόνον
1357 5169 1544 5226 λοιπὸν
1585 5169 1880 5225 ἐκαττύετο

281 5269 417 5342 περὶ
445 5269 466 5299 ³
493 5266 602 5321 τῶν
646 5266 837 5321 τούτου
879 5263 1136 5337 μαθητῶν
1172 5262 1244 5317 τά
1288 5263 1433 5317 κατὰ
1478 5263 1576 5335 τὴν
1610 5263 1878 5335 συσκευὴν

280 5361 385 5431 τῆς
437 5359 790 5431 Ἐκκλησίας.
839 5357 1128 5412 Ἐτελεύτα
1177 5356 1235 5411 δὲ
1280 5355 1627 5430 Ἀλέξανδρος
1663 5357 1692 5409 ὁ
1731 5355 1880 5410 Ἀλε-

284 5453 571 5524 ξανδρείας
605 5452 745 5523 μετά
783 5451 881 5523 τὴν
914 5453 972 5505 ὲν
1000 5450 1207 5522 Νικαίᾳ
1237 5449 1474 5505 σύνοδον.
1502 5450 1577 5503 Οὐ
1616 5449 1799 5521 παρῆν
1822 5449 1879 5502 δὲ

297 5547 617 5610 ’Δθανάσιος
645 5544 785 5617 μετά
806 5545 898 5599 τὸν
922 5543 1153 5600 θάνατον
1168 5543 1400 5616 Ἀρείου.
1419 5543 1674 5606 Διάκονος
1688 5541 1798 5614 γὰρ
1811 5536 1878 5613 ἦν

282 5638 406 5693 κατ’
426 5638 603 5692 ἐκεῖνο
626 5634 819 5708 καιροῦ
844 5634 951 5690 ὑπὸ
982 5632 1354 5706 Ἀλεξάνδρου,
1368 5634 1465 5688 καὶ
1491 5632 1770 5704 ἀπεστάλη
1785 5632 1876 5687 ὑπ’

284 5729 456 5786 αὐτοῦ
480 5732 561 5795 εἰς
575 5729 638 5783 τὸ
657 5728 987 5801 κομητᾶτον.
1032 5725 1385 5798 Ἀλεξάνδρου
1415 5726 1472 5780 δὲ
1491 5724 1874 5799 ἐντειλαμένου

359 5915 378 5952 ⁸
401 5912 461 5972 ε.
486 5914 658 5988 αὐτῷ.
734 5919 757 5949 ²
787 5914 946 5971 Deest
971 5914 1103 5986 γάρ.
1178 5914 1198 5945 ³
1228 5914 1353 5969 Cor.
1384 5910 1545 5986 παρὰ.

1984 4724 2107 4789 post
2160 4716 2336 4772 sancti
2388 4715 2491 4770 viri
2536 4713 2688 4785 quod
2737 4713 2955 4768 volebat
3016 4713 3330 4782 impetravit
3377 4714 3579 4768 oratio.

1981 4809 2150 4863 Arius
2195 4807 2342 4863 enim
2392 4804 2461 4861 de
2508 4811 2671 4861 nocte
2725 4803 2941 4858 levandi
3003 4803 3213 4858 ventris
3269 4803 3446 4873 gratia
3506 4805 3578 4859 ad

1982 4899 2174 4954 cellam
2215 4897 2441 4953 veniens
2479 4897 2696 4968 crepuit
2738 4895 3201 4965 quemadmodum
3231 4894 3404 4952 Judas
3446 4897 3579 4952 oliui

1982 4991 2232 5062 proditor
2258 5031 2273 5054 ,
2304 5000 2361 5045 et
2398 4989 2453 5045 in
2505 4988 2724 5060 impuro
2768 4988 2862 5045 illo
2898 5003 2962 5044 ac
3003 4988 3198 5045 fcetido
3228 4990 3367 5045 .loco
3414 4990 3579 5046 linem

1985 5084 2203 5140 vivendi
2234 5082 2383 5139 fecit.

2058 5175 2173 5230 νη.
2219 5174 2533 5230 Secundum
2586 5174 2702 5231 haec
2750 5174 2820 5228 ab
2863 5176 2984 5245 ejus
3029 5174 3317 5246 discipulis
3347 5174 3581 5230 fraudu-

1986 5264 2133 5320 lenta
2185 5265 2274 5319 illa
2327 5275 2524 5320 contra
2577 5263 2880 5321 Ecclesiam
2940 5267 3075 5322 inita
3133 5268 3365 5324 consilia
3423 5276 3576 5323 sunt.

1986 5338 2297 5412 Alexander
2343 5372 2472 5411 vero
2521 5356 2871 5414 Alexandriae
2918 5360 3213 5430 episcopus
3254 5369 3377 5429 post
3409 5358 3581 5414 Nicw-

1987 5465 2116 5505 nam
2167 5440 2438 5521 synodum
2489 5449 2657 5517 obiit,
2714 5451 2944 5508 absente
3000 5461 3131 5522 post.
3171 5452 3288 5505 Arii
3339 5458 3575 5506 mortem

1987 5541 2313 5604 Athanasio,
2363 5542 2458 5610 qui
2489 5540 2755 5597 diaconus
2793 5557 2890 5612 per
2940 5542 3076 5597 illud
3110 5550 3323 5611 tempus
3351 5524 3587 5612 ordina-,

1987 5640 2078 5688 tus
2118 5631 2189 5688 ab
2218 5603 2549 5698 Alexandro,
2586 5633 2655 5689 ab
2686 5603 2878 5690 eodem
2911 5633 3116 5690 missus
3149 5603 3588 5737 adcomitatum;

1985 5725 2187 5782 fuerat.
2234 5725 2485 5798 Cumque
2518 5728 2762 5785 moriens
2794 5725 3107 5783 Alexander
3149 5726 3363 5782 nullum
3402 5725 3585 5788 alitth
