3994 6470
439 425 544 482 195

1849 422 1907 475 S.
1948 418 2291 475 El'll’llANll

3628 423 3725 482 196

438 541 613 606 sullici
645 538 751 595 sibi
782 545 979 610 praeter
1007 538 1368 594 Athanasium
1425 539 1770 608 mandasset,
1814 548 1872 595 ut
1911 549 2020 594 tam

2147 539 2329 609 ιηδένα
2365 537 2770 610 κατασταθῆναι
2803 538 2950 610 εἰμὴ
2992 539 3342 604 Ἀθανάσιον,
3374 540 3457 604 ὡς
3485 540 3648 605 αὐτός
3672 560 3729 597 τι

441 631 581 701 ipse,
614 646 780 701 quam
806 629 1019 695 clerici,
1047 641 1103 686 et
1138 630 1401 686 universa
1426 629 1564 686 adeo
1598 629 1845 687 Ecclesia
1875 631 2027 687 testi-

441 723 729 787 ﬁcahatur,
769 720 1050 777 Meletiani
1103 721 1329 794 Egypti
1377 722 1627 793 episcopi
1673 724 2023 779 occasionem

439 814 584 867 nacti
635 817 797 881 (nam
830 814 1166 869 Alexandria
1198 830 1482 886 nunquam
1518 823 1577 870 ut
1620 816 1739 870 aliae
1773 815 2025 870 civitates

437 906 575 960 duos
606 907 896 976 episcopos
922 906 1169 975 habuit),
1221 922 1350 962 cum
1381 906 1783 962 Alexandrinus
1812 908 2027 977 episeoo

437 1012 539 1067 pus
571 998 828 1064 abesset,
861 995 1147 1053 Theonam
1182 998 1475 1069 quemdam
1505 1000 1867 1054 substituunt.
1906 998 2027 1063 Quo

435 1089 658 1158 quidem
697 1095 823 1158 post
865 1090 1086 1143 tertium
1126 1104 1370 1145 mensem
1407 1098 1653 1154 mortuo,
1693 1090 1856 1159 paulo
1898 1097 2022 1158 post

455 1179 787 1236 Athanasius
830 1179 1071 1233 advenit.
1126 1178 1264 1233 Tum
1315 1180 1554 1250 undique
1603 1189 1794 1235 coacto
1837 1184 2027 1237 estho-

438 1254 711 1325 do'xorum
757 1270 994 1326 concilio
1045 1270 1097 1324 in
1149 1271 1519 1326 Alexandrina
1572 1271 1704 1327 sede
1743 1273 2029 1327 Constitui-

441 1369 563 1427 tur;
621 1361 791 1431 eique
843 1361 1181 1431 postliminio
1228 1361 1467 1433 dignitas
1522 1362 1578 1417 in
1624 1364 1714 1416 illa
1751 1364 2024 1440 redditur,

440 1452 534 1522 qui
569 1458 624 1507 et
661 1451 860 1522 dignus
900 1458 1054 1512 erat,
1106 1460 1159 1506 et
1206 1458 1317 1505 tam
1363 1450 1459 1507 Dei
1506 1453 1820 1518 voluntate,
1862 1469 2026 1524 quam

440 1540 582 1596 beati
615 1539 914 1596 Alexandri
947 1539 1210 1610 suffragio
1244 1548 1298 1595 et
1319 1541 1581 1599 mandato
1611 1542 1953 1614 designatus.

512 1831 645 1887 Post
688 1832 805 1887 hate
847 1832 1190 1889 Athanasius
1226 1835 1297 1890 ob
1338 1834 1472 1890 illud
1511 1834 1928 1894 Meletianorum
1960 1839 2031 1894 ab

2127 631 2222 684 ml
2235 631 2285 683 οἱ
2314 629 2407 684 τοῦ
2426 629 2649 693 κανόνος
2677 629 3046 702 ἐμαρτύρουν,
3063 632 3155 686 καὶ
3174 633 3339 686 πᾶσα
3357 633 3394 703 ὴ
3411 632 3726 704 Ἐκκλησία,

2127 721 2417 794 λαᾶόμενοι
2438 722 2630 794 καιρὸν
2647 722 2855 776 οἱκατὰ
2869 722 3139 793 Μελήτιον
3157 724 3275 797 (59)
3308 724 3622 780 ἐπίσκοπον
3640 727 3730 797 τῆς

2126 814 2744 883 Audit-remixtum
2769 814 2844 886 μὴ
2876 815 3141 886 παρόντος
3175 819 3281 888 τῆς
3319 816 3731 888 Ἀλεξανδρείας

2128 907 2212 976 (οὺ
2242 907 2349 978 γάρ
2385 923 2515 961 ποτε
2547 908 2579 977 ἠ
2626 905 3009 978 Ἀλεξάνδρεια
3038 906 3133 960 δύο
3176 907 3532 971 ἐπισκόπους
3559 907 3729 979 ἔσχεν,

2127 997 2203 1061 ὡς
2232 1000 2287 1051 αἱ
2317 997 2472 1052 άλλαι
2506 998 2716 1067 πόλεις)
2736 1012 2752 1029 ⁸
2788 997 3089 1050 καθιστῶσι
3107 998 3293 1053 τοίνυν
3317 996 3451 1053 ἀντὶ
3494 998 3733 1063 Ἀλεξάν-

2128 1084 2256 1154 δρου
2290 1084 2508 1139 Θεωνάν
2553 1103 2679 1140 τινα
2709 1086 2958 1156 ὀνόματι,
2988 1086 3048 1150 ὃς
3085 1087 3268 1158 μῆνας
3302 1091 3464 1159 τρεῖς
3509 1090 3732 1160 ποιήσας

2130 1173 2404 1229 ἐτελεύτα.
2438 1176 2548 1230 Καὶ
2595 1176 2929 1248 παρεγένετο
2971 1176 3296 1243 Ἀθανὰσιος
3348 1180 3478 1250 μετ’
3504 1181 3568 1234 οὐ
3605 1180 3732 1236 πολῦ

2135 1267 2272 1339 μετὰ
2309 1267 2408 1339 τὴν
2434 1268 2690 1339 τελευτὴν
2728 1268 2937 1324 Θεωνᾶ.
2973 1271 3085 1323 Καὶ
3116 1272 3182 1324 ἐκ
3224 1271 3585 1343 πανταχόθεν
3614 1289 3730 1327 συν-

2132 1358 2403 1432 εκροτήοη
2437 1357 2735 1431 ὀρθοδόξων
2766 1359 3001 1426 σύνοδος.
3032 1362 3144 1417 Καὶ
3182 1363 3374 1428 οὕτως
3402 1366 3731 1429 κατάστασις

2130 1448 2352 1516 γέγονεν
2387 1445 2576 1510 αὑτοῦ,
2612 1448 2708 1502 καὶ
2733 1449 2967 1521 ἀπεδόθη
2999 1450 3151 1523 αὐτῷ
3176 1454 3205 1506 ό
3238 1451 3446 1521 θρόνος
3472 1452 3552 1525 τῷ
3581 1452 3728 1525 ἀξίῳ,

2131 1541 2227 1596 καὶ
2256 1534 2299 1609 ᾧ
2325 1535 2392 1613 ἦν
2417 1540 2821 1612 ἡτοιμασμένος
2861 1541 3002 1595 κατὰ
3029 1543 3128 1613 τὴν
3155 1542 3298 1598 Θεοῦ
3331 1542 3617 1626 βούλησιν,
3645 1546 3731 1600 καὶ

2131 1633 2273 1686 κατὰ
2316 1632 2416 1703 τὴν
2469 1632 2741 1704 μακαρίου
2787 1632 3137 1706 Ἀλεξάνδρου
3175 1633 3506 1708 μαρτυρίαν
3538 1651 3598 1689 τε
3648 1634 3728 1690 καὶ

2132 1721 2370 1793 ἐντολήν.

2217 1813 2497 1868 Ἐντεῦθεν
2524 1814 2751 1890 ἄρχεται
2802 1814 3119 1880 Ἀθανάσιος
3149 1815 3545 1887 βιοφορείσθαί
3562 1831 3620 1868 τε
3649 1815 3730 1868 καὶ

444 1921 688 1977 Ecclesia
719 1921 991 1978 catholica
1022 1922 1321 1978 divortium
1370 1927 1614 1981 exerceri
1666 1926 2031 1999 aﬂlictarique

2147 1907 2419 1964 λυπεῖσθαι
2451 1908 2540 1963 διὰ
2562 1884 2660 1963 ’τόν
2695 1907 2965 1979 μερισμὸν
3004 1909 3105 1979 τῆς
3139 1884 3510 1980 Ἐκκλησίας,
3545 1909 3652 1964 τῶν
3678 1924 3731 1961 τε

440 2012 627 2083 coepit.
677 2010 852 2082 Igitur
878 2013 1087 2067 hortari
1127 2013 1220 2069 ille
1252 2029 1316 2069 ac
1354 2016 1688 2085 supplicare,
1716 2018 2032 2076 detrectan-

445 2111 530 2159 tes
558 2104 720 2174 723
754 2120 947 2174 urgere
985 2119 1049 2160 ac
1100 2120 1315 2176 cogere.
1356 2104 1579 2162 Solebat
1605 2118 1786 2165 autem
1821 2113 2033 2170 vicinas

447 2194 745 2259 Ecclesias,
791 2211 990 2265 easque
1020 2198 1319 2266 praesertim
1344 2213 1465 2268 qua:
1485 2198 1552 2253 ad
1578 2199 1926 2259 Mareotidem
1954 2206 2034 2259 la—

441 2302 568 2340 cum
607 2287 727 2342 sitae
761 2295 925 2349 sunt,
968 2288 1229 2344 invisere.
1282 2287 1448 2347 Forte
1482 2290 1652 2360 igitur
1688 2297 2038 2365 congregatis

446 2375 779 2443 Heletianis,
804 2378 1074 2436 diaconus
1101 2379 1323 2451 quidem
1353 2398 1421 2438 ex
1450 2384 1739 2441 Athanasii
1770 2386 2035 2442 comitatu

443 2485 569 2523 eum
605 2469 937 2539 quibusdam
970 2470 1038 2527 de
1062 2473 1284 2543 populo,
1316 2481 1378 2529 ut
1407 2473 1552 2531 fama
1581 2486 1687 2542 est,
1722 2477 2040 2548 irrumpens

450 2557 736 2615 candelam
799 2560 941 2633 (vas
979 2561 1114 2618 illud
1164 2562 1478 2635 quoddam)
1533 2568 1840 2638 confregit,
1893 2571 2042 2627 unde

442 2649 688 2721 jurgium
739 2668 803 2706 ac.
842 2668 1022 2725 pugna
1071 2656 1324 2711 conﬂata.
1377 2656 1517 2714 llinc
1562 2659 1828 2718 adversus
1872 2663 2044 2718 Atha-

450 2742 668 2797 nasium
725 2743 955 2798 occultae
1003 2744 1321 2802 molitiones
1360 2745 1691 2820 fraudesque
1733 2753 2041 2818 concitata),

452 2824 845 2887 accusantibus
904 2832 1247 2900 Meletianis,
1303 2843 1357 2892 et
1405 2839 1912 2912 calumniantibus,
1975 2860 2042 2902 ac

452 2920 687 2975 conﬁcta
718 2922 967 2992 quaedam
1015 2924 1436 2995 objicientibus,
1476 2931 1701 2987 Ariauis
1749 2950 1878 2992 vero
1913 2936 2049 2991 alla-

453 3014 783 3073 borantibus
814 3023 868 3071 et
906 3018 1137 3074 consilia
1182 3023 1722 3083 communicantibus
1745 3070 1760 3095 ,
1822 3038 2050 3101 propter

456 3104 680 3161 insitam
725 3106 781 3160 in
824 3107 1186 3165 orthodoxam
1238 3110 1399 3169 ﬁdem
1439 3113 1726 3172 invidiam.
1777 3118 1925 3192 Ergo
1968 3121 2047 3177 illi

2133 2000 2489 2073 Μελητιανῶν
2512 2001 2607 2055 καὶ
2634 2001 2738 2073 τῆς
2767 2001 3062 2073 καθολικῆς
3094 2000 3459 2074 Ἐκκλησίας.
3496 1998 3727 2065 Ἕπειθε.

2136 2092 2462 2165 παρεκάλει,
2492 2094 2586 2147 καὶ
2616 2094 2717 2148 οὐκ
2745 2092 3050 2165 ἠνείχοντο·
3090 2092 3438 2163 ἠνάγκαζεν,
3472 2092 3728 2158 ἐϐιάζετο.

2148 2187 2648 2259 Ἐπισκεπτόμενος
2675 2187 2733 2242 δὲ
2780 2187 3041 2251 πολλάκις
3067 2186 3281 2256 ἐγίνετο
3321 2186 3430 2251 τὰς
3479 2185 3731 2254 σύνεγγυς

2150 2278 2499 2350 Ἐκκλησίας,
2536 2278 2771 2351 μάλιστα
2800 2278 2899 2344 τὰς
2931 2277 3075 2333 κατὰ
3101 2277 3193 2332 τὸν
3217 2276 3591 2350 Μαραιὼτην.
3633 2273 3731 2329 Καὶ

2140 2371 2273 2425 ποτὲ
2322 2370 2681 2444 Μελητιανῶν
2712 2371 3053 2441 συναγόντων
3100 2371 3330 2441 γέγονεν
3361 2371 3431 2424 ὲκ
3476 2368 3573 2423 τοῦ
3606 2366 3730 2436 πλή-

2140 2462 2268 2527 θους
2308 2461 2404 2517 τοῦ
2446 2462 2585 2534 μετὰ
2625 2462 2942 2517 ’Δθανάσιον
2975 2464 2992 2495 ¹
3019 2462 3269 2518 διάκονόν
3323 2479 3458 2517 τινα
3497 2457 3730 2515 ἐπεισελ-

2143 2552 2326 2616 θόντα,
2366 2551 2506 2623 μετὰ
2557 2552 2652 2606 καί
2689 2570 2851 2607 τινων
2879 2551 2988 2606 τῶν
3019 2552 3129 2607 ἀπὸ
3171 2552 3269 2607 τοῦ
3312 2552 3455 2609 λαοῦ
3485 2549 3729 2616 κατεάξαι

2145 2643 2413 2715 κανδῆλαν
2437 2642 2570 2715 (60),
2599 2645 2676 2709 ὡς
2707 2643 2821 2716 ἔχει
2850 2647 2879 2699 ὁ
2911 2644 3088 2714 λόγος,
3122 2644 3218 2699 καὶ
3253 2646 3451 2718 μάχην
3470 2641 3726 2714 γενέσθαι.

2116 2802 2127 2807 ε
2157 2736 2439 2791 Ἐντεῦθεν
2472 2738 2506 2810 ή
2540 2738 2682 2793 κατὰ
2733 2737 3049 2792 Ἀθανασίου
3099 2738 3345 2809 συσκευὴ
3388 2738 3605 2808 γέγονε,
3634 2734 3729 2788 τῶν

2147 2829 2504 2901 Μελ-ητιανῶν
2547 2828 3046 2901 κατηγορησάντων
3083 2828 3177 2883 καὶ
3210 2826 3729 2899 συκοφαντησάντων

2149 2921 2334 2985 αὐτὸν,
2369 2921 2532 2993 ἔτερα
2566 2920 2686 2975 ἀνθ’
2713 2920 2937 2992 ἑτέρων,
2985 2919 3283 2993 Ἀρειανῶν
3322 2921 3385 2975 δὲ
3417 2931 3729 2973 συνεσκευαο

2153 3014 2387 3084 σμὲνων,
2421 3013 2515 3066 καὶ
2543 3013 2937 3067 συνεπιδόντων
2966 3012 3213 3077 ἑαυτοὺς,
3238 3012 3334 3068 διὰ
3366 3011 3462 3067 τὸν
3487 3009 3620 3081 πρὸς
3645 3007 3726 3075 τὴν

2152 3104 2315 3174 ἁγίαν
2346 3103 2481 3158 Θεοῦ
2513 3105 2698 3158 πίστιν
2731 3105 2825 3158 καὶ
2871 3102 3177 3176 ὀρθοδοξίαν
3210 3104 3435 3175 φθόνον.
3470 3102 3582 3159 Καὶ
3610 3102 3728 3155 ἀνι-

459 3212 573 3252 rem
609 3198 677 3253 ad
726 3199 1114 3269 imperatorem
1157 3202 1581 3264 Constantinum
1613 3186 1906 3269 deferunt:
1945 3231 2035 3271 cu-

2156 3195 2459 3251 κοινοῦνται
2486 3196 2566 3267 τῷ
2594 3196 2808 3268 βασιλεῖ
2838 3197 3252 3269 Κωνσταντίνῳ.
3285 3196 3555 3259 Εὐσέὄιος
3586 3194 3639 3248 δὲ
3668 3186 3727 3262 ἦν

456 3285 550 3356 jus
578 3289 746 3345 totius
772 3289 1025 3350 factionis
1052 3292 1380 3353 administer
1431 3313 1497 3355 ac
1536 3303 1757 3361 satelles
1787 3303 2044 3363 Nicome-

368 3394 375 3399 ί
460 3379 670 3435 diensis
699 3380 971 3441 Eusebius
1007 3386 1131 3452 fuit,
1161 3402 1225 3443 ac
1259 3404 1414 3446 noxae
1441 3392 1587 3451 illius
1621 3396 1803 3454 omnis
1824 3398 2046 3466 artifex.

462 3486 583 3541 quae
620 3471 882 3531 Ecclesiae
926 3479 1131 3546 pariter
1179 3489 1234 3535 et
1282 3479 1588 3541 Athanasio
1618 3501 1771 3558 papa:
1819 3490 1891 3545 ab
1940 3491 2049 3549 illis

461 3568 546 3617 est
575 3564 843 3619 conscita.
878 3565 1247 3627 Accusatores
1293 3571 1478 3644 itaque
1528 3574 1917 3646 imperatorem
1960 3581 2052 3636 ad-

461 3661 654 3707 euntes
683 3669 779 3710 vas
807 3657 1083 3725 quoddam
1111 3667 1173 3713 ut
1214 3676 1376 3717 usum
1412 3663 1723 3721 divinorum
1758 3671 2053 3741 mysterio-

462 3754 586 3793 rum
621 3739 856 3796 l‘ractum
890 3744 1251 3813 objiciebant.
1282 3750 1430 3820 quod
1456 3752 1776 3824 candelam,
1806 3739 1866 3811 ut
1905 3758 2050 3814 dixi-

462 3846 611 3896 mus,
641 3835 985 3917 appellavere
1017 3840 1287 3895 nonnulli.
1314 3840 1457 3908 Quin
1488 3853 1542 3900 et
1576 3845 1644 3902 de
1676 3847 1799 3904 aliis
1831 3863 2053 3920 quoque

461 3910 791 3980 criminibus
866 3937 1233 3996 accusarunt,
1304 3940 1358 3987 et
1408 3933 1464 3988 in
1505 3935 1697 4004 primis
1756 3910 2048 3997 Arsenium

461 4014 754 4084 quemdam
786 4014 1106 4075 Mareotidis
1140 4021 1524 4093 presbyterum
1554 4026 1623 4082 ab
1650 4042 1718 4084 eo
1745 4012 2049 4100 pulsatum,

462 4104 628 4176 cujus
665 4122 887 4162 manum
942 4111 1011 4165 ab
1060 4114 1345 4171 Athanasii
1391 4115 1605 4176 faulore
1656 4122 1891 4192 populo,
1934 4123 2053 4181 sive

458 4201 696 4272 ipsemet
739 4204 925 4273 potius
964 4205 1288 4276 Athanasio,
1333 4210 1643 4281 pr'ecisam,
1691 4228 1853 4284 quam
1883 4216 2050 4271 etiam

459 4293 528 4347 ad
562 4295 884 4349 comitatum
936 4295 1080 4351 intra
1125 4300 1368 4355 arculam
1399 4307 1633 4356 delatam
1672 4306 2045 4361 ostentabant.

539 4378 668 4438 Vill.
691 4381 786 4437 llis
805 4384 1030 4450 auditis,
1050 4385 1346 4458 imperator
1358 4391 1709 4449 vehementer
1730 4398 2048 4462 excanduit,

457 4487 583 4526 cum
618 4472 805 4527 divino
844 4475 1080 4544 quodam
1125 4479 1241 4534 zelo
1290 4481 1552 4550 majorem
1605 4483 1659 4538 in
1693 4487 1913 4543 modum
1955 4488 2050 4543 lla-

2150 3293 2180 3345 ό
2211 3288 2607 3363 προειρημένος
2625 3288 2726 3361 τῆς
2750 3289 3115 3363 Νικομηδείας
3138 3290 3167 3344 ὁ
3190 3289 3474 3361 ὑπουργὸς
3501 3286 3593 3341 τοῦ
3616 3301 3728 3339 παν-

2148 3381 2242 3446 τὸς
2273 3381 2454 3436 αὐτῶν
2504 3381 2869 3453 συστήματος,
2898 3382 2992 3435 καὶ
3039 3383 3426 3453 συσκευαστὴς
3469 3379 3567 3450 τῆς
3602 3374 3724 3432 κατὰ

2148 3471 2251 3543 τὴν
2292 3471 2620 3544 Ἐκκλησίαν
2651 3488 2713 3525 τε
2762 3472 2858 3526 καὶ
2893 3471 2986 3528 τὸν
3025 3472 3213 3528 πάπαν
3270 3472 3595 3528 Ἀθανάσιον
3621 3467 3726 3538 βλά-

2153 3566 2274 3638 ϐης.
2308 3568 2371 3622 Oi
2395 3567 2691 3639 κατήγοροι
2721 3564 2817 3622 οὖν
2841 3568 3145 3640 προσῆλθον
3172 3569 3251 3640 τῷ
3281 3568 3520 3640 βασιλεῖ,
3550 3560 3721 3624 σκεῦός

2151 3674 2206 3711 τι
2249 3658 2565 3732 μυστηρίων
2615 3658 2867 3729 λέγοντες
2900 3654 3063 3724 εἶναι,
3101 3659 3240 3732 ὅπερ
3291 3658 3565 3731 κανδῆλαν
3596 3650 3721 3713 τινὲς

2152 3747 2383 3820 ἔφασαν,
2411 3751 2478 3823 ἢν
2512 3755 2793 3823 προεῖπον.
2828 3751 2995 3806 Ἀλλα
3032 3750 3091 3806 τέ
3119 3768 3243 3806 τινα
3276 3750 3614 3824 κατηγόρουν
3636 3742 3721 3812 (μί’

2156 3860 2378 3908 σκοντες
2408 3843 2779 3917 πρεσϐύτερόν
2811 3862 2932 3900 τινα
2963 3843 3060 3898 τοῦ
3096 3843 3434 3918 Μαραιώτου
3472 3837 3720 3913 ’Λρσένιον

2153 3936 2547 4009 τετυπτῆσθαι,
2578 3939 2770 3993 τούτου
2803 3938 2857 3992 δὲ
2903 3937 3001 4009 τὴν
3027 3940 3187 4010 χεῖρα
3218 3938 3469 4011 μαχαίρᾳ
3493 3932 3593 3989 ὑπὸ
3625 3929 3719 3983 τῶν

2151 4032 2248 4087 τοῦ
2320 4030 2640 4085 Ἀθανασίου
2686 4030 2854 4098 λαῶν,
2912 4030 3092 4085 είτουν
3144 4030 3312 4085 αὐτοῦ
3386 4022 3716 4084 ’Δθανασίου,

2151 4123 2476 4196 τετμῆσθαι.
2527 4122 2889 4197 Ἐπεφέροντο
2916 4122 3024 4194 γὰρ
3052 4122 3148 4176 καὶ
3181 4125 3341 4196 χεῖρα
3374 4125 3435 4177 ὲν
3459 4119 3537 4191 τῷ
3564 4130 3716 4186 κομη-

2151 4217 2322 4289 τάτῳ,
2351 4217 2446 4271 καὶ
2475 4215 2841 4283 ἐπεδείκνυον,
2868 4215 2993 4287 ἥτις
3017 4210 3085 4287 ἦν
3113 4217 3171 4269 ὲν
3203 4212 3600 4286 γλωσσοκόμῳι.

2228 4387 2311 4441 H'.
2350 4385 2536 4442 Ταῦτα
2557 4388 2586 4440 ὁ
2613 4386 2863 4457 βασιλεὺς
2885 4385 3148 4451 ἀκούσας,
3181 4385 3397 4456 αἴρεται
3424 4385 3521 4453 μὲν
3545 4374 3708 4449 θυμῷ’

2156 4476 2269 4550 εἶχε
2315 4478 2425 4551 γὰρ
2485 4477 2644 4550 ζῆλον
2684 4478 2862 4533 θεῖκδν
2903 4481 2932 4533 ό
2970 4477 3310 4551 μακαρίτηςο
3357 4478 3420 4531 ού
3469 4475 3571 4548 μὴν
3592 4468 3707 4542 ᾔδειν

458 4571 665 4632 graret,
694 4579 796 4619 nec
822 4564 950 4620 illos
984 4567 1420 4627 calumniatores
1455 4587 1579 4628 esse
1603 4574 1820 4639 'nosset,
1854 4587 1950 4632 aut
1979 4594 2041 4635 eo

2150 4572 2231 4625 ὅτι
2255 4570 2589 4639 συκοφάνται
2608 4565 2768 4642 ἦσαν,
2790 4570 2856 4624 δι’
2872 4569 2931 4624 ὃν
2950 4572 3213 4643 προεῖπον
3228 4569 3388 4641 ζῆλον
3401 4568 3506 4623 τῶν
3534 4564 3710 4632 ’Δρειῶ

459 4652 628 4707 livore
655 4651 806 4718 ferri,
841 4671 1003 4725 quem
1032 4657 1267 4715 Arianos
1297 4660 1560 4720 adversus
1586 4665 1859 4723 sinceram
1892 4668 2052 4724 {idem
2086 4721 2093 4727 .

459 4745 771 4814 suscepisse
812 4746 1074 4803 diximus.
1124 4747 1296 4819 Igitur
1329 4750 1458 4823 Tyri
1501 4754 1555 4809 in
1617 4753 1880 4815 thnice
1920 4776 2053 4815 con-

459 4835 647 4889 vocari
698 4830 967 4908 synodum
1006 4838 1182 4909 jubet,
1215 4842 1378 4913 eique
1404 4844 1616 4913 judicio
1648 4863 1885 4919 praeesse
1925 4866 2053 4905 cum

461 4923 585 4978 aliis
616 4927 897 4982 nonnullis
941 4928 1336 4989 Caesariensem
1371 4932 1694 5002 Eusebium,
1725 4940 1820 5010 qui
1856 4956 2051 4997 omnes

463 5013 519 5068 in
570 5013 901 5069 Arianorum
963 5017 1350 5077 inanissimum
1405 5025 1604 5095 dogma
1662 5031 2050 5099 propensiores

460 5114 640 5159 erant.
693 5104 830 5159 Cum
867 5107 954 5162 his
983 5126 1046 5163 ex
1088 5114 1357 5171 catholica
1394 5116 1616 5190 [Egypti
1665 5119 1909 5177 Ecclesia
1935 5163 1951 5187 ,
1994 5131 2051 5178 et

461 5196 768 5251 Athanasio
797 5197 1065 5268 subjecta,
1091 5205 1333 5276 episcopi
1360 5210 1584 5278 quidam
1615 5213 1864 5268 advocati
1891 5224 2044 5279 sunt,

464 5289 711 5361 primarii
747 5289 973 5361 quidem
1019 5308 1083 5347 ac
1112 5307 1437 5365 prastantes
1465 5302 1605 5368 viri,
1640 5314 1803 5375 atque
1833 5308 2049 5379 egregia

535 5443 556 5477 ⁸
588 5443 718 5502 Cor.
762 5445 1106 5503 Ἀθανασίου.
1183 5451 1204 5482 ¹
1235 5452 1363 5507 Cor.
1393 5457 1869 5545 προσκεκλιμένοι.

542 5627 652 5707 ζβθ)
688 5634 752 5685 Ol
780 5630 1615 5707 stag-52_Me.lrjnor._hleletiauos
1633 5634 1926 5707 episcopos
1957 5635 2013 5691 in

462 5698 679 5772 t_ellige,_
709 5716 816 5772 non
856 5701 1154 5761 Heli-tium.
1194 5704 1286 5770 qui
1327 5705 1437 5772 jam
1477 5720 1509 5759 e
1536 5698 1685 5760 vivis
1710 5698 2043 5762 excesserat.
2080 5726 2095 5735 ί

464 5765 754 5890 Βρέιυῇιιε
775 5770 1018 5825 historiae
1053 5765 1342 5831 mendacio
1363 5778 1431 5831 ad
1465 5782 1784 5845 sequentem
1813 5776 2047 5833 haeresin

524 5849 574 5889 CI
607 5850 689 5888 ur.

524 5849 689 5889 ειιυτ.

2155 4661 2263 4715 νῶν
2296 4662 2438 4716 κατὰ
2462 4662 2560 4732 τῆς
2587 4660 2917 4734 ὁρθοδοξὶας.
2950 4660 3180 4716 Κελεύει
3206 4661 3264 4716 δὲ
3301 4653 3709 4733 συγκροτηθῆναι

2158 4753 2375 4809 σύνοδον
2405 4753 2548 4809 κατὰ
2577 4755 2677 4827 τὴν
2708 4756 2964 4827 Φοινίκην
2991 4756 3049 4809 ὲν
3087 4753 3251 4826 Τύρῳ
3280 4757 3348 4826 τῇ
3376 4752 3541 4808 πόλει.
3575 4741 3705 4800 Ἐχέ-

2154 4846 2313 4899 λευσε
2339 4846 2399 4899 δὲ
2432 4846 2678 4912 δικάζειν
2708 4845 2970 4901 Εὐσέϐιον
2986 4846 3079 4901 τὸν
3110 4846 3467 4917 Καισαρείας.
3510 4837 3597 4895 καὶ
3628 4832 3707 4888 άλ-

2154 4936 2279 5001 λους
2304 4937 2478 5001 τινάς.
2507 4932 2688 4992 ’Ἦσαν
2728 4937 2786 4991 δὲ
2819 4937 3292 5010 ⁸ξιροσκεκλημένοι
3320 4939 3341 4969 ⁸
3370 4930 3510 4992 οὗτοι
3548 4922 3704 4983 ποσῶς

2160 5032 2361 5102 μᾶλλον
2395 5034 2461 5104 τῇ
2493 5031 2602 5086 τῶν
2647 5032 2941 5105 ’Δρειανῶν
2987 5030 3331 5103 χυδαιολογίᾳ
3351 5049 3365 5062 °
3394 5028 3485 5083 καὶ
3511 5014 3708 5105 ἐκλήθη·

2159 5100 2258 5175 σαν
2288 5100 2580 5175 ἐπίσκοποι
2601 5100 3020 5194 τῆςᾏίγύπτου
3039 5122 3141 5192 τῆς
3169 5100 3479 5190 καθολικῆς,
3507 5110 3591 5167 καὶ
3616 5100 3703 5159 ὺπδ

2169 5204 2482 5272 Ἀθανάσιον
2508 5216 2814 5289 ἀκρὲμονές
2838 5233 2984 5281 τινες
3035 5216 3230 5289 ἄνδρες
3256 5216 3349 5271 καὶ
3381 5211 3602 5285 μείζους.
3623 5195 3703 5252 καὶ

2157 5309 2215 5362 ἐν
2242 5308 2362 5379 Θεῷ
2394 5309 2610 5381 ἔχοντες
2634 5309 2870 5380 διαφανῆ
2897 5308 2990 5363 τὸν
3024 5308 3172 5381 βίον)
3207 5312 3264 5364 ὲν
3297 5304 3375 5373 οἷς
3402 5299 3471 5375 ἦν
3492 5303 3518 5354 ὁ
3549 5305 3698 5370 μακε·

2230 5635 2344 5704 (60)
2377 5635 2671 5701 Κατεάξαι
2719 5632 3055 5703 ωνῦᾔλαν.
3111 5638 3372 5705 Quaenam
3422 5652 3480 5696 ea
3514 5643 3606 5688 vox
3636 5621 3696 5705 ξὶί
3776 5670 3781 5681 .

2155 5692 2718 5785 remeaverat
2752 5692 3446 5785 ςενιῦιιίίέεεῗῖυξέῐρῖον’
3473 5692 3691 5785 μυσῖιὲὲν

2157 5778 2352 5903 ἓιέἰεῗρ.
2387 5775 2523 5835 Vide
2550 5775 2752 5833 Athan.
2777 5778 2960 5847 ipsum
3004 5782 3059 5838 in
3093 5782 3269 5853 Apol.,
3291 5775 3688 5841 'Tlieodoretuul.

2238 5862 2269 5901 a
2295 5862 2398 5903 los.
