3994 6420
236 407 355 467 197

854 404 1228 462 ADVERSUS
1266 401 1609 461 HIERESES
1647 401 1777 459 LIB.
1814 401 1880 458 ll.
1919 402 2086 461 TOM.
2127 402 2191 460 11.
2216 437 2282 446 -
2311 403 2582 463 11ΑΞΒΕ8.
2627 404 2861 463 LXVIII.

3429 407 3532 467 198

238 521 405 592 ρίτης
435 518 705 592 Ποτᾶμων
741 521 770 575 6
809 521 1003 594 μέγας,
1040 524 1069 575 6
1098 522 1198 591 τῆς
1242 519 1569 593 Ἡρακλείας
1615 520 1838 574 ἐπίσκο-

1943 520 2066 577 vitm
2094 521 2387 577 sanctitate
2413 529 2467 576 et
2494 521 2759 593 religione
2796 522 3031 595 prirditi,
3065 523 3207 579 inter
3235 537 3375 594 quos
3411 523 3531 581 feli-

212 630 352 676 ,πος
384 613 479 666 καὶ
518 612 859 683 ὁμολογητής
878 628 893 644 ’
918 612 1055 667 ἀλλὰ
1094 615 1188 667 καὶ
1219 613 1271 666 oi
1312 611 1423 665 τῶν
1457 611 1833 683 Μελητιανῶν,

240 704 486 775 μάλιστα
522 704 569 756 οί
602 703 698 757 τοῦ
740 702 1059 758 Ἀθανασίου
1088 702 1542 774 κατηγοροῦντες.
1581 702 1838 773 Ζηλωτὴς

236 796 300 851 δὲ
334 796 410 849 ὣν
443 795 583 868 ὑπὲρ
613 795 875 866 ἀληθείας
902 796 996 849 καὶ
1035 795 1343 867 ὀρθοδοξίας
1373 798 1402 849 6
1439 794 1838 868 προειρημένος

238 888 518 958 Ποτάμων
550 888 578 941 6
604 887 946 958 μακαρίτης,
979 886 1471 958 ἐλευθεροστομῶν,
1499 887 1558 951 ὃς
1584 886 1838 940 οὐδέποτε

237 978 439 1048 εἴληφε
492 976 782 1047 πρόσωπόν
833 993 1009 1039 τινος’
1055 974 1148 1028 τὸν
1200 975 1479 1047 ὀφθαλμὸν
1507 976 1617 1048 γὰρ
1668 978 1727 1029 ἐν
1758 974 1839 1045 τῷ

238 1066 473 1138 διωγμῷ
509 1066 598 1119 διά
629 1065 728 1138 τὴν
773 1065 1028 1137 ἀλήθειαν
1075 1065 1395 1138 ἐτυφλώθηο
1439 1066 1703 1138 ἑωρακὼς
1743 1066 1838 1120 τὸν

243 1159 510 1214 Εὐσέὸιον
541 1157 905 1229 καθεζόμενον
937 1157 1030 1211 καὶ
1051 1156 1360 1223 δικάζοντα,
1392 1158 1487 1212 καὶ
1523 1156 1837 1211 Ἀθανάσιον

240 1252 482 1318 ἑστῶτα,
528 1249 929 1321 καταπονηθεὶς
965 1252 1032 1321 τῇ
1074 1251 1242 1322 λύπῃ,
1277 1249 1371 1304 καὶ
1412 1248 1713 1322 δακρύσας,
1749 1243 1839 1302 οἶα

240 1345 456 1414 γίνεται
502 1343 651 1414 παρά
688 1343 802 1405 τοῖς
850 1340 1128 1413 ἀληθέσιν,
1175 1341 1499 1395 ἀπετείνατο
1548 1342 1702 1411 φωνῇ
1740 1357 1837 1410 με·

240 1436 388 1507 γάλη
420 1432 663 1505 Εύσεϐίῳ
686 1432 859 1502 λέγων
878 1449 891 1462 ·
918 1433 991 1485 Σὺ
1015 1430 1243 1505 καθέζῃ,
1270 1430 1521 1494 Εύσέὸιε,
1554 1430 1649 1485 καὶ
1687 1430 1840 1483 Ἀθα·

238 1529 434 1591 νάσιος
465 1525 642 1590 ἀθῶος
673 1524 750 1593 ᾣν
779 1523 930 1596 παρά
957 1520 1052 1578 σοῦ
1097 1524 1376 1597 κρίνεται;
1402 1522 1498 1587 Τίς
1525 1522 1738 1591 ἐνέγκοι
1770 1521 1839 1574 τά

240 1620 499 1684 τοιαῦτα;
536 1617 677 1687 Λέγε
713 1617 771 1671 δέ
816 1632 908 1687 μοι
954 1615 1040 1681 σὺ,
1090 1615 1151 1668 οὐ
1188 1616 1288 1669 σὺν
1320 1615 1444 1686 ἐμοὶ
1475 1609 1619 1687 ἦσθα
1669 1615 1726 1668 ἐν
1767 1615 1837 1686 τῇ

241 1711 463 1782 φυλακῇ
498 1709 590 1764 ἐπὶ
619 1707 714 1762 τοῦ
742 1707 1016 1779 διωγμοῦ;
1049 1706 1223 1789 Κάγὼ
1266 1709 1364 1779 μὲν
1393 1706 1672 1779 ὀφθαλμὸν
1725 1707 1835 1761 ἀπ⁴

241 1800 522 1871 εὸαλὸμην
546 1798 687 1869 ὑπὲρ
723 1795 980 1868 ἀληθείας
1000 1809 1014 1826 °
1046 1797 1112 1851 σὺ
1151 1795 1208 1850 δὲ
1251 1794 1375 1849 οὗτε
1407 1795 1575 1868 φαίνῃ
1600 1793 1839 1867 λελωϐη-

1939 612 2021 669 cis
2068 614 2348 669 memoriae
2402 628 2637 685 magnus
2685 615 2776 671 ille
2826 614 3054 671 Potamo
3102 616 3209 671 fuit
3254 614 3533 672 Heraclea!

1938 705 2230 776 cpiscopus
2265 713 2319 760 et
2353 704 2665 761 confessor.
2694 705 2941 761 Aderant
2972 715 3027 763 et
3054 703 3331 763 Meletiani
3357 705 3533 762 Athao

1938 798 2077 853 nasii
2106 798 2412 867 praesertim
2444 804 2822 853 accusatores.
2857 800 2924 852 At
2956 799 3149 855 beatus
3181 798 3414 853 Potamo
3434 813 3534 852 ve-

1937 889 2118 946 ritatis
2156 904 2222 943 ac
2258 897 2425 945 rectae
2475 888 2597 945 ﬁdei
2652 888 2850 945 ardore
2893 899 3157 957 aestuans,
3192 891 3278 944 vir
3314 903 3538 946 summa

1938 975 2200 1047 loquendi
2237 976 2514 1043 libertate,
2549 977 2851 1049 quinullis
2882 993 3125 1049 unquam
3158 994 3409 1049 personae
3444 994 3536 1032 ra«

1936 1069 2144 1123 tionem
2170 1069 2463 1132 habuerat,
2499 1079 2554 1125 et
2603 1084 2703 1142 pro
2728 1070 2983 1125 veritatis
3010 1069 3363 1126 confessione
3400 1069 3536 1125 alte--

1938 1175 2060 1213 rum
2091 1159 2147 1214 in
2176 1160 2559 1231 persecutione
2588 1161 2817 1216 oculum
2842 1152 3121 1224 amiserat,
3155 1161 3205 1216 is
3232 1159 3537 1216 Eusebium

1947 1248 2228 1305 sedentem
2298 1257 2355 1305 et
2410 1249 2754 1321 judicantcm
2775 1289 2792 1317 ,
2864 1258 3103 1307 stantem
3172 1250 3337 1324 725
3402 1266 3535 1306 vero

1938 1340 2303 1397 Athanasium
2352 1342 2711 1413 conspicatus
2738 1343 2930 1400 dolore
2960 1342 3251 1399 confectus
3273 1385 3287 1410 ,
3323 1351 3377 1398 et
3409 1342 3532 1398 illa-
3609 1338 3619 1346 ’

1939 1446 2229 1503 crymans,
2275 1432 2584 1502 cuiusmodi
2634 1433 2870 1489 sinceris
2916 1433 3195 1490 mentibus
3239 1433 3536 1503 usuvenire

1940 1523 2099 1579 solet.
2139 1537 2336 1594 magna
2366 1538 2501 1579 voce
2523 1524 2789 1580 adversus
2819 1524 3112 1581 Eusebium
3141 1524 3392 1581 invectus
3421 1531 3528 1580 est.
3628 1568 3637 1571 -

1938 1613 2039 1679 Et,
2087 1612 2255 1681 Tene,
2306 1614 2502 1686 inquit,
2552 1614 2775 1683 Eusebi,
2830 1614 3022 1672 sedere
3080 1623 3135 1671 et
3173 1615 3523 1670 innocentem

1938 1704 2300 1760 Athanasium
2333 1720 2362 1758 a
2395 1712 2449 1760 te
2473 1705 2751 1776 iudicari?
2781 1703 2918 1772 Quis
2953 1706 3057 1762 ista
3088 1706 3364 1761 sustinere
3389 1719 3521 1774 pos-

1940 1797 2048 1851 sit?
2081 1795 2214 1866 Dic,
2254 1796 2440 1862 sodes,
2478 1812 2665 1853 nonne
2696 1812 2913 1854 mecum
2949 1798 3353 1869 persecutionis
3391 1805 3534 1852 tem-

242 1892 411 1963 μένον
453 1909 508 1945 τι
554 1890 692 1961 ἔχων
733 1890 791 1943 ἐν
838 1889 918 1961 τῷ
958 1887 1197 1960 σώματι,
1234 1886 1359 1942 οὔτε
1409 1887 1837 1960 ἐμαρτύρησας·

1943 1905 2074 1963 pore
2105 1892 2161 1947 in
2193 1891 2445 1947 custodia
2498 1891 2690 1950 fuisti?
2720 1893 2899 1964 Atque
2927 1907 3030 1964 ego
3056 1892 3276 1963 quidem
3308 1891 3534 1947 oculum

239 1981 384 2036 ἀλλὰ
433 1981 669 2051 ἕστηκας
729 1977 841 2044 ζῶν
895 1980 1064 2052 μηδὲν
1116 1979 1661 2053 ἠκρωτηριασμένος.
1710 1978 1838 2040 Πῶς

239 2072 602 2144 ἀνεχώρησας
647 2071 756 2126 ἀπὸ
804 2072 905 2144 τῆς
950 2070 1219 2141 φυλακῆς,
1250 2072 1300 2125 εί
1351 2071 1427 2144 μὴ
1473 2071 1557 2126 ὅτι
1600 2052 1843 2141 ὑπέσχου

238 2167 359 2228 τοῖς
396 2162 497 2236 τὴν
528 2163 772 2233 ἀνάγκην
806 2160 900 2216 τοῦ
947 2160 1189 2232 διωγμοῦ
1235 2162 1370 2233 ἡμῖν
1411 2161 1738 2230 ἐπενέγκασι
1777 2160 1842 2216 τὺ

239 2254 506 2326 ἀθέμιτον
534 2252 760 2325 πρᾶξαι,
795 2252 828 2324 ἢ
860 2250 1142 2325 ἐπραξας;
1173 2251 1360 2306 Ταῦτα
1390 2251 1632 2315 ἀκούσας
1667 2251 1841 2305 Εὐσέ-

240 2343 384 2409 ϐιος,
417 2342 632 2416 αἴρεται
668 2342 767 2413 μὲν
806 2342 885 2406 είς
915 2341 1308 2413 ἀγανάκτησιν,
1337 2341 1433 2395 καὶ
1457 2341 1693 2405 ἀναστὰς
1733 2341 1843 2395 διέ-

240 2435 376 2489 λυσε
400 2435 465 2488 τὸ
496 2433 865 2505 δικαστήριον,
891 2432 1083 2502 λέγων,
1118 2435 1201 2488 ὅτι
1234 2435 1299 2487 El
1351 2432 1585 2487 ἐνταῦθα
1629 2434 1839 2505 ἧλθετε,

239 2528 342 2582 καὶ
373 2527 513 2597 πρὸς
548 2527 693 2598 ἡμᾶς
719 2527 787 2580 τά
820 2526 1044 2581 τοιαῦτα
1081 2526 1413 2595 ἀντιλέγετε,
1439 2526 1549 2598 ἄρα
1580 2522 1672 2581 οὗν
1700 2527 1839 2599 ἀλη-

239 2621 498 2675 θεύουσιν
523 2622 570 2673 οί
606 2620 903 2690 κατήγοροι
934 2618 1109 2690 ὑμῶν.
1140 2619 1202 2671 EE
1233 2617 1342 2691 γὰρ
1372 2612 1474 2672 ὧδε
1500 2620 1837 2689 τυραννεῖτε,

131 2713 146 2721 “
239 2711 428 2781 πολλῷ
464 2710 661 2781 μᾶλλον
690 2712 747 2763 ἐν
873 2709 1027 2781 ὑμῶν
1060 2708 1302 2779 πατρίδι.

1939 1996 2040 2051 pro
2067 1982 2298 2038 veritate
2337 1982 2590 2052 perdidi;
2626 1991 2683 2037 tu
2716 1982 2866 2038 nulla
2899 1983 3153 2053 corporis
3183 1988 3339 2052 parte
3372 1980 3536 2034 muti.

1941 2072 2086 2127 latus
2111 2085 2193 2137 es,
2227 2086 2408 2143 neque
2436 2074 2764 2144 martyrium
2801 2073 3043 2139 subiisti,
3077 2072 3172 2128 sed
3203 2073 3360 2127 vivus
3391 2072 3535 2127 inte-

1942 2179 2146 2235 gerque
2181 2165 2464 2221 consistis.
2494 2165 2743 2232 Quanam
2788 2167 3004 2222 ratione
3041 2181 3073 2221 e
3117 2165 3368 2220 custodia
3402 2178 3535 2218 evo-

1941 2256 2107 2323 lasti,
2158 2256 2267 2312 nisi
2317 2255 2466 2327 quod
2514 2257 2968 2330 persecutoribus
3003 2256 3215 2311 nostris
3257 2254 3535 2311 nefarium

1943 2346 2159 2405 facinus
2186 2346 2559 2403 admissurum
2590 2358 2642 2404 te
2675 2363 2801 2417 esse
2822 2347 3100 2418 recepisti,
3124 2346 3209 2403 vel
3241 2347 3404 2403 etiam
3435 2345 3536 2400 ad-

1943 2434 2194 2490 misisti?
2222 2436 2350 2491 Haac
2393 2435 2670 2493 Eusebius
2701 2437 2931 2493 audiens
2972 2450 3307 2508 magnopere
3336 2434 3536 2499 doluit,

1941 2535 1996 2583 et
2034 2535 2259 2598 repente
2291 2543 2526 2600 surgens
2557 2529 2855 2584 concilium
2898 2528 3139 2594 dimisit,
3171 2528 3356 2598 itaque
3385 2527 3538 2581 locu-

1940 2626 2031 2675 tus
2074 2627 2200 2675 est:
2243 2618 2299 2674 Si
2334 2621 2442 2675 huc
2491 2620 2816 2677 accedentes
2864 2624 3151 2691 tant‘opere
3200 2620 3362 2674 nobis
3399 2633 3539 2673 con-

1940 2710 2215 2768 tradicere
2260 2711 2495 2779 audetis,
2533 2729 2723 2770 verum
2764 2722 2848 2770 est
2902 2716 3154 2798 profecto
3179 2711 3327 2782 quod
3365 2706 3537 2765 vestri

244 2810 612 2858 accusatores
651 2801 938 2871 objiciunt.
979 2799 1117 2855 Nam
1144 2815 1268 2855 cum
1308 2799 1411 2855 hoc
1451 2799 1506 2854 in
1539 2799 1659 2855 loco
1685 2800 2026 2871 tyrannidem
2057 2801 2353 2872 quamdam
2406 2804 2732 2871 exerceatis,
2779 2803 2953 2859 multo
3004 2804 3058 2859 id
3097 2802 3274 2874 magis
3331 2800 3388 2854 in
3437 2812 3537 2869 pa-

239 2905 353 2958 tria
383 2912 567 2959 vestra
603 2901 804 2957 facitis.

315 2996 398 3051 8'.
435 2991 568 3048 Εἶτα
599 2993 955 3065 ἐπεχείρησεν
984 2990 1249 3055 Εὐσέϐιος
1284 2992 1378 3044 καὶ
1411 2990 1462 3043 οἱ
1495 2985 1836 3060 μετ’ραύτοῦο

2014 2980 2109 3038 ιχ.
2156 2980 2254 3038 His
2280 2982 2386 3039 hoc
2420 2984 2582 3039 modo
2614 2984 2925 3050 transactis,
2951 2984 3097 3040 aliud
3145 2984 3404 3055 quiddam
3429 2982 3543 3041 Eu-

243 3088 346 3142 καὶ
366 3085 757 3140 ἀποστέλλουσι
786 3083 878 3136 δύο
907 3082 1059 3147 τινὰς
1086 3082 1195 3136 τῶν
1232 3082 1341 3137 ἀπὸ
1371 3081 1678 3137 Παννονίων
1716 3081 1838 3132 ἐπι-

253 3178 471 3232 σκόπων
514 3177 583 3231 τὰ
632 3178 843 3248 Ἀρείου
888 3176 1239 3250 φρονοῦντας,
1290 3174 1594 3247 Ούρσάκιόν
1631 3189 1692 3225 τε
1743 3170 1838 3225 καὶ

258 3269 547 3335 Οὐάλεντα,
579 3271 661 3334 εἷς
689 3287 749 3323 τε
778 3270 878 3341 τὴν
918 3268 1327 3340 Ἀλεξάνδρειαν
1364 3266 1457 3320 καὶ
1485 3263 1837 3336 Μαραιώτην,

258 3362 388 3416 ἔνθα
416 3363 590 3432 ἔλεγον
621 3361 949 3435 γεγενῆσθαι
980 3361 1051 3415 τὰ
1081 3359 1457 3433 προειρημένα
1483 3357 1577 3412 τοῦ
1608 3357 1840 3419 σκεύους

252 3452 352 3508 καὶ
379 3452 485 3506 τῶν
516 3452 690 3507 ἄλλων
731 3451 1074 3523 πραγμάτων
1103 3450 1202 3520 τῆς
1241 3449 1440 3519 μάχης.
1477 3448 1541 3500 Oi
1584 3445 1641 3499 δέ
1673 3442 1842 3497 ἀπελ-

248 3546 439 3609 θόντες
482 3548 583 3600 οὐκ
625 3546 808 3598 ἐκεῖνα
866 3544 1172 3615 ἀνήνεγκαν
1219 3540 1320 3593 ὅσα
1360 3533 1428 3610 ῆν
1471 3536 1670 3608 ἀληθῆ,
1723 3532 1837 3589 ἀλλ’

246 3640 419 3711 ἕτερα
447 3637 562 3692 ἀνθ’
590 3637 792 3710 ἐτέρων
819 3634 1347 3707 παραχωρήσαντες,
1373 3629 1673 3701 ἐψεύσαντο
1691 3644 1706 3659 ’
1744 3626 1842 3681 καὶ

246 3730 699 3801 ἐσυκοφάντησαν
720 3728 811 3782 τὸν
839 3727 1146 3798 μακαρίτην
1160 3724 1348 3778 πάπαν
1380 3721 1718 3776 Ἀθανάσιον.
1734 3720 1844 3774 Κά-

248 3826 410 3880 κεῖνα
424 3823 481 3876 δὲ
496 3822 570 3886 ὡς
584 3820 758 3893 ἀληθῆ
778 3820 907 3874 ὄντα
922 3818 1260 3889 πλασάμενοι
1281 3815 1571 3886 ἐγγράφως
1587 3811 1844 3881 ἐνέγκαν-

249 3934 344 3980 τες
378 3916 644 3986 ἀνέφερον
685 3914 779 3968 ἐπὶ
816 3911 914 3985 τὴν
944 3910 1160 3965 σύνοδον
1187 3909 1277 3964 τὸν
1321 3907 1449 3981 περὶ
1472 3905 1731 3960 Εὑσέὸιον
1751 3903 1845 3957 καὶ

248 4008 380 4072 τοὺς
399 4007 415 4038 ¹
433 4006 625 4068 ἀλλους
640 4005 715 4070 ὡς
736 4002 1049 4076 εἰσύστερον
1066 4000 1272 4067 ἔδειξαν
1297 3996 1684 4072 μετανοοῦντες
1700 3996 1843 4065 Οὐρ-

254 4099 446 4162 σάκιος
465 4098 558 4152 καὶ
582 4096 816 4168 Οὐάλης,
854 4094 993 4165 μετά
1037 4092 1294 4147 λι6έλλων
1337 4088 1727 4163 προσελθόντες
1766 4087 1845 4159 τῷ

255 4190 543 4264 μακαρίτῃ
578 4187 779 4259 Ἰουλίῳ
829 4185 908 4258 τῷ
938 4185 1224 4256 ἐπισκόπῳ
1272 4180 1511 4254 Ῥώμης,
1566 4182 1847 4252 ὑπεραπο-

252 4282 576 4353 λσγούμενοι
604 4281 699 4334 τοῦ
729 4278 909 4335 αὐτῶν
936 4277 1282 4349 σφάλματος³
1314 4276 1397 4329 ὅτι
1444 4273 1873 4343 Ἐσυκοφαντήν

1950 3074 2137 3129 sebius
2175 3087 2301 3128 cum
2350 3075 2470 3131 suis
2524 3076 2862 3146 aggreditur.
2914 3073 3049 3128 Nam
3095 3075 3237 3131 duos
3271 3076 3541 3146 quosdam

1938 3158 2243 3217 Pannoniae
2311 3163 2594 3234 episcopis
2650 3163 2763 3219 Arii
2817 3163 3101 3229 asseclas,
3139 3161 3421 3219 Ursatium
3484 3173 3543 3220 et

1939 3250 2224 3308 Valentem
2256 3254 2653 3309 Alexandriam
2697 3263 2751 3309 et
2787 3254 2845 3308 in
2889 3252 3243 3309 Mareotidem
3289 3256 3540 3319 mittunt,

1941 3343 2036 3399 ubi
2077 3345 2392 3414 superiores
2426 3359 2619 3400 omnes
2682 3344 2807 3398 illas
2842 3345 3074 3410 turbas,
3122 3344 3417 3414 jurgiaque
3469 3347 3546 3400 ob

1940 3454 2038 3495 vas
2067 3439 2355 3503 violatum,
2391 3445 2446 3493 et
2499 3437 2605 3490 alia
2647 3436 2701 3491 id
2731 3451 2908 3507 genus
2943 3434 3218 3490 accidisse
3261 3451 3544 3492 memora-

1939 3529 2092 3585 bant.
2126 3528 2206 3583 llli
2240 3528 2516 3599 legatione
2546 3542 2650 3582 sua
2687 3526 2858 3582 functi
2888 3542 3004 3582 rem
3037 3541 3151 3582 non
3204 3527 3418 3582 sincere
3457 3528 3542 3583 uti

1944 3626 2004 3677 se
2047 3621 2335 3685 habuerat,
2380 3619 2474 3676 sed
2507 3618 2647 3675 falsa
2673 3619 2926 3690 quendam
2975 3626 3028 3673 et
3059 3618 3293 3672 conﬁcta
3325 3618 3545 3674 detule-

1943 3722 2109 3779 runt;
2141 3712 2313 3767 multa
2364 3712 2632 3766 adversus
2665 3711 2887 3766 beatum
2939 3723 3137 3779 papam
3174 3709 3543 3764 Athanasium

1946 3804 2176 3863 subdole
2207 3811 2262 3859 et
2290 3801 2634 3859 calumniose
2665 3800 2997 3867 commenti,
3030 3814 3153 3870 quae
3176 3799 3394 3868 quidem
3439 3813 3544 3868 pro

1945 3896 2094 3953 veris
2124 3903 2179 3952 et
2208 3893 2507 3965 compertis
2555 3892 2610 3948 in
2653 3899 2774 3946 acta
2814 3889 3122 3946 referentes
3178 3891 3232 3943 in
3271 3888 3545 3961 synodum

1946 3990 2014 4045 ad
2050 3988 2351 4045 Eusebium
2374 3995 2429 4043 et
2458 3985 2604 4041 alios
2633 3983 2910 4039 deferunt.
2950 3983 3011 4039 ld
3041 3982 3190 4054 quod
3240 3981 3446 4038 Ursatii
3486 3988 3545 4036 et

1945 4078 2199 4136 Valentis
2248 4076 2601 4133 confessione
2647 4084 2838 4146 postea
2876 4075 3218 4131 declaratum
3259 4082 3378 4139 est,
3414 4088 3544 4129 cum

1946 4156 2275 4240 ptenitentia
2321 4166 2474 4222 ducti
2525 4164 2675 4220 Julio
2723 4165 2974 4220 Romano
3029 4164 3277 4236 pontilici
3326 4163 3548 4219 libellos

1947 4262 2292 4327 obtulerunt,
2326 4258 2530 4329 quibus
2573 4273 2818 4314 errorem
2868 4272 3033 4313 suum
3080 4255 3541 4326 deprecabantur.

259 4346 439 4445 capax;
471 4374 564 4428 τὸν
604 4373 795 4427 πάπαν
832 4346 1184 4425 nemo...-
1221 4365 1361 4422 ἀλλά
1403 4365 1550 4432 δέξαι
1581 4366 1728 4436 ἡμᾶς
1762 4366 1841 4428 εἰς

1946 4352 2315 4416 Calumniam,
2345 4351 2691 4421 inquiebant,
2719 4359 2915 4405 contra
2949 4363 3147 4419 papam
3174 4346 3544 4401 Athanasium

253 4467 547 4523 κοινωνίαν
574 4466 668 4520 καὶ
696 4466 775 4530 είς
812 4464 1122 4536 μετάνοιαν.
1158 4461 1270 4515 Καὶ
1315 4459 1452 4531 πρὸς
1480 4458 1641 4512 αὐτὸν
1665 4456 1723 4510 δέ
1753 4456 1845 4510 τὸν

269 4560 586 4614 ’Δθανάσιον
616 4560 737 4623 ταῖς
766 4556 949 4611 αὐτῶν
973 4557 1275 4628 ἐχρήσαντο
1300 4551 1600 4625 ἐγγράφοις
1631 4550 1719 4604 διὰ
1745 4566 1845 4621 με-

256 4653 478 4715 τανοίας
512 4650 853 4705 συστάσεσιν.
900 4647 1166 4720 Ὀρῶντος
1202 4647 1259 4700 δὲ
1290 4644 1385 4698 τοῦ
1416 4643 1573 4697 πάπα
1618 4639 1847 4694 Ἀθανα-

259 4743 376 4797 σίου
403 4741 555 4804 ὄντος
582 4743 639 4794 ἐν
664 4743 731 4812 τῇ
761 4740 925 4811 Τύρῳ
954 4738 1177 4809 βαρεῖαν
1206 4735 1306 4807 τὴν
1342 4735 1463 4788 τότε
1491 4730 1760 4803 συσκευὴν
1782 4733 1846 4786 ἐκ

256 4831 619 4902 πανταχόθεν,
655 4829 821 4901 πρινὴ
870 4828 1134 4882 εἰσελθεῖν
1178 4827 1257 4889 είς
1293 4825 1355 4878 τὸ
1394 4822 1768 4894 δικαστήριον,
1808 4820 1842 4893 ἢ

258 4927 340 4990 είς
374 4925 664 4996 πρόσωπον
707 4922 775 4976 τὰ
827 4919 1307 4991 συκοφαντούμενα
1340 4917 1401 4986 ἐξ
1446 4915 1834 4972 ἀντικαταστά-

258 5034 401 5080 σεως
430 5016 677 5086 γένηται,
707 5013 923 5085 νύκτωρ
962 5011 1346 5082 ἀναχωρήσας,
1389 5007 1676 5080 ἀνέρχεται
1705 5006 1844 5078 πρὸς

256 5110 672 5164 Κωνσταντῖνον
696 5108 775 5170 είς
802 5105 864 5159 τὸ
886 5104 1216 5176 κομητᾶτον,
1246 5101 1340 5155 καὶ⁸
1359 5099 1661 5173 προσφέρει
1693 5095 1869 5169 αὐτῷ,

256 5203 326 5256 τά
360 5204 480 5255 κατ’
514 5199 674 5254 αὐτὸν
704 5198 1095 5254 ἀναδιδάσκων.
1137 5195 1197 5247 '0
1224 5194 1301 5260 δὲ,
1325 5192 1405 5247 ἔτι
1443 5192 1587 5264 λύπῃ
1610 5190 1848 5262 φερόμε-

257 5312 371 5359 νος,
404 5277 499 5348 καί
522 5291 755 5365 νομίζων
789 5291 863 5362 μή
887 5307 965 5361 πη
1006 5288 1115 5361 ἄρα
1146 5286 1501 5358 ἀληθεύουσιν
1521 5284 1571 5337 οί
1607 5299 1847 5353 κατηγο-

263 5390 552 5459 ρήσαντες,
578 5364 833 5455 ψεύδεται
875 5383 933 5436 δὲ
963 5384 992 5435 ὁ
1035 5364 1493 5449 ἀπολογούμενος,
1538 5376 1618 5430 ἔτι
1663 5374 1852 5445 ἐχαλέ-

1954 4445 2294 4508 struximus;
2344 4451 2401 4496 tu
2439 4456 2568 4495 vero
2609 4440 2677 4495 ad
2710 4437 3154 4493 communionem
3186 4445 3240 4492 et
3273 4436 3543 4507 paeniten-

1951 4542 2085 4594 tiam
2129 4551 2233 4592 nos
2267 4534 2517 4590 admitte.
2552 4531 2667 4588 lmo
2694 4541 2749 4587 ct
2775 4531 2920 4601 apud
2963 4531 3145 4602 ipsum
3176 4530 3545 4593 Athanasium

1951 4632 2145 4687 eadem
2175 4630 2230 4683 in
2263 4628 2473 4697 scripto
2506 4624 2914 4695 supplicatione
2950 4621 3035 4677 usi
3068 4629 3219 4677 sunt.
3251 4618 3399 4675 lnter
3425 4619 3544 4675 hac

1950 4721 2289 4779 Athanasius
2333 4734 2458 4775 cum
2490 4715 2633 4789 apud
2665 4714 2871 4787 Tyrum
2904 4728 3125 4785 gravem
3156 4727 3221 4767 ac
3250 4711 3546 4767 vehemen-

1953 4824 2061 4872 tem
2092 4814 2233 4870 hanc
2255 4811 2725 4882 conspirationem
2751 4823 2876 4863 esse
2904 4812 3176 4873 cerneret,
3215 4803 3542 4875 priusquam

1952 4907 2009 4963 in
2032 4906 2303 4977 judicium
2332 4902 2601 4975 prodiret,
2632 4907 2725 4955 aut
2758 4914 2952 4955 omnes
2990 4897 3110 4953 istae
3135 4896 3427 4951 calumnia:
3452 4908 3545 4949 co-

1950 5015 2069 5056 ram
2099 4999 2228 5060 sibi.
2260 5006 2315 5051 et
2348 5012 2415 5052 ex
2446 4993 2678 5049 adverso
2712 4990 3106 5060 objicerentur,
3139 4987 3206 5042 de
3239 4995 3398 5041 nocte
3424 4984 3542 5041 dis—

1952 5088 2156 5146 cedens
2198 5088 2254 5141 in
2301 5086 2626 5141 comitatum
2673 5080 2742 5136 ad
2782 5077 3207 5134 Constantinum
3261 5082 3542 5147 properat,

1953 5183 2132 5252 deque
2185 5186 2302 5234 tota
2357 5193 2417 5233 re
2467 5175 2760 5232 certiorem
2822 5173 2975 5227 illum
3024 5168 3180 5225 facit.
3240 5169 3545 5240 Imperator

1954 5274 2137 5330 adhuc
2163 5272 2355 5328 dolore
2385 5269 2547 5341 725
2573 5274 2887 5324 commotus
2906 5305 2923 5332 ,
2954 5278 3020 5321 ac
3043 5278 3174 5319 vera
3205 5276 3329 5317 esse
3355 5259 3544 5329 suspi-

1950 5374 2134 5430 catus,
2161 5379 2284 5436 quae
2310 5370 2666 5418 accusatores
2700 5362 3129 5432 preposuerant,
3162 5350 3381 5407 mentiri
3413 5363 3544 5403 vero

259 5440 444 5534 παινε.
472 5440 904 5540 Ἰξαλεπαίνοντος
934 5474 989 5528 δὲ
1027 5440 1267 5535 αὐτοῦξὸ
1310 5440 1499 5534 ῖπάπάξ
1538 5440 1842 5529 Ἀθανάσιος

1953 5465 2277 5514 accusatum
2308 5453 2700 5518 Athanasium,
2727 5449 2865 5506 nihil
2890 5449 2962 5505 de
2988 5444 3277 5502 iracundia
3308 5440 3546 5497 remitte-

260 5574 422 5642 λόγον
451 5571 621 5644 βαρὺν
651 5568 730 5641 τῷ
760 5533 970 5641 βασιλεῖ
1012 5533 1343 5627 ἐπετείνετο,
1374 5561 1451 5626 ὡς
1497 5548 1580 5614 ὅτι
1632 5557 1842 5612 Δικάσει

1953 5552 2071 5608 bat.
2104 5549 2266 5618 Quod
2310 5549 2508 5606 videns
2550 5544 2888 5602 Athanasius
2939 5541 3053 5597 acri
3094 5536 3249 5594 illum
3292 5533 3546 5644 oritione

491 5624 772 5736 *ἀναμέσον
803 5657 939 5733 ἐμοῦ
969 5656 1064 5713 καὶ
1090 5654 1203 5723 σοῦ,
1233 5624 1392 5709 ὁποῖα
1420 5624 1515 5706 καὶ
1539 5646 1702 5713 αὐτὸς
1727 5662 1842 5718 συμ

1955 5640 2327 5716 perStrinxit:
2366 5639 2443 5699 De
2473 5646 2550 5707 te,
2592 5637 2794 5711 inquit,
2827 5648 2894 5691 ac
2925 5646 3013 5689 me
3046 5628 3321 5703 iudicabit
3359 5624 3545 5682 Domi-

344 5836 366 5872 ί
392 5837 456 5896 ιτ.
480 5839 604 5896 τῶν.
