3994 6472
455 436 560 494 199
1879 423 1937 478 S.
1980 421 2329 479 EPIPIIANEI
3656 416 3751 475 επ)

455 568 582 621 nus,
611 549 759 622 quod
790 557 845 605 et
881 549 997 619 ipse
1031 544 1437 602 mediocritatis
1477 557 1614 598 meae
1640 541 2054 596 calumniatori-

2182 542 2354 603 >ωνεῖς
2381 541 2494 603 τοῖς
2529 535 2930 607 συκοφαντοῦσι
2957 537 3055 607 τὴν
3088 536 3373 609 ἡμετέραν
3407 536 3749 609 μετριότητι.

456 643 563 700 bus
598 640 943 698 assentiar-is.
974 635 1183 692 Deinde
1213 633 1362 688 datis
1396 647 1429 686 a
1469 630 1685 703 synodo
1714 629 1783 683 ad
1816 630 2052 699 impera-

2182 631 2451 686 Ἐντεῦθεν
2493 629 2782 702 συμϐαίνει
2812 628 2974 682 αὑτὸν
3000 626 3186 701 ὲΞορίᾳ
3220 631 3536 683 ὑποπεσεῖν
3576 629 3681 682 ἀπό
3703 648 3755 682 π

458 739 633 787 torem
682 726 887 782 litteris
936 725 993 780 in
1057 723 1317 779 exsilium
1374 721 1651 791 relegatur
1691 718 2052 773 Athanasius.

2182 721 2265 775 :th
2292 722 2616 793 γραφέντων
2644 720 2753 774 άπὸ
2779 721 2880 792 τῆς
2912 720 3132 775 συνόδου
3172 719 3248 791 τῷ
3284 718 3533 790 βασιλεῖ.
3576 720 3754 775 Ἀπόν-

456 824 675 878 Absens
706 820 912 892 quippe
937 817 1226 888 depositus
1255 824 1363 880 est,
1386 829 1514 869 cum
1534 813 1603 867 ad
1634 820 1835 866 caetera
1861 824 2055 865 recens

2182 829 2251 877 τος
2291 813 2400 887 γάρ
2428 812 2596 868 αὑτοῦ
2645 812 2969 884 καθαίρεσιν
3017 812 3299 866 ποιοῦνται
3338 810 3541 876 αὑτοῦ,
3579 813 3671 866 καὶ
3707 812 3758 877 ἐξ

458 915 549 968 illa
580 912 846 983 principis
885 908 1226 965 accessisset
1256 904 1507 962 oll‘ensio.
1540 904 1839 960 Duodecim
1868 903 2056 973 itaque

2182 897 2232 957 ὃν
2260 905 2291 957 6
2324 905 2583 976 βασιλεὺς
2614 904 2976 977 παροξυνθεὶς
3000 905 3136 977 πρὸς
3160 903 3328 957 αὑτὸν
3356 903 3635 958 ἐλυπεῖτο.
3660 905 3758 957 Καὶ

456 1008 542 1064 vel
575 1006 844 1062 tredecim
874 1001 1039 1057 annis
1064 1000 1123 1055 in
1147 999 1302 1055 Italia
1332 998 1556 1055 mansit.

529 1184 604 1242 Κ.
657 1183 774 1239 Sub
801 1183 953 1247 haec,
987 1188 1048 1236 ut
1078 1179 1353 1251 frequenti
1386 1177 1673 1233 hominum
1704 1190 1927 1233 rumore
1970 1174 2059 1230 di-

461 1279 748 1349 vulgatum
774 1283 877 1341 est,
896 1274 1166 1331 Arsenius
1202 1273 1315 1336 ille,
1338 1271 1431 1341 qui
1453 1269 1665 1341 pridem
1694 1284 1729 1323 a
1761 1267 2062 1323 calumnia-

388 1372 396 1381 ‘
466 1368 681 1424 toribus
716 1366 861 1421 inter
895 1371 1145 1419 mortuos
1181 1361 1598 1425 numerabatur,
1634 1360 1836 1428 cuique
1865 1372 2062 1428 ampu-

466 1469 582 1514 tata
627 1473 826 1512 manus
876 1455 1165 1511 dicebatur
1188 1493 1204 1519 ,
1240 1453 1298 1506 in
1326 1451 1534 1507 Arabia
1568 1458 1822 1521 repertus
1875 1458 1978 1505 est.
2012 1448 2063 1504 is

465 1550 612 1605 enim
670 1546 974 1602 Athanasio
1008 1586 1023 1612 ,
1079 1560 1204 1600 cum
1258 1544 1314 1599 in
1377 1542 1575 1599 exsilio
1635 1541 1817 1596 adhuc
1872 1548 2061 1606 esset,

388 1692 397 1698 .
466 1641 710 1711 seipsum
759 1637 1024 1709 prodidit.
1077 1635 1254 1703 Quem
1295 1634 1386 1690 ille
1414 1634 1593 1698 clam,
1631 1640 1693 1687 ut
1724 1632 2064 1703 accepimus,

476 1731 803 1787 arcessitum
824 1769 840 1795 ,
898 1744 1027 1784 mox
1068 1736 1128 1782 ut
1162 1725 1415 1790 advenit,
1474 1738 1662 1779 coram
1688 1722 1987 1779 Constante
2012 1728 2067 1777 et

466 1824 799 1881 Constantio
829 1821 1183 1879 Constantini
1219 1819 1368 1883 ﬁliis,
1403 1820 1496 1890 qui
1535 1826 1648 1873 tum
1696 1816 1839 1873 [orte
1863 1830 2065 1872 conve-

2162 996 2317 1068 μένει
2350 999 2410 1049 ὲν
2463 999 2578 1061 τοῖς
2628 998 2822 1068 μέρεσι
2881 998 2983 1062 τῆς
3022 996 3252 1060 Ἰταλίας
3306 986 3576 1067 (θίγε-πὶ
3628 996 3759 1050 ἔτεσι

2161 1087 2332 1142 πλείω
2356 1086 2564 1142 δώδεκα
2589 1089 2623 1160 ἢ
2652 1087 3050 1162 δεκατέσσαρα.

2232 1181 2289 1234 l'.
2342 1180 2521 1244 Πολὺς
2551 1180 2612 1234 δὲ
2664 1180 2962 1252 μετέπειτα
2990 1179 3177 1253 ᾄδεται
3221 1178 3411 1250 λόγος,
3474 1180 3552 1244 ὡς
3585 1178 3760 1251 ’Δρσέ-

2162 1291 2273 1338 νιος
2306 1275 2336 1327 6
2362 1273 2531 1328 πάλαι
2573 1274 2632 1329 ὲν
2675 1273 2935 1328 τεθνεῶσι
2984 1272 3135 1345 παρά
3166 1270 3537 1343 συκοφαντῶν
3570 1289 3759 1343 καταγ-

2162 1366 2505 1438 γελλόμενος,
2541 1365 2637 1418 καὶ
2660 1366 2760 1437 τὴν
2791 1368 2952 1439 χεῖρα
2992 1364 3298 1436 τετμῆσθαι
3336 1363 3655 1436 λεγόμενος,
3684 1363 3760 1417 εὖ·

2168 1474 2328 1529 ρηται
2354 1458 2413 1510 ὲν
2439 1459 2551 1521 τοῖς
2581 1457 2777 1529 μέρεσι
2805 1457 2905 1528 τῆς
2934 1456 3215 1528 ’Δραϐίαᾳ
3241 1458 3360 1511 Καὶ
3401 1456 3483 1520 ὡς
3518 1456 3758 1527 ἀνήγγει-

2165 1551 2256 1605 λεν
2292 1550 2493 1605 ἑαυτὸν
2530 1550 2669 1615 ὅλως
2709 1550 2738 1603 6
2787 1550 3063 1623 Ἀρσένιος
3110 1550 3189 1622 τῷ
3243 1550 3415 1623 πάπᾳ
3469 1547 3757 1618 ’Δθανασίῳ

2165 1643 2280 1699 δντι
2316 1646 2373 1698 ὲν
2399 1646 2465 1716 τῇ
2501 1643 2706 1717 έξορίᾳ,
2740 1645 2833 1698 καὶ
2866 1644 2963 1698 τοῦ
2994 1646 3147 1701 πάπα
3170 1642 3512 1698 Ἀθανασίου
3555 1640 3756 1712 λεληθό-

2168 1752 2277 1799 τως
2300 1735 2463 1789 αὑτὸν
2500 1724 3019 1806 μεταστειλαμένου,
3055 1733 3132 1798 ὡς
3163 1735 3195 1804 ἡ
3237 1735 3320 1797 είς
3361 1733 3524 1804 ἡμᾶς
3551 1728 3757 1783 ἐλθοῦσα

2171 1827 2326 1899 φήμη
2360 1826 2626 1899 περιέχει,
2668 1826 2763 1881 καὶ
2794 1824 2960 1882 αὐτοῦ
2995 1825 3274 1899 Ἀρσενίου
3316 1825 3467 1898 πρὸς
3496 1823 3591 1878 τὸν
3618 1821 3756 1876 αὑτὸν

470 1924 685 1977 nerant.
706 1915 914 1977 vivum,
935 1923 993 1971 et
1021 1913 1212 1969 ambas
1237 1925 1435 1967 manus
1461 1910 1752 1965 habentem
1780 1908 2063 1979 produxit.

2182 1891 2483 1991 μακαρίτην
2513 1891 2836 1975 (Αθανάσιον
2871 1891 3187 1992 γενομένου,
3221 1891 3379 1991 ὁμοῦ.
3412 1933 3477 1970 τε
3535 1916 3626 1969 ὲπὶ
3662 1915 3757 1976 τοῖς

470 2006 592 2074 Quo
628 2006 774 2062 facto
817 2021 987 2085 penes
1022 2010 1380 2060 accusatores
1410 2017 1519 2057 non
1556 2001 1719 2057 modo
1756 2000 2066 2067 calumniae,

471 2099 568 2155 sed
619 2100 797 2155 etiam,
839 2098 909 2153 ob
954 2097 1336 2153 circumlatam
1388 2096 1538 2150 illam
1584 2095 1788 2150 mortui
1845 2109 2069 2150 manum

471 2193 687 2247 violata:
717 2192 1100 2262 sepulcrorum
1148 2189 1433 2262 religionis
1471 2188 1681 2244 crimen
1715 2186 1956 2253 resedit;
2005 2200 2070 2243 ac

469 2275 736 2352 deinceps
772 2281 966 2351 ingens
1000 2279 1149 2336 risus
1182 2295 1250 2336 ex
1305 2279 1402 2335 tali
1441 2284 1706 2348 tantaque
1755 2275 1942 2333 fabula
1967 2316 1983 2341 ,
2015 2284 2071 2333 et

471 2376 767 2433 admiratio
789 2380 1111 2430 consecuta.
1132 2372 1324 2445 Neque
1351 2374 1490 2429 satis
1517 2371 1910 2437 conveniebat,
1936 2370 2071 2442 quid

471 2472 540 2527 de
594 2474 1018 2529 accusatoribus
1047 2513 1062 2539 ,
1105 2479 1203 2527 aut
1255 2486 1353 2527 reo
1410 2471 1531 2542 ipso
1559 2509 1575 2535 ,
1627 2470 1805 2540 deque
1856 2467 2072 2524 caeteris

472 2562 734 2616 omnibus
767 2562 1062 2618 dicendum
1125 2562 1424 2617 videretur.
1461 2559 1596 2626 Quae
1653 2559 1702 2615 si
1753 2559 2073 2630 singillatim

472 2667 704 2708 narrare
736 2653 997 2721 voluero,
1024 2651 1359 2723 'longiorem
1401 2651 1712 2707 orationem
1762 2651 2071 2706 instituam.

475 2743 608 2799 Post
635 2744 987 2799 Constantini
1042 2744 1289 2809 obitum,
1324 2743 1659 2799 Athanasius
1714 2741 1811 2812 qui
1858 2757 2075 2798 summa

475 2838 533 2891 in
586 2837 834 2892 omnium
887 2837 1221 2892 auctoritate
1278 2845 1332 2893 et
1381 2835 1592 2908 gratia,
1625 2849 1691 2890 ac
1746 2849 1858 2890 non
1910 2832 2075 2890 modo

475 2928 663 2983 Roma
692 2969 708 2994 ,
746 2927 842 2983 sed
887 2934 941 2982 et
994 2927 1168 2981 Italiae
1216 2927 1386 2982 totius
1415 2966 1432 2991 ,
1464 2926 1576 2980 imo
1613 2931 1669 2980 et
1720 2924 2076 2995 imperatoris

473 3017 713 3088 ejusque
766 3017 1069 3073 liberorum
1104 3016 1424 3074 Constantis
1462 3030 1529 3071 ae
1578 3013 1935 3071 Constantini
1979 3029 2077 3086 ap-

475 3110 810 3184 probatione
843 3108 1096 3172 ﬂorebat,
1156 3108 1225 3163 ab
1263 3107 1352 3164 his
1393 3106 1610 3163 duobus
1650 3105 2076 3172 imperatoribus

476 3210 603 3274 post
631 3209 864 3256 mortem
901 3200 1147 3271 parentis
1177 3199 1234 3254 in
1263 3197 1565 3271 Egyptum
1607 3196 1938 3261 remittitur,
1987 3210 2077 3253 as-

479 3297 751 3350 sentiente
780 3294 1106 3349 Constantio
1130 3334 1146 3361 ,
1177 3292 1271 3364 qui
1308 3301 1424 3347 tum
1457 3291 1766 3346 Antiochiae
1812 3290 2075 3345 versaba-

479 3391 588 3436 tur.
622 3380 800 3451 Cujus
832 3382 911 3437 rei
942 3381 1141 3437 sericm
1174 3396 1243 3436 ex
1283 3382 1448 3437 trium
1484 3381 1880 3451 imperatorum
1933 3379 2079 3436 datis

477 3471 548 3526 ad
578 3471 1012 3536 Alexandrinos,
1063 3479 1118 3527 et
1150 3470 1510 3528 Athanasium
1544 3472 1726 3543 ipsum
1764 3471 1967 3526 litteris
1993 3470 2079 3525 di-

476 3563 735 3619 dicimus.
774 3563 855 3618 lta
880 3564 973 3619 ille
1002 3562 1120 3619 sedi
1150 3579 1265 3619 suae
1293 3564 1586 3620 restitutus
1619 3570 1727 3627 est,
1761 3573 1886 3633 post
1914 3562 2081 3633 726

477 3656 805 3728 Gregorium
827 3696 842 3721 ,
874 3671 1040 3728 quem
1087 3655 1363 3712 exsulanti
1396 3654 1702 3711 Athanasio
1739 3654 1930 3708 Ariani
1958 3653 2079 3709 suf-

479 3748 750 3804 fecerant.

2170 2009 2302 2081 περὶ
2324 2009 2591 2065 Κώνσταν
2620 2011 2717 2064 καὶ
2750 2008 3122 2066 Κωνστάντιον
3151 2012 3269 2074 τοῖς
3309 2011 3458 2072 υἱοῖς
3492 2008 3758 2061 Κωνσταν-

2169 2102 2316 2155 τίνου
2350 2103 2664 2175 γενομένοις
2693 2103 2832 2175 ἅμα,
2874 2105 2903 2158 6
2958 2104 3057 2176 μὲν
3086 2101 3414 2166 Ἀθανάσιος
3447 2100 3541 2154 τδν
3586 2096 3755 2170 Ἀρσέ’

2170 2208 2284 2246 νιον
2309 2191 2549 2245 ἐδείκνυε
2582 2189 2763 2256 ζῶντά
2796 2208 2877 2260 τε,
2905 2192 2999 2247 καὶ
3025 2190 3120 2246 δύο
3140 2193 3336 2264 χεῖρας
3376 2188 3591 2261 ἔχοντα.
3613 2186 3758 2239 Συκο-

2173 2283 2403 2355 φαντίας
2445 2301 2506 2337 τε
2538 2283 2727 2339 λοιπὸν
2770 2285 2819 2339 οἱ
2865 2285 3159 2357 κατήγοροι
3203 2284 3371 2337 αἴτιοι
3411 2282 3475 2335 οὐ
3509 2280 3660 2352 μόνον
3681 2278 3756 2329 εὐ-

2177 2376 2445 2449 ρίσκοντο,
2476 2369 2620 2429 άλλᾶ
2655 2373 2751 2429 καὶ
2798 2373 3187 2447 τυμϐωρυχίας
3233 2373 3324 2427 διά
3371 2373 3475 2444 τήν
3510 2386 3635 2424 ποτε
3669 2383 3754 2420 πε-

2175 2466 2540 2540 ριφερομένην
2586 2465 2785 2539 νεκράν
2831 2468 3009 2539 χεῖρα.
3050 2464 3337 2520 Ἐντεῦθεν
3389 2464 3457 2518 τὸ
3516 2463 3612 2534 μὲν
3662 2460 3753 2512 πᾶν

2173 2560 2382 2627 γελοῖον
2416 2554 2506 2631 ἦν,
2543 2558 2639 2613 καὶ
2668 2557 2931 2631 ἔκπληξις
2956 2557 3050 2612 τοῦ
3083 2557 3332 2612 τοιούτου
3387 2555 3485 2611 καὶ
3524 2551 3753 2608 τοσούτου

2175 2650 2741 2723 δραματουργήματος
2785 2650 2882 2704 καὶ
2925 2650 3161 2723 ἀπορίας
3207 2651 3248 2717 ¹,
3280 2649 3349 2703 τὸ
3394 2647 3482 2712 τίς
3523 2645 3590 2701 ἂν
3631 2646 3752 2699 εἴποι

2177 2743 2306 2814 περί
2339 2759 2399 2796 τε
2428 2742 2536 2796 τῶν
2563 2739 3083 2815 κατηγορησάντων,
3116 2741 3246 2814 περί
3293 2758 3362 2794 τε
3407 2738 3508 2794 τοῦ
3550 2751 3753 2807 κατηγοο

2181 2833 2467 2906 ρουμένου,
2519 2832 2650 2906 περί
2703 2850 2765 2887 τε
2816 2833 2926 2888 τῶν
2981 2833 3156 2889 ἄλλων
3211 2832 3464 2897 πάντων,
3509 2823 3583 2884 ὧν
3632 2824 3751 2881 κατὰ

2182 2927 2346 3000 μέρος
2374 2928 2547 2981 εἰπεῖν
2585 2926 2754 2981 πολὺν
2798 2926 3061 2982 άναλώσω
3093 2926 3303 2999 χρόνον.
3341 2924 3751 2995 Τελευτήσαντος

2176 3017 2233 3072 δὲ
2278 3018 2690 3073 Κωνσταντίνου
2711 3061 2726 3085 ,
2774 3018 2868 3073 τοῦ
2920 3020 3081 3074 πάπα
3128 3017 3461 3073 ’Δθανασίου
3508 3018 3566 3071 ἐν
3609 3011 3747 3081 πολλῇ

2179 3111 2463 3183 παρρησίᾳ
2496 3110 2593 3164 καὶ
2639 3110 3011 3183 εὐδοκιμήσει,
3045 3111 3143 3165 καὶ
3181 3107 3435 3175 δεξιώσει
3474 3106 3682 3178 Ῥώμης
3700 3117 3748 3155 τε

2178 3201 2275 3255 καὶ
2316 3201 2496 3272 πάσης
2530 3201 2789 3267 Ἰταλίας,
2850 3201 2944 3254 καὶ
2995 3200 3133 3273 πρὸς
3181 3200 3351 3256 αὑτὸν
3394 3200 3489 3254 τὸν
3534 3193 3745 3269 βασιλέα,

2180 3293 2273 3346 καὶ
2303 3294 2430 3357 τοὺς
2457 3291 2622 3346 αὑτοῦ
2661 3292 2859 3357 παῖδας
2902 3292 3285 3347 Κωνστάντιον
3309 3293 3411 3348 καὶ
3444 3289 3690 3345 Κώνσταν
3711 3283 3745 3348 ¹.

2180 3382 2570 3437 ἀποστέλλεται
2592 3384 2658 3435 ὲκ
2692 3382 2802 3435 τῶν
2839 3381 2934 3434 δύο
2956 3380 3220 3451 βασιλέων
3258 3380 3407 3452 μετὰ
3426 3380 3526 3451 τὴν
3554 3373 3640 3430 τοῦ
3666 3387 3744 3443 με·

2180 3475 2347 3545 γάλου
2368 3473 2782 3529 Κωνσταντίνου
2810 3472 3089 3545 τελευτὴν,
3123 3473 3478 3527 Κωνσαντίου
3507 3471 3647 3530 δντος
3670 3462 3746 3517 ἐπὶ

2178 3566 2278 3637 τῆς
2319 3565 2675 3636 Ἀντιοχείας,
2722 3564 2820 3618 καὶ
2868 3563 3310 3628 συνευδοκοῦντος
3356 3563 3507 3618 ἰδίων
3534 3558 3634 3611 ’τε
3668 3551 3742 3607 καὶ

2180 3658 2477 3729 ἐγγράφων
2534 3656 2866 3710 ἐπιστολῶν·
2926 3656 3080 3729 παρὰ
3122 3656 3233 3711 τῶν
3283 3655 3458 3728 τριῶν
3512 3646 3743 3723 βασιλέων

2181 3748 2428 3819 ἔγνωμεν
2454 3746 2768 3819 γραφεισῶν
2798 3750 2911 3811 τοῖς
2934 3747 3343 3821 Ἀλεξανδρεῦσι
3381 3746 3479 3801 καὶ
3519 3739 3656 3810 αὐτῷ
3682 3732 3744 3803 τῷ

479 3846 641 3916 πάπᾳ
668 3844 1003 3914 Ἀθανασίῳο
1036 3843 1133 3898 καὶ
1170 3843 1457 3923 καθέζεται
1503 3842 1667 3896 πάλιν
1706 3844 1788 3906 εἰς
1823 3842 1918 3895 τὸν
1962 3843 2152 3917 θρόνον
2198 3845 2336 3918 μετὰ
2382 3846 2476 3898 τὸν
2517 3843 2897 3917 διαδεξάμενον
2945 3845 3110 3900 αὐτὸν
3168 3844 3276 3898 61:6
3331 3843 3447 3897 τῶν
3487 3830 3743 3912 Ἀρειανῶν

478 3936 804 4009 πεμφθέντα
836 3935 1159 4007 Γρηγόριον,
1195 3934 1286 3987 ὅτε
1316 3928 1386 4005 ἦν
1428 3935 1485 3987 ὲν
1531 3935 1597 4005 τῇ
1633 3932 1823 4006 ὲξορίᾳ
1855 3932 2200 4004 Ἀθανάσιος.

555 4027 645 4083 XI.
682 4025 792 4082 Sed
837 4041 1059 4082 rursum
1101 4039 1256 4081 novae
1288 4025 1367 4080 illi
1401 4024 1581 4081 turba:
1627 4038 1693 4079 ac
1727 4026 2019 4083 calumniae
2044 4042 2076 4082 a

484 4120 771 4191 Stephano
800 4118 1032 4189 ejusque
1081 4118 1313 4174 asseclis
1346 4116 1491 4189 apud
1522 4115 1911 4174 Constantium
1944 4133 2081 4176 con-

482 4209 645 4275 latae,
678 4210 883 4280 quibus
908 4209 1091 4264 denuo
1120 4207 1189 4264 de
1217 4208 1348 4263 sede
1370 4221 1471 4264 sua
1500 4208 1694 4279 pulsus
1720 4215 1826 4265 est.
1859 4209 2086 4267 lterum-

481 4318 591 4375 que
621 4301 889 4357 Leontius
917 4302 1208 4357 eunuchus
1236 4301 1391 4355 illum
1418 4314 1544 4356 cum
1580 4300 1700 4356 suis
1738 4301 1844 4355 alia
1871 4301 2085 4356 machi-

483 4397 709 4451 natione
744 4394 984 4467 pereulit
1005 4433 1020 4460 ,
1054 4408 1152 4466 per
1184 4408 1350 4464 quam
1389 4392 1600 4465 ejectus
1630 4432 1645 4459 ,
1677 4408 1742 4449 ac
1768 4392 1967 4448 deinde
1991 4407 2082 4447 re-

2242 4029 2346 4085 IA'.
2373 4028 2545 4083 Πάλιν
2567 4028 2625 4082 δὲ
2652 4026 3057 4101 συνεσκευάσθη
3086 4027 3226 4101 πρὸς
3257 4027 3629 4083 Κωνστάντιον
3655 4014 3741 4072 άπὸ

2184 4119 2294 4175 τῶν
2342 4121 2472 4192 περὶ
2520 4119 2814 4189 Στέφανον,
2870 4120 2964 4173 καὶ
3010 4117 3285 4190 ἐξεώσθη*
3332 4119 3435 4173 καλ¹
3480 4112 3740 4187 μετέπειτα

2187 4211 2353 4266 πάλιν
2386 4210 2791 4282 συνεσκευάσθη
2818 4210 2926 4265 ἀπὸ
2953 4210 3062 4265 τῶν
3092 4209 3221 4282 περὶ
3253 4210 3505 4265 Λεόντιον
3526 4204 3610 4259 τὸν
3631 4194 3738 4254 ᾰπόι

2189 4321 2380 4370 κοπον,
2407 4304 2504 4358 καὶ
2552 4303 2681 4368 τοὺς
2716 4304 2834 4375 ἅμα
2878 4304 3085 4369 αὐτοῖς.
3117 4302 3311 4358 Ἔνθεν
3360 4303 3567 4373 ὲγίνετο
3609 4289 3739 4347 ἰὒτδν

2192 4395 2570 4458 ἐκϐάλλεσθαι,
2604 4397 2702 4450 καὶ
2743 4396 2908 4449 πάλιν
2949 4396 3318 4470 είσφέρεσθαι.
3360 4394 3619 4466 Γεώργιος
3652 4382 3736 4453 γὰρ

482 4492 713 4547 stitutus
762 4496 892 4553 est;
935 4502 1064 4542 nam
1132 4498 1259 4542 cum
1309 4484 1581 4558 Georgius
1636 4498 1669 4539 a
1721 4483 2076 4540 Constantina

2193 4486 2298 4540 ὑπὸ
2324 4486 2703 4541 Κωνσταντίου
2745 4487 3156 4555 ἀποστέλλεται,
3191 4488 3286 4542 καὶ
3315 4483 3584 4558 ὑποχωρεῖ
3612 4474 3737 4529 Ἀθα-

486 4582 692 4637 missus
719 4588 906 4647 esset,
948 4578 1292 4633 Athanasius
1344 4576 1473 4649 l‘nga
1507 4590 1567 4632 se
1606 4574 1923 4632 subducens
1977 4575 2076 4630 ali-

2188 4580 2391 4645 νάσιος,
2441 4579 2666 4652 κρυὸεὶς
2707 4579 2897 4653 χρόνον
2937 4580 3080 4645 τινὰ,
3131 4572 3236 4645 ἕως
3275 4582 3364 4635 ὅτε
3421 4582 3449 4633 6
3504 4571 3734 4642 Γεώργιος

485 4673 731 4743 quandiu
762 4671 1022 4736 delituit,
1059 4669 1237 4726 donec
1269 4668 1544 4739 Georgius
1590 4666 1915 4725 interfectus
1954 4674 2081 4724 est:

485 4778 597 4834 quo
646 4774 892 4835 tempore
939 4760 1196 4818 Julianus
1246 4760 1593 4832 imperabat,
1638 4761 1732 4831 qui
1768 4767 1894 4831 post
1939 4760 2086 4816 Con-

491 4855 681 4908 stantii
713 4854 927 4908 obitum
977 4853 1044 4908 ad
1083 4853 1370 4925 gentilium
1411 4853 1863 4922 superstitionem
1903 4851 2086 4908 desci-

490 4957 665 5002 verat.
718 4948 936 5003 Etenim
974 4945 1337 5003 Alexandrini
1373 4943 1671 5016 Georgium
1714 4952 1898 5000 vetere
1931 4945 1986 4998 in
2020 4944 2086 4999 il-

493 5039 606 5094 ium
646 5039 774 5093 odio
816 5050 1115 5109 concepto,
1145 5039 1396 5094 occisum
1440 5044 1904 5100 concremarunt,
1935 5036 2086 5105 ejus-

492 5146 603 5201 que
653 5131 870 5186 cinercs
916 5132 975 5184 in
1023 5140 1220 5187 ventos
1257 5139 1603 5200 sparserunt.
1637 5127 1834 5185 Postea
1863 5128 2085 5184 Iuliano

498 5224 550 5278 in
582 5222 813 5278 Perside
854 5230 1094 5288 mortuo,
1129 5222 1396 5281 Iovianus
1434 5224 1612 5280 felicis
1646 5221 1922 5278 memoriae
1953 5237 2083 5277 sue-

495 5316 684 5373 ccssit.
710 5314 815 5382 Qui
848 5314 1448 5383 honoriﬁcentissimis,
1476 5317 1714 5388 ﬁdeique
1745 5314 2083 5386 plenissimis

2190 4672 2461 4745 ἀνῃρέθη⁶
2512 4672 2572 4725 ὲν
2617 4665 2663 4740 ᾧ
2712 4673 2888 4745 χρόνῳ
2943 4672 3293 4728 ὲῦασίλευσεν
3339 4667 3629 4728 Ἰουλιανὸς,
3662 4657 3734 4713 καὶ

2192 4763 2273 4827 είς
2316 4761 2668 4834 Ἐλληνισμδν
2725 4764 2935 4836 ἐτράπη
2991 4764 3129 4835 μετὰ
3170 4766 3270 4837 τὴν
3318 4761 3566 4832 τελευτὴν
3610 4755 3731 4808 Καὶ·

2194 4854 2463 4909 σταντίου⁹
2504 4853 2896 4928 Ἀλεξανδρέων
2935 4855 3043 4928 γάρ
3095 4858 3255 4929 μῆνιν
3300 4855 3637 4929 τηρησάντων
3673 4837 3731 4908 τῷ

2192 4944 2471 5019 Γεωργίῳ,
2519 4944 2705 5001 τοῦτον
2757 4948 3119 5016 ἀπέκτειναν,
3166 4951 3261 5003 καὶ
3305 4933 3620 5004 καύσαντες.
3658 4931 3726 4987 καὶ

2192 5039 2398 5111 τέφραν
2428 5039 2772 5110 ποιήσαντες,
2806 5041 2886 5103 είς
2936 5041 3173 5111 ἀνέμους
3215 5043 3553 5114 ἐσκόρπισαν.
3601 5030 3727 5081 ,Αποη

2193 5132 2439 5196 θανόντος
2460 5133 2515 5186 δὲ
2538 5131 2632 5186 τοῦ
2661 5132 2950 5186 Ἰουλιανοῦ
2977 5136 3034 5188 ὲν
3057 5138 3122 5206 τῇ
3146 5135 3388 5206 Περσίδι,
3414 5131 3501 5189 καὶ
3524 5117 3723 5206 διαδεεαῖ

2195 5226 2356 5296 μένου
2397 5226 2459 5278 τὸ
2509 5225 2779 5296 βασίλειον
2816 5223 3074 5279 Ἰοδιανοῦ
3097 5203 3242 5281 ":05—
3265 5226 3576 5300 μακαρίτου,
3618 5203 3723 5283 μεεά

2191 5314 2393 5387 πολλῆς
2435 5317 2625 5388 τιμῆςι
2663 5316 2759 5371 καὶ
2802 5317 3132 5383 ἀξιοπίστων
3165 5321 3498 5391 γραμμάτων
3523 5304 3718 5382 γράψαψ

571 5458 584 5489 ¹
616 5454 681 5511 F.
712 5453 938 5527 ἀπορία.
1011 5452 1030 5484 ²
1064 5451 1127 5507 1".
1160 5454 1569 5511 Κωνσταντῖνον
1594 5455 1996 5523 Κωστὰντιον,
2023 5473 2076 5510 κς

2182 5454 2401 5510 ιώνσταν
2432 5473 2449 5523 ;
2481 5456 2578 5512 sed
2616 5456 2735 5513 haec
2757 5467 3037 5527 corrupta.
3116 5456 3136 5488 ³
3159 5454 3220 5511 F.
3255 5456 3332 5520 ὡς
3358 5454 3417 5521 ἐξ
3440 5451 3501 5506 ίδ.

574 5609 687 5682 (οι)
719 5611 827 5666 Kal
844 5610 1014 5680 μένει
1049 5609 1119 5664 ἐν
1144 5609 1272 5675 τοῖς
1304 5609 1515 5679 μέρεσι
1534 5613 1645 5682 τῆς
1676 5613 1946 5679 Ἰταλίας.
1979 5610 2083 5669 Nc-

503 5694 610 5748 que
649 5682 781 5735 illud
813 5696 1005 5735 verum
1031 5688 1139 5743 est.
1163 5744 1169 5749 ο
1192 5687 1277 5735 tot
1314 5695 1489 5735 annos
1517 5683 1572 5736 in
1595 5682 1787 5738 Galliis
1817 5684 2043 5739 hmsisse
2068 5701 2082 5750 ;

508 5762 619 5803 non
675 5751 820 5803 enim
877 5751 1115 5818 amplius
1171 5766 1337 5818 quam
1394 5765 1568 5808 annos
1622 5770 1684 5814 ιι,
1743 5764 1962 5807 menses
2008 5768 2080 5817 tv,

506 5819 796 5878 exsulavit,
826 5829 884 5871 ut
912 5829 1140 5874 testatur
1163 5819 1703 5877 TheodoretusNide
1719 5824 1856 5876 Ann.
1880 5821 2082 5877 Ecclcs.

506 5889 731 5942 211.538.
763 5887 987 5958 Reliqua
1023 5891 1361 5945 narrationis
1394 5890 1579 5961 hujus,
1610 5908 1729 5963 quae
1758 5907 1812 5945 In
1836 5894 2085 5961 sequenti

2191 5628 2424 5669 numero
2476 5614 2619 5670 haud
2653 5614 2870 5670 sincera
2902 5622 3055 5679 sunt,
3090 5612 3351 5669 Historiis
3385 5599 3715 5679 ecclesiastjtf

2192 5692 2247 5738 ct
2282 5664 2581 5738 Annalisz
2592 5664 2619 5670 ⁷
2634 5664 2965 5739 satana;
2974 5664 3436 5740 "eaEaa'ri‘ara'
3457 5681 3588 5736 ευοι·
3613 5664 3713 5740 Οιίέίῗ

2193 5735 2263 5825 ιι)⁸
2282 5735 2431 5825 inme
2445 5735 2669 5823 repetes
2680 5735 3255 5825 :‘fsuu‘cangeauis
3266 5735 3276 5737 ἡ
3287 5735 3591 5825 imperatore
3603 5735 3712 5825 533$

2192 5803 2957 5891 ἱ-εέἴέέᾷἱὶίοὶιέεἳιῖ’Ᾰὶιῆιῖιῖιεῇξ
2970 5803 3244 5883 “ligata”
3262 5803 3474 5880 arari;
3512 5803 3714 5874 conﬁsi"

2193 5910 2301 5947 non
2338 5904 2461 5964 post
2496 5895 2644 5951 illius
2681 5896 2912 5951 obitum.
