3994 6402
257 381 363 435 ειη

999 370 1370 428 ADVERSUS
1408 368 1749 426 ΠᾸΞΒΕΞΕΒ
1787 364 1913 421 LIB.
1951 365 2014 420 ll.
2057 368 2224 424 TUM.
2269 370 2420 426 ll.—-
2461 370 2732 426 HiERES.
2772 372 2960 426 LXIX.

3421 373 3528 429 Ξ,θὲ

259 513 353 560 τος
392 494 470 565 τῷ
497 492 781 563 ἐπισκόπῳ
819 491 1150 560 Ἀθανασίῳ,
1186 493 1282 543 καὶ⁹
1317 487 1836 562 μεταστειλαμένου1

1951 485 2148 544 litteris
2175 488 2243 542 ad
2272 489 2635 542 Athanasium
2669 489 2910 558 scriptis,
2938 489 3004 542 ad
3049 503 3170 544 sese
3197 487 3348 541 illum
3399 502 3529 541 evo-

257 585 737 658 περιπτυξαμένου
769 600 828 636 τε
855 584 1039 647 αὐτὸν,
1073 583 1167 635 καὶ
1186 571 1608 645 άποστείλαντδς
1642 583 1722 643 εἰς
1749 581 1840 635 τὸν

259 679 396 731 ἴδιον
418 676 637 746 θρόνον,
680 673 839 728 πάλιν
869 673 1251 745 ἀπολαϐούσης
1287 675 1388 745 τῆς
1423 675 1585 743 ἁγίας
1617 673 1840 742 Ἐκκλη-

259 770 386 832 σίας
413 769 504 822 τὸν
529 767 847 828 ἐπίσκοπον,
883 767 976 818 καὶ
1005 766 1140 834 πρὸς
1161 765 1343 832 ὀλίγον
1369 764 1836 835 παρακληθείσης,

253 860 681 929 τελευτήσαντος
715 858 812 910 τού
842 857 1120 920 Ἰοϐιανού,
1162 857 1221 910 ἐν
1250 860 1363 920 τοῖς
1401 842 1784 919 αὐτοῖς’πάλω
1811 859 1839 907 ο

259 952 535 1022 μακάριος
565 949 881 1013 Ἀθανάσιος
910 949 1197 1018 διωγμοῖς,
1232 949 1329 1002 καὶ
1361 951 1600 1020 φήμαις,
1630 950 1721 1002 καὶ
1743 967 1836 1001 τα-

260 1045 458 1113 ραχαῖς
476 1041 725 1112 ἐφέρετο.
749 1040 822 1094 Ού
856 1039 961 1112 μὴν
986 1040 1094 1092 ἀπὸ
1127 1041 1226 1109 τῆς
1256 1039 1585 1109 Ἐκκλησίας
1619 1039 1712 1091 καὶ
1743 1039 1837 1090 τοῦ

258 1135 452 1206 θρόνου
513 1132 868 1204 μετεκινήθη·
925 1130 1322 1202 Ἀλεξανδρέων
1381 1131 1438 1183 δὲ
1495 1130 1837 1201 πρεσϐευσα-

263 1229 444 1296 μέικυν
471 1226 612 1297 ὑπὲρ
634 1226 832 1286 αὐτοῦ,
871 1224 966 1276 καὶ
996 1223 1176 1293 πάσης
1213 1226 1313 1294 τῆς
1355 1223 1564 1285 πόλεως
1601 1221 1838 1287 ἀξιωσά-

261 1335 384 1388 σης,
410 1316 551 1386 μετὰ
577 1317 593 1347 ¹
620 1315 710 1366 τὸν
736 1314 983 1378 Λούκιον,
1011 1316 1107 1368 καὶ
1130 1314 1220 1368 τὸν
1251 1314 1346 1367 νῦν
1366 1314 1423 1368 Ἀ
1435 1313 1644 1382 ρειανὸν
1673 1331 1839 1366 κατα-

259 1410 524 1478 σταθῆναι
544 1408 639 1460 ὲπὶ
668 1407 846 1476 ξένης,
868 1406 1010 1476 τάχα
1043 1406 1100 1458 δὲ
1125 1408 1145 1438 ¹
1177 1406 1495 1476 Ἀντιοχείᾳ,
1529 1406 1623 1459 καὶ
1643 1404 1840 1458 πολλά-

257 1521 348 1566 κις
379 1501 841 1572 παρακαλέσαντα
883 1499 974 1552 τὸν
1021 1498 1241 1568 βασιλέα
1284 1500 1558 1554 Οὐάλεντα
1602 1501 1838 1554 ἀποστα-

257 1594 420 1662 λῆναι
454 1597 531 1654 εἰς
551 1593 641 1645 τὸν
660 1595 759 1663 τῆς
787 1591 1192 1662 Ἀλεξανδρείας
1217 1592 1425 1661 θρόύον,
1456 1592 1548 1644 καὶ
1568 1591 1730 1644 αὐτοῦ
1751 1591 1838 1643 διὰ

226 1687 358 1756 -τὴν
395 1686 503 1738 τῶν
527 1683 676 1738 λαῶν
704 1685 946 1755 ταραχὴν
984 1685 1056 1756 μὴ
1107 1685 1453 1756 βουληθέντος
1492 1685 1650 1738 αὑτὸν
1676 1683 1838 1748 egea-

259 1795 370 1831 σαι.
397 1770 584 1847 «Πέρας
615 1774 668 1844 γ’
697 1771 809 1838 οὖν,
832 1776 917 1828 ὅτε
953 1775 1207 1829 ἐτελεύτα
1229 1779 1256 1829 ὁ
1280 1777 1466 1838 πάπας
1495 1765 1833 1840 Ἀθανάσιος,

1947 592 2121 645 cans,
2179 589 2302 649 post
2348 579 2778 636 humanissimos
2848 581 3171 651 complexus
3220 580 3289 634 ad
3339 580 3528 634 sedem

1948 684 2102 724 suam
2129 670 2358 726 dimisit.
2397 673 2475 726 Ita
2506 683 2698 727 saneta
2727 672 2992 737 Ecclesia,
3023 673 3289 741 episcopo
3307 685 3410 726 suo
3437 685 3526 724 re-

1947 770 2126 828 cepta,
2162 761 2410 816 nonnihil
2440 763 2621 816 solatii
2657 762 2866 816 habuit.
2921 760 3122 816 Verum
3178 768 3396 814 mortuo
3425 756 3526 812 Jo-

1949 852 2132 916 viano,
2171 853 2363 907 iisdem
2398 870 2620 909 rursum
2651 853 2990 908 Athanasius
3029 853 3308 922 periculis,
3335 866 3400 905 ac
3430 865 3525 905 ru-

1949 944 2194 998 moribus
2233 955 2287 998 et
2317 947 2496 1001 turbis
2529 945 2838 1000 conﬂictari
2882 947 3066 1015 erepit.
3100 945 3424 1014 Quanquam
3456 942 3526 997 de

1951 1032 2189 1089 Ecclesia
2224 1051 2288 1088 ac
2341 1037 2470 1091 sede
2519 1052 2619 1090 sua
2671 1036 2900 1089 minimc
2951 1035 3202 1103 deiectus
3234 1042 3333 1088 est.
3387 1029 3525 1085 Nam

1945 1126 2446 1182 Alexandrinorum
2476 1128 2672 1182 civitas
2709 1128 2964 1182 universa
2994 1127 3264 1195 publicam
3300 1139 3398 1194 pro
3437 1124 3528 1177 illo

1947 1217 2274 1285 lt’tiationem
2308 1234 2374 1273 ac
2423 1211 2884 1289 supplicationem
2932 1212 3212 1282 decrevit;
3271 1232 3394 1270 eum
3451 1217 3530 1268 iu-

1937 1309 2102 1361 «terim
2150 1307 2356 1364 Lucius
2410 1325 2477 1366 ex
2521 1311 2724 1364 Ariana
2778 1311 3055 1372 factione,
3107 1309 3198 1378 qui
3261 1308 3527 1376 hodieque

1945 1397 2132 1461 sedet,
2182 1399 2472 1468 peregrina
2530 1399 2585 1452 in
2638 1399 2860 1469 regione
2903 1413 2996 1459 ac,
3028 1397 3132 1450 nisi
3179 1396 3372 1458 fallor,
3416 1395 3528 1446 An—

1945 1488 2162 1543 tiochia:
2200 1499 2422 1545 creatus
2452 1492 2748 1560 episcopus
2774 1531 2789 1556 ,
2837 1490 3067 1542 multum
3107 1487 3253 1556 apud
3291 1487 3526 1553 impera-

1945 1589 2118 1632 torem
2153 1578 2433 1634 Valentem
2469 1582 2743 1643 instaret,
2779 1588 2837 1634 ut
2875 1577 3296 1632 Alexandrinam
3331 1575 3397 1628 ad
3435 1589 3526 1627 se-

1943 1671 2067 1724 dem
2100 1670 2431 1734 mitteretur,
2460 1671 2756 1741 imperator
2789 1686 2918 1726 vero
2953 1671 3268 1740 pepularem
3300 1667 3526 1722 seditio-

1945 1777 2067 1815 nem
2103 1765 2314 1818 veritus
2340 1779 2400 1818 ex
2414 1764 2614 1833 pellere
2649 1763 2936 1818 noluisset.
2968 1761 3213 1814 Tandem
3242 1773 3372 1813 vero
3403 1767 3528 1841 post

255 1869 540 1937 ἀπεστάλη
583 1869 832 1932 Λούκιος,
873 1867 1042 1921 πολλὰ
1091 1868 1235 1920 κακά
1274 1867 1645 1938 ἐνδειξάμενος
1675 1871 1742 1938 τῇ
1780 1881 1836 1918 τε

1943 1857 2226 1911 Athanasii
2258 1865 2489 1912 mortem
2536 1857 2848 1911 submissus
2887 1861 2971 1909 est
3016 1852 3221 1906 Lucius
3245 1893 3258 1917 ,
3299 1850 3392 1919 qui
3427 1851 3528 1902 Ec-

255 1961 576 2030 Ἐκκλησία,
602 1963 669 2030 τῇ
703 1977 762 2012 τε
793 1958 966 2022 πόλει,
999 1959 1108 2022 τοῖς
1141 1959 1306 2024 λαοῖς,
1352 1965 1462 2023 τοῖς
1502 1961 1839 2021 ἐπισκόποις,

254 2058 368 2117 τοῖς
411 2054 690 2124 κληρικοῖς
736 2055 848 2115 τοῖς
884 2044 1332 2104 ὑπὸἈθανασίου
1365 2047 1508 2114 οὖσι,
1550 2052 1642 2104 καὶ
1680 2051 1841 2103 αὐτὴν

255 2149 316 2199 ὲν
348 2146 554 2218 ἑκάστῃ
581 2145 879 2215 Ἐκκλησία
913 2144 1313 2214 διαδεξαμένοις
1333 2144 1374 2208 ³,
1412 2144 1506 2197 καὶ
1546 2143 1734 2212 Πέτρῳ
1763 2143 1841 2213 τῷ

227 2239 401 2309 μετὰ
457 2238 772 2291 Ἀθανάσιον
826 2236 1221 2290 κατασταθέντι
1278 2236 1505 2306 διαδόχῳ
1563 2235 1728 2290 αὑτοῦ
1784 2236 1840 2288 ὲν

255 2329 656 2400 Ἀλεξανδρείᾳ.

327 2419 516 2472 Ταῦτα
541 2419 645 2482 ἕως
676 2421 775 2490 τῆς
813 2419 975 2488 δεῦρο
1015 2419 1350 2488 πέπρακται,
1391 2416 1497 2470 τῶν
1547 2417 1644 2486 μὲν
1676 2415 1844 2487 ἐξορι-

254 2510 498 2564 σθέντων
534 2510 844 2562 ἐπισκόπων
881 2527 938 2562 τε
987 2511 1079 2562 καὶ
1117 2510 1504 2580 πρεσϐυτέρων
1539 2509 1630 2561 καὶ
1661 2509 1844 2562 διακό-

253 2621 386 2665 νων,
427 2602 601 2656 ἄλλων
629 2603 684 2654 δὲ
721 2601 1018 2671 κεφαλικὴν
1063 2601 1332 2671 τιμωρίαν
1365 2600 1710 2653 ὑποστάντων
1751 2601 1844 2653 ἐπὶ

250 2695 357 2764 τῆς
407 2693 850 2764 Ἀλεξανδρείας,
915 2694 1119 2762 ἑτέρων
1178 2692 1235 2746 δὲ
1296 2692 1838 2762 θηριομαχησάντων,

251 2786 706 2856 παρθενευουσῶν
752 2785 808 2838 δὲ
847 2785 1318 2849 άποκτανθεισῶν,
1359 2787 1452 2838 καὶ
1501 2785 1711 2838 πολλῶν
1750 2785 1845 2840 άλ-

251 2879 361 2930 λων
395 2877 769 2946 ἀπολομένων.
810 2877 899 2931 Ἐν
956 2878 1168 2942 τούτοις
1216 2878 1295 2931 ἔτι
1342 2879 1499 2950 δεῦρο
1542 2878 1764 2949 φέρεται
1806 2880 1840 2948 ἡ

254 2968 557 3038 Ἐκκλησία
604 2967 697 3020 τοῦ
740 2968 895 3033 Θεοῦ,
928 2968 1034 3022 ἀπὸ
1078 2970 1176 3040 τῆς
1212 2970 1616 3041 προειρημένης
1649 2969 1845 3024 ὑποθέ-

253 3075 398 3122 σεως
442 3058 550 3111 τῶν
585 3057 934 3114 Μελετιανῶν
984 3061 1078 3114 καὶ
1119 3060 1230 3113 τῶν
1257 3061 1574 3132 Ἀρειανῶν,
1618 3064 1728 3118 τῶν
1756 3064 1843 3117 διὰ

254 3151 514 3204 τοιούτων
561 3151 778 3223 τρόπων
823 3153 1136 3223 ἐσχηκότων
1187 3155 1285 3225 τὴν
1339 3156 1550 3219 στάσιν,
1608 3157 1703 3210 καὶ
1747 3156 1839 3210 τοῦ
1869 3181 1911 3237 C

266 3241 537 3311 ἐνισχῦσαι
567 3243 631 3295 τὺ
662 3243 794 3296 αὐτὸ
835 3243 1084 3315 σύστημα
1121 3245 1222 3316 τῆς
1247 3245 1586 3311 κακοδοξίας,
1621 3247 1763 3318 φημὶ
1785 3248 1842 3301 δὲ

270 3330 573 3401 Ἀρειανῶν.
603 3332 696 3386 Ἐν
741 3333 799 3387 δὲ
829 3333 910 3404 τῷ
934 3336 1076 3388 κατά
1099 3337 1312 3407 Ἀρείου
1345 3337 1553 3408 ἐλέγχῳ
1582 3338 1726 3390 κατὰ
1750 3339 1840 3390 λε-

261 3421 398 3475 πτὸν
422 3423 547 3494 περὶ
567 3423 784 3478 πάντων
804 3425 1194 3498 διηγησόμεθα.
1227 3429 1639 3502 ’Υπερϐήσομαι
1663 3432 1720 3484 δὲ
1746 3434 1840 3484 καὶ

251 3513 463 3586 ταύτην
491 3515 588 3586 τὴν
621 3505 880 3572 ύπῧθεσιν
901 3536 914 3548 ·
945 3515 1036 3571 ἐπὶ
1070 3518 1125 3573 δὲ
1159 3519 1336 3592 αὐτὴν
1362 3521 1461 3592 τὴν
1496 3522 1604 3574 τῶν
1628 3523 1841 3594 ’Δρειαο

252 3605 366 3662 νῶν
390 3607 602 3679 αἰρεσιν
627 3609 1055 3682 παρελεύσομαι,
1086 3611 1218 3665 Θεὸν
1253 3613 1681 3678 ἐπικαλούμενος
1715 3615 1840 3685 βοη-

251 3700 347 3754 θὸν
375 3700 458 3771 τῷ
481 3700 698 3773 φοϐερῷ
733 3703 906 3775 τούτῳ
924 3706 1018 3758 καὶ
1041 3705 1402 3779 πολυκεφάλῳ
1431 3706 1646 3779 ἑρπετῷ
1701 3706 1838 3780 πρὸς

253 3792 442 3865 μάχην
468 3793 722 3860 πελάζειν
749 3797 1179 3870 παρερχόμενος.

571 3909 763 3962 ΚΑΤΑ
799 3910 935 3963 ΤΩΝ
975 3911 1522 3980 ΑΡΕΙΟΜᾹΝΙΤΩΝ,

243 4001 484 4071 Αἵρεσις
533 4000 991 4126 τεσσαρακοστέὴ
1031 4002 1216 4088 ἐνάτη
1236 4043 1252 4071 ,
1305 4006 1344 4074 ἡ
1389 4007 1488 4061 καὶ
1529 4006 1834 4076 ἑξηκοστή

970 4091 1137 4126 ram.

970 4091 1137 4142 νατη.

323 4168 402 4219 A’.
439 4165 674 4228 Τούτους
701 4166 828 4230 τοὺς
852 4167 981 4237 περὶ
1009 4166 1102 4221 τὸν
1133 4167 1398 4222 Μελέτιον
1423 4169 1518 4222 καὶ
1552 4168 1647 4222 τοῦ
1675 4170 1833 4238 ἁγίου

250 4259 467 4330 Πέτρου
513 4259 918 4333 Ἀλεξανδρείας
975 4261 1275 4314 ἐπισκόπου
1322 4261 1546 4333 χρόνους
1600 4263 1836 4334 καθεξῆς

247 4353 557 4423 διαδέχεται
598 4353 812 4422 Ἄρειος
857 4353 952 4406 καὶ
993 4353 1040 4405 οἱ
1082 4352 1178 4406 ἀπ’
1213 4353 1378 4407 αύτοῦ
1436 4355 1739 4424 Ἀρειανοὶ,
1777 4357 1835 4408 ὲν

247 4444 468 4516 χρόνοις
500 4444 756 4515 ἀκμάσας
805 4443 1154 4513 Ἀλεξάνδρου
1185 4445 1281 4498 τοῦ
1319 4443 1480 4514 ἁγίου
1511 4446 1832 4511 ἐπισκόπου,

243 4533 350 4587 τοῦ
399 4533 644 4603 διαδόχου
709 4533 918 4604 Πέτρου
939 4573 953 4598 ,
1003 4532 1106 4587 -τοῦ
1161 4534 1478 4599 καθελόντος
1533 4536 1624 4588 τὸν
1671 4535 1834 4590 αὐτὸν

245 4624 476 4698 Ἀρειον
505 4625 595 4678 διὰ
623 4624 822 4696 πολλῆς
858 4626 1131 4697 κινήσεως
1176 4626 1268 4679 καὶ
1303 4627 1546 4698 μεγάλης
1591 4627 1831 4682 συνόδου.

246 4717 580 4788 Ἀπεκίνησε
608 4717 716 4790 γάρ
749 4718 944 4782 αὑτὸν,
979 4718 1074 4772 καὶ
1117 4718 1339 4783 ἐξέϐαλε
1367 4721 1465 4790 τῆς
1504 4719 1833 4790 Ἐκκλησίας

243 4829 310 4864 τε
352 4810 448 4864 καὶ
480 4811 579 4880 τῆς
609 4810 844 4874 πόλεως,
895 4809 970 4872 ὡς
1025 4809 1170 4880 μέγα
1215 4809 1385 4864 κακὸν
1440 4813 1704 4882 φοιτῆσαν
1752 4811 1832 4882 τῷ

246 4902 373 4974 βίῳ.
400 4902 537 4955 Φασὶ
563 4902 620 4955 δὲ
649 4901 810 4955 αὐτὸν
835 4900 1005 4956 Λίϐυν
1040 4901 1120 4973 τῷ
1150 4901 1324 4970 γένει,
1363 4902 1419 4955 ὲν
1454 4902 1832 4975 Ἀλεξανδρείᾳ

240 4994 305 5048 δὲ
336 4993 706 5066 πρεσϐύτερον
743 4994 1029 5064 γεγονότα,
1061 4993 1122 5060 ὃς
1153 4994 1450 5065 προϊστατο
1475 4997 1572 5065 τῆς
1599 4997 1832 5066 Ἐκκλη-

245 5087 374 5149 aia;
412 5088 513 5157 τῆς
561 5085 887 5149 Βαυκάλεως
936 5085 1082 5140 οὕτω
1125 5084 1484 5156 καλουμένης.
1515 5085 1678 5139 Ὅσαι
1720 5085 1828 5155 γὰρ

241 5179 538 5248 ἐκκλησίαι
568 5181 667 5248 τῆς
689 5174 1130 5250 καθολικῆς(62·)
1147 5176 1474 5248 Ἐκκλησίας
1494 5178 1552 5231 ὲν
1575 5176 1827 5243 Ἀλεξαν-

239 5271 403 5342 δρείᾳ
445 5270 549 5322 ὑπὸ
582 5270 678 5323 ἕνα
717 5269 1149 5341 άρχιεπίσκοπον
1177 5261 1368 5334 οὖσαι,
1411 5270 1508 5322 καὶ
1541 5269 1659 5322 κατ’
1693 5266 1828 5322 ἰδίαν

236 5360 468 5424 ταύταις
500 5360 918 5430 ἐπιτεταγμένοι
938 5359 1057 5412 ιεὶσὶ
1088 5357 1449 5428 πρεσϐύτεροι
1485 5359 1575 5412 διὰ
1610 5360 1708 5420 τὰς
1743 5359 1829 5412 ὲκ-

235 5450 640 5523 κλησιαστικὰς
679 5449 869 5520 χρείας
913 5449 1024 5501 τῶν
1051 5448 1382 5520 οἰκητόρων,
1417 5449 1661 5519 πλησίων
1700 5449 1828 5503 ἑκάς

317 5592 334 5624 ¹
365 5589 432 5645 F.
462 5589 550 5645 τό.
629 5592 648 5621 ²
684 5585 746 5645 F.
782 5590 862 5642 ἐν.
938 5590 961 5620 ³
997 5589 1131 5643 Cor.
1161 5587 1502 5660 δεξαμένοις.

310 5725 444 5796 (62')
465 5721 778 5796 Ὅσαι-τὰρ
813 5721 1128 5796 ἐκκᾷησίαι
1161 5720 1272 5788 τῆς
1295 5721 1643 5796 κ-ιιθολικῆς.
1687 5721 1826 5796 Vide

230 5796 290 5853 in
317 5791 625 5867 "Appendice
647 5791 1090 5846 Dissertationum
1118 5808 1239 5861 qua:
1273 5792 1340 5847 ad
1360 5792 1505 5847 hunc
1534 5793 1715 5848 locum
1755 5793 1824 5849 de

560 5893 831 5953 PATI'OL.
858 5892 976 5953 Gn.
1015 5889 1209 5951 XLII.

1943 1949 2192 2011 clesiam,
2219 1950 2494 2003 civitatem
2518 1989 2532 2013 ,
2561 1949 2797 2018 plebem,
2831 1947 3121 2016 episcopos
3171 1946 3235 1997 ac
3293 1944 3524 1996 clericos

1944 2027 2225 2100 Athanasii
2286 2043 2573 2103 fautores,
2615 2050 2670 2095 et
2724 2040 2817 2109 qui
2878 2040 2930 2094 in
2982 2038 3214 2107 singulis
3261 2035 3526 2089 Ecclesiis

1943 2134 2386 2190 communionem
2447 2147 2576 2186 cum
2645 2132 2740 2184 illo
2790 2129 3146 2192 retinebant,
3201 2141 3414 2181 necnon
3469 2135 3526 2178 et

1943 2226 2163 2282 Petrum
2197 2227 2377 2296 ipsum
2435 2223 2724 2279 Athanasii
2784 2236 3164 2276 successorem
3222 2219 3524 2273 innumeris

1945 2317 2106 2370 malis
2137 2315 2336 2370 all'ecit.

2005 2386 2142 2459 ili-(ee
2191 2411 2363 2465 sunt,
2420 2417 2542 2472 quae
2597 2401 2664 2455 ad
2713 2400 3034 2454 hodiernum
3097 2414 3271 2469 usque
3308 2406 3526 2467 tempus

1945 2496 2292 2566 Alexandriae
2331 2505 2460 2550 sunt
2516 2502 2699 2565 gesta:
2749 2493 2841 2547 ubi
2896 2491 3172 2561 episcOpi,
3220 2491 3523 2560 presbyteri

1943 2595 1999 2642 et
2029 2586 2245 2641 diaconi
2295 2585 2494 2656 partim
2533 2583 2752 2653 relegati
2785 2620 2800 2646 ,
2836 2584 3029 2652 partim
3067 2582 3284 2651 capitali
3319 2582 3528 2651 suppli-

1943 2679 2031 2734 cio
2062 2677 2312 2740 multati,
2343 2676 2504 2746 727
2538 2676 2733 2745 partim
2759 2673 2826 2728 ad
2857 2673 3064 2727 bestias
3091 2673 3336 2727 damnati
3362 2689 3374 2735 ;
3411 2674 3525 2726 vir-

1944 2772 2099 2842 gines
2125 2785 2291 2840 porro
2324 2784 2496 2824 sacrae
2539 2784 2665 2824 eum
2716 2767 2992 2838 plerisque
3022 2767 3147 2820 aliis
3197 2765 3518 2820 interfectae.

1944 2861 2076 2928 Qua:
2104 2861 2324 2932 quidem
2355 2859 2695 2916 calamitates
2741 2859 3039 2915 etiamnum
3089 2857 3389 2914 Ecclesiam
3430 2856 3525 2911 Dei

1943 2962 2222 3023 exercent,
2255 2969 2323 3008 ex
2370 2967 2434 3008 ea
2484 2968 2651 3022 quam
2705 2951 2935 3021 exposui
3003 2949 3419 3004 Meletianorum
3469 2961 3527 3003 et

1925 3047 2272 3100 .Arianorum
2312 3045 2549 3101 coitione
2576 3044 2888 3099 concitataa.
2921 3041 3026 3109 Qui
3061 3042 3283 3112 quidem
3333 3041 3522 3094 Ariani

1945 3138 2048 3192 hac
2080 3137 2292 3192 ratione
2320 3136 2571 3202 stabiliti,
2606 3135 2761 3208 impii
2783 3135 3054 3207 dogmatis
3079 3135 3368 3189 factionem
3401 3147 3525 3187 cor-

1945 3229 2298 3287 roborarunt.
2337 3229 2444 3285 Sed
2481 3230 2595 3285 haec
2647 3228 2833 3284 omnia
2886 3229 2941 3285 in
2977 3230 3226 3299 proxima
3256 3227 3523 3281 adversus

1942 3322 2133 3376 Arium
2181 3320 2556 3389 disputatione
2596 3319 2912 3372 accuratius
2959 3325 3124 3371 erunt
3177 3317 3518 3384 explicanda,

1943 3411 2008 3465 ad
2045 3426 2230 3480 quam,
2268 3409 2524 3484 praesenti
2548 3407 2866 3461 narratione
2894 3406 3188 3476 prazterita,
3215 3417 3521 3460 sermonem

1941 3501 2220 3556 conferam
2249 3541 2263 3565 ,
2317 3499 2610 3568 implorata
2656 3496 2808 3568 prius
2857 3511 2960 3566 ope
3007 3494 3134 3564 Dei,
3187 3510 3348 3566 quam
3396 3510 3520 3549 cum

1943 3591 2194 3646 horribili
2243 3589 2338 3644 illo
2391 3602 2456 3642 ac
2507 3587 2823 3658 multieipiti
2865 3597 3120 3658 serpente
3151 3588 3207 3642 in
3243 3594 3522 3642 certamen

1938 3681 2286 3740 descendam.

2321 3901 2606 3960 CONTRA
2644 3900 3118 3965 ARIOMANIITAS
3138 3941 3153 3965 ,

2152 3994 2284 4062 Qua
2315 4004 2394 4050 est
2422 3993 2637 4049 Iiwresis
2667 3991 2853 4048 XLIX
2877 4032 2896 4060 ,
2929 3994 3038 4048 sive
3064 3990 3274 4047 LXIX.

2007 4169 2048 4224 l.
2091 4169 2222 4225 Post
2251 4169 2535 4238 superiora
2565 4168 2656 4222 illa
2675 4163 2877 4222 Meletii
2900 4179 2963 4221 ac
2980 4165 3127 4220 Petri
3157 4164 3518 4222 Alexandrini

1923 4261 2177 4333 'episc0pi
2209 4270 2456 4330 tempora
2487 4259 2654 4312 Arius
2682 4257 2982 4327 Arianique
3028 4256 3276 4326 proxime
3325 4270 3522 4310 conse-

1937 4361 2201 4426 quuntur.
2232 4351 2326 4407 llle
2373 4350 2478 4406 sub
2524 4348 2841 4404 Alexandro
2879 4343 3027 4403 Petri
3064 4362 3388 4402 successore
3426 4344 3522 4400 ﬂo-

1940 4447 2092 4512 ruit;
2131 4460 2163 4500 a
2195 4459 2306 4515 quo
2352 4457 2464 4497 non
2518 4441 2640 4495 sine
2673 4454 2869 4509 magna
2901 4439 3268 4494 commotione
3326 4439 3522 4509 ingen-

1867 4519 2089 4609 Dtique
2155 4543 2348 4592 coacta
2404 4535 2618 4605 synodo
2674 4534 2996 4603 proﬂigatus
3051 4541 3156 4588 est.
3211 4533 3520 4589 Alexander

1917 4631 2081 4703 enim
2111 4629 2268 4684 illum
2303 4627 2488 4697 ejecit,
2543 4636 2706 4696 atque
2730 4640 2796 4679 ex
2823 4623 3067 4681 Ecclesia
3096 4633 3149 4679 et
3179 4626 3335 4692 urbe,
3371 4626 3518 4681 velut

1937 4724 2129 4794 ingens
2155 4719 2429 4791 quoddam
2470 4720 2671 4774 malum
2700 4759 2713 4784 ,
2761 4717 2906 4788 quod
2947 4717 3014 4771 ad
3044 4718 3265 4772 humani
3299 4720 3517 4788 generis

1936 4814 2230 4884 perniciem
2263 4810 2653 4882 grassabatur,
2687 4808 3094 4876 exterminavit,
3126 4806 3332 4862 Ferunt
3359 4807 3514 4864 illum

1935 4922 2002 4962 ex
2033 4904 2202 4976 Libya
2253 4901 2547 4958 oriundum
2591 4900 2936 4956 Alexandria:
2971 4901 3353 4972 presbyterum
3397 4918 3521 4960 esse

1933 4999 2148 5053 factum
2173 5034 2189 5058 ,
2225 4995 2458 5066 quitum
2495 4993 2858 5048 Baucalensis
2911 4993 3202 5062 cujusdam
3260 4994 3519 5050 Ecclesiae

1934 5088 2314 5159 praefecturam
2339 5084 2580 5157 gerebat.
2611 5085 2823 5140 Etenim
2875 5094 3144 5157 quotquot
3172 5088 3520 5145 Alexandrize

1932 5179 2213 5236 catholicae
2263 5179 2665 5234 communionis
2693 5178 2940 5234 ecclesiae
2968 5191 3096 5236 sunt
3127 5220 3142 5245 ,
3185 5180 3277 5235 uni
3337 5181 3521 5237 archi-

1930 5273 2190 5343 episcopo
2221 5270 2526 5340 subjectae,
2586 5287 2722 5326 suus
2779 5271 2979 5340 cuique
3044 5271 3376 5342 praepositus
3436 5282 3519 5340 est

1900 5362 2236 5432 --presbyter,
2268 5360 2362 5430 qui
2383 5360 2759 5415 ecclesiastica
2795 5375 3021 5416 munera
3053 5362 3119 5415 iis
3149 5359 3517 5423 administret,

1929 5455 2020 5528 qui
2068 5453 2221 5509 circa
2251 5452 2519 5509 ecclesias
2554 5453 2675 5509 illas
2719 5453 2996 5516 habitant,
3048 5466 3353 5521 eorumque
3385 5466 3520 5504 eou-

1928 5717 2446 5792 chorepiseoperum
2464 5721 2653 5777 institu
2663 5722 2806 5777 tione
2819 5719 3096 5792 adnotavit
3109 5715 3459 5792 Petaviusleu
3469 5733 3519 5768 m

1928 5788 2222 5865 prolixiora
2252 5788 2365 5850 sint
2393 5801 2453 5849 ut
2484 5793 2630 5850 inter
2654 5803 2814 5850 notas
2855 5793 3035 5848 locum
3064 5790 3320 5844 habeant.
3357 5788 3517 5843 Ευιτ.

3168 5887 3207 5945 7
