3994 6402
219 362 328 420 209

912 367 1282 429 ADVERSUS
1320 374 1669 436 "massas
1707 381 1834 439 LIB.
1879 382 1942 438 tt.
1986 385 2150 445 'rou.
2192 389 2255 446 ιι.
2282 358 2670 450 ﬁrmantis.
2709 395 2889 452 LXIX.

219 479 386 585 αὐτόν
411 496 575 548 τινες,
602 481 751 537 ἄλλοι
787 483 846 538 δὲ
876 486 1040 543 αὐτὸν
1067 484 1378 551 ἀπώσαντο.
1406 499 1626 554 Μετέπε
1637 519 1720 556 ιτα
1753 503 1798 558 δὲ

1915 519 1974 564 ut
2008 510 2074 564 ad
2109 527 2270 569 aures
2307 513 2602 571 Alexandri
2631 517 2876 589 episcopi

3395 409 3498 465 9N1

2917 524 3124 592 perlata
3157 534 3308 595 sunt,
3334 519 3500 604 ene)?

218 571 300 632 εἰς
349 564 472 626 ὦτα
522 573 746 645 ἔρχεται
787 578 884 631 τοῦ
931 583 1232 640 ἐπισκόπου
1290 591 1663 666 Ἀλεξάνδρου,
1713 599 1798 652 καΊ

218 666 419 694 --L.--.
452 668 740 694 2_._-\L-
780 673 894 694 1“--.
920 692 928 694 μ
953 675 971 694 κ
991 677 1004 694 ο
1189 680 1212 694 ιι
1529 687 1540 694 .
1649 688 1664 694 -
1766 692 1774 694 -

2113 564 2137 567 ,ι
2168 564 2267 569 ,_-_
2307 564 2602 571 ___-_-_--_--
2633 564 2876 589 ηαυπτ.
2917 564 3124 592 rem“...
3158 564 3308 595 ο.....,
3334 564 3500 604 νυν)-

1912 603 2081 660 clicas
2135 605 2204 661 ad
2248 607 2496 679 singulos
2542 611 2835 686 episcopos
2871 616 3085 674 litteras
3139 619 3319 688 dedit,
3379 640 3502 694 qua:

218 666 423 758 γράφει
452 668 740 734 ἐπιστολὰς
777 673 1117 742 ἐγκυκλίους,
1149 680 1354 746 αττινες
1403 687 1554 757 παρὰ
1587 688 1810 758 φιλοκά-

215 757 329 820 λοις
358 758 440 812 ἔτι
469 759 732 824 σώζονται
766 766 844 829 ὡς
878 767 970 820 τὸν
1005 769 1239 841 ἀριθμὸν
1273 757 1664 848 ἐϐδομήκοντα,
1699 781 1812 837 τῶν

217 849 536 906 ἐπισκόπων
557 853 792 927 ἑκάστῳ,
825 857 1070 931 Εὐσεδίῳ
1097 863 1258 929 εὐθὺς
1288 866 1364 937 τῷ
1387 870 1446 923 ἐν
1475 871 1805 944 Καισαρείᾳ,

444 942 573 1014 γὰρ,
605 945 703 999 καὶ
734 948 1006 1022 Μακαρίῳ
1039 951 1448 1028 Ἱεροσολύμων,
1493 941 1808 1036 Ἀσκληπιῷ

312 1033 481 1128 Γάζῃ,
536 1037 786 1110 Λογγίνῳ
829 1043 888 1094 ὲν
945 1043 1267 1112 Ἀσκάλωνι,
1317 1052 1584 1126 Μακρίνῳ
1626 1056 1706 1128 τῷ
1748 1033 1807 1111 ὲν

228 1126 458 1198 Ίαμνίᾳ,
497 1129 591 1183 καὶ
618 1131 822 1199 ἄλλοις,
867 1133 928 1188 ἔν
974 1153 1036 1190 τε
1074 1141 1140 1211 τῇ
1183 1142 1408 1217 Φοινίκῃ
1447 1147 1656 1217 Ζήνωνί
1679 1126 1804 1205 τινι

215 1219 428 1315 ἀρχαίιρ
451 1222 509 1274 ἐν
527 1222 715 1315 Τύρῳ,
745 1225 839 1280 καὶ
862 1227 1062 1295 ἄλλοις,
1092 1231 1208 1302 ἅμα
1229 1236 1323 1288 καὶ
1351 1238 1409 1290 ἐν
1429 1241 1495 1310 τῇ
1519 1241 1690 1315 Κοίλῃ
1713 1245 1806 1298 Συ-

214 1311 325 1406 ρία.
377 1310 589 1375 Ὠςυῦν
621 1315 1008 1390 ἀπεστάλησαν
1028 1324 1086 1375 αἱ
1113 1325 1415 1394 ἐπιστολαὶ,
1449 1310 1804 1406 μεμφόμεναι

210 1404 337 1466 τοὺς
368 1405 532 1459 αὐτὸν
575 1407 1032 1480 ὑποδεξαμένους,
1087 1415 1318 1482 ἕκαστος
1346 1404 1674 1496 ’ἀντέγραψε
1724 1427 1807 1500 τῷ

215 1499 474 1569 μακαρίῳ
517 1499 852 1574 Ἀλεξάνδρῳ
885 1506 1340 1582 ἀπολογούμενος,
1383 1517 1480 1570 καὶ
1511 1520 1562 1571 οἱ
1597 1521 1696 1590 μὲν
1723 1499 1801 1576 ai-

213 1591 414 1681 ρωνεία
437 1592 802 1662 γεγράφασιν,
832 1595 980 1650 ἄλλοι
1004 1599 1062 1672 δὲ
1101 1603 1161 1654 ἐν
1190 1603 1438 1679 ἀληθείᾳ·
1471 1610 1519 1663 oi
1544 1612 1645 1681 μὲν
1671 1615 1802 1668 ὑπο-

209 1679 460 1750 δέχεσθαι
486 1682 699 1748 τοῦτον,
721 1686 870 1743 ἄλλοι
896 1687 955 1741 δὲ
987 1691 1130 1746 κατά
1159 1693 1383 1762 ἄγνοιαν
1417 1679 1796 1774 ὑποδέχεσθαι·

209 1773 386 1867 ἕτεροι
408 1772 476 1867 ,δὲ
507 1775 832 1867 φάσκοντες,
874 1779 951 1844 ὡς
987 1781 1075 1836 διό,
1103 1785 1202 1856 τῆς
1229 1787 1501 1862 ὑποδοχῆς
1537 1772 1798 1867 κερδῆσαι

209 1862 372 1955 αὐτόν
396 1864 844 1938 ἀπολογούμενοι.
876 1871 1052 1945 Πολλή
1079 1875 1164 1939 τίς
1191 1877 1339 1932 ἐστιν
1368 1882 1402 1952 ή
1432 1887 1558 1955 περὶ
1591 1862 1798 1943 τούτων

206 1951 483 2018 ὑπόθεσις.

277 2044 355 2100 Ε’.
401 2047 714 2105 Μετέπειτα
742 2043 800 2106 δὲ
827 2053 904 2118 ὡς
927 2054 1067 2125 ἔγνω
1090 2060 1118 2113 6
1151 2061 1388 2134 Ἄρειος,
1409 2066 1492 2121 ὅτι
1519 2069 1801 2128 ἐπιστολαῖ

206 2137 532 2209 ἠνέχθησαν,
549 2143 667 2206 τοῖς
699 2144 1018 2212 ἐπισκόποις
1043 2152 1240 2224 πάντη,
1268 2155 1362 2209 καὶ
1387 2157 1574 2213 λοιπὸν
1604 2178 1804 2218 παντα-

204 2229 364 2298 χὸθεν
386 2232 752 2304 ἀπηλαύνοντο,
786 2237 880 2292 καὶ
902 2239 1082 2295 οὐκέτι
1108 2260 1194 2307 τις
1230 2246 1394 2301 αὐτὸν
1423 2252 1802 2325 προσελαμϐά-

204 2340 325 2412 νετο
371 2323 405 2395 ἢ
449 2326 499 2377 οἱ
531 2327 696 2382 αὑτοῦ
745 2332 1016 2403 συνεργοί·
1051 2335 1312 2402 Εὐσέϐιος
1362 2339 1472 2412 γὰρ
1510 2345 1538 2396 6
1571 2323 1802 2412 παλαιὸς

205 2411 384 2506 γέρων
443 2415 788 2506 Νικομηδεὺς
837 2423 866 2474 6
926 2422 1083 2492 λόγος
1125 2426 1138 2457 ¹
1176 2427 1325 2500 αὑτῷ
1374 2411 1644 2504 ὑπῆρχεν,
1681 2411 1802 2506 ἅμα

201 2504 489 2578 Λουκιανῷ
538 2507 597 2560 ὲν
639 2509 978 2586 Νικομηδείᾳ
1019 2515 1134 2587 (74)
1173 2519 1590 2590 συμϐεϐιωκὼς.
1641 2504 1802 2584 Ἀλλά

201 2596 297 2648 καὶ
332 2597 584 2663 Λεόντιος
606 2602 636 2654 6
656 2603 933 2669 άπόκοπος
959 2607 1019 2660 ὲν
1047 2608 1366 2685 Ἀντιοχείᾳ,
1388 2613 1540 2671 οὔπω
1562 2619 1660 2691 τὴν
1680 2621 1800 2676 ἐπι-

203 2689 416 2758 σκοπὴν
459 2693 918 2764 πεπιστευμένος,
951 2699 1045 2751 καὶ
1071 2699 1217 2755 ἄλλοι
1251 2705 1418 2770 τινέςο
1458 2709 1582 2762 ἐπεὶ
1615 2685 1710 2766 οὖν
1737 2715 1802 2768 ἐκ
1833 2685 1874 2704 μ

199 2779 296 2848 τῆς
320 2781 493 2850 αὐτῆς
519 2782 614 2835 τοῦ
634 2783 960 2858 δηλητηρίου
992 2791 1225 2863 φατρίας
1246 2787 1392 2850 οὗτοι
1421 2799 1621 2866 πάντες
1637 2799 1798 2875 ἦσαν,

199 2873 523 2943 ὑποδέχεται
553 2876 656 2943 μὲν
693 2879 854 2933 αὐτὸν
882 2881 1142 2948 Εὐσέϐιος
1168 2885 1344 2960 χρόνῳ
1380 2892 1569 2964 ἱκανῷο
1593 2873 1715 2950 ὅθεν
1735 2897 1800 2970 δὴ

197 2965 488 3029 ἐπιστολὰς
517 2968 696 3040 πάσης
716 2971 982 3044 φλυαρίας
1003 2977 1485 3051 ὲμπεπλησμένας,
1518 2965 1802 3060 περιεχούέ

201 3073 317 3150 σας
349 3060 534 3115 πᾶσαν
576 3062 740 3116 αὑτοῦ
786 3065 888 3136 τὴν
924 3069 1216 3138 κακόδοξον
1261 3073 1464 3142 πίστιν,
1514 3079 1733 3150 γράψας
1773 3084 1802 3136 6

1913 691 2186 768 hodieque
2233 700 2609 757 studiosorum
2641 704 2697 758 in
2738 701 2994 761 manibus
3036 713 3351 776 vchautur,
3396 691 3499 769 itu-

1914 803 2069 844 mero
2098 789 2210 847 fere
2241 793 2608 865 septuaginta.
2643 795 2880 868 Scripsit
2904 799 3047 855 inter
3072 801 3211 857 alios
3229 803 3296 857 ad
3328 803 3498 860 Euse-

1909 880 2058 937 bium
2097 883 2364 942 Cazsareae
2404 887 2748 961 episcopum,
2777 891 2875 962 qui
2909 891 3090 948 adhuc
3117 907 3420 966 supererat,
3444 904 3500 953 ct

1909 973 1975 1027 ad
2019 973 2314 1032 Macarium
2364 977 2911 1055 Hierosolymorum,
2952 983 3265 1054 Asclepium
3308 987 3496 1054 Gazae,

1916 1066 2222 1135 Longinum
2273 1070 2602 1139 Ascalonis,
2660 1073 2966 1128 Macriuum
3014 1073 3241 1131 Jamnize
3289 1077 3500 1148 episco-

1909 1169 2074 1223 pum,
2123 1167 2177 1210 et
2213 1159 2372 1214 alios.
2421 1158 2557 1216 Item
2613 1163 2665 1216 in
2716 1161 3056 1218 Phteniciam
3103 1164 3170 1219 ad
3221 1163 3496 1220 Zenonem

1907 1247 2199 1315 quemdam
2226 1251 2511 1322 antiquum
2545 1251 2674 1325 Tyri
2707 1255 3050 1326 episc0pum,
3073 1264 3127 1311 et
3151 1256 3311 1312 alios.
3347 1255 3499 1312 Scri-

1905 1338 2014 1406 psit
2047 1347 2103 1394 et
2151 1339 2206 1395 in
2244 1340 2431 1398 leen
2461 1343 2696 1415 Syriam.
2729 1345 2911 1402 Missis
2941 1347 3030 1402 his
3079 1347 3348 1419 epistolis,
3386 1347 3499 1420 qui-

1905 1429 2007 1483 bus
2045 1444 2139 1486 eos
2179 1430 2487 1500 incusabat,
2522 1436 2615 1504 qui
2661 1435 2851 1489 Arium
2897 1444 3245 1508 receperant,
3291 1439 3496 1494 rescri—

1903 1536 2062 1592 psere
2081 1522 2146 1576 ad
2171 1525 2540 1579 Alexandrum
2567 1527 2789 1597 singuli,
2821 1528 3044 1597 quidam
3076 1528 3498 1587 dissimulanter

1905 1622 1958 1665 et
1985 1611 2203 1674 callide,
2238 1605 2330 1666 alii
2364 1629 2427 1667 et
2455 1614 2639 1667 animo
2665 1623 2716 1668 et
2738 1614 2976 1670 sincere.
3012 1615 3088 1669 Ac
3116 1615 3368 1670 nonnulli
3394 1632 3494 1671 ex-

1903 1713 2120 1775 ecptum
2160 1719 2188 1756 a
2221 1718 2280 1760 se
2320 1705 2598 1760 hominem
2648 1706 2938 1776 negabant,
2969 1707 3059 1762 alii
3101 1723 3198 1778 per
3227 1709 3493 1779 ignoran-

1903 1793 2033 1847 tiam
2079 1793 2406 1850 admissum.
2447 1794 2616 1848 Erant
2642 1802 2695 1850 et
2722 1796 2813 1864 qui
2852 1811 2918 1850 eo
2953 1810 3012 1851 se
3067 1797 3305 1853 consilio
3343 1813 3496 1854 rece-

1902 1885 2051 1955 pisse
2086 1886 2409 1949 faterentur,
2451 1894 2510 1940 ut
2531 1903 2653 1942 cum
2701 1885 2838 1941 lucri
2871 1873 3138 1944 facerent.
3181 1889 3240 1944 lu
3275 1905 3495 1946 summa

1901 1977 2053 2033 varia
2085 1979 2390 2034 litterarum
2426 1988 2750 2052 argumenta
2785 1981 3024 2037 fuerunt.

1973 2068 2040 2124 V.
2092 2071 2161 2124 At
2208 2071 2375 2127 Arius
2426 2073 2519 2127 ubi
2569 2073 2806 2144 scriptas
2855 2073 2925 2128 ad
2966 2086 3161 2129 omnes
3202 2073 3496 2144 episcopos

1902 2162 2114 2219 litteras
2154 2164 2442 2234 comperit,
2471 2179 2594 2219 cum
2622 2164 2690 2218 ab
2710 2164 2970 2218 omnibus
2998 2163 3205 2234 passim
3233 2165 3494 2222 exclusus

1903 2271 1933 2310 a
1965 2255 2184 2310 nemine
2205 2297 2220 2323 ,
2257 2263 2621 2328 praeterquam
2653 2271 2684 2310 a
2718 2255 3030 2310 fautoribus
3063 2256 3203 2321 suis,
3240 2257 3494 2327 suscipe-

1902 2354 2074 2415 retur,
2109 2361 2344 2417 quorum
2389 2348 2645 2418 princeps
2687 2356 2806 2402 erat
2845 2346 3116 2403 Eusebius
3163 2348 3356 2418 grandi
3395 2349 3492 2402 ad-

1903 2438 2127 2493 modu’m
2167 2447 2299 2493 natu
2347 2436 2783 2494 Nicomediensis
2835 2438 3164 2509 episcOpus:
3217 2437 3332 2508 qui~
3363 2455 3490 2494 cum

1902 2529 2144 2585 Luciauo
2208 2527 2539 2584 Nicomedia:
2596 2529 2761 2584 simul
2829 2530 3042 2584 vixerat
3102 2548 3115 2583 :
3171 2545 3383 2586 necnon
3437 2539 3494 2587 et

1903 2615 2167 2674 Leontius
2208 2615 2452 2672 eviratus
2477 2617 2804 2684 Antiochiae,
2840 2617 3086 2673 nondum
3119 2619 3490 2691 episcOpalcm

1903 2708 1970 2763 ad
1997 2693 2179 2764 sedem
2211 2715 2516 2779 promotus,
2548 2708 2749 2779 aliique
2784 2710 3033 2764 nonnulli
3063 2728 3078 2765 :
3118 2725 3244 2766 eum
3265 2727 3395 2783 ergo
3424 2727 3494 2768 ex

1903 2803 2213 2873 pernicioso
2256 2802 2404 2858 illius
2445 2802 2702 2858 sodalitio
2745 2816 2936 2858 omnes
2967 2801 3044 2857 illi
3077 2813 3286 2868 essent,
3332 2821 3492 2860 eum-

1902 2911 2009 2965 que
2037 2895 2129 2948 diu
2177 2893 2321 2965 apud
2365 2910 2424 2950 se
2463 2893 2734 2950 Eusebius
2785 2894 3090 2960 habuisset,
3123 2895 3386 2967 epistolas
3423 2897 3493 2952 ad

1902 2987 2050 3042 hunc
2094 2987 2271 3057 ipsum
2318 2985 2615 3042 Eusebium
2662 2985 2887 3058 scripsit
2922 3001 3190 3058 nugarum
3234 2989 3494 3058 plenissi-

1903 3093 2046 3143 mas,
2087 3080 2289 3150 quibus
2323 3079 2548 3149 impium
2584 3093 2747 3133 omne
2781 3079 2978 3149 dogma
3021 3080 3342 3150 complexus
3382 3091 3491 3136 est.

202 3149 366 3253 aii-:6;
407 3151 624 3222 Ἀρειος
673 3155 919 3227 Εὐσεϐίῳ
959 3159 1040 3230 τῷ
1075 3163 1134 3214 ὲν
1171 3163 1529 3239 Νικομηδείᾳ,
1566 3149 1794 3242 μηδέπω

1908 3149 2230 3240 Quanquam
2274 3172 2517 3225 nondum
2553 3169 2928 3227 Nicomediam
2957 3172 3024 3227 ad
3057 3171 3208 3226 illum
3244 3180 3489 3229 venerat.

209 3240 574 3336 φράσας-πρὸς
599 3245 764 3300 αὐτὸν
793 3249 850 3301 ὲν
874 3250 1234 3326 Νικομηδείᾳ,
1259 3257 1411 3311 οὐδὲν
1432 3240 1593 3314 πλέον
1621 3240 1734 3316 ἀλλ’
1757 3265 1790 3336 ἢ

210 3330 282 3382 τά
314 3332 447 3385 αὑτά
480 3337 642 3390 ὁποῖα
685 3339 778 3392 καὶ
826 3341 1042 3414 ἐφρόνει
1075 3346 1132 3399 ὲν
1161 3348 1354 3413 αὐταῖς
1392 3352 1639 3420 ἐντάξας,
1672 3330 1792 3410 me;

203 3423 411 3517 ἐκεῖνον
437 3426 525 3480 τὸν
555 3431 748 3501 καιρὸν
777 3433 1291 3506 ἐπραγματεύσατο·
1330 3442 1390 3508 ἐξ
1432 3437 1507 3498 ὧν
1541 3447 1672 3517 μίαν
1706 3449 1793 3502 ἐλ-

199 3516 402 3572 θοῦσαν
441 3521 520 3583 εἰς
555 3521 654 3586 τὰς
686 3525 960 3597 ἡμετέρας
993 3532 1181 3602 χεῖρας
1220 3533 1456 3590 ἐνταῦθα
1495 3516 1822 3607 ἀναγκαῖον-

197 3610 500 3682 ήγησάμην
528 3615 886 3685 παραθέσθαι,
913 3619 1061 3684 ὅπως
1087 3622 1245 3677 ἴδοιεν
1272 3627 1323 3679 οἱ
1353 3617 1790 3700 ἐντυγχάνοντες,

193 3701 276 3752 ὅτι
311 3700 372 3752 οὗ
409 3717 461 3754 τι
491 3704 632 3756 κατά
656 3722 800 3770 τινος
830 3714 1386 3784 σεσυκοφαντημένως
1408 3720 1734 3793 εἰρήκαμεν,
1758 3722 1789 3793 ἣ

195 3788 459 3862 λέγομεν.
495 3793 602 3846 Καὶ
637 3793 781 3848 ἔστιν
819 3797 934 3868 ἥδε·

695 3994 1021 4068 Ἐπιστολὴ
1073 3999 1311 4070 Ἀρείου.

273 4105 369 4168 ς’.
415 4103 608 4174 Κυρίῳ
640 4106 1004 4178 ποθεινοτάτῳ
1056 4111 1333 4187 ἀνθρώπῳ
1389 4119 1532 4173 Θεοῦ·
1593 4125 1787 4195 πιστῷ,

196 4195 478 4266 ὸρΟιΜξῳ-
509 4195 772 4268 Εὐσεόίῳ,
809 4200 1026 4271 ’Ἄρειος
1075 4206 1102 4256 6
1141 4205 1468 4280 διωκόμενος
1504 4215 1607 4267 ὑπὸ
1645 4217 1792 4270 Ἀλε-

198 4277 433 4358 ξάνδρου
469 4289 625 4340 πάπα
673 4289 871 4354 ἀδίκως
903 4291 992 4346 διὰ
1023 4293 1122 4365 τὴν
1160 4298 1336 4353 πάντα
1376 4303 1614 4359 νικῶσαν
1659 4307 1794 4378 ἀλή-

199 4380 386 4446 θειαν,
455 4375 521 4452 ἦς
567 4383 662 4436 καὶ
720 4385 785 4440 σὺ
840 4385 1257 4459 ὑπερασπίζεις,
1321 4393 1380 4447 ὲν
1440 4397 1632 4469 Κυρίῳ
1674 4375 1794 4470 χαί·

202 4488 346 4542 ρειν.
899 4504 902 4508 ·
1545 4491 1547 4494 ⁴

274 4561 386 4615 Τοῦ
421 4563 626 4635 πατρός
666 4585 766 4636 μου
822 4570 1129 4641 Ἀμμωνίου
1167 4576 1246 4639 εἰς
1287 4577 1387 4650 τὴν
1429 4576 1794 4654 Νικομήδειαν

196 4654 568 4725 ἀφικομένου,
621 4659 841 4728 εὔλογον
897 4663 992 4716 καὶ
1048 4665 1400 4737 ὀφειλόμενον
1439 4671 1632 4743 -ὲφάνη
1704 4692 1794 4744 μοι

196 4745 654 4817 προσαγορεῦσαί
689 4763 750 4801 σε
787 4749 852 4802 δι’
883 4751 1069 4819 αὑτοῦ,
1100 4755 1238 4824 όμοῦ
1273 4773 1332 4810 τε
1367 4760 1460 4813 καὶ
1483 4761 1796 4835 ὑπομνῆσαι

201 4835 312 4905 τὴν
339 4835 584 4906 ἔμφυτόν
613 4853 706 4892 σου
739 4843 958 4914 ἀγάπην
987 4850 1081 4899 καὶ
1107 4847 1365 4916 διάθεσιν,
1394 4851 1459 4921 ῆν
1490 4851 1633 4923 ἔχεις
1662 4857 1797 4928 πρὸς

195 4927 332 4990 τοὺς
370 4927 633 4998 ἀδελφοὺς
687 4933 774 4986 διὰ
807 4935 898 4988 τὸν
925 4936 1060 4990 Θεὸν
1093 4939 1190 4992 και
1216 4940 1308 4993 τὸν
1340 4939 1574 5011 Χριστὸν
1599 4927 1788 5012 αὐτοῦ,

191 5021 284 5071 ὅτι
319 5020 574 5089 μεγάλως
609 5024 760 5094 ἡμᾶς
785 5026 1044 5098 ὲκπορθεί
1079 5030 1173 5082 καὶ
1195 5030 1401 5098 διώκει,
1427 5035 1522 5086 καὶ
1547 5039 1658 5089 πᾶν
1690 5054 1792 5092 xa-

194 5113 301 5163 κόν
339 5115 484 5165 κινεῖ
503 5114 616 5184 (75)
648 5115 768 5170 καθ’
793 5114 948 5189 ἦμῶν
971 5123 998 5174 ὁ
1027 5121 1346 5192 ἐπίσκοποῇ
1379 5124 1519 5180 ὥστε
1539 5129 1796 5197 ἐκδιῶξαι

193 5207 356 5276 ἡμᾶς
393 5209 460 5272 ἐκ
489 5209 586 5280 τῆς
622 5211 850 5277 πόλεως,
885 5207 1309 5287 ὡς’ἁνθρὼπους
1346 5220 1564 5287 ἀθέους,
1603 5223 1790 5297 ἐπειδὴ

190 5300 264 5352 οὐ
313 5301 716 5369 συμφωνοῦμεν
761 5306 911 5378 αὐτῷ
940 5308 1182 5382 δημοσίᾳ
1213 5310 1442 5380 λέγοντι·
1498 5315 1608 5368 Ἀεὶ
1636 5316 1794 5381 Θεὸς,

280 5458 298 5488 ¹
329 5458 454 5513 Cor;
487 5458 606 5524 ὅλος
632 5461 804 5532 αὐτῷ.

278 5614 391 5692 (74)
428 5618 591 5692 Ἅμα
635 5617 949 5684 Λσυκια-νῷ
990 5620 1059 5674 ἐν
1101 5623 1486 5692 Νικομηόεἰᾳ.
1551 5623 1799 5683 Luciatto

193 5689 560 5743 sanctissimo
595 5697 857 5759 martyre,
888 5706 1050 5760 quem
1085 5689 1449 5766 nihilominus
1479 5697 1665 5750 Ariani
1695 5715 1793 5766 pa-

198 5766 426 5818 truuum
465 5767 870 5831 auctoremque
902 5776 1059 5816 suum
1081 5761 1382 5832 jactabant.
1400 5764 1476 5823 De
1497 5781 1605 5837 quo
1631 5761 1793 5838 paulo

195 5840 338 5898 post.

1897 3267 2076 3335 Atque
2123 3267 2207 3320 ha:
2249 3263 2472 3335 quidem
2523 3265 2768 3335 epistolae
2800 3263 2934 3320 nihil
2980 3264 3127 3319 aliud
3169 3268 3488 3332 continent,

1897 3359 2056 3430 731
2097 3364 2297 3426 praeter
2329 3357 2599 3412 doctrina:
2649 3372 2764 3412 suae
2814 3357 3276 3423 declarationem,
3324 3373 3492 3428 quam

1896 3466 1993 3520 per
2038 3449 2172 3503 illud
2209 3457 2425 3518 tempus
2453 3449 2779 3504 elaboravit.
2814 3449 3018 3504 Harum
3050 3463 3238 3515 uuam,
3267 3465 3390 3520 qua:
3420 3449 3492 3505 ad

1899 3550 2118 3597 nostras
2162 3556 2362 3596 manus
2402 3542 2673 3610 pervenit.
2708 3542 2812 3596 hoc
2857 3542 2977 3596 loco
3016 3541 3368 3598 subscribere
3392 3557 3492 3597 ne-

1895 3631 2204 3687 cessarium
2256 3631 2467 3700 putavi,
2507 3639 2569 3684 ut
2605 3631 2699 3701 qui
2734 3647 2855 3686 eam
2887 3629 3145 3702 legerint,
3183 3631 3494 3702 intelligant

1896 3723 2030 3776 nihil
2075 3737 2104 3775 a
2137 3721 2294 3778 nobis
2330 3730 2523 3778 contra
2571 3724 2890 3794 quempiam
2937 3723 3283 3780 ealumniose
3313 3723 3494 3794 jacta-

1897 3828 2011 3870 tum
2043 3817 2206 3882 alias,
2237 3826 2332 3872 aut.
2362 3817 2734 3889 imprazscntia
2757 3819 2976 3889 jactari.
3010 3817 3108 3875 Est
3133 3827 3320 3876 autem
3347 3817 3494 3889 ejus-

1897 3910 2040 3964 modi
2086 3929 2100 3963 :

2497 4023 2615 4078 Arii
2644 4025 2894 4095 cpistola.

1968 4130 2056 4184 Vl.
2098 4132 2328 4187 Domino
2358 4131 2742 4200 dilectissimo,
2786 4135 2906 4188 viro
2945 4133 3066 4200 Dei,
3106 4134 3272 4198 fideli,
3305 4136 3491 4190 ortho-

1897 4222 2041 4277 d'oxo
2075 4222 2333 4289 Eusebio,
2371 4225 2556 4290 Arius,
2587 4242 2749 4296 quem
2782 4225 3097 4283 Alexander
3125 4241 3262 4297 papa
3286 4227 3494 4296 injuste

1895 4316 1968 4370 ob
2006 4315 2290 4371 victricem
2337 4317 2586 4370 omnium
2625 4319 2909 4372 veritatem
2947 4317 3279 4386 insequitur,
3326 4318 3496 4386 cujus

1895 4415 1949 4461 et
1981 4415 2035 4461 ιιι
2070 4415 2445 4479 propugnator
2477 4423 2557 4475 es,
2596 4409 2650 4460 in
2684 4407 2918 4462 Domino
2948 4409 3202 4463 salutem.

1972 4587 2107 4644 Cum
2154 4589 2482 4646 Ammonius
2523 4598 2678 4662 pater
2714 4605 2870 4648 meus
2899 4590 3276 4646 Nicomediam
3317 4593 3489 4662 pretio

1897 4679 2224 4742 ciscerctur,
2257 4697 2366 4737 non
2399 4682 2564 4737 modo
2595 4682 2794 4738 rationi
2819 4691 3353 4751 consentaneum,"
3371 4684 3488 4740 odi»-

1898 4770 1986 4826 cio
2020 4773 2258 4842 quodam
2283 4787 2312 4828 a
2345 4789 2430 4830 me
2455 4773 2696 4832 debitum
2741 4776 2952 4845 putavi,
2983 4777 3078 4830 tibi
3107 4787 3166 4831 ut
3204 4793 3300 4849 per
3334 4777 3501 4834 illum.

1900 4866 2136 4921 salutem
2168 4866 2433 4933 dicerem,
2460 4883 2678 4938 unaque
2708 4867 2964 4923 charitati
2995 4876 3124 4934 tuae,
3158 4884 3223 4924 ac
3257 4869 3491 4924 benevo-

1903 4955 2105 5018 lentiae,
2136 4971 2242 5025 qua
2271 4964 2494 5026 propter
2517 4957 2706 5020 Deum,
2735 4957 2968 5028 ejusque
2981 4957 3263 5014 Christum
3289 4959 3496 5018 fratres

1902 5047 2256 5122 prosequeris
2291 5047 2640 5116 subjicerem,
2668 5063 2832 5118 quam
2866 5065 2968 5106 nos
2997 5051 3349 5107 vehementer
3374 5053 3492 5124 cpi--

1900 5154 2104 5209 scopus
2151 5139 2418 5205 infestet,
2451 5149 2615 5212 atque
2657 5141 2931 5198 hostiliter
2980 5143 3342 5214 insequatur,
3387 5160 3492 5208 nec

1900 5230 2070 5284 ullum
2120 5232 2246 5284 mali
2277 5247 2452 5301 genus
2493 5246 2602 5286 non
2641 5233 2935 5288 adversum
2977 5251 3079 5290 nos
3107 5244 3500 5302 commoveat,

1900 5336 2076 5391 usque
2123 5337 2190 5377 eo
2231 5331 2291 5377 ut
2323 5337 2425 5377 nos
2455 5323 2619 5378 etiam
2650 5325 2799 5380 velut
2833 5325 3032 5400 impios
3075 5342 3139 5383 ac
3190 5327 3362 5383 Deum
3393 5337 3495 5382 ne«

1979 5629 2091 5699 (Ἷῦ)
2131 5630 2240 5684 Kal
2275 5626 2398 5683 πᾶν
2425 5631 2618 5684 κακὸν
2666 5630 2840 5684 κινεῖ.
2883 5629 3013 5699 Leg.
3047 5643 3114 5684 ex
3143 5627 3502 5687 Theodorcto

1905 5700 2001 5779 ιιι).
2037 5718 2080 5763 ι,
2108 5715 2232 5779 cap.
2265 5700 2319 5761 5,
2364 5700 2468 5779 ubi
2496 5701 2622 5754 haec
2651 5702 2840 5756 eadem
2880 5700 3112 5779 epistpla
3154 5701 3481 5779 continetur,

1905 5769 2082 5822 πάντα
2112 5768 2293 5824 κάλων
2328 5773 2486 5832 κινεῖ,
2519 5787 2723 5825 omnem
2749 5768 3232 5826 movct’rudcntem.
3255 5769 3494 5826 Notissi-.

1906 5856 2056 5895 tuum
2087 5851 2170 5896 est
2196 5841 2568 5906 proverbium.
