3994 6406
228 361 340 418 315

829 361 1204 420 ADVERSUS
1243 362 1585 420 "AERESES
1622 363 1752 418 LIB.
1793 362 1816 418 l

1928 360 2066 418 [⁸011.
2105 359 2170 416 ll.
2197 389 2267 403 --
2287 357 2563 415 ιιΑιιιΕδ.
2607 358 2792 415 LXIX.

3387 353 3490 410 2H

265 499 270 502 ·
293 479 369 532 Ζ’.
424 476 582 533 Ἀλλὰ
611 477 706 532 καὶ
729 477 894 548 ἄλλην
924 478 1034 533 άπὸ
1055 479 1425 550 Νικομηδείας
1465 478 1544 550 τῷ
1570 479 1813 548 άγιωτάι

1991 473 2104 530 Vll.
2145 474 2322 530 Aliam
2352 485 2612 547 praeterea
2643 474 2961 530 Nicomedia
2987 473 3054 528 ad
3083 471 3490 529 sanctissimum

224 586 300 640 τῳ
332 568 490 639 πάντα
520 567 855 639 Ἀλεξάνδρῳ
881 567 1174 638 ἀπολογίας
1209 570 1369 640 χάριν
1395 570 1556 641 δῆθεν
1577 573 1807 640 γραφεῖ-

226 677 348 724 σαν,
386 661 483 712 καὶ
509 659 678 730 χείρω
705 659 866 713 πάλιν
891 660 989 730 τῆς
1024 659 1190 714 αὑτοῦ
1226 660 1462 724 ἰοδολίας
1487 661 1807 732 ἀπαραλεί-

225 767 376 814 πτως
403 750 742 822 βλασφήμων
767 753 1026 824 ῥημάτων
1054 753 1542 825 ἐμπεπλησμένην,
1583 754 1676 808 καὶ
1711 755 1804 808 ὑπ’

223 842 394 896 αὑτοῦ
436 845 496 898 ἐν
546 844 924 918 Ἀλεξανδρείᾳ
958 844 1378 919 ἀπεσταλμένην
1431 847 1800 919 ὑπετάξαμεν.

225 936 336 989 Καὶ
366 934 516 989 ἔστιν
542 936 659 1006 ήδεο

417 1047 736 1118 Ἐπιστολὴ
778 1048 1003 1118 Ἀρείου
1027 1050 1178 1119 πρὸς
1209 1049 1628 1119 Ἀλέξανδρον.

295 1161 573 1233 Μακαρίῳ
629 1165 790 1233 πάπα
848 1162 942 1215 καὶ
1001 1161 1287 1233 ἐπισκόπῳ
1335 1161 1496 1234 ἡμῶν
1556 1159 1810 1230 Ἀλεξάν-

228 1251 341 1321 δρῳ
376 1253 428 1303 οἰ
472 1250 831 1325 πρεσϐύτεροι
875 1253 970 1306 καὶ
1000 1253 1050 1306 οἱ
1085 1253 1324 1308 διάκονοι
1368 1254 1427 1307 ὲν
1465 1253 1654 1325 Κυρίῳ
1687 1253 1808 1325 χαί-

231 1357 363 1413 ρειν.

309 1455 374 1508 Ἦ
404 1453 584 1518 πίστις
632 1454 789 1526 ἡμῶν
839 1455 872 1526 ή
913 1455 980 1508 ἐκ
1009 1454 1310 1527 προγόνων,
1351 1454 1416 1526 ἣν
1444 1453 1540 1508 καὶ
1579 1454 1687 1508 ἀπὸ
1713 1455 1806 1509 σοῦ

232 1548 652 1619 μεμαθήκαμεν,
689 1548 926 1620 μακάριε
974 1550 1153 1614 πάπα,
1192 1547 1337 1601 ἔστιν
1372 1547 1537 1617 αὔτη⁶
1578 1547 1808 1618 Οἴδαμεν

229 1640 326 1692 ἕνα
351 1639 484 1692 Θεὸν
509 1639 668 1709 μόνον
698 1640 1012 1711 ἀγέννητον,
1045 1639 1204 1710 μόνον
1225 1639 1414 1706 ἀΐδιον,
1453 1639 1614 1710 μόνον
1643 1640 1810 1710 ἄναρ-

230 1746 342 1800 χον,
375 1730 535 1800 μόνον
557 1729 830 1798 ἀληθινὸν,
866 1730 1168 1785 ἀθανασίαν
1191 1729 1404 1801 ἔχοντα,
1438 1730 1599 1801 μόνον
1623 1730 1806 1800 σοφὸν,

234 1818 394 1888 μόνον
439 1819 660 1887 ἀγαθὸν,
705 1820 866 1890 μόνον
905 1820 1190 1891 δυνάστην,
1237 1821 1396 1891 μόνον
1433 1821 1628 1892 κριτὴν
1672 1821 1808 1876 πάν-

229 1927 360 1969 των.
391 1910 687 1983 διοικητὴν,
719 1912 1022 1983 οἰκονόμον,
1061 1912 1351 1983 ἄτρεπτον,
1385 1913 1481 1965 καὶ
1519 1911 1812 1966 ἀναλλοίω-

229 2022 340 2069 τον,
368 2004 596 2071 δίκαιον,
641 2005 737 2059 καὶ
765 2005 990 2075 ἀγαθὸν.
1020 2006 1187 2078 νόμου
1233 2007 1330 2062 καὶ
1365 2007 1681 2078 προφητῶν,
1718 2007 1814 2061 καὶ

229 2097 440 2167 Καινῆς
469 2096 744 2170 Διαθήκης
771 2096 960 2152 τοῦτον
981 2098 1113 2152 Θεὸν
1137 2100 1475 2170 γεννήσαντα
1501 2098 1628 2152 Υίὸν
1654 2116 1814 2170 μονο-

231 2188 364 2259 γενῆ
386 2187 495 2260 πρὸ
515 2189 724 2261 χρόνων
752 2189 1006 2254 αίωνίων,
1030 2189 1096 2243 δι’
1122 2181 1184 2243 οὗ
1207 2190 1449 2254 καὶτοὺς
1469 2189 1692 2255 αἰῶνας,
1721 2189 1815 2244 καὶ

229 2280 300 2334 τὰ
344 2280 508 2335 λοιπά
540 2281 828 2353 πεποίηκε·
861 2283 1202 2354 γεννήσαντα
1235 2282 1292 2335 δὲ
1331 2282 1394 2335 οὐ
1424 2283 1664 2351 δοκήσει,
1698 2281 1812 2335 ἀλλ’

231 2373 480 2444 ἀληθείᾳ·
514 2373 896 2444 ὑποστήσαντα
914 2374 972 2427 δὲ
1000 2374 1115 2445 ίδίῳ
1134 2373 1418 2445 θελήματι,
1436 2373 1704 2444 ἄτρεπτον
1721 2371 1816 2426 καὶ

231 2465 608 2532 ἀναλλοίωτον,
637 2466 842 2537 κτίσμα
867 2465 960 2519 τοῦ
983 2465 1119 2520 Θεοῦ
1147 2465 1373 2530 τέλειον,
1406 2463 1638 2536 ἀλλὀὐχ
1653 2465 1728 2529 ὡς
1757 2465 1816 2520 ἓν

229 2558 340 2612 τῶν
369 2559 710 2628 κτισμάτων,
747 2558 1013 2630 γέννημα,
1049 2557 1166 2612 ἀλλ’
1188 2558 1286 2629 οὐχ
1311 2557 1388 2623 ὡς
1409 2557 1467 2610 ἓν
1487 2557 1596 2610 τῶν
1621 2573 1816 2629 γεννη-

233 2651 443 2722 μάτων·
467 2651 576 2704 οὐδ⁹
605 2651 681 2715 ὡς
712 2650 1063 2714 Οὐαλεντῖνος
1089 2650 1359 2722 προϐολὴν
1385 2649 1501 2720 (78)
1534 2650 1594 2702 τὸ
1621 2648 1816 2720 γέννη-

231 2760 310 2813 μα
336 2741 434 2794 τοῦ
457 2741 670 2814 Πατρὸς
692 2743 1067 2812 ἐδογμάτισεν*
1096 2743 1204 2796 οὐδ’
1229 2743 1302 2807 ὡς
1329 2744 1627 2813 Μανιχαῖος
1652 2744 1818 2815 μέρος

228 2831 518 2902 ὀμοούσιον
550 2831 643 2885 τοῦ
672 2831 882 2904 Πατρὸς
924 2831 987 2885 τὸ
1028 2831 1276 2903 γέννημα
1321 2833 1670 2902 εἰσηγήσατο·
1707 2831 1815 2885 οὐδ’

226 2922 304 2984 ei);
332 2919 626 2984 Σαϐέλλιος
645 2923 673 2975 6
694 2920 793 2991 τὴν
823 2921 1029 2991 μονάδα
1058 2920 1285 2992 διαιρῶν
1312 2921 1610 2992 υἰοπάτορα
1640 2918 1813 2975 εἶπεν·

230 3010 339 3064 οὐδ’
373 3009 452 3072 ὡς
487 3010 735 3084 ’ῐέρακας
768 3009 958 3080 λύχνον
988 3009 1098 3063 ἀπὸ
1129 3007 1344 3079 λύχνου,
1381 3009 1414 3082 ἢ
1446 3011 1521 3075 ὡς
1562 3010 1819 3082 λαμπάδα

232 3101 313 3164 εἷς
341 3101 457 3158 δύο·
488 3101 609 3156 οὐδὲ
635 3101 727 3155 τὸν
753 3101 882 3155 ὄντα
913 3101 1176 3174 πρότερον
1208 3101 1433 3175 ὕστερον
1461 3103 1814 3176 γεννηθέντα,

237 3195 276 3266 ἦ
315 3193 694 3248 ἐπικτισθέντα
728 3195 808 3258 εἰς
836 3192 984 3258 Υἱὺν,
1015 3193 1086 3260 ὼς
1132 3194 1228 3248 καὶ
1257 3195 1321 3248 σὺ
1358 3195 1541 3260 αὐτὸς,
1581 3197 1819 3268 μακάριε

247 3286 428 3348 πάπα,
465 3287 518 3339 ἐν
558 3286 699 3359 μέσῃ
723 3303 782 3339 τε
813 3285 1079 3359 ἐκκλησίᾳ
1119 3289 1214 3342 καί
1253 3289 1529 3361 συνεδρίῳ.
1561 3290 1820 3345 πλειστά-

245 3393 335 3435 κις
366 3379 482 3439 τοὺς
507 3379 678 3432 ταῦτα
710 3381 1180 3451 εἰσηγησαμένους
1221 3381 1630 3454 ἀπηγόρευσα;’
1667 3383 1805 3449 ἀλλ’,

241 3470 321 3532 ὡς
362 3463 580 3540 φαμὲν,
604 3469 868 3540 θελήματι
909 3469 1003 3524 τοῦ
1037 3470 1171 3523 Θεοῦ
1217 3471 1323 3543 πρὸ
1355 3473 1562 3544 χρόνων
1591 3473 1685 3527 καὶ
1713 3475 1819 3545 πρὸ

236 3559 453 3615 αἰώνων
483 3559 791 3620 κτισθέντα.
819 3560 911 3617 καὶ
934 3561 994 3614 τὸ
1023 3561 1122 3632 ζῇν
1151 3561 1247 3616 καὶ
1281 3562 1342 3616 τὸ
1368 3561 1507 3617 εἶναι
1547 3565 1700 3635 παρὰ
1723 3564 1818 3618 τοῦ

234 3653 453 3725 Πατρδς
475 3652 752 3724 εἰληφότα,
781 3653 876 3706 καὶ⁹
902 3652 1000 3720 τὰς
1022 3653 1178 3718 δόξας
1199 3655 1706 3726 συνυποστήσαντος
1725 3658 1822 3711 αὑ-

201 3741 313 3812 ’τῷ
351 3741 447 3794 τοῦ
477 3742 721 3814 Πατρός·
754 3739 816 3795 οὗ
845 3740 959 3814 γὰρ
981 3743 1010 3795 6
1039 3742 1232 3814 Πατὴρ
1251 3742 1374 3805 δοὺς
1410 3742 1560 3813 αὐτῷ
1600 3743 1820 3801 πάντων

232 3836 336 3924 τῂν
386 3833 750 3905 κληρονομίαν
797 3834 1090 3907 ἐστέρησεν
1138 3834 1328 3887 ἐαυτὸν
1355 3833 1415 3887 τὸ
1447 3835 1462 3866 ¹
1511 3836 1823 3907 άγεννήτως

234 3925 386 3995 ἔχειν
410 3926 467 3977 ἐν
496 3925 691 3994 ἐαυτῷ.
726 3925 885 3996 Πηγὴ
913 3926 1022 3996 γάρ
1050 3925 1166 3978 ἐστι
1189 3924 1426 3980 πάντων.

1915 581 2108 637 papam
2133 567 2503 624 Alexandrum
2529 567 2689 638 quasi
2720 566 3022 622 excusandi
3044 566 3129 622 sui
3157 566 3328 636 gratia
3354 573 3494 621 serto

1914 662 2023 728 psit
2060 659 2220 731 longe
2279 662 2565 732 superiore
2617 661 2708 714 illa
2741 660 3006 730 pejorem,
3041 674 3163 730 qua;
3194 665 3310 713 tota
3344 657 3522 712 illius.

1913 756 2001 804 est
2045 764 2275 815 veneno,
2323 765 2391 806 ac
2439 749 2853 805 contumeliosis
2899 749 2954 802 in
2993 749 3238 803 divinum
3288 761 3493 802 numen

1913 840 2143 896 vocibus
2186 840 2410 906 referta,
2450 857 2618 912 quam
2666 839 3091 897 Alexandrinam
3139 839 3311 896 misit.
3360 837 3494 892 Eam

1915 945 2019 987 nos
2049 932 2450 1002 subjiciendam
2483 933 2819 1003 putavimus.

2247 1040 2494 1112 Epistola
2523 1041 2640 1096 Arii
2671 1041 2741 1095 ad
2772 1042 3164 1097 Alexandrum.

1983 1155 2151 1212 Beato
2201 1172 2352 1229 papae
2387 1165 2442 1212 et
2472 1158 2728 1230 episcopo
2761 1165 2950 1214 nostro
3003 1153 3333 1220 Alexandro,
3363 1135 3490 1226 pre-

1914 1239 2116 1321 sbyteri
2145 1261 2200 1306 et
2227 1249 2464 1316 diaconi,
2502 1253 2734 1306 salutem
2765 1250 2821 1305 in
2863 1249 3115 1304 Domino.

1987 1466 2150 1524 Fides
2173 1468 2266 1524 illa
2301 1484 2467 1539 quam
2495 1476 2604 1526 eta
2633 1468 2936 1539 majoribus
2977 1470 3316 1539 accepimus,
3366 1476 3422 1524 et
3462 1484 3494 1524 a

1915 1569 1970 1616 te
1996 1560 2311 1624 didicimus.
2349 1561 2668 1618 beatissime
2697 1576 2856 1633 papa,
2899 1561 3171 1632 ejusmodi
3203 1571 3289 1616 est
3316 1559 3333 1615 τ
3365 1561 3497 1616 Cre-

1915 1656 2098 1711 dimus
2140 1669 2310 1709 unum
2329 1653 2496 1710 Deum
2518 1693 2535 1719 ,
2587 1655 2764 1710 solum
2796 1654 3118 1726 ingenitum,
3144 1654 3320 1710 solum
3339 1661 3498 1708 arter-

1916 1759 2069 1808 num,
2121 1743 2302 1798 solum
2349 1742 2614 1814 principio
2687 1729 2988 1809 carentem,
3053 1743 3234 1799 solum
3281 1759 3496 1809 verum,

1918 1836 2096 1889 solum
2147 1834 2532 1898 immortalem,
2567 1834 2746 1890 solum
2799 1834 3123 1906 sapientem.
3171 1833 3350 1890 solum
3401 1833 3499 1889 bo-

1919 1938 2074 1998 num,
2107 1922 2286 1977 solum
2322 1931 2732 1994 praepotentem,
2760 1924 2939 1978 solum
2958 1923 3227 1993 judicem,
3251 1922 3500 1979 omnium

1919 2013 2316 2070 moderatorem
2365 2023 2420 2070 ct
2464 2016 2998 2079 administratoretn.
3082 2015 3370 2068 immotum
3446 2021 3504 2068 et

1919 2101 2336 2170 immutabilem,
2369 2104 2603 2174 justum,
2653 2106 2888 2173 bonum,
2928 2103 3067 2174 legis
3111 2117 3167 2164 et
3205 2105 3498 2176 propheta—

1920 2209 2062 2258 rum,
2098 2209 2162 2250 ac
2201 2193 2337 2250 Novi
2371 2195 2707 2252 Testameuti
2741 2198 2951 2268 pariter-
2992 2195 3162 2250 Deum
3185 2234 3202 2261 ,
3251 2197 3344 2267 qui
3378 2195 3503 2250 uni-

1920 2286 2161 2357 genitum
2203 2285 2403 2342 Filium
2452 2297 2581 2344 ante
2623 2289 2961 2359 sempiterna
3006 2295 3253 2358 tempora
3285 2286 3500 2358 genuit,

1922 2392 2018 2447 per
2056 2393 2219 2448 quem
2257 2387 2312 2434 et
2346 2380 2570 2445 saecula,
2600 2387 2656 2435 et
2689 2381 2903 2451 reliqua
2949 2378 3259 2450 procreavit
3287 2377 3498 2433 omnia.

1921 2465 2189 2524 Genuisse
2221 2485 2390 2540 porro
2415 2470 2653 2527 dicimus
2688 2471 2891 2540 reipsa,
2926 2484 3036 2525 non
3078 2469 3267 2541 specie
3317 2480 3503 2534 tenus,

1922 2573 1987 2613 ac
2013 2560 2402 2616 subsistentem
2427 2562 2579 2617 illum
2605 2572 2799 2632 suapte
2826 2563 3107 2619 voluntate
3137 2561 3489 2624 condidisse;

1921 2638 2215 2718 ejusmodi,
2247 2659 2305 2704 ut
2332 2667 2511 2722 neque
2541 2651 2814 2715 converti.
2843 2667 3024 2723 neque
3053 2651 3258 2707 mutari
3289 2650 3462 2722 possit
3487 2667 3505 2720 ;

1923 2742 2220 2812 perfectam
2259 2742 2353 2798 Dei
2383 2752 2716 2807 creaturam.
2750 2743 2843 2799 sed
2878 2760 2987 2800 non
3020 2751 3282 2815 tanquam
3318 2757 3504 2798 rerum

1923 2842 2229 2888 creatarum
2273 2835 2513 2905 aliquam
2547 2855 2559 2890 :
2588 2835 2756 2890 fetum
2798 2835 3033 2902 itidem,
3081 2835 3178 2891 sed
3228 2850 3336 2890 non
3387 2843 3508 2889 tan-

1923 2939 2085 2994 quam
2133 2942 2300 2981 unum
2330 2944 2360 2983 e
2392 2929 2602 2983 caeteris
2637 2943 2778 2994 ;nec
2818 2927 3281 2999 quemadmodum
3321 2924 3509 2981 Valen-

1926 3015 2075 3072 tinus
2109 3020 2479 3083 asseverabat,
2501 3020 2851 3076 emissionem
2880 3017 3175 3092 quamdam
3211 3017 3364 3072 illum
3387 3032 3510 3072 esse

1925 3103 2102 3162 Patris
2153 3107 2363 3162 fetum:
2403 3117 2498 3162 aut
2551 3117 2610 3162 ut
2659 3107 3000 3164 Manichazus.
3045 3105 3509 3163 eumdem'illum

1847 3228 1890 3288 ο
1927 3195 2093 3250 fetum
2141 3207 2346 3267 partem
2387 3213 2509 3254 esse
2549 3198 2688 3252 dixit
2735 3197 2885 3254 Patri
2932 3197 3457 3254 consubstantialem
3491 3212 3522 3270 ξι

1925 3305 2104 3360 neque
2139 3301 2196 3344 ut
2228 3290 2504 3348 Sabeilius
2538 3293 2631 3363 qui
2673 3294 2935 3348 unitatem
2965 3293 3176 3352 divisit.
3200 3300 3264 3347 et
3310 3291 3510 3345 F‘llium

1925 3380 2139 3436 Patrem
2174 3384 2505 3454 appellavit;
2544 3402 2653 3442 non
2685 3387 2845 3456 733
2872 3387 3000 3442 item
3035 3393 3096 3440 ut
3112 3383 3395 3448 Hieracas,
3425 3383 3511 3436 lu-

1925 3487 2146 3528 cernam
2180 3490 2212 3531 e
2257 3475 2500 3540 lucerna,
2555 3485 2651 3531 aut
2701 3477 3004 3546 lampadem
3048 3477 3102 3529 in
3148 3473 3288 3529 duas
3327 3479 3512 3542 partes

1927 3564 2178 3629 divisam,
2209 3582 2386 3638 neque
2415 3583 2542 3624 vero
2562 3569 2855 3640 ejusmodi,
2881 3577 2940 3623 ut
2960 3561 3084 3625 cum
3106 3568 3261 3639 prius
3292 3565 3508 3626 fuisset.

1929 3665 2117 3727 postea
2169 3659 2241 3714 sit
2287 3659 2543 3727 genitus,
2602 3675 2667 3716 ac
2709 3661 2892 3716 denuo
2945 3667 3164 3716 creatus
3200 3658 3257 3713 in
3291 3655 3511 3710 Filium.

1931 3747 2401 3813 Quemadmodum
2435 3758 2492 3804 tu
2535 3750 2672 3821 ipse,
2695 3750 3016 3806 beatissime
3044 3763 3206 3820 papa,
3243 3745 3423 3801 media
3457 3745 3513 3799 in

1927 3841 2180 3905 ecclesia,
2221 3851 2276 3897 et
2304 3859 2570 3899 consessu
2608 3858 2983 3916 schenumero
3020 3842 3114 3912 qui
3147 3841 3264 3896 haec
3295 3832 3514 3894 assere-

1929 3941 2050 3987 rent
2082 3933 2369 4001 refutasti;
2403 3936 2521 4001 sed,
2557 3945 2617 3990 ut
2646 3936 2907 4001 diximus,
2942 3933 3036 3992 Dei
3067 3935 3349 3990 voluntate
3382 3938 3510 3986 ante

238 4025 514 4086 tempora,
546 4025 602 4070 et
643 4018 840 4072 srecula
877 4018 1061 4071 omnia
1117 4025 1383 4081 creatum,
1438 4025 1498 4072 ut
1535 4017 1761 4085 viveret,
1816 4029 1981 4092 atque
2028 4031 2198 4090 esset,
2249 4041 2280 4080 a
2318 4023 2481 4082 Patre
2525 4029 2804 4099 accepisse
2845 4026 3173 4084 conﬁtemur
3210 4043 3224 4080 :
3262 4022 3398 4078 adeo
3447 4030 3508 4076 ut

233 4106 432 4162 eadem
464 4109 556 4162 illa
587 4109 863 4164 creatione
893 4106 1124 4178 gloriam
1158 4110 1210 4165 ei
1247 4107 1408 4164 Pater
1446 4109 1902 4185 splendoremque
1948 4118 2244 4173 contulerit
2294 4135 2308 4172 :
2347 4134 2524 4190 neque
2560 4120 2706 4174 enim
2761 4119 3187 4177 existimandum
3241 4124 3348 4176 est.
3403 4114 3507 4168 Pa-

236 4201 404 4263 tr‘em,
447 4214 571 4254 cum
606 4201 852 4255 omnium
883 4216 1071 4257 rerum
1141 4201 1193 4257 ei
1240 4201 1644 4272 possessionem
1714 4205 1974 4274 traderet,
2021 4209 2123 4265 sibi
2164 4209 2268 4280 ipsi
2315 4211 2460 4280 quod
2506 4209 2747 4282 ingenita
2789 4211 3025 4283 quadam
3061 4210 3116 4266 in
3178 4222 3238 4264 se
3288 4205 3506 4265 ratione

233 4294 556 4349 continebat
584 4295 871 4350 ademisse.
914 4294 1060 4352 Fons
1083 4295 1230 4351 enim
1259 4295 1349 4351 ille
1375 4297 1618 4350 omnium
1651 4307 1755 4352 est.

315 4388 398 4441 H'.
435 4386 597 4440 ’Ὥστε
645 4389 791 4459 τρεῖς
850 4387 986 4442 εἰσιν
1043 4388 1388 4453 ὑποστάσεις,
1440 4387 1649 4460 Πατὴρ,
1688 4388 1817 4453 Tib;

1998 4389 2130 4446 Vlll.
2168 4389 2532 4458 Quamobrem
2584 4401 2696 4447 tres
2753 4399 2882 4447 sunt
2932 4390 3275 4461 hypostases,
3328 4385 3509 4451 Pater,

232 4480 338 4534 καὶ
368 4478 524 4546 ἅγιον
551 4478 791 4550 Πνεῦμα.
814 4480 924 4532 Καὶ
941 4481 970 4534 6
999 4479 1099 4551 μέν
1119 4479 1251 4543 Θεὸς
1278 4480 1449 4542 αἴτιος
1468 4479 1576 4533 τῶν
1607 4479 1816 4534 πάντων

1932 4479 2126 4544 Filius,
2163 4481 2412 4551 Spiritus‘
2436 4493 2683 4538 sanctus.
2721 4481 2786 4535 Et
2816 4479 3038 4552 quidem
3071 4479 3234 4543 Deus,
3265 4493 3390 4533 cum
3424 4493 3512 4533 re-

233 4571 526 4642 τυγχάνων
554 4572 699 4626 ἐστὶν
727 4571 977 4643 ἄναρχος,
1011 4571 1339 4644 μονώτατος·
1369 4571 1398 4624 ὁ
1412 4571 1470 4626 δὲ
1505 4572 1651 4638 Υἱὸς,
1671 4572 1829 4645 ἀχρό-

319 4723 336 4755 ¹
367 4722 428 4779 F.
452 4721 566 4778 τοῦ.

237 4921 242 4925 -
313 4882 431 4951 (78)
473 4881 608 4936 Οὐδ’
657 4882 739 4949 ὡς
797 4881 1195 4948 Οὑωὶεντῖνος
1239 4882 1565 4951 προϐολήν.
1604 4879 1827 4937 llicron.

229 4953 400 5016 Apol.
423 4953 460 5007 ‘2
485 4955 544 5022 iit
581 4951 701 5020 Ruf.
737 4951 974 5006 Habetur
1001 4953 1255 5022 Dialogus
1286 4951 1427 5021 apud
1452 4951 1662 5022 Graecos
1701 4951 1831 5006 Ori-

217 5025 410 5093 gem'a,
439 5033 487 5076 et
511 5020 740 5076 Candidi
779 5020 1175 5093 Yalentinianai
1197 5020 1452 5076 lia'reseos
1486 5021 1779 5088 defensoris
1811 5035 1830 5074 .°

232 5091 346 5160 (in)
375 5109 504 5160 quos
536 5093 667 5146 duos
698 5091 1010 5146 Andabatas
1063 5093 1418 5160 digladiantes
1463 5094 1600 5146 inter
1631 5107 1686 5145 se
1714 5109 1830 5160 spe-

232 5175 416 5217 ctasse
465 5179 544 5216 me
577 5164 767 5230 fateor.
811 5163 949 5218 Dicit
981 5163 1277 5224 Candidus,
1321 5161 1518 5215 Filium
1553 5163 1615 5216 de
1651 5161 1830 5214 Patris

227 5249 354 5289 esse
403 5232 726 5304 substantia,
757 5250 941 5304 errans
973 5234 1026 5286 in
1056 5249 1114 5304 eo
1145 5235 1284 5303 quod
1314 5233 1584 5304 ηεροδολήν
1614 5233 1827 5285 asserit.

232 5304 290 5356 Ε
323 5303 530 5372 regione
554 5303 805 5372 Origenes
819 5303 982 5372 juxta
1012 5301 1199 5356 Arium
1230 5313 1278 5355 et
1312 5301 1630 5372 Eunomium
1676 5317 1835 5372 repu-

228 5369 395 5442 gnat,
420 5390 540 5426 eum
562 5374 638 5428 vel
653 5369 930 5442 prolatum
945 5390 1076 5432 esse.
1101 5373 1178 5428 vel
1200 5383 1402 5435 natum,
1424 5389 1486 5426 ne
1508 5371 1648 5426 Deus
1671 5369 1831 5424 Pater

226 5444 513 5498 dividatur
539 5444 589 5497 in
620 5455 816 5511 partes.
852 5443 1128 5499 Marianus
1166 5442 1475 5513 Hieroayuii
1505 5443 1829 5513 scholiastes

234 5513 516 5586 προϐολήν
572 5514 662 5568 hic
719 5528 842 5570 esse
858 5513 1054 5586 _credit
1093 5512 1478 5586 excellentium,
1511 5521 1564 5567 et
1593 5512 1824 5586 ἐξοχήνε

227 5581 300 5640 εί
322 5581 512 5640 errare
533 5591 823 5652 propterea
845 5583 1172 5642 Candidum.
1201 5583 1347 5652 quod
1389 5581 1600 5652 Patrem
1636 5581 1823 5635 excel-

231 5651 542 5709 lentior-em
561 5651 701 5724 Filio
717 5653 943 5708 diceret.
978 5652 1086 5709 Sed
1117 5651 1260 5708 aliud
1281 5661 1366 5709 est
1392 5651 1636 5724 προϐολή
1653 5665 1816 5724 quam

228 5724 570 5806 exrelleulia.
606 5723 794 5793 Neque
818 5724 961 5806 enim
982 5733 1130 5806 recte
1156 5724 1424 5806 quispiam
1440 5721 1689 5806 ’προϐολή
1715 5721 1822 5806 dici

233 5805 454 5866 μυηθῇ
489 5796 595 5851 hoc
624 5788 1059 5851 est-eaccllentia
1087 5788 1296 5865 majore
1323 5788 1600 5867 pneditus.
1635 5788 1821 5862 Itaque

1936 4588 2058 4628 rum
2089 4572 2334 4628 omnium
2362 4583 2530 4630 causa
2562 4573 2653 4639 sit,
2689 4573 2843 4630 solus
2874 4589 2942 4630 ex
2977 4570 3235 4627 omnibus
3258 4568 3525 4641 principii-

1929 4879 2203 4952 προϐολήν
2239 4877 2562 4934 Valentinus
2597 4876 3015 4952 promictionem
3047 4875 3319 4942 ejusmodi
3350 4891 3512 4952 voca-

1929 4945 2044 5020 bat,
2083 4945 2190 5020 qua
2214 4956 2557 5020 procreatqu
2589 4945 2658 5001 ab
2689 4946 2960 5020 {Eonibus
2990 4945 3174 5020 Jesuni
3208 4947 3510 5003 asserebat.

1930 5015 2556 5087 Nimirum'composito
2615 5031 2679 5070 ac
2729 5018 3050 5087 constitutor
3081 5015 3406 5080 Pleromate,
3457 5025 3515 5072 et

1938 5089 2116 5145 IEone
2162 5086 2432 5149 restituto,
2453 5087 2519 5142 de
2579 5087 2853 5141 communi
2907 5086 3152 5140 omnium
3208 5088 3511 5151 voluntate,

1931 5178 2054 5215 cum
2093 5159 2473 5230 unusquisque
2519 5156 2664 5227 quod
2702 5157 3514 5230 liabcbat“praestantissimum

1936 5231 2233 5292 conferret,
2258 5226 2482 5283 'novum
2517 5226 2807 5294 quemdam
2836 5227 3108 5297 prodiisse
3140 5227 3332 5291 fetum,
3358 5226 3512 5297 vide-

1934 5303 2059 5356 licet
2101 5299 2309 5360 Jesum.
2361 5299 2478 5352 sive
2530 5297 2809 5352 Christum
2837 5295 2922 5351 _et
2981 5296 3340 5351 Salvatorem.
3375 5295 3514 5355 Vide

1935 5371 2136 5426 Haeres.
2171 5370 2258 5431 51,
2292 5384 2442 5422 ιιιιιιι.
2487 5368 2582 5433 l5;
2617 5366 2707 5422 ilbi
2736 5365 2946 5421 Eunus
2975 5367 3267 5435 omnesalt
3305 5361 3512 5435 προϐα-

1928 5440 2114 5494 λέσθαι
2175 5439 2467 5508 πρόϐλημα
2518 5439 2598 5500 εἰς
2651 5437 2817 5507 τιμὴν
2845 5437 2954 5508 καὶ
2983 5435 3144 5508 δόξαν
3175 5433 3270 5508 τοῦ
3310 5432 3509 5508 Ε’νθοζιι

1927 5511 2055 5567 llaec
2105 5518 2188 5564 est
2218 5503 2610 5562 'Valen'tiniaiia
2670 5503 3193 5578 n'poﬁokquIiOqui
3220 5503 3512 5578 ⁸προϐολήν

1943 5581 2096 5637 Verbi
2124 5579 2523 5649 productionem
2563 5573 2839 5649 appellare
2893 5573 3349 5649 nillil__prol_i_ibe_t_.
3384 5573 3447 5626 Et
3479 5573 3534 5630 ἁ.

1925 5642 2188 5721 Gregorio
2223 5650 2481 5721 Nazianz.
2526 5642 2865 5716 cretei-isque
2894 5642 3149 5705 Patribus
3181 5642 3343 5704 Verbi
3377 5657 3528 5720 προτ.

1925 5719 2116 5786 ϐολεήύς
2144 5721 2304 5779 Fater
2338 5719 2670 5778 nominat-tm.
