3994 6416
224 358 332 424 221

871 371 1241 432 ADVERSUS
1280 373 1627 432 11ᾸΞῐὶΕ8Ε8
1653 374 1792 435 LIB.
1833 375 1846 431 1

1953 377 2109 436 ΐΟὶΙ.
2153 377 2304 434 ll.—
2331 379 2610 438 llAiRES.
2654 378 2840 437 LXIX.

3407 375 3514 432 2η

304 499 406 552 IB'.
439 498 662 570 Ἄρειος
695 497 874 552 τοίνυν
905 488 1060 561 οὗτος
1090 495 1422 568 ἑνεπνεύσθη
1453 496 1562 550 ὑπὸ
1580 496 1819 552 διαϐολι-

1999 498 2117 556 XII.
2155 499 2340 556 Redeo
2364 501 2476 572 jam
2507 501 2575 555 ad
2608 501 2822 567 Arium,
2854 497 2948 569 qui
2984 495 3212 570 pessimi
3246 492 3513 552 daemonis

231 591 339 661 ιῆς
376 592 676 662 δνεργείας,
723 591 819 645 καὶ
847 588 1274 663 ἀθυρογλὼττως
1313 590 1633 660 ἀναισχυντὶ
1662 590 1824 662 φερό-

236 699 422 752 μινυς,
475 683 683 754 ἐπῆρεν
738 681 906 736 αὐτοῦ
955 682 1057 753 τὴν
1095 680 1348 750 γλῶτταν
1379 681 1522 736 κατὰ
1551 680 1648 736 τοῦ
1693 682 1822 736 ἰδίου

235 775 539 840 (δεσπότου,
558 768 619 830 ιε
645 773 822 846 ἀρχῆς
851 772 1013 844 δῆθεν
1033 771 1133 844 τὴν
1158 771 1312 843 παρὰ
1340 772 1420 843 τῷ
1450 771 1723 844 Σολομῶνι
1766 774 1826 826 ὲν

231 866 359 928 ταῖς
413 863 580 918 αὐτοῦ
631 863 965 936 Παροιμίαις
1005 863 1216 930 λέξεσιν
1264 862 1604 936 ἑρμηνεῦσαι
1643 863 1827 934 βουλό-

237 972 426 1025 μενος,
450 954 534 1017 τδ,
573 954 628 1008 Ὀ
662 955 876 1022 Κύριος
893 952 1098 1008 ἕκτισέ
1111 970 1192 1023 με
1217 953 1421 1022 ἀρχὴν
1435 952 1592 1008 ὁδῶν
1614 952 1824 1019 αὐτοῦ,

238 1048 355 1115 πρὸ
376 1045 486 1101 τοῦ
516 1043 1101 1114 αἰῶνος-ἐθεμελίωσέ
1112 1061 1212 1115 με.
1255 1046 1358 1098 Ἐν
1383 1043 1544 1114 ἀρχῇ
1572 1043 1688 1113 πρὸ
1719 1041 1828 1098 τοῦ

238 1137 357 1205 τὴν
402 1137 521 1206 γῆν
573 1136 848 1206 ποιῆσαι.
888 1135 990 1190 καί
1026 1135 1143 1204 πρὸ
1199 1136 1308 1190 τοῦ
1362 1136 1471 1203 τὰς
1517 1137 1832 1203 ἀϐύσσους

239 1229 512 1298 ποιῆσαι,
544 1229 660 1300 πρὸ
697 1229 803 1283 τοῦ
831 1229 1153 1297 προελθεῖν
1175 1229 1284 1295 τὰς
1308 1228 1507 1300 πηγὰς
1534 1228 1654 1283 τῶν
1680 1228 1830 1285 ὑδά-

237 1337 381 1383 των.
432 1321 546 1389 πρὸ
602 1320 712 1374 τοῦ
769 1321 876 1388 ὄρη
921 1319 1307 1389 ἑδρασθῆναι,
1338 1319 1452 1388 πρὸ
1483 1318 1554 1373 δὲ
1587 1318 1834 1374 πάντων

233 1413 486 1479 βουνῶν
526 1412 713 1485 τεν-γᾷ
759 1430 854 1483 με.
905 1414 1098 1468 Ἔνθεν
1137 1413 1287 1485 αὐτῷ
1340 1415 1374 1486 ὴ
1418 1413 1696 1485 εἰσαγωγὴ
1731 1412 1835 1483 τῆς

238 1505 454 1577 ⁸πελᾶν-ης
483 1505 792 1577 γεγένηται.
811 1505 922 1559 Καὶ
953 1507 1054 1560 οὐκ
1077 1505 1300 1577 ᾐδέσθη,
1334 1507 1429 1560 καὶ
1447 1507 1499 1559 oi
1522 1505 1690 1560 αὑτοῦ
1723 1522 1830 1576 μα·-

241 1601 430 1672 θηταὶ,
469 1599 675 1670 κτίσμα
727 1597 1024 1652 ἀποκαλεῖν
1054 1598 1148 1652 τδν
1195 1597 1268 1652 τὰ
1317 1597 1498 1652 πάντα
1547 1597 1832 1661 κτίσαντα,

240 1691 336 1746 τὸν
364 1691 432 1745 ὲκ
475 1689 691 1760 Πατρὸς
721 1688 968 1760 ἁχρόνως
1008 1688 1102 1742 καὶ
1135 1687 1391 1759 ἀνάρχως
1434 1685 1837 1757 γεγεννημίνον

243 1783 437 1852 Λόγον.
465 1781 667 1836 Λοιπὸν
690 1780 748 1834 δὲ
771 1780 880 1834 ἀπὸ
901 1779 996 1834 τοῦ
1028 1779 1148 1844 ἑνὸς
1170 1778 1361 1833 τούτου
1406 1779 1566 1847 λόγου
1604 1779 1686 1842 εἰς
1707 1777 1838 1832 πολ-

241 1875 344 1938 λὰς
367 1874 461 1928 καὶ
492 1871 668 1935 κακὰς
698 1870 921 1943 τρίϐους
943 1870 1142 1933 ἐλάσας
1161 1870 1260 1941 τὴν
1282 1867 1476 1922 ἑαυτοῦ
1495 1868 1836 1940 κακότροπον
1869 1859 1909 1914 Β

244 1963 496 2036 γνώμην,
543 1963 638 2016 καὶ
664 1963 714 2015 oi
770 1962 866 2014 ἀπ’
908 1959 1074 2014 αὑτοῦ
1121 1959 1356 2030 διάδοχοι
1398 1960 1586 2032 μυρία,
1622 1959 1716 2012 καὶ
1740 1959 1840 2010 ἑπ-

243 2055 431 2109 ἑκεινα
461 2056 544 2116 είς
561 2053 654 2107 τὸν
676 2052 805 2105 Υίὸν
827 2050 920 2104 τοῦ
951 2049 1088 2104 Θεοῦ
1117 2050 1214 2104 καὶ
1237 2052 1317 2114 είς
1345 2051 1408 2103 τὺ
1439 2049 1593 2118 ἆγιον
1615 2047 1839 2118 Πνεῦμα

247 2145 640 2215 βλασφημῆσαι
685 2140 1071 2215 ἐπεχείρησαν.
1127 2139 1447 2211 Παρὲλυσαν
1500 2137 1578 2201 δὲ,
1616 2137 1693 2202 ὡς
1751 2137 1827 2188 εί-

245 2212 482 2299 πεῖνξτδ
499 2212 684 2302 στῖφος
710 2231 806 2286 καὶ
835 2212 935 2301 τὴν
961 2230 1214 2311 ὁμόνοιαν
1239 2230 1339 2299 τῆς
1363 2229 1524 2298 ἁγίας
1554 2228 1647 2281 καὶ
1668 2225 1828 2298 ὀρθο-

245 2327 398 2392 δόξου
421 2325 656 2388 πίστεως
695 2324 790 2377 καὶ
841 2322 1186 2393 Ἐκκλησίας,
1219 2321 1280 2373 οὐ
1305 2321 1392 2374 διὰ
1415 2320 1514 2390 τῆς
1541 2318 1725 2374 αὐτῶν
1758 2318 1842 2371 δυ-

248 2417 469 2488 νάμεως
513 2416 549 2487 ἢ
604 2415 816 2484 σοφίαςο
866 2414 1036 2481 ὀλίγοι
1081 2411 1191 2484 γὰρ
1252 2412 1303 2466 οί
1355 2409 1788 2482 προσκληθέντες
1823 2409 1840 2441 ¹

249 2507 616 2578 ἠπατημένοι,
659 2504 849 2559 πολλοὶ.
877 2503 934 2556 δὲ
985 2503 1035 2556 oi
1085 2501 1374 2573 ὑποκρίσει
1405 2500 1838 2562 ὑπεισδύνοντες.

248 2598 446 2653 Πολλοὶ
472 2596 533 2650 δὲ
565 2595 660 2649 καὶ
684 2594 827 2649 κατὰ
855 2593 978 2664 βίαν
1019 2591 1094 2663 μὴ
1124 2590 1341 2661 ἔχοντες
1376 2588 1550 2652 οὕτως
1597 2588 1844 2642 κοινωνοὶ

243 2691 362 2754 τοις
382 2689 568 2751 αὐτοῖς
591 2685 971 2756 τυγχάνουσιν.
1003 2683 1193 2745 Οὐδεὶς
1219 2681 1278 2735 δὲ
1324 2680 1530 2735 τούτων
1562 2679 1842 2751 πρόξενος,

246 2782 390 2836 ἀλλὰ
424 2779 640 2852 πρῶτον
697 2779 798 2849 μὲν
841 2775 1134 2847 δοκιμασία
1183 2773 1413 2836 πιστῶν,
1471 2771 1734 2843 βασιλέων
1787 2771 1846 2824 δὲ

248 2871 698 2943 ὑπερασπισμδς,
717 2869 861 2940 ἀρχὴ
889 2869 988 2939 μὲν
1016 2865 1396 2927 Κωνστάντιος
1415 2863 1444 2916 ὁ
1483 2861 1754 2934 βασιλεὺς,
1776 2859 1848 2914 τὰ

255 2968 358 3038 μὶν
399 2965 536 3021 ἄλλα
560 2965 736 3018 πάντα
762 2960 1066 3032 πρᾶος-καὶ
1097 2958 1323 3028 ἀγαθὸς,
1355 2957 1432 3019 ὡς
1475 2956 1593 3020 υίὸς
1629 2953 1724 3008 τοῦ
1751 2975 1847 3027 με-

251 3059 425 3128 γάλου
463 3058 561 3110 καὶ
595 3054 802 3110 τελείου
834 3051 1248 3107 Κωνσταντίνου
1270 3047 1365 3102 τοῦ
1398 3046 1704 3111 θεοσεϐοῦς,
1756 3047 1850 3100 καὶ

255 3151 444 3204 πίστιν
475 3147 643 3220 ὀρθὴν
685 3145 957 3216 ἀληθινῶς
1011 3142 1408 3211 πεφυλακότος,
1466 3139 1564 3192 καὶ
1591 3137 1758 3192 αὑτοῦ
1789 3138 1848 3192 δὲ

262 3239 362 3294 τοῦ
386 3236 762 3292 Κωνσταντίου
795 3236 908 3305 (87)
955 3231 1240 3296 θεοσεϐοῦς
1287 3231 1462 3294 δντος,
1515 3229 1609 3283 καὶ
1639 3227 1847 3296 ἀγαθοῦ

268 3327 412 3381 κατὰ
441 3325 663 3388 πολλοὺς
687 3324 945 3396 τρόπους·
977 3324 1034 3375 ὲν
1071 3321 1246 3391 τούτῳ
1275 3321 1331 3373 δὲ
1367 3319 1550 3389 μόνον,
1580 3318 1640 3372 ἐν
1664 3318 1742 3388 τῷ
1775 3317 1850 3389 μὴ

263 3417 408 3472 κατὰ
435 3418 534 3487 τὴν
561 3415 748 3470 πίστιν
780 3415 876 3469 τοῦ
919 3412 1124 3484 πατρὸς
1149 3412 1312 3466 αὑτὸν
1332 3410 1652 3473 ὡδευκέναι,
1679 3409 1850 3478 ἐσφά-

258 3511 351 3581 λη,
381 3510 483 3562 οὐκ
505 3509 596 3577 ἀφ’
636 3507 833 3560 ἑαυτοῦ
864 3505 1066 3570 αἰτίας,
1104 3503 1244 3558 ἀλλὰ
1270 3503 1380 3557 ἀπὸ
1407 3502 1518 3556 τῶν
1547 3501 1852 3572 μελλόντων

253 3600 449 3657 δοῦναι
488 3600 646 3669 λόγον
683 3601 764 3664 είς
810 3598 1028 3670 ἡμέραν
1055 3597 1290 3670 κρίσεως
1327 3594 1436 3648 τῶν
1465 3593 1686 3665 δοκήσει
1730 3595 1852 3646 ἑπι-

260 3694 488 3748 σκόταυν
540 3691 868 3762 λεγομένων,
943 3686 1434 3760 παραφθειράντων
1487 3685 1545 3738 δὲ
1573 3684 1674 3757 τὴν
1718 3683 1854 3738 Θεοῦ

256 3783 527 3856 ἀληθινὴν
583 3783 790 3836 πίστινο
838 3780 1038 3843 οἵτινες
1104 3778 1288 3850 ἔχουσι
1326 3776 1513 3832 δοῦναι
1552 3775 1713 3846 λόγον
1759 3775 1857 3830 καὶ

259 3876 410 3946 ὑπὲρ
431 3875 539 3945 ,τῆς
580 3875 839 3938 πίστεως,
881 3873 977 3926 καὶ
1005 3871 1148 3942 ὑπὲρ
1171 3870 1281 3924 τῶν
1310 3869 1568 3940 διωγμῶν
1593 3869 1690 3938 τῆς
1730 3869 1856 3921 Ἐκ-

260 3963 518 4036 κλησίας,
549 3963 644 4016 καὶ
666 3961 936 4016 τοσούτων
964 3960 1171 4024 κακῶν,
1205 3959 1301 4012 καὶ¹
1329 3959 1504 4027 φόνων
1526 3957 1634 4010 τῶν
1665 3957 1722 4009 ὲν
1738 3958 1858 4019 ταῖς

275 4056 631 4128 Ἐκκλησίαις
649 4056 834 4109 ἕνεκεν
849 4052 1028 4108 αὐτῶν
1042 4050 1446 4122 γεγενημένων,
1470 4048 1565 4104 καὶ
1585 4047 1692 4102 τῶν
1713 4047 1858 4102 λαῶν

259 4150 375 4204 τῶν
402 4149 462 4201 ὲν
491 4146 743 4218 ὑπαίθρῳ
775 4145 856 4199 ἔτι
882 4143 1042 4215 δεῦρο
1073 4142 1344 4197 τοσούτων
1369 4140 1646 4212 μυριάδων
1678 4139 1859 4211 θλίψιν

265 4239 679 4313 ὑπομενουσῶν,
708 4238 803 4292 καὶ
831 4237 971 4309 ὑπὲρ
1009 4234 1174 4289 αὐτοῦ
1212 4233 1304 4287 τοῦ
1349 4232 1655 4305 μακαρίτου
1705 4233 1862 4285 Κων-

269 4337 527 4391 σταντίου
565 4334 662 4389 τοῦ
692 4335 784 4389 ὑπ’
818 4333 1000 4388 αὐτῶν
1055 4331 1499 4403 πεπλανημένου,
1540 4329 1636 4383 καὶ
1669 4328 1862 4400 ἀγνοή-

268 4446 467 4493 σαντες
491 4429 590 4499 τὴν
617 4427 802 4481 πίστιν
826 4426 927 4496 τῆς
950 4425 1282 4498 ὀρθοδοξίας,
1304 4423 1400 4477 καὶ
1428 4421 1748 4486 ὑπείξαντος
1772 4421 1864 4474 αὐ-

1931 588 2112 645 aﬁlatu
2146 591 2261 660 pari
2295 591 2492 661 linguae
2515 589 2976 645 immoderationo
3000 594 3058 643 ct
3087 585 3427 658 impudentia
3452 599 3519 641 os

1931 699 2092 739 suum
2113 683 2379 740 adversus
2403 682 2692 738 Dominum
2717 682 2912 738 elierre
2934 695 3042 735 non
3067 678 3360 734 dubitavit.
3377 675 3518 734 Cum

1932 774 2184 844 inprimis
2240 775 2496 830 videlicet
2541 774 2853 830 Salomonis
2904 773 3054 828 illam
3105 773 3162 826 in
3207 769 3522 825 Proverbiis

1933 867 2264 922 sententiam
2299 867 2650 939 interpretari
2679 867 2883 922 vellet:
2925 865 3186 920 Dominus
3219 865 3420 916 creauit
3442 875 3522 913 me

1931 958 2246 1026 principium
2293 958 2501 1012 viarum
2551 971 2804 1021 suarum;
2845 964 2968 1010 ante
3018 953 3226 1009 secuta
3280 951 3522 1021 fundavit

1936 1066 2036 1113 me,
2079 1050 2134 1103 in
2157 1049 2312 1103 initio
2350 1042 2633 1119 antequam
2667 1057 2866 1103 terram
2912 1047 3127 1116 faceret,
3161 1055 3211 1100 et
3240 1058 3522 1114 antequam

1936 1149 2137 1195 crearet
2162 1140 2382 1210 abyssos
2400 1155 2420 1205 ;
2441 1150 2728 1212 antequam
2751 1139 3026 1211 prodirent
3048 1139 3219 1208 fontes
3240 1152 3518 1207 aquarum,

1938 1243 2217 1302 antequam
2244 1245 2444 1289 montes
2483 1233 2853 1303 ﬁrmarentur,
2884 1241 3007 1285 ante
3037 1245 3216 1286 omnes
3247 1227 3406 1282 colles
3433 1243 3524 1297 ge-

1939 1325 2054 1379 nuit
2081 1325 2220 1379 me'.
2247 1322 2388 1378 Hinc
2412 1325 2620 1380 erroris
2652 1324 2740 1378 sui
2775 1321 3153 1376 introduc-cudi
3177 1317 3526 1374 occasionem

1940 1424 2138 1473 nactus
2163 1425 2268 1472 est.
2290 1415 2402 1470 Nec
2429 1415 2582 1469 illum
2615 1414 2807 1484 ejusve
2839 1411 3141 1482 discipulos
3170 1410 3364 1480 puduit
3393 1406 3525 1461 Ver-

1934 1509 2069 1562 bum
2111 1507 2266 1567 illud.
2308 1507 2454 1577 quod
2494 1506 2678 1561 onmia
2721 1505 2948 1572 ereavit,
2980 1503 3126 1574 quod
3157 1517 3187 1555 a
3218 1499 3383 1554 Patre
3411 1499 3528 1554 sine

1942 1609 2186 1670 tempore
2215 1599 2482 1668 initioque
2515 1599 2759 1670 genitum
2806 1605 2912 1660 est,
2940 1601 3274 1670 creaturam
3323 1591 3528 1647 dicere.

1942 1686 2065 1756 Qua
2089 1707 2154 1746 ex
2193 1707 2298 1744 una
2334 1706 2468 1745 voce
2494 1689 2751 1759 deinceps
2783 1689 2836 1742 in
2868 1688 3036 1742 multa
3068 1701 3132 1740 ac
3170 1699 3336 1755 prava
3366 1695 3517 1737 erro-

1945 1795 2066 1833 rum
2097 1779 2420 1834 divertieula
2467 1779 2898 1834 consceleratam
2934 1785 3170 1831 mentem
3208 1775 3529 1838 immittens,

1939 1888 2040 1928 nec
2072 1871 2190 1943 ipse
2221 1871 2404 1935 modo,
2436 1871 2530 1926 sed
2567 1871 2689 1941 ejus
2718 1877 2775 1926 ct
2804 1869 3068 1924 doctrinae
3098 1877 3401 1923 sectatores
3430 1865 3518 1919 iu-

1940 1965 2122 2020 ﬁnitas
2151 1964 2206 2018 in
2244 1963 2335 2018 Dei
2365 1962 2559 2018 Filium
2610 1977 2676 2018 ac
2714 1961 2979 2032 Spiritum
3026 1970 3280 2017 sanctum
3331 1965 3531 2013 contu-

1941 2057 2129 2110 melias
2163 2055 2440 2124 conjicere
2481 2069 2590 2108 non
2635 2055 2975 2109 dubitarunt.
3023 2052 3196 2108 Porro
3257 2051 3419 2106 iidem
3455 2049 3534 2105 illi

1939 2153 2146 2200 sanctae
2169 2154 2224 2201 et
2253 2145 2574 2200 orthodoxae
2620 2146 2773 2210 ﬁdei,
2821 2156 2984 2216 atque
3011 2144 3271 2200 Ecclesiae
3311 2141 3538 2199 confer-

1942 2243 2054 2287 tum
2087 2234 2255 2288 veluti
2297 2234 2520 2304 globum
2566 2233 3036 2303 concordiamque
3083 2232 3390 2293 solverunt,
3423 2244 3535 2284 non

1941 2323 2050 2376 ulla
2081 2320 2310 2392 quidem
2345 2322 2590 2392 ipsorum
2625 2321 2677 2375 vi
2715 2331 2810 2376 aut
2839 2321 3112 2390 sapientia
3145 2339 3160 2375 :
3197 2322 3358 2390 pauci
3387 2320 3535 2376 enim

1941 2413 2010 2467 ab
2047 2413 2116 2467 iis
2159 2413 2401 2476 inducti,
2452 2428 2518 2468 ac
2550 2413 2908 2468 circumventi
2941 2423 3101 2478 sunt;
3133 2412 3229 2468 sed
3267 2412 3536 2483 plerique,

1943 2512 2038 2558 aut
2075 2520 2172 2573 per
2212 2505 2624 2560 simulationem
2679 2506 3034 2576 obrepentes,
3091 2511 3186 2558 aut
3231 2507 3282 2558 vi
3333 2503 3536 2571 coacti,

1943 2611 2069 2650 cum
2106 2596 2265 2666 longe
2310 2596 2456 2649 aliud
2507 2597 2560 2650 in
2607 2596 2795 2650 animo
2825 2595 3094 2659 foverent,
3128 2597 3312 2651 socios
3342 2611 3402 2651 se
3430 2594 3540 2650 illis

1944 2687 2105 2758 737
2141 2687 2533 2757 adjunxernnt.
2563 2685 2751 2758 Neque
2783 2705 2912 2744 vero
2944 2689 2996 2744 id
3031 2689 3254 2744 aliunde
3274 2687 3541 2754 concilia-

1945 2788 2060 2833 tum
2096 2789 2205 2842 est,
2255 2779 2360 2834 nisi
2409 2780 2556 2849 quod
2596 2780 2664 2834 ad
2703 2780 2944 2836 ﬁdelium
2995 2782 3379 2851 probationem
3426 2781 3478 2834 id
3510 2795 3541 2834 ε

1949 2869 2057 2924 Deo
2083 2870 2412 2940 permissum
2438 2880 2542 2926 est.
2574 2873 2827 2927 Accessit
2856 2886 2910 2928 et
2944 2874 3338 2944 imperatorum
3367 2871 3542 2936 favor,

1948 2957 2110 3026 cujus
2157 2958 2374 3014 initium
2411 2975 2441 3013 a
2473 2960 2804 3016 Constantio
2853 2962 3190 3032 imperatore
3233 2961 3542 3032 profectum

1949 3056 2054 3103 est.
2109 3047 2212 3114 Qui
2245 3064 2370 3103 cum
2403 3052 2622 3107 caeteris
2669 3051 2722 3106 in
2755 3052 2918 3107 rebus
2951 3053 3327 3122 perhumanus
3360 3067 3425 3106 ac
3453 3053 3544 3107 bo-

1954 3157 2058 3195 nus
2087 3149 2254 3204 esset.
2290 3150 2480 3210 utpote
2530 3144 2710 3212 magni
2761 3145 2926 3205 illius,
2957 3152 3009 3199 et
3051 3145 3106 3198 in
3139 3146 3288 3198 omni
3322 3144 3546 3200 virtutis

1952 3246 2152 3301 genere
2183 3232 2436 3300 perfecti.
2465 3234 2821 3304 religiosique
2850 3236 3203 3292 Constantini
3240 3236 3408 3298 ﬁlius.
3449 3236 3546 3306 qui

1953 3325 2226 3378 sinceram
2259 3339 2326 3377 ex
2359 3325 2544 3378 animo
2575 3326 2734 3379 ﬁdem
2772 3333 3099 3382 constanter
3138 3327 3408 3393 retinuit;
3450 3327 3548 3383 sed

1951 3423 2007 3469 ct
2029 3412 2390 3467 Cottstantius
2421 3415 2540 3483 ipse
2573 3415 2697 3484 pius
2732 3415 3006 3486 alioquin,
3041 3431 3106 3470 ac
3139 3417 3332 3472 multis
3361 3417 3550 3486 probi-

1955 3505 2082 3560 tatis
2129 3505 2470 3559 ornamentis
2523 3505 2810 3574 praaditus,
2861 3491 2969 3560 bac
3009 3522 3116 3561 una
3153 3522 3213 3561 re
3250 3507 3547 3572 aberravit,

1955 3595 2108 3666 quod-
2133 3611 2245 3650 non
2278 3597 2548 3666 impressa
2583 3611 2612 3650 a
2650 3605 2879 3668 parente
2911 3595 3034 3652 ﬁdei
3067 3596 3297 3666 vestigia
3325 3604 3551 3654 secutus

1955 3693 2061 3740 est.
2091 3683 2250 3751 Quod
2304 3685 2485 3756 ipsum
2536 3695 2722 3742 tamen
2773 3701 2883 3740 non
2934 3687 3084 3742 illius
3121 3688 3284 3756 culpa
3325 3687 3548 3754 factum,

1957 3776 2050 3832 sed
2081 3778 2471 3834 nonnullormn
2496 3777 2711 3844 fraude,
2739 3779 2832 3848 qui
2865 3779 3037 3834 in-die
3061 3779 3258 3849 jud‘ieii
3285 3781 3551 3835 rationem

1957 3868 2228 3924 reddituri
2262 3875 2424 3934 sunt;
2451 3869 2543 3939 qui
2569 3871 2757 3940 specie
2777 3885 2842 3925 ac
2868 3873 3094 3927 nomine
3123 3880 3284 3928 tenus
3308 3872 3552 3942 episcopi

1960 3959 2236 4016 sinceram
2270 3959 2363 4015 Dei
2397 3960 2557 4014 ﬁdem
2599 3962 3034 4030 labefactat-unt;
3078 3979 3109 4018 a
3135 3965 3337 4035 quibus
3362 3964 3553 4035 procul

1960 4051 2131 4106 dubio
2167 4067 2279 4105 non
2320 4053 2499 4121 ipsius
2551 4053 2716 4108 modo
2764 4053 2888 4110 ﬁdei
2941 4053 3222 4112 reddenda
3274 4057 3418 4110 ratio
3444 4062 3554 4118 est,

1962 4148 2059 4203 sed
2105 4148 2535 4204 insectationum
2588 4145 2847 4202 Ecclesiae
2884 4146 3154 4213 omnium,
3185 4161 3250 4201 ac
3275 4155 3556 4200 tantarum

1961 4239 2364 4300 calamitatum,
2405 4245 2461 4293 et
2498 4237 2753 4302 caedium,
2791 4252 2915 4307 quae
2943 4236 2997 4291 in
3032 4236 3312 4292 Ecclesias
3336 4236 3556 4289 illorum

1962 4345 2130 4387 causa
2178 4330 2440 4384 derivata:
2492 4336 2656 4392 sunt;
2721 4343 2937 4383 necnon
2972 4335 3028 4383 et
3067 4326 3408 4381 inﬁnitarum
3454 4326 3557 4380 lto-

1964 4424 2171 4478 minum
2201 4421 2458 4482 millium,
2489 4435 2611 4490 quae
2643 4421 2698 4474 in
2728 4419 3056 4474 hodiernum
3083 4433 3258 4488 usque
3287 4417 3432 4471 diem
3461 4431 3557 4470 vs-

265 4523 386 4585 τοῑς
425 4521 501 4584 ὡς
556 4519 760 4593 ίερεῦσι
803 4517 947 4572 κατὰ
991 4517 1235 4586 ἄγνοιαν,
1267 4515 1637 4585 ἀγνοήσαντος
1677 4512 1778 4582 τὴν
1803 4513 1846 4564 επ

1969 4515 2064 4568 riis
2103 4512 2366 4568 aerumnis
2410 4521 2568 4567 extra
2603 4511 2769 4566 urbes
2814 4526 2880 4566 ae
2926 4518 3072 4565 tecta
3126 4508 3556 4573 conﬂictantur;

269 4612 460 4676 αὐτοῖς
491 4611 696 4682 πλάνην
724 4609 824 4679 τῆς
855 4607 1180 4677 τυφλὼσεως
1209 4606 1304 4660 καὶ
1323 4603 1688 4667 κακοπιστίας
1705 4619 1863 4672 γενο-

267 4705 446 4776 μένης
474 4705 540 4757 ὲκ
562 4703 807 4757 διαὸὁλου
841 4700 1222 4772 παρασκευῆς.

1970 4614 2250 4679 postremo
2279 4613 2332 4658 et
2363 4602 2507 4658 beati
2537 4617 2756 4672 quoque
2783 4599 3095 4656 Constantii
3130 4599 3187 4654 in
3217 4612 3462 4654 errorem
3488 4596 3558 4652 ab

1971 4697 2083 4751 illis
2133 4694 2366 4758 inducti,
2421 4692 2514 4763 qui
2573 4703 2736 4748 rectae
2791 4691 2916 4746 ﬁdei
2962 4689 3209 4760 regulam
3263 4686 3557 4758 ignoravit,

264 4799 576 4870 eademque
599 4798 905 4870 ignorantia
936 4797 1001 4852 ad
1030 4796 1249 4850 illorum
1279 4809 1339 4849 se
1371 4800 1560 4863 utpote
1589 4791 1935 4848 sacerdotum
1965 4793 2382 4847 auctoritatem
2415 4788 2856 4844 accommodavit
2891 4826 2908 4853 ,
2970 4786 3118 4858 quod
3169 4785 3352 4856 ipsum
3401 4797 3560 4839 error

267 4894 517 4957 illorum,
546 4909 610 4948 ac
640 4893 880 4954 caecitas,
917 4891 1323 4961 depravataque
1355 4887 1513 4953 ﬁdes,
1545 4897 1602 4944 et
1633 4903 1700 4944 ex
1737 4887 1944 4943 diaboli
1988 4887 2235 4958 profecta
2271 4885 2505 4940 consilio
2534 4884 2748 4938 lateret.

341 4988 444 5040 lI".
473 4987 736 5058 Δεύτερον
765 4985 847 5040 ἐτι
873 4985 1124 5055 ὲνίσχυσε
1152 4983 1265 5055 (88)
1290 4983 1351 5038 τὸ
1382 4984 1586 5037 τούτων
1615 4983 1861 5054 ἑρπετῶ-

265 5080 360 5142 δες
394 5079 759 5150 ἐργαστήριον
791 5077 858 5130 δι’
899 5076 1160 5130 Εὐσεϐίου
1206 5075 1302 5128 τοῦ
1342 5073 1723 5138 ὑπεισδύντος,
1759 5073 1862 5127 ικαὶ

267 5169 750 5242 παραφθείραντος
810 5170 911 5241 τὴν
966 5168 1135 5240 ἀκοὴν
1193 5168 1355 5222 πάλιν
1411 5166 1712 5228 Οὐάλεντος
1771 5165 1866 5218 τοῦ

271 5263 566 5325 θεοσεϐοῦς
598 5262 895 5333 βασιλέως,
935 5261 1031 5316 καὶ
1075 5259 1506 5323 εὐλαϐεστάτου,
1552 5258 1648 5311 καὶ
1682 5257 1868 5326 θεοφιο

354 5422 373 5454 ³
399 5416 462 5472 F.
505 5417 944 5488 προσκλιθέντες.
1020 5416 1040 5447 ³
1076 5416 1238 5472 Prov.
1270 5432 1392 5480 vut,
1426 5414 1498 5468 22
1521 5430 1674 5486 seqq.

347 5536 464 5607 (87)
499 5534 610 5607 Καὶ
650 5534 861 5607 αὐτοῦ»
882 5533 951 5587 δὲ
1001 5533 1110 5607 τοῦ
1164 5531 1612 5607 Κωνσταντίου.
1674 5529 1866 5607 _Sitnile

275 5601 543 5668 huic,'ac
591 5606 753 5674 longe
794 5605 958 5659 etiam
1017 5602 1472 5658 honoriﬁcentius
1531 5613 1588 5674 et
1625 5601 1862 5674 liberius

275 5679 524 5743 ejusdem
576 5669 937 5747 impératoris‘
968 5674 1204 5747 elogium
1235 5680 1416 5747 exstat
1449 5672 1590 5742 apud
1621 5669 1861 5747 Nazian-

277 5741 470 5803 senum
507 5748 566 5801 in
604 5741 793 5816 priore
821 5741 1215 5816 στηλιτεῦτικῷ
1237 5741 1411 5816 :q_uod
1429 5741 1674 5816 oratorio
1695 5756 1871 5806 more,

277 5833 342 5876 ac
363 5817 585 5875 dicendi
608 5813 855 5888 impetu,
887 5813 944 5872 et
969 5815 1156 5871 calore
1185 5814 1472 5886 profusum
1502 5813 1677 5886 magis
1703 5826 1869 5883 quam

2040 4981 2176 5036 Xlll.
2219 4981 2466 5035 Accessit
2513 4987 2568 5033 et
2617 4979 2722 5031 alia
2772 4991 2963 5040 causa,
2997 4991 3120 5045 qua:
3163 4974 3292 5030 huic
3324 4989 3554 5045 serpen-

1976 5081 2090 5127 tum
2119 5071 2349 5126 oﬁicinze
2378 5071 2670 5140 plurimum
2690 5068 2890 5136 adjecit
2909 5067 3132 5130 virium,
3156 5066 3428 5122 Eusebius
3456 5065 3562 5121 sci-

1979 5165 2126 5224 licet.
2160 5163 2253 5232 qui
2285 5161 2482 5216 callide
2517 5177 2576 5215 se
2620 5160 2932 5224 insinuans,
2992 5157 3234 5214 Valentis
3284 5173 3448 5213 aures
3488 5157 3562 5227 pii

1974 5271 2040 5311 ac
2087 5255 2327 5326 religiosi
2362 5251 2733 5324 imperatoris,
2765 5266 2830 5308 ac
2877 5251 3048 5308 divini
3081 5251 3328 5307 numinis
3372 5263 3564 5304 aman-

1971 5541 2038 5583 cx
2076 5525 2152 5578 rei
2178 5524 2409 5579 veritate
2445 5526 2753 5595 profectum
2777 5523 3016 5578 videtur.

2044 5585 2483 5664 (88)VA£t'tt8pOt‘
2512 5596 2602 5648 ἔτι
2646 5595 2967 5664 ἐνίσχυσε.
3015 5590 3139 5664 ~Non
3198 5588 3266 5644 ab
3297 5585 3562 5664 Eusebio,

1965 5667 2060 5726 sed
2076 5659 2146 5720 ab
2166 5659 2440 5730 Eudoxio,
2461 5667 2552 5735 qui
2569 5659 3234 5735 Constantinopolitanam
3253 5659 3452 5735 sedem‘
3463 5673 3562 5735 oc-

1978 5727 2566 5810 cupara_t_._baptiiatus
2587 5745 2672 5794 cst
2691 5734 2908 5790 Valens.
2936 5727 3118 5800 Quare
3149 5747 3251 5804 pro
3275 5727 3564 5796 Εὑσεδίου,

1978 5805 2116 5884 Ιεέε,
2153 5805 2426 5873 Εὑὸοξίου.
