3994 6420
493 356 600 410 ἳξῦ
1245 375 1254 384 ··
1963 360 2023 414 8.
2069 360 2083 415 I

2187 358 2408 416 PllANll
2873 365 2878 370 ’
3651 369 3737 428 Eii

495 477 698 530 tissimi
755 479 1020 548 corrupit.
1057 478 1161 544 Qui
1196 479 1344 549 quod
1407 482 1478 536 ab
1529 482 1622 536 illo
1681 480 1956 550 baptismo
2010 487 2083 535 sit

2187 482 2328 547 λοῦς.
2377 486 2592 557 Ἐπειδὴ
2629 489 2736 557 γὰρ
2773 489 2906 558 παρ’
2935 483 3100 542 αὑτοῦ
3126 489 3187 542 τὸ
3210 489 3436 559 λουτρὸν
3454 491 3741 561 ἐκομίσατο,

498 568 770 631 initiatus,
829 586 893 625 ea
945 585 1114 626 causa
1157 571 1416 626 videlicet
1452 572 1574 636 fuit,-
1619 587 1720 627 eur
1753 573 1867 626 haec
1916 572 2083 627 factio

2188 574 2280 627 διὰ
2331 575 2589 646 τοιαύτης
2630 577 2941 641 ὑποθέσεως
2987 579 3324 650 ἠδυνήθησαν
3360 575 3509 634 οὗτοι
3557 583 3742 653 στῆναι.

497 661 716 717 stabilis
751 677 816 715 ac
859 661 1012 715 firma
1045 663 1396 718 consisteret.
1447 663 1584 718 Nam
1627 664 1834 734 alioqui
1863 662 2085 733 jamdu-

495 750 623 804 dum
673 752 756 805 vel
819 766 850 804 a
904 752 1248 809 mulierculis
1304 769 1369 808 ac
1423 753 1690 823 puerulis,
1746 769 1815 807 nc
1861 753 2084 808 adultos

492 856 941 906 commemorem,
965 844 1058 912 qui
1100 857 1265 898 recta:
1298 844 1424 899 lidei
1456 860 1522 898 ac
1545 845 1825 914 religionis
1845 844 2086 899 exactis-

495 927 632 982 sima
664 929 906 985 scientia-
929 931 1142 1000 praediti
1174 941 1326 997 sunt,
1357 934 1432 988 ab
1462 935 1552 997 iis,
1589 933 1835 1002 inquam,
1872 934 1964 1002 qui
1998 933 2084 988 vel

493 1019 820 1074 tenuissima
873 1022 1121 1078 veritatis
1175 1025 1368 1078 notitia
1419 1024 1626 1096 perfusi
1681 1035 1832 1088 sunt,
1889 1024 2084 1094 primis

494 1111 837 1179 temporibus
866 1112 1138 1168 confutati
1175 1114 1460 1185 fugatique
1486 1124 1696 1177 essent,
1728 1123 1992 1185 tanquam
2024 1124 2084 1171 et

497 1201 554 1256 in
593 1201 884 1258 Dominum
931 1207 1335 1268 contumeliosi.
1376 1215 1432 1263 et
1463 1209 1619 1262 alteri
1657 1209 1880 1279 quidam
1932 1209 2082 1265 illius

493 1289 901 1358 interfectores,
938 1308 1004 1349 ac
1049 1294 1262 1351 Domini
1317 1298 1492 1352 nostri
1542 1297 1672 1354 Jesu
1709 1299 1916 1354 Christi
1959 1313 2086 1368 per—

496 1382 651 1438 fecta:
698 1384 1005 1442 divinitatis
1037 1402 1323 1445 eversores
1368 1407 1381 1444 :
1434 1390 1486 1444 id
1532 1391 1681 1460 quod
1731 1391 2088 1461 imperatoris

497 1476 681 1530 favore
703 1492 768 1529 ac
793 1479 1098 1547 patrocinio
1120 1489 1504 1550 susceperunt.
1529 1491 1590 1535 ut
1617 1496 1810 1536 eorum
1831 1481 2084 1535 omnium

497 1567 768 1620 malorum
823 1577 1080 1625 auctores
1113 1579 1320 1633 essent,
1352 1587 1475 1640 quae
1518 1580 1572 1625 et
1599 1572 1866 1627 hactenus
1903 1572 2088 1626 exsti-

493 1667 698 1725 terunt,
728 1667 784 1715 et
818 1661 1090 1732 hodieque
1123 1679 1220 1733 per
1255 1662 1378 1718 illos
1411 1661 1774 1728 Alexandria},
1827 1662 2086 1718 Nicome-

495 1751 630 1814 diae,
682 1755 734 1806 in
790 1751 1185 1823 MesOpotamia
1235 1769 1300 1808 ac
1350 1753 1642 1809 Palaestina
1704 1754 2080 1818 concitantur,

496 1843 702 1912 ubique
735 1853 1002 1907 praisente
1041 1861 1107 1901 ac
1148 1854 1471 1916 protegente
1507 1847 1776 1916 principe.

566 1935 732 2004 738
769 1934 912 1990 XIV.
950 1935 1318 2002 Quamobrem
1370 1954 1436 1994 ex
1488 1939 1591 1992 hac
1623 1954 1730 1992 una
1761 1954 1916 2004 voce,
1959 1954 2086 2009 qua)

498 2024 554 2078 in
590 2023 904 2083 Proverbiis
941 2026 1258 2084 Salomonis
1307 2030 1503 2099 legitur
1538 2049 1552 2084 :
1588 2029 1846 2084 Dominus
1889 2033 2082 2085 creavit

494 2133 575 2170 me
611 2117 822 2171 initium
854 2120 1059 2173 viarum
1095 2135 1310 2174 suarum
1358 2123 1414 2175 in
1460 2137 1618 2192 opera
1670 2139 1768 2176 sua
1800 2123 1844 2186 ¹,
1878 2130 2078 2177 cmtera

495 2207 567 2261 ab
621 2208 730 2262 illis
785 2211 1188 2281 excogitantur,
1245 2227 1366 2282 q:::e
1419 2222 1695 2283 utcunque
1742 2213 1808 2267 ad
1863 2213 2084 2266 illorum

493 2298 798 2354 orationem
863 2303 1268 2357 accommodari
1313 2312 1567 2373 possunt,
1601 2314 1656 2359 et
1689 2303 1937 2359 eamdem
1983 2307 2086 2358 lia-

495 2391 622 2446 bere
661 2392 795 2455 vim,
849 2408 913 2448 ac
968 2407 1337 2451 consentanea
1369 2413 1493 2452 esse
1524 2397 1798 2462 videntur,
1831 2412 1957 2451 cum
2003 2405 2087 2450 ta-

494 2497 619 2536 men
652 2499 828 2551 neque
860 2500 1042 2539 sermo
1073 2486 1211 2556 ipse,
1259 2501 1360 2542 nec
1405 2487 1614 2557 reliqua
1645 2489 1814 2542 verba
1842 2487 1910 2542 de
1941 2487 2084 2542 divi-

494 2571 666 2643 nitate
698 2571 818 2626 Filii
857 2572 952 2628 Dei
995 2577 1324 2631 mentionem
1354 2578 1520 2631 ullam
1553 2578 1824 2647 ejusmodi
1856 2580 2081 2634 faciant.

490 2663 714 2718 Addunt
736 2673 790 2719 et
819 2667 925 2720 alia
950 2667 1198 2736 quaedam
1231 2669 1318 2724 his
1353 2670 1554 2724 similia
1587 2672 1730 2734 loca,
1755 2672 1904 2726 velut
1935 2673 2081 2742 quod

492 2757 565 2811 ab
594 2758 858 2827 Apostolo
887 2760 1152 2830 scriptum
1177 2773 1262 2816 est
1296 2782 1309 2817 :
1346 2763 1579 2832 Accipite
1616 2765 1915 2834 pontiﬁcem
1940 2782 2072 2819 con-

493 2851 737 2919 fessionis
773 2863 977 2914 vestrte,
1012 2852 1218 2920 ﬁdelem
1245 2855 1294 2907 ei
1343 2856 1438 2924 qui
1475 2857 1596 2923 fecit
1636 2858 1808 2925 ipsum
1835 2860 1890 2925 ';
1941 2859 2070 2913 item

493 2960 558 2997 ex
590 2943 820 2999 Joannis
858 2942 1154 3012 Evangelio
1187 2963 1200 2999 :
1238 2944 1343 2999 Hic
1393 2956 1469 3000 est
1504 2945 1566 2999 de
1597 2963 1698 3016 quo
1732 2946 1846 3000 dixi
1893 2948 2036 3001 vobis
2064 2963 2084 3000 :

494 3036 601 3101 Qui
627 3045 743 3100 post
773 3053 852 3090 me
880 3037 1037 3097 vertit,
1065 3045 1188 3090 ante
1229 3053 1311 3091 me
1338 3037 1511 3104 factus
1545 3047 1624 3091 est
1659 3037 1680 3069 ³
1705 3056 1719 3104 ;
1765 3047 1819 3093 et
1849 3040 1904 3094 in
1932 3040 2086 3094 Actis

493 3128 868 3195 apostolorum
895 3145 907 3180 :
938 3126 1135 3181 Notum
1167 3129 1310 3182 vobis
1345 3131 1435 3193 sit,
1465 3131 1636 3183 omnis
1665 3129 1854 3184 domus
1890 3131 2082 3197 Israel,
2113 3159 2158 3214 ο

493 3219 633 3288 quod
665 3221 802 3272 hunc
856 3219 1040 3274 Iesum
1081 3239 1230 3291 quem
1279 3238 1368 3276 vos
1409 3223 1778 3292 cruciﬁxistis,
1809 3235 1858 3277 et
1901 3223 2082 3278 Domi-

494 3325 620 3365 num
647 3321 694 3364 et
727 3310 998 3366 Christum
1020 3311 1207 3367 Jesum
1235 3312 1373 3367 Deus
1402 3313 1523 3383 fecit
1553 3315 1598 3367 ⁸.
1631 3316 1707 3368 Ac
1739 3315 1787 3370 si
1821 3331 1928 3385 qua
1959 3329 2090 3374 sunt

493 3403 708 3470 generis
760 3403 1007 3472 ejusdem
1063 3405 1195 3459 alia.
1238 3404 1369 3471 Quae
1419 3406 1601 3460 omnia
1651 3406 1718 3461 ad
1750 3408 2085 3472 cautionem,

495 3503 549 3546 et
579 3494 1040 3559 obserVationem,
1071 3504 1125 3551 et
1155 3497 1558 3566 propulsandos
1585 3497 1773 3553 hostes
1805 3499 1860 3552 in
1899 3515 2087 3568 prom-

495 3595 590 3655 ptu
648 3602 773 3642 esse
823 3587 1051 3642 debent.
1113 3587 1310 3642 Hostes
1358 3588 1506 3641 enim
1560 3602 1750 3644 revera
1801 3589 2088 3643 insidiato-

497 3693 695 3743 resque
731 3687 878 3732 sunt.
915 3681 994 3733 Ac
1031 3679 1220 3733 nescio
1268 3694 1336 3732 an
1382 3679 1448 3732 ad
1486 3679 1634 3748 ipsos
1663 3695 1966 3749 eorumque
2011 3681 2088 3735 εἰη

496 3769 656 3823 mites
707 3768 1009 3838 Scriptum
1066 3770 1223 3823 locus
1275 3770 1365 3823 illo
1419 3771 1710 3824 conveniat
1753 3788 1767 3824 :
1817 3770 2086 3841 Exsurgat

497 3859 666 3922 Deus,
699 3870 746 3913 et
769 3859 1094 3928 dissipentur
1123 3861 1323 3914 inimici
1355 3863 1469 3930 ejus
1499 3863 1546 3926 ⁵,
1579 3878 1702 3917 cum
1733 3863 1952 3917 interim
1985 3863 2086 3916 do-

497 3951 716 4006 mestici
743 3966 866 4006 esse
895 3952 1205 4008 videantur.
1237 3952 1438 4008 Verum
1471 3956 1653 4010 nullus
1673 3964 1758 4010 est
1782 3954 2085 4011 domestico

495 4041 658 4096 hoste
690 4042 931 4097 deterior
963 4061 976 4098 :
1010 4027 1224 4098 Inimici
1257 4047 1394 4099 enim
1427 4045 1654 4102 hominis
1695 4063 1876 4102 onum
1911 4047 2084 4103 dome-

494 4135 617 4189 stici
662 4135 775 4204 ejus
806 4137 850 4190 '.
884 4135 1039 4202 Quod
1072 4127 1250 4207 ipsum
1277 4137 1528 4195 fortassis
1572 4147 1628 4194 et
1658 4141 1711 4195 in
1748 4141 1872 4198 istis
1903 4142 2083 4196 locum

497 4229 680 4282 habet.

567 4318 685 4375 XV.
725 4319 859 4373 Nam
906 4320 1222 4375 rabidorum
1270 4337 1470 4377 canum
1526 4339 1678 4380 more
1712 4331 1972 4397 tanquam
2024 4327 2079 4381 in

494 4409 752 4463 inimicos
785 4409 1058 4464 insiliunt.
1109 4409 1184 4464 lta
1235 4427 1365 4466 vero
1407 4412 1618 4481 jactare
1648 4421 1702 4469 et
1741 4414 2082 4485 interrogare

2201 665 2353 718 Ἐπεὶ
2388 666 2458 719 ἂν
2481 666 2718 720 ἔκπαλαι
2749 667 2844 721 καὶ
2879 669 2988 722 ὑπὸ
3021 670 3294 737 γυναικῶν
3324 671 3422 723 καὶ
3449 671 3744 742 παιδαρίων,

2184 753 2248 806 οὐ
2270 753 2414 822 λέγω
2433 755 2562 826 περὶ
2583 756 2692 809 τῶν
2714 757 3128 828 ὲντελεστέρων,
3149 759 3260 813 τῶν
3279 761 3384 832 τὴν
3411 764 3590 815 πᾶσαν
3616 765 3746 835 ἀκρί-

2185 845 2340 900 ϐειαν
2385 848 2484 916 τῆς
2516 846 2828 913 θεοσεϐείας
2863 850 2961 904 καὶ
2987 850 3223 916 πίστεως
3258 853 3358 923 τῆς
3389 853 3554 924 ὀρθῆς
3587 856 3745 922 ἐπιγι-

2187 939 2530 1003 νοκικόντων,
2565 940 2701 994 ἀλλὰ
2733 941 2830 995 καὶ
2865 942 2972 997 ὑπὸ
3020 943 3130 996 τῶν
3172 961 3226 997 τι
3265 945 3373 998 ἀπό
3400 945 3621 1015 μέρους,
3659 947 3749 1001 κᾶν

2184 1028 2246 1082 τὸ
2268 1029 2428 1098 τυχὸν
2452 1031 2554 1101 τῆς
2581 1030 2838 1101 ἀληθείας
2867 1033 3275 1103 ἐπισταμένων·
3303 1035 3402 1088 καὶ
3427 1035 3748 1105 ἐλεγχόμενοι

2183 1121 2293 1174 ἀπὸ
2311 1122 2422 1175 τῶν
2443 1123 2710 1186 παλαιιῖιν,
2729 1122 3033 1185 ἐδιώκοντο,
3051 1123 3128 1186 ὡς
3150 1125 3363 1196 βλάσφη
3372 1141 3466 1196 μοι
3480 1126 3745 1189 Δεσπότου,

2185 1211 2279 1264 καὶ
2313 1211 2558 1282 δεύτεροι
2579 1212 2920 1284 κυριοκτόνοι
2948 1213 3112 1276 τινὲς,
3137 1213 3229 1265 καὶ
3255 1212 3523 1283 ἁθετηταὶ
3549 1215 3641 1283 τῆς
3665 1214 3746 1266 τοῦ

2184 1303 2391 1373 Κυρίου
2418 1303 2576 1373 ἡμῶν
2619 1303 2796 1373 Ἰησοῦ
2827 1303 3016 1357 ἐνθέου
3043 1304 3400 1374 τελειότητος,
3431 1303 3522 1358 διὰ
3549 1303 3642 1374 τῆς
3667 1305 3745 1358 τοῦ

2186 1390 2452 1461 βασιλέως
2477 1394 2814 1463 προστασίας
2835 1407 2850 1426 ⁶
2876 1396 3016 1464 ὅπερ
3044 1395 3191 1448 ἐστὶν
3219 1395 3637 1466 ὑπερασπισμὸς
3666 1396 3748 1448 αὑ-

2182 1483 2323 1547 τῶν,
2364 1487 2444 1547 εἰς
2485 1484 2546 1536 τὸ
2566 1486 2864 1556 ἐπιχειρείν
2910 1486 3088 1540 πάντα
3129 1485 3202 1539 τὰ
3245 1485 3396 1539 κακά
3432 1486 3534 1539 ὅσα
3560 1488 3746 1555 γέγονε,

2185 1575 2278 1628 καὶ
2307 1575 2389 1629 ἔτι
2415 1576 2481 1630 δι’
2513 1576 2694 1631 αὐτῶν
2715 1577 2927 1645 γίνεται
2952 1578 3011 1630 ὲν
3049 1577 3450 1648 Ἀλεξανδρείᾳ,
3474 1579 3568 1630 καὶ
3595 1581 3649 1630 ὲν
3669 1578 3748 1629 Ns—

2184 1667 2450 1738 κομηδείᾳ
2468 1707 2485 1732 ,
2513 1671 2574 1721 ὲν
2600 1670 3016 1740 Μεσοποταμίᾳ,
3064 1669 3124 1722 ἑν
3167 1669 3537 1740 Παλαιστίνῃ,
3570 1667 3650 1740 [ἡ]
3671 1666 3752 1721 re}

2185 1757 2366 1811 αὐτῶν
2391 1758 2657 1829 παρόντος
2685 1759 2946 1829 βασιλέως
2981 1761 3285 1831 προστασία
3305 1761 3352 1815 ⁷.

2256 1937 2355 1991 IA'.
2403 1937 2499 1990 Ἐκ
2533 1937 2737 2006 ταύτης
2773 1931 2867 1993 οὗν
2899 1939 2999 2008 τῆς
3023 1937 3220 2005 λέξεως
3239 1939 3342 2009 τῆς
3375 1942 3436 1993 ἐν
3477 1939 3556 2010 τῷ
3581 1955 3748 2009 παροι-

2188 2031 2390 2099 μιαστῇ
2422 2029 2846 2100 γεγραμμένης,
2875 2030 2959 2084 ὅτι
2985 2032 3202 2099 Κύριος
3229 2030 3445 2086 ἄκτισέ
3466 2046 3546 2101 με
3580 2030 3749 2099 ἀρχὴν

2186 2114 2342 2168 ὁδῶν
2361 2117 2548 2170 αὐτοῦ
2573 2119 2661 2184 εὶς
2696 2119 2846 2186 ἔργα
2867 2118 3092 2184 αὑτοῦ,
3126 2118 3314 2174 λοιπὸν
3357 2121 3429 2174 τὰ
3475 2121 3644 2176 πάντα
3665 2121 3748 2173 αὺ-

2184 2209 2297 2269 τοῖς
2327 2209 2660 2273 ἐπινοεῖται,
2694 2210 2796 2264 ὃσα
2836 2227 2896 2264 τε
2932 2209 3156 2265 δύναται
3203 2211 3479 2282 σύμφωνα
3512 2212 3589 2282 τῷ
3630 2211 3749 2281 λόγῳ

2185 2294 2343 2364 εἶναι,
2380 2301 2475 2353 καὶΙ
2508 2302 2807 2371 ίσοῤῥοπεϊ,
2843 2303 2937 2357 καὶ
2973 2303 3194 2358 δύναται
3222 2305 3498 2377 συνᾴδειν,
3527 2303 3644 2359 οὔτε
3669 2305 3748 2358 αὐ-

2183 2387 2278 2441 τοῦ
2322 2389 2418 2441 τοῦ
2447 2389 2605 2458 λόγου
2628 2431 2642 2454 ,
2678 2391 2803 2444 οὔτε
2845 2391 2955 2445 τῶν
2992 2393 3166 2447 ἄλλων
3210 2396 3481 2465 ῥημάτων
3513 2395 3636 2465 περὶ
3667 2394 3747 2465 τῆς

2185 2477 2436 2549 θεότητος
2462 2478 2556 2533 τοῦ
2601 2479 2734 2533 Υίοῦ
2760 2481 2856 2535 τοῦ
2889 2482 3027 2537 Θεοῦ
3066 2483 3305 2537 τοιοῦτόν
3337 2502 3394 2538 τι
3438 2485 3745 2554 φασκόντων.

2197 2571 2357 2624 Ἀλλὰ
2379 2571 2568 2626 λοιπὸν
2598 2573 2698 2626 ὅσα
2727 2574 2843 2628 ἐστὶ
2871 2575 3080 2638 τούτοις
3105 2577 3298 2645 ὃμοια,
3323 2577 3392 2630 τὸ
3423 2578 3482 2629 ὲν
3510 2575 3585 2645 τῷ
3618 2577 3746 2628 ‘Am-

2186 2663 2357 2733 στόλῳ
2388 2665 2796 2734 γεγραμμένον,
2820 2666 2903 2730 τὺ,
2933 2667 3198 2731 Δέξασθε
3228 2667 3339 2722 τὸν
3365 2669 3636 2737 ἀρχιερέα
3661 2663 3748 2732 τῆς

2185 2756 2510 2824 ὁμολογίας
2549 2754 2714 2825 ὑμῶν
2741 2758 2965 2812 πιστὸν
3003 2759 3147 2812 ὄντα
3191 2758 3273 2823 τῷ
3304 2759 3628 2826 ποιήσαντι
3661 2758 3746 2810 αὺ-

2185 2849 2320 2901 τόν·
2358 2849 2453 2901 καὶ
2489 2850 2548 2902 ὲν
2589 2848 2668 2920 τῷ
2698 2850 2840 2904 κατὰ
2883 2850 3137 2920 Ἰωάννην
3176 2851 3500 2920 Εὐαγγελίῳ
3527 2866 3745 2920 γεγραμ-

2189 2938 2348 3006 μένον
2372 2978 2388 3003 ,
2419 2939 2502 2992 ὅτι
2533 2935 2724 3006 Οὗτός
2764 2941 2897 2994 ἐστι
2939 2942 3074 3010 περὶ
3108 2937 3184 2997 οὗ
3213 2938 3393 2996 εἶπον
3431 2942 3599 3012 ὑμῖν,
3625 2941 3702 2993 ὅτι
3720 2941 3748 2992 ό

2185 3029 2380 3084 ὀπίσω
2401 3047 2524 3099 μου
2553 3031 2873 3101 ἐρχόμενος
2904 3034 3244 3104 ἔμπροσθέν
3265 3053 3391 3104 μου
3415 3034 3615 3105 γέγονε
3633 3049 3644 3062 ο
3670 3030 3746 3084 καὶ

2187 3123 2248 3176 τὸ
2295 3125 2355 3175 ὲν
2397 3126 2516 3188 ταῖς
2571 3125 2810 3195 Πράξεσι
2853 3127 3277 3198 γεγραμμένον,
3337 3129 3427 3182 ὅτι
3486 3129 3536 3181 Γ
3540 3123 3746 3180 νωστὸι·

2188 3215 2333 3283 ὑμῖν
2376 3215 2532 3270 ἔστω
2577 3216 2697 3283 πᾶς
2736 3214 2899 3283 οἶκος
2953 3219 3221 3287 Ἰσραὴλ.
3269 3217 3363 3272 ὅτι
3408 3217 3620 3273 τοῦτον
3659 3215 3746 3266 τὸν

2202 3306 2465 3373 Ἰησοῦν,
2489 3307 2561 3360 ὃν
2578 3309 3017 3376 ἐσταυρώσατε,
3034 3310 3136 3362 καί
3155 3309 3375 3378 Κύριον
3401 3309 3501 3362 καί
3521 3303 3746 3377 Χριστὸν

2187 3397 2376 3451 αὐτὸν
2416 3401 2450 3452 ό
2491 3399 2635 3465 Θεὸς
2676 3400 2948 3467 ἐποίησε.
2996 3400 3108 3454 Καὶ
3151 3400 3286 3454 ἄλλα
3339 3401 3563 3464 τούτοις.
3586 3401 3740 3468 ὃμοια.

2189 3489 2211 3521 ⁸
2236 3492 2410 3543 Ὅπου
2438 3489 2546 3562 γὰρ
2595 3493 2677 3556 εἰς
2707 3495 3090 3565 παρατήρησιν
3146 3495 3227 3556 εἰς
3279 3493 3516 3564 ὲχθρῶνν
3542 3491 3741 3560 ἄμυναν.

2202 3581 2420 3653 Ἐχοροὶ
2447 3585 2556 3655 γάρ
2600 3587 2740 3638 εἰσιν
2774 3586 2850 3648 ὡς
2888 3585 3106 3656 ἀληθῶς
3143 3585 3240 3639 καὶ
3280 3585 3574 3639 ἐπίϐουλοι.
3616 3579 3743 3647 Τάχα

2188 3675 2298 3746 γὰρ
2333 3675 2462 3747 περὶ
2488 3677 2667 3730 αὐτῶν
2691 3676 3026 3747 γέγραπται,
3056 3677 3151 3730 καὶ
3189 3676 3297 3731 τῶν
3324 3678 3516 3740 αὐτοῖς
3549 3673 3740 3745 ὁμοίων,

2187 3767 2270 3819 ὅτι
2325 3767 2667 3832 Ἀναστήτω
2703 3771 2736 3822 ό
2779 3768 2944 3836 Θεὸς,
2985 3770 3085 3844 καί
3127 3767 3742 3838 amaxopwaka

2186 3862 2240 3912 οί
2265 3859 2465 3927 ἐχθροί
2497 3859 2706 3915 αὐτοῦ.
2731 3861 2958 3914 Δοκοῦσι
2982 3860 3038 3913 δὲ
3062 3862 3157 3914 καὶ
3191 3861 3460 3915 οἱκειακοὶ
3482 3857 3630 3914 εἶναι.
3659 3853 3742 3907 θύ-

2185 3951 2298 4013 δεὶς
2333 3950 2390 4002 δὲ
2427 3950 2626 4021 χείρων
2658 3951 2947 4006 οἰκειακῶν
2979 3950 3209 4022 ἐχθρῶν.
3250 3951 3488 4019 Ἐχθροί
3520 3947 3622 4020 γὰρ
3657 3941 3742 3998 τοῦ

2185 4041 2498 4110 ἀνθρώπου
2538 4041 2803 4109 ἅπαντες
2843 4045 2895 4096 oi
2939 4041 3157 4111 ἄνδρες
3201 4041 3314 4110 τοῦ
3345 4043 3521 4096 οῑκου
3559 4033 3736 4093 αὐτοῦ.

2185 4134 2296 4188 Καὶ
2327 4133 2484 4187 τοῦτο
2510 4134 2651 4204 τάχα
2683 4135 2777 4188 καὶ
2807 4134 2936 4202 περὶ
2965 4134 3172 4188 τούτων
3210 4132 3536 4205 πληροῦται.

2255 4315 2356 4368 1Ε’.
2387 4315 2727 4386 Ἀναπηδῶσι
2738 4314 2847 4385 γὰρ
2859 4314 2936 4378 ὼς
2950 4315 3012 4366 λυ
3021 4314 3288 4386 σσητῆρες
3301 4312 3463 4376 κύνες
3475 4311 3552 4374 εἰς
3561 4306 3646 4377 ὲχθ
3653 4301 3739 4373 ρῶν

2182 4405 2412 4476 ἄμυναν.
2439 4406 2549 4459 Καί
2573 4423 2722 4474 φασι·
2745 4405 2866 4468 Πῶς
2889 4405 3066 4473 λέγεις
3082 4405 3209 4476 περὶ
3229 4403 3323 4458 τοῦ
3349 4394 3736 4457 Υἰοῦτοῦθεοῦς

492 4503 676 4556 solent
703 4501 896 4566 :Quid
927 4503 1068 4558 dicis
1096 4504 1164 4556 de
1191 4502 1282 4557 Dei
1319 4503 1495 4558 Filio?
1527 4504 1654 4561 Haec
1675 4506 1932 4561 nimirum
1955 4509 2083 4564 illo-

2190 4499 2376 4552 Ταῦτα
2404 4500 2513 4570 γὰρ
2536 4497 2717 4552 αὐτῶν
2739 4499 2856 4550 ἐστι
2879 4497 2946 4550 τὰ
2970 4497 3319 4566 τεχνάσματα
3339 4496 3439 4562 τῆς
3463 4486 3736 4558 εἰσαγωγῆς

492 4605 614 4648 rum
639 4593 870 4648 artiﬁcia
903 4607 1049 4660 sunt,
1075 4596 1278 4664 quibus
1309 4598 1460 4652 virus
1489 4613 1651 4652 suum
1682 4599 2080 4668 simpliciorum

491 4687 694 4740 animis
736 4686 1025 4740 instillant.
1065 4685 1392 4755 Quanquam
1428 4688 1560 4758 quid
1619 4689 1689 4743 ad
1743 4689 1858 4743 haec
1917 4689 2082 4758 adjici

491 4786 700 4846 potest,
751 4776 1042 4847 postquam
1078 4777 1172 4832 Dei
1206 4775 1379 4832 Filius
1407 4779 1713 4847 appellatus
1760 4781 1882 4835 est?
1911 4782 1955 4836 Ο
1985 4781 2083 4835 ho-

497 4868 672 4921 mines
711 4867 854 4936 apud
906 4869 1230 4939 semctipsos
1277 4870 1574 4944 sapientes,
1608 4881 1663 4926 et
1695 4873 1956 4942 Opinione
1983 4889 2084 4930 sua

495 4973 560 5011 ae
596 4960 780 5026 specie
829 4969 988 5016 tenus
1021 4963 1262 5016 eruditi!
1311 4961 1454 5028 Quid
1483 4970 1570 5018 est
1599 4964 1748 5034 quod
1789 4965 1855 5018 ad
1886 4981 2082 5022 nomen

498 5049 630 5105 Jesu
667 5052 843 5120 possit
887 5055 1170 5119 accedere,
1207 5055 1314 5109 nisi
1364 5055 1645 5127 legitimus
1671 5055 1851 5113 Patris
1884 5057 2079 5126 Filius,

495 5143 565 5196 ab
595 5157 771 5210 eoque
812 5141 1111 5210 productus
1157 5144 1399 5211 dicatur,
1448 5161 1550 5201 nec
1599 5146 1714 5200 ulla
1750 5149 1963 5204 ratione
1993 5150 2082 5204 di-

498 5233 727 5290 versus?
758 5233 864 5288 Sed
897 5233 1126 5289 subinde
1173 5251 1296 5290 cum
1330 5237 1444 5291 risu
1487 5254 1552 5294 ac
1585 5239 1823 5295 ludibrio
1871 5243 1954 5297 sic
2004 5245 2083 5298 in—

495 5327 729 5380 vadunt:
749 5325 1036 5391 Quomodo
1067 5341 1096 5379 a
1127 5326 1237 5380 Deo
1269 5343 1392 5382 esse
1421 5318 1638 5398 potest?
1667 5332 1824 5398 Quod
1853 5335 1898 5389 si
1930 5338 2084 5404 quis-

499 5419 642 5484 piam
684 5417 1001 5472 sciscitetur
1030 5417 1173 5472 sitne
1208 5416 1380 5474 Filius
1415 5435 1610 5489 necne,
1643 5425 1808 5480 verbo
1864 5427 2080 5495 quidem

501 5503 697 5562 Filium
731 5523 855 5564 esse
887 5507 1239 5575 conﬁtentur,
1289 5511 1472 5581 reipsa
1519 5528 1650 5568 vero
1691 5515 1767 5570 ac'
1800 5521 2077 5575 sententia

600 5708 614 5736 ¹
644 5707 800 5761 I’rov.
832 5727 950 5769 \'lll,
977 5715 1068 5767 ‘22.

1171 5719 1190 5748 ³
1229 5717 1392 5772 Hebr.
1429 5733 1512 5777 ιιι,
1541 5717 1593 5769 ‘2.
1700 5723 1720 5751 ³
1750 5720 1885 5774 .loan
1921 5742 1960 5786 ι,
1988 5727 2078 5780 27.

511 5765 526 5794 ⁷
557 5776 682 5828 Cor.
721 5782 1038 5852 προστασίᾳ.
1113 5787 1132 5815 ⁸
1159 5786 1337 5844 Locus
1383 5765 1632 5842 delectus
1657 5791 1864 5862 aliquot
1888 5765 2091 5853 vcrb-is.

2188 4591 2285 4646 τοῦ
2319 4591 2648 4663 δηλητηρίου
2677 4591 2856 4645 αὐτῶν
2891 4590 3027 4661 πρὸς
3055 4590 3178 4653 τοὺς
3212 4587 3448 4656 ἀφελεῖς.
3482 4585 3583 4638 Καὶ
3608 4580 3653 4634 τί
3674 4577 3736 4630 ἔνι

2193 4685 2332 4755 μετὰ
2352 4684 2545 4746 ταῦτα,
2582 4685 2720 4754 μετὰ
2740 4684 2801 4736 τὸ
2826 4683 3008 4748 λέγειν
3031 4682 3158 4735 Υίὸν
3183 4679 3353 4745 Θεοῦς
3382 4677 3454 4733 Ὦ
3479 4672 3670 4731 συνετοὶ
3689 4669 3736 4720 ἐν

2189 4777 2425 4839 ἑαυτοῖς,
2470 4777 2568 4830 καὶ
2593 4765 2966 4846 ἐπιγνώμονες
2999 4772 3230 4828 ἐνώπιον
3258 4770 3440 4826 αὐτῶν
3456 4811 3473 4836 ,
3507 4765 3596 4822 καὶ
3632 4764 3733 4859 ita:

2189 4870 2459 4939 στήμονος
2495 4867 2778 4931 δοκοῦντες
2819 4861 2992 4920 cluat!
3032 4867 3098 4919 Τί
3131 4865 3210 4920 ἔτι
3255 4861 3514 4935 προσθείη
3560 4873 3636 4918 τις
3673 4866 3734 4918 τῳ

2189 4962 2417 5033 ὀνόματι
2459 4959 2657 5032 Ἰησοῦ,
2693 4961 2742 5014 εί
2775 4961 2848 5031 μή
2880 4977 2933 5012 τι
2968 4959 3103 5012 Υἰὸν·
3126 4958 3347 5027 γνήσιον
3389 4955 3532 5022 λέγοι
3563 4953 3621 5003 ἐκ
3643 4946 3732 4999 Πα-

2187 5056 2315 5125 τρὺς
2338 5054 2488 5119 ὄντα,
2518 5053 2614 5108 καὶ
2655 5054 2757 5106 οὐκ
2785 5051 3182 5122 ὴλλοιωμένον;
3220 5046 3351 5102 Εἶτα
3383 5045 3538 5106 εὐθὺς
3570 5039 3731 5125 χλευα-

2187 5144 2386 5206 στικῶς
2419 5141 2738 5213 ἁναπηδῶσι
2757 5181 2772 5205 ,
2803 5140 3052 5208 λέγοντες
3071 5159 3083 5169 ·
3123 5140 3244 5203 Πῶς
3277 5137 3494 5208 δύναται
3523 5126 3650 5186 εἶναι
3679 5123 3730 5176 ἐκ

2184 5238 2352 5302 Θεοῦ;
2412 5233 2787 5306 Ἑρωτώμενοι
2825 5234 2904 5295 δὲ,
2936 5235 3018 5287 ὅτι
3053 5233 3169 5287 Οὐκ
3210 5231 3357 5286 ἐστιν
3391 5227 3539 5291 Υίός;
3565 5221 3620 5276 τὸ
3649 5215 3728 5306 μὲν

2187 5330 2314 5392 Υἱὸς
2332 5305 2558 5398 ὀνόματι
2597 5325 2949 5398 ὁμολογοῦσι,
2979 5328 3045 5395 τῇ
3077 5324 3134 5377 δὲ
3176 5323 3398 5393 δυνάμει
3428 5319 3518 5372 καὶ
3551 5305 3726 5373 διανοίᾳ

2184 5419 2493 5491 ἀρνοῦνται,
2522 5418 2676 5471 νόθον
2705 5418 2865 5470 αὐτὸν
2891 5416 3205 5470 παντάπασι
3231 5414 3530 5484 βουλόμενοι
3552 5403 3722 5491 λέγειν’,

2185 5483 2282 5567 si
2308 5512 2409 5566 οὐκ
2435 5510 2711 5582 ἀληθινόν.
2743 5511 2810 5564 Ei
2833 5509 2965 5580 γὰρ,
3010 5509 3194 5577 φασὶν,
3229 5483 3294 5559 ἑκ
3330 5501 3462 5558 Θεοῦ
3491 5483 3722 5558 ἐστι,κώ

2189 5737 2210 5764 δ
2246 5735 2367 5787 Act.
2403 5749 2438 5786 ll
2463 5773 2476 5797 ,
2521 5731 2610 5785 36.
2723 5730 2743 5759 ⁸
2769 5725 2913 5780 Psal.
2963 5739 3132 5790 vatt,
3165 5721 3219 5776 2.
3322 5722 3343 5752 ⁶
3370 5710 3544 5772 Matth.
3575 5692 3713 5770 x736.
