3994 6432
223 371 340 426 225

934 340 946 348 ’
980 367 1352 427 Αονειιδυδ
1388 371 1734 430 negasses
1773 373 1830 432 LI

1935 374 1996 432 II.
2041 375 2210 432 ΤΟΜ.
2252 375 2392 431 11.-
2433 377 2710 433 ΙιίΕίὶΕΞ.
2749 377 2935 434 LXIX.

3413 379 3525 436 (ΗΒ

226 488 524 554 ἐγέννησεν
547 481 607 548 ἐξ
636 479 800 534 αὐτοῦ
838 481 866 532 ὁ
890 480 1022 544 Θεὸς
1041 523 1056 548 ,
1085 482 1160 545 ὡς
1194 485 1389 547 εἰπεῖν,
1423 483 1480 549 ἐξ
1533 484 1668 550 ἰδίας
1695 486 1824 540 ὑπο-

1935 494 2152 555 ucgant,
2195 503 2433 558 eumque
2475 489 2722 558 spnrium
2770 490 3020 558 omnino,
3053 505 3151 546 nec
3199 505 3520 561 germanum

226 573 480 634 στάσεως
535 571 723 640 φύσει,
776 571 810 640 ἢ
871 572 937 624 ἐκ
1000 573 1097 646 τῆς
1153 573 1288 636 ἰδίας
1345 575 1569 640 οὐσίας,
1630 576 1827 648 οὐκοῦν

223 663 494 734 ὠγκώθη,
520 663 553 733 ἢ
577 664 750 734 τομὴν
776 662 1012 728 ἐδέξατο,
1036 663 1068 734 ἢ
1093 666 1150 716 έν
1176 664 1251 733 τῷ
1277 667 1469 736 γεννᾷν
1494 655 1825 738 ἐπλατύνοη,

223 755 260 826 ἢ
302 753 604 825 συνεστάλη
627 796 642 816 ,
671 754 706 825 ἦ
735 772 785 808 τι
827 754 935 807 τῶν
975 755 1119 808 κατὰ
1150 757 1220 810 τὰ
1256 757 1404 827 πάθη
1438 758 1504 812 τά
1540 761 1831 829 σωματικά

226 845 471 916 ὑπέστη.
509 845 620 899 Καὶ
667 846 728 898 τὸ
761 847 870 899 πᾶν
910 848 1016 900 εἱσι
1049 846 1472 919 χλευαζόμενα,
1503 849 1573 904 τὰ
1621 851 1828 906 ἑαυτῶν

225 943 309 1003 εἰς
347 939 440 993 τὸν
479 939 612 992 Θεὸν
647 939 1038 1009 ἀντιλογοῦντες
1061 982 1076 1006 ,
1107 942 1203 995 καὶ
1236 943 1330 1012 ἀφ’
1361 944 1828 1000 ἑαυτῶν-εἰκάσαι

227 1033 324 1086 τὸν
367 1032 504 1086 Θεὸν
540 1032 871 1104 βουλόμενοι.
937 1033 1025 1085 Ἐν
1071 1032 1180 1106 γάρ
1225 1033 1345 1104 Θεῷ
1394 1035 1546 1088 οὐδὲν
1596 1036 1675 1088 ἔνι
1722 1038 1829 1091 τῶν

229 1123 490 1180 τοιούτων
510 1141 525 1156 ·
559 1124 776 1194 πνεῦμα
801 1124 910 1194 γάρ
939 1127 967 1176 ὁ
999 1124 1162 1188 Θεὸς,
1209 1126 1303 1180 καὶ
1331 1126 1423 1194 ἀφ’
1452 1127 1645 1180 ἑαυτοῦ
1679 1129 1830 1196 ἐγέν-

231 1233 365 1287 νησε
410 1215 502 1269 τὸν
533 1217 810 1286 Μονογενῆ
842 1218 1121 1287 ἀρρήτως,
1155 1219 1248 1271 καὶ
1286 1219 1706 1288 άκαταλήπτως,
1735 1221 1830 1274 καὶ

230 1313 539 1382 άχράντως.
574 1312 699 1374 Πῶς
733 1307 856 1374 οὖν,
887 1313 1072 1383 φησὶν,
1110 1315 1159 1365 εί
1190 1315 1254 1366 ἐκ
1297 1314 1398 1385 τῆς
1441 1314 1632 1377 οὐσίας
1663 1313 1828 1368 αὐτοῦ

229 1403 406 1461 ἐστιν.
440 1403 540 1455 οὒκ
568 1398 676 1456 οἶδε
701 1403 798 1473 τὴν
822 1404 1059 1476 ἡμέραν,
1091 1405 1168 1468 ὡς
1189 1405 1358 1473 λέγει,
1386 1406 1481 1461 καὶ
1510 1407 1608 1477 τὴν
1640 1406 1827 1478 ὢραν;

231 1495 374 1562 Περὶ
425 1493 493 1546 δὲ
519 1493 630 1563 τῆξ·
673 1495 899 1562 ἡμέρας
925 1495 1164 1563 ἐκείνης
1209 1497 1248 1565 ἢ
1283 1497 1394 1567 τῆς
1435 1497 1592 1565 ὥρας
1631 1497 1831 1562 οὐδεὶς

232 1583 420 1652 οἶδεν,
456 1587 593 1653 οὔτε
632 1591 685 1640 ol
717 1586 986 1658 ἅγγελφι,
1026 1587 1166 1642 οὔτε
1204 1590 1236 1641 ό
1273 1588 1424 1654 Υἱὸς,
1460 1592 1512 1642 εὶ
1534 1588 1620 1658 μὴ
1653 1593 1685 1643 ό
1712 1593 1830 1642 Πα-

1933 580 2200 634 allirtnarc
2247 580 2488 635 student.
2539 580 2676 635 Nam
2727 582 2797 647 si,
2851 583 3130 654 inquiunt,
3176 598 3208 637 a
3258 582 3370 639 Deo
3415 597 3522 646 est,

1931 683 2166 740 eumque
2219 668 2360 725 Deus
2407 686 2474 726 ex
2511 686 2632 751 sese
2675 673 2889 744 genuit,
2928 673 3033 728 hoc
3087 682 3170 732 est
3206 677 3426 744 propria
3459 691 3526 729 cx

1931 762 2237 834 hypostasi,
2273 775 2368 818 aut
2395 765 2660 830 essentia,
2709 767 2794 821 vel
2847 775 3063 823 tumore
3110 768 3386 824 distentus
3417 777 3524 832 est,

1929 856 2014 910 vel
2045 865 2248 918 sectus,
2301 858 2386 912 vel
2436 857 2490 911 in
2541 859 2856 928 generando
2904 861 3198 928 dilatatns,
3251 871 3347 918 aut
3395 877 3531 915 con-

1931 953 2142 1002 tractus
2180 955 2288 1011 est,
2325 957 2418 1002 aut
2449 950 2689 1018 aliquam
2723 966 2912 1006 earum
2967 950 3344 1016 allectionum,
3406 968 3529 1022 qua:

1929 1039 2181 1108 corporis
2232 1041 2470 1110 propriae
2516 1051 2667 1108 sunt,
2717 1044 3054 1100 sustinuisse
3101 1044 3370 1099 dicendus
3419 1052 3526 1099 est.

1933 1129 2039 1185 Sed
2072 1132 2290 1186 ridiculi
2312 1133 2492 1203 -planc
2518 1144 2670 1196 sunt,
2702 1134 2832 1190 dum
2866 1144 3120 1190 naturam
3151 1150 3308 1190 suam
3360 1135 3528 1206 739

1932 1236 1996 1275 ac
2021 1222 2395 1277 conditionem
2443 1225 2496 1278 in
2533 1224 2702 1280 Deum
2762 1225 3123 1290 transferunt.
3169 1242 3409 1296 euntque
3461 1242 3528 1281 ex

1931 1317 2130 1386 seipsis
2161 1318 2363 1386 lingere
2404 1326 2459 1372 et
2486 1317 2817 1374 adumbrare
2857 1327 3151 1376 conantur.
3202 1317 3348 1372 Nihil
3384 1317 3530 1372 enim

1934 1407 2072 1461 inest
2124 1407 2355 1461 istarum
2415 1423 2602 1462 rerum
2651 1407 2812 1464 Deo:
2863 1410 2957 1480 qui
3013 1410 3234 1480 quidem
3293 1410 3532 1479 Spiritus

1931 1506 2040 1563 est,
2078 1506 2131 1550 et
2183 1498 2524 1568 unigenitum
2563 1498 2762 1555 Filium
2795 1516 2997 1558 arcana
3038 1503 3276 1571 quadam
3316 1503 3532 1555 ratione

1932 1589 2206 1658 genuerit,
2238 1604 2361 1658 quae
2401 1605 2501 1644 nec
2535 1591 2798 1660 explicari
2844 1591 3028 1647 verbis
3062 1592 3260 1660 possit,
3296 1607 3396 1647 nec
3430 1605 3530 1645 co-

232 1681 348 1748 τὴρ
367 1681 576 1749 μόνος.
609 1679 735 1744 Πῶς
756 1679 813 1732 δὲ
840 1681 920 1742 εἰς
951 1679 1130 1750 σάρκα
1163 1674 1351 1750 ἦλθεν,
1384 1683 1432 1734 εί
1464 1680 1612 1735 ἐστιν
1642 1683 1706 1734 ὲκ
1734 1681 1828 1734 τοῦ

1935 1681 2195 1750 gitatione
2232 1682 2651 1750 comprehendi,
2683 1691 2737 1737 et
2773 1683 2843 1738 ab
2875 1683 3025 1737 muni
3059 1684 3180 1738 labe
3207 1697 3274 1738 ac
3313 1683 3529 1738 macula

234 1772 486 1842 Ila-.964;
523 1770 642 1834 πῶς
696 1772 754 1824 δὲ
799 1770 1021 1824 ἐδύνατο
1067 1771 1100 1840 ἡ
1158 1771 1443 1843 άχώρητος
1487 1772 1670 1844 ἐκείνη
1723 1773 1828 1841 φύ-

1935 1773 2300 1828 retuotissima
2341 1773 2436 1828 sit.
2473 1771 2676 1828 Verum
2710 1773 2916 1830 instant
2952 1791 2964 1826 :
3001 1785 3055 1830 et
3109 1773 3166 1827 Si
3211 1791 3279 1828 ex
3331 1774 3528 1843 ipsius,

235 1881 322 1928 σις
378 1866 561 1935 σάρκα
613 1863 959 1924 ἐνδύσασθαι,
1017 1865 1067 1918 εί
1108 1857 1176 1936 ἦν
1227 1865 1295 1917 ἐκ
1325 1863 1418 1917 τοῦ
1447 1864 1660 1935 Πατρὸς
1687 1865 1828 1919 κατά

1937 1864 2216 1935 inquiunt,
2253 1865 2491 1922 essentia
2526 1866 2814 1934 prodierit,
2848 1867 3128 1936 quomodo
3152 1867 3346 1935 jndicii
3381 1866 3527 1922 diem

233 1954 431 2024 φύσιν;
1935 1965 1992 2010 et
2021 1957 2235 2022 horam,
2275 1965 2334 2010 ut
2367 1957 2484 2027 ipse
2515 1966 2774 2021 testatur,
2805 1957 3055 2028 ignorat?
3085 1957 3164 2012 De
3193 1957 3298 2021 die,
3331 1958 3529 2028 inquit,

235 2050 336 2105 illo
371 2059 424 2105 et
452 2050 584 2103 hora
628 2063 781 2104 nemo
809 2051 976 2117 novit,
1022 2067 1184 2119 neque
1213 2052 1412 2122 angeli,
1446 2067 1610 2122 neque
1635 2049 1684 2104 F
1689 2053 1837 2117 ilius,
1875 2053 1982 2105 nisi
2004 2053 2148 2107 sol-us
2181 2052 2408 2108 Pater’.
2441 2054 2522 2108 Ad
2549 2053 2664 2108 haec
2694 2054 2740 2107 si
2766 2070 2831 2108 cx
2879 2053 3042 2109 Patre
3092 2062 3198 2120 est,
3255 2053 3532 2125 quomodo

232 2142 526 2199 descendit
547 2142 612 2200 ad
644 2144 909 2198 carnem?
946 2152 1042 2200 aut
1097 2160 1220 2216 qua:
1279 2146 1429 2200 nulla
1477 2160 1539 2201 re
1583 2145 1708 2215 capi
1749 2146 2134 2216 continerique
2181 2154 2380 2200 natura
2415 2152 2620 2216 potest,
2680 2160 2904 2200 carnem
2939 2146 3139 2212 induit,
3187 2147 3233 2202 si
3267 2144 3532 2200 naturali-

234 2247 321 2294 ter
351 2254 380 2292 a
415 2238 572 2293 Patre
612 2240 926 2309 processit?

305 2333 426 2400 ις’.
455 2334 563 2387 Καὶ
586 2334 686 2387 οὐκ
716 2335 890 2388 οἴδασι
923 2335 1044 2400 πῶς
1067 2337 1148 2400 είς
1177 2336 1384 2390 ἑαυτῶν
1415 2336 1677 2410 αἰσχύνην
1702 2336 1828 2400 τοὺς

232 2425 532 2494 λογισμοὺς
551 2422 772 2489 τούτους
797 2428 1235 2495 ὲπισννάγουσιν.
1265 2431 1326 2482 Εἰ
1355 2427 1486 2499 γάρ,
1519 2427 1607 2482 διά
1641 2428 1704 2481 τὸ
1733 2427 1828 2496 ὴλ-

232 2516 490 2570 ῖωιῶσθαι
519 2517 682 2572 αὑτὸν
711 2518 864 2589 παρὰ
899 2520 998 2592 τὴν
1024 2520 1119 2574 τοῦ
1148 2522 1359 2589 Πατρὸς
1391 2522 1601 2585 οὐσίαν,
1644 2521 1827 2574 ἐνεδύ-

233 2626 368 2663 σατο
407 2612 611 2681 σάρκα,
640 2611 735 2664 καὶ
767 2613 825 2664 ὲν
851 2613 988 2683 αὐτῇ
1033 2613 1304 2679 πέπονθε,
1347 2615 1441 2667 καὶ
1471 2614 1821 2686 ἐσταυρώθη*

231 2701 570 2768 δειξάτωσαν
592 2705 745 2774 ἡμῖν,
773 2703 826 2756 τί
851 2704 959 2757 τῶν
985 2704 1162 2759 ἄλλων
1187 2706 1576 2777 πνευματικῶν
1602 2707 1831 2776 κτισμάτ-

232 2808 366 2856 ςων,
409 2793 652 2862 καίτοιγε
687 2794 884 2858 ὅντων,
930 2794 1215 2853 ἐνεδύσατο
1254 2798 1453 2868 σάρκα.
1485 2800 1562 2852 Οὐ
1589 2797 1700 2870 γάρ
1737 2799 1829 2851 δύ-

233 2902 427 2940 νανται
465 2886 540 2958 μὴ
569 2887 667 2956 οὐχ
697 2887 981 2956 ὁμολογεῖν
1008 2888 1101 2942 τὸν
1136 2889 1262 2942 Υίδν
1295 2891 1435 2962 ὑπὲρ
1473 2891 1673 2945 πάντα.
1713 2892 1830 2945 Κάν

233 2992 296 3029 τε
331 2977 542 3048 κτίσμα
585 2981 750 3034 αὑτὸν
802 2982 1033 3052 λέγοιεν,
1076 2985 1430 3055 ὁμολογοῦσιν
1475 2987 1641 3041 αὐτὸν
1686 2987 1830 3058 ὑπὲρ

235 3066 334 3120 ὅλα
366 3066 438 3121 τά
465 3069 739 3141 κτίσματα
786 3075 973 3129 αὐτοῦ.
1020 3077 1182 3130 Ἀλλά
1227 3075 1324 3131 καὶ
1368 3077 1444 3142 ὼς
1478 3077 1830 3150 χαριζόμενοι

239 3157 425 3227 αὐτῷ,
471 3159 752 3229 βούλονται
809 3165 974 3219 αὑτὸν
1025 3165 1352 3236 θεραπεύειν
1407 3167 1585 3238 λόγῳ,
1639 3168 1829 3239 ὥσπερ

247 3251 395 3318 χειρὶ
445 3254 538 3324 μιᾷ
593 3254 694 3324 μὲν
751 3256 1040 3321 παίοντες,
1092 3261 1155 3330 τῇ
1208 3259 1264 3314 δὲ
1311 3259 1445 3331 ἄλλῃ
1495 3259 1825 3328 ἀλείφοντες.

252 3338 422 3394 Τοῦτο
453 3343 556 3413 γάρ
589 3345 835 3401 θέλουσιν
863 3347 1051 3418 ὥσπερ
1081 3351 1142 3422 έξ
1171 3351 1305 3413 ἰδίας
1332 3351 1706 3422 προαιρέσεως
1738 3351 1830 3403 αὐ-

243 3432 326 3504 τῷ
347 3435 837 3508 προσχαρίσασθαι.
865 3439 974 3492 Καὶ
997 3420 1213 3510 λέγουσι
1234 3457 1248 3472 ·
1284 3420 1516 3511 Κτίσμαὴ
1549 3442 1646 3512 μὲν
1671 3441 1828 3510 λέγο-

241 3543 366 3596 μεν,
392 3526 507 3580 ἀλλ’
533 3529 631 3598 οὐχ
656 3529 732 3592 ὡς
758 3528 816 3582 ἓν
845 3531 954 3584 τῶν
984 3534 1322 3604 κτισμάτων,
1353 3534 1449 3587 καὶ
1471 3534 1705 3604 ποίημα,
1735 3534 1831 3587 καὶ

236 3619 341 3687 οὐχ
368 3618 446 3681 ὡς
475 3617 537 3671 ἓν
568 3619 677 3672 τῶν
710 3622 1050 3693 ποιημάτων,
1082 3624 1176 3676 καὶ
1203 3625 1470 3696 γέννημα,
1504 3624 1598 3677 καὶ
1632 3626 1728 3696 οὐχ
1753 3627 1830 3689 ὡς

235 3706 300 3762 ἓν
330 3708 441 3761 τῶν
467 3710 823 3781 γεννημάτων
841 3729 857 3744 ·
877 3713 970 3766 ἵνα
995 3715 1052 3765 ὲν
1079 3712 1156 3784 τῷ
1181 3715 1376 3777 εἰπεῖν,
1407 3715 1506 3785 οὐχ
1531 3715 1607 3778 ὡς
1637 3715 1695 3767 ἓν
1721 3715 1831 3768 τῶν

236 3802 621 3870 γεννημάτων,
657 3805 1114 3875 ἀποστερήσωσιν
1151 3805 1312 3859 αὑτὸν
1350 3805 1452 3876 τῆς
1495 3807 1636 3860 κατά
1670 3807 1831 3876 φύσιν

238 3891 580 3962 γεννήσεως·
615 3892 708 3945 καὶ
738 3894 795 3945 ἐν
819 3892 898 3964 τῷ
919 3896 1113 3958 εἰπεῖν,
1141 3895 1238 3965 οὐχ
1265 3896 1340 3960 ὡς
1365 3896 1424 3949 ἓν
1453 3897 1562 3949 τῶν
1599 3898 1831 3968 κτισμά·

239 3998 354 4036 νων
371 4023 387 4048 ,
406 3982 492 4037 ἴνα
513 3983 762 4054 ἀληθινὸν
781 3985 983 4057 κτίσμα
1002 3986 1165 4039 αὐτὺν
1181 3988 1550 4056 ἁποφάνωσιν.
1579 3983 1701 4042 Οἷον
1723 3989 1831 4059 γάρ

241 4072 342 4126 ἐὰν
433 4074 656 4145 κτίσμα,
690 4077 895 4148 κτίσμα
915 4079 1168 4148 ὑπάρχει·
1203 4079 1304 4132 κάν
1327 4096 1386 4132 τε
1425 4081 1831 4151 μυριανταπλά-

241 4181 363 4218 σιον
393 4166 580 4222 ἐπάνω
611 4168 697 4238 εἴη
737 4169 908 4239 ὄνομα
947 4169 1090 4240 ἕχον,
1129 4170 1192 4223 τὸ
1229 4172 1362 4226 αὐτό
1405 4174 1522 4225 ἐστι
1555 4175 1667 4236 τοῖς
1699 4175 1833 4226 πᾶσι

239 4258 542 4328 κτίσμασιν
563 4259 965 4330 ἐξεργαζόμενον.
998 4262 1074 4314 Οὐ
1108 4261 1218 4332 γὰρ
1243 4263 1326 4318 ὃτι
1361 4263 1513 4334 ἥλιος
1549 4264 1834 4335 φαιδρότε-

237 4367 342 4421 ρος
365 4351 480 4406 τῶν
503 4351 676 4406 ἄλλων
701 4355 838 4416 ἐστὶ,
867 4353 1092 4408 δύναται
1123 4355 1197 4427 μὴ
1227 4352 1366 4411 εἶναι
1387 4357 1616 4428 κτίσμα,
1643 4358 1833 4430 ὥσπερ

2012 2332 2153 2388 XVI.
2196 2331 2308 2388 Nec
2342 2330 2477 2386 illud
2514 2330 2848 2400 intelligunt,
2885 2338 3088 2400 quanta
3133 2345 3233 2385 sua
3273 2347 3399 2387 cum
3447 2335 3530 2388 in-

1939 2427 2101 2482 lamia
2153 2425 2469 2482 istiusmodi
2511 2423 2874 2493 cegitationcs
2919 2424 3246 2494 suscipiant.
3297 2424 3433 2479 Nam
3480 2427 3528 2480 si

1934 2528 2220 2590 propterea
2255 2518 2400 2588 quod
2431 2532 2462 2569 a
2491 2514 2674 2571 Patris
2704 2515 2942 2570 essentia
2979 2516 3234 2571 diversus
3262 2524 3369 2580 est,
3399 2531 3528 2568 car-

1934 2625 2060 2664 nem
2117 2607 2367 2662 induisse
2417 2606 2642 2669 dicitur,
2688 2606 2744 2658 in
2799 2620 2974 2675 eaque
3024 2620 3223 2676 passus
3271 2615 3328 2659 ct
3375 2608 3528 2674 cruci

1936 2702 2182 2766 sufﬁxus,
2234 2699 2397 2754 velim
2446 2697 2578 2752 illud
2624 2697 2784 2752 nobis
2816 2697 3132 2760 ostendant,
3173 2711 3424 2767 quantam
3459 2713 3526 2752 ex

1935 2792 2280 2863 spiritalibus
2310 2789 2582 2845 creatoris
2612 2789 2717 2844 alia
2759 2794 2906 2857 (esse
2934 2789 3080 2844 enim
3111 2789 3380 2860 quasdam
3416 2805 3527 2844 non

1931 2884 2159 2939 dubium
2189 2892 2296 2953 est)
2337 2897 2559 2938 carnem
2609 2882 2927 2951 sumpserit.
2977 2880 3165 2951 Neque
3207 2881 3354 2936 enim
3405 2882 3529 2936 intl-

1933 2977 2070 3032 ciari
2125 2985 2360 3047 possunt
2409 2976 2610 3031 Filium
2662 2975 2928 3045 dignitate
2984 2975 3215 3044 reliquis
3267 2976 3528 3030 omnibus

1931 3067 2280 3123 antecellere.
2317 3067 2394 3120 Ac
2443 3066 2664 3122 tametsi
2718 3073 3032 3119 creaturam
3063 3064 3233 3118 illum
3279 3079 3403 3119 esse
3442 3064 3530 3118 di-

1927 3168 2084 3226 cant,
2133 3161 2494 3215 nihilominus
2543 3158 2802 3216 omnibus
2847 3157 3027 3227 ipsum
3083 3159 3358 3213 creaturis
3406 3158 3528 3226 ejus

1931 3261 2312 3322 anteponunt;
2348 3261 2513 3321 atque
2552 3251 2625 3303 ita
2660 3251 2807 3304 velut
2835 3248 3180 3319 gratiﬁcandi
3205 3263 3377 3303 causa
3407 3263 3527 3303 ver-

1939 3345 2027 3399 bis
2058 3355 2216 3398 tenus
2263 3343 2532 3397 demereri
2572 3357 2636 3397 ac
2668 3342 2966 3395 conciliare
2999 3339 3220 3396 student
3255 3359 3268 3395 :
3302 3341 3528 3410 perinde

1933 3449 2000 3489 ac
2045 3435 2137 3505 qui
2196 3434 2366 3487 altera
2419 3416 2584 3485 manu
2636 3432 2945 3495 verberant,
3001 3433 3170 3487 altera
3226 3431 3521 3500 inunéunt.

1925 3523 2145 3593 Quippe
2175 3523 2304 3577 illud
2327 3525 2505 3592 ipsum
2534 3529 2730 3591 suapte
2750 3529 2944 3591 sponte
2959 3522 3106 3576 velut
3132 3519 3378 3575 beneﬁcii
3403 3521 3526 3573 loco

1933 3617 2205 3680 tribuunt,
2233 3624 2394 3685 atque
2429 3617 2503 3668 ita
2527 3614 2813 3667 dictitant:
2841 3627 2944 3668 nos
2976 3620 3283 3668 creaturam
3303 3613 3523 3684 quidem

1934 3709 2085 3764 illum
2105 3724 2229 3764 esse
2257 3707 2512 3769 dicimus,
2530 3705 2625 3761 sed
2653 3721 2762 3761 non
2791 3711 3116 3761 caeterarum
3145 3715 3524 3758 creaturarum

1927 3802 2144 3866 instar;
2178 3800 2305 3855 item
2338 3797 2620 3869 opiﬁcium
2647 3814 2770 3854 esse
2805 3797 3101 3860 credimus,
3145 3796 3240 3853 sed
3271 3813 3382 3851 non
3429 3811 3529 3852 cu-

1929 3891 2174 3964 jusrnodi
2209 3898 2408 3946 caetera
2452 3890 2672 3960 opilicia
2707 3899 2871 3955 sunt;
2922 3890 3089 3944 letum
3121 3888 3368 3958 insuper,
3415 3903 3524 3944 non

1931 3993 1997 4038 ut
2033 3985 2176 4040 fetus
2205 3985 2294 4038 alii
2328 3989 2478 4047 sunt,
2519 3991 2581 4036 ut
2610 3998 2735 4036 cum
2769 3989 3094 4036 caeterorum
3137 3996 3262 4051 qua:
3290 3983 3528 4052 gignun-

1933 4087 2027 4132 tur
2059 4092 2169 4131 non
2221 4076 2398 4132 instar
2439 4089 2564 4129 esse
2601 4073 2871 4139 dixerint,
2910 4059 3218 4128 naturalem
3268 4076 3314 4128 ei
3367 4087 3527 4142 gene-

1932 4169 2204 4222 rationem
2261 4166 2592 4232 detrahant;
2633 4174 2690 4218 ct
2735 4178 2862 4218 cum
2918 4165 3144 4218 minime
3185 4165 3417 4234 alicujus
3459 4178 3525 4217 ex

1933 4258 2210 4313 creaturis
2243 4257 2478 4311 similem
2517 4257 2877 4322 asseruerint,
2909 4271 3094 4311 veram
3131 4256 3284 4310 illum
3312 4263 3528 4310 creatu-

1936 4366 2055 4406 ram
2111 4363 2237 4405 esse
2286 4347 2570 4403 deﬁniant.
2632 4345 2766 4400 Nam
2800 4347 3218 4418 cujusquemodi
3272 4354 3528 4402 creatura

241 4444 341 4497 καὶ
375 4446 405 4498 ὁ
432 4445 608 4509 λίθος·
644 4446 760 4499 οὐδὲ
794 4448 876 4500 ὅτι
907 4449 941 4518 ἡ
976 4448 1174 4519 σελήνη
1207 4450 1503 4520 ὑπερπαίει
1536 4451 1606 4504 τὰ
1633 4452 1830 4523 ἄστρα,

1940 4446 2119 4514 aliqua
2156 4441 2249 4506 sit,
2283 4447 2556 4510 ,creatura
2601 4447 2784 4494 tamen
2841 4447 2957 4505 est;
3007 4453 3073 4494 ae
3119 4440 3247 4492 licet
3297 4438 3530 4494 inﬁnitis

243 4536 398 4606 παρά
421 4536 585 4590 τοῦτο
619 4539 719 4592 οὐκ
759 4539 874 4592 ἐστι
913 4539 1022 4594 τῶν
1060 4543 1576 4614 κτισμάτων.Ἰδοὺ
1613 4545 1726 4613 τὰρ
1758 4545 1833 4600 τὰ

240 4627 573 4694 σύμπαντα
619 4627 812 4683 δοῦλα
855 4630 958 4684 σά.
1006 4632 1146 4686 Ὅσα
1179 4633 1288 4705 γάρ
1335 4633 1513 4697 ἐστιν,
1562 4633 1622 4700 ἐξ
1665 4634 1832 4688 αὐτοῦ

239 4719 394 4772 ἐστιν
435 4719 728 4790 ἐκτισμένα
762 4722 854 4774 καὶ
893 4722 1053 4777 δοῦλα
1073 4740 1086 4754 ·
1120 4726 1149 4777 ό
1177 4724 1233 4778 δὲ
1259 4725 1570 4798 Μονογενῆς
1605 4725 1834 4797 ἀλήθειά

238 4809 384 4873 ἐστι,
421 4810 516 4863 καὶ
540 4813 570 4864 ὀ
602 4811 758 4880 λόγος
788 4814 954 4867 αὑτοῦ
983 4815 1236 4886 ἀληθινὸς
1263 4817 1539 4890 ὑπάρχει,
1579 4819 1657 4882 ὼς
1690 4819 1792 4890 ἔφη
1813 4835 1828 4850 ·

256 4901 404 4956 Ἐὰν
432 4901 602 4971 ὑμεῖς
629 4905 874 4974 μείνητε
899 4907 968 4960 ἐν
989 4906 1072 4972 τῷ
1100 4909 1263 4977 λόγῳ
1295 4908 1376 4975 τῷ
1408 4909 1528 4980 ἐμῷ
1546 4952 1561 4976 ,
1591 4910 1836 4980 ἀληθῶς

236 4997 506 5064 μαθηταί
516 4999 634 5066 μού
649 4999 806 5061 ἐστε,
825 5001 920 5054 καί
942 5001 1250 5071 γνώσεσθε
1269 5001 1386 5070 τὴν
1399 5001 1708 5069 ἀλήθειαν,
1736 5006 1835 5057 καὶ

239 5088 286 5156 ἡ
317 5088 574 5157 ἀλήθεια
606 5091 991 5165 ἐλευθερώσει
1023 5092 1198 5163 ὑμᾶς.
1233 5095 1297 5148 El
1336 5095 1394 5150 δὲ
1425 5097 1455 5150 ὁ
1484 5094 1642 5164 λόγος
1669 5093 1834 5150 αὐτοῦ

241 5177 476 5249 ἀλήθεια
501 5179 754 5252 ὑπάρχει,
771 5184 864 5236 κού⁴
887 5184 1162 5255 ἐλευθεροῖ
1179 5187 1305 5248 τοὺς
1320 5186 1831 5259 ἐλευθερουμένους,

242 5272 404 5343 πόσῳ
445 5289 511 5341 τε
550 5275 746 5344 μᾶλλον
787 5277 951 5341 αὐτὸς
978 5279 1264 5350 ἐλεύθερος
1301 5279 1573 5351 ὑπάρχει,
1609 5281 1835 5352 ἀλήθεια

240 5360 341 5425 ὣν,
407 5365 501 5418 καὶ
543 5363 844 5436 ἐλευθερῶν
897 5369 1026 5432 τοὺς
1080 5365 1231 5440 αὐτῷ
1278 5369 1634 5440 πειθομένους
1673 5372 1833 5434 ὄντας

238 5451 504 5519 δούλουςς
551 5456 638 5510 διὰ
683 5459 744 5510 τὸ
792 5457 1083 5530 σύμπαντα
1120 5460 1284 5519 δοῦλα
1325 5455 1466 5522 εἶναι
1503 5461 1690 5526 αὐτοῦ,
1739 5464 1835 5515 καὶ

240 5544 339 5600 τοῦ
379 5546 590 5620 Πατρὺς
627 5549 814 5617 αὑτοῦ,
847 5551 940 5605 καὶ
974 5551 1068 5605 τοῦ
1101 5553 1266 5622 ἁγίου
1292 5553 1610 5624 Πνεύματος
1641 5554 1828 5607 αὐτοῦ.

1941 4537 2190 4608 partibus
2217 4535 2570 4605 metantius
2603 4545 2802 4586 nomen
2841 4531 3105 4592 obtineat,
3139 4545 3262 4584 cum
3304 4530 3532 4598 reliquis

1936 4629 2300 4685 nihilominus
2351 4627 2624 4682 creaturis
2673 4623 2950 4694 adaequari
2984 4639 3212 4678 necesse
3245 4633 3350 4677 est.
3393 4620 3532 4676 Nam

1941 4739 2120 4794 neque
2149 4722 2252 4788 sol,
2285 4720 2433 4791 quod
2477 4720 2688 4789 reliqua
2723 4717 3016 4789 splendore
3046 4726 3289 4787 superet,
3320 4715 3533 4770 idcirco

1942 4823 2196 4869 creatura
2229 4827 2337 4867 non
2368 4825 2491 4866 esse
2521 4817 2723 4880 potest,
2755 4809 2984 4879 perinde
3017 4823 3083 4862 ac
3129 4808 3302 4878 lapis;
3354 4819 3534 4876 neque

1943 4905 2092 4976 quod
2129 4906 2258 4958 luna
2307 4903 2482 4960 stellis
2511 4901 2850 4973 splendidior
2892 4901 2997 4966 sit,
3030 4900 3102 4956 ob
3145 4899 3197 4953 id
3237 4915 3268 4953 a
3315 4906 3534 4954 creata-

1943 5014 2068 5052 rum
2121 5010 2310 5053 rerum
2358 5011 2594 5051 numero
2645 4993 3008 5050 secernitur:
3062 4992 3192 5047 Ecce
3246 4993 3386 5046 enim
3438 4991 3534 5062 (ait

1945 5087 2258 5158 Scriptura)
2319 5087 2502 5139 omnia
2525 5086 2759 5138 serviunt
2789 5083 2884 5136 tibi
2915 5083 2936 5114 ⁸
2964 5101 2978 5136 :
3016 5081 3161 5154 quod
3191 5095 3533 5153 quaecunque

1939 5182 2160 5236 demum
2186 5180 2484 5242 easistunt,
2514 5179 2582 5232 ab
2601 5192 2670 5233 eo
2687 5184 2881 5231 creata
2907 5175 3038 5241 sint,
3065 5175 3226 5246 eique
3253 5174 3528 5241 serviunt;

1938 5273 2255 5344 unigenitns
2274 5286 2402 5327 vero
2419 5269 2594 5326 Filius
2614 5269 2816 5326 veritas
2835 5278 2941 5333 est,
2955 5283 3019 5324 ac
3050 5285 3239 5325 verum
3256 5267 3496 5322 Verbum
3515 5283 3529 5318 :

1939 5366 1991 5419 id
2023 5365 2167 5435 quod
2202 5365 2594 5434 ipsetestalur.
2623 5361 2706 5430 Si,
2740 5363 2939 5432 inquit,
2971 5360 3276 5416 manseritis
3294 5360 3344 5412 in
3375 5356 3532 5412 verba

1937 5475 2074 5522 meo,
2110 5474 2224 5512 vere
2269 5455 2525 5525 discipuli
2559 5457 2659 5510 mei
2696 5457 2867 5520 eritis,
2911 5455 3076 5526 740
3118 5464 3167 5507 et
3208 5449 3532 5522 cognosretis

1937 5553 2231 5619 veritatem,
2258 5561 2308 5607 et
2341 5553 2539 5607 veritas
2588 5552 2835 5606 liberabit
2864 5567 2952 5603 vos
2993 5549 3035 5603 ³.
3082 5549 3218 5602 Cum
3249 5545 3396 5600 cnim
3434 5541 3531 5599 Dei

243 5639 487 5695 Verbum
524 5642 728 5697 veritas
763 5641 853 5708 sit,
899 5644 1110 5710 eisque,
1156 5645 1253 5715 qui
1315 5643 1372 5699 in
1431 5644 1736 5701 libertatem
1795 5651 2138 5714 asseruntur,
2211 5644 2360 5704 illam
2408 5644 2582 5720 ipsam
2638 5643 2949 5700 liliertalcm
3002 5638 3282 5705 ll'ibﬂalr
3321 5643 3529 5710 quanto

319 5796 336 5826 ⁸
383 5794 548 5853 Marc.
594 5811 718 5859 xm,
753 5797 842 5853 32.
922 5797 942 5828 ¹
983 5796 1342 5865 l’sal.cxvm,
1377 5798 1466 5854 9i.

1547 5799 1566 5831 ³
1603 5797 1764 5855 Joan.
1795 5817 1915 5869 vni,
1947 5801 2036 5859 5i.
