3994 6470
497 401 610 459 227

1886 399 1948 456 S.
1990 396 2330 453 EPII’HANII

3666 391 3760 448 23.8

495 520 678 592 magis
701 520 809 577 erit
831 521 948 592 ipse
981 520 1140 585 liber,
1173 525 1365 590 utpote
1423 517 1519 587 qui
1555 517 1625 572 sit
1675 511 1906 580 veritas;
1939 530 2148 585 eosque
2198 515 2253 569 in
2302 513 2608 568 libertatem
2646 527 2713 567 ex
2765 508 3027 567 servitute
3062 506 3321 572 vindicet,
3373 505 3478 577 qui
3529 503 3634 559 sibi
3679 502 3768 573 ipsi

501 628 710 668 morem
755 615 988 685 gerant?
1043 613 1317 680 Quoniam
1369 613 1556 666 omnia
1600 619 1711 666 tam
1763 612 1869 682 ipsi
1921 627 2088 681 quam
2126 610 2248 680 ejus
2281 607 2452 673 Patri,
2485 607 2714 679 Spiritui
2746 613 2940 662 sancto
2966 605 3233 661 serviunt.
3665 677 3668 680 ρ

573 699 736 755 XVII.
778 703 888 759 Sed
921 705 1054 759 illud
1101 705 1416 772 objiciunt:
1451 702 1739 768 Quomodo
1782 718 1840 757 se
1884 701 2082 755 infudit

2257 705 2356 756 lZ'.
2411 697 2544 755 Είτα
2597 699 2759 753 πάλιν
2805 698 3062 765 λέγουσι·
3118 695 3240 756 Πῶς
3296 691 3647 761 ὲνεδὴμησεν
3703 687 3770 754 είς

499 793 557 847 lu
590 809 836 859 carnem,
872 797 919 851 si
947 811 1012 851 ex
1053 795 1236 850 Patris
1280 798 1522 850 essentia
1555 794 1866 864 processit?
1898 791 2090 846 Dicant

501 893 555 938 et
604 883 710 953 ipsi
743 901 848 938 cur
880 886 1082 956 angeli,
1115 885 1210 954 qui
1257 885 1430 954 ipsius
1482 885 1625 940 servi
1669 894 1818 947 sunt,
1867 897 2089 936 carnem

503 974 731 1030 minime
779 976 1166 1044 susceperint?
1199 989 1300 1029 cur
1335 990 1435 1029 nec
1468 973 1804 1044 archangeli,
1839 986 1939 1027 nec
1980 986 2092 1026 cm-

505 1065 672 1121 lestes
708 1068 1008 1130 exercitus,
1043 1082 1144 1120 nec
1188 1067 1385 1136 reliqui
1425 1081 1618 1120 omnes
1649 1065 1915 1135 spiritus?
1948 1062 2090 1128 Quid

503 1154 654 1224 quod
683 1164 738 1209 et
768 1157 932 1210 ii.lem
974 1157 1290 1211 inferiorem
1317 1171 1442 1210 esse
1480 1155 1620 1209 Filio
1655 1154 1916 1224 Spiritum
1945 1154 2091 1207 alitr-

507 1239 684 1310 niant,
729 1255 786 1301 et
836 1249 1068 1304 alterius
1115 1255 1447 1310 creaturam,
1499 1261 1693 1315 nempe
1728 1243 1933 1300 Verbi?
1981 1245 2093 1298 (iur

506 1353 617 1392 non
653 1339 819 1409 igitur
860 1353 1084 1394 carnem
1135 1339 1374 1409 Spiritus
1431 1338 1628 1400 induit,
1677 1352 1804 1390 cum
1854 1352 1920 1391 ex
1977 1335 2092 1390 Arii

505 1430 780 1484 sententia
811 1429 983 1484 multo
1011 1431 1185 1500 magis
1229 1431 1301 1483 sit
1329 1429 1476 1484 illius
1505 1442 1670 1498 quam
1699 1427 1822 1482 Filii
1856 1440 2092 1498 persona

507 1519 832 1574 mutabilis?
860 1517 1341 1574 Verumenitnvero
1371 1518 1521 1588 quod
1553 1518 1643 1573 ille
1671 1517 1944 1587 sapientia
1986 1515 2093 1569 Pa-

506 1610 610 1664 tris
640 1619 808 1674 esset.
838 1619 1053 1667 suamet
1082 1612 1259 1682 ipsius
1295 1612 1633 1681 perfectione
1662 1611 2092 1665 imbecillitatem

508 1708 758 1754 nostram
789 1700 1075 1770 suscipere
1104 1701 1297 1764 voluit,
1326 1709 1386 1753 ut
1429 1701 1592 1768 ltujus
1631 1697 1821 1754 mundi
1851 1699 2003 1754 salus
2029 1698 2096 1752 il-

509 1791 619 1848 lius
649 1791 913 1848 beneﬁcio
943 1799 1380 1861 compararetur.
1414 1791 1486 1844 At
1533 1791 1611 1844 illi
1666 1791 1809 1846 bona
1855 1790 1909 1844 in
1953 1790 2094 1844 mala

510 1890 938 1947 commutantes,
989 1882 1237 1952 ingratos
1271 1897 1394 1938 sese
1434 1883 1697 1951 pra-bent,
1743 1881 1879 1935 tanti
1932 1881 2095 1936 bene-

513 1971 624 2026 ﬁcii
653 1973 1024 2040 immemores,
1075 1982 1240 2043 atque
1272 1974 1326 2027 in
1373 1971 1661 2026 Dominum
1706 1985 1867 2026 suum
1900 1979 2094 2025 contn-

2193 802 2391 868 σάρκα,
2424 795 2472 846 εί
2496 789 2564 862 ἧν
2593 793 2656 844 ὲκ
2685 790 2786 862 τῆς
2817 789 2911 844 τοῦ
2945 788 3158 859 Πατρὸς
3183 786 3416 848 οὖσίας;
3452 784 3660 835 Eii-mat
3686 783 3765 834 τοί-

2190 904 2285 939 νυν
2312 887 2464 956 ἡμῖν,
2497 884 2617 947 πῶς
2656 882 2876 952 ἄγγελοι
2910 882 3088 951 σάρκα
3117 880 3217 932 οὐκ
3247 875 3472 939 ἔλαϐον,
3499 874 3650 935 ὄντες
3673 870 3773 924 δοῦ-

2191 976 2272 1030 λοι
2302 975 2500 1040 αὐτοῦ;
2533 973 2650 1038 πῶς
2685 972 3018 1045 ἀρχάγγελοι
3044 989 3057 1036 ;
3092 969 3208 1032 πῶς
3245 966 3546 1036 στρατιαῖς
3576 964 3690 1026 πῶς
3717 964 3776 1015 τά

2192 1067 2328 1122 ἄλλα
2358 1069 2533 1123 πάντα
2559 1066 2629 1120 τὰ
2658 1063 3038 1136 πνευματικὰς
3081 1061 3240 1114 ’Λλλά
3269 1061 3369 1112 καὶ
3395 1054 3776 1126 ὑποδεέστερὼ

2193 1173 2358 1224 φασιν
2402 1151 2541 1209 εἶναι
2591 1155 2644 1207 οἱ
2697 1153 2930 1206 τοιοῦτοι
2983 1151 3043 1204 τὸ
3103 1149 3356 1219 Πνεῦμα,
3431 1148 3531 1200 καὶ
3591 1146 3777 1213 κτίσμα

2193 1248 2509 1318 κτίσματος,
2541 1246 2616 1310 ὡς
2635 1244 2800 1300 αὑτοῦ
2823 1245 2916 1298 τοῦ
2950 1245 3147 1312 Λόγου.
3177 1242 3300 1304 Πῶς
3328 1237 3433 1293 οὖν
3476 1239 3539 1290 τὸ
3577 1235 3777 1306 Πνεῦμα

2191 1339 2291 1390 οὐκ
2314 1337 2472 1392 ἔλαϐε
2496 1339 2694 1407 σάρκα,
2722 1321 3020 1407 δυνάμενον
3047 1335 3190 1404 ἔχειν
3225 1332 3534 1403 πρόσωπον
3563 1327 3778 1399 τρεπτδν

2195 1428 2335 1497 ὑπὲρ
2367 1427 2460 1480 τὸν
2501 1427 2650 1490 Υίδν,
2684 1426 2828 1479 κατὰ
2858 1425 2952 1478 τὸν
2981 1423 3145 1478 αὐτοῦ
3176 1422 3374 1490 λόγον;
3433 1418 3578 1471 Ἀλλ’
3612 1415 3777 1485 ἐπειδὴ

2196 1518 2355 1586 σοφία
2396 1513 2466 1590 ἦν
2500 1517 2597 1571 τοῦ
2633 1517 2869 1588 Πατρδς,
2916 1515 3184 1587 ηὑδὸκησε
3214 1513 3282 1566 δι’
3328 1509 3535 1564 ἑαυτοῦ
3581 1510 3675 1578 τῆς
3707 1524 3774 1558 τε·

2193 1609 2467 1682 λειότητος
2517 1610 2580 1662 τὸ
2618 1609 2888 1680 ἡμέτερον
2927 1606 3151 1668 ἀσθενὲς
3202 1601 3510 1658 ἀναλαΰεϊν
3535 1641 3550 1664 ,
3591 1601 3677 1652 ἵνα
3720 1597 3775 1648 δι’

2195 1703 2390 1756 ἑαυτοῦ
2415 1703 2564 1756 πᾶσα
2583 1701 2827 1773 σωτηρία
2847 1699 2925 1770 τῷ
2942 1699 3131 1768 κόσμῳ
3153 1695 3406 1765 γένηται.
3435 1693 3521 1745 Τὰ
3540 1692 3596 1744 δὲ
3617 1689 3774 1756 ἀγαθὰ

2195 1797 2276 1858 εἰς
2319 1794 2467 1848 κακά
2518 1793 2952 1864 μετατρέποντος
3005 1786 3438 1859 ἀχαριστοῦσιν,
3488 1784 3774 1854 ἀχάριστοι,

2196 1888 2293 1941 καὶ
2344 1885 2695 1958 ἀγνώμονες,
2744 1885 2841 1936 καὶ
2877 1882 3151 1937 Δεσπότου
3195 1878 3325 1933 ἰδίου
3371 1876 3636 1948 ὑϐρισταὶ
3656 1916 3667 1934 ,
3697 1873 3774 1925 καὶ

2202 1977 2534 2049 βλάσφημοι.
2573 1976 2655 2029 Τὰ
2692 1975 2750 2028 δὲ
2788 1973 2924 2030 ἀλλα
2967 1972 3153 2026 λοιπὸν
3188 1973 3288 2025 ὅσα
3312 1969 3606 2038 λέγοντες,
3636 1964 3775 2033 ἠλατ-

511 2067 725 2122 meliosi
765 2067 983 2136 penitus
1011 2039 1066 2120 et
1097 2039 1306 2135 injurii.
1356 2065 1558 2120 Eodem
1595 2064 1758 2118 modo
1801 2072 1855 2118 et
1906 2064 1959 2116 in
1991 2077 2098 2116 cae-

2208 2039 2466 2140 rmpé'vni;
2491 2069 2768 2138 φρονοῦσι.
2792 2064 2917 2128 Πῶς
2945 2064 3004 2118 δὲ
3031 2063 3319 2116 ἐπείνασεν
3338 2102 3355 2126 ,
3387 2063 3440 2113 εί
3469 2054 3542 2128 ἦν
3578 2056 3670 2125 τῆς
3697 2052 3772 2107 τοῦ

509 2159 649 2217 loris
681 2159 754 2212 ita
785 2157 853 2212 de
882 2172 947 2214 eo
977 2157 1243 2218 sentiunt,
1276 2165 1337 2212 ut
1369 2155 1611 2211 divinam
1657 2154 1710 2208 in
1755 2169 1822 2208 eo
1865 2153 2103 2223 dignita-

2204 2162 2420 2234 Πατρὺς
2450 2161 2668 2224 οὕσίαςς
2702 2158 2839 2232 Περὶ
2876 2156 2987 2228 γάρ
3023 2155 3118 2209 τοῦ
3157 2153 3294 2207 Θεοῦ
3332 2152 3680 2222 γέγραπται·
3707 2146 3774 2198 οὐ

511 2257 624 2303 tem
669 2248 1017 2303 imminuent.
1051 2248 1309 2315 Quinam,
1366 2247 1643 2317 inquiunt,
1695 2244 1910 2309 esuriit,
1955 2244 2001 2298 si
2035 2260 2100 2298 ex

2208 2252 2499 2318 πεινὰσει,
2551 2252 2695 2307 οὐδὲ
2731 2248 2980 2318 διψήσει
3003 2263 3018 2278 ο
3070 2247 3209 2300 οὔτε
3259 2245 3445 2298 ἐστιν
3490 2239 3774 2307 ἐξεύρεσις

509 2338 695 2395 Patris
731 2342 973 2396 essentia
1017 2340 1261 2411 prodiit?
1307 2338 1382 2394 De
1435 2339 1546 2394 Deo
1591 2352 1796 2407 quippe
1828 2337 2095 2405 scriptum

2208 2343 2317 2413 τῆς
2345 2343 2699 2414 φρονήσεως
2730 2339 2940 2396 αὑτοῦ.
2978 2332 3146 2402 Οὗτος
3170 2336 3227 2389 δὲ
3256 2335 3354 2389 καὶ
3378 2332 3640 2386 ὲπείνασε
3659 2367 3672 2391 ,
3695 2327 3774 2380 καὶ

509 2439 600 2487 est
631 2449 645 2487 :
680 2431 804 2486 Non
843 2433 1061 2496 esuriat,
1111 2447 1274 2502 neque
1303 2431 1483 2494 sitiet;
1517 2445 1680 2498 neque
1707 2437 1782 2481 est
1828 2427 2106 2495 investiga-

2208 2435 2448 2504 ἐδίψησε.
2492 2433 2618 2497 Πῶς
2647 2434 2925 2503 κέκμηκεν
2954 2431 3018 2484 ὲκ
3042 2429 3141 2499 τῆς
3161 2425 3501 2498 ὁδοιπορίας,
3533 2421 3625 2476 καὶ
3660 2419 3770 2471 huic

512 2525 592 2579 tio
623 2525 900 2593 sapientia
937 2524 1088 2578 illius
1122 2525 1164 2576 ¹.
1201 2521 1303 2578 llic
1345 2533 1528 2576 autem
1568 2531 1622 2576 et
1652 2521 1870 2581 esuriit,
1899 2527 1953 2573 cl.
1985 2518 2108 2573 siti-

509 2616 614 2671 vit.
661 2614 903 2685 Fatigari
954 2613 1155 2669 deinde
1199 2629 1268 2668 ex
1315 2613 1532 2676 itinere,
1580 2619 1674 2666 aut
1728 2609 1921 2666 sedere
1967 2623 2107 2679 quo-

516 2702 686 2758 modo
711 2703 889 2773 potuit
930 2715 1058 2756 cum
1101 2701 1368 2771 scriptum
1423 2700 1495 2754 sit
1529 2720 1543 2756 :
1576 2699 1717 2754 Deus
1758 2714 1862 2751 non
1889 2695 2106 2750 labora-

516 2793 594 2850 bit
615 2793 670 2848 '2
691 2793 806 2848 Cur
833 2806 967 2847 vero
999 2792 1116 2862 ipse
1139 2791 1307 2846 dixit:
1345 2790 1450 2856 Qui
1483 2792 1624 2845 misit
1653 2807 1731 2844 me
1745 2789 1906 2844 Pater
1934 2790 2110 2855 major

521 2900 608 2941 me
625 2893 705 2939 est
723 2885 744 2916 ³
765 2883 959 2940 ?Aiius
989 2892 1069 2939 est
1099 2882 1245 2939 enim
1259 2882 1355 2954 qui
1384 2882 1570 2946 mittit,
1586 2881 1726 2936 alius
1742 2883 1834 2953 qui
1852 2884 2106 2938 mittitur.

521 2975 641 3031 Nec
689 2975 984 3032 obscurum
1013 2985 1101 3030 est
1137 2972 1357 3028 Patrem
1387 2987 1498 3027 non
1533 2988 1658 3028 esse
1687 2971 1907 3038 Filium,
1936 2989 2110 3045 neque

520 3065 724 3122 Filium
765 3082 889 3124 esse
936 3065 1175 3126 Patrem.
1229 3064 1345 3120 Non
1393 3064 1538 3121 enim
1579 3065 1836 3120 assentiri
1871 3063 2111 3122 Sabellio

519 3174 842 3230 possimus,
862 3160 958 3230 qui
987 3157 1185 3212 Filium
1211 3156 1426 3214 Patrem
1451 3157 1607 3228 quasi
1637 3173 1805 3212 unum
1826 3157 2111 3214 eumdem-

517 3263 629 3318 que
655 3247 961 3303 constituit.
996 3247 1216 3317 Alioqui
1245 3261 1356 3301 non
1396 3246 1604 3302 diceret
1638 3263 1652 3302 :
1690 3247 1848 3304 Alius
1883 3257 1988 3314 est,
2013 3249 2110 3320 qui

2206 2525 2345 2590 θισε,
2383 2526 2480 2579 καὶ
2509 2527 2594 2579 ὅτι
2623 2527 2657 2579 ό
2686 2523 2831 2588 Θεὸς
2863 2523 2934 2575 οὐ
2965 2519 3238 2575 κοπιάσει
3263 2535 3282 2583 ;
3322 2516 3457 2580 Πῶς
3493 2513 3574 2578 δὲ,
3609 2508 3770 2579 φησὶν.

2205 2611 2380 2683 εἶπεν,
2427 2616 2482 2668 '0
2513 2613 2887 2679 ἀποστείλας
2925 2627 3002 2683 με
3040 2611 3246 2678 Πατήρ
3284 2625 3412 2676 μου
3444 2595 3770 2675 μείζωνμού

2205 2709 2414 2772 dear;
2454 2707 2648 2770 ’Λλλος
2683 2705 2792 2776 γὰρ
2823 2706 2854 2758 ὁ
2895 2701 3241 2758 ἀποστέλλων
3259 2741 3274 2765 ,
3309 2698 3476 2760 ἄλλος
3517 2694 3576 2747 δὲ
3604 2693 3632 2744 ὁ
3663 2691 3771 2743 ἀπο·

2209 2802 2582 2872 στελλόμενος.
2627 2799 2740 2854 Καὶ
2788 2797 2982 2867 δῆλον,
3011 2796 3094 2850 δτι
3130 2796 3158 2848 ὁ
3194 2791 3385 2863 Πατὴρ
3437 2789 3537 2844 οὐκ
3589 2781 3768 2872 lenivi

2210 2891 2363 2956 Υιδς.
2405 2870 2500 2946 uel.
2537 2891 2567 2942 ὁ
2599 2891 2729 2954 Υἱὸς
2771 2881 3062 2942 σῦκ’ῑστιν
3093 2887 3123 2940 ὁ
3160 2885 3372 2955 Πατήρ.
3405 2881 3485 2935 Οὐ
3520 2877 3626 2948 γὰρ
3652 2870 3768 2926 κατὰ

2208 2983 2302 3038 τὸν
2323 2981 2610 3036 Σαδέλλιον
2638 2983 2801 3052 ἡμεῖς
2829 2979 3062 3050 λέγομεν
3079 3018 3095 3044 ,
3123 2977 3214 3030 τὸν
3240 2975 3475 3044 λέγοντα
3501 2967 3767 3034 υίοπάτορα

2210 3071 2353 3128 εἶναι
2375 3075 2420 3128 ⁸.
2449 3074 2511 3127 El
2541 3072 2617 3144 μὴ
2640 3072 2751 3143 γὰρ
2785 3065 2960 3135 εἶπεν,
2985 3070 3068 3124 ὅτι
3093 3067 3283 3130 Ἄλλος
3301 3067 3458 3120 ἐστὶν
3479 3066 3511 3117 δ
3546 3054 3767 3116 ἀποστείο

2210 3165 2310 3228 λας
2353 3181 2442 3234 με·
2473 3161 2600 3226 καὶ,
2639 3161 2988 3231 Ἀκέρχᾳιαι
3020 3157 3171 3228 πρὸς
3209 3158 3317 3211 τὸν
3349 3155 3503 3210 Θεόν
3533 3169 3648 3222 μου
3689 3144 3765 3198 καί

2213 3258 2366 3314 Θεὸν
2406 3255 2594 3325 ὑμῶν,
2643 3253 2794 3322 πρὸς
2839 3253 2948 3306 τὸν
2980 3251 3213 3320 Πατέρα
3247 3267 3369 3319 μου
3426 3245 3528 3302 καί
3569 3237 3765 3304 Πατέρα

517 3335 672 3392 misit
719 3351 826 3392 me.
860 3335 927 3390 Et
960 3354 975 3392 :
1023 3335 1170 3391 Vada
1210 3337 1280 3390 ad
1314 3335 1483 3391 Deum
1529 3353 1720 3403 meum,
1743 3347 1794 3394 et
1835 3339 2000 3394 Deum
2031 3358 2106 3396 re-

2214 3347 2412 3418 ὐμῶν,
2444 3342 2585 3400 εἷπε.
2619 3346 2729 3399 Καὶ
2754 3344 2856 3398 οὐκ
2892 3346 2957 3425 ὲκ
2978 3343 3080 3412 τῆς
3113 3341 3208 3395 τοῦ
3236 3341 3376 3395 Θεοῦ
3405 3338 3593 3400 οὐσίας
3618 3336 3662 3443 0i
3686 3347 3768 3443 9;!-

516 3438 736 3495 urttnt;
777 3429 999 3485 Patrem
1041 3447 1213 3485 meum
1245 3439 1295 3485 et
1319 3429 1536 3486 Patrem
1577 3441 1805 3486 uestrum
1830 3433 1872 3487 ⁸.
1920 3434 2106 3505 Neque

2216 3439 2378 3510 θηταὶ
2411 3437 2552 3492 κατά
2583 3436 2744 3504 φύσιν
2783 3423 3173 3508 ιγεννήθησαν.
3221 3434 3335 3488 Καὶ
3358 3433 3550 3502 ἔλεγεν
3590 3423 3763 3486 αὐτοῖς.

519 3535 652 3576 vero
687 3536 754 3576 ex
789 3521 977 3577 divina
1009 3523 1249 3578 essentia
1295 3523 1620 3579 naturaliter
1650 3523 1821 3594 geniti
1857 3533 1988 3580 sunt
2033 3525 2114 3582 di-

520 3611 742 3681 scipuli.
775 3603 843 3666 Et
871 3613 940 3668 iis
970 3622 1151 3669 tamen
1181 3613 1318 3668 dixit
1345 3632 1360 3669 :
1400 3613 1614 3668 Patrem
1646 3624 1900 3674 vestrum.

592 3700 798 3758 Verum
829 3704 924 3773 qui
957 3705 1060 3759 ista
1099 3703 1356 3772 jactitaut
1387 3704 1722 3761 intolerabili
1748 3705 1988 3776 quodam
2028 3706 2116 3763 fu-

523 3807 650 3848 rore
683 3801 737 3847 et
789 3793 1030 3848 amentia
1085 3793 1358 3848 feruntur.
1390 3793 1604 3849 Etenim
1645 3796 1692 3851 si
1743 3797 1862 3851 solo
1893 3798 2116 3856 nomine

523 3884 756 3949 dicitur,
789 3899 892 3940 nec
938 3892 1140 3940 natura
1175 3883 1349 3941 Filius
1378 3893 1487 3952 est,
1527 3889 1883 3956 quantumvis
1931 3888 2114 3960 digni-

524 3980 640 4029 tate
694 3981 956 4043 superet,
1015 3973 1155 4028 nihil
1208 3975 1278 4030 ab
1331 3975 1670 4045 reliquarum
1732 3985 2114 4036 creaturarum

527 4064 852 4121 conditione
877 4066 1068 4121 distat.
1103 4065 1240 4120 Nam
1268 4074 1325 4122 et
1350 4081 1447 4122 rex
1483 4067 1610 4122 licet
1631 4067 1789 4140 741
1815 4068 2111 4150 praefectis,

522 4171 589 4213 ac
637 4157 872 4211 militum
927 4157 1210 4228 magistris
1285 4159 1611 4222 antecellat,
1661 4175 1770 4214 non
1837 4159 1963 4220 ideo
2003 4178 2113 4219 non

521 4247 771 4317 ejusdem
812 4255 900 4304 est
930 4248 1094 4319 cujus
1125 4249 1307 4304 caeteri
1355 4247 1710 4317 conditionis,
1740 4258 1837 4305 aut
1866 4266 1978 4308 non
2019 4268 2115 4308 ea-

521 4338 646 4393 dem
698 4350 826 4391 cum
879 4337 990 4394 illis
1036 4337 1303 4398 scrvitute
1351 4339 1698 4406 continetur,
1739 4349 2000 4412 tanquam
2045 4358 2113 4399 ex

519 4430 712 4486 eadem
739 4431 1024 4487 creatione
1068 4429 1373 4496 derivatus,
1403 4438 1462 4488 et
1512 4434 1763 4490 mortalis
1796 4448 1907 4489 non
1953 4449 2113 4491 secus

519 4537 587 4576 ac
613 4520 706 4590 qui
743 4520 852 4577 sibi
882 4521 1118 4592 subjecti
1151 4530 1302 4578 sunt.
1350 4522 1617 4580 Similiter
1647 4540 1714 4580 ex
1747 4539 1816 4582 eo
1840 4526 1992 4596 quod
2024 4529 2109 4584 sol

521 4620 620 4666 aut
656 4613 788 4667 luna
845 4613 1120 4670 sideribus
1151 4621 1414 4685 praestant
1456 4615 1707 4687 reliquis,
1745 4631 1858 4674 non
1902 4618 2112 4676 idcirco

2212 3527 2447 3600 Πατέρα
2474 3528 2661 3598 ὑμῶν.

2285 3708 2462 3780 Πολλὴ
2485 3707 2543 3762 δὲ
2570 3705 2962 3779 φρενοδλάδεια
2999 3704 3110 3758 τῶν
3135 3701 3206 3758 τὰ
3246 3700 3478 3757 τοιαῦτα
3508 3694 3760 3766 λεγόντων-

2215 3803 2280 3856 Εί
2304 3800 2416 3873 γὰρ
2443 3799 2668 3869 ὀνόματι
2713 3797 2874 3870 μόνον
2907 3797 3188 3859 καλεῖται,
3229 3795 3326 3848 καὶ
3366 3795 3470 3848 οὐκ
3499 3792 3610 3844 ἐστι
3647 3781 3762 3840 κατά

2215 3891 2400 3962 φύσιν,
2429 3889 2582 3944 οὺδδν
2604 3888 2848 3959 διαφέρει
2876 3886 2984 3942 τῶν
3017 3885 3194 3940 ἄλλων
3218 3884 3441 3939 πάντων
3464 3876 3761 3948 κτισμάωνν

2215 3983 2320 4038 κάν
2357 3999 2421 4036 τε
2459 3983 2516 4036 ὲν
2550 3981 2792 4051 ὑπεροχῇ
2828 3977 3142 4049 ἀξιώματος
3181 3977 3440 4049 ὑπάρχει.
3473 3973 3550 4028 οὐ
3576 3968 3673 4039 γὰρ
3697 3964 3762 4016 ὅτι

2213 4075 2245 4127 ὁ
2272 4073 2526 4145 βασιλεὺς
2560 4073 2818 4143 ὑπερέχει
2851 4071 2962 4124 τῶν
2988 4071 3246 4142 ἐπάρχων
3272 4072 3370 4126 καὶ
3395 4057 3762 4140 στρατηλατῶν.

2213 4166 2278 4220 οὐ
2303 4165 2457 4236 παρά
2489 4164 2647 4218 τοῦτο
2670 4165 2770 4218 οὐκ
2795 4163 2944 4218 ἔστιν
2973 4162 3307 4236 ὁμοιοπαθὴς
3332 4163 3444 4217 τῶν
3481 4157 3661 4216 ἄλλων,
3689 4147 3761 4204 καὶ

2216 4255 2500 4318 σύνδουλος
2527 4254 2630 4323 τῆς
2653 4254 2824 4324 αὐτῆς
2848 4254 3098 4317 κτίσεως,
3129 4253 3322 4324 θνητός
3352 4272 3438 4318 τις
3459 4253 3533 4306 ὢν
3565 4286 3582 4314 ,
3607 4245 3762 4307 ὥσπερ

2214 4346 2312 4402 καὶ
2331 4347 2381 4399 0i
2413 4346 2505 4399 ὑπ’
2525 4344 2692 4400 αὐτοῦ
2719 4345 3032 4417 ἀρχόμενα.
3062 4344 3174 4398 Καὶ
3187 4345 3287 4416 οὐχ
3305 4346 3389 4399 am
3411 4345 3443 4398 ὁ
3459 4341 3604 4416 ἥλιος
3625 4336 3761 4400 ὑπερ-

2215 4440 2331 4511 έχει
2375 4438 2484 4491 τῶν
2512 4436 2687 4500 ἀλλων
2720 4438 2939 4509 άστρων
2957 4475 2974 4501 ,
3005 4437 3101 4492 καὶ
3125 4437 3160 4508 ἡ
3191 4437 3388 4509 σελήνη
3423 4439 3480 4490 ἐν
3510 4430 3652 4505 μέρει
3671 4463 3686 4488 ν
3711 4419 3760 4473 οὗ

2215 4529 2369 4602 παρά
2399 4528 2559 4584 τοῦτο
2588 4528 2690 4581 οὐκ
2714 4527 2854 4581 εἰσιν
2880 4528 3300 4599 ὑποτεταγμένα
3334 4527 3584 4598 στοιχεῖα,
3607 4515 3686 4574 καὶ
3704 4512 3756 4578 τῇ

2219 4621 2316 4676 τοῦ
2353 4620 2475 4684 ἑνὸς
2519 4617 2762 4684 διατάξει
2789 4617 3124 4689 δημιουργοῦ
3155 4635 3218 4670 τε
3258 4618 3354 4672 καὶ
3407 4616 3643 4672 κτίστου,
3677 4604 3760 4658 Πα’

521 4700 762 4756 obnoxia
785 4715 910 4758 esse
925 4701 1208 4758 'elementa
1237 4703 1516 4768 desinunt,
1535 4713 1590 4760 et
1616 4705 1781 4762 unius
1806 4707 2106 4765 conditoris

2213 4711 2364 4784 τρὺς,
2393 4711 2489 4765 καὶ
2511 4708 2666 4775 Υίοῦ,
2689 4709 2786 4764 καὶ⁸
2808 4709 2966 4779 ἀγίου
2983 4709 3326 4780 Πνεῦματος.
3352 4707 3647 4763 ὑπείκοντα.
3670 4693 3758 4749 ιαι

520 4799 578 4846 et
607 4791 854 4856 artiﬁcis,
885 4789 1082 4857 Patris,
1104 4807 1169 4848 ac
1209 4791 1334 4848 Filii
1377 4800 1434 4848 et
1473 4792 1712 4866 Spiritus
1757 4796 1963 4864 sancti,
1997 4814 2118 4854 mo-

524 4879 809 4938 deratione
838 4883 1105 4955 subjecta.
1135 4883 1326 4956 Neque
1351 4884 1501 4956 quod
1531 4888 1710 4959 angeli
1739 4888 1908 4944 rebus
1933 4893 2115 4946 omni-

525 4969 634 5026 bus
663 4974 1108 5043 aspectabiiibus,
1131 4975 1380 5048 adeoque
1405 4978 1607 5036 creatis
1627 4981 1891 5038 omnibus
1921 4981 2118 5040 ordine

528 5074 596 5116 ac
642 5060 914 5131 dignitate
965 5068 1380 5136 praestantiores
1427 5077 1580 5136 sunt,
1632 5078 1824 5143 utpote
1869 5073 1966 5143 qui
2012 5075 2119 5132 sub

529 5156 813 5220 aspectum
844 5152 1042 5210 cadere
1069 5165 1370 5228 nequeant,
1400 5167 1456 5216 et
1482 5160 1722 5231 primum
1764 5162 1950 5219 cultus
1988 5179 2118 5236 erga

528 5237 778 5292 divinum
808 5237 1034 5307 numen,
1063 5252 1121 5299 et
1167 5244 1421 5324 obsequii
1453 5249 1635 5305 locum
1681 5265 1748 5306 ac
1792 5251 2117 5322 dignitatem

529 5329 848 5398 obtineant;
878 5346 1040 5402 quem
1069 5334 1294 5391 assidue
1320 5337 1539 5407 hymnis
1583 5355 1650 5396 ac
1691 5341 1943 5399 laudibus
1969 5345 2116 5401 cele-

530 5418 726 5487 brant;
761 5436 794 5476 e
836 5436 948 5492 quo
991 5431 1045 5477 et
1090 5423 1432 5484 immortales
1457 5444 1565 5485 non
1595 5441 1791 5489 natura
1835 5444 1986 5504 sunt,
2019 5437 2116 5493 sed

533 5511 704 5580 gratia
748 5514 957 5569 conditi
991 5513 1060 5570 ab
1089 5530 1156 5571 eo
1183 5517 1280 5588 qui
1313 5516 1640 5580 immortalis
1663 5535 1774 5594 est,
1811 5527 1950 5585 etin
1995 5543 2120 5586 sese

612 5663 628 5692 ¹
663 5662 767 5719 lsa.
795 5680 886 5734 ιι,
907 5665 997 5722 28.
1076 5671 1097 5701 ³
1121 5667 1256 5724 ibid.
1328 5667 1349 5700 ³
1385 5667 1543 5726 Joan.
1576 5689 1690 5742 xiv,
1717 5676 1810 5738 28.

2221 4802 2322 4872 οὐχ
2349 4801 2432 4854 ὅτι
2463 4799 2685 4870 ἄγγελοι
2718 4800 3024 4872 ὑπάρχουσι
3059 4799 3174 4872 (89)
3211 4799 3324 4854 τῶν
3351 4799 3553 4873 ὁρατῶν
3573 4833 3588 4859 ,
3611 4789 3691 4844 καὶ
3712 4787 3757 4838 ὲν

2221 4891 2375 4958 τάξει
2401 4890 2512 4946 τῶν
2537 4891 2736 4959 ἄλλων,
2770 4890 2989 4963 μείζους
3013 4893 3232 4948 πάντων
3263 4894 3423 4960 εἰσὶν,
3451 4884 3536 4946 οἶα
3551 4885 3609 4957 δὴ

2221 5001 2307 5040 τοι
2346 4983 2680 5048 κτισθέντες,
2715 4985 2812 5038 καὶ
2838 4983 2903 5038 τδ
2941 4984 3160 5057 πρῶτον
3204 4985 3376 5058 γέρας
3408 4987 3506 5057 τῆς
3538 4976 3620 5034 τοῦ
3646 4972 3754 5058 Θεῷ

2223 5075 2524 5148 θεραπείας
2550 5076 3038 5149 ἀποκαρπούμενοι
3066 5079 3125 5133 ὲν
3160 5079 3352 5152 ὕμνοις
3381 5071 3659 5149 διηνεκέσν
3682 5057 3753 5152 κα)

2223 5168 2484 5224 ἀθάνατοι
2528 5167 2672 5224 κατά
2708 5169 2869 5239 χάριν
2895 5169 2988 5224 ὑπ’
3025 5149 3211 5226 αὐτοῦ*
3231 5173 3554 5234 κτισθέντες,
3584 5158 3665 5216 καὶ
3702 5149 3750 5205 οὗ

2224 5258 2369 5314 κατὰ
2405 5259 2602 5328 φύσιν,
2634 5258 2894 5314 ἀθάνατοί
2923 5278 3009 5326 τε,
3049 5261 3213 5332 φύσιν
3243 5263 3304 5328 ἐξ
3340 5260 3500 5316 αὑτοῦ
3526 5252 3609 5311 τοῦ
3647 5245 3750 5301 ἀθα·

2223 5349 2387 5404 νάτου
2437 5350 2534 5402 καὶ
2569 5349 2722 5414 δντος
2754 5351 2812 5404 ὲν
2842 5351 3022 5423 ἐαυτῷ
3061 5352 3177 5426 ζωὴ
3230 5354 3327 5409 καὶ
3357 5346 3606 5408 ἀθανασξα
3644 5349 3745 5426 και·

2223 5439 2548 5515 αξιωοέντες
2575 5439 2863 5509 γενέσθαι,
2894 5443 2957 5496 οὺ
2990 5444 3141 5516 παρά
3165 5423 3344 5499 τοῦτο
3372 5446 3471 5499 οὐκ
3504 5438 3599 5494 είσὶ

2225 5531 2320 5584 καὶ
2344 5513 2569 5602 τρόμῳ,
2608 5533 2704 5587 καὶ
2739 5533 2848 5588 ὑπὸ
2893 5511 3229 5606 ἀπολοῆιαν,
3270 5537 3364 5592 καὶ
3405 5536 3639 5603 ἐξέτασιν,
3671 5511 3742 5571 καὶ

1925 5682 1947 5712 ⁵
1974 5679 2133 5737 Joan.
2173 5698 2266 5750 xx,
2296 5685 2379 5738 l7.
2457 5688 2477 5718 ⁵
2504 5685 2748 5745 Vitiosus
2771 5688 2859 5745 hic
2889 5689 3055 5748 locus-

610 5779 723 5852 (89)
755 5785 860 5840 Kal
925 5789 1038 5857 οὐχ
1089 5788 1179 5843 ὅτι
1222 5789 1464 5865 ἄγγελοι
1506 5792 1864 5865 ὑπάρχουσι.
1920 5798 2100 5856 scrib.

2208 5800 2481 5874 τρέχουσι.
