1997 3201
104 186 162 215 229

424 182 609 212 Αυνεκδυε
628 180 799 210 IIIERESES
819 180 882 208 LIB.
904 180 911 206 1

963 178 1038 207 ΙὉὶΙ.
1061 177 1131 205 11.-
1141 176 1280 204 ΠΑΞιιῐεὸ.
1304 176 1397 204 LXIX.

1681 174 1737 204 250

107 245 244 276 κέλευσιν,
262 243 309 270 καὶ
328 243 484 279 προσταγὴν
496 242 545 277 τῆς
566 241 645 276 ἁγίας
666 240 792 275 θεότητος
806 239 911 268 δεδουν

964 236 1001 264 ita
1016 237 1075 272 ipsa
1091 240 1134 264 est
1144 239 1172 263 et
1184 236 1389 267 immortalitas,
1403 233 1610 261 immortalitate
1624 232 1737 261 donati:

107 289 237 326 λωμινοι.

146 418 201 446 ΙΠ’.
219 417 314 445 Ἔνθεν
330 417 385 452 γάρ
399 417 456 443 ἐστι
479 415 510 443 ab
525 414 691 451 ζητούμενον
706 415 756 450 τῆς
770 414 898 449 ἀληθείας

106 463 282 499 ἁκρίόασμα,
299 461 345 488 τὸν
361 461 423 487 Υἱὲεν
441 460 490 495 μὲν
502 460 603 494 λέγειν,
620 459 709 493 λέγειν
722 459 751 485 δὲ
768 459 814 485 καὶ
827 458 898 493 ἔχειν

108 508 161 543 οὐχ
174 507 268 538 ἁπλῶς
277 506 363 541 ὄνομά
371 514 407 537 τι,
422 505 489 531 ἀλλὰ
501 505 564 531 Υίὸν
579 504 650 531 κατὰ
667 504 747 539 φύσιν
759 504 833 530 Υίόν.
845 504 900 530 Καὶ

109 555 139 580 ὲν
162 553 228 587 ἡμῖν
249 551 304 586 γὰρ
321 550 414 577 πολλοὶ⁵
433 549 579 577 καλοῦνται
595 549 660 581 υἱοὶ,
679 549 716 584 μὴ
729 548 805 579 ὄντες
820 547 899 584 ἡμῶν

110 599 165 626 υἱοὶ
181 597 252 625 κατά
273 597 365 632 φύσιν,
394 596 426 622 Οἱ
445 595 474 622 δὲ
488 595 610 631 ἀληθινοὶ
624 595 678 622 uici.
693 596 718 621 οἱ
734 595 841 629 γνήσιοι
853 602 902 620 κα-

109 644 231 675 λοῦνται,
250 644 275 669 οί
287 642 358 670 κατὰ
374 642 454 677 φύσιν
469 642 513 676 ὑφ’
533 641 611 677 ἡμῶν
624 640 829 675 γεγεννημένοι.
845 638 902 666 Καὶ

110 693 136 718 si
151 691 200 726 μὲν
213 687 260 717 οὖν
269 688 334 720 Υἰδς
349 688 429 723 μόνον
445 688 579 719 ἐκαλεῖτο,
589 687 627 718 ὡς
646 686 693 713 καὶ
704 686 805 717 πάντες
820 684 902 719 ἐκλή-

110 738 199 772 θησαν
218 736 271 763 υίοὶ
288 733 373 761 Θεοῦ·
399 733 454 769 ἄρα
472 734 547 760 οὐδὲν
563 732 715 759 διαλλάττει
731 731 786 758 τῶν
802 730 897 757 ἄλλων.

110 783 168 811 Καὶ
176 782 236 813 πῶς
243 781 281 813 ὡς
291 781 358 813 Θεὸς
368 780 575 816 προσκυνεῖται;
593 778 666 805 Ἔδει
675 775 722 804 οὖν
734 776 780 803 καὶ
791 776 824 803 τὰ
835 775 904 802 ἀλλα

110 828 153 856 πά
169 837 212 859 τα,
228 827 271 861 ἀφ’
291 825 338 858 οὓς
354 826 385 853 τὺ
396 826 480 861 ονομα
495 824 545 859 τῆς
559 823 694 855 υἱοθεσίας
711 821 903 857 ἐπικέκληται,

111 875 173 902 κατ’
188 874 270 901 αὑτὸν
286 872 508 909 προσκυνεῖσθαι,
519 870 612 905 ἐπειδὴ
625 869 679 896 υἱοὶ
688 868 756 895 θεοῦ
766 875 904 903 προσαγο-

948 291 1003 309 non
1029 286 1119 309 tamen
1136 286 1278 317 propterea
1290 289 1344 309 non
1356 284 1430 308 metu
1444 287 1477 308 ac
1489 285 1606 307 tremere
1622 278 1658 305 Ila
1672 286 1739 305 con-

949 327 1071 354 tinentur
1102 330 1149 358 ut,
1177 325 1316 361 exigendae
1349 333 1364 353 a
1400 333 1431 354 se
1463 324 1563 352 rationi
1591 331 1623 350 ac
1641 323 1741 351 divina:

950 372 1104 406 maiestatis
1116 371 1289 407 inquisitioni
1308 371 1478 406 imperioque
1491 369 1606 404 subjecti
1622 368 1688 396 sint.

986 417 1078 445 XVIII.
1100 417 1171 445 Hinc
1193 418 1277 453 igitur
1302 421 1432 444 accurata
1458 417 1515 447 illa,
1546 415 1580 442 de
1593 422 1648 449 qua
1663 421 1740 449 qua:-

949 463 1003 490 stio
1017 467 1070 495 cst,
1100 463 1222 490 veritatis
1243 461 1389 497 repetenda
1411 460 1493 494 ratio,
1518 463 1549 487 ut
1565 467 1627 486 cum
1643 458 1740 485 Filiqu

949 510 1076 541 dicimus,
1111 517 1164 536 non
1177 509 1278 536 nudum
1295 515 1377 543 penes
1398 507 1473 534 illum
1491 506 1611 534 residere
1623 505 1742 532 vocabu-

951 555 1006 582 Ium
1037 555 1235 586 existimemus.
1246 554 1293 581 sed
1307 561 1368 582 esse
1386 558 1484 581 natura
1503 551 1613 579 Filium.
1638 550 1745 584 Quippe

957 609 990 629 ex
1007 608 1058 629 usu
1076 608 1185 636 quoque
1201 603 1297 627 nostro
1315 600 1460 635 plerosque
1475 598 1545 625 lilios
1557 596 1744 627 nominamus.

952 648 998 683 qui
1024 652 1122 675 natura
1154 654 1326 682 nequaquam
1357 646 1404 673 lilii
1433 646 1521 674 nostri
1548 645 1614 673 sint.
1633 644 1669 671 At
1688 644 1745 670 reri

955 693 1004 720 lilii
1023 693 1145 728 germani
1160 692 1300 723 dicuntur,
1317 691 1364 726 qui
1379 690 1495 718 naturali
1509 698 1525 716 ο
1541 689 1619 717 nobis
1632 696 1747 724 genera-

961 738 1034 764 tione
1056 736 1201 771 prodeunt.
1229 735 1306 769 Quod
1333 735 1356 763 si
1381 735 1467 762 Filius
1487 735 1621 761 duntaxat
1642 740 1673 759 ea
1699 739 1745 759 ra-

954 783 1029 810 tione
1044 781 1161 809 Verbum
1177 782 1346 814 nominatur,
1361 788 1415 816 qua
1428 781 1519 807 caeteri
1532 787 1628 806 omnes
1639 778 1684 804 lilii
1699 777 1746 804 Dei

954 829 1044 855 vocati
1059 832 1135 858 sunt.
1152 827 1220 854 nihil
1236 827 1319 862 igitur
1335 827 1370 854 ab
1383 826 1445 853 aliis
1460 824 1639 859 discrepabit.
1656 822 1747 856 Quare

955 881 1006 901 cur
1024 878 1071 901 tan
1082 881 1155 908 luam
1175 873 1246 901 Deus
1269 871 1418 900 adoraturi
1444 871 1512 899 Nam
1533 876 1560 898 et
1581 870 1619 897 illi
1639 876 1748 904 quoque

112 920 249 957 ριύονται.
273 919 354 946 Ἀλλά
368 920 385 954 ἡ
396 917 509 953 ἀλήθεια
523 917 574 943 οὐκ
585 915 640 951 ἔχει
651 914 749 946 οὕτως,
763 913 820 940 ἀλλ’
832 910 903 940 οἶδεν

963 927 1060 951 mines,
1076 919 1109 946 ad
1125 926 1196 954 quos
1219 926 1317 945 nomen
1340 917 1407 945 illud
1431 916 1586 952 adoptionis
1607 915 1748 946 convenit.

111 965 159 992 ἀεὶ
169 965 217 992 ἱνα
231 964 362 1000 μονογενῆ
379 963 442 990 Υίὸν
452 961 520 989 Θεοῦ
530 969 538 976 ·
557 957 579 995 ᾧ
595 960 695 987 πάντα
709 959 845 993 λατρεύει
855 958 904 985 καί

112 1011 296 1045 προσκυνεῖ,
321 1009 371 1037 καί
393 1008 455 1036 πᾶν
473 1008 548 1043 γόνυ
570 1006 681 1041 κάμψει
706 1005 904 1039 ἐπουρανίων,

112 1057 163 1084 καί
176 1056 323 1091 ἐπιγείων,
335 1054 383 1081 καὶ
396 1052 610 1088 καταχθονίων.
620 1051 669 1078 καὶ
682 1050 767 1078 πᾶσα
780 1049 906 1086 γλῶσσα

112 1099 382 1135 ἐξομολογήσεται,
399 1097 445 1125 ὅτι
458 1098 564 1131 Κύριος
592 1095 706 1130 Ἰησοῦς
722 1094 849 1130 Χριστὸς
862 1095 906 1128 είς

113 1146 210 1178 δόξαν
231 1144 306 1173 Θεοῦ
323 1144 449 1178 Πατρός.
480 1142 549 1169 Ἀλλ’
566 1141 628 1169 οὕτε
647 1141 678 1168 τὸ
700 1141 776 1175 ἅγιον
794 1140 906 1175 Πνεῦμα

114 1191 254 1225 {grauiam
267 1191 324 1223 τοῖς
339 1190 429 1221 ἄλλοις
447 1189 616 1224 πνεύμασιν·
645 1187 739 1222 ἐπειδὴ
759 1187 788 1213 ἓν
802 1188 861 1213 ἐστι
876 1186 907 1213 τὸ

114 1236 228 1272 Πνεῦμα
237 1235 285 1263 τοῦ
298 1236 377 1268 Θεοῦ,
387 1234 499 1270 Πνεῦμα
514 1235 547 1261 ὲκ
559 1233 666 1269 Πατρὺς
678 1231 906 1267 ἐκπορευόμενον,

113 1283 163 1310 καὶ
185 1282 233 1309 τοῦ
256 1281 321 1309 Υίοῦ
346 1281 494 1317 Μμόάνον.
517 1276 596 1307 Οὗτοι
622 1279 651 1305 δὲ
676 1278 816 1314 βούλονται
842 1277 908 1304 αὐτὸ

113 1326 184 1355 εἶναι
193 1328 298 1363 κτίσμα
305 1327 465 1362 κτίσματος.
479 1326 547 1352 Φασὶ
558 1325 671 1360 γὰρ,ὃτι
684 1324 772 1351 πάντα
781 1323 815 1350 δι’
825 1323 908 1350 αὑτοῦ

112 1373 224 1408 γέγονε,
239 1372 286 1399 καὶ
301 1373 386 1408 χωρὶς
399 1371 482 1399 αὑτοῦ
495 1371 604 1406 ἐγένετο
616 1369 677 1397 οὐδὲ
691 1370 720 1397 ἓν
730 1378 736 1385 ·
750 1369 814 1405 ἀρα,
830 1369 908 1403 φασὶ,

115 1420 165 1447 καὶ
185 1419 219 1446 τὸ
234 1418 347 1454 Πνεῦμα
365 1419 399 1445 ὲκ
418 1417 473 1444 τῶν
489 1416 650 1453 ποιημάτων
665 1415 798 1451 ὑπάρχει·
816 1414 910 1450 ἐπειδὴ

115 1464 217 1492 πάντα
226 1463 263 1491 δι’
273 1463 366 1491 αὑτοῦ
373 1462 487 1498 γέγονε.
497 1462 554 1490 Καὶ
561 1461 704 1496 ἀγνοοῦσιν
713 1462 737 1488 οἱ
750 1460 838 1497 μάτην
848 1461 911 1487 ἑαυ-

116 1512 172 1538 τῶν
187 1511 237 1547 τὴν
254 1510 343 1546 ψυχὴν
365 1509 558 1541 ἀπολέσαντες,
576 1509 617 1535 ὅτι
635 1507 704 1535 ἄλλα
724 1507 784 1533 ἐστὶ
806 1506 840 1533 τὰ
854 1505 914 1533 κτί-

119 1565 223 1592 σμα-τα,
245 1557 293 1583 καὶ
303 1556 372 1583 ἄλλα
388 1556 424 1582 τὰ
436 1555 535 1582 κτιστὰ
545 1555 565 1588 ¹,
585 1554 692 1590 Πατὴρ,
708 1553 755 1580 καὶ
770 1552 844 1585 mg,
865 1552 912 1579 καὶ

957 965 1090 994 adorandi
1111 965 1185 992 illius
1199 964 1328 999 opinione
1345 963 1466 994 fuerant,
1480 970 1543 990 cum
1556 961 1602 989 Dei
1619 961 1667 988 lilii
1683 968 1750 987 nun-

961 1015 1106 1047 cupentur.
1131 1011 1214 1045 Atqui
1241 1010 1321 1044 longe
1346 1009 1426 1036 aliter
1447 1016 1508 1036 sese
1532 1008 1635 1035 veritas
1657 1007 1749 1039 habet,

960 1065 1021 1092 quae
1036 1055 1203 1091 singularem
1216 1059 1243 1082 et
1259 1054 1429 1089 unigenitum
1445 1053 1492 1081 Dei
1507 1053 1604 1080 Filium
1617 1056 1749 1087 perpetuo

959 1102 1096 1137 cognovit,
1117 1100 1163 1128 cui
1183 1100 1316 1131 serviunt.
1343 1107 1425 1134 quem
1446 1098 1562 1125 adorant
1584 1098 1688 1129 omnia,
1705 1097 1750 1124 cui

960 1151 1036 1175 autne
1051 1155 1116 1183 genu
1131 1147 1252 1181 ﬂectetur
1269 1145 1427 1176 cazlestt'um,
1452 1144 1614 1171 terrestrium
1625 1147 1650 1170 et
1666 1143 1749 1176 infer-

960 1202 1066 1224 nortmt,
1083 1198 1107 1220 et
1124 1192 1209 1219 omnis
1222 1191 1313 1226 lingua
1331 1189 1508 1225 conﬁtebitur,
1521 1189 1647 1224 quoniam
1664 1188 1751 1215 Denti-

961 1247 1009 1266 uua
1026 1238 1105 1265 Iesus
1122 1237 1243 1265 Christus
1260 1237 1286 1263 iu
1305 1235 1392 1271 gloria
1406 1239 1445 1262 est
1457 1234 1506 1262 Dei
1524 1234 1614 1261 Patris
1624 1234 1643 1260 ⁵.
1660 1233 1753 1269 Neque

961 1293 1026 1312 vero
1051 1284 1170 1319 Spiritus
1183 1287 1303 1311 sanctus
1322 1289 1385 1309 cum
1407 1281 1522 1317 reliquis
1544 1280 1688 1316 spiritibus
1700 1280 1751 1307 ad-

961 1330 1112 1366 aequandos
1127 1333 1179 1361 est,
1195 1337 1257 1356 cum
1284 1336 1356 1357 unus
1378 1328 1414 1355 sit
1433 1327 1479 1355 Dei
1500 1327 1619 1361 Spiritus
1635 1333 1650 1353 ο
1671 1325 1751 1355 Patre

964 1375 1146 1412 procedens’,
1162 1379 1189 1402 et
1205 1374 1239 1402 de
1249 1373 1317 1401 Filio
1325 1374 1462 1409 accipiens
1473 1373 1493 1401 ⁸.
1511 1373 1546 1399 At
1561 1372 1605 1400 isti
1619 1375 1753 1400 creatura:

964 1423 1037 1449 hunc
1049 1428 1111 1448 esse
1125 1424 1280 1447 creaturam
1295 1423 1432 1447 asserunt.
1449 1419 1495 1446 Sic
1509 1418 1582 1446 enitn
1598 1417 1732 1451 objiciunt
1744 1425 1752 1443 :

963 1465 1032 1492 Cum
1055 1464 1147 1491 omnia
1171 1471 1219 1498 per
1246 1464 1334 1498 ipsum
1353 1463 1423 1490 laeta
1443 1463 1510 1494 sint,
1527 1467 1552 1489 et
1566 1462 1626 1489 sine
1642 1462 1702 1496 ipso
1714 1461 1756 1488 la-

964 1515 1040 1538 etum
1065 1509 1102 1536 sit
1124 1510 1244 1542 nihil";
1273 1516 1339 1544 ergo
1362 1509 1444 1536 etiam
1467 1507 1587 1543 Spiritus
1605 1507 1677 1534 inter
1695 1506 1756 1541 ejus

964 1563 1046 1591 opera
1067 1554 1253 1582 numerandus
1274 1559 1336 1587 est,
1363 1553 1442 1590 742
1464 1554 1594 1589 quoniam
1610 1561 1656 1587 per
1672 1553 1758 1587 ipsum

124 1591 201 1639 ἆγιον
213 1603 336 1639 Πνεῦμα,
351 1600 391 1634 εἷς
403 1602 469 1634 Θεὸς
482 1600 567 1636 Τριὰς
582 1601 612 1627 ὲν
627 1599 752 1635 ἀληθείᾳ,
769 1599 816 1626 καὶ
827 1597 910 1633 μονὰς

963 1599 1035 1634 facta
1063 1603 1124 1626 sunt
1149 1599 1249 1626 omnia.
1275 1598 1329 1627 Sed
1341 1599 1433 1626 miseri
1447 1598 1583 1630 homines,
1596 1597 1643 1633 qui
1658 1591 1760 1625 temere

126 1650 157 1676 ιν
170 1649 281 1685 ἑνότητι.
307 1648 358 1675 Διά
377 1647 457 1674 τοῦτο
470 1646 535 1682 γὰρ,
558 1647 599 1673 ὃτι
620 1642 659 1677 εἷς
678 1644 755 1676 Θεὸς,
769 1644 809 1670 ὅτι
825 1643 855 1669 οὺ
867 1642 914 1669 δύο

124 1695 255 1731 Πατέρες,
277 1693 339 1721 οὔτε
360 1693 407 1720 δύο
421 1693 491 1725 Υἱοὶ,
509 1691 573 1719 οὕτε
596 1690 643 1717 δύο
661 1689 810 1725 Πνεύματα
831 1688 912 1722 ἅγια·

121 1739 171 1766 καὶ
193 1738 287 1774 ἐπειδὴ
304 1738 354 1765 οὐκ
377 1737 517 1773 ἀλλότριος
532 1737 546 1763 6
559 1736 623 1768 Υἱὸς
638 1735 685 1762 τοῦ
708 1734 832 1770 Πατρὸς,
857 1733 915 1760 ἀλλ’

119 1784 153 1817 ιε
162 1784 246 1812 αὐτοῦ
256 1783 465 1819 γεγεννημένος,
478 1783 525 1809 καὶ
537 1782 587 1808 οὐκ
605 1780 745 1816 ἀλλότριον
760 1779 790 1806 τδ
803 1778 915 1814 Πνεῦμα

119 1832 152 1858 τὸ
162 1830 259 1866 ἃγιον·
284 1830 341 1857 ἀλλ’
364 1830 379 1856 6
399 1829 448 1864 μὲν
465 1828 528 1860 Υἱὸς
548 1826 696 1863 μονογενὴς
718 1824 916 1860 γεγεννημένος

119 1876 260 1910 ἀνάρχως,
273 1874 406 1910 ἀχρόνως,
419 1873 449 1900 τὺ
463 1873 492 1899 δὲ
507 1872 585 1907 ἅγιον
596 1870 719 1906 Πνεῦμα,
732 1870 770 1902 ὡς
781 1867 852 1896 οἶδεν
867 1868 916 1894 αὐσ-

119 1921 168 1953 τδς
187 1921 202 1948 6
218 1920 313 1955 Πατὴρ
334 1920 380 1946 καὶ
398 1921 412 1946 6
428 1918 595 1953 Μονογενὴς,
612 1916 675 1944 οὔτε
696 1916 835 1952 γεννητὸν,
853 1914 915 1941 οὔτε

122 1965 244 1998 antu-16v,
265 1964 327 1992 οὔτε
350 1964 491 2000 ἀλλότριον
511 1963 618 1999 Πατρὸς
638 1963 684 1990 καὶ
705 1962 781 1994 Υίοῦ,
807 1961 863 1988 ἀλλ’
883 1961 916 1986 ὶκ

122 2010 233 2046 lla-:96;
249 2010 475 2046 ἐκπορευόμενον,
492 2009 540 2037 καὶ
553 2009 601 2035 τοῦ
618 2008 683 2035 Υἱοῦ
699 2007 848 2043 λαμϐάνον.
876 2007 914 2034 Τὸ

122 2055 247 2090 Πνεῦμὰ
253 2065 313 2091 μου
325 2057 391 2091 γὰρ,
403 2056 496 2091 φησιν,
505 2055 673 2089 ἐφέστηκεν
684 2053 807 2088 ἐνμέσῳ
818 2053 915 2087 ὑμῶν·

123 2102 184 2133 καὶ,
207 2102 328 2137 Ἔχρισε
342 2101 397 2129 τὸν
416 2100 547 2136 Χριστὸν
556 2100 592 2127 ἐν
605 2100 755 2135 Πνεύματι
769 2099 852 2134 ἁγίῳ.
885 2098 917 2125 Et

123 2147 208 2179 αὐτὸς
221 2148 235 2174 6
246 2147 400 2183 Μονογενὴς
414 2147 521 2184 χρίεται
535 2148 565 2175 ὲν
575 2145 785 2183 Πνιύματι,.τίς
801 2145 916 2179 ἐγκαλέ-

125 2201 169 2220 σιι
180 2194 214 2229 τῇ
228 2193 294 2230 ἁγίᾳ
305 2194 419 2230 Τριὰδι;

967 1646 1075 1673 animas
1100 1652 1166 1672 suas
1187 1645 1320 1680 perdunt,
1343 1643 1410 1672 illud
1434 1644 1584 1679 ignorant:
1600 1643 1673 1670 aliud
1698 1649 1760 1670 esse

967 1695 1120 1724 creaturas.
1138 1691 1212 1718 aliud
1226 1690 1385 1718 Creatorem
1406 1691 1506 1725 ipsum,
1525 1690 1644 1723 Patrem,
1660 1689 1760 1716 Filium

967 1740 995 1764 et
1012 1735 1145 1772 Spiritum
1160 1740 1286 1763 sanctum
1303 1744 1387 1763 unum
1407 1736 1501 1768 Deum,
1518 1736 1563 1771 qui
1585 1743 1679 1763 revera
1698 1735 1761 1762 Tri-

969 1782 1042 1809 nitas
1060 1786 1112 1814 est,
1127 1785 1155 1809 et
1172 1781 1200 1808 in
1222 1781 1413 1816 singularitate
1436 1782 1538 1809 unitas.
1557 1781 1663 1816 Quippe
1688 1788 1761 1808 unus

970 1827 1043 1855 Deus
1058 1831 1110 1859 est,
1125 1835 1181 1854 non
1195 1827 1250 1855 duo
1263 1827 1367 1859 Patres,
1384 1835 1472 1861 neque
1485 1826 1547 1854 Filii
1561 1827 1626 1860 duo,
1645 1826 1687 1853 vel
1705 1826 1761 1853 duo

970 1871 1089 1908 Spiritus
1100 1872 1197 1900 sancti.
1210 1872 1265 1900 Nec
1279 1880 1294 1900 a
1307 1871 1388 1899 Patre
1403 1873 1510 1900 alienus
1528 1876 1570 1900 est
1585 1871 1689 1904 Filius;
1711 1872 1761 1898 sed

969 1920 1004 1947 ab
1019 1920 1079 1955 ipso
1094 1920 1213 1954 genitus,
1232 1926 1283 1947 nec
1295 1919 1402 1947 alienus
1414 1919 1478 1947 item
1492 1919 1613 1955 Spiritus
1624 1922 1739 1946 sanctus
1752 1927 1760 1945 :

968 1972 1002 1992 ex
1028 1965 1129 2001 quibus
1157 1965 1243 1993 Filius
1270 1965 1427 2001 unigenitus
1450 1965 1510 1993 sine
1536 1964 1591 1993 ullo
1615 1965 1693 1992 initio
1720 1964 1763 1992 vel

968 2013 1092 2046 tempore
1106 2013 1217 2046 genitus
1231 2020 1238 2044 ;
1265 2010 1386 2046 Spiritus
1401 2015 1492 2039 autem
1510 2014 1623 2040 sanctus
1636 2018 1669 2038 eo
1682 2010 1764 2038 modo

971 2064 1053 2092 quem
1069 2057 1150 2085 Pater
1163 2062 1191 2085 et
1209 2057 1371 2093 Unigenitus
1384 2062 1567 2095 cognoscunt,
1584 2066 1673 2093 neque
1689 2057 1765 2092 geni-

972 2107 1018 2129 tus
1046 2109 1136 2136 neque
1160 2106 1271 2130 creatus
1294 2110 1309 2130 a
1331 2102 1412 2131 Patre
1430 2107 1458 2131 et
1476 2103 1545 2131 Filio
1560 2113 1567 2131 :
1585 2103 1632 2131 sed
1650 2111 1664 2129 a
1683 2102 1764 2130 Patre

971 2148 1123 2183 procedens
1136 2151 1164 2175 et
1174 2148 1208 2175 de
1222 2147 1293 2175 Filio
1307 2149 1457 2184 accipiens.
1475 2149 1592 2183 Spiritus
1603 2149 1671 2175 enim
1680 2156 1764 2180 meus,

970 2193 1071 2228 inquit,
1094 2197 1148 2220 stat
1169 2194 1196 2220 iu
1215 2194 1301 2220 medio
1326 2195 1404 2221 vestri
1420 2194 1430 2209 '
1445 2202 1452 2227 ;
1466 2199 1494 2221 et
1510 2203 1516 2220 :
1536 2193 1616 2220 Unxit
1629 2192 1765 2221 Christum

125 2241 155 2268 in
170 2240 273 2275 Spiritu
289 2247 380 2269 sancto
399 2242 429 2268 '.
446 2240 476 2269 Si
488 2240 652 2276 Uuigenitus
672 2240 732 2276 ipse
752 2239 857 2275 Spiritu
885 2245 981 2268 sancto
1007 2241 1137 2269 inunctus
1152 2240 1263 2274 dicitur,
1289 2241 1352 2276 quis
1381 2241 1584 2269 sanctissimam
1600 2239 1766 2267 Trinitatem
1789 2237 1794 2269 i

128 2286 242 2314 audebit
254 2286 409 2315 incessere?

163 2343 215 2370 18'.
235 2340 302 2368 Εἶτα
315 2341 397 2368 πάλιν
413 2341 495 2377 φησὶν
513 2342 529 2368 6
552 2340 690 2377 μανιώδης
707 2340 833 2376 Ἄρειος·
855 2338 911 2371 Πῶς

1006 2337 1075 2364 ΧΙΧ.
1100 2337 1189 2372 Pergit
1202 2345 1267 2365 vero
1285 2337 1406 2366 furiosus
1426 2341 1507 2373 atque
1524 2345 1618 2367 amens
1632 2338 1723 2371 Arius,
1738 2343 1767 2367 et

124 2386 206 2416 εἶπεν
225 2389 240 2415 6
258 2387 373 2423 Ktiptoc'
402 2388 432 2414 Τί
447 2395 486 2422 με
503 2387 603 2422 λέγεις
615 2387 748 2422 ἀγαθόν;
766 2383 818 2419 Εἷς
835 2386 923 2412 ἐστιν

125 2434 240 2470 ἀγηθὸς
247 2435 263 2461 ὁ
274 2434 361 2466 Θεός;
369 2433 407 2465 ὡς
418 2433 501 2460 αὐτοῦ
513 2433 681 2470 ἀρνουμένου
693 2432 743 2468 τὴν
753 2432 919 2468 ἀγαοότητα.

126 2481 185 2508 Καὶ
197 2480 239 2512 τίς
251 2480 329 2512 ἄλλος
343 2479 430 2511 οὕτως
439 2478 543 2514 ἀγαθὸς
554 2478 592 2510 ὡς
604 2480 619 2506 6
632 2478 804 2513 Μονογινής;
817 2477 847 2509 ὃς
857 2477 922 2504 ἑδω-

127 2535 176 2554 κεν
187 2525 283 2553 ἑαυτὸν
294 2525 450 2561 ἀντίλυτρον
463 2524 519 2552 τῶν
528 2524 672 2560 ἡμετέρων
684 2523 789 2559 ψυχῶν.
803 2523 858 2550 Καὶ
871 2523 922 2550 οὐκ

127 2572 218 2599 οἴδασι
231 2571 298 2597 Θεοῦ
310 2570 359 2605 τὴν
371 2570 485 2606 δύναμιν
496 2570 545 2597 καὶ
556 2569 605 2605 τὴν
616 2569 784 2604 ἁγαθότητα,
795 2567 857 2595 οὔτε
871 2565 922 2603 τὴν

128 2616 286 2651 οίκονομίαν
303 2616 352 2651 τῆς
373 2615 421 2643 τοῦ
441 2615 510 2650 Θεοῦ
524 2615 631 2650 σοφίας,
651 2615 762 2650 ψυχικοί
782 2615 859 2647 ὄντες
876 2615 924 2641 καὶ

130 2660 270 2695 σαρκικοί,
282 2660 488 2695 ἀνακρινόμενοι
509 2660 564 2687 ἀπὸ
580 2660 658 2694 ἁγίου
676 2660 846 2695 Πνεύματος.
861 2659 925 2686 κοῦ-

130 2713 179 2740 φοι
194 2704 271 2737 ὅντες
282 2705 329 2731 ἀπ’
345 2705 438 2737 αὑτοῦ,
452 2705 490 2742 μὴ
505 2705 614 2741 ἔχοντες
628 2705 678 2741 τὴν
689 2705 737 2732 τοῦ
749 2705 827 2739 ἀγίου
839 2705 924 2732 Πνεύ-

132 2759 220 2786 ματος
233 2750 347 2787 δωρεὰν.
361 2751 410 2786 τὴν
425 2751 587 2785 σοφίζουσαν
598 2751 687 2778 πάντα
701 2751 856 2787 ἄνθρωπον.
869 2751 925 2778 Πά-

176 2839 184 2854 ¹
198 2837 251 2865 Nisi
278 2838 407 2866 mendum
422 2843 479 2869 est,
497 2839 592 2866 κτιστά
608 2847 658 2873 pro
672 2839 799 2872 κτίζοντα
813 2838 911 2873 posuit.

963 2841 965 2853 λ
980 2838 1096 2873 Philipp.
1113 2845 1145 2870 ιι,
1163 2838 1206 2867 l0.

137 2873 182 2902 15.
225 2874 235 2890 ¹
249 2873 331 2902 Joan.
348 2882 368 2904 ι.
385 2874 412 2901 5.
451 2874 461 2889 ⁶
476 2876 543 2905 Atta.
557 2882 586 2905 ιι,
603 2873 629 2902 6.
668 2875 678 2891 ⁷
697 2875 756 2902 Act.
770 2883 798 2906 ι,
820 2874 864 2902 38.

963 2882 1001 2900 uc.
1018 2882 1095 2903 nul.
1110 2874 1149 2903 I9.

971 2391 1032 2415 cur.
1058 2383 1157 2418 inquit,
1179 2383 1309 2411 Dominus
1322 2383 1391 2410 dixit
1404 2392 1411 2410 :
1427 2383 1498 2416 Quid
1513 2392 1553 2411 me
1567 2383 1635 2411 dicis
1649 2384 1743 2412 bonum
1754 2385 1768 2413 Υ

974 2428 1048 2456 Unus
1073 2434 1112 2456 est
1137 2429 1220 2456 bonus
1242 2428 1314 2456 Deus
1330 2429 1359 2456 ’ἲ
1383 2430 1461 2464 quasi
1485 2429 1704 2457 bonitatemasc
1723 2429 1767 2459 his

971 2476 1062 2504 verbis
1085 2475 1235 2510 abjudicet.
1260 2475 1421 2511 Quanquam
1450 2476 1512 2511 quis
1545 2476 1616 2503 alius
1645 2476 1768 2504 bonitate

971 2529 1034 2549 cum
1052 2522 1194 2558 unigenito
1208 2521 1256 2549 Dei
1278 2521 1347 2549 Filio
1362 2522 1564 2557 comparandus
1583 2527 1624 2550 est
1635 2542 1643 2555 ,
1660 2523 1705 2558 qui
1724 2531 1767 2551 se-

972 2569 1121 2603 metipsum
1146 2567 1315 2595 redimendis
1345 2567 1490 2595 animabus
1515 2569 1618 2596 nostris
1650 2569 1766 2604 pretium

971 2613 1085 2641 obtulit?
1101 2612 1195 2648 Usque
1211 2621 1244 2641 eo
1260 2612 1380 2640 divinam
1400 2614 1454 2640 vim
1471 2617 1500 2642 et
1513 2614 1662 2641 bonitatem
1690 2615 1766 2649 igno-

972 2662 1051 2691 rant;
1076 2666 1128 2686 nec
1150 2659 1223 2686 illius
1240 2659 1382 2694 sapientiae
1405 2659 1606 2695 providentiam
1628 2663 1655 2687 et
1677 2660 1766 2686 admi-

973 2704 1166 2731 nistrationem
1193 2704 1361 2739 intelligunt,
1385 2705 1520 2732 animales
1537 2704 1672 2737 homines,
1696 2708 1723 2731 et
1738 2704 1767 2733 in

975 2758 1086 2778 carnem
1107 2750 1190 2778 altius
1209 2750 1343 2784 immersi,
1361 2751 1408 2786 qui
1425 2757 1441 2778 a
1457 2750 1562 2786 Spiritu
1579 2753 1676 2778 sancto
1692 2749 1768 2786 diju-

1257 2840 1268 2856 ³
1287 2839 1366 2867 Joan.
1383 2846 1428 2872 xv,
1442 2837 1488 2866 26.
1527 2838 1539 2854 δ
1552 2837 1634 2867 Joan.
1650 2846 1706 2872 xvi,
1721 2837 1768 2873 ιι,
