3994 6404
176 338 288 398 255

788 329 1165 390 ADVERSUS
1208 325 1555 388 IIIERESES
1592 327 1717 385 LIB.
1761 329 1828 385 ll.
1867 325 2029 384 ΤΟΜ.
2075 325 2136 384 Il.
2177 359 2247 372 -——
2286 324 2561 385 I-IAERES.
2603 323 2794 384 LXIX.

3369 327 3478 388 ΞΜ

180 453 279 507 τοῦ
308 450 447 505 Θεοῦ
474 450 644 520 λέγει,
674 449 777 506 κᾶν
801 468 862 504 τε
887 450 1042 525 εἴπῃ,
1069 451 1152 504 ὅτι
1194 449 1336 521 Ἐγὼ
1366 450 1403 519 ἠ
1425 449 1612 519 caspia
1641 465 1778 503 κατ-

1887 447 2039 504 nullo
2081 445 2246 500 modo
2288 445 2556 517 loquitur,
2587 444 2840 518 quamvis
2877 447 2984 501 ista
3020 440 3284 514 subjiciat
3316 460 3331 496 :
3364 439 3478 512 Ego

174 541 511 611 εσιιήνωσα
551 540 801 608 ,βουλὴν
841 541 940 596 καί
974 539 1226 610 γνῶσιν,
1259 541 1358 595 καί
1389 541 1636 596 ἔννοιαν
1659 539 1776 610 ἐγὼ

175 631 671 701 ἐπεκαλεσάμην.
723 632 894 686 Πόσαι
925 631 1036 704 γάρ
1071 633 1178 687 εἰσι
1203 632 1659 707 καταχρηστικῶς
1689 633 1777 686 λε-

173 725 407 794 γόμεναι
430 720 568 779 Θεοῦ
599 722 783 791 σοφίαι
803 739 818 787 ;
843 723 959 776 Μία
987 723 1044 776 δὲ
1066 725 1094 778 ὁ
1113 723 1447 794 Μονογενὴς,
1471 723 1593 794 οὐχὶ
1610 741 1778 778 κατα-

173 818 494 888 χρηστικῶς
539 817 855 888 λεγόμενος,
902 815 1016 871 ἀλλ’
1059 817 1118 871 ὲν
1163 816 1414 890 ἀληθείᾳ.
1475 817 1559 872 Τὰ
1596 817 1777 872 πάντα

171 909 287 982 γὰρ
314 909 450 963 Θεοῦ
487 909 650 979 σοφία
671 926 684 940 ο
714 909 808 963 καὶ
838 911 942 964 ὅσα
974 909 1124 964 ἐστὶν
1150 910 1261 964 ἀπὸ
1288 909 1383 964 τοῦ
1416 910 1574 978 Θεοῦ,
1614 911 1778 981 σοφία

174 1001 361 1054 ἔστιν’
416 1000 550 1072 ἄλλη
599 1000 658 1053 δὲ
708 1000 1014 1067 ἰδιάζουσαι,
1057 1001 1151 1056 καὶ
1193 1002 1337 1075 ὑπὲρ
1386 1004 1566 1058 πάντα
1617 999 1774 1072 οὖσα,

177 1093 455 1148 τουτέστιν
482 1093 512 1146 ὁ
545 1091 880 1163 Μονογενὴς,
911 1092 944 1150 ὁ
978 1092 1054 1165 μὴ
1087 1094 1546 1166 καταχρηστικῶς
1575 1093 1653 1149 ὢν
1689 1113 1779 1150 σο-

178 1188 298 1256 φία,
340 1186 460 1241 ἀλλ’
487 1186 738 1257 ἀληθεία.
760 1188 788 1240 ὁ
816 1185 914 1240 σὺν
938 1186 1115 1259 Πασιτρ)⁵
1137 1187 1225 1241 ἀεὶ
1261 1185 1358 1254 ὢν,
1387 1188 1416 1240 ὁ
1447 1186 1676 1260 δύναμις
1699 1187 1779 1243 ὢν

173 1277 309 1332 Θεοῦ
336 1278 433 1332 καὶ
456 1277 640 1347 σοφία,
666 1275 811 1331 κατὰ
834 1277 896 1330 τὸ
919 1276 1338 1349 γεγραμμένον
1374 1277 1538 1349 Ἡμῖν
1565 1277 1624 1331 δὲ
1644 1278 1780 1350 Χρι-

174 1374 304 1438 στὸς
327 1371 557 1444 δύναμις
590 1369 751 1437 Θεοῦ,
780 1371 878 1426 καὶ
908 1370 1044 1425 Θεοῦ
1073 1371 1256 1440 σοφία.
1289 1371 1460 1426 Ἔστι
1491 1371 1562 1425 δὲ
1589 1371 1781 1442 σοφία

174 1467 439 1535 πένητος
465 1465 910 1536 ἐξουθενημένη
936 1481 950 1494 ·
983 1465 1100 1531 καὶ,
1139 1465 1376 1534 Ἐπειδὴ
1397 1466 1469 1520 ἐν
1495 1464 1573 1535 τῇ
1593 1465 1782 1536 σοφίᾳ

176 1559 283 1613 τοῦ
308 1557 459 1613 Θεοῦ
493 1560 607 1613 οὐκ
639 1556 794 1627 ἔγνω
825 1560 858 1611 d
884 1557 1114 1627 κόσμος
1135 1556 1244 1612 τὸν
1272 1557 1442 1623 Θεὸν,
1470 1556 1783 1626 ἠὐδόκησεν

174 1649 272 1704 διὰ
302 1649 417 1718 τῆς
439 1649 669 1719 μωρίας
705 1649 813 1704 τοῦ
861 1649 1240 1719 Εὐαγγελίου
1273 1647 1475 1704 σῶσαι
1505 1649 1650 1716 τοὺς
1681 1666 1780 1704 πι-

174 1743 511 1807 στεύοντας
534 1758 548 1772 ο
601 1739 726 1806 καὶ,
775 1739 1107 1811 Ἐμώρανεν
1144 1743 1178 1795 ὁ
1213 1739 1361 1808 Θεὸς
1398 1739 1515 1809 τὴν
1551 1739 1782 1810 σοφίαν

1875 538 2137 604 sapientia
2161 537 2400 593 habitavi
2430 540 2486 593 in
2517 539 2765 604 consilio,
2790 546 2840 596 et
2862 538 3162 602 scientiam,
3193 544 3243 590 et
3273 535 3478 589 intelli-

1874 630 2105 699 gentiam
2157 628 2466 684 advocavi’.
2497 629 2670 695 Quam
2707 629 2857 686 enim
2893 629 3080 683 multa!
3105 627 3346 698 quodam
3380 643 3478 680 vo-

1879 718 1963 774 cis
2021 719 2199 774 abusu
2251 718 2347 775 Dei
2418 719 2701 790 sapientiae
2757 717 3150 774 nominantur?
3201 713 3310 772 Sed
3367 729 3476 770 una

1876 819 1961 866 est
1992 827 2104 882 pra:
2139 800 2421 880 omnibus,
2459 812 2555 882 qui
2587 807 2917 883 Unigenitus
2947 805 3278 881 appellatur,
3321 821 3476 878 quae-

1877 920 1984 975 que
2011 905 2114 961 hoc
2157 921 2357 961 nomen
2401 906 2608 977 reipsa,
2646 919 2758 960 non
2794 901 2962 976 7M
2990 902 3146 958 vocis
3183 900 3474 963 abusione,

1883 1001 1988 1056 sibi
2020 1000 2284 1056 vindicat.
2323 999 2536 1056 Etenim
2578 1001 2789 1064 omnia,
2839 1013 2963 1070 quae
2996 996 3062 1051 ad
3098 990 3268 1051 Deum
3308 992 3477 1066 perti-

1878 1101 2030 1160 nent,
2062 1092 2328 1164 sapientia
2358 1100 2490 1148 sunt
2523 1103 2757 1162 quaeque
2791 1089 2860 1145 ab
2887 1087 2981 1144 illo
3012 1088 3476 1160 proliciScuntur;

1879 1186 1977 1242 sed
2024 1185 2132 1239 alia
2178 1192 2362 1240 tamen
2404 1193 2489 1241 est
2523 1184 2746 1255 proprie
2793 1183 2942 1239 dicta
2980 1179 3346 1252 omniumque
3385 1195 3480 1235 su-

1877 1259 2092 1350 prema,
2149 1275 2247 1332 Dei
2293 1276 2554 1334 videlicet
2603 1275 2926 1349 unigenitus
2972 1267 3170 1339 Filius,
3221 1273 3315 1345 qui
3365 1287 3481 1327 non

1877 1369 2391 1427 accommodatione
2432 1370 2605 1437 vocis,
2643 1355 2742 1425 sed
2777 1383 2846 1425 ex
2879 1370 2958 1424 rei
2988 1369 3222 1424 veritate
3248 1365 3475 1437 sapien-

1877 1462 1955 1517 tia
1986 1462 2192 1519 dicitur
2215 1481 2231 1519 :
2258 1463 2353 1535 qui
2378 1471 2465 1519 est
2491 1477 2616 1517 cum
2646 1459 2812 1518 Patre
2841 1470 3126 1533 perpetuo,
3161 1466 3348 1530 utpote
3380 1458 3481 1512 Dei

1880 1555 2100 1620 virtus,
2182 1561 2238 1610 et
2310 1555 2601 1626 sapientia.
2677 1545 3150 1622 Quemadmodum
3207 1551 3476 1620 scriptum

1879 1645 2198 1704 estzNobis
2242 1656 2429 1703 autem
2473 1649 2734 1705 Christus
2787 1647 2882 1703 Dei
2926 1647 3104 1702 virtus
3145 1653 3200 1702 et
3251 1641 3343 1700 Dei
3389 1660 3484 1698 sa-

1880 1738 2086 1810 pientia
2105 1739 2146 1796 ³.
2176 1739 2312 1796 ltem
2343 1759 2358 1796 :
2395 1734 2674 1803 Sapientia
2708 1757 2828 1796 vero
2857 1736 3106 1811 pauperis
3135 1749 3213 1793 est
3245 1746 3482 1792 contem-

173 1832 282 1887 τοῦ
307 1833 543 1900 κόσμου
563 1831 780 1886 τούτου
803 1844 816 1858 ’
847 1829 963 1896 καὶ,
995 1828 1257 1884 Ἔδωκεν
1290 1832 1324 1884 ὀ
1353 1828 1500 1894 Θεὸς
1526 1826 1784 1898 καρδίαν

1885 1831 2052 1899 pta‘;
2095 1828 2365 1898 Quoniam
2397 1834 2455 1887 in
2492 1831 2763 1904 sapientia
2786 1827 2885 1887 Dei
2919 1849 3022 1887 non
3053 1830 3290 1903 cognovit
3326 1845 3483 1882 utun-

174 1925 254 1991 τῷ
286 1923 667 1994 Σολομῶντι,
709 1923 791 1990 ὠς
817 1923 884 1978 τὸ
920 1924 1084 1995 χύμα
1115 1922 1230 1993 τῆς
1286 1921 1614 1991 θαλάσσης
1634 1938 1648 1953 ’
1677 1921 1780 1976 καί

171 2017 514 2086 ἑσοςσίσατο
552 2014 709 2085 ὑπὲρ
754 2017 900 2084 τοῦς
928 2015 1098 2082 υίοὺς
1135 2015 1311 2069 Ἐνὰκ
1329 2031 1345 2046 ο
1377 2015 1491 2078 καὶ,
1523 2013 1784 2068 Ἔδωκεν

170 2106 204 2158 ό
235 2103 386 2170 Θεὸς
430 2102 512 2169 τῷ
551 2102 862 2173 Βεσελεὴλ
895 2107 1156 2174 σοφίανο
1209 2104 1312 2158 καί
1355 2103 1708 2172 ἐνέπλησεν
1749 2104 1784 2158 ό

172 2197 321 2262 Θεὸς
350 2195 578 2266 σοφίας
607 2194 766 2250 τῶν¹
802 2196 967 2264 Οὐρί.
1016 2198 1128 2252 Καὶ
1159 2196 1331 2251 πολλὰ
1376 2196 1494 2250 ἔστι
1539 2197 1670 2268 περὶ
1697 2213 1786 2250 σο-

171 2290 307 2358 φίας
353 2289 559 2358 λέγειν.
611 2289 745 2354 Καὶ,
791 2289 972 2357 Ποῒός
1009 2290 1145 2346 ἐστι
1177 2291 1363 2368 τόπος
1402 2291 1778 2361 φρονήσεως,

173 2383 275 2435 καί
301 2383 342 2450 ἠ
369 2382 559 2450 σοφία
580 2382 769 2439 πόθεν
796 2380 1051 2452 εὑρέθη;

1880 1923 1984 1978 dus
2021 1923 2237 1991 Deum;
2287 1925 2492 1995 placuit
2532 1941 2626 1996 per
2655 1919 2948 1981 stultitiam
2983 1917 3262 1996 Evangelii
3306 1921 3482 1978 salvos

1882 2015 2058 2083 facere
2098 2019 2368 2073 credentes
2399 2018 2461 2085 ';
2503 2026 2557 2074 et
2586 2037 2600 2073 :
2634 2016 2869 2074 Stultum
2915 2019 3039 2089 fecit
3094 2017 3236 2072 Deus
3271 2016 3486 2087 sapien-

1885 2109 2020 2163 tiam
2066 2111 2257 2164 mundi
2302 2110 2463 2181 hujus
2497 2111 2540 2165 ⁵.
2572 2110 2751 2167 ltem:
2790 2111 2944 2167 Dedit
2998 2111 3138 2166 Deus
3187 2129 3278 2166 cor
3322 2109 3484 2166 Salo-

1884 2203 2030 2257 moni
2063 2244 2079 2270 ,
2131 2212 2392 2274 tanquam
2445 2204 2791 2260 latitudinem
2830 2193 3022 2263 maris.
3076 2199 3146 2259 Et
3190 2205 3486 2272 sapientior

1885 2303 2005 2350 erat
2044 2295 2173 2364 ﬁliis
2212 2295 2363 2351 Enac
2389 2297 2432 2351 ".
2461 2299 2600 2353 ltem
2630 2315 2645 2353 :
2679 2297 2835 2353 Dedit
2879 2297 3024 2353 Deus
3078 2298 3334 2354 Beseleeli
3392 2316 3486 2352 sa-

1885 2387 2186 2454 pientiam;
2239 2385 2682 2460 implevit'Deus
2743 2391 3011 2456 sapientia
3079 2392 3254 2460 ﬁlium
3317 2388 3416 2446 Uri
3437 2391 3482 2444 ³.

171 2475 342 2531 Plura
375 2475 448 2531 de
481 2474 752 2545 sapientia
802 2475 1226 2535 commemorari
1273 2484 1538 2547 possunt,
1579 2474 1898 2547 cuiusmodi
1957 2479 2092 2536 illud
2142 2488 2228 2537 est
2262 2499 2278 2538 :
2317 2480 2451 2549 Quis
2511 2491 2591 2538 est
2627 2483 2774 2538 locus
2811 2483 3149 2552 prudentiw?
3187 2493 3236 2539 et
3273 2487 3487 2554 sapien-

172 2572 250 2625 tia
279 2569 430 2624 unde
456 2570 671 2624 inventa
707 2577 788 2625 est
805 2569 825 2601 ⁹
844 2568 869 2622 i

241 2665 367 2720 Κάν
404 2680 465 2717 τε
500 2657 595 2716 οῦν
625 2660 766 2733 αὕτη
802 2661 838 2733 ἡ
875 2655 1116 2732 ᾲδομένη
1152 2657 1316 2728 σοφία
1359 2656 1524 2730 λέγῃ·
1569 2659 1714 2730 Ἐγὼ
1741 2657 1783 2732 ἦ

169 2757 366 2827 σοφία
423 2753 866 2820 κατεσκήνωσα
908 2751 1159 2820 ,βουλὴν
1208 2750 1309 2806 καὶ
1355 2749 1586 2821 γνῶσιν
1607 2769 1624 2780 *
1678 2751 1784 2809 ἕν-

169 2866 352 2903 νοιαν
371 2846 494 2918 ἐγὼ
507 2845 998 2915 ὲπεκαλεσάμην.
1021 2845 1104 2899 Δι’
1121 2843 1276 2914 ἐμοῦ
1290 2845 1580 2914 ,ϐασιλεῖς
1596 2847 1783 2912 ,ϐασι-

169 2944 463 3007 λούουσι,
497 2940 598 2995 καί
637 2939 713 2994 δι’
741 2937 890 3009 ἐμοῦ
920 2936 1283 3008 μεγιστᾶνες
1307 2939 1782 3010 μεταλύνονται,

171 3037 278 3091 καὶ
303 3033 608 3090 δυνάσται
637 3033 942 3104 γράφουσι
979 3031 1400 3099 δικαιοσύνην,
1435 3032 1536 3086 καί
1567 3032 1786 3101 tripar-

174 3146 274 3183 νοι
289 3126 582 3196 κρατοῦσι
597 3125 733 3197 γῆς.
764 3124 908 3195 Ἐγὼ
926 3125 1068 3192 τοὺς
1082 3124 1188 3196 ἐμὲ
1201 3124 1532 3194 φιλοῦντας
1548 3124 1784 3196 ἀγαπῶ,

182 3217 289 3272 καὶ
320 3221 375 3272 ot
419 3217 523 3287 ἐμὲ
546 3216 862 3286 ζητοῦντες
895 3216 1237 3286 εὑρήσουσι
1259 3233 1358 3285 με.
1395 3215 1670 3282 Πλοῦτος
1688 3214 1790 3269 καί

185 3308 344 3372 δόξα
373 3308 494 3376 ἐμοὶ
529 3305 806 3376 ὑπάρχει,
845 3307 942 3362 καὶ
979 3305 1200 3376 κτῆσις
1243 3303 1515 3371 πολλῶν,
1559 3305 1661 3360 καί
1703 3303 1790 3358 δι-

181 3402 483 3470 καιοσύνη
507 3417 522 3432 ο
577 3402 647 3455 ἐν
703 3399 824 3466 ὀδῷ
867 3399 1265 3469 δικαιοσύνης
1303 3396 1641 3468 περιπατῶ,
1689 3396 1791 3452 καί

171 3495 499 3566 ἀναμέσον
540 3493 697 3549 ὁδῶν
741 3491 1140 3562 δικαιώματος
1182 3489 1656 3561 ἀναστρέφομαι,
1688 3490 1792 3545 ἵνα

165 3592 410 3662 μερίσω
427 3589 551 3656 τοῖς
570 3588 851 3660 ἀγαπῶσι
863 3604 940 3658 με
966 3585 1167 3655 ὕπαρε
1172 3603 1251 3652 ιν,
1271 3585 1374 3641 καί
1400 3585 1544 3652 τοὺς
1563 3589 1793 3654 θησαυ-

167 3684 331 3753 ροὺς
375 3681 579 3737 αὐτῶν
613 3679 909 3752 ἐμπλήσω
955 3677 1216 3749 ἀγαθῶν.
1272 3677 1410 3732 Ἐὰν
1453 3676 1792 3747 ἀναγγείλω

174 3775 328 3844 ὑμῖν
372 3774 449 3828 τὰ
497 3775 623 3828 καθ’
657 3771 900 3840 ἡμέραν.
924 3769 1233 3839 γινόμενα,
1277 3767 1686 3837 μνημονεύσω
1718 3765 1793 3820 τὰ

173 3869 247 3934 ἐξ
279 3859 507 3933 αὶῶνος
551 3864 900 3935 ἀριθμῆσαι.
952 3863 1172 3931 Κύριος
1221 3859 1428 3914 ἕκτισέ
1471 3875 1549 3930 με
1591 3857 1793 3928 ἀρχὴν

173 3960 344 4016 ὁδῶν
374 3959 565 4014 αὐτοῦ
593 3961 681 4025 είς
703 3958 850 4027 ἔργα
869 3954 1088 4011 αὐτοῦ’
1127 3951 1243 4024 πρὸ
1279 3951 1389 4007 τοῦ
1418 3951 1636 4018 αίῶνος
1661 3951 1793 4007 ἐθε-

172 4052 451 4125 μελίωσέ
479 4069 557 4122 με
590 4051 660 4104 ἐν
685 4048 867 4119 ἀρχῇ,
900 4047 1017 4118 πρὸ
1058 4047 1168 4102 τοῦ
1193 4045 1323 4115 τὴν,
1356 4037 1476 4116 γῆν
1514 4043 1791 4114 ποιῆσαι,

176 4146 283 4198 καί
313 4143 434 4213 πρὸ
460 4143 568 4198 τοῦ
591 4142 696 4208 τὰς
717 4143 1037 4206 ἀϐύσσους
1063 4137 1338 4208 ποιῆσαι,
1371 4137 1486 4205 πρὸ
1508 4135 1618 4190 τοῦ
1647 4149 1794 4206 προ-

1888 2713 1890 2716 ,
1981 2660 2122 2718 Cum
2188 2663 2360 2734 igitur
2421 2663 2538 2722 haec
2608 2666 2728 2738 ipsa
2807 2681 2932 2740 quae
2994 2668 3312 2726 celebratur
3389 2688 3489 2728 sa—

1888 2753 2098 2825 pientia
2139 2753 2290 2810 dicat
2319 2756 2405 2811 “z
2459 2755 2574 2829 Ego
2641 2759 2908 2835 sapientia
2949 2759 3148 2835 habito,
3193 2763 3249 2816 in
3307 2765 3490 2818 consi-

1887 2847 1983 2913 lio,
2029 2856 2081 2902 et
2148 2848 2407 2914 scientia,
2447 2859 2521 2930 _et
2578 2833 2987 2921 intelligentiam
3041 2833 3318 2909 advocavi.
3384 2855 3491 2911 Per

1891 2954 1974 2992 me
2022 2954 2170 3009 reges
2205 2951 2464 3012 regnant:
2491 2957 2584 3010 per
2626 2961 2709 2998 me
2755 2931 3030 3016 magnetes
3081 2949 3491 3014 amplitudinem

1888 3042 2304 3102 consequuntur,
2332 3043 2384 3087 et
2413 3032 2659 3104 dynasta:
2689 3036 2845 3105 justa
2883 3037 3213 3104 describunt,
3248 3051 3299 3096 et
3339 3044 3490 3113 prin-

1893 3122 2034 3190 cipes
2061 3133 2222 3178 terra:
2257 3124 2625 3181 dominantur.
2658 3126 2773 3200 Ego
2794 3128 3073 3202 diligentes
3114 3149 3196 3188 me
3219 3133 3407 3204 diligo,
3439 3144 3492 3190 et

1888 3215 1980 3282 qui
2011 3231 2093 3269 me
2122 3227 2381 3285 qua'rent,
2413 3219 2678 3275 invenient
2710 3238 2810 3277 me.
2847 3221 3062 3278 Divitia:
3084 3234 3134 3278 et
3161 3227 3336 3296 gloria
3361 3227 3492 3281 mihi

1888 3314 2195 3374 suppetunt,
2233 3319 2282 3362 et
2321 3311 2586 3376 possessio
2638 3313 2833 3379 multa,
2880 3325 2930 3368 et
2983 3315 3242 3385 justitia;
3295 3319 3349 3371 in
3403 3320 3490 3373 via

1881 3397 2115 3467 justitiw
2139 3400 2376 3464 ambulo,
2407 3411 2458 3455 et
2489 3403 2543 3456 in
2577 3405 2749 3458 medio
2783 3406 2991 3460 viarum
3015 3406 3251 3475 justitia:
3281 3425 3488 3475 versor,

1891 3496 1951 3541 ut
1989 3487 2229 3543 dividam
2280 3491 2626 3562 diligentibus
2657 3513 2740 3552 me
2771 3497 3156 3564 substantiam,
3200 3509 3251 3554 et
3276 3501 3482 3554 thesau-

1892 3595 1981 3635 ros
2007 3580 2230 3635 illorum
2275 3587 2506 3654 repleam
2550 3585 2725 3643 bonis.
2757 3587 2819 3644 Si
2849 3591 3163 3647 nuntiavero
3201 3590 3345 3646 vobis
3372 3610 3492 3662 qua:

1890 3676 2132 3744 quotidie
2155 3677 2320 3748 ﬁunt,
2357 3681 2782 3738 commemorabo
2811 3699 2930 3755 qua:
2961 3701 2994 3739 a
3017 3685 3217 3741 swculo
3245 3694 3391 3751 sunt,
3432 3696 3493 3740 ut

1893 3782 2185 3825 numerem.
2215 3769 2478 3828 Dominus
2501 3776 2701 3830 creavit
2743 3793 2825 3832 me
2860 3777 3074 3831 initium
3115 3779 3324 3833 viarum
3363 3797 3495 3834 sua.

1894 3876 2037 3924 rum,
2100 3862 2156 3917 in
2214 3879 2377 3934 opera
2431 3881 2555 3922 sua.
2605 3867 2745 3923 Ante
2797 3869 3053 3924 saxulum
3113 3869 3360 3940 {undavit
3414 3889 3496 3926 ine

1894 3954 2072 4021 initio,
2105 3967 2392 4030 antequam
2427 3968 2626 4014 terram
2663 3961 2883 4030 faceret,
2923 3970 2974 4017 et
3007 3973 3290 4032 antequam
3339 3981 3497 4021 στοας

1895 4058 1976 4102 ret
2050 4048 2297 4120 abyssos.
2372 4052 2673 4124 Antequam
2742 4055 3017 4126 prodirent
3083 4058 3258 4127 fontes
3328 4075 3498 4129 aqua-

1896 4155 2040 4204 rum,
2071 4150 2120 4194 et
2167 4151 2455 4211 antequam
2493 4156 2698 4199 montes
2738 4147 3109 4214 firmarentur,
3150 4159 3273 4204 ante
3313 4135 3495 4205 omnes

176 4238 390 4293 ελθεῖν
422 4237 619 4307 πηγὰς
645 4236 766 4290 τῶν
791 4233 1050 4299 ὑδάτων,
1076 4231 1176 4287 και
1211 4230 1324 4300 πρὸ
1355 4229 1462 4285 τοῦ
1487 4229 1595 4299 ὄρη
1624 4229 1784 4298 ἐδρα-

1897 4232 2059 4287 colles
2121 4235 2301 4304 genuit
2341 4251 2442 4300 me,
2494 4245 2602 4291 etc.
2665 4237 2806 4292 Cum
2845 4239 2962 4295 base
3009 4241 3178 4311 igitur
3211 4243 3498 4312 sapientiae

179 4331 437 4401 σθῆναι,
485 4330 602 4399 πρὸ
639 4329 709 4383 δὲ
757 4326 1004 4383 πάντων
1043 4323 1297 4392 ,ϐουνῶν
1328 4322 1516 4395 γεννᾷ
1555 4340 1654 4393 με,
1699 4323 1784 4378 καὶ

1898 4325 2242 4388 tribuantur,
2290 4325 2646 4384 manifestum
2672 4336 2779 4393 est,
2809 4344 2934 4383 cum
2965 4330 3232 4386 adversus
3268 4333 3517 4402 allatum

176 4425 252 4479 τὰ
283 4424 441 4494 ἐξῆςο
472 4423 652 4494 δῆλον,
686 4422 793 4488 ὅτι,
828 4419 1172 4492 βουλομένων
1202 4417 1366 4474 τινῶν
1391 4417 1696 4486 ἀντιλέγειν
1722 4418 1784 4488 τῇ

1901 4415 2048 4470 hunc
2113 4418 2295 4472 locum
2360 4419 2572 4489 aliquid
2625 4419 2911 4488 obiicitur,
2957 4437 3256 4480 occurrere
3307 4424 3522 4495 stationi

175 4515 352 4582 λέξει,
375 4513 729 4584 ἀνθυποφορᾷ
745 4511 984 4584 χρῶνται
1005 4510 1055 4563 οἱ
1078 4509 1148 4562 δι’
1161 4507 1412 4572 ἐναντίας
1433 4507 1521 4561 διὰ
1539 4507 1601 4560 τὸ
1621 4507 1784 4579 ὄνομα

1899 4507 2251 4566 adversarios
2283 4521 2394 4565 tam
2423 4512 2648 4567 nomine
2681 4513 2800 4582 ipso
2835 4515 3146 4585 sapientiae,
3180 4531 3346 4589 quam
3377 4532 3526 4572 ser»

143 4645 146 4648 .
174 4609 285 4680 τῆς
317 4607 535 4676 σοφίας,
563 4606 658 4660 καὶ
689 4607 790 4676 τῆς
819 4603 1146 4666 ἀκολουθίας
1165 4600 1261 4655 τοῦ
1291 4601 1452 4671 λόγου
1486 4599 1580 4655 τοῦ
1605 4601 1784 4670 λέγον-

1899 4603 2085 4660 monis
2119 4604 2521 4674 consequentia
2573 4604 2782 4662 fretos:
2830 4605 3088 4662 Dominus
3147 4609 3345 4663 creauit
3380 4624 3499 4672 me;

175 4721 274 4766 τος
297 4719 312 4733 ο
351 4703 571 4769 Κύριος
595 4699 800 4754 ἐκτισέ
825 4715 931 4769 με·
975 4697 1071 4753 καὶ
1096 4695 1174 4768 τῷ
1199 4697 1403 4750 εἰπεῖν·
1443 4694 1586 4766 Ἐγὼ
1613 4696 1653 4764 ἡ
1685 4709 1784 4750 σο-

1901 4703 2018 4750 tnm
2047 4695 2196 4766 quod
2219 4696 2467 4751 additum
2496 4696 2567 4752 sit
2593 4716 2608 4752 :
2637 4696 2750 4769 Ego
2774 4701 3038 4769 sapientia
3071 4700 3252 4756 habito
3282 4701 3336 4755 in
3374 4719 3501 4756 con-

176 4795 292 4863 ερία
320 4790 765 4858 κατεσκήνωσα
781 4788 1050 4856 βουλήν.
1077 4788 1202 4843 ’Ότι
1227 4787 1336 4842 ἰδοὺ
1358 4789 1392 4860 ή
1417 4786 1578 4857 σοφία
1607 4788 1784 4860 ἀπαρ-

1901 4789 2046 4844 sitio.
2079 4791 2240 4856 Ecce,
2277 4790 2564 4861 inquiunt,
2615 4791 2921 4861 sapientia,
2971 4809 3094 4864 quae
3143 4798 3500 4866 semetipsaln

179 4890 286 4958 ίής
303 4885 507 4956 ἑαυτὴν
533 4885 869 4956 ὀνομάσασα,
885 4885 981 4937 καὶ
999 4881 1370 4955 προϐαίνουσα
1392 4876 1514 4935 καθ’
1532 4879 1661 4952 ἑξῆς
1678 4881 1784 4935 ὲαυ·

1903 4882 2066 4937 initio
2127 4883 2473 4950 liOil‘ilnaVll,
2534 4883 2801 4955 deinceps
2858 4901 3156 4958 progressa
3210 4904 3270 4944 se
3323 4890 3502 4960 ipsam

175 4979 280 5048 τὴν
313 4978 580 5049 σημαίνει
612 4976 873 5045 λέγουσα·
913 4975 1132 5044 Κύριος
1151 4974 1360 5028 ἔκτισε
1389 4990 1486 5043 με.
1526 4973 1659 5026 Ἰδοὺ
1687 4972 1784 5044 γὰρ

1903 4970 2212 5042 signiﬁcat,
2268 4972 2512 5030 dicens:
2559 4973 2823 5031 Dominus
2886 4979 3086 5032 creavit
3123 4996 3225 5034 me.
3264 4977 3402 5034 Nam
3449 4989 3505 5035 et

177 5067 335 5134 λέγει
376 5069 524 5122 ἄνω·
576 5068 718 5139 Ἐγὼ
761 5070 799 5137 ἡ
833 5067 1058 5136 σοφίαι
1113 5066 1207 5120 καὶ
1243 5066 1395 5120 κάτω
1427 5065 1608 5134 λέγει’
1659 5065 1784 5120 Ἐὰν

1905 5073 2035 5119 ante
2068 5064 2202 5120 dixit
2237 5085 2251 5120 :
2280 5067 2394 5139 Ego
2435 5068 2744 5138 sapientia;
2782 5079 2837 5124 et
2871 5071 3036 5140 paulo
3066 5053 3198 5142 post.
3226 5091 3238 5127 :
3284 5070 3344 5126 Si
3367 5088 3504 5125 nun-

177 5159 529 5229 ἀναγγείλω
565 5161 708 5227 ὑμῖν
743 5161 818 5215 τὰ
853 5162 985 5215 καθ’
1023 5159 1259 5230 ἡμέραν
1304 5159 1611 5228 γινόμενα,
1640 5176 1784 5228 μνη-

1906 5158 2106 5212 tiavero
2136 5157 2278 5212 vobis
2309 5176 2425 5228 qua:
2447 5161 2681 5230 quotidie
2705 5161 2863 5231 ﬁunt,
2886 5179 3364 5220 commemoravero
3387 5179 3507 5236 qua:

176 5254 472 5324 μονεύσω
515 5253 588 5304 τὰ
625 5251 694 5316 ἐξ
737 5253 951 5321 αίῶνος
982 5250 1328 5322 ἀριθμῆσαι.
1390 5253 1504 5306 Καὶ
1539 5251 1594 5305 τί
1624 5269 1784 5324 φησι·

1906 5267 1939 5304 a
1967 5251 2163 5305 sa'culo
2189 5250 2350 5324 ⁷45
2371 5264 2515 5316 sunt,
2551 5263 2607 5307 ut
2635 5271 2956 5314 enumerem.
2991 5259 3104 5314 Cur
3132 5259 3299 5330 igitur
3327 5259 3462 5314 dicit
3486 5279 3502 5314 :

179 5349 414 5416 Κύριος
439 5344 642 5399 ἕκτισέ
665 5362 742 5413 με
767 5345 970 5415 ἀρχὴν
991 5345 1150 5400 ὁδῶν
1177 5344 1404 5409 αὐτοῦς

1910 5343 2170 5399 Dominus
2203 5346 2400 5400 creavit
2433 5363 2512 5401 me
2531 5347 2746 5402 initium
2774 5351 2981 5407 viarum
3012 5367 3235 5406 suarum
3255 5353 3280 5403 Ρ

256 5441 398 5492 KA'.
439 5439 688 5508 Ἔφημεν
722 5438 799 5503 δὲ,
845 5439 929 5505 ὅτι
981 5438 1176 5491 πολλαί
1228 5454 1372 5501 τινες
1419 5438 1476 5491 αἱ
1515 5453 1784 5508 καταχρη·

1975 5436 2118 5490 XXI.
2164 5436 2271 5493 Sed
2324 5456 2426 5494 nos
2475 5447 2637 5495 antea
2671 5446 2990 5500 monuimus
3038 5447 3208 5499 inulta
3245 5459 3370 5499 esse
3410 5456 3503 5496 sa-

184 5531 398 5596 στικῶς
445 5530 588 5584 κατὰ
625 5530 819 5601 καιρὸν
868 5531 934 5582 ὲκ
982 5529 1118 5582 Θεοῦ
1175 5529 1412 5582 δοθεῖσαι
1451 5528 1662 5596 σοφίαι·
1711 5529 1784 5581 ὅτι

1904 5528 2124 5598 pientia:
2166 5545 2389 5599 genera,
2423 5547 2545 5602 qua:
2578 5533 2882 5590 identidem
2933 5550 2963 5588 a
3003 5533 3114 5589 Deo
3161 5533 3503 5602 tribuuntur,

267 5687 593 5762 ’AI_.('g._16_v.
660 5686 696 5762 _’
731 5685 892 5739 Prov.
918 5701 1037 5762 Ψ),
1295 5683 1313 5736 l
1344 5682 1470 5738 Cor.
1509 5683 1671 5762 ιιξιι.
1696 5683 1784 5762 _-"_

1884 5683 2216 5762 CIC.IX,I§.
2295 5686 2743 5758 'ICor.I,‘2I.
2822 5689 3133 5747 omaso.
3212 5687 3504 5762 'nt-ttcg.

186 5753 437 5820 Iv,29.'
472 5759 492 5791 ⁸
519 5756 697 5812 Exod.
738 5773 901 5821 xxxv,
943 5758 1031 5812 30.
1109 5758 1128 5784 ’
1167 5755 1274 5812 Job
1301 5770 1474 5811 xxvnt
1527 5753 1614 5809 12.
1695 5754 1739 5787 ¹⁰
1771 5753 1930 5812 Prov.
1972 5770 2090 5816 \‘tn.
2128 5757 2194 5812 12
2231 5773 2352 5830 sqq.
2606 5753 2616 5758 ⁷

520 5858 796 5917 Parum.
857 5856 977 5916 Gn.
1036 5851 1230 5915 XLII.
