3994 6398
205 355 317 413 237

881 346 1250 408 ADVERSUS
1288 344 1630 402 IIAZRESES
1665 343 1794 400 LIB.
1836 342 1901 399 II.
1943 341 2108 398 TOM.
2150 341 2212 397 II.
2256 373 2324 384 —
2363 343 2641 402 "IERES.
2675 339 2861 401 LXIX.

3357 343 3464 402 238

209 473 509 538 ἀνώτατον,
558 471 642 526 δτι
683 469 818 526 Ἐὰν
846 471 1083 526 ἀπέλθω
1125 470 1276 537 πρὸς
1307 465 1548 532 αὐτοὺς.
1582 466 1679 519 καὶ
1709 464 1792 518 εί-

1905 463 2160 522 hencticio
2187 461 2471 530 praeditus,
2503 462 2642 517 nihil
2672 462 2740 518 de
2769 461 2855 517 his
2890 459 3205 516 sciscitatus
3231 467 3334 524 est,
3369 459 3464 514 sed

209 579 371 619 πωσι
400 565 548 634 πρὸς
581 563 687 634 μέο
725 563 786 616 Τί
815 560 975 627 αὐτῷ
1006 561 1229 630 orm;
1256 559 1314 612 τί
1341 557 1456 627 ἐγὼ
1493 557 1643 626 πρὸς
1686 557 1791 610 αὐ-

209 655 388 719 ῖούς;
431 654 486 706 ’0
524 653 582 706 δὲ
627 652 812 706 λοιπὸν
860 651 1259 710 ἀποκαλύπτειο
1299 647 1447 719 Ἐγώ
1475 651 1589 717 ειμι
1621 651 1653 702 ό
1686 647 1789 702 ὢν.

210 743 328 798 Καὶ
357 744 426 796 τὰ
459 742 560 810 μὲν
597 743 788 814 πρῶτα
814 742 922 795 ἀπὸ
963 741 1072 795 τῶν
1105 741 1418 809 ὲγγυτάτων
1449 738 1674 810 ἤρξατο,
1709 739 1794 800 εὶς

209 833 440 904 ἔσχατον
471 834 528 887 δὲ
564 833 625 886 τὸ
653 833 924 887 ἀνώτατον
952 832 1158 904 ὲδήλου.
1197 830 1355 884 Ἀλλὰ
1395 831 1488 884 καὶ
1517 830 1546 882 6
1579 830 1794 892 Λουκᾶς

209 925 441 996 ἄρχεται
465 924 574 977 ἀπὸ
595 924 704 976 τῶν
732 924 880 978 κάτω
903 923 996 977 καὶ
1028 922 1332 991 ἐγγυτάτω,
1358 922 1441 973 ὃτι
1466 915 1585 976 Ἦν
1611 918 1795 984 αὐτὸς

212 1020 248 1070 ό
286 1016 516 1084 Ἰησοῦς
541 1017 872 1085 ἀρχόμενος
895 1015 975 1077 ὡς
1000 1014 1152 1068 ἐτῶν
1176 1015 1510 1082 τριάκοντα,
1533 1009 1618 1064 ὢν
1639 1011 1792 1076 υἱὸς,

213 1110 296 1174 ὡς
319 1105 638 1178 ἐνομίζετο,
667 1106 774 1161 τοῦ
810 1106 1050 1176 Ἰωσὴφ,
1085 1106 1192 1159 τοῦ
1218 1104 1359 1167 Ἠλὶ,
1389 1105 1496 1157 τοῦ
1527 1102 1793 1168 Ματθίῖν,

215 1200 324 1254 τοῦ
353 1199 580 1264 Νάθαν,
628 1199 735 1254 τοῦ
767 1198 965 1264 Δαϐίδ,
1023 1194 1132 1253 τοῦ
1171 1196 1376 1261 Ἰούδα,
1421 1195 1529 1251 τοῦ
1571 1193 1793 1259 Ἰακὼϐ,

215 1291 326 1346 τοῦ
358 1291 624 1362 Ἀϐραὰμ,
648 1291 754 1346 τοῦ
771 1290 1124 1361 Ναχὼρ,τοῦ
1145 1289 1291 1353 Νῶε,
1317 1287 1422 1342 τοῦ
1439 1287 1660 1357 Λάμεχ,
1687 1285 1795 1340 τοῦ

227 1381 440 1451 Ἑνὼχ,
460 1382 562 1436 τοῦ
580 1381 725 1451 Σὴθ,
737 1382 844 1436 τοῦ
861 1382 1051 1450 Ἀδὰμ,
1069 1381 1176 1434 τοῦ
1189 1379 1356 1435 Θεοῦ.
1376 1379 1484 1434 Καὶ
1501 1380 1656 1450 ὁρᾷς,
1676 1377 1796 1441 πῶς

210 1472 314 1544 τὴν
353 1472 615 1544 ἐνσαρκον
664 1473 962 1544 παρουσίαν
991 1473 1208 1544 πρῶτον
1236 1471 1456 1538 ἔδειξεν,
1499 1472 1690 1526 ἔπειτα
1734 1472 1797 1524 τὸ

1895 556 2042 626 quod
2065 553 2498 610 vetustissimum
2528 561 2612 608 est
2641 551 2909 624 quaesivit.
2950 550 3030 618 Si,
3059 550 3254 620 inquit,
3277 551 3466 604 vadum

1892 648 1960 702 ad
1989 647 2130 709 illos,
2163 656 2212 700 et
2242 647 2469 699 dixerint
2495 645 2656 699 mihi:
2705 643 2858 711 Quod
2884 652 2961 698 est
2989 644 3035 697 ei
3070 646 3296 698 nomen?
3341 644 3466 713 quid

1892 740 2000 794 illis
2047 737 2409 808 respondebo?
2455 735 2698 792 Tandem
2746 750 2877 806 ergo
2911 735 3052 790 Deus
3103 735 3343 806 seipsum
3390 735 3466 789 illi

1893 830 2252 902 patefaciens,
2291 828 2422 898 Ego,
2450 828 2646 898 inquit,
2672 843 2786 882 tum
2816 828 2905 898 qui
2929 843 3066 881 sum.
3103 824 3205 882 Ubi
3233 829 3468 898 primum

1895 923 1963 978 ab
1991 923 2058 976 iis
2088 936 2208 991 quae
2241 921 2490 991 proxima
2521 928 2677 975 erant
2711 919 3000 989 incepisse,
3042 927 3156 973 tum
3194 928 3471 989 postretuo

1894 1015 2040 1086 quod
2087 1029 2361 1070 summum
2391 1020 2446 1068 et
2485 1012 2734 1066 ultimum
2780 1019 2898 1066 erat
2944 1011 3254 1066 declarasse
3291 1012 3471 1066 cerni-

1896 1126 2040 1164 mus.
2085 1107 2284 1161 Eodem
2319 1106 2482 1160 modo
2516 1104 2692 1158 Lucas
2723 1104 2792 1157 ab
2819 1104 3022 1158 inlimis
3055 1117 3118 1158 ac
3151 1103 3355 1158 citim’is
3381 1118 3474 1158 or-

1895 1201 2060 1256 ditur.
2094 1198 2216 1268 Ipse
2249 1197 2427 1261 Iesus,
2463 1197 2659 1266 inquit,
2700 1206 2816 1250 erat
2851 1196 3102 1264 incipiens
3130 1195 3284 1265 quasi
3304 1201 3474 1250 αἰνῶ-

1895 1300 2014 1339 rum
2043 1286 2281 1356 triginta,
2301 1285 2467 1354 ﬁlius,
2486 1295 2542 1337 ut
2564 1283 2870 1354 putabatur,
2887 1283 3209 1352 Joseph,qui
3233 1284 3335 1354 fuit
3359 1282 3472 1349 Eli,

1894 1378 1984 1448 qui
2023 1377 2124 1446 fuit
2163 1374 2409 1442 Mat/tau,
2449 1376 2539 1446 qui
2582 1375 2685 1444 fuit
2732 1373 2973 1440 Nat/tan,
3017 1377 3107 1444 qui
3142 1376 3244 1445 fuit
3278 1376 3471 1442 David,

1895 1469 1985 1537 qui
2007 1468 2106 1537 fuit
2134 1467 2316 1536 ludar,
2348 1469 2436 1538 qui
2465 1467 2567 1536 {uit
2595 1466 2784 1531 Jacob,
2811 1470 2903 1537 qui
2929 1469 3031 1537 fuit
3063 1468 3355 1536 Abraham,
3383 1475 3475 1541 qui

211 1565 462 1634 ἔσχατον.
491 1565 582 1618 Διὸ
619 1565 713 1619 καὶ
762 1564 1036 1628 Ματθαίος
1076 1564 1218 1618 κατὰ
1262 1563 1362 1635 τὴν
1390 1563 1653 1634 ἒνσαρκον
1699 1579 1795 1633 γε-

1905 1559 1996 1627 Γιιίι
2029 1559 2268 1626 Nachor,
2319 1562 2408 1631 qui
2447 1561 2552 1629 [uit
2578 1558 2712 1625 Noe,
2751 1562 2841 1630 qui
2880 1561 2978 1630 fuit
3009 1560 3220 1627 Lamec,
3255 1564 3345 1636 qui
3371 1563 3473 1633 fuit

211 1655 518 1724 νεαλογίαν,
552 1656 869 1728 βουλόμενος
895 1660 1229 1726 καταγαγεῖν
1255 1656 1353 1728 τὴν
1377 1657 1615 1728 Χριστοῦ
1656 1673 1792 1727 παρα

1905 1651 2101 1718 ΕιιοεΙι,
2137 1654 2226 1724 qui
2249 1653 2350 1723 [uit
2385 1651 2536 1716 Setli,
2565 1653 2655 1723 qui
2698 1654 2798 1715 fuit
2833 1653 3026 1722 Adam,
3055 1657 3146 1725 qui
3184 1655 3286 1725 [uit
3315 1655 3472 1713 Dei“.

211 1750 403 1803 ουσίαν
429 1753 509 1814 είς
551 1751 650 1822 τὴν
690 1751 799 1813 τῶν
845 1749 1147 1822 ἀνθρώπων
1179 1750 1438 1813 διάνοιαν,
1483 1751 1584 1804 οὐκ
1633 1749 1796 1813 εὐθὺς

1905 1743 1959 1798 In
2001 1745 2201 1814 quibus
2249 1743 2638 1800 animadvertis
2695 1745 2929 1815 primum
2978 1759 3249 1818 susceptae
3291 1750 3477 1806 carnis

212 1835 392 1902 εἶπεν,
429 1840 510 1893 ὅτι
547 1839 798 1907 Γένεσις
836 1840 1032 1908 Ἰησοῦ
1068 1839 1326 1909 Χριστοῦ
1359 1839 1494 1894 υἱοῦ
1529 1839 1793 1908 Ἀϐραὰμ,

1905 1836 2232 1892 mentionem
2263 1851 2386 1892 esse
2424 1835 2622 1892 factam
2672 1854 2684 1889 :
2738 1836 2936 1892 deinde
2967 1839 3111 1908 quod
3141 1849 3478 1910 postremum

211 1930 352 1984 ἀλλὰ
378 1931 512 1986 υἱοῦ
534 1932 712 1986 Δασὶδ
736 1931 970 2004 πρῶτον,
1000 1928 1121 1986 εἶτα
1153 1933 1288 1987 υὶοῦ
1323 1933 1588 2002 Ἀϐραὰμ,
1624 1932 1710 1985 ἵνα
1735 1932 1797 1985 τὸ

1905 1937 2022 1985 erat
2051 1929 2332 1999 injectum.
2377 1929 2552 1996 Quam
2589 1929 2662 1986 ob
2695 1947 2918 1987 causam
2948 1932 3236 1990 Matthams
3261 1950 3481 2007 quoque

211 2024 533 2096 πρόσφατον
561 2025 858 2096 ὁρώμενον,
886 2025 982 2079 καὶ
1022 2024 1084 2077 τὺ
1129 2024 1362 2093 ἔγγιστα
1405 2023 1800 2094 συγκροτούμε-

1905 2020 2190 2076 adventum
2223 2036 2348 2076 cum
2382 2036 2550 2077 carne
2585 2022 2786 2077 Christi
2821 2025 2888 2079 ad
2916 2025 3197 2080 hominum
3229 2029 3481 2083 notitiam

211 2132 328 2180 vov,
364 2116 460 2168 καὶ
487 2115 546 2168 τὸ
574 2115 654 2168 ἔτι
693 2113 964 2184 ἀνώτερον
997 2114 1346 2170 ὑποδεικνύον
1371 2115 1412 2180 ³,
1446 2114 1508 2168 τὸ
1537 2114 1618 2168 ἔτι
1651 2113 1798 2185 ὑπὲρ

1905 2113 2219 2184 perducere,
2257 2127 2322 2167 ac
2343 2113 2593 2183 corporis
2617 2115 2928 2186 prosapiam
2955 2124 3239 2186 pertexere
3269 2120 3479 2185 volens,

212 2207 400 2259 πᾶσαν
432 2207 604 2259 κτίσιν
638 2207 858 2280 σημάνῃ
887 2208 1269 2278 ἀναφαίρετον.

1905 2218 2011 2258 non
2057 2204 2143 2259 Sic
2186 2217 2418 2263 exorsus
2455 2210 2539 2259 est
2577 2220 2591 2257 :
2639 2203 2919 2260 Ceneratio
2944 2205 3074 2261 Iesu
3104 2207 3324 2275 Christi,
3379 2210 3482 2280 [itii

212 2298 546 2365 Abraham‘,
572 2299 665 2355 sed
690 2301 922 2369 primum
949 2299 1053 2367 ﬁlii
1077 2297 1271 2366 David,
1298 2305 1487 2370 postea
1516 2298 1619 2368 ﬁlii
1635 2297 1932 2364 Abraham,
1965 2303 2022 2351 ut
2051 2295 2200 2365 quod
2259 2309 2458 2352 recens
2509 2303 2596 2352 est
2655 2308 3030 2368 conspectum.
3064 2315 3129 2356 ac
3159 2302 3306 2371 quod
3356 2319 3486 2374 pro-

214 2393 427 2446 ximum
473 2401 557 2448 est
594 2392 994 2458 conﬁrmatum,
1042 2393 1300 2464 quodque
1337 2393 1592 2464 superius
1615 2393 1800 2449 adhuc
1837 2402 1922 2450 est
1971 2391 2246 2459 indicans,
2296 2389 2430 2447 illud
2463 2406 2568 2446 una
2604 2391 2898 2464 signiticet,
2926 2395 3072 2466 quod
3125 2407 3335 2458 creatas
3393 2413 3484 2454 res

216 2499 417 2541 otnnes
445 2493 691 2554 superat,
727 2486 1042 2557 auferrique
1068 2503 1179 2543 non
1213 2496 1413 2559 potest.

323 2575 456 2628 Kl".
495 2571 586 2626 Διό
627 2575 722 2627 καὶ
749 2577 779 2628 6
816 2575 1068 2647 Ἰωάννης
1099 2576 1274 2631 ἐλθὼν
1311 2579 1340 2629 6
1371 2576 1660 2647 μακάριος,
1705 2575 1801 2630 καὶ

1976 2571 2164 2628 XXIII.
2198 2572 2470 2640 Quocirca
2521 2574 2718 2630 beatus
2759 2574 3001 2634 Joannes
3047 2590 3170 2650 post
3210 2583 3349 2640 alios
3393 2600 3484 2642 ve-

211 2665 394 2738 εὑρὼν
417 2667 545 2728 τοὺς
581 2664 900 2736 ἀνθρώπους
928 2667 1130 2739 ἠσχολη
1139 2667 1332 2738 μένους
1368 2668 1496 2739 περὶ
1522 2667 1622 2738 τὴν
1649 2665 1802 2719 κάτω

1905 2663 2084 2730 nicas,
2118 2677 2243 2719 cum
2288 2663 2540 2722 homines
2579 2665 2634 2720 in
2664 2665 2850 2722 intima
2879 2669 3081 2726 Christi
3110 2683 3306 2729 natura
3341 2685 3485 2736 totos

214 2756 460 2828 Χριστοῦ
501 2759 827 2828 παρουσίαν,
867 2759 966 2811 ,καὶ
1001 2759 1110 2812 τῶν
1143 2759 1243 2829 μὲν
1285 2758 1612 2812 Ἐὄιωναίων
1657 2757 1797 2811 πλα-

1905 2757 2164 2826 occupari
2203 2766 2474 2821 cerneret,
2515 2767 2682 2826 atque
2725 2757 3008 2818 Ebionzeos
3051 2763 3121 2819 ob
3163 2779 3484 2838 corpoream

215 2850 499 2918 νηοέντων
549 2849 636 2902 διὰ
688 2848 786 2919 τὴν
841 2848 1106 2922 ἔνσαρκον
1153 2849 1392 2922 Χριστοῦ
1450 2849 1801 2919 γενεαλογίαν

1905 2846 2112 2903 Christi
2153 2847 2526 2918 genealogiam
2573 2849 2644 2905 ab
2674 2849 2986 2908 Abrahamo
3021 2853 3331 2923 deductam,
3361 2868 3418 2914 et
3455 2876 3485 2915 a

217 2941 328 2995 ἀπὸ
365 2940 618 3012 Ἀϐραὰμ
653 2941 1053 3013 καταγομένην,
1081 2943 1176 2995 καὶ
1206 2944 1390 2997 Λουκᾶ
1413 2943 1432 2973 ¹
1459 2941 1804 3012 ἀναγομένην

1908 2937 2056 2993 Luca
2087 2938 2156 2992 ad
2183 2939 2450 2998 Adamum
2496 2954 2670 3010 usque
2711 2956 2935 2998 sursum
2971 2937 3371 3014 provectam‘in
3399 2966 3487 3008 er-

220 3032 347 3103 ᾶχρι
390 3031 485 3084 τοῦ
523 3031 712 3102 Ἀδὰμ,
763 3032 937 3103 εὑρὼν
979 3032 1038 3086 δὲ
1087 3034 1213 3097 τοὺς
1261 3033 1658 3105 Κηρινθιανοὺς
1706 3031 1800 3085 καὶ

1908 3045 2088 3086 rorem
2133 3030 2398 3086 abductos
2437 3031 2644 3088 videret
2687 3051 2703 3088 :
2753 3033 2868 3090 imo
2905 3043 2959 3090 et
2998 3037 3380 3098 Cerinthianos
3420 3057 3486 3098 ac

222 3122 625 3200 Μηρινθιανοὺς
673 3124 738 3175 ὲκ
773 3124 1118 3194 παρατριϐῆς
1165 3125 1326 3178 αὑτὸν
1359 3124 1618 3193 λέγοντας
1661 3118 1801 3177 εἶναι

1905 3120 2300 3176 Merinthianos
2329 3135 2395 3175 ex
2428 3119 2590 3193 747
2625 3121 2915 3194 utriusque
2941 3139 3108 3183 sexus
3138 3131 3484 3200 copulatione

227 3211 382 3278 ψιλὸν
415 3197 716 3290 ἅνθρωᾶυον,
763 3213 858 3266 καὶ
898 3216 1025 3277 τοὺς
1061 3213 1447 3285 Ναζωραίους,
1497 3213 1595 3268 καὶ⁵
1638 3213 1804 3276 ἄλλας

238 3300 434 3360 πολλὰς
493 3301 755 3373 αἱρέσεις,
787 3302 862 3367 ὼς
903 3303 1129 3357 κατόπιν
1174 3303 1342 3358 ἐλθὼν
1375 3303 1654 3375 (τέταρτος
1698 3303 1806 3375 γὰρ

232 3382 389 3454 οὗτος
425 3390 880 3462 εὐαγγελίζεται),
910 3393 1136 3466 ἄρχεται
1159 3393 1573 3458 ἀνακαλεῖσθαι,
1606 3393 1682 3456 ὡς
1727 3394 1807 3445 εί-

227 3485 373 3547 πετν,
397 3485 519 3549 τοὺς
547 3484 937 3556 πλανηθέντας,
966 3488 1061 3540 καὶ
1105 3485 1508 3558 ὴσχολημένους
1551 3485 1681 3558 περὶ
1708 3485 1806 3555 τὴν

223 3576 381 3628 κάτω
407 3574 642 3647 Χριστοῦ
667 3578 988 3650 παρουσίαν,
1020 3578 1113 3632 καὶ
1138 3578 1314 3647 λέγειν
1342 3578 1545 3642 αὐτοῖς,
1577 3577 1652 3641 ὼς
1675 3593 1807 3629 κατ-

223 3665 354 3720 όπιν
407 3666 624 3736 βαίνων,
671 3669 763 3722 καὶ
811 3669 954 3741 ὀρῶν
1011 3685 1165 3734 τινας
1226 3671 1306 3733 είς
1349 3669 1609 3738 τραχείας
1657 3668 1810 3731 ὁδοὺς

224 3757 574 3823 κεκλικότας,
612 3761 704 3812 καὶ
738 3761 973 3830 ἀφέντας
1015 3760 1115 3832 τὴν
1155 3760 1368 3814 εὐθεῖαν
1398 3762 1492 3814 καὶ
1527 3760 1810 3832 ἀληθινὴν,

226 3855 309 3912 ὼς
347 3851 547 3903 είπεϊνο
579 3851 676 3904 Ποῖ
705 3851 972 3922 φέρεσθε;
1008 3855 1100 3905 ποῖ
1127 3851 1403 3922 βαδίζετες
1434 3855 1498 3907 Ol.
1539 3854 1640 3925 τὴν
1683 3871 1813 3926 τρα-

232 3942 387 4008 χεῖαν
407 3940 523 3994 ὁδὸν
553 3942 648 3995 καὶ
683 3941 1049 4013 σκανδαλώδη,
1077 3944 1173 3997 καὶ
1199 3945 1280 4007 εἰς
1311 3943 1502 4014 χάσμα
1537 3945 1812 4016 φέρουσαν

231 4028 564 4098 βαδίζοντες,
591 4033 970 4105 ἀνακάμψατε.
999 4034 1113 4089 Οὐκ
1139 4035 1285 4088 ἔστιν
1309 4036 1482 4099 οὕτως
1500 4053 1513 4066 ·
1535 4037 1638 4090 οὐκ
1664 4037 1814 4092 ἐστιν

234 4122 347 4174 ἀπὸ
382 4122 600 4193 Μαρίας
631 4124 789 4194 μόνον
825 4127 854 4179 6
888 4125 1023 4189 Θεὸς
1047 4125 1240 4194 Λόγος,
1272 4128 1300 4180 6
1328 4128 1392 4180 ὲκ
1417 4127 1628 4199 Πατρὸς
1671 4127 1816 4182 ἄνω-

243 4208 342 4263 θεν
399 4213 792 4283 γεγεννημένος
815 4230 828 4243 ·
884 4215 988 4267 οὐκ
1045 4214 1193 4268 ἐστιν
1268 4215 1376 4268 ἀπὸ
1447 4214 1555 4268 τῶν
1611 4216 1816 4286 χρόνων

247 4301 450 4370 Ἰωσὴφ
491 4301 584 4355 τοῦ
617 4303 819 4372 ταύτης
850 4305 1126 4376 ὁρμαστοῦ
1158 4305 1178 4335 ³
1203 4305 1345 4375 (91)*
1376 4307 1476 4360 οὐκ
1510 4305 1656 4360 ἐστιν
1707 4305 1814 4359 ἀπὸ

235 4393 348 4446 τῶν
390 4395 592 4465 χρόνων
638 4395 926 4469 Σαλαθιήλ.
965 4397 1058 4450 καὶ
1103 4398 1439 4467 Ζοροϐάϐελ,
1481 4399 1576 4451 καὶ
1625 4397 1812 4464 Δαῦὶδ,

1910 3224 2120 3263 merum
2167 3208 2440 3264 hominem
2473 3221 2660 3264 natum
2700 3211 2854 3268 illum
2897 3229 3182 3287 asserere;
3232 3220 3488 3292 idemque

1909 3307 1963 3353 et
1999 3297 2309 3364 Nazarteos,
2363 3305 2418 3353 et
2447 3301 2738 3356 nonnullas
2785 3302 2919 3358 alias
2961 3303 3198 3363 haereses
3239 3310 3485 3379 sentire;

1909 3397 2172 3459 tanquam
2227 3395 2537 3459 postremus
2585 3393 2832 3446 omnium
2897 3393 3149 3465 (quartus
3203 3399 3346 3453 enim
3395 3399 3486 3455 hic

1911 3479 2262 3551 Evangelium
2293 3481 2534 3538 scribere
2558 3497 2852 3554 aggressus
2871 3487 2978 3559 est)
3000 3487 3318 3545 aberrantes
3339 3490 3498 3556 illos,‘

1911 3580 1967 3628 et
1990 3572 2046 3627 in
2073 3574 2367 3627 humanam
2392 3573 2600 3630 Christi
2625 3577 3031 3646 generationem
3061 3581 3185 3651 plus
3208 3597 3368 3652 quam
3392 3599 3491 3655 par

1911 3675 2059 3720 esset
2077 3666 2317 3720 intentos
2328 3679 2585 3720 revocare
2601 3667 2857 3733 instituit,
2863 3669 3196 3742 perindeque
3205 3687 3272 3729 ac
3287 3673 3332 3728 si
3349 3690 3491 3733 non-

1912 3761 2098 3817 nullos
2121 3775 2218 3830 per
2239 3760 2396 3815 devia
2418 3775 2483 3816 ac
2505 3763 2787 3818 salebrosa
2801 3763 3071 3836 divagari,
3097 3781 3225 3822 vera
3249 3781 3314 3822 ac
3340 3776 3492 3823 recta

1913 3851 2002 3906 via
2028 3851 2311 3914 derelicta,
2342 3867 2486 3922 pone
2517 3853 2806 3908 ambulans
2835 3865 3103 3922 cerneret,
3137 3872 3202 3912 ea
3230 3855 3494 3927 quodam-

1911 3942 2078 3997 modo
2103 3951 2187 3999 est
2215 3943 2507 3999 allocutus.
2543 3943 2664 4010 Quo
2697 3945 2961 4003 tenditis?
2983 3963 3162 4018 quove
3196 3942 3296 4006 iter
3328 3949 3496 4007 habe-

1915 4033 2026 4088 tis?
2063 4032 2174 4088 Vos
2196 4035 2295 4104 qui
2325 4049 2580 4104 asperum
2604 4041 2658 4090 et
2685 4035 2957 4093 lubricum
2981 4039 3085 4095 iter
3108 4042 3329 4110 tenetis,
3347 4043 3494 4114 quod

1918 4123 1974 4178 in
2009 4126 2320 4195 voraginem
2357 4136 2413 4182 et
2451 4126 2814 4196 pratcipitium
2849 4129 3072 4193 desinit,
3105 4131 3295 4201 pedem
3340 4135 3496 4192 relie-

1919 4213 2069 4267 ctite.
2105 4213 2224 4268 Non
2259 4216 2332 4269 ita
2361 4225 2424 4270 ut
2459 4217 2662 4285 putatis
2695 4232 2818 4273 sese
2850 4233 2939 4274 res
2977 4219 3175 4288 habet;
3225 4238 3402 4292 neque
3428 4241 3496 4282 ex

1921 4305 2036 4358 sola
2068 4305 2237 4359 Maria
2270 4307 2361 4362 Dei
2390 4306 2625 4363 Verbum
2655 4309 2860 4364 editum
2889 4318 2994 4372 est,
3024 4313 3170 4381 quod
3197 4315 3268 4369 ab
3288 4323 3495 4370 interno

1919 4391 2082 4448 Pater
2101 4394 2309 4464 genuit,
2339 4410 2515 4464 neque
2544 4397 2614 4450 ab
2631 4393 2859 4466 Josephi
2881 4395 3124 4468 Virginis
3159 4403 3371 4472 sponsi,
3403 4413 3499 4459 aut

237 4485 336 4538 καὶ
360 4463 627 4556 Ἀϐραὰμ,
656 4489 751 4540 καὶ
785 4463 997 4554 Ἰακὼϐ,
1021 4488 1115 4542 και
1149 4463 1290 4554 Νῶε,
1321 4490 1416 4542 καὶ
1444 4489 1648 4559 Ἀδάμ·
1677 4489 1804 4542 ἀλλά

1923 4463 2206 4549 Salathiel,
2231 4463 2553 4553 Zorohabcl,
2581 4463 2784 4552 David,
2803 4463 3102 4557 Abraham,
3137 4463 3328 4560 Iacob,
3359 4463 3498 4564 Noe,

253 4573 352 4626 Ἐν
376 4573 534 4642 ἀρχῇ
567 4572 646 4645 ἦν
674 4579 706 4631 ό
737 4578 947 4646 Λόγος,
985 4578 1084 4632 καὶ
1117 4580 1150 4631 ό
1181 4579 1372 4647 Λόγος
1413 4575 1492 4649 ἦν
1517 4580 1670 4647 πρὸς
1706 4579 1804 4632 τὸν

1919 4584 1975 4632 et
1989 4577 2160 4631 Adam
2189 4578 2526 4647 temporibus
2549 4578 2816 4635 duntaxat
2836 4581 3075 4648 exstitit;
3110 4582 3226 4649 sed,
3265 4583 3331 4637 In
3352 4586 3501 4652 priu-

240 4667 418 4730 Qeof,
451 4668 548 4720 καί
591 4669 733 4734 Θεὸς
768 4666 848 4739 ἦν
894 4671 927 4723 ό
958 4670 1169 4737 Λόγος.
1199 4670 1275 4722 Τὸ
1321 4670 1379 4724 δὲ
1423 4670 1524 4738 ἦν,
1566 4670 1662 4723 καὶ
1710 4669 1804 4738 ἦν,

1922 4668 2056 4735 cipio
2077 4677 2190 4722 erat
2205 4667 2447 4736 Verbum,
2473 4677 2520 4722 et
2538 4666 2762 4723 Verbum
2782 4679 2894 4725 erat
2915 4670 3056 4740 apud
3074 4671 3265 4739 Deum,
3287 4683 3339 4727 et
3353 4673 3499 4729 Deus

231 4760 339 4815 καὶ
362 4755 466 4830 ἦν,
495 4761 591 4832 οὐχ
620 4761 938 4833 ὑποδέχεται
965 4761 1058 4815 τοῦ
1082 4762 1104 4794 ⁸
1139 4762 1214 4833 μὴ
1244 4757 1384 4817 εἷναί
1413 4780 1566 4817 ποτε.
1787 4777 1792 4782 ”

1922 4767 2038 4812 erat
2073 4759 2356 4814 Verbum".
2398 4759 2580 4831 Atque
2615 4761 2730 4816 haec
2761 4762 3030 4832 particula
3067 4773 3185 4818 erat
3232 4773 3314 4820 ter
3345 4780 3502 4836 repe-

1927 4849 2026 4902 tita
2078 4865 2187 4904 non
2233 4853 2456 4920 patitur,
2508 4861 2568 4907 ut
2613 4853 2764 4908 illum
2797 4854 3131 4925 quandomte
3162 4872 3274 4912 non
3329 4857 3505 4914 fuisse

1925 4941 2288 5009 suspicemur.

316 5021 430 5074 Καὶ
471 5023 603 5092 δρᾷς
650 5020 766 5083 πῶς
809 5021 970 5086 εὐθὺς
1022 5021 1091 5075 τὰ
1143 5021 1426 5091 ἐγγυτάτω
1473 5019 1688 5093 πρῶτον
1720 5037 1804 5093 ση-

1993 5026 2399 5087 Animadvcrtis
2456 5031 2623 5101 igitur
2676 5048 2802 5103 qua:
2849 5036 3098 5104 proxima
3143 5050 3279 5095 sunt
3321 5041 3506 5112 priore

246 5111 466 5181 μαίνει·
498 5113 571 5176 ὼς
612 5112 886 5177 Ματοαῖος
938 5114 1034 5182 μὲν
1082 5114 1185 5184 τὴν
1229 5113 1348 5167 ὁδὸν
1393 5113 1563 5178 ἔδειξε
1590 5113 1681 5167 διὰ
1722 5114 1804 5184 τῆς

1926 5113 2050 5170 Ioco
2101 5115 2273 5174 fuisse
2311 5120 2638 5190 signiﬁcata.
2698 5121 2790 5178 Sic
2827 5123 3116 5184 Matthaeus
3161 5111 3505 5186 eontexeuda

238 5200 618 5270 γενεαλογίας,
646 5204 740 5256 καὶ
767 5203 887 5257 οὐδὲ
925 5203 1087 5268 αὐτὸς
1117 5204 1446 5276 ἠκρίϐωσεν,
1490 5205 1605 5260 ἀλλ’
1633 5205 1804 5259 ἐπειδὶ

1928 5204 2134 5262 Christi
2163 5211 2480 5281 genealogia
2512 5213 2656 5268 viam
2697 5217 3106 5285 quodammodo
3146 5221 3503 5288 monstravit;

245 5291 459 5346 ἄνωθεν
503 5291 665 5363 ἔφερε
733 5295 975 5363 καίτοιγε
1007 5296 1105 5367 τὴν
1141 5297 1524 5366 γενεαλογίαν*
1554 5296 1672 5359 mite
1707 5313 1804 5348 τες

1930 5313 2108 5368 neque
2133 5312 2387 5358 accurate
2417 5311 2606 5360 tamen
2643 5306 2751 5362 ista
2775 5311 3054 5374 tractavit,
3093 5326 3220 5366 cum
3250 5311 3505 5382 genealo-

328 5430 344 5459 ⁸
372 5427 434 5483 F.
469 5428 856 5484 ὑποδεικνύων.
953 5431 974 5462 ¹
1007 5430 1066 5484 F.
1101 5432 1205 5484 ὑπὸ
1250 5434 1454 5488 Λουκᾶ.

1566 5433 1588 5465 ³
1617 5430 1694 5487 De
1720 5432 1804 5486 hac

1905 5445 1986 5490 )ce
2013 5439 2290 5510 ὀρμαστοῦ
2319 5440 2556 5497 viderint
2602 5443 2825 5499 eruditi.
2901 5445 2924 5477 ⁴
2948 5443 3010 5498 F.
3043 5445 3125 5498 τό.
3201 5453 3222 5484 ⁸
3251 5445 3384 5499 Luc.
3420 5457 3505 5509 ιιι,

253 5498 470 5571 23sqq.
549 5500 570 5530 ⁸
596 5500 786 5555 Ilatth.
813 5515 852 5565 ι,
883 5499 936 5553 I.
1011 5501 1032 5532 '
1066 5500 1224 5556 Joan.
1257 5519 1298 5569 I,
1334 5505 1382 5558 I.

321 5658 438 5731 (9|),
472 5657 586 5731 Τοῦ
617 5658 848 5731 ταύτης
891 5659 1251 5731 -όρμαστοῦ,
1277 5657 1406 5728 Leg.
1444 5657 1671 5731 videtur
1721 5658 1804 5728 ἀρε

1935 5659 2122 5731 eadem
2170 5659 2566 5731 signiﬁcatione
2628 5661 2789 5725 dixit,
2835 5671 2889 5714 et
2946 5676 3098 5714 num.
3150 5661 3239 5728 16,
3278 5652 3498 5717 Thecla!

249 5730 472 5800 μαστοῦ.
510 5728 647 5801 ΝἱειίΔ
669 5729 810 5801 forte
851 5728 1322 5801 γλωσσηματῶδες
1349 5729 1625 5797 qumldam
1659 5743 1804 5801 νοω·

1931 5728 2367 5800 δρμαστὸνξίιυο
2393 5740 2474 5788 est
2507 5747 2754 5800 sponsum
2791 5731 3046 5801 appellat.

246 5797 436 5862 bulum
484 5801 578 5857 sit.
613 5798 824 5870 Quippe
859 5800 990 5854 liter.
1038 5797 1127 5866 78,
1161 5815 1311 5854 num.
1342 5801 1426 5859 I5.
1480 5797 1829 5871 ὁρμασθῆναι,
