  <div class='ocr_page' id='page_1' title='image "/cluster/home/n/w/nwhite01/storage/ocr_20150623/42:no.2/coo.31924054869403/125.png"; bbox 0 0 3994 6440; ppageno 0'>
   <div class='ocr_carea' id='block_1_1' title="bbox 565 385 675 442">
    <p class='ocr_par' dir='ltr' id='par_1_1' title="bbox 565 385 675 442">
     <span class='ocr_line' id='line_1_1' title="bbox 565 385 675 442; baseline -0.018 0"><span class='ocrx_word' id='word_1_1' title='bbox 565 385 675 442; x_wconf 65' lang='lat'><strong>259</strong></span> 
     </span>
    </p>
   </div>
   <div class='ocr_carea' id='block_1_2' title="bbox 1989 385 3749 451">
    <p class='ocr_par' dir='ltr' id='par_1_2' title="bbox 1989 385 3749 451">
     <span class='ocr_line' id='line_1_2' title="bbox 1989 385 3749 451; baseline 0.005 -8"><span class='ocrx_word' id='word_1_2' title='bbox 1989 387 2046 443; x_wconf 86' lang='lat' dir='ltr'><strong>S.</strong></span> <span class='ocrx_word' id='word_1_3' title='bbox 2090 385 2428 442; x_wconf 76' lang='grc' dir='ltr'><strong>ΕΡΙΡΙΙΛΝΙΙ</strong></span> <span class='ocrx_word' id='word_1_4' title='bbox 3665 397 3749 451; x_wconf 72' lang='grc' dir='ltr'><strong>2ιο</strong></span> 
     </span>
    </p>
   </div>
   <div class='ocr_carea' id='block_1_3' title="bbox 568 496 2141 576">
    <p class='ocr_par' dir='ltr' id='par_1_3' title="bbox 568 497 2141 576">
     <span class='ocr_line' id='line_1_3' title="bbox 568 497 2141 576; baseline -0.005 -17"><span class='ocrx_word' id='word_1_5' title='bbox 568 505 709 576; x_wconf 80' lang='lat' dir='ltr'><strong>giam</strong></span> <span class='ocrx_word' id='word_1_6' title='bbox 739 502 886 558; x_wconf 82' lang='lat' dir='ltr'><strong>illam</strong></span> <span class='ocrx_word' id='word_1_7' title='bbox 917 501 984 557; x_wconf 89' lang='lat' dir='ltr'><strong>ab</strong></span> <span class='ocrx_word' id='word_1_8' title='bbox 1009 498 1390 573; x_wconf 70' lang='lat' dir='ltr'><strong>superioribus</strong></span> <span class='ocrx_word' id='word_1_9' title='bbox 1425 498 1755 576; x_wconf 80' lang='lat' dir='ltr'><strong>deduceret;</strong></span> <span class='ocrx_word' id='word_1_10' title='bbox 1789 497 1986 554; x_wconf 80' lang='lat' dir='ltr'><strong>deinde</strong></span> <span class='ocrx_word' id='word_1_11' title='bbox 2015 498 2141 552; x_wconf 83' lang='lat' dir='ltr'><strong>Mar-</strong></span> 
     </span>
    </p>
   </div>
   <div class='ocr_carea' id='block_1_4' title="bbox 2241 496 3749 576">
    <p class='ocr_par' dir='ltr' id='par_1_4' title="bbox 2260 496 3749 576">
     <span class='ocr_line' id='line_1_4' title="bbox 2260 496 3749 576; baseline 0.007 -24"><span class='ocrx_word' id='word_1_12' title='bbox 2260 500 2486 569; x_wconf 82' lang='grc' dir='ltr'>Μάρκος</span> <span class='ocrx_word' id='word_1_13' title='bbox 2519 496 2779 568; x_wconf 75' lang='grc' dir='ltr'>περὶτῶν</span> <span class='ocrx_word' id='word_1_14' title='bbox 2809 500 2866 552; x_wconf 80' lang='grc' dir='ltr'><strong>ὲν</strong></span> <span class='ocrx_word' id='word_1_15' title='bbox 2905 497 2982 570; x_wconf 84' lang='grc' dir='ltr'>τῷ</span> <span class='ocrx_word' id='word_1_16' title='bbox 3021 499 3210 571; x_wconf 83' lang='grc' dir='ltr'>κόσμῳ</span> <span class='ocrx_word' id='word_1_17' title='bbox 3237 507 3749 576; x_wconf 76' lang='grc' dir='ltr'>πεπραγματευμὲνωνο</span> 
     </span>
    </p>
   </div>
   <div class='ocr_carea' id='block_1_5' title="bbox 567 590 2149 666">
    <p class='ocr_par' dir='ltr' id='par_1_5' title="bbox 567 590 2149 666">
     <span class='ocr_line' id='line_1_5' title="bbox 567 590 2149 666; baseline -0.005 -13"><span class='ocrx_word' id='word_1_18' title='bbox 567 614 665 653; x_wconf 89' lang='lat' dir='ltr'><strong>cus</strong></span> <span class='ocrx_word' id='word_1_19' title='bbox 691 612 755 652; x_wconf 89' lang='lat' dir='ltr'><strong>ea</strong></span> <span class='ocrx_word' id='word_1_20' title='bbox 787 610 907 666; x_wconf 75' lang='lat' dir='ltr'><strong>qua:</strong></span> <span class='ocrx_word' id='word_1_21' title='bbox 939 595 993 649; x_wconf 93' lang='lat' dir='ltr'><strong>in</strong></span> <span class='ocrx_word' id='word_1_22' title='bbox 1020 594 1123 648; x_wconf 90' lang='lat' dir='ltr'><strong>hoc</strong></span> <span class='ocrx_word' id='word_1_23' title='bbox 1149 593 1350 648; x_wconf 88' lang='lat' dir='ltr'><strong>mundo</strong></span> <span class='ocrx_word' id='word_1_24' title='bbox 1381 601 1534 662; x_wconf 85' lang='lat' dir='ltr'><strong>gesta</strong></span> <span class='ocrx_word' id='word_1_25' title='bbox 1567 600 1698 648; x_wconf 90' lang='lat' dir='ltr'><strong>sunt</strong></span> <span class='ocrx_word' id='word_1_26' title='bbox 1729 591 1964 660; x_wconf 86' lang='lat' dir='ltr'><strong>aperuit.</strong></span> <span class='ocrx_word' id='word_1_27' title='bbox 1991 605 2054 644; x_wconf 89' lang='lat' dir='ltr'><strong>ac</strong></span> <span class='ocrx_word' id='word_1_28' title='bbox 2079 590 2149 645; x_wconf 89' lang='lat' dir='ltr'><strong>de</strong></span> 
     </span>
    </p>
   </div>
   <div class='ocr_carea' id='block_1_6' title="bbox 568 681 2144 752">
    <p class='ocr_par' dir='ltr' id='par_1_6' title="bbox 568 681 2144 752">
     <span class='ocr_line' id='line_1_6' title="bbox 568 681 2144 752; baseline -0.004 -13"><span class='ocrx_word' id='word_1_29' title='bbox 568 703 696 742; x_wconf 85' lang='lat' dir='ltr'><strong>voce</strong></span> <span class='ocrx_word' id='word_1_30' title='bbox 730 688 820 741; x_wconf 88' lang='lat' dir='ltr'><strong>illa</strong></span> <span class='ocrx_word' id='word_1_31' title='bbox 865 687 918 740; x_wconf 91' lang='lat' dir='ltr'><strong>in</strong></span> <span class='ocrx_word' id='word_1_32' title='bbox 953 691 1174 741; x_wconf 86' lang='lat' dir='ltr'><strong>deserto</strong></span> <span class='ocrx_word' id='word_1_33' title='bbox 1203 685 1499 748; x_wconf 85' lang='lat' dir='ltr'><strong>clamante,</strong></span> <span class='ocrx_word' id='word_1_34' title='bbox 1543 683 1720 752; x_wconf 86' lang='lat' dir='ltr'><strong>deque</strong></span> <span class='ocrx_word' id='word_1_35' title='bbox 1770 681 2018 744; x_wconf 88' lang='lat' dir='ltr'><strong>Domino,</strong></span> <span class='ocrx_word' id='word_1_36' title='bbox 2051 681 2144 749; x_wconf 90' lang='lat' dir='ltr'><strong>qui</strong></span> 
     </span>
    </p>
   </div>
   <div class='ocr_carea' id='block_1_7' title="bbox 565 773 2142 848">
    <p class='ocr_par' dir='ltr' id='par_1_7' title="bbox 565 773 2142 848">
     <span class='ocr_line' id='line_1_7' title="bbox 565 773 2142 848; baseline -0.003 -17"><span class='ocrx_word' id='word_1_37' title='bbox 565 793 595 831; x_wconf 86' lang='lat' dir='ltr'><strong>a</strong></span> <span class='ocrx_word' id='word_1_38' title='bbox 624 777 900 848; x_wconf 70' lang='lat' dir='ltr'><strong>prophetis</strong></span> <span class='ocrx_word' id='word_1_39' title='bbox 929 791 993 830; x_wconf 91' lang='lat' dir='ltr'><strong>ac</strong></span> <span class='ocrx_word' id='word_1_40' title='bbox 1022 777 1137 846; x_wconf 82' lang='lat' dir='ltr'><strong>lege</strong></span> <span class='ocrx_word' id='word_1_41' title='bbox 1168 783 1328 830; x_wconf 80' lang='lat' dir='ltr'><strong>antea</strong></span> <span class='ocrx_word' id='word_1_42' title='bbox 1360 776 1648 829; x_wconf 88' lang='lat' dir='ltr'><strong>nuntiatus</strong></span> <span class='ocrx_word' id='word_1_43' title='bbox 1674 773 1869 838; x_wconf 79' lang='lat' dir='ltr'><strong>fuerat,</strong></span> <span class='ocrx_word' id='word_1_44' title='bbox 1893 773 2142 843; x_wconf 87' lang='lat' dir='ltr'><strong>scripsit;</strong></span> 
     </span>
    </p>
   </div>
   <div class='ocr_carea' id='block_1_8' title="bbox 566 863 2144 938">
    <p class='ocr_par' dir='ltr' id='par_1_8' title="bbox 566 863 2144 938">
     <span class='ocr_line' id='line_1_8' title="bbox 566 863 2144 938; baseline -0.005 -14"><span class='ocrx_word' id='word_1_45' title='bbox 566 869 867 924; x_wconf 78' lang='lat' dir='ltr'><strong>secundum</strong></span> <span class='ocrx_word' id='word_1_46' title='bbox 895 882 1055 938; x_wconf 83' lang='lat' dir='ltr'><strong>quem</strong></span> <span class='ocrx_word' id='word_1_47' title='bbox 1079 865 1254 920; x_wconf 86' lang='lat' dir='ltr'><strong>Lucas</strong></span> <span class='ocrx_word' id='word_1_48' title='bbox 1289 867 1355 919; x_wconf 83' lang='lat' dir='ltr'><strong>ab</strong></span> <span class='ocrx_word' id='word_1_49' title='bbox 1385 864 1740 921; x_wconf 79' lang='lat' dir='ltr'><strong>inferioribus</strong></span> <span class='ocrx_word' id='word_1_50' title='bbox 1763 863 1828 916; x_wconf 91' lang='lat' dir='ltr'><strong>ad</strong></span> <span class='ocrx_word' id='word_1_51' title='bbox 1862 864 2144 932; x_wconf 83' lang='lat' dir='ltr'><strong>superiora</strong></span> 
     </span>
    </p>
   </div>
   <div class='ocr_carea' id='block_1_9' title="bbox 565 954 2146 1027">
    <p class='ocr_par' dir='ltr' id='par_1_9' title="bbox 565 954 2146 1027">
     <span class='ocr_line' id='line_1_9' title="bbox 565 954 2146 1027; baseline -0.004 -14"><span class='ocrx_word' id='word_1_52' title='bbox 565 959 908 1014; x_wconf 84' lang='lat' dir='ltr'><strong>conscendit.</strong></span> <span class='ocrx_word' id='word_1_53' title='bbox 953 958 1194 1024; x_wconf 83' lang='lat' dir='ltr'><strong>Quartus</strong></span> <span class='ocrx_word' id='word_1_54' title='bbox 1228 957 1461 1027; x_wconf 85' lang='lat' dir='ltr'><strong>denique</strong></span> <span class='ocrx_word' id='word_1_55' title='bbox 1490 954 1730 1012; x_wconf 85' lang='lat' dir='ltr'><strong>Joannes</strong></span> <span class='ocrx_word' id='word_1_56' title='bbox 1753 955 1896 1009; x_wconf 85' lang='lat' dir='ltr'><strong>velut</strong></span> <span class='ocrx_word' id='word_1_57' title='bbox 1929 954 2146 1008; x_wconf 87' lang='lat' dir='ltr'><strong>coroni-</strong></span> 
     </span>
    </p>
   </div>
   <div class='ocr_carea' id='block_1_10' title="bbox 569 1045 2146 1120">
    <p class='ocr_par' dir='ltr' id='par_1_10' title="bbox 569 1045 2146 1120">
     <span class='ocr_line' id='line_1_10' title="bbox 569 1045 2146 1120; baseline -0.003 -14"><span class='ocrx_word' id='word_1_58' title='bbox 569 1050 689 1106; x_wconf 88' lang='lat' dir='ltr'><strong>dem</strong></span> <span class='ocrx_word' id='word_1_59' title='bbox 742 1049 1032 1120; x_wconf 87' lang='lat' dir='ltr'><strong>imponens</strong></span> <span class='ocrx_word' id='word_1_60' title='bbox 1073 1048 1406 1104; x_wconf 89' lang='lat' dir='ltr'><strong>sublimioris</strong></span> <span class='ocrx_word' id='word_1_61' title='bbox 1458 1047 1511 1102; x_wconf 91' lang='lat' dir='ltr'><strong>in</strong></span> <span class='ocrx_word' id='word_1_62' title='bbox 1551 1045 1771 1101; x_wconf 80' lang='lat' dir='ltr'><strong>Christo</strong></span> <span class='ocrx_word' id='word_1_63' title='bbox 1814 1046 2146 1101; x_wconf 83' lang='lat' dir='ltr'><strong>conditionis</strong></span> 
     </span>
    </p>
   </div>
   <div class='ocr_carea' id='block_1_11' title="bbox 568 1137 2147 1209">
    <p class='ocr_par' dir='ltr' id='par_1_11' title="bbox 568 1137 2147 1209">
     <span class='ocr_line' id='line_1_11' title="bbox 568 1137 2147 1209; baseline -0.002 -16"><span class='ocrx_word' id='word_1_64' title='bbox 568 1155 633 1195; x_wconf 89' lang='lat' dir='ltr'><strong>ac</strong></span> <span class='ocrx_word' id='word_1_65' title='bbox 673 1147 904 1203; x_wconf 81' lang='lat' dir='ltr'><strong>naturae,</strong></span> <span class='ocrx_word' id='word_1_66' title='bbox 945 1147 998 1194; x_wconf 86' lang='lat' dir='ltr'><strong>et</strong></span> <span class='ocrx_word' id='word_1_67' title='bbox 1029 1139 1372 1209; x_wconf 62' lang='lat' dir='ltr'><strong>sempiternae</strong></span> <span class='ocrx_word' id='word_1_68' title='bbox 1411 1137 1714 1193; x_wconf 75' lang='lat' dir='ltr'><strong>divinitatis</strong></span> <span class='ocrx_word' id='word_1_69' title='bbox 1752 1137 2020 1206; x_wconf 86' lang='lat' dir='ltr'><strong>interpres</strong></span> <span class='ocrx_word' id='word_1_70' title='bbox 2048 1149 2147 1190; x_wconf 74' lang='lat' dir='ltr'><strong>ex-</strong></span> 
     </span>
    </p>
   </div>
   <div class='ocr_carea' id='block_1_12' title="bbox 566 1227 2143 1301">
    <p class='ocr_par' dir='ltr' id='par_1_12' title="bbox 566 1227 2143 1301">
     <span class='ocr_line' id='line_1_12' title="bbox 566 1227 2143 1301; baseline -0.004 -13"><span class='ocrx_word' id='word_1_71' title='bbox 566 1232 726 1288; x_wconf 79' lang='lat' dir='ltr'><strong>stitit.</strong></span> <span class='ocrx_word' id='word_1_72' title='bbox 761 1230 882 1298; x_wconf 89' lang='lat' dir='ltr'><strong>Quo</strong></span> <span class='ocrx_word' id='word_1_73' title='bbox 909 1247 1072 1287; x_wconf 85' lang='lat' dir='ltr'><strong>sensu</strong></span> <span class='ocrx_word' id='word_1_74' title='bbox 1106 1231 1274 1286; x_wconf 88' lang='lat' dir='ltr'><strong>videri</strong></span> <span class='ocrx_word' id='word_1_75' title='bbox 1317 1238 1497 1301; x_wconf 90' lang='lat' dir='ltr'><strong>potest</strong></span> <span class='ocrx_word' id='word_1_76' title='bbox 1527 1229 1784 1284; x_wconf 83' lang='lat' dir='ltr'><strong>Salomon</strong></span> <span class='ocrx_word' id='word_1_77' title='bbox 1821 1228 1874 1283; x_wconf 92' lang='lat' dir='ltr'><strong>in</strong></span> <span class='ocrx_word' id='word_1_78' title='bbox 1910 1227 2143 1282; x_wconf 87' lang='lat' dir='ltr'><strong>Prover-</strong></span> 
     </span>
    </p>
   </div>
   <div class='ocr_carea' id='block_1_13' title="bbox 567 1319 2146 1394">
    <p class='ocr_par' dir='ltr' id='par_1_13' title="bbox 567 1319 2146 1394">
     <span class='ocr_line' id='line_1_13' title="bbox 567 1319 2146 1394; baseline -0.004 -16"><span class='ocrx_word' id='word_1_79' title='bbox 567 1323 673 1378; x_wconf 87' lang='lat' dir='ltr'><strong>biis</strong></span> <span class='ocrx_word' id='word_1_80' title='bbox 699 1324 908 1378; x_wconf 83' lang='lat' dir='ltr'><strong>viarum</strong></span> <span class='ocrx_word' id='word_1_81' title='bbox 935 1322 1236 1394; x_wconf 81' lang='lat' dir='ltr'><strong>appellasse</strong></span> <span class='ocrx_word' id='word_1_82' title='bbox 1255 1321 1584 1391; x_wconf 89' lang='lat' dir='ltr'><strong>principium</strong></span> <span class='ocrx_word' id='word_1_83' title='bbox 1611 1321 1659 1373; x_wconf 83' lang='lat'><strong>&#39;:</strong></span> <span class='ocrx_word' id='word_1_84' title='bbox 1692 1320 1738 1375; x_wconf 89' lang='lat' dir='ltr'><strong>si</strong></span> <span class='ocrx_word' id='word_1_85' title='bbox 1765 1319 1983 1389; x_wconf 87' lang='lat' dir='ltr'><strong>quidem</strong></span> <span class='ocrx_word' id='word_1_86' title='bbox 2007 1333 2146 1372; x_wconf 85' lang='lat' dir='ltr'><strong>non-</strong></span> 
     </span>
    </p>
   </div>
   <div class='ocr_carea' id='block_1_14' title="bbox 565 1411 2140 1484">
    <p class='ocr_par' dir='ltr' id='par_1_14' title="bbox 565 1411 2140 1484">
     <span class='ocr_line' id='line_1_14' title="bbox 565 1411 2140 1484; baseline -0.004 -14"><span class='ocrx_word' id='word_1_87' title='bbox 565 1415 732 1470; x_wconf 88' lang='lat' dir='ltr'><strong>nullis</strong></span> <span class='ocrx_word' id='word_1_88' title='bbox 763 1415 876 1470; x_wconf 77' lang='lat' dir='ltr'><strong>haec</strong></span> <span class='ocrx_word' id='word_1_89' title='bbox 905 1415 1021 1484; x_wconf 88' lang='lat' dir='ltr'><strong>ipsa</strong></span> <span class='ocrx_word' id='word_1_90' title='bbox 1051 1413 1212 1470; x_wconf 90' lang='lat' dir='ltr'><strong>verba</strong></span> <span class='ocrx_word' id='word_1_91' title='bbox 1247 1413 1504 1481; x_wconf 72' lang='lat' dir='ltr'><strong>religiose</strong></span> <span class='ocrx_word' id='word_1_92' title='bbox 1549 1412 1714 1466; x_wconf 89' lang='lat' dir='ltr'><strong>libeat</strong></span> <span class='ocrx_word' id='word_1_93' title='bbox 1745 1411 1810 1466; x_wconf 90' lang='lat' dir='ltr'><strong>ad</strong></span> <span class='ocrx_word' id='word_1_94' title='bbox 1844 1411 2140 1464; x_wconf 83' lang='lat' dir='ltr'><strong>humanam</strong></span> 
     </span>
    </p>
   </div>
   <div class='ocr_carea' id='block_1_15' title="bbox 563 1502 2144 1575">
    <p class='ocr_par' dir='ltr' id='par_1_15' title="bbox 563 1502 2144 1575">
     <span class='ocr_line' id='line_1_15' title="bbox 563 1502 2144 1575; baseline -0.004 -13"><span class='ocrx_word' id='word_1_95' title='bbox 563 1505 769 1562; x_wconf 83' lang='lat' dir='ltr'><strong>Christi</strong></span> <span class='ocrx_word' id='word_1_96' title='bbox 804 1517 1050 1560; x_wconf 86' lang='lat' dir='ltr'><strong>naturam</strong></span> <span class='ocrx_word' id='word_1_97' title='bbox 1091 1504 1410 1570; x_wconf 83' lang='lat' dir='ltr'><strong>transferre,</strong></span> <span class='ocrx_word' id='word_1_98' title='bbox 1448 1507 1607 1575; x_wconf 89' lang='lat' dir='ltr'><strong>quasi</strong></span> <span class='ocrx_word' id='word_1_99' title='bbox 1636 1502 1704 1559; x_wconf 89' lang='lat' dir='ltr'><strong>de</strong></span> <span class='ocrx_word' id='word_1_100' title='bbox 1729 1503 1975 1573; x_wconf 86' lang='lat' dir='ltr'><strong>ejusdem</strong></span> <span class='ocrx_word' id='word_1_101' title='bbox 2006 1503 2144 1557; x_wconf 87' lang='lat' dir='ltr'><strong>divi-</strong></span> 
     </span>
    </p>
   </div>
   <div class='ocr_carea' id='block_1_16' title="bbox 564 1595 2140 1669">
    <p class='ocr_par' dir='ltr' id='par_1_16' title="bbox 564 1595 2140 1669">
     <span class='ocr_line' id='line_1_16' title="bbox 564 1595 2140 1669; baseline -0.003 -14"><span class='ocrx_word' id='word_1_102' title='bbox 564 1601 737 1655; x_wconf 87' lang='lat' dir='ltr'><strong>nitate</strong></span> <span class='ocrx_word' id='word_1_103' title='bbox 766 1600 872 1656; x_wconf 87' lang='lat' dir='ltr'><strong>ista</strong></span> <span class='ocrx_word' id='word_1_104' title='bbox 906 1598 1254 1669; x_wconf 86' lang='lat' dir='ltr'><strong>pronuntiet,</strong></span> <span class='ocrx_word' id='word_1_105' title='bbox 1293 1597 1557 1652; x_wconf 91' lang='lat' dir='ltr'><strong>nimirum</strong></span> <span class='ocrx_word' id='word_1_106' title='bbox 1589 1595 1930 1651; x_wconf 83' lang='lat' dir='ltr'><strong>divinitatem</strong></span> <span class='ocrx_word' id='word_1_107' title='bbox 1965 1598 2140 1666; x_wconf 87' lang='lat' dir='ltr'><strong>ipsam</strong></span> 
     </span>
    </p>
   </div>
   <div class='ocr_carea' id='block_1_17' title="bbox 564 1685 2139 1757">
    <p class='ocr_par' dir='ltr' id='par_1_17' title="bbox 564 1685 2139 1757">
     <span class='ocr_line' id='line_1_17' title="bbox 564 1685 2139 1757; baseline -0.004 -14"><span class='ocrx_word' id='word_1_108' title='bbox 564 1691 787 1747; x_wconf 88' lang='lat' dir='ltr'><strong>domum</strong></span> <span class='ocrx_word' id='word_1_109' title='bbox 823 1689 1190 1745; x_wconf 80' lang='lat' dir='ltr'><strong>exstruxisse.</strong></span> <span class='ocrx_word' id='word_1_110' title='bbox 1242 1685 1454 1757; x_wconf 80' lang='lat' dir='ltr'><strong>Quippe</strong></span> <span class='ocrx_word' id='word_1_111' title='bbox 1483 1701 1708 1740; x_wconf 87' lang='lat' dir='ltr'><strong>carnem</strong></span> <span class='ocrx_word' id='word_1_112' title='bbox 1749 1692 1802 1740; x_wconf 89' lang='lat' dir='ltr'><strong>et</strong></span> <span class='ocrx_word' id='word_1_113' title='bbox 1834 1697 2139 1756; x_wconf 87' lang='lat' dir='ltr'><strong>susceptam</strong></span> 
     </span>
    </p>
   </div>
   <div class='ocr_carea' id='block_1_18' title="bbox 565 1775 2142 1845">
    <p class='ocr_par' dir='ltr' id='par_1_18' title="bbox 565 1775 2142 1845">
     <span class='ocr_line' id='line_1_18' title="bbox 565 1775 2142 1845; baseline -0.006 -9"><span class='ocrx_word' id='word_1_114' title='bbox 565 1781 804 1836; x_wconf 82' lang='lat' dir='ltr'><strong>hominis</strong></span> <span class='ocrx_word' id='word_1_115' title='bbox 834 1789 1084 1834; x_wconf 90' lang='lat' dir='ltr'><strong>naturam</strong></span> <span class='ocrx_word' id='word_1_116' title='bbox 1116 1777 1375 1832; x_wconf 82' lang='lat' dir='ltr'><strong>divinitas</strong></span> <span class='ocrx_word' id='word_1_117' title='bbox 1407 1775 1718 1838; x_wconf 80' lang='lat' dir='ltr'><strong>fabricavit,</strong></span> <span class='ocrx_word' id='word_1_118' title='bbox 1744 1783 2004 1845; x_wconf 86' lang='lat' dir='ltr'><strong>tanquam</strong></span> <span class='ocrx_word' id='word_1_119' title='bbox 2031 1775 2142 1828; x_wconf 77' lang='lat' dir='ltr'><strong>via-</strong></span> 
     </span>
    </p>
   </div>
   <div class='ocr_carea' id='block_1_19' title="bbox 566 1855 2220 1936">
    <p class='ocr_par' dir='ltr' id='par_1_19' title="bbox 566 1855 2220 1936">
     <span class='ocr_line' id='line_1_19' title="bbox 566 1855 2220 1936; baseline -0.007 -10"><span class='ocrx_word' id='word_1_120' title='bbox 566 1890 686 1927; x_wconf 86' lang='lat' dir='ltr'><strong>rum</strong></span> <span class='ocrx_word' id='word_1_121' title='bbox 719 1887 936 1926; x_wconf 82' lang='lat' dir='ltr'><strong>suarum</strong></span> <span class='ocrx_word' id='word_1_122' title='bbox 963 1871 1191 1933; x_wconf 77' lang='lat' dir='ltr'><strong>initium,</strong></span> <span class='ocrx_word' id='word_1_123' title='bbox 1214 1878 1264 1922; x_wconf 86' lang='lat' dir='ltr'><strong>et</strong></span> <span class='ocrx_word' id='word_1_124' title='bbox 1293 1867 1361 1921; x_wconf 85' lang='lat' dir='ltr'><strong>ad</strong></span> <span class='ocrx_word' id='word_1_125' title='bbox 1389 1883 1546 1936; x_wconf 84' lang='lat' dir='ltr'><strong>opera</strong></span> <span class='ocrx_word' id='word_1_126' title='bbox 1589 1868 1750 1935; x_wconf 82' lang='lat' dir='ltr'><strong>sua’;</strong></span> <span class='ocrx_word' id='word_1_127' title='bbox 1785 1866 1887 1920; x_wconf 87' lang='lat' dir='ltr'><strong>hoc</strong></span> <span class='ocrx_word' id='word_1_128' title='bbox 1915 1874 1998 1920; x_wconf 85' lang='lat' dir='ltr'><strong>est</strong></span> <span class='ocrx_word' id='word_1_129' title='bbox 2025 1881 2144 1935; x_wconf 63' lang='lat' dir='ltr'><strong>quae</strong></span> <span class='ocrx_word' id='word_1_130' title='bbox 2177 1855 2220 1913; x_wconf 82' lang='grc' dir='ltr'><strong><em>Β</em></strong></span> 
     </span>
    </p>
   </div>
   <div class='ocr_carea' id='block_1_20' title="bbox 566 1955 2147 2029">
    <p class='ocr_par' dir='ltr' id='par_1_20' title="bbox 566 1955 2147 2029">
     <span class='ocr_line' id='line_1_20' title="bbox 566 1955 2147 2029; baseline -0.005 -9"><span class='ocrx_word' id='word_1_131' title='bbox 566 1965 633 2019; x_wconf 88' lang='lat' dir='ltr'><strong>ad</strong></span> <span class='ocrx_word' id='word_1_132' title='bbox 665 1963 945 2018; x_wconf 85' lang='lat' dir='ltr'><strong>hominum</strong></span> <span class='ocrx_word' id='word_1_133' title='bbox 986 1961 1217 2016; x_wconf 87' lang='lat' dir='ltr'><strong>salutem</strong></span> <span class='ocrx_word' id='word_1_134' title='bbox 1263 1959 1671 2029; x_wconf 71' lang='lat' dir='ltr'><strong>bonitatemque</strong></span> <span class='ocrx_word' id='word_1_135' title='bbox 1710 1959 2006 2028; x_wconf 84' lang='lat' dir='ltr'><strong>pertinent.</strong></span> <span class='ocrx_word' id='word_1_136' title='bbox 2042 1955 2147 2012; x_wconf 90' lang='lat' dir='ltr'><strong>De-</strong></span> 
     </span>
    </p>
   </div>
   <div class='ocr_carea' id='block_1_21' title="bbox 566 2049 2139 2124">
    <p class='ocr_par' dir='ltr' id='par_1_21' title="bbox 566 2049 2139 2124">
     <span class='ocr_line' id='line_1_21' title="bbox 566 2049 2139 2124; baseline -0.005 -13"><span class='ocrx_word' id='word_1_137' title='bbox 566 2055 694 2111; x_wconf 87' lang='lat' dir='ltr'><strong>inde</strong></span> <span class='ocrx_word' id='word_1_138' title='bbox 725 2069 855 2110; x_wconf 89' lang='lat' dir='ltr'><strong>vero</strong></span> <span class='ocrx_word' id='word_1_139' title='bbox 903 2053 956 2108; x_wconf 92' lang='lat' dir='ltr'><strong>in</strong></span> <span class='ocrx_word' id='word_1_140' title='bbox 1006 2066 1301 2124; x_wconf 80' lang='lat' dir='ltr'><strong>progressu</strong></span> <span class='ocrx_word' id='word_1_141' title='bbox 1350 2050 1470 2122; x_wconf 81' lang='lat' dir='ltr'><strong>ipso</strong></span> <span class='ocrx_word' id='word_1_142' title='bbox 1503 2065 1720 2116; x_wconf 89' lang='lat' dir='ltr'><strong>rerum,</strong></span> <span class='ocrx_word' id='word_1_143' title='bbox 1767 2049 2139 2118; x_wconf 75' lang='lat' dir='ltr'><strong>fundavitme,</strong></span> 
     </span>
    </p>
   </div>
   <div class='ocr_carea' id='block_1_22' title="bbox 565 2131 2142 2217">
    <p class='ocr_par' dir='ltr' id='par_1_22' title="bbox 565 2131 2142 2217">
     <span class='ocr_line' id='line_1_22' title="bbox 565 2131 2142 2217; baseline -0.003 -16"><span class='ocrx_word' id='word_1_144' title='bbox 565 2146 775 2217; x_wconf 87' lang='lat' dir='ltr'><strong>inquit,</strong></span> <span class='ocrx_word' id='word_1_145' title='bbox 822 2144 997 2199; x_wconf 79' lang='lat' dir='ltr'><strong>initio.</strong></span> <span class='ocrx_word' id='word_1_146' title='bbox 1057 2141 1377 2197; x_wconf 86' lang='lat' dir='ltr'><strong>Utrumnam</strong></span> <span class='ocrx_word' id='word_1_147' title='bbox 1421 2131 1589 2212; x_wconf 81' lang='lat' dir='ltr'><strong>igitur</strong></span> <span class='ocrx_word' id='word_1_148' title='bbox 1639 2138 1734 2196; x_wconf 88' lang='lat' dir='ltr'><strong>Dei</strong></span> <span class='ocrx_word' id='word_1_149' title='bbox 1769 2139 1964 2203; x_wconf 74' lang='lat' dir='ltr'><strong>Filius,</strong></span> <span class='ocrx_word' id='word_1_150' title='bbox 1995 2141 2142 2211; x_wconf 85' lang='lat' dir='ltr'><strong>quod</strong></span> 
     </span>
    </p>
   </div>
   <div class='ocr_carea' id='block_1_23' title="bbox 565 2228 2142 2301">
    <p class='ocr_par' dir='ltr' id='par_1_23' title="bbox 565 2228 2142 2301">
     <span class='ocr_line' id='line_1_23' title="bbox 565 2228 2142 2301; baseline -0.006 -9"><span class='ocrx_word' id='word_1_151' title='bbox 565 2237 635 2294; x_wconf 87' lang='lat' dir='ltr'><strong>ad</strong></span> <span class='ocrx_word' id='word_1_152' title='bbox 663 2235 1004 2293; x_wconf 81' lang='lat' dir='ltr'><strong>divinitatem</strong></span> <span class='ocrx_word' id='word_1_153' title='bbox 1035 2233 1254 2298; x_wconf 86' lang='lat' dir='ltr'><strong>attinet,</strong></span> <span class='ocrx_word' id='word_1_154' title='bbox 1287 2238 1478 2301; x_wconf 90' lang='lat' dir='ltr'><strong>postea</strong></span> <span class='ocrx_word' id='word_1_155' title='bbox 1507 2229 1768 2285; x_wconf 81' lang='lat' dir='ltr'><strong>fundatus</strong></span> <span class='ocrx_word' id='word_1_156' title='bbox 1797 2229 1921 2286; x_wconf 81' lang='lat' dir='ltr'><strong>est?</strong></span> <span class='ocrx_word' id='word_1_157' title='bbox 1951 2228 2142 2284; x_wconf 82' lang='lat' dir='ltr'><strong>Dicant</strong></span> 
     </span>
    </p>
   </div>
   <div class='ocr_carea' id='block_1_24' title="bbox 563 2319 2140 2391">
    <p class='ocr_par' dir='ltr' id='par_1_24' title="bbox 563 2319 2140 2391">
     <span class='ocr_line' id='line_1_24' title="bbox 563 2319 2140 2391; baseline -0.007 -5"><span class='ocrx_word' id='word_1_158' title='bbox 563 2330 671 2385; x_wconf 83' lang='lat' dir='ltr'><strong>hoc</strong></span> <span class='ocrx_word' id='word_1_159' title='bbox 696 2328 855 2384; x_wconf 88' lang='lat' dir='ltr'><strong>nobis</strong></span> <span class='ocrx_word' id='word_1_160' title='bbox 884 2325 1169 2381; x_wconf 86' lang='lat' dir='ltr'><strong>architecti</strong></span> <span class='ocrx_word' id='word_1_161' title='bbox 1194 2324 1285 2380; x_wconf 89' lang='lat' dir='ltr'><strong>istl</strong></span> <span class='ocrx_word' id='word_1_162' title='bbox 1311 2337 1378 2377; x_wconf 87' lang='lat' dir='ltr'><strong>ac</strong></span> <span class='ocrx_word' id='word_1_163' title='bbox 1408 2321 1713 2378; x_wconf 66' lang='lat' dir='ltr'><strong>caelestium</strong></span> <span class='ocrx_word' id='word_1_164' title='bbox 1742 2319 1925 2377; x_wconf 86' lang='lat' dir='ltr'><strong>rerum</strong></span> <span class='ocrx_word' id='word_1_165' title='bbox 1953 2321 2140 2391; x_wconf 85' lang='lat' dir='ltr'><strong>inspe-</strong></span> 
     </span>
    </p>
   </div>
   <div class='ocr_carea' id='block_1_25' title="bbox 564 2414 2142 2490">
    <p class='ocr_par' dir='ltr' id='par_1_25' title="bbox 564 2414 2142 2490">
     <span class='ocr_line' id='line_1_25' title="bbox 564 2414 2142 2490; baseline -0.004 -14"><span class='ocrx_word' id='word_1_166' title='bbox 564 2431 767 2484; x_wconf 89' lang='lat' dir='ltr'><strong>ctores,</strong></span> <span class='ocrx_word' id='word_1_167' title='bbox 803 2433 1039 2490; x_wconf 86' lang='lat' dir='ltr'><strong>quanam</strong></span> <span class='ocrx_word' id='word_1_168' title='bbox 1070 2427 1185 2472; x_wconf 84' lang='lat' dir='ltr'><strong>arte</strong></span> <span class='ocrx_word' id='word_1_169' title='bbox 1205 2414 1424 2470; x_wconf 89' lang='lat' dir='ltr'><strong>condita</strong></span> <span class='ocrx_word' id='word_1_170' title='bbox 1453 2415 1546 2481; x_wconf 89' lang='lat' dir='ltr'><strong>sit,</strong></span> <span class='ocrx_word' id='word_1_171' title='bbox 1567 2429 1750 2485; x_wconf 84' lang='lat' dir='ltr'><strong>quove</strong></span> <span class='ocrx_word' id='word_1_172' title='bbox 1775 2415 2142 2470; x_wconf 86' lang='lat' dir='ltr'><strong>instrumento</strong></span> 
     </span>
    </p>
   </div>
   <div class='ocr_carea' id='block_1_26' title="bbox 565 2503 2140 2582">
    <p class='ocr_par' dir='ltr' id='par_1_26' title="bbox 565 2503 2140 2582">
     <span class='ocr_line' id='line_1_26' title="bbox 565 2503 2140 2582; baseline -0.003 -15"><span class='ocrx_word' id='word_1_173' title='bbox 565 2511 793 2567; x_wconf 76' lang='lat' dir='ltr'><strong>fundata</strong></span> <span class='ocrx_word' id='word_1_174' title='bbox 825 2508 992 2582; x_wconf 69' lang='grc'><strong>748</strong></span> <span class='ocrx_word' id='word_1_175' title='bbox 1019 2505 1323 2576; x_wconf 81' lang='lat' dir='ltr'><strong>Sapientia.</strong></span> <span class='ocrx_word' id='word_1_176' title='bbox 1351 2503 1718 2572; x_wconf 86' lang='lat' dir='ltr'><strong>Quamobrem</strong></span> <span class='ocrx_word' id='word_1_177' title='bbox 1752 2503 1797 2559; x_wconf 90' lang='lat' dir='ltr'><strong>si</strong></span> <span class='ocrx_word' id='word_1_178' title='bbox 1821 2504 1952 2574; x_wconf 85' lang='lat' dir='ltr'><strong>quid</strong></span> <span class='ocrx_word' id='word_1_179' title='bbox 1983 2506 2140 2562; x_wconf 85' lang='lat' dir='ltr'><strong>nobis</strong></span> 
     </span>
    </p>
   </div>
   <div class='ocr_carea' id='block_1_27' title="bbox 565 2595 2141 2670">
    <p class='ocr_par' dir='ltr' id='par_1_27' title="bbox 565 2595 2141 2670">
     <span class='ocr_line' id='line_1_27' title="bbox 565 2595 2141 2670; baseline -0.004 -11"><span class='ocrx_word' id='word_1_180' title='bbox 565 2604 634 2659; x_wconf 90' lang='lat' dir='ltr'><strong>de</strong></span> <span class='ocrx_word' id='word_1_181' title='bbox 661 2618 726 2657; x_wconf 81' lang='lat' dir='ltr'><strong>ea</strong></span> <span class='ocrx_word' id='word_1_182' title='bbox 754 2617 814 2658; x_wconf 88' lang='lat' dir='ltr'><strong>re</strong></span> <span class='ocrx_word' id='word_1_183' title='bbox 842 2601 1084 2670; x_wconf 78' lang='lat' dir='ltr'><strong>cogitare</strong></span> <span class='ocrx_word' id='word_1_184' title='bbox 1112 2600 1259 2663; x_wconf 88' lang='lat' dir='ltr'><strong>licet,</strong></span> <span class='ocrx_word' id='word_1_185' title='bbox 1287 2606 1398 2651; x_wconf 87' lang='lat' dir='ltr'><strong>tam</strong></span> <span class='ocrx_word' id='word_1_186' title='bbox 1429 2596 1538 2650; x_wconf 86' lang='lat' dir='ltr'><strong>alta</strong></span> <span class='ocrx_word' id='word_1_187' title='bbox 1560 2595 1913 2666; x_wconf 64' lang='lat' dir='ltr'><strong>blasphemiae</strong></span> <span class='ocrx_word' id='word_1_188' title='bbox 1940 2611 2141 2670; x_wconf 72' lang='lat' dir='ltr'><strong>vorago</strong></span> 
     </span>
    </p>
   </div>
   <div class='ocr_carea' id='block_1_28' title="bbox 567 2685 2143 2764">
    <p class='ocr_par' dir='ltr' id='par_1_28' title="bbox 567 2685 2143 2764">
     <span class='ocr_line' id='line_1_28' title="bbox 567 2685 2143 2764; baseline -0.003 -17"><span class='ocrx_word' id='word_1_189' title='bbox 567 2691 842 2764; x_wconf 79' lang='lat' dir='ltr'><strong>fugienda,</strong></span> <span class='ocrx_word' id='word_1_190' title='bbox 871 2705 973 2745; x_wconf 87' lang='lat' dir='ltr'><strong>nec</strong></span> <span class='ocrx_word' id='word_1_191' title='bbox 996 2688 1257 2744; x_wconf 81' lang='lat' dir='ltr'><strong>tentanda</strong></span> <span class='ocrx_word' id='word_1_192' title='bbox 1281 2686 1546 2756; x_wconf 74' lang='lat' dir='ltr'><strong>unigeniti</strong></span> <span class='ocrx_word' id='word_1_193' title='bbox 1576 2685 1698 2740; x_wconf 85' lang='lat' dir='ltr'><strong>Filii</strong></span> <span class='ocrx_word' id='word_1_194' title='bbox 1722 2685 2001 2753; x_wconf 88' lang='lat' dir='ltr'><strong>divinitas,</strong></span> <span class='ocrx_word' id='word_1_195' title='bbox 2021 2703 2143 2758; x_wconf 77' lang='lat' dir='ltr'><strong>qua:</strong></span> 
     </span>
    </p>
   </div>
   <div class='ocr_carea' id='block_1_29' title="bbox 565 2775 2141 2851">
    <p class='ocr_par' dir='ltr' id='par_1_29' title="bbox 565 2775 2141 2851">
     <span class='ocr_line' id='line_1_29' title="bbox 565 2775 2141 2851; baseline -0.004 -12"><span class='ocrx_word' id='word_1_196' title='bbox 565 2798 691 2840; x_wconf 88' lang='lat' dir='ltr'><strong>eum</strong></span> <span class='ocrx_word' id='word_1_197' title='bbox 720 2781 881 2837; x_wconf 88' lang='lat' dir='ltr'><strong>Patre</strong></span> <span class='ocrx_word' id='word_1_198' title='bbox 911 2795 1124 2851; x_wconf 88' lang='lat' dir='ltr'><strong>semper</strong></span> <span class='ocrx_word' id='word_1_199' title='bbox 1153 2787 1259 2842; x_wconf 87' lang='lat' dir='ltr'><strong>est,</strong></span> <span class='ocrx_word' id='word_1_200' title='bbox 1293 2777 1363 2833; x_wconf 89' lang='lat' dir='ltr'><strong>ab</strong></span> <span class='ocrx_word' id='word_1_201' title='bbox 1386 2791 1562 2848; x_wconf 81' lang='lat' dir='ltr'><strong>eoque</strong></span> <span class='ocrx_word' id='word_1_202' title='bbox 1587 2777 1877 2847; x_wconf 85' lang='lat' dir='ltr'><strong>processit.</strong></span> <span class='ocrx_word' id='word_1_203' title='bbox 1905 2775 2141 2833; x_wconf 85' lang='lat' dir='ltr'><strong>Verbum</strong></span> 
     </span>
    </p>
   </div>
   <div class='ocr_carea' id='block_1_30' title="bbox 564 2867 2138 2940">
    <p class='ocr_par' dir='ltr' id='par_1_30' title="bbox 564 2867 2138 2940">
     <span class='ocr_line' id='line_1_30' title="bbox 564 2867 2138 2940; baseline -0.006 -9"><span class='ocrx_word' id='word_1_204' title='bbox 564 2875 711 2932; x_wconf 90' lang='lat' dir='ltr'><strong>enim</strong></span> <span class='ocrx_word' id='word_1_205' title='bbox 747 2888 871 2928; x_wconf 91' lang='lat' dir='ltr'><strong>cum</strong></span> <span class='ocrx_word' id='word_1_206' title='bbox 901 2871 1061 2926; x_wconf 83' lang='lat' dir='ltr'><strong>Patre</strong></span> <span class='ocrx_word' id='word_1_207' title='bbox 1091 2884 1306 2940; x_wconf 85' lang='lat' dir='ltr'><strong>semper</strong></span> <span class='ocrx_word' id='word_1_208' title='bbox 1343 2867 1575 2933; x_wconf 79' lang='lat' dir='ltr'><strong>exstitit,</strong></span> <span class='ocrx_word' id='word_1_209' title='bbox 1609 2882 1826 2939; x_wconf 87' lang='lat' dir='ltr'><strong>semper</strong></span> <span class='ocrx_word' id='word_1_210' title='bbox 1853 2868 2138 2939; x_wconf 85' lang='lat' dir='ltr'><strong>sapientia,</strong></span> 
     </span>
    </p>
   </div>
   <div class='ocr_carea' id='block_1_31' title="bbox 2254 589 3756 670">
    <p class='ocr_par' dir='ltr' id='par_1_31' title="bbox 2254 589 3756 670">
     <span class='ocr_line' id='line_1_31' title="bbox 2254 589 3756 670; baseline 0.007 -30"><span class='ocrx_word' id='word_1_211' title='bbox 2254 590 2349 641; x_wconf 81' lang='grc' dir='ltr'>καὶ</span> <span class='ocrx_word' id='word_1_212' title='bbox 2396 590 2578 660; x_wconf 74' lang='grc' dir='ltr'>φωνῆς</span> <span class='ocrx_word' id='word_1_213' title='bbox 2615 589 2822 660; x_wconf 83' lang='grc' dir='ltr'>βοώσης</span> <span class='ocrx_word' id='word_1_214' title='bbox 2852 591 2909 642; x_wconf 79' lang='grc' dir='ltr'><strong>ὲν</strong></span> <span class='ocrx_word' id='word_1_215' title='bbox 2945 593 3012 660; x_wconf 76' lang='grc' dir='ltr'>τῇ</span> <span class='ocrx_word' id='word_1_216' title='bbox 3055 593 3267 663; x_wconf 72' lang='grc' dir='ltr'>ἐρήμῳ,</span> <span class='ocrx_word' id='word_1_217' title='bbox 3313 594 3433 664; x_wconf 74' lang='grc' dir='ltr'>περὶ</span> <span class='ocrx_word' id='word_1_218' title='bbox 3473 595 3554 648; x_wconf 82' lang='grc' dir='ltr'><strong>τοῦ</strong></span> <span class='ocrx_word' id='word_1_219' title='bbox 3597 597 3756 670; x_wconf 72' lang='grc' dir='ltr'>Κυρίου</span> 
     </span>
    </p>
   </div>
   <div class='ocr_carea' id='block_1_32' title="bbox 2252 679 3752 758">
    <p class='ocr_par' dir='ltr' id='par_1_32' title="bbox 2252 679 3752 758">
     <span class='ocr_line' id='line_1_32' title="bbox 2252 679 3752 758; baseline 0.007 -27"><span class='ocrx_word' id='word_1_220' title='bbox 2252 680 2348 732; x_wconf 87' lang='grc' dir='ltr'>τοῦ</span> <span class='ocrx_word' id='word_1_221' title='bbox 2401 679 2488 732; x_wconf 74' lang='grc' dir='ltr'>διὰ</span> <span class='ocrx_word' id='word_1_222' title='bbox 2539 680 2836 752; x_wconf 82' lang='grc' dir='ltr'><strong>προφητῶν</strong></span> <span class='ocrx_word' id='word_1_223' title='bbox 2891 683 3425 753; x_wconf 71' lang='grc' dir='ltr'>προπεφητευμένου,</span> <span class='ocrx_word' id='word_1_224' title='bbox 3471 687 3552 739; x_wconf 78' lang='grc' dir='ltr'>καὶ</span> <span class='ocrx_word' id='word_1_225' title='bbox 3593 689 3752 758; x_wconf 84' lang='grc' dir='ltr'>νόμου·</span> 
     </span>
    </p>
   </div>
   <div class='ocr_carea' id='block_1_33' title="bbox 2253 771 3756 848">
    <p class='ocr_par' dir='ltr' id='par_1_33' title="bbox 2253 771 3756 848">
     <span class='ocr_line' id='line_1_33' title="bbox 2253 771 3756 848; baseline 0.004 -24"><span class='ocrx_word' id='word_1_226' title='bbox 2253 771 2371 835; x_wconf 79' lang='grc' dir='ltr'>πῶς</span> <span class='ocrx_word' id='word_1_227' title='bbox 2407 788 2473 824; x_wconf 90' lang='grc' dir='ltr'>τε</span> <span class='ocrx_word' id='word_1_228' title='bbox 2507 774 2536 825; x_wconf 83' lang='grc' dir='ltr'>ὁ</span> <span class='ocrx_word' id='word_1_229' title='bbox 2565 773 2781 834; x_wconf 78' lang='grc' dir='ltr'><strong>Λουκᾶς</strong></span> <span class='ocrx_word' id='word_1_230' title='bbox 2810 771 2921 824; x_wconf 78' lang='grc' dir='ltr'><strong>ἀπὸ</strong></span> <span class='ocrx_word' id='word_1_231' title='bbox 2948 771 3056 824; x_wconf 85' lang='grc' dir='ltr'><strong>τῶν</strong></span> <span class='ocrx_word' id='word_1_232' title='bbox 3081 773 3230 826; x_wconf 83' lang='grc' dir='ltr'>κάτω</span> <span class='ocrx_word' id='word_1_233' title='bbox 3260 775 3350 826; x_wconf 78' lang='grc' dir='ltr'><strong>ἐπὶ</strong></span> <span class='ocrx_word' id='word_1_234' title='bbox 3374 775 3437 828; x_wconf 82' lang='grc' dir='ltr'>τὰ</span> <span class='ocrx_word' id='word_1_235' title='bbox 3461 776 3560 830; x_wconf 78' lang='grc' dir='ltr'><strong>ἄνω</strong></span> <span class='ocrx_word' id='word_1_236' title='bbox 3582 779 3756 848; x_wconf 80' lang='grc' dir='ltr'><strong>ἀνῆγεν,</strong></span> 
     </span>
    </p>
   </div>
   <div class='ocr_carea' id='block_1_34' title="bbox 2251 861 3758 939">
    <p class='ocr_par' dir='ltr' id='par_1_34' title="bbox 2251 861 3758 939">
     <span class='ocr_line' id='line_1_34' title="bbox 2251 861 3758 939; baseline 0.005 -24"><span class='ocrx_word' id='word_1_237' title='bbox 2251 863 2541 934; x_wconf 74' lang='grc' dir='ltr'><strong>ἐσύστερον</strong></span> <span class='ocrx_word' id='word_1_238' title='bbox 2573 861 2762 914; x_wconf 70' lang='grc' dir='ltr'>ἐλθών.</span> <span class='ocrx_word' id='word_1_239' title='bbox 2797 863 3067 933; x_wconf 78' lang='grc' dir='ltr'><strong>Τέταρτος</strong></span> <span class='ocrx_word' id='word_1_240' title='bbox 3095 865 3124 916; x_wconf 81' lang='grc' dir='ltr'><strong>ὀ</strong></span> <span class='ocrx_word' id='word_1_241' title='bbox 3164 864 3407 936; x_wconf 78' lang='grc' dir='ltr'><strong>Ἰωάννης</strong></span> <span class='ocrx_word' id='word_1_242' title='bbox 3432 867 3519 937; x_wconf 78' lang='grc' dir='ltr'><strong>τὴν</strong></span> <span class='ocrx_word' id='word_1_243' title='bbox 3544 871 3758 939; x_wconf 80' lang='grc' dir='ltr'>κορωνίῶ</span> 
     </span>
    </p>
   </div>
   <div class='ocr_carea' id='block_1_35' title="bbox 2253 953 3760 1030">
    <p class='ocr_par' dir='ltr' id='par_1_35' title="bbox 2253 953 3760 1030">
     <span class='ocr_line' id='line_1_35' title="bbox 2253 953 3760 1030; baseline 0.002 -21"><span class='ocrx_word' id='word_1_244' title='bbox 2253 954 2346 1009; x_wconf 72' lang='grc' dir='ltr'>καὶ</span> <span class='ocrx_word' id='word_1_245' title='bbox 2380 954 2442 1007; x_wconf 77' lang='grc' dir='ltr'><strong>τὸ</strong></span> <span class='ocrx_word' id='word_1_246' title='bbox 2478 953 2781 1025; x_wconf 79' lang='grc' dir='ltr'>ἀκραιφνὲς</span> <span class='ocrx_word' id='word_1_247' title='bbox 2821 953 2921 1023; x_wconf 78' lang='grc' dir='ltr'><strong>τῆς</strong></span> <span class='ocrx_word' id='word_1_248' title='bbox 2964 955 3076 1008; x_wconf 75' lang='grc' dir='ltr'><strong>ἅνω</strong></span> <span class='ocrx_word' id='word_1_249' title='bbox 3126 955 3363 1021; x_wconf 76' lang='grc' dir='ltr'>τάξεως,</span> <span class='ocrx_word' id='word_1_250' title='bbox 3395 959 3484 1010; x_wconf 73' lang='grc' dir='ltr'>καὶ</span> <span class='ocrx_word' id='word_1_251' title='bbox 3528 959 3604 1012; x_wconf 69' lang='grc' dir='ltr'><strong>ἀεὶ</strong></span> <span class='ocrx_word' id='word_1_252' title='bbox 3631 959 3760 1030; x_wconf 68' lang='grc' dir='ltr'>οὖσης</span> 
     </span>
    </p>
   </div>
   <div class='ocr_carea' id='block_1_36' title="bbox 2251 1045 3761 1121">
    <p class='ocr_par' dir='ltr' id='par_1_36' title="bbox 2251 1045 3761 1121">
     <span class='ocr_line' id='line_1_36' title="bbox 2251 1045 3761 1121; baseline 0.002 -22"><span class='ocrx_word' id='word_1_253' title='bbox 2251 1046 2529 1117; x_wconf 83' lang='grc' dir='ltr'>θεότητος,</span> <span class='ocrx_word' id='word_1_254' title='bbox 2576 1045 2640 1099; x_wconf 79' lang='grc' dir='ltr'>τὸ</span> <span class='ocrx_word' id='word_1_255' title='bbox 2688 1045 2915 1116; x_wconf 79' lang='grc' dir='ltr'><strong>ὕστερον</strong></span> <span class='ocrx_word' id='word_1_256' title='bbox 2956 1046 3254 1118; x_wconf 67' lang='grc' dir='ltr'><strong>ἐδήλωσεν·</strong></span> <span class='ocrx_word' id='word_1_257' title='bbox 3284 1050 3358 1112; x_wconf 83' lang='grc' dir='ltr'>ὡς</span> <span class='ocrx_word' id='word_1_258' title='bbox 3389 1050 3478 1103; x_wconf 77' lang='grc' dir='ltr'>καὶ</span> <span class='ocrx_word' id='word_1_259' title='bbox 3513 1053 3538 1102; x_wconf 86' lang='grc' dir='ltr'>ὁ</span> <span class='ocrx_word' id='word_1_260' title='bbox 3562 1050 3761 1121; x_wconf 76' lang='grc' dir='ltr'>Σολομὼν</span> 
     </span>
    </p>
   </div>
   <div class='ocr_carea' id='block_1_37' title="bbox 2253 1137 3762 1213">
    <p class='ocr_par' dir='ltr' id='par_1_37' title="bbox 2253 1137 3762 1213">
     <span class='ocr_line' id='line_1_37' title="bbox 2253 1137 3762 1213; baseline 0.003 -21"><span class='ocrx_word' id='word_1_261' title='bbox 2253 1139 2639 1210; x_wconf 83' lang='grc' dir='ltr'>παροιμιωδῶς</span> <span class='ocrx_word' id='word_1_262' title='bbox 2681 1137 2853 1207; x_wconf 88' lang='grc' dir='ltr'>λέγων</span> <span class='ocrx_word' id='word_1_263' title='bbox 2895 1139 2993 1211; x_wconf 83' lang='grc' dir='ltr'><strong>τὴν</strong></span> <span class='ocrx_word' id='word_1_264' title='bbox 3020 1141 3194 1213; x_wconf 76' lang='grc' dir='ltr'><strong>ἀρχὴν</strong></span> <span class='ocrx_word' id='word_1_265' title='bbox 3234 1142 3344 1196; x_wconf 79' lang='grc' dir='ltr'><strong>τῶν</strong></span> <span class='ocrx_word' id='word_1_266' title='bbox 3381 1143 3527 1208; x_wconf 79' lang='grc' dir='ltr'>ὁδῶν,</span> <span class='ocrx_word' id='word_1_267' title='bbox 3552 1144 3663 1212; x_wconf 60' lang='grc' dir='ltr'>εῖγεκ</span> <span class='ocrx_word' id='word_1_268' title='bbox 3683 1145 3762 1197; x_wconf 69' lang='grc' dir='ltr'>κᾶν</span> 
     </span>
    </p>
   </div>
   <div class='ocr_carea' id='block_1_38' title="bbox 2249 1229 3762 1305">
    <p class='ocr_par' dir='ltr' id='par_1_38' title="bbox 2249 1229 3762 1305">
     <span class='ocr_line' id='line_1_38' title="bbox 2249 1229 3762 1305; baseline 0.003 -24"><span class='ocrx_word' id='word_1_269' title='bbox 2249 1229 2485 1293; x_wconf 77' lang='grc' dir='ltr'><strong>εὐσεϐῶς</strong></span> <span class='ocrx_word' id='word_1_270' title='bbox 2528 1229 2812 1301; x_wconf 73' lang='grc' dir='ltr'>θελήσαιέν</span> <span class='ocrx_word' id='word_1_271' title='bbox 2854 1247 3000 1294; x_wconf 86' lang='grc' dir='ltr'>τινες</span> <span class='ocrx_word' id='word_1_272' title='bbox 3035 1232 3214 1301; x_wconf 84' lang='grc' dir='ltr'>λέγειν</span> <span class='ocrx_word' id='word_1_273' title='bbox 3256 1233 3508 1303; x_wconf 76' lang='grc' dir='ltr'><strong>περὶτῆς</strong></span> <span class='ocrx_word' id='word_1_274' title='bbox 3545 1235 3762 1305; x_wconf 72' lang='grc' dir='ltr'>ὶνσάρκου</span> 
     </span>
    </p>
   </div>
   <div class='ocr_carea' id='block_1_39' title="bbox 2247 1320 3766 1393">
    <p class='ocr_par' dir='ltr' id='par_1_39' title="bbox 2247 1320 3766 1393">
     <span class='ocr_line' id='line_1_39' title="bbox 2247 1320 3766 1393; baseline 0.002 -22"><span class='ocrx_word' id='word_1_275' title='bbox 2247 1320 2580 1390; x_wconf 69' lang='grc' dir='ltr'><strong>οἰκονομίας,</strong></span> <span class='ocrx_word' id='word_1_276' title='bbox 2609 1320 2686 1384; x_wconf 81' lang='grc' dir='ltr'><strong>ὼς</strong></span> <span class='ocrx_word' id='word_1_277' title='bbox 2721 1320 2893 1387; x_wconf 82' lang='grc' dir='ltr'>αὐτῆς</span> <span class='ocrx_word' id='word_1_278' title='bbox 2936 1321 3248 1393; x_wconf 72' lang='grc' dir='ltr'>φασκούσης</span> <span class='ocrx_word' id='word_1_279' title='bbox 3277 1324 3405 1393; x_wconf 80' lang='grc' dir='ltr'>περὶ</span> <span class='ocrx_word' id='word_1_280' title='bbox 3446 1323 3537 1392; x_wconf 81' lang='grc' dir='ltr'><strong>τῆς</strong></span> <span class='ocrx_word' id='word_1_281' title='bbox 3562 1323 3641 1375; x_wconf 83' lang='grc' dir='ltr'><strong>τοῦ</strong></span> <span class='ocrx_word' id='word_1_282' title='bbox 3665 1325 3766 1393; x_wconf 78' lang='grc' dir='ltr'>Χρι-</span> 
     </span>
    </p>
   </div>
   <div class='ocr_carea' id='block_1_40' title="bbox 2250 1410 3763 1485">
    <p class='ocr_par' dir='ltr' id='par_1_40' title="bbox 2250 1410 3763 1485">
     <span class='ocr_line' id='line_1_40' title="bbox 2250 1410 3763 1485; baseline 0.002 -21"><span class='ocrx_word' id='word_1_283' title='bbox 2250 1410 2376 1464; x_wconf 81' lang='grc' dir='ltr'>στοῦ</span> <span class='ocrx_word' id='word_1_284' title='bbox 2425 1411 2694 1481; x_wconf 83' lang='grc' dir='ltr'>θεότητος,</span> <span class='ocrx_word' id='word_1_285' title='bbox 2722 1413 2802 1466; x_wconf 87' lang='grc' dir='ltr'>ὅτι</span> <span class='ocrx_word' id='word_1_286' title='bbox 2837 1412 2987 1484; x_wconf 72' lang='grc' dir='ltr'><strong>Αὐτὴ</strong></span> <span class='ocrx_word' id='word_1_287' title='bbox 3018 1414 3050 1483; x_wconf 82' lang='grc' dir='ltr'>ὴ</span> <span class='ocrx_word' id='word_1_288' title='bbox 3085 1412 3276 1485; x_wconf 86' lang='grc' dir='ltr'>θεότης</span> <span class='ocrx_word' id='word_1_289' title='bbox 3301 1414 3476 1468; x_wconf 67' lang='grc' dir='ltr'>ἔκτισε</span> <span class='ocrx_word' id='word_1_290' title='bbox 3504 1416 3590 1467; x_wconf 83' lang='grc' dir='ltr'>τὸν</span> <span class='ocrx_word' id='word_1_291' title='bbox 3625 1411 3763 1467; x_wconf 73' lang='grc' dir='ltr'>οἷκον·</span> 
     </span>
    </p>
   </div>
   <div class='ocr_carea' id='block_1_41' title="bbox 2247 1501 3767 1575">
    <p class='ocr_par' dir='ltr' id='par_1_41' title="bbox 2247 1501 3767 1575">
     <span class='ocr_line' id='line_1_41' title="bbox 2247 1501 3767 1575; baseline 0.001 -19"><span class='ocrx_word' id='word_1_292' title='bbox 2247 1503 2328 1556; x_wconf 83' lang='grc' dir='ltr'>ὃτι</span> <span class='ocrx_word' id='word_1_293' title='bbox 2351 1501 2489 1574; x_wconf 79' lang='grc' dir='ltr'>αὑτὴ</span> <span class='ocrx_word' id='word_1_294' title='bbox 2518 1504 2551 1574; x_wconf 83' lang='grc' dir='ltr'>ἡ</span> <span class='ocrx_word' id='word_1_295' title='bbox 2600 1502 2794 1572; x_wconf 77' lang='grc' dir='ltr'>θεότης</span> <span class='ocrx_word' id='word_1_296' title='bbox 2817 1503 2916 1572; x_wconf 83' lang='grc' dir='ltr'>τὴν</span> <span class='ocrx_word' id='word_1_297' title='bbox 2953 1505 3132 1574; x_wconf 86' lang='grc' dir='ltr'>σάρκα</span> <span class='ocrx_word' id='word_1_298' title='bbox 3172 1505 3266 1557; x_wconf 78' lang='grc' dir='ltr'>καὶ</span> <span class='ocrx_word' id='word_1_299' title='bbox 3293 1504 3390 1575; x_wconf 80' lang='grc' dir='ltr'>τὴν</span> <span class='ocrx_word' id='word_1_300' title='bbox 3417 1503 3767 1575; x_wconf 49' lang='grc' dir='ltr'>ένανθρὼτῃσιν</span> 
     </span>
    </p>
   </div>
   <div class='ocr_carea' id='block_1_42' title="bbox 2247 1591 3768 1665">
    <p class='ocr_par' dir='ltr' id='par_1_42' title="bbox 2247 1591 3768 1665">
     <span class='ocr_line' id='line_1_42' title="bbox 2247 1591 3768 1665; baseline 0.002 -20"><span class='ocrx_word' id='word_1_301' title='bbox 2247 1593 2538 1665; x_wconf 78' lang='grc' dir='ltr'><strong>εἰργάσατο</strong></span> <span class='ocrx_word' id='word_1_302' title='bbox 2581 1593 2779 1661; x_wconf 79' lang='grc' dir='ltr'><strong>ἀρχὴν</strong></span> <span class='ocrx_word' id='word_1_303' title='bbox 2808 1591 2965 1646; x_wconf 76' lang='grc' dir='ltr'><strong>ὁδῶν</strong></span> <span class='ocrx_word' id='word_1_304' title='bbox 2995 1593 3180 1648; x_wconf 82' lang='grc' dir='ltr'>αὑτοῦ</span> <span class='ocrx_word' id='word_1_305' title='bbox 3207 1597 3295 1660; x_wconf 78' lang='grc' dir='ltr'><strong>είς</strong></span> <span class='ocrx_word' id='word_1_306' title='bbox 3315 1597 3459 1665; x_wconf 71' lang='grc' dir='ltr'>ἔργα</span> <span class='ocrx_word' id='word_1_307' title='bbox 3491 1593 3672 1660; x_wconf 82' lang='grc' dir='ltr'>αὐτοῦ,</span> <span class='ocrx_word' id='word_1_308' title='bbox 3693 1594 3768 1663; x_wconf 77' lang='grc' dir='ltr'><strong>τῆς</strong></span> 
     </span>
    </p>
   </div>
   <div class='ocr_carea' id='block_1_43' title="bbox 2245 1685 3767 1760">
    <p class='ocr_par' dir='ltr' id='par_1_43' title="bbox 2245 1685 3767 1760">
     <span class='ocr_line' id='line_1_43' title="bbox 2245 1685 3767 1760; baseline -0.002 -20"><span class='ocrx_word' id='word_1_309' title='bbox 2245 1687 2354 1740; x_wconf 80' lang='grc' dir='ltr'>τῶν</span> <span class='ocrx_word' id='word_1_310' title='bbox 2375 1687 2676 1759; x_wconf 61' lang='grc' dir='ltr'>ἀνθρώπων</span> <span class='ocrx_word' id='word_1_311' title='bbox 2701 1686 2973 1759; x_wconf 77' lang='grc' dir='ltr'><strong>σωτηρίας</strong></span> <span class='ocrx_word' id='word_1_312' title='bbox 2995 1687 3089 1742; x_wconf 81' lang='grc' dir='ltr'>καὶ</span> <span class='ocrx_word' id='word_1_313' title='bbox 3114 1688 3464 1760; x_wconf 76' lang='grc' dir='ltr'>ἀγαθότητος.</span> <span class='ocrx_word' id='word_1_314' title='bbox 3488 1685 3610 1743; x_wconf 76' lang='grc' dir='ltr'>Εἶτα</span> <span class='ocrx_word' id='word_1_315' title='bbox 3643 1687 3767 1747; x_wconf 74' lang='grc' dir='ltr'><strong>εὐθὺς</strong></span> 
     </span>
    </p>
   </div>
   <div class='ocr_carea' id='block_1_44' title="bbox 2249 1777 3770 1851">
    <p class='ocr_par' dir='ltr' id='par_1_44' title="bbox 2249 1777 3770 1851">
     <span class='ocr_line' id='line_1_44' title="bbox 2249 1777 3770 1851; baseline -0.003 -18"><span class='ocrx_word' id='word_1_316' title='bbox 2249 1780 2572 1850; x_wconf 82' lang='grc' dir='ltr'>μετέπειτα,</span> <span class='ocrx_word' id='word_1_317' title='bbox 2614 1779 2692 1832; x_wconf 68' lang='grc' dir='ltr'>ἔτι</span> <span class='ocrx_word' id='word_1_318' title='bbox 2727 1779 3140 1851; x_wconf 79' lang='grc' dir='ltr'>προκοπτόντων</span> <span class='ocrx_word' id='word_1_319' title='bbox 3180 1779 3289 1832; x_wconf 85' lang='grc' dir='ltr'><strong>τῶν</strong></span> <span class='ocrx_word' id='word_1_320' title='bbox 3337 1779 3670 1850; x_wconf 78' lang='grc' dir='ltr'><strong>πραγμάτων,</strong></span> <span class='ocrx_word' id='word_1_321' title='bbox 3705 1777 3770 1829; x_wconf 78' lang='grc' dir='ltr'>λέ-</span> 
     </span>
    </p>
   </div>
   <div class='ocr_carea' id='block_1_45' title="bbox 2247 1867 3770 1942">
    <p class='ocr_par' dir='ltr' id='par_1_45' title="bbox 2247 1867 3770 1942">
     <span class='ocr_line' id='line_1_45' title="bbox 2247 1867 3770 1942; baseline 0.001 -18"><span class='ocrx_word' id='word_1_322' title='bbox 2247 1887 2364 1940; x_wconf 89' lang='grc' dir='ltr'>γει·</span> <span class='ocrx_word' id='word_1_323' title='bbox 2414 1871 2805 1940; x_wconf 75' lang='grc' dir='ltr'>Ἐθεμελίωσέ</span> <span class='ocrx_word' id='word_1_324' title='bbox 2833 1887 2912 1940; x_wconf 81' lang='grc' dir='ltr'><strong>με</strong></span> <span class='ocrx_word' id='word_1_325' title='bbox 2951 1871 3020 1924; x_wconf 73' lang='grc' dir='ltr'><strong>ἐν</strong></span> <span class='ocrx_word' id='word_1_326' title='bbox 3059 1869 3238 1939; x_wconf 76' lang='grc' dir='ltr'><strong>ἀρχῇ.</strong></span> <span class='ocrx_word' id='word_1_327' title='bbox 3264 1867 3412 1942; x_wconf 66' lang='grc' dir='ltr'><strong>’Λρα</strong></span> <span class='ocrx_word' id='word_1_328' title='bbox 3463 1870 3584 1938; x_wconf 85' lang='grc' dir='ltr'>γοῦν</span> <span class='ocrx_word' id='word_1_329' title='bbox 3621 1869 3647 1920; x_wconf 81' lang='grc' dir='ltr'>ὁ</span> <span class='ocrx_word' id='word_1_330' title='bbox 3672 1868 3770 1926; x_wconf 55' lang='lat' dir='ltr'><strong>Yth;</strong></span> 
     </span>
    </p>
   </div>
   <div class='ocr_carea' id='block_1_46' title="bbox 2245 1959 3771 2034">
    <p class='ocr_par' dir='ltr' id='par_1_46' title="bbox 2245 1959 3771 2034">
     <span class='ocr_line' id='line_1_46' title="bbox 2245 1959 3771 2034; baseline -0.005 -18"><span class='ocrx_word' id='word_1_331' title='bbox 2245 1963 2337 2016; x_wconf 90' lang='grc' dir='ltr'><strong>τοῦ</strong></span> <span class='ocrx_word' id='word_1_332' title='bbox 2371 1962 2509 2016; x_wconf 88' lang='grc' dir='ltr'>Θεοῦ</span> <span class='ocrx_word' id='word_1_333' title='bbox 2540 1962 2683 2016; x_wconf 79' lang='grc' dir='ltr'>κατὰ</span> <span class='ocrx_word' id='word_1_334' title='bbox 2721 1961 2820 2034; x_wconf 79' lang='grc' dir='ltr'>τὴν</span> <span class='ocrx_word' id='word_1_335' title='bbox 2849 1961 3078 2031; x_wconf 76' lang='grc' dir='ltr'>θεότητα</span> <span class='ocrx_word' id='word_1_336' title='bbox 3106 1961 3348 2025; x_wconf 80' lang='grc' dir='ltr'>κτισθεὶς</span> <span class='ocrx_word' id='word_1_337' title='bbox 3378 1961 3592 2032; x_wconf 72' lang='grc' dir='ltr'>ὕστερον</span> <span class='ocrx_word' id='word_1_338' title='bbox 3614 1959 3771 2026; x_wconf 65' lang='grc' dir='ltr'>ἐθεμε-</span> 
     </span>
    </p>
   </div>
   <div class='ocr_carea' id='block_1_47' title="bbox 2245 2047 3772 2123">
    <p class='ocr_par' dir='ltr' id='par_1_47' title="bbox 2245 2047 3772 2123">
     <span class='ocr_line' id='line_1_47' title="bbox 2245 2047 3772 2123; baseline -0.003 -18"><span class='ocrx_word' id='word_1_339' title='bbox 2245 2051 2448 2123; x_wconf 82' lang='grc' dir='ltr'>λιὼθη;</span> <span class='ocrx_word' id='word_1_340' title='bbox 2479 2051 2801 2120; x_wconf 76' lang='grc' dir='ltr'>Λεγέτωσαν</span> <span class='ocrx_word' id='word_1_341' title='bbox 2836 2054 2968 2122; x_wconf 77' lang='grc' dir='ltr'>ἡμῖν</span> <span class='ocrx_word' id='word_1_342' title='bbox 3010 2053 3062 2106; x_wconf 87' lang='grc' dir='ltr'>οί</span> <span class='ocrx_word' id='word_1_343' title='bbox 3107 2053 3422 2123; x_wconf 78' lang='grc' dir='ltr'>μηχανικοὶ,</span> <span class='ocrx_word' id='word_1_344' title='bbox 3464 2054 3511 2105; x_wconf 82' lang='grc' dir='ltr'><strong>οἱ</strong></span> <span class='ocrx_word' id='word_1_345' title='bbox 3548 2050 3648 2104; x_wconf 85' lang='grc' dir='ltr'>τῶν</span> <span class='ocrx_word' id='word_1_346' title='bbox 3685 2047 3772 2102; x_wconf 75' lang='grc' dir='ltr'><strong>ἄνω</strong></span> 
     </span>
    </p>
   </div>
   <div class='ocr_carea' id='block_1_48' title="bbox 2245 2136 3775 2212">
    <p class='ocr_par' dir='ltr' id='par_1_48' title="bbox 2245 2136 3775 2212">
     <span class='ocr_line' id='line_1_48' title="bbox 2245 2136 3775 2212; baseline 0.001 -20"><span class='ocrx_word' id='word_1_347' title='bbox 2245 2141 2638 2204; x_wconf 76' lang='grc' dir='ltr'>κατοπτευταὶ,</span> <span class='ocrx_word' id='word_1_348' title='bbox 2684 2140 2816 2210; x_wconf 78' lang='grc' dir='ltr'>ποίᾳ</span> <span class='ocrx_word' id='word_1_349' title='bbox 2867 2141 3036 2212; x_wconf 77' lang='grc' dir='ltr'>τέχνῃ</span> <span class='ocrx_word' id='word_1_350' title='bbox 3090 2141 3310 2212; x_wconf 64' lang='grc' dir='ltr'>ἐκτίσθη</span> <span class='ocrx_word' id='word_1_351' title='bbox 3355 2145 3394 2212; x_wconf 71' lang='grc' dir='ltr'>ἢ</span> <span class='ocrx_word' id='word_1_352' title='bbox 3446 2140 3623 2208; x_wconf 80' lang='grc' dir='ltr'>σοφία,</span> <span class='ocrx_word' id='word_1_353' title='bbox 3669 2136 3775 2204; x_wconf 71' lang='grc' dir='ltr'>ποίῳ</span> 
     </span>
    </p>
   </div>
   <div class='ocr_carea' id='block_1_49' title="bbox 2243 2226 3775 2302">
    <p class='ocr_par' dir='ltr' id='par_1_49' title="bbox 2243 2226 3775 2302">
     <span class='ocr_line' id='line_1_49' title="bbox 2243 2226 3775 2302; baseline -0.003 -19"><span class='ocrx_word' id='word_1_354' title='bbox 2243 2231 2512 2302; x_wconf 78' lang='grc' dir='ltr'><strong>ἐργαλείῳ</strong></span> <span class='ocrx_word' id='word_1_355' title='bbox 2577 2230 2934 2302; x_wconf 66' lang='grc' dir='ltr'>ἔθεμελιώθη.</span> <span class='ocrx_word' id='word_1_356' title='bbox 2989 2232 3150 2286; x_wconf 79' lang='grc' dir='ltr'>Ἀλλὰ</span> <span class='ocrx_word' id='word_1_357' title='bbox 3201 2236 3251 2286; x_wconf 78' lang='grc' dir='ltr'><strong>εἰ</strong></span> <span class='ocrx_word' id='word_1_358' title='bbox 3301 2232 3442 2297; x_wconf 82' lang='grc' dir='ltr'>ὅλως</span> <span class='ocrx_word' id='word_1_359' title='bbox 3498 2226 3775 2285; x_wconf 72' lang='grc' dir='ltr'>διανοεῖσθαι</span> 
     </span>
    </p>
   </div>
   <div class='ocr_carea' id='block_1_50' title="bbox 2249 2320 3778 2394">
    <p class='ocr_par' dir='ltr' id='par_1_50' title="bbox 2249 2320 3778 2394">
     <span class='ocr_line' id='line_1_50' title="bbox 2249 2320 3778 2394; baseline -0.011 -9"><span class='ocrx_word' id='word_1_360' title='bbox 2249 2322 2378 2394; x_wconf 74' lang='grc' dir='ltr'><strong>χρὴ.</strong></span> <span class='ocrx_word' id='word_1_361' title='bbox 2407 2321 2598 2392; x_wconf 77' lang='grc' dir='ltr'>φεύγει</span> <span class='ocrx_word' id='word_1_362' title='bbox 2624 2322 2647 2354; x_wconf 69' lang='grc' dir='ltr'><strong>θ</strong></span> <span class='ocrx_word' id='word_1_363' title='bbox 2675 2321 2775 2392; x_wconf 71' lang='grc' dir='ltr'><strong>μὲν</strong></span> <span class='ocrx_word' id='word_1_364' title='bbox 2811 2321 2922 2375; x_wconf 79' lang='grc' dir='ltr'><strong>ἀπὸ</strong></span> <span class='ocrx_word' id='word_1_365' title='bbox 2948 2322 3208 2377; x_wconf 79' lang='grc' dir='ltr'>τοσούτου</span> <span class='ocrx_word' id='word_1_366' title='bbox 3235 2323 3402 2392; x_wconf 81' lang='grc' dir='ltr'>βυθοῦ</span> <span class='ocrx_word' id='word_1_367' title='bbox 3440 2322 3539 2393; x_wconf 84' lang='grc' dir='ltr'><strong>τῆς</strong></span> <span class='ocrx_word' id='word_1_368' title='bbox 3583 2320 3778 2391; x_wconf 74' lang='grc' dir='ltr'>βλασφη-</span> 
     </span>
    </p>
   </div>
   <div class='ocr_carea' id='block_1_51' title="bbox 2247 2404 3777 2486">
    <p class='ocr_par' dir='ltr' id='par_1_51' title="bbox 2247 2404 3777 2486">
     <span class='ocr_line' id='line_1_51' title="bbox 2247 2404 3777 2486; baseline 0.001 -20"><span class='ocrx_word' id='word_1_369' title='bbox 2247 2415 2396 2486; x_wconf 80' lang='grc' dir='ltr'>μίας,</span> <span class='ocrx_word' id='word_1_370' title='bbox 2427 2414 2523 2466; x_wconf 80' lang='grc' dir='ltr'>καὶ</span> <span class='ocrx_word' id='word_1_371' title='bbox 2549 2412 2623 2482; x_wconf 86' lang='grc' dir='ltr'>μὴ</span> <span class='ocrx_word' id='word_1_372' title='bbox 2649 2411 2987 2483; x_wconf 74' lang='grc' dir='ltr'>προσψαὺειν</span> <span class='ocrx_word' id='word_1_373' title='bbox 3006 2415 3074 2483; x_wconf 72' lang='grc' dir='ltr'><strong>τῇ</strong></span> <span class='ocrx_word' id='word_1_374' title='bbox 3099 2413 3313 2484; x_wconf 75' lang='grc' dir='ltr'>θεότητι</span> <span class='ocrx_word' id='word_1_375' title='bbox 3337 2412 3435 2467; x_wconf 83' lang='grc' dir='ltr'>τοῦ</span> <span class='ocrx_word' id='word_1_376' title='bbox 3467 2404 3777 2477; x_wconf 71' lang='grc' dir='ltr'>Μονογινοῦςι</span> 
     </span>
    </p>
   </div>
   <div class='ocr_carea' id='block_1_52' title="bbox 2245 2492 3782 2576">
    <p class='ocr_par' dir='ltr' id='par_1_52' title="bbox 2245 2492 3782 2576">
     <span class='ocr_line' id='line_1_52' title="bbox 2245 2492 3782 2576; baseline 0 -19"><span class='ocrx_word' id='word_1_377' title='bbox 2245 2506 2311 2576; x_wconf 75' lang='grc' dir='ltr'>τῇ</span> <span class='ocrx_word' id='word_1_378' title='bbox 2351 2504 2439 2557; x_wconf 77' lang='grc' dir='ltr'><strong>ἀεὶ</strong></span> <span class='ocrx_word' id='word_1_379' title='bbox 2481 2503 2578 2556; x_wconf 80' lang='grc' dir='ltr'>σὺν</span> <span class='ocrx_word' id='word_1_380' title='bbox 2623 2503 2800 2572; x_wconf 80' lang='grc' dir='ltr'>Πατρὶ</span> <span class='ocrx_word' id='word_1_381' title='bbox 2845 2502 3167 2575; x_wconf 72' lang='grc' dir='ltr'><strong>ὑπαρχούσῃ</strong></span> <span class='ocrx_word' id='word_1_382' title='bbox 3208 2503 3304 2557; x_wconf 76' lang='grc' dir='ltr'>καὶ</span> <span class='ocrx_word' id='word_1_383' title='bbox 3350 2497 3702 2572; x_wconf 70' lang='grc' dir='ltr'>γεγεννημένη</span> <span class='ocrx_word' id='word_1_384' title='bbox 3737 2492 3782 2557; x_wconf 63' lang='grc' dir='ltr'>δε</span> 
     </span>
    </p>
   </div>
   <div class='ocr_carea' id='block_1_53' title="bbox 2245 2584 3778 2664">
    <p class='ocr_par' dir='ltr' id='par_1_53' title="bbox 2245 2584 3778 2664">
     <span class='ocr_line' id='line_1_53' title="bbox 2245 2584 3778 2664; baseline -0.002 -15"><span class='ocrx_word' id='word_1_385' title='bbox 2245 2594 2436 2649; x_wconf 80' lang='grc' dir='ltr'>αὑτοῦ.</span> <span class='ocrx_word' id='word_1_386' title='bbox 2471 2594 2582 2647; x_wconf 78' lang='lat' dir='ltr'><strong>&#39;Ael.</strong></span> <span class='ocrx_word' id='word_1_387' title='bbox 2609 2593 2718 2664; x_wconf 81' lang='grc' dir='ltr'>γὰρ</span> <span class='ocrx_word' id='word_1_388' title='bbox 2745 2588 2814 2662; x_wconf 80' lang='grc' dir='ltr'><strong>ἦν</strong></span> <span class='ocrx_word' id='word_1_389' title='bbox 2836 2593 2868 2646; x_wconf 80' lang='grc' dir='ltr'><strong>ὁ</strong></span> <span class='ocrx_word' id='word_1_390' title='bbox 2894 2593 3068 2662; x_wconf 76' lang='grc' dir='ltr'><strong>Λόγος</strong></span> <span class='ocrx_word' id='word_1_391' title='bbox 3102 2593 3200 2647; x_wconf 81' lang='grc' dir='ltr'><strong>σὺν</strong></span> <span class='ocrx_word' id='word_1_392' title='bbox 3233 2594 3434 2664; x_wconf 67' lang='lat' dir='ltr'><strong>[Ia-cpt,</strong></span> <span class='ocrx_word' id='word_1_393' title='bbox 3461 2592 3547 2646; x_wconf 81' lang='grc' dir='ltr'><strong>ἀεὶ</strong></span> <span class='ocrx_word' id='word_1_394' title='bbox 3568 2592 3602 2659; x_wconf 76' lang='grc' dir='ltr'><strong>ἡ</strong></span> <span class='ocrx_word' id='word_1_395' title='bbox 3633 2584 3778 2654; x_wconf 74' lang='grc' dir='ltr'>σοφία»</span> 
     </span>
    </p>
   </div>
   <div class='ocr_carea' id='block_1_54' title="bbox 2246 2674 3782 2755">
    <p class='ocr_par' dir='ltr' id='par_1_54' title="bbox 2246 2674 3782 2755">
     <span class='ocr_line' id='line_1_54' title="bbox 2246 2674 3782 2755; baseline -0.008 -16"><span class='ocrx_word' id='word_1_396' title='bbox 2246 2686 2333 2739; x_wconf 74' lang='grc' dir='ltr'><strong>ἀεὶ</strong></span> <span class='ocrx_word' id='word_1_397' title='bbox 2362 2685 2492 2749; x_wconf 83' lang='grc' dir='ltr'><strong>Θεὸς</strong></span> <span class='ocrx_word' id='word_1_398' title='bbox 2521 2687 2585 2738; x_wconf 79' lang='grc' dir='ltr'>ὲκ</span> <span class='ocrx_word' id='word_1_399' title='bbox 2617 2681 2754 2737; x_wconf 75' lang='grc' dir='ltr'>Θεοῦ</span> <span class='ocrx_word' id='word_1_400' title='bbox 2791 2681 3012 2753; x_wconf 79' lang='grc' dir='ltr'>Κύριος,</span> <span class='ocrx_word' id='word_1_401' title='bbox 3051 2683 3140 2737; x_wconf 74' lang='grc' dir='ltr'><strong>ἀεὶ</strong></span> <span class='ocrx_word' id='word_1_402' title='bbox 3180 2683 3295 2754; x_wconf 79' lang='grc' dir='ltr'><strong>φῶς</strong></span> <span class='ocrx_word' id='word_1_403' title='bbox 3327 2682 3599 2755; x_wconf 79' lang='grc' dir='ltr'>ἀληθινὸν,</span> <span class='ocrx_word' id='word_1_404' title='bbox 3630 2677 3712 2733; x_wconf 71' lang='grc' dir='ltr'>καὶ</span> <span class='ocrx_word' id='word_1_405' title='bbox 3734 2674 3782 2728; x_wconf 80' lang='grc' dir='ltr'><strong>οὐ</strong></span> 
     </span>
    </p>
   </div>
   <div class='ocr_carea' id='block_1_55' title="bbox 2247 2766 3781 2846">
    <p class='ocr_par' dir='ltr' id='par_1_55' title="bbox 2247 2766 3781 2846">
     <span class='ocr_line' id='line_1_55' title="bbox 2247 2766 3781 2846; baseline -0.008 -15"><span class='ocrx_word' id='word_1_406' title='bbox 2247 2777 2419 2837; x_wconf 84' lang='grc' dir='ltr'>νόθον,</span> <span class='ocrx_word' id='word_1_407' title='bbox 2452 2776 2540 2830; x_wconf 73' lang='grc' dir='ltr'><strong>ἀεὶ</strong></span> <span class='ocrx_word' id='word_1_408' title='bbox 2569 2775 2630 2827; x_wconf 84' lang='grc' dir='ltr'>τὸ</span> <span class='ocrx_word' id='word_1_409' title='bbox 2652 2773 2714 2828; x_wconf 71' lang='grc' dir='ltr'><strong>ὃν</strong></span> <span class='ocrx_word' id='word_1_410' title='bbox 2743 2773 2804 2838; x_wconf 70' lang='grc' dir='ltr'><strong>ἐξ</strong></span> <span class='ocrx_word' id='word_1_411' title='bbox 2831 2773 3000 2828; x_wconf 68' lang='grc' dir='ltr'>αὑτοῦ</span> <span class='ocrx_word' id='word_1_412' title='bbox 3026 2774 3187 2846; x_wconf 72' lang='grc' dir='ltr'>ἔχων,</span> <span class='ocrx_word' id='word_1_413' title='bbox 3217 2778 3314 2830; x_wconf 72' lang='grc' dir='ltr'>καὶ</span> <span class='ocrx_word' id='word_1_414' title='bbox 3343 2775 3571 2846; x_wconf 79' lang='grc' dir='ltr'>ἀλήθεια</span> <span class='ocrx_word' id='word_1_415' title='bbox 3596 2771 3682 2835; x_wconf 79' lang='grc' dir='ltr'><strong>ὢν,</strong></span> <span class='ocrx_word' id='word_1_416' title='bbox 3708 2766 3781 2822; x_wconf 71' lang='grc' dir='ltr'>καὶ</span> 
     </span>
    </p>
   </div>
   <div class='ocr_carea' id='block_1_56' title="bbox 2249 2868 2683 2940">
    <p class='ocr_par' dir='ltr' id='par_1_56' title="bbox 2249 2868 2683 2940">
     <span class='ocr_line' id='line_1_56' title="bbox 2249 2868 2683 2940; baseline -0.005 -19"><span class='ocrx_word' id='word_1_417' title='bbox 2249 2868 2364 2940; x_wconf 80' lang='grc' dir='ltr'><strong>ζωὴ</strong></span> <span class='ocrx_word' id='word_1_418' title='bbox 2400 2869 2683 2939; x_wconf 78' lang='grc' dir='ltr'><strong>ὑπάρχων.</strong></span> 
     </span>
    </p>
   </div>
   <div class='ocr_carea' id='block_1_57' title="bbox 568 2959 3783 3039">
    <p class='ocr_par' dir='ltr' id='par_1_57' title="bbox 568 2959 3783 3039">
     <span class='ocr_line' id='line_1_57' title="bbox 568 2959 3783 3039; baseline -0.005 -13"><span class='ocrx_word' id='word_1_419' title='bbox 568 2985 783 3039; x_wconf 83' lang='lat' dir='ltr'><strong>semper</strong></span> <span class='ocrx_word' id='word_1_420' title='bbox 829 2966 971 3022; x_wconf 83' lang='lat' dir='ltr'><strong>Deus</strong></span> <span class='ocrx_word' id='word_1_421' title='bbox 1009 2979 1074 3020; x_wconf 79' lang='lat' dir='ltr'><strong>ex</strong></span> <span class='ocrx_word' id='word_1_422' title='bbox 1116 2962 1226 3018; x_wconf 87' lang='lat' dir='ltr'><strong>Deo</strong></span> <span class='ocrx_word' id='word_1_423' title='bbox 1269 2961 1550 3026; x_wconf 88' lang='lat' dir='ltr'><strong>Dominus,</strong></span> <span class='ocrx_word' id='word_1_424' title='bbox 1601 2976 1816 3032; x_wconf 87' lang='lat' dir='ltr'><strong>semper</strong></span> <span class='ocrx_word' id='word_1_425' title='bbox 1851 2977 2001 3031; x_wconf 86' lang='lat' dir='ltr'><strong>vera,</strong></span> <span class='ocrx_word' id='word_1_426' title='bbox 2051 2979 2154 3020; x_wconf 88' lang='lat' dir='ltr'><strong>nec</strong></span> <span class='ocrx_word' id='word_1_427' title='bbox 2186 2962 2493 3020; x_wconf 85' lang='lat' dir='ltr'><strong>adulterina</strong></span> <span class='ocrx_word' id='word_1_428' title='bbox 2527 2962 2656 3030; x_wconf 80' lang='lat' dir='ltr'><strong>lux;</strong></span> <span class='ocrx_word' id='word_1_429' title='bbox 2701 2976 2917 3034; x_wconf 82' lang='lat' dir='ltr'><strong>semper</strong></span> <span class='ocrx_word' id='word_1_430' title='bbox 2948 2961 2998 3017; x_wconf 88' lang='lat' dir='ltr'><strong>is</strong></span> <span class='ocrx_word' id='word_1_431' title='bbox 3041 2959 3136 3032; x_wconf 87' lang='lat' dir='ltr'><strong>qui</strong></span> <span class='ocrx_word' id='word_1_432' title='bbox 3192 2960 3260 3016; x_wconf 83' lang='lat' dir='ltr'><strong>ab</strong></span> <span class='ocrx_word' id='word_1_433' title='bbox 3311 2962 3438 3033; x_wconf 86' lang='lat' dir='ltr'><strong>ipso</strong></span> <span class='ocrx_word' id='word_1_434' title='bbox 3472 2969 3705 3017; x_wconf 85' lang='lat' dir='ltr'><strong>naturam</strong></span> <span class='ocrx_word' id='word_1_435' title='bbox 3742 2962 3783 3010; x_wconf 77' lang='grc' dir='ltr'><strong>α</strong></span> 
     </span>
    </p>
   </div>
   <div class='ocr_carea' id='block_1_58' title="bbox 567 3048 1902 3127">
    <p class='ocr_par' dir='ltr' id='par_1_58' title="bbox 567 3048 1902 3127">
     <span class='ocr_line' id='line_1_58' title="bbox 567 3048 1902 3127; baseline -0.007 -7"><span class='ocrx_word' id='word_1_436' title='bbox 567 3059 862 3120; x_wconf 88' lang='lat' dir='ltr'><strong>essentiam</strong></span> <span class='ocrx_word' id='word_1_437' title='bbox 893 3058 1079 3121; x_wconf 87' lang='lat' dir='ltr'><strong>habet,</strong></span> <span class='ocrx_word' id='word_1_438' title='bbox 1101 3048 1312 3127; x_wconf 82' lang='lat' dir='ltr'><strong>quique</strong></span> <span class='ocrx_word' id='word_1_439' title='bbox 1338 3055 1538 3110; x_wconf 87' lang='lat' dir='ltr'><strong>veritas</strong></span> <span class='ocrx_word' id='word_1_440' title='bbox 1569 3063 1654 3109; x_wconf 85' lang='lat' dir='ltr'><strong>est</strong></span> <span class='ocrx_word' id='word_1_441' title='bbox 1682 3064 1736 3109; x_wconf 91' lang='lat' dir='ltr'><strong>et</strong></span> <span class='ocrx_word' id='word_1_442' title='bbox 1771 3055 1902 3110; x_wconf 87' lang='lat' dir='ltr'><strong>vita.</strong></span> 
     </span>
    </p>
   </div>
   <div class='ocr_carea' id='block_1_59' title="bbox 636 3139 2141 3222">
    <p class='ocr_par' dir='ltr' id='par_1_59' title="bbox 636 3148 2141 3222">
     <span class='ocr_line' id='line_1_59' title="bbox 636 3148 2141 3222; baseline -0.001 -12"><span class='ocrx_word' id='word_1_443' title='bbox 636 3152 828 3210; x_wconf 76' lang='lat' dir='ltr'><strong>XXIV.</strong></span> <span class='ocrx_word' id='word_1_444' title='bbox 869 3151 1012 3219; x_wconf 83' lang='lat' dir='ltr'><strong>Quid</strong></span> <span class='ocrx_word' id='word_1_445' title='bbox 1050 3158 1231 3205; x_wconf 83' lang='lat' dir='ltr'><strong>autem</strong></span> <span class='ocrx_word' id='word_1_446' title='bbox 1269 3148 1520 3219; x_wconf 90' lang='lat' dir='ltr'><strong>pluribus</strong></span> <span class='ocrx_word' id='word_1_447' title='bbox 1559 3165 1621 3204; x_wconf 88' lang='lat' dir='ltr'><strong>ea</strong></span> <span class='ocrx_word' id='word_1_448' title='bbox 1663 3148 1732 3204; x_wconf 92' lang='lat' dir='ltr'><strong>de</strong></span> <span class='ocrx_word' id='word_1_449' title='bbox 1773 3165 1832 3206; x_wconf 91' lang='lat' dir='ltr'><strong>re</strong></span> <span class='ocrx_word' id='word_1_450' title='bbox 1868 3151 2141 3222; x_wconf 85' lang='lat' dir='ltr'><strong>disputare</strong></span> 
     </span>
    </p>
   </div>
   <div class='ocr_carea' id='block_1_60' title="bbox 2241 3139 3788 3222">
    <p class='ocr_par' dir='ltr' id='par_1_60' title="bbox 2319 3139 3788 3214">
     <span class='ocr_line' id='line_1_60' title="bbox 2319 3139 3788 3214; baseline 0.001 -18"><span class='ocrx_word' id='word_1_451' title='bbox 2319 3144 2445 3196; x_wconf 81' lang='lat' dir='ltr'><strong>KA&#39;.</strong></span> <span class='ocrx_word' id='word_1_452' title='bbox 2485 3142 2596 3196; x_wconf 76' lang='grc' dir='ltr'><strong>Καὶ</strong></span> <span class='ocrx_word' id='word_1_453' title='bbox 2631 3142 2684 3196; x_wconf 90' lang='grc' dir='ltr'><strong>τί</strong></span> <span class='ocrx_word' id='word_1_454' title='bbox 2734 3159 2824 3213; x_wconf 86' lang='grc' dir='ltr'><strong>μοι</strong></span> <span class='ocrx_word' id='word_1_455' title='bbox 2864 3141 2935 3196; x_wconf 78' lang='grc' dir='ltr'><strong>τὰ</strong></span> <span class='ocrx_word' id='word_1_456' title='bbox 2979 3140 3148 3196; x_wconf 81' lang='grc' dir='ltr'>πολλὰ</span> <span class='ocrx_word' id='word_1_457' title='bbox 3187 3141 3372 3212; x_wconf 83' lang='grc' dir='ltr'>λέγειν</span> <span class='ocrx_word' id='word_1_458' title='bbox 3417 3143 3546 3214; x_wconf 75' lang='grc' dir='ltr'>περὶ</span> <span class='ocrx_word' id='word_1_459' title='bbox 3595 3139 3788 3197; x_wconf 70' lang='grc' dir='ltr'>τούτους</span> 
     </span>
    </p>
   </div>
   <div class='ocr_carea' id='block_1_61' title="bbox 567 3238 2143 3311">
    <p class='ocr_par' dir='ltr' id='par_1_61' title="bbox 567 3238 2143 3311">
     <span class='ocr_line' id='line_1_61' title="bbox 567 3238 2143 3311; baseline 0 -13"><span class='ocrx_word' id='word_1_460' title='bbox 567 3260 792 3301; x_wconf 87' lang='lat' dir='ltr'><strong>necesse</strong></span> <span class='ocrx_word' id='word_1_461' title='bbox 818 3242 942 3299; x_wconf 83' lang='lat' dir='ltr'><strong>est?</strong></span> <span class='ocrx_word' id='word_1_462' title='bbox 983 3240 1166 3311; x_wconf 79' lang='lat' dir='ltr'><strong>Pergit</strong></span> <span class='ocrx_word' id='word_1_463' title='bbox 1199 3238 1458 3294; x_wconf 89' lang='lat' dir='ltr'><strong>Salomon</strong></span> <span class='ocrx_word' id='word_1_464' title='bbox 1486 3258 1499 3294; x_wconf 90' lang='lat'>:</span> <span class='ocrx_word' id='word_1_465' title='bbox 1533 3239 1617 3305; x_wconf 82' lang='lat' dir='ltr'><strong>Et,</strong></span> <span class='ocrx_word' id='word_1_466' title='bbox 1649 3239 1892 3310; x_wconf 80' lang='lat' dir='ltr'><strong>fundavit</strong></span> <span class='ocrx_word' id='word_1_467' title='bbox 1927 3259 2026 3308; x_wconf 82' lang='lat' dir='ltr'><strong>me,</strong></span> <span class='ocrx_word' id='word_1_468' title='bbox 2059 3243 2143 3298; x_wconf 59' lang='lat' dir='ltr'><strong>in.</strong></span> 
     </span>
    </p>
   </div>
   <div class='ocr_carea' id='block_1_62' title="bbox 566 3329 2139 3406">
    <p class='ocr_par' dir='ltr' id='par_1_62' title="bbox 566 3329 2139 3406">
     <span class='ocr_line' id='line_1_62' title="bbox 566 3329 2139 3406; baseline -0.001 -16"><span class='ocrx_word' id='word_1_469' title='bbox 566 3336 704 3406; x_wconf 83' lang='lat' dir='ltr'><strong>quit,</strong></span> <span class='ocrx_word' id='word_1_470' title='bbox 733 3334 905 3388; x_wconf 78' lang='lat' dir='ltr'><strong>initio.</strong></span> <span class='ocrx_word' id='word_1_471' title='bbox 944 3330 1046 3387; x_wconf 88' lang='lat' dir='ltr'><strong>Ubi</strong></span> <span class='ocrx_word' id='word_1_472' title='bbox 1076 3331 1167 3401; x_wconf 90' lang='lat' dir='ltr'><strong>pie</strong></span> <span class='ocrx_word' id='word_1_473' title='bbox 1201 3329 1335 3385; x_wconf 90' lang='lat' dir='ltr'><strong>illud</strong></span> <span class='ocrx_word' id='word_1_474' title='bbox 1364 3329 1798 3385; x_wconf 89' lang='lat' dir='ltr'><strong>animadvertere</strong></span> <span class='ocrx_word' id='word_1_475' title='bbox 1825 3346 2139 3402; x_wconf 85' lang='lat' dir='ltr'><strong>possumus,</strong></span> 
     </span>
    </p>
   </div>
   <div class='ocr_carea' id='block_1_63' title="bbox 569 3421 2142 3482">
    <p class='ocr_par' dir='ltr' id='par_1_63' title="bbox 569 3421 2142 3482">
     <span class='ocr_line' id='line_1_63' title="bbox 569 3421 2142 3482; baseline -0.001 0"><span class='ocrx_word' id='word_1_476' title='bbox 569 3430 859 3482; x_wconf 89' lang='lat' dir='ltr'><strong>humanam</strong></span> <span class='ocrx_word' id='word_1_477' title='bbox 893 3424 978 3480; x_wconf 90' lang='lat' dir='ltr'><strong>his</strong></span> <span class='ocrx_word' id='word_1_478' title='bbox 1016 3423 1198 3478; x_wconf 83' lang='lat' dir='ltr'><strong>verbis</strong></span> <span class='ocrx_word' id='word_1_479' title='bbox 1233 3421 1472 3476; x_wconf 91' lang='lat' dir='ltr'><strong>animam</strong></span> <span class='ocrx_word' id='word_1_480' title='bbox 1513 3421 1803 3478; x_wconf 85' lang='lat' dir='ltr'><strong>declarari.</strong></span> <span class='ocrx_word' id='word_1_481' title='bbox 1858 3421 1994 3479; x_wconf 81' lang='lat' dir='ltr'><strong>Nam</strong></span> <span class='ocrx_word' id='word_1_482' title='bbox 2027 3425 2142 3481; x_wconf 66' lang='lat' dir='ltr'><strong>haec</strong></span> 
     </span>
    </p>
   </div>
   <div class='ocr_carea' id='block_1_64' title="bbox 565 3511 2144 3586">
    <p class='ocr_par' dir='ltr' id='par_1_64' title="bbox 565 3511 2144 3586">
     <span class='ocr_line' id='line_1_64' title="bbox 565 3511 2144 3586; baseline 0.001 -16"><span class='ocrx_word' id='word_1_483' title='bbox 565 3517 710 3586; x_wconf 86' lang='lat' dir='ltr'><strong>ipsa,</strong></span> <span class='ocrx_word' id='word_1_484' title='bbox 759 3514 1012 3568; x_wconf 76' lang='lat' dir='ltr'><strong>Dominus</strong></span> <span class='ocrx_word' id='word_1_485' title='bbox 1051 3512 1245 3566; x_wconf 78' lang='lat' dir='ltr'><strong>creavit</strong></span> <span class='ocrx_word' id='word_1_486' title='bbox 1291 3528 1395 3576; x_wconf 84' lang='lat' dir='ltr'><strong>me,</strong></span> <span class='ocrx_word' id='word_1_487' title='bbox 1434 3511 1481 3566; x_wconf 88' lang='lat' dir='ltr'><strong>si</strong></span> <span class='ocrx_word' id='word_1_488' title='bbox 1522 3512 1590 3567; x_wconf 89' lang='lat' dir='ltr'><strong>ad</strong></span> <span class='ocrx_word' id='word_1_489' title='bbox 1629 3528 1754 3568; x_wconf 91' lang='lat' dir='ltr'><strong>eum</strong></span> <span class='ocrx_word' id='word_1_490' title='bbox 1797 3529 2018 3570; x_wconf 88' lang='lat' dir='ltr'><strong>sensum</strong></span> <span class='ocrx_word' id='word_1_491' title='bbox 2056 3530 2144 3572; x_wconf 86' lang='lat' dir='ltr'><strong>re-</strong></span> 
     </span>
    </p>
   </div>
   <div class='ocr_carea' id='block_1_65' title="bbox 570 3602 2139 3675">
    <p class='ocr_par' dir='ltr' id='par_1_65' title="bbox 570 3602 2139 3675">
     <span class='ocr_line' id='line_1_65' title="bbox 570 3602 2139 3675; baseline 0.001 -17"><span class='ocrx_word' id='word_1_492' title='bbox 570 3607 710 3661; x_wconf 77' lang='lat' dir='ltr'><strong>ferre</strong></span> <span class='ocrx_word' id='word_1_493' title='bbox 735 3604 966 3675; x_wconf 86' lang='lat' dir='ltr'><strong>placeat,</strong></span> <span class='ocrx_word' id='word_1_494' title='bbox 997 3602 1064 3657; x_wconf 91' lang='lat' dir='ltr'><strong>ab</strong></span> <span class='ocrx_word' id='word_1_495' title='bbox 1087 3602 1430 3657; x_wconf 88' lang='lat' dir='ltr'><strong>humanitate</strong></span> <span class='ocrx_word' id='word_1_496' title='bbox 1453 3603 1707 3673; x_wconf 87' lang='lat' dir='ltr'><strong>usurpari</strong></span> <span class='ocrx_word' id='word_1_497' title='bbox 1732 3607 1970 3674; x_wconf 85' lang='lat' dir='ltr'><strong>putanda</strong></span> <span class='ocrx_word' id='word_1_498' title='bbox 1989 3612 2139 3661; x_wconf 90' lang='lat' dir='ltr'><strong>sunt.</strong></span> 
     </span>
    </p>
   </div>
   <div class='ocr_carea' id='block_1_66' title="bbox 567 3691 2139 3770">
    <p class='ocr_par' dir='ltr' id='par_1_66' title="bbox 567 3691 2139 3770">
     <span class='ocr_line' id='line_1_66' title="bbox 567 3691 2139 3770; baseline 0.002 -21"><span class='ocrx_word' id='word_1_499' title='bbox 567 3695 724 3762; x_wconf 84' lang='lat' dir='ltr'><strong>Quod</strong></span> <span class='ocrx_word' id='word_1_500' title='bbox 771 3703 950 3749; x_wconf 89' lang='lat' dir='ltr'><strong>autem</strong></span> <span class='ocrx_word' id='word_1_501' title='bbox 999 3691 1458 3770; x_wconf 11' lang='lat' dir='ltr'><strong>‘fundasse&#39;dieit,</strong></span> <span class='ocrx_word' id='word_1_502' title='bbox 1510 3693 1746 3748; x_wconf 85' lang='lat' dir='ltr'><strong>animam</strong></span> <span class='ocrx_word' id='word_1_503' title='bbox 1793 3697 2139 3766; x_wconf 89' lang='lat' dir='ltr'><strong>potissimum</strong></span> 
     </span>
    </p>
   </div>
   <div class='ocr_carea' id='block_1_67' title="bbox 569 3781 2138 3858">
    <p class='ocr_par' dir='ltr' id='par_1_67' title="bbox 569 3781 2138 3858">
     <span class='ocr_line' id='line_1_67' title="bbox 569 3781 2138 3858; baseline 0.002 -17"><span class='ocrx_word' id='word_1_504' title='bbox 569 3781 826 3856; x_wconf 67' lang='lat' dir='ltr'><strong>spectat;</strong></span> <span class='ocrx_word' id='word_1_505' title='bbox 849 3783 1009 3854; x_wconf 78' lang='lat' dir='ltr'><strong>cujus</strong></span> <span class='ocrx_word' id='word_1_506' title='bbox 1036 3783 1247 3838; x_wconf 89' lang='lat' dir='ltr'><strong>ratione</strong></span> <span class='ocrx_word' id='word_1_507' title='bbox 1280 3781 1539 3839; x_wconf 83' lang='lat' dir='ltr'><strong>fundatus</strong></span> <span class='ocrx_word' id='word_1_508' title='bbox 1571 3785 1794 3841; x_wconf 91' lang='lat' dir='ltr'><strong>dicitur.</strong></span> <span class='ocrx_word' id='word_1_509' title='bbox 1841 3785 1959 3842; x_wconf 78' lang='lat' dir='ltr'><strong>Jam</strong></span> <span class='ocrx_word' id='word_1_510' title='bbox 1992 3790 2138 3858; x_wconf 91' lang='lat' dir='ltr'><strong>quod</strong></span> 
     </span>
    </p>
   </div>
   <div class='ocr_carea' id='block_1_68' title="bbox 570 3873 2141 3946">
    <p class='ocr_par' dir='ltr' id='par_1_68' title="bbox 570 3873 2141 3946">
     <span class='ocr_line' id='line_1_68' title="bbox 570 3873 2141 3946; baseline 0.003 -16"><span class='ocrx_word' id='word_1_511' title='bbox 570 3875 814 3930; x_wconf 86' lang='lat' dir='ltr'><strong>additum</strong></span> <span class='ocrx_word' id='word_1_512' title='bbox 841 3882 961 3938; x_wconf 88' lang='lat' dir='ltr'><strong>est,</strong></span> <span class='ocrx_word' id='word_1_513' title='bbox 995 3875 1128 3928; x_wconf 84' lang='lat' dir='ltr'><strong>Ante</strong></span> <span class='ocrx_word' id='word_1_514' title='bbox 1159 3889 1335 3928; x_wconf 78' lang='lat' dir='ltr'><strong>omnes</strong></span> <span class='ocrx_word' id='word_1_515' title='bbox 1357 3873 1517 3928; x_wconf 79' lang='lat' dir='ltr'><strong>colles</strong></span> <span class='ocrx_word' id='word_1_516' title='bbox 1549 3877 1725 3946; x_wconf 82' lang='lat' dir='ltr'><strong>genuit</strong></span> <span class='ocrx_word' id='word_1_517' title='bbox 1761 3893 1860 3943; x_wconf 85' lang='lat' dir='ltr'><strong>me,</strong></span> <span class='ocrx_word' id='word_1_518' title='bbox 1890 3878 1970 3933; x_wconf 91' lang='lat' dir='ltr'><strong>sic</strong></span> <span class='ocrx_word' id='word_1_519' title='bbox 1995 3881 2141 3934; x_wconf 90' lang='lat' dir='ltr'><strong>acci-</strong></span> 
     </span>
    </p>
   </div>
   <div class='ocr_carea' id='block_1_69' title="bbox 568 3960 2139 4036">
    <p class='ocr_par' dir='ltr' id='par_1_69' title="bbox 568 3960 2139 4036">
     <span class='ocr_line' id='line_1_69' title="bbox 568 3960 2139 4036; baseline 0.002 -18"><span class='ocrx_word' id='word_1_520' title='bbox 568 3964 822 4036; x_wconf 78' lang='lat' dir='ltr'><strong>pientium</strong></span> <span class='ocrx_word' id='word_1_521' title='bbox 853 3972 955 4025; x_wconf 88' lang='lat' dir='ltr'><strong>est,</strong></span> <span class='ocrx_word' id='word_1_522' title='bbox 994 3972 1053 4016; x_wconf 87' lang='lat' dir='ltr'><strong>ut</strong></span> <span class='ocrx_word' id='word_1_523' title='bbox 1085 3961 1363 4016; x_wconf 65' lang='lat' dir='ltr'><strong>caelestem</strong></span> <span class='ocrx_word' id='word_1_524' title='bbox 1409 3960 1555 4015; x_wconf 90' lang='lat' dir='ltr'><strong>illam</strong></span> <span class='ocrx_word' id='word_1_525' title='bbox 1606 3965 2012 4033; x_wconf 75' lang='lat' dir='ltr'><strong>generationem</strong></span> <span class='ocrx_word' id='word_1_526' title='bbox 2039 3967 2139 4022; x_wconf 90' lang='lat' dir='ltr'><strong>de-</strong></span> 
     </span>
    </p>
   </div>
   <div class='ocr_carea' id='block_1_70' title="bbox 569 4053 2138 4126">
    <p class='ocr_par' dir='ltr' id='par_1_70' title="bbox 569 4053 2138 4126">
     <span class='ocr_line' id='line_1_70' title="bbox 569 4053 2138 4126; baseline 0 -13"><span class='ocrx_word' id='word_1_527' title='bbox 569 4065 860 4113; x_wconf 90' lang='lat' dir='ltr'><strong>monstret.</strong></span> <span class='ocrx_word' id='word_1_528' title='bbox 897 4057 1075 4126; x_wconf 87' lang='lat' dir='ltr'><strong>Atque</strong></span> <span class='ocrx_word' id='word_1_529' title='bbox 1111 4055 1226 4109; x_wconf 64' lang='lat' dir='ltr'><strong>haec</strong></span> <span class='ocrx_word' id='word_1_530' title='bbox 1259 4055 1330 4109; x_wconf 89' lang='lat' dir='ltr'><strong>ita</strong></span> <span class='ocrx_word' id='word_1_531' title='bbox 1360 4053 1618 4123; x_wconf 88' lang='lat' dir='ltr'><strong>dicimus,</strong></span> <span class='ocrx_word' id='word_1_532' title='bbox 1649 4071 1759 4111; x_wconf 91' lang='lat' dir='ltr'><strong>non</strong></span> <span class='ocrx_word' id='word_1_533' title='bbox 1789 4065 1848 4111; x_wconf 90' lang='lat' dir='ltr'><strong>ut</strong></span> <span class='ocrx_word' id='word_1_534' title='bbox 1877 4072 1942 4113; x_wconf 91' lang='lat' dir='ltr'><strong>eo</strong></span> <span class='ocrx_word' id='word_1_535' title='bbox 1975 4059 2138 4114; x_wconf 90' lang='lat' dir='ltr'><strong>modo</strong></span> 
     </span>
    </p>
   </div>
   <div class='ocr_carea' id='block_1_71' title="bbox 567 4145 2139 4218">
    <p class='ocr_par' dir='ltr' id='par_1_71' title="bbox 567 4145 2139 4218">
     <span class='ocr_line' id='line_1_71' title="bbox 567 4145 2139 4218; baseline -0.002 -12"><span class='ocrx_word' id='word_1_536' title='bbox 567 4165 627 4206; x_wconf 86' lang='lat' dir='ltr'><strong>se</strong></span> <span class='ocrx_word' id='word_1_537' title='bbox 660 4149 861 4204; x_wconf 89' lang='lat' dir='ltr'><strong>habere</strong></span> <span class='ocrx_word' id='word_1_538' title='bbox 889 4147 1106 4218; x_wconf 87' lang='lat' dir='ltr'><strong>penitus</strong></span> <span class='ocrx_word' id='word_1_539' title='bbox 1138 4145 1486 4210; x_wconf 84' lang='lat' dir='ltr'><strong>deliniamus,</strong></span> <span class='ocrx_word' id='word_1_540' title='bbox 1514 4147 1610 4202; x_wconf 85' lang='lat' dir='ltr'><strong>sed</strong></span> <span class='ocrx_word' id='word_1_541' title='bbox 1645 4154 1705 4201; x_wconf 91' lang='lat' dir='ltr'><strong>ut</strong></span> <span class='ocrx_word' id='word_1_542' title='bbox 1733 4148 1822 4218; x_wconf 88' lang='lat' dir='ltr'><strong>pie</strong></span> <span class='ocrx_word' id='word_1_543' title='bbox 1862 4148 2139 4203; x_wconf 90' lang='lat' dir='ltr'><strong>nihilomi-</strong></span> 
     </span>
    </p>
   </div>
   <div class='ocr_carea' id='block_1_72' title="bbox 565 4231 2139 4295">
    <p class='ocr_par' dir='ltr' id='par_1_72' title="bbox 565 4231 2139 4295">
     <span class='ocr_line' id='line_1_72' title="bbox 565 4231 2139 4295; baseline -0.001 0"><span class='ocrx_word' id='word_1_544' title='bbox 565 4255 670 4295; x_wconf 92' lang='lat' dir='ltr'><strong>nus</strong></span> <span class='ocrx_word' id='word_1_545' title='bbox 725 4237 794 4293; x_wconf 89' lang='lat' dir='ltr'><strong>de</strong></span> <span class='ocrx_word' id='word_1_546' title='bbox 821 4237 1023 4294; x_wconf 87' lang='lat' dir='ltr'><strong>Christi</strong></span> <span class='ocrx_word' id='word_1_547' title='bbox 1049 4235 1264 4291; x_wconf 91' lang='lat' dir='ltr'><strong>Domini</strong></span> <span class='ocrx_word' id='word_1_548' title='bbox 1314 4237 1485 4291; x_wconf 91' lang='lat' dir='ltr'><strong>nostri</strong></span> <span class='ocrx_word' id='word_1_549' title='bbox 1519 4231 1897 4294; x_wconf 87' lang='lat' dir='ltr'><strong>incarnatione</strong></span> <span class='ocrx_word' id='word_1_550' title='bbox 1937 4241 2139 4294; x_wconf 89' lang='lat' dir='ltr'><strong>sentia-</strong></span> 
     </span>
    </p>
   </div>
   <div class='ocr_carea' id='block_1_73' title="bbox 565 4325 2138 4407">
    <p class='ocr_par' dir='ltr' id='par_1_73' title="bbox 565 4325 2138 4407">
     <span class='ocr_line' id='line_1_73' title="bbox 565 4325 2138 4407; baseline 0.002 -23"><span class='ocrx_word' id='word_1_551' title='bbox 565 4345 722 4394; x_wconf 87' lang='lat' dir='ltr'><strong>mus,</strong></span> <span class='ocrx_word' id='word_1_552' title='bbox 773 4327 1041 4398; x_wconf 89' lang='lat' dir='ltr'><strong>siquidem</strong></span> <span class='ocrx_word' id='word_1_553' title='bbox 1095 4325 1377 4407; x_wconf 29' lang='lat' dir='ltr'><strong>ejusmodi.</strong></span> <span class='ocrx_word' id='word_1_554' title='bbox 1414 4341 1536 4383; x_wconf 88' lang='lat' dir='ltr'><strong>esse</strong></span> <span class='ocrx_word' id='word_1_555' title='bbox 1582 4327 1775 4384; x_wconf 90' lang='lat' dir='ltr'><strong>debeat</strong></span> <span class='ocrx_word' id='word_1_556' title='bbox 1817 4329 1922 4383; x_wconf 91' lang='lat' dir='ltr'><strong>loci</strong></span> <span class='ocrx_word' id='word_1_557' title='bbox 1975 4330 2138 4400; x_wconf 88' lang='lat' dir='ltr'><strong>hujus</strong></span> 
     </span>
    </p>
   </div>
   <div class='ocr_carea' id='block_1_74' title="bbox 563 4420 2136 4495">
    <p class='ocr_par' dir='ltr' id='par_1_74' title="bbox 563 4420 2136 4495">
     <span class='ocr_line' id='line_1_74' title="bbox 563 4420 2136 4495; baseline -0.001 -16"><span class='ocrx_word' id='word_1_558' title='bbox 563 4423 872 4495; x_wconf 53' lang='lat' dir='ltr'><strong>sententia.</strong></span> <span class='ocrx_word' id='word_1_559' title='bbox 913 4420 1235 4492; x_wconf 76' lang='lat' dir='ltr'><strong>Quanquam</strong></span> <span class='ocrx_word' id='word_1_560' title='bbox 1279 4434 1442 4475; x_wconf 90' lang='lat' dir='ltr'><strong>nemo</strong></span> <span class='ocrx_word' id='word_1_561' title='bbox 1472 4435 1669 4491; x_wconf 82' lang='lat' dir='ltr'><strong>cogere</strong></span> <span class='ocrx_word' id='word_1_562' title='bbox 1702 4437 1804 4477; x_wconf 91' lang='lat' dir='ltr'><strong>nos</strong></span> <span class='ocrx_word' id='word_1_563' title='bbox 1851 4432 2050 4492; x_wconf 87' lang='lat' dir='ltr'><strong>potest,</strong></span> <span class='ocrx_word' id='word_1_564' title='bbox 2079 4431 2136 4478; x_wconf 90' lang='lat' dir='ltr'><strong>ut</strong></span> 
     </span>
    </p>
   </div>
   <div class='ocr_carea' id='block_1_75' title="bbox 2244 3231 3788 3306">
    <p class='ocr_par' dir='ltr' id='par_1_75' title="bbox 2244 3231 3788 3306">
     <span class='ocr_line' id='line_1_75' title="bbox 2244 3231 3788 3306; baseline -0.005 -17"><span class='ocrx_word' id='word_1_565' title='bbox 2244 3231 2380 3289; x_wconf 76' lang='grc' dir='ltr'>Εἶτά</span> <span class='ocrx_word' id='word_1_566' title='bbox 2408 3249 2601 3306; x_wconf 81' lang='grc' dir='ltr'>φησιν’</span> <span class='ocrx_word' id='word_1_567' title='bbox 2645 3232 3034 3302; x_wconf 71' lang='grc' dir='ltr'>Ἐθεμελίωέ</span> <span class='ocrx_word' id='word_1_568' title='bbox 3065 3251 3142 3303; x_wconf 80' lang='grc' dir='ltr'><strong>με</strong></span> <span class='ocrx_word' id='word_1_569' title='bbox 3179 3234 3250 3288; x_wconf 78' lang='grc' dir='ltr'><strong>ἐν</strong></span> <span class='ocrx_word' id='word_1_570' title='bbox 3276 3233 3464 3305; x_wconf 76' lang='grc' dir='ltr'><strong>ἀρχῇ.</strong></span> <span class='ocrx_word' id='word_1_571' title='bbox 3511 3235 3644 3304; x_wconf 82' lang='grc' dir='ltr'>’Δρα</span> <span class='ocrx_word' id='word_1_572' title='bbox 3669 3231 3788 3284; x_wconf 71' lang='grc' dir='ltr'>ἐστιν</span> 
     </span>
    </p>
   </div>
   <div class='ocr_carea' id='block_1_76' title="bbox 2245 3323 3786 3399">
    <p class='ocr_par' dir='ltr' id='par_1_76' title="bbox 2245 3323 3786 3399">
     <span class='ocr_line' id='line_1_76' title="bbox 2245 3323 3786 3399; baseline -0.005 -19"><span class='ocrx_word' id='word_1_573' title='bbox 2245 3326 2374 3380; x_wconf 72' lang='grc' dir='ltr'>ἰδεῖν</span> <span class='ocrx_word' id='word_1_574' title='bbox 2424 3326 2680 3390; x_wconf 80' lang='grc' dir='ltr'>εὐσεϐὲς,</span> <span class='ocrx_word' id='word_1_575' title='bbox 2725 3327 2808 3380; x_wconf 83' lang='grc' dir='ltr'><strong>ὅτι</strong></span> <span class='ocrx_word' id='word_1_576' title='bbox 2839 3325 3157 3396; x_wconf 55' lang='grc' dir='ltr'>τὴνκψυχὴν</span> <span class='ocrx_word' id='word_1_577' title='bbox 3193 3327 3293 3397; x_wconf 82' lang='grc' dir='ltr'>τὴν</span> <span class='ocrx_word' id='word_1_578' title='bbox 3344 3325 3681 3399; x_wconf 83' lang='grc' dir='ltr'>ἀνθρωπείαν</span> <span class='ocrx_word' id='word_1_579' title='bbox 3717 3323 3786 3374; x_wconf 70' lang='lat' dir='ltr'><strong>sv-</strong></span> 
     </span>
    </p>
   </div>
   <div class='ocr_carea' id='block_1_77' title="bbox 2240 3412 3791 3490">
    <p class='ocr_par' dir='ltr' id='par_1_77' title="bbox 2240 3412 3791 3490">
     <span class='ocr_line' id='line_1_77' title="bbox 2240 3412 3791 3490; baseline -0.003 -17"><span class='ocrx_word' id='word_1_580' title='bbox 2240 3419 2412 3474; x_wconf 86' lang='grc' dir='ltr'>ταῦθα</span> <span class='ocrx_word' id='word_1_581' title='bbox 2447 3419 2720 3490; x_wconf 83' lang='grc' dir='ltr'>σημαίνει.</span> <span class='ocrx_word' id='word_1_582' title='bbox 2764 3418 2839 3472; x_wconf 79' lang='grc' dir='ltr'>Τὸ</span> <span class='ocrx_word' id='word_1_583' title='bbox 2873 3418 2971 3489; x_wconf 80' lang='grc' dir='ltr'><strong>μὲν</strong></span> <span class='ocrx_word' id='word_1_584' title='bbox 2997 3418 3126 3489; x_wconf 88' lang='grc' dir='ltr'>γὰρ,</span> <span class='ocrx_word' id='word_1_585' title='bbox 3164 3419 3373 3486; x_wconf 78' lang='grc' dir='ltr'><strong>Κύριος</strong></span> <span class='ocrx_word' id='word_1_586' title='bbox 3421 3417 3622 3472; x_wconf 75' lang='grc' dir='ltr'>ἐκτισέ</span> <span class='ocrx_word' id='word_1_587' title='bbox 3655 3429 3738 3485; x_wconf 83' lang='grc' dir='ltr'><strong>με,</strong></span> <span class='ocrx_word' id='word_1_588' title='bbox 3762 3412 3791 3468; x_wconf 71' lang='grc' dir='ltr'>ὴ</span> 
     </span>
    </p>
   </div>
   <div class='ocr_carea' id='block_1_78' title="bbox 2242 3503 3789 3582">
    <p class='ocr_par' dir='ltr' id='par_1_78' title="bbox 2242 3503 3789 3582">
     <span class='ocr_line' id='line_1_78' title="bbox 2242 3503 3789 3582; baseline -0.007 -18"><span class='ocrx_word' id='word_1_589' title='bbox 2242 3509 2652 3582; x_wconf 70' lang='grc' dir='ltr'>ένανθρώπησις</span> <span class='ocrx_word' id='word_1_590' title='bbox 2683 3509 2829 3578; x_wconf 84' lang='grc' dir='ltr'><strong>λέγει</strong></span> <span class='ocrx_word' id='word_1_591' title='bbox 2876 3512 2910 3582; x_wconf 78' lang='grc' dir='ltr'>ἡ</span> <span class='ocrx_word' id='word_1_592' title='bbox 2949 3509 3244 3580; x_wconf 73' lang='grc' dir='ltr'>ἔνσαρκος,</span> <span class='ocrx_word' id='word_1_593' title='bbox 3289 3509 3388 3562; x_wconf 81' lang='grc' dir='ltr'>ὲάν</span> <span class='ocrx_word' id='word_1_594' title='bbox 3433 3526 3500 3578; x_wconf 88' lang='grc' dir='ltr'>γε</span> <span class='ocrx_word' id='word_1_595' title='bbox 3549 3509 3638 3561; x_wconf 71' lang='grc' dir='ltr'>καὶ</span> <span class='ocrx_word' id='word_1_596' title='bbox 3675 3503 3789 3556; x_wconf 76' lang='grc' dir='ltr'>οὕτω</span> 
     </span>
    </p>
   </div>
   <div class='ocr_carea' id='block_1_79' title="bbox 2239 3595 3790 3672">
    <p class='ocr_par' dir='ltr' id='par_1_79' title="bbox 2239 3595 3790 3672">
     <span class='ocr_line' id='line_1_79' title="bbox 2239 3595 3790 3672; baseline -0.004 -17"><span class='ocrx_word' id='word_1_597' title='bbox 2239 3603 2444 3655; x_wconf 76' lang='grc' dir='ltr'>νοοῖτοο</span> <span class='ocrx_word' id='word_1_598' title='bbox 2479 3601 2540 3654; x_wconf 82' lang='grc' dir='ltr'><strong>τὸ</strong></span> <span class='ocrx_word' id='word_1_599' title='bbox 2565 3601 2642 3665; x_wconf 82' lang='grc' dir='ltr'><strong>δὲ,</strong></span> <span class='ocrx_word' id='word_1_600' title='bbox 2695 3600 3076 3672; x_wconf 82' lang='grc' dir='ltr'>ὲθεμελίωσεν,</span> <span class='ocrx_word' id='word_1_601' title='bbox 3113 3599 3188 3663; x_wconf 81' lang='grc' dir='ltr'><strong>ὡς</strong></span> <span class='ocrx_word' id='word_1_602' title='bbox 3221 3601 3280 3654; x_wconf 78' lang='grc' dir='ltr'>ὲν</span> <span class='ocrx_word' id='word_1_603' title='bbox 3313 3602 3382 3672; x_wconf 74' lang='grc' dir='ltr'>τῇ</span> <span class='ocrx_word' id='word_1_604' title='bbox 3434 3599 3582 3671; x_wconf 78' lang='grc' dir='ltr'>ψυχῇ</span> <span class='ocrx_word' id='word_1_605' title='bbox 3627 3595 3790 3664; x_wconf 65' lang='grc' dir='ltr'>ἐθεμε-</span> 
     </span>
    </p>
   </div>
   <div class='ocr_carea' id='block_1_80' title="bbox 2241 3686 3790 3764">
    <p class='ocr_par' dir='ltr' id='par_1_80' title="bbox 2241 3686 3790 3764">
     <span class='ocr_line' id='line_1_80' title="bbox 2241 3686 3790 3764; baseline 0 -18"><span class='ocrx_word' id='word_1_606' title='bbox 2241 3692 2409 3764; x_wconf 85' lang='grc' dir='ltr'>λιὼθη</span> <span class='ocrx_word' id='word_1_607' title='bbox 2433 3709 2446 3724; x_wconf 88' lang='grc'><strong>·</strong></span> <span class='ocrx_word' id='word_1_608' title='bbox 2484 3693 2545 3746; x_wconf 84' lang='grc' dir='ltr'>τὸ</span> <span class='ocrx_word' id='word_1_609' title='bbox 2572 3693 2650 3760; x_wconf 81' lang='grc' dir='ltr'>δὲ,</span> <span class='ocrx_word' id='word_1_610' title='bbox 2687 3692 2806 3760; x_wconf 83' lang='grc' dir='ltr'><strong>Πρὸ</strong></span> <span class='ocrx_word' id='word_1_611' title='bbox 2840 3691 3082 3746; x_wconf 77' lang='grc' dir='ltr'>πάντων</span> <span class='ocrx_word' id='word_1_612' title='bbox 3111 3690 3361 3754; x_wconf 63' lang='lat' dir='ltr'><strong>ﬂow-cin-</strong></span> <span class='ocrx_word' id='word_1_613' title='bbox 3393 3689 3582 3760; x_wconf 72' lang='grc' dir='ltr'><em>γεννᾷ</em></span> <span class='ocrx_word' id='word_1_614' title='bbox 3611 3705 3697 3758; x_wconf 83' lang='grc' dir='ltr'><strong>με,</strong></span> <span class='ocrx_word' id='word_1_615' title='bbox 3722 3686 3790 3737; x_wconf 68' lang='grc' dir='ltr'><strong>ἵνα</strong></span> 
     </span>
    </p>
   </div>
   <div class='ocr_carea' id='block_1_81' title="bbox 2235 3776 3793 3856">
    <p class='ocr_par' dir='ltr' id='par_1_81' title="bbox 2235 3776 3793 3856">
     <span class='ocr_line' id='line_1_81' title="bbox 2235 3776 3793 3856; baseline -0.004 -18"><span class='ocrx_word' id='word_1_616' title='bbox 2235 3785 2386 3856; x_wconf 82' lang='grc' dir='ltr'><strong>δείξῃ</strong></span> <span class='ocrx_word' id='word_1_617' title='bbox 2429 3785 2528 3856; x_wconf 76' lang='grc' dir='ltr'>τὴν</span> <span class='ocrx_word' id='word_1_618' title='bbox 2556 3785 2808 3854; x_wconf 75' lang='grc' dir='ltr'>γέννησιν</span> <span class='ocrx_word' id='word_1_619' title='bbox 2838 3783 3062 3838; x_wconf 79' lang='grc' dir='ltr'>ἄνωθεν.</span> <span class='ocrx_word' id='word_1_620' title='bbox 3094 3783 3204 3838; x_wconf 78' lang='grc' dir='ltr'><strong>Καὶ</strong></span> <span class='ocrx_word' id='word_1_621' title='bbox 3235 3783 3410 3838; x_wconf 85' lang='grc' dir='ltr'>ταῦτα</span> <span class='ocrx_word' id='word_1_622' title='bbox 3455 3783 3692 3851; x_wconf 75' lang='grc' dir='ltr'>εἴπομεν,</span> <span class='ocrx_word' id='word_1_623' title='bbox 3714 3776 3793 3842; x_wconf 66' lang='grc' dir='ltr'><strong>οὐχ</strong></span> 
     </span>
    </p>
   </div>
   <div class='ocr_carea' id='block_1_82' title="bbox 2238 3867 3792 3946">
    <p class='ocr_par' dir='ltr' id='par_1_82' title="bbox 2238 3867 3792 3946">
     <span class='ocr_line' id='line_1_82' title="bbox 2238 3867 3792 3946; baseline -0.004 -16"><span class='ocrx_word' id='word_1_624' title='bbox 2238 3876 2410 3941; x_wconf 81' lang='grc' dir='ltr'><strong>οὕτως</strong></span> <span class='ocrx_word' id='word_1_625' title='bbox 2461 3878 2678 3938; x_wconf 84' lang='grc' dir='ltr'>πάντως</span> <span class='ocrx_word' id='word_1_626' title='bbox 2721 3875 3058 3946; x_wconf 77' lang='grc' dir='ltr'><strong>ὁριζόμενοι,</strong></span> <span class='ocrx_word' id='word_1_627' title='bbox 3104 3873 3344 3936; x_wconf 80' lang='grc' dir='ltr'>εὐσεϐῶς</span> <span class='ocrx_word' id='word_1_628' title='bbox 3391 3874 3454 3927; x_wconf 83' lang='grc' dir='ltr'><strong>δὲ</strong></span> <span class='ocrx_word' id='word_1_629' title='bbox 3496 3871 3688 3943; x_wconf 77' lang='grc' dir='ltr'>μᾶλλον</span> <span class='ocrx_word' id='word_1_630' title='bbox 3730 3867 3792 3924; x_wconf 72' lang='grc' dir='ltr'><strong>εἰς</strong></span> 
     </span>
    </p>
   </div>
   <div class='ocr_carea' id='block_1_83' title="bbox 2236 3953 3793 4037">
    <p class='ocr_par' dir='ltr' id='par_1_83' title="bbox 2236 3953 3793 4037">
     <span class='ocr_line' id='line_1_83' title="bbox 2236 3953 3793 4037; baseline -0.006 -18"><span class='ocrx_word' id='word_1_631' title='bbox 2236 3966 2338 4037; x_wconf 79' lang='grc' dir='ltr'><strong>τὴν</strong></span> <span class='ocrx_word' id='word_1_632' title='bbox 2379 3966 2641 4036; x_wconf 80' lang='grc' dir='ltr'>ἒνσαρκον</span> <span class='ocrx_word' id='word_1_633' title='bbox 2689 3963 2989 4034; x_wconf 77' lang='grc' dir='ltr'>παρουσίαν</span> <span class='ocrx_word' id='word_1_634' title='bbox 3025 3961 3423 4032; x_wconf 75' lang='grc' dir='ltr'>διανοηθέντες.</span> <span class='ocrx_word' id='word_1_635' title='bbox 3466 3963 3532 4015; x_wconf 85' lang='grc' dir='ltr'>Εί</span> <span class='ocrx_word' id='word_1_636' title='bbox 3577 3959 3668 4014; x_wconf 69' lang='lat' dir='ltr'><strong>uel.</strong></span> <span class='ocrx_word' id='word_1_637' title='bbox 3707 3953 3793 4026; x_wconf 80' lang='grc' dir='ltr'><strong>χρὴ</strong></span> 
     </span>
    </p>
   </div>
   <div class='ocr_carea' id='block_1_84' title="bbox 2237 4051 3794 4128">
    <p class='ocr_par' dir='ltr' id='par_1_84' title="bbox 2237 4051 3794 4128">
     <span class='ocr_line' id='line_1_84' title="bbox 2237 4051 3794 4128; baseline -0.004 -17"><span class='ocrx_word' id='word_1_638' title='bbox 2237 4057 2380 4111; x_wconf 77' lang='grc' dir='ltr'><strong>οὕτω</strong></span> <span class='ocrx_word' id='word_1_639' title='bbox 2424 4057 2623 4126; x_wconf 84' lang='grc' dir='ltr'>λέγειν,</span> <span class='ocrx_word' id='word_1_640' title='bbox 2655 4057 2805 4128; x_wconf 84' lang='grc' dir='ltr'><strong>ὅμως</strong></span> <span class='ocrx_word' id='word_1_641' title='bbox 2838 4055 3015 4119; x_wconf 76' lang='grc' dir='ltr'><strong>οὐδεὶς</strong></span> <span class='ocrx_word' id='word_1_642' title='bbox 3049 4055 3198 4125; x_wconf 79' lang='grc' dir='ltr'>ἡμᾶς</span> <span class='ocrx_word' id='word_1_643' title='bbox 3228 4055 3567 4122; x_wconf 79' lang='grc' dir='ltr'><strong>ἀναγκάσειε</strong></span> <span class='ocrx_word' id='word_1_644' title='bbox 3606 4051 3794 4105; x_wconf 77' lang='grc' dir='ltr'>πάντως</span> 
     </span>
    </p>
   </div>
   <div class='ocr_carea' id='block_1_85' title="bbox 2238 4132 3796 4219">
    <p class='ocr_par' dir='ltr' id='par_1_85' title="bbox 2238 4132 3796 4219">
     <span class='ocr_line' id='line_1_85' title="bbox 2238 4132 3796 4219; baseline -0.008 -17"><span class='ocrx_word' id='word_1_645' title='bbox 2238 4149 2367 4219; x_wconf 75' lang='grc' dir='ltr'>περὶ</span> <span class='ocrx_word' id='word_1_646' title='bbox 2394 4146 2489 4201; x_wconf 90' lang='grc' dir='ltr'>τοῦ</span> <span class='ocrx_word' id='word_1_647' title='bbox 2531 4146 2768 4218; x_wconf 87' lang='grc' dir='ltr'>Χριστοῦ</span> <span class='ocrx_word' id='word_1_648' title='bbox 2815 4147 2994 4215; x_wconf 84' lang='grc' dir='ltr'>λέγειν</span> <span class='ocrx_word' id='word_1_649' title='bbox 3034 4145 3094 4199; x_wconf 80' lang='grc' dir='ltr'>τὸ</span> <span class='ocrx_word' id='word_1_650' title='bbox 3126 4147 3277 4217; x_wconf 73' lang='grc' dir='ltr'>ῥῆμα</span> <span class='ocrx_word' id='word_1_651' title='bbox 3305 4146 3487 4200; x_wconf 86' lang='grc' dir='ltr'>τοῦτο.</span> <span class='ocrx_word' id='word_1_652' title='bbox 3518 4146 3582 4198; x_wconf 76' lang='lat' dir='ltr'><strong>Et</strong></span> <span class='ocrx_word' id='word_1_653' title='bbox 3610 4142 3664 4196; x_wconf 79' lang='grc' dir='ltr'><strong>δὲ</strong></span> <span class='ocrx_word' id='word_1_654' title='bbox 3691 4132 3796 4207; x_wconf 75' lang='grc' dir='ltr'>περὶ</span> 
     </span>
    </p>
   </div>
   <div class='ocr_carea' id='block_1_86' title="bbox 2243 4233 3808 4311">
    <p class='ocr_par' dir='ltr' id='par_1_86' title="bbox 2243 4233 3808 4311">
     <span class='ocr_line' id='line_1_86' title="bbox 2243 4233 3808 4311; baseline -0.006 -18"><span class='ocrx_word' id='word_1_655' title='bbox 2243 4241 2340 4299; x_wconf 84' lang='grc' dir='ltr'>τοῦ</span> <span class='ocrx_word' id='word_1_656' title='bbox 2377 4238 2612 4311; x_wconf 84' lang='grc' dir='ltr'>Χριστοῦ</span> <span class='ocrx_word' id='word_1_657' title='bbox 2646 4237 2961 4310; x_wconf 75' lang='grc' dir='ltr'><strong>ῥηθήσεται,</strong></span> <span class='ocrx_word' id='word_1_658' title='bbox 2988 4237 3102 4308; x_wconf 80' lang='grc' dir='ltr'>ἔχει</span> <span class='ocrx_word' id='word_1_659' title='bbox 3131 4238 3226 4290; x_wconf 78' lang='grc' dir='ltr'>καὶ</span> <span class='ocrx_word' id='word_1_660' title='bbox 3252 4237 3351 4307; x_wconf 83' lang='grc' dir='ltr'>τὴν</span> <span class='ocrx_word' id='word_1_661' title='bbox 3379 4235 3550 4290; x_wconf 81' lang='grc' dir='ltr'>αὑτοῦ</span> <span class='ocrx_word' id='word_1_662' title='bbox 3578 4233 3808 4299; x_wconf 75' lang='grc' dir='ltr'>δύναμιν,</span> 
     </span>
    </p>
   </div>
   <div class='ocr_carea' id='block_1_87' title="bbox 2237 4320 3797 4402">
    <p class='ocr_par' dir='ltr' id='par_1_87' title="bbox 2237 4320 3797 4402">
     <span class='ocr_line' id='line_1_87' title="bbox 2237 4320 3797 4402; baseline -0.003 -17"><span class='ocrx_word' id='word_1_663' title='bbox 2237 4333 2300 4386; x_wconf 81' lang='grc' dir='ltr'><strong>οὐ</strong></span> <span class='ocrx_word' id='word_1_664' title='bbox 2336 4331 2478 4385; x_wconf 84' lang='grc' dir='ltr'>κατὰ</span> <span class='ocrx_word' id='word_1_665' title='bbox 2521 4331 2780 4402; x_wconf 83' lang='grc' dir='ltr'>μαντείαν</span> <span class='ocrx_word' id='word_1_666' title='bbox 2819 4330 3140 4400; x_wconf 80' lang='grc' dir='ltr'>λεγομένην,</span> <span class='ocrx_word' id='word_1_667' title='bbox 3171 4329 3306 4383; x_wconf 83' lang='grc' dir='ltr'>ἀλλὰ</span> <span class='ocrx_word' id='word_1_668' title='bbox 3343 4329 3490 4384; x_wconf 81' lang='grc' dir='ltr'>κατὰ</span> <span class='ocrx_word' id='word_1_669' title='bbox 3517 4327 3579 4382; x_wconf 80' lang='grc' dir='ltr'><strong>τὸ</strong></span> <span class='ocrx_word' id='word_1_670' title='bbox 3605 4320 3797 4380; x_wconf 78' lang='grc' dir='ltr'>εὐσεϐὲς</span> 
     </span>
    </p>
   </div>
   <div class='ocr_carea' id='block_1_88' title="bbox 2238 4416 3800 4494">
    <p class='ocr_par' dir='ltr' id='par_1_88' title="bbox 2238 4416 3800 4494">
     <span class='ocr_line' id='line_1_88' title="bbox 2238 4416 3800 4494; baseline -0.008 -17"><span class='ocrx_word' id='word_1_671' title='bbox 2238 4423 2331 4478; x_wconf 89' lang='grc' dir='ltr'><strong>τοῦ</strong></span> <span class='ocrx_word' id='word_1_672' title='bbox 2364 4422 2645 4494; x_wconf 87' lang='grc' dir='ltr'>λογισμοῦ,</span> <span class='ocrx_word' id='word_1_673' title='bbox 2677 4423 2782 4488; x_wconf 22' lang='grc' dir='ltr'>τοῦ*</span> <span class='ocrx_word' id='word_1_674' title='bbox 2807 4421 2880 4493; x_wconf 87' lang='grc' dir='ltr'>μὴ</span> <span class='ocrx_word' id='word_1_675' title='bbox 2931 4421 3240 4489; x_wconf 74' lang='grc' dir='ltr'>λογίζεσθαι</span> <span class='ocrx_word' id='word_1_676' title='bbox 3290 4422 3370 4485; x_wconf 83' lang='grc' dir='ltr'>είς</span> <span class='ocrx_word' id='word_1_677' title='bbox 3419 4421 3558 4475; x_wconf 81' lang='grc' dir='ltr'><strong>Θεὸν</strong></span> <span class='ocrx_word' id='word_1_678' title='bbox 3587 4421 3638 4472; x_wconf 82' lang='grc' dir='ltr'><strong>τὶ</strong></span> <span class='ocrx_word' id='word_1_679' title='bbox 3667 4416 3800 4470; x_wconf 79' lang='grc' dir='ltr'>ἐλατ-</span> 
     </span>
    </p>
   </div>
   <div class='ocr_carea' id='block_1_89' title="bbox 562 4496 2141 4586">
    <p class='ocr_par' dir='ltr' id='par_1_89' title="bbox 562 4510 2134 4568">
     <span class='ocr_line' id='line_1_89' title="bbox 562 4510 2134 4568; baseline 0.001 -1"><span class='ocrx_word' id='word_1_680' title='bbox 562 4512 631 4567; x_wconf 88' lang='lat' dir='ltr'><strong>de</strong></span> <span class='ocrx_word' id='word_1_681' title='bbox 659 4511 881 4566; x_wconf 87' lang='lat' dir='ltr'><strong>Christo</strong></span> <span class='ocrx_word' id='word_1_682' title='bbox 908 4511 1112 4566; x_wconf 89' lang='lat' dir='ltr'><strong>dictum</strong></span> <span class='ocrx_word' id='word_1_683' title='bbox 1147 4510 1278 4566; x_wconf 92' lang='lat' dir='ltr'><strong>illud</strong></span> <span class='ocrx_word' id='word_1_684' title='bbox 1312 4511 1711 4567; x_wconf 79' lang='lat' dir='ltr'><strong>existimemus.</strong></span> <span class='ocrx_word' id='word_1_685' title='bbox 1749 4511 2134 4568; x_wconf 77' lang='lat' dir='ltr'><strong>Verumtamen</strong></span> 
     </span>
    </p>
   </div>
   <div class='ocr_carea' id='block_1_90' title="bbox 2241 4496 3798 4586">
    <p class='ocr_par' dir='ltr' id='par_1_90' title="bbox 2241 4504 3798 4586">
     <span class='ocr_line' id='line_1_90' title="bbox 2241 4504 3798 4586; baseline -0.005 -18"><span class='ocrx_word' id='word_1_686' title='bbox 2241 4515 2507 4586; x_wconf 84' lang='grc' dir='ltr'>τὼματος,</span> <span class='ocrx_word' id='word_1_687' title='bbox 2533 4514 2935 4586; x_wconf 84' lang='grc' dir='ltr'>ὑποϐεϐηκυῖαν</span> <span class='ocrx_word' id='word_1_688' title='bbox 2965 4514 3203 4585; x_wconf 76' lang='grc' dir='ltr'>νομίζειν</span> <span class='ocrx_word' id='word_1_689' title='bbox 3228 4513 3388 4567; x_wconf 77' lang='grc' dir='ltr'>αὐτὸν</span> <span class='ocrx_word' id='word_1_690' title='bbox 3415 4513 3647 4583; x_wconf 84' lang='grc' dir='ltr'>θεότητα</span> <span class='ocrx_word' id='word_1_691' title='bbox 3671 4504 3798 4576; x_wconf 75' lang='grc' dir='ltr'>παρὰ</span> 
     </span>
    </p>
   </div>
   <div class='ocr_carea' id='block_1_91' title="bbox 560 4600 2138 4673">
    <p class='ocr_par' dir='ltr' id='par_1_91' title="bbox 560 4600 2138 4673">
     <span class='ocr_line' id='line_1_91' title="bbox 560 4600 2138 4673; baseline -0.001 -15"><span class='ocrx_word' id='word_1_692' title='bbox 560 4611 623 4658; x_wconf 80' lang='grc' dir='ltr'><strong>ιιι</strong></span> <span class='ocrx_word' id='word_1_693' title='bbox 642 4602 710 4656; x_wconf 89' lang='lat' dir='ltr'><strong>ad</strong></span> <span class='ocrx_word' id='word_1_694' title='bbox 733 4600 1009 4658; x_wconf 86' lang='lat' dir='ltr'><strong>Christum</strong></span> <span class='ocrx_word' id='word_1_695' title='bbox 1037 4609 1286 4672; x_wconf 85' lang='lat' dir='ltr'><strong>spectare</strong></span> <span class='ocrx_word' id='word_1_696' title='bbox 1313 4601 1527 4666; x_wconf 90' lang='lat' dir='ltr'><strong>demus,</strong></span> <span class='ocrx_word' id='word_1_697' title='bbox 1551 4617 1711 4658; x_wconf 90' lang='lat' dir='ltr'><strong>suum</strong></span> <span class='ocrx_word' id='word_1_698' title='bbox 1735 4602 1936 4658; x_wconf 89' lang='lat' dir='ltr'><strong>habere</strong></span> <span class='ocrx_word' id='word_1_699' title='bbox 1960 4612 2138 4673; x_wconf 86' lang='lat' dir='ltr'><strong>potest</strong></span> 
     </span>
    </p>
   </div>
   <div class='ocr_carea' id='block_1_92' title="bbox 562 4692 2138 4764">
    <p class='ocr_par' dir='ltr' id='par_1_92' title="bbox 562 4692 2138 4764">
     <span class='ocr_line' id='line_1_92' title="bbox 562 4692 2138 4764; baseline -0.001 -14"><span class='ocrx_word' id='word_1_700' title='bbox 562 4707 824 4760; x_wconf 88' lang='lat' dir='ltr'><strong>sensum;</strong></span> <span class='ocrx_word' id='word_1_701' title='bbox 877 4693 971 4764; x_wconf 89' lang='lat' dir='ltr'><strong>qui</strong></span> <span class='ocrx_word' id='word_1_702' title='bbox 1018 4706 1131 4746; x_wconf 90' lang='lat' dir='ltr'><strong>non</strong></span> <span class='ocrx_word' id='word_1_703' title='bbox 1181 4692 1531 4748; x_wconf 87' lang='lat' dir='ltr'><strong>vaticinando</strong></span> <span class='ocrx_word' id='word_1_704' title='bbox 1579 4692 1882 4756; x_wconf 83' lang='lat' dir='ltr'><strong>conﬁctos,</strong></span> <span class='ocrx_word' id='word_1_705' title='bbox 1933 4695 2029 4750; x_wconf 88' lang='lat' dir='ltr'><strong>sed</strong></span> <span class='ocrx_word' id='word_1_706' title='bbox 2071 4710 2138 4750; x_wconf 78' lang='lat' dir='ltr'><strong>ex</strong></span> 
     </span>
    </p>
   </div>
   <div class='ocr_carea' id='block_1_93' title="bbox 561 4782 2138 4855">
    <p class='ocr_par' dir='ltr' id='par_1_93' title="bbox 561 4782 2138 4855">
     <span class='ocr_line' id='line_1_93' title="bbox 561 4782 2138 4855; baseline -0.001 -15"><span class='ocrx_word' id='word_1_707' title='bbox 561 4783 732 4840; x_wconf 88' lang='lat' dir='ltr'><strong>animi</strong></span> <span class='ocrx_word' id='word_1_708' title='bbox 767 4784 967 4854; x_wconf 89' lang='lat' dir='ltr'><strong>pietate</strong></span> <span class='ocrx_word' id='word_1_709' title='bbox 1006 4782 1284 4854; x_wconf 76' lang='lat' dir='ltr'><strong>prolectus</strong></span> <span class='ocrx_word' id='word_1_710' title='bbox 1318 4789 1424 4849; x_wconf 88' lang='lat' dir='ltr'><strong>est,</strong></span> <span class='ocrx_word' id='word_1_711' title='bbox 1471 4799 1541 4840; x_wconf 88' lang='lat' dir='ltr'><strong>ne</strong></span> <span class='ocrx_word' id='word_1_712' title='bbox 1574 4799 1732 4855; x_wconf 88' lang='lat' dir='ltr'><strong>quem</strong></span> <span class='ocrx_word' id='word_1_713' title='bbox 1765 4787 1820 4839; x_wconf 90' lang='lat' dir='ltr'><strong>in</strong></span> <span class='ocrx_word' id='word_1_714' title='bbox 1850 4784 2017 4840; x_wconf 81' lang='lat' dir='ltr'><strong>Deum</strong></span> <span class='ocrx_word' id='word_1_715' title='bbox 2046 4801 2138 4839; x_wconf 87' lang='lat' dir='ltr'><strong>ca-</strong></span> 
     </span>
    </p>
   </div>
   <div class='ocr_carea' id='block_1_94' title="bbox 562 4872 2135 4938">
    <p class='ocr_par' dir='ltr' id='par_1_94' title="bbox 562 4872 2135 4938">
     <span class='ocr_line' id='line_1_94' title="bbox 562 4872 2135 4938; baseline -0.001 -9"><span class='ocrx_word' id='word_1_716' title='bbox 562 4875 694 4929; x_wconf 89' lang='lat' dir='ltr'><strong>dere</strong></span> <span class='ocrx_word' id='word_1_717' title='bbox 739 4872 1011 4928; x_wconf 86' lang='lat' dir='ltr'><strong>del&#39;ectum</strong></span> <span class='ocrx_word' id='word_1_718' title='bbox 1065 4873 1437 4938; x_wconf 90' lang='lat' dir='ltr'><strong>arbitremur,</strong></span> <span class='ocrx_word' id='word_1_719' title='bbox 1488 4881 1583 4928; x_wconf 91' lang='lat' dir='ltr'><strong>aut</strong></span> <span class='ocrx_word' id='word_1_720' title='bbox 1631 4873 1751 4928; x_wconf 83' lang='lat' dir='ltr'><strong>Filii</strong></span> <span class='ocrx_word' id='word_1_721' title='bbox 1797 4874 2135 4929; x_wconf 88' lang='lat' dir='ltr'><strong>divinitatem</strong></span> 
     </span>
    </p>
   </div>
   <div class='ocr_carea' id='block_1_95' title="bbox 563 4961 2136 5036">
    <p class='ocr_par' dir='ltr' id='par_1_95' title="bbox 563 4961 2136 5036">
     <span class='ocr_line' id='line_1_95' title="bbox 563 4961 2136 5036; baseline 0 -17"><span class='ocrx_word' id='word_1_722' title='bbox 563 4962 804 5019; x_wconf 87' lang='lat' dir='ltr'><strong>essentia</strong></span> <span class='ocrx_word' id='word_1_723' title='bbox 832 4961 1012 5020; x_wconf 88' lang='lat' dir='ltr'><strong>Patris</strong></span> <span class='ocrx_word' id='word_1_724' title='bbox 1045 4963 1361 5019; x_wconf 84' lang='lat' dir='ltr'><strong>inferiorem</strong></span> <span class='ocrx_word' id='word_1_725' title='bbox 1392 4979 1514 5021; x_wconf 90' lang='lat' dir='ltr'><strong>esse</strong></span> <span class='ocrx_word' id='word_1_726' title='bbox 1552 4964 1652 5020; x_wconf 88' lang='lat' dir='ltr'><strong>sibi</strong></span> <span class='ocrx_word' id='word_1_727' title='bbox 1690 4965 1978 5036; x_wconf 91' lang='lat' dir='ltr'><strong>quisquam</strong></span> <span class='ocrx_word' id='word_1_728' title='bbox 2014 4981 2136 5036; x_wconf 83' lang='lat' dir='ltr'><strong>per-</strong></span> 
     </span>
    </p>
   </div>
   <div class='ocr_carea' id='block_1_96' title="bbox 564 5053 2132 5112">
    <p class='ocr_par' dir='ltr' id='par_1_96' title="bbox 564 5053 2132 5112">
     <span class='ocr_line' id='line_1_96' title="bbox 564 5053 2132 5112; baseline 0 -2"><span class='ocrx_word' id='word_1_729' title='bbox 564 5054 812 5111; x_wconf 88' lang='lat' dir='ltr'><strong>suadeat.</strong></span> <span class='ocrx_word' id='word_1_730' title='bbox 866 5053 1000 5109; x_wconf 82' lang='lat' dir='ltr'><strong>Nam</strong></span> <span class='ocrx_word' id='word_1_731' title='bbox 1045 5062 1100 5110; x_wconf 91' lang='lat' dir='ltr'><strong>et</strong></span> <span class='ocrx_word' id='word_1_732' title='bbox 1139 5055 1391 5111; x_wconf 90' lang='lat' dir='ltr'><strong>nonnulli</strong></span> <span class='ocrx_word' id='word_1_733' title='bbox 1439 5056 1869 5111; x_wconf 83' lang='lat' dir='ltr'><strong>orthodoxorum</strong></span> <span class='ocrx_word' id='word_1_734' title='bbox 1912 5056 2132 5112; x_wconf 86' lang='lat' dir='ltr'><strong>Patrum</strong></span> 
     </span>
    </p>
   </div>
   <div class='ocr_carea' id='block_1_97' title="bbox 561 5141 2136 5201">
    <p class='ocr_par' dir='ltr' id='par_1_97' title="bbox 561 5141 2136 5201">
     <span class='ocr_line' id='line_1_97' title="bbox 561 5141 2136 5201; baseline 0.001 -3"><span class='ocrx_word' id='word_1_735' title='bbox 561 5144 748 5198; x_wconf 82' lang='lat' dir='ltr'><strong>locum</strong></span> <span class='ocrx_word' id='word_1_736' title='bbox 781 5141 932 5195; x_wconf 89' lang='lat' dir='ltr'><strong>illum</strong></span> <span class='ocrx_word' id='word_1_737' title='bbox 969 5142 1278 5200; x_wconf 76' lang='lat' dir='ltr'><strong>Salomonis</strong></span> <span class='ocrx_word' id='word_1_738' title='bbox 1309 5145 1376 5200; x_wconf 87' lang='lat' dir='ltr'><strong>de</strong></span> <span class='ocrx_word' id='word_1_739' title='bbox 1405 5145 1783 5200; x_wconf 89' lang='lat' dir='ltr'><strong>incarnatione</strong></span> <span class='ocrx_word' id='word_1_740' title='bbox 1814 5145 2016 5201; x_wconf 77' lang='lat' dir='ltr'><strong>Christi</strong></span> <span class='ocrx_word' id='word_1_741' title='bbox 2054 5147 2136 5199; x_wconf 92' lang='lat' dir='ltr'><strong>in-</strong></span> 
     </span>
    </p>
   </div>
   <div class='ocr_carea' id='block_1_98' title="bbox 561 5231 2132 5306">
    <p class='ocr_par' dir='ltr' id='par_1_98' title="bbox 561 5231 2132 5306">
     <span class='ocr_line' id='line_1_98' title="bbox 561 5231 2132 5306; baseline 0.001 -15"><span class='ocrx_word' id='word_1_742' title='bbox 561 5231 843 5304; x_wconf 87' lang='lat' dir='ltr'><strong>terpretati</strong></span> <span class='ocrx_word' id='word_1_743' title='bbox 883 5240 1050 5286; x_wconf 89' lang='lat' dir='ltr'><strong>sunt:</strong></span> <span class='ocrx_word' id='word_1_744' title='bbox 1099 5233 1351 5289; x_wconf 83' lang='lat' dir='ltr'><strong>Dominus</strong></span> <span class='ocrx_word' id='word_1_745' title='bbox 1390 5235 1624 5305; x_wconf 82' lang='lat' dir='ltr'><strong>possedit</strong></span> <span class='ocrx_word' id='word_1_746' title='bbox 1662 5254 1762 5302; x_wconf 83' lang='lat' dir='ltr'><strong>me,</strong></span> <span class='ocrx_word' id='word_1_747' title='bbox 1796 5247 1845 5291; x_wconf 83' lang='lat' dir='ltr'><strong>et</strong></span> <span class='ocrx_word' id='word_1_748' title='bbox 1884 5239 2132 5306; x_wconf 83' lang='lat' dir='ltr'><strong>[undavit</strong></span> 
     </span>
    </p>
   </div>
   <div class='ocr_carea' id='block_1_99' title="bbox 561 5319 2130 5394">
    <p class='ocr_par' dir='ltr' id='par_1_99' title="bbox 561 5319 2130 5394">
     <span class='ocr_line' id='line_1_99' title="bbox 561 5319 2130 5394; baseline 0.002 -16"><span class='ocrx_word' id='word_1_749' title='bbox 561 5342 658 5379; x_wconf 81' lang='lat' dir='ltr'><strong>me.</strong></span> <span class='ocrx_word' id='word_1_750' title='bbox 689 5321 896 5389; x_wconf 84' lang='lat' dir='ltr'><strong>Estque</strong></span> <span class='ocrx_word' id='word_1_751' title='bbox 925 5319 1013 5373; x_wconf 88' lang='lat' dir='ltr'><strong>hic</strong></span> <span class='ocrx_word' id='word_1_752' title='bbox 1036 5319 1252 5376; x_wconf 87' lang='lat' dir='ltr'><strong>demum</strong></span> <span class='ocrx_word' id='word_1_753' title='bbox 1283 5339 1477 5379; x_wconf 88' lang='lat' dir='ltr'><strong>sensus</strong></span> <span class='ocrx_word' id='word_1_754' title='bbox 1498 5325 1684 5394; x_wconf 88' lang='lat' dir='ltr'><strong>pietati</strong></span> <span class='ocrx_word' id='word_1_755' title='bbox 1708 5337 2130 5394; x_wconf 89' lang='lat' dir='ltr'><strong>consentaneus,</strong></span> 
     </span>
    </p>
   </div>
   <div class='ocr_carea' id='block_1_100' title="bbox 561 5411 2132 5484">
    <p class='ocr_par' dir='ltr' id='par_1_100' title="bbox 561 5411 2132 5484">
     <span class='ocr_line' id='line_1_100' title="bbox 561 5411 2132 5484; baseline 0.002 -14"><span class='ocrx_word' id='word_1_756' title='bbox 561 5431 681 5471; x_wconf 83' lang='lat' dir='ltr'><strong>eum</strong></span> <span class='ocrx_word' id='word_1_757' title='bbox 715 5415 811 5476; x_wconf 88' lang='lat' dir='ltr'><strong>ita,</strong></span> <span class='ocrx_word' id='word_1_758' title='bbox 855 5421 917 5468; x_wconf 92' lang='lat' dir='ltr'><strong>ut</strong></span> <span class='ocrx_word' id='word_1_759' title='bbox 950 5411 1084 5474; x_wconf 79' lang='lat' dir='ltr'><strong>dixi,</strong></span> <span class='ocrx_word' id='word_1_760' title='bbox 1127 5413 1306 5483; x_wconf 83' lang='lat' dir='ltr'><strong>magni</strong></span> <span class='ocrx_word' id='word_1_761' title='bbox 1348 5416 1567 5484; x_wconf 84' lang='lat' dir='ltr'><strong>quidam</strong></span> <span class='ocrx_word' id='word_1_762' title='bbox 1609 5415 1798 5473; x_wconf 85' lang='lat' dir='ltr'><strong>Patres</strong></span> <span class='ocrx_word' id='word_1_763' title='bbox 1845 5419 2132 5473; x_wconf 79' lang='lat' dir='ltr'><strong>intellexe-</strong></span> 
     </span>
    </p>
   </div>
   <div class='ocr_carea' id='block_1_101' title="bbox 557 5503 2132 5573">
    <p class='ocr_par' dir='ltr' id='par_1_101' title="bbox 557 5503 2132 5573">
     <span class='ocr_line' id='line_1_101' title="bbox 557 5503 2132 5573; baseline 0.004 -15"><span class='ocrx_word' id='word_1_764' title='bbox 557 5507 685 5560; x_wconf 88' lang='lat' dir='ltr'><strong>rint.</strong></span> <span class='ocrx_word' id='word_1_765' title='bbox 743 5505 955 5571; x_wconf 88' lang='lat' dir='ltr'><strong>Quibus</strong></span> <span class='ocrx_word' id='word_1_766' title='bbox 985 5503 1029 5556; x_wconf 91' lang='lat' dir='ltr'><strong>si</strong></span> <span class='ocrx_word' id='word_1_767' title='bbox 1067 5503 1189 5570; x_wconf 90' lang='lat' dir='ltr'><strong>quis</strong></span> <span class='ocrx_word' id='word_1_768' title='bbox 1223 5506 1324 5558; x_wconf 82' lang='lat' dir='ltr'><strong>hac</strong></span> <span class='ocrx_word' id='word_1_769' title='bbox 1354 5506 1405 5558; x_wconf 93' lang='lat' dir='ltr'><strong>in</strong></span> <span class='ocrx_word' id='word_1_770' title='bbox 1441 5515 1592 5573; x_wconf 88' lang='lat' dir='ltr'><strong>parte</strong></span> <span class='ocrx_word' id='word_1_771' title='bbox 1620 5510 1876 5563; x_wconf 87' lang='lat' dir='ltr'><strong>assentiri</strong></span> <span class='ocrx_word' id='word_1_772' title='bbox 1905 5512 2132 5565; x_wconf 88' lang='lat' dir='ltr'><strong>minime</strong></span> 
     </span>
    </p>
   </div>
   <div class='ocr_carea' id='block_1_102' title="bbox 563 5595 2130 5666">
    <p class='ocr_par' dir='ltr' id='par_1_102' title="bbox 563 5595 2130 5666">
     <span class='ocr_line' id='line_1_102' title="bbox 563 5595 2130 5666; baseline 0.005 -17"><span class='ocrx_word' id='word_1_773' title='bbox 563 5599 705 5662; x_wconf 88' lang='lat' dir='ltr'><strong>velit,</strong></span> <span class='ocrx_word' id='word_1_774' title='bbox 739 5596 860 5666; x_wconf 80' lang='lat' dir='ltr'><strong>cogi</strong></span> <span class='ocrx_word' id='word_1_775' title='bbox 890 5595 1042 5650; x_wconf 90' lang='lat' dir='ltr'><strong>nullo</strong></span> <span class='ocrx_word' id='word_1_776' title='bbox 1073 5596 1232 5652; x_wconf 90' lang='lat' dir='ltr'><strong>modo</strong></span> <span class='ocrx_word' id='word_1_777' title='bbox 1262 5605 1460 5666; x_wconf 84' lang='lat' dir='ltr'><strong>potest.</strong></span> <span class='ocrx_word' id='word_1_778' title='bbox 1502 5598 1653 5663; x_wconf 83' lang='lat' dir='ltr'><strong>Quod</strong></span> <span class='ocrx_word' id='word_1_779' title='bbox 1687 5610 1865 5656; x_wconf 89' lang='lat' dir='ltr'><strong>autem</strong></span> <span class='ocrx_word' id='word_1_780' title='bbox 1901 5603 1968 5657; x_wconf 89' lang='lat' dir='ltr'><strong>ad</strong></span> <span class='ocrx_word' id='word_1_781' title='bbox 1997 5603 2130 5658; x_wconf 83' lang='lat' dir='ltr'><strong>alie-</strong></span> 
     </span>
    </p>
   </div>
   <div class='ocr_carea' id='block_1_103' title="bbox 635 5755 2157 5826">
    <p class='ocr_par' dir='ltr' id='par_1_103' title="bbox 635 5755 2157 5826">
     <span class='ocr_line' id='line_1_103' title="bbox 635 5755 2157 5826; baseline 0.001 -12"><span class='ocrx_word' id='word_1_782' title='bbox 635 5761 654 5792; x_wconf 82' lang='lat'>‘</span> <span class='ocrx_word' id='word_1_783' title='bbox 679 5762 837 5818; x_wconf 84' lang='lat' dir='ltr'><strong>Prov.</strong></span> <span class='ocrx_word' id='word_1_784' title='bbox 870 5775 989 5818; x_wconf 80' lang='lat' dir='ltr'><strong>vm.</strong></span> <span class='ocrx_word' id='word_1_785' title='bbox 1023 5756 1111 5808; x_wconf 69' lang='lat'><strong>29..</strong></span> <span class='ocrx_word' id='word_1_786' title='bbox 1186 5760 1205 5790; x_wconf 81' lang='grc'>¹</span> <span class='ocrx_word' id='word_1_787' title='bbox 1234 5755 1364 5812; x_wconf 82' lang='lat' dir='ltr'><strong>ibid.</strong></span> <span class='ocrx_word' id='word_1_788' title='bbox 1396 5768 1513 5822; x_wconf 60' lang='lat' dir='ltr'><strong>sqi.</strong></span> <span class='ocrx_word' id='word_1_789' title='bbox 1592 5757 1609 5789; x_wconf 84' lang='grc'>³</span> <span class='ocrx_word' id='word_1_790' title='bbox 1632 5758 1762 5813; x_wconf 87' lang='lat' dir='ltr'><strong>Cor.</strong></span> <span class='ocrx_word' id='word_1_791' title='bbox 1787 5759 2013 5826; x_wconf 60' lang='grc' dir='ltr'>φεύγειν</span> <span class='ocrx_word' id='word_1_792' title='bbox 2061 5761 2157 5816; x_wconf 80' lang='grc' dir='ltr'>δεῖ.</span> 
     </span>
    </p>
   </div>
   <div class='ocr_carea' id='block_1_104' title="bbox 2215 4597 3802 4676">
    <p class='ocr_par' dir='ltr' id='par_1_104' title="bbox 2215 4597 3802 4676">
     <span class='ocr_line' id='line_1_104' title="bbox 2215 4597 3802 4676; baseline -0.004 -18"><span class='ocrx_word' id='word_1_793' title='bbox 2215 4606 2333 4676; x_wconf 81' lang='grc' dir='ltr'><strong>’τὴν</strong></span> <span class='ocrx_word' id='word_1_794' title='bbox 2362 4606 2455 4660; x_wconf 89' lang='grc' dir='ltr'>τοῦ</span> <span class='ocrx_word' id='word_1_795' title='bbox 2503 4606 2716 4676; x_wconf 83' lang='grc' dir='ltr'><strong>Πατρὸς</strong></span> <span class='ocrx_word' id='word_1_796' title='bbox 2765 4605 2908 4675; x_wconf 76' lang='grc' dir='ltr'>ἔχειν</span> <span class='ocrx_word' id='word_1_797' title='bbox 2941 4606 3149 4659; x_wconf 81' lang='grc' dir='ltr'>οὐσίαν.</span> <span class='ocrx_word' id='word_1_798' title='bbox 3196 4606 3302 4659; x_wconf 76' lang='grc' dir='ltr'><strong>Καὶ</strong></span> <span class='ocrx_word' id='word_1_799' title='bbox 3355 4607 3468 4676; x_wconf 85' lang='grc' dir='ltr'>γάρ</span> <span class='ocrx_word' id='word_1_800' title='bbox 3520 4621 3662 4666; x_wconf 85' lang='grc' dir='ltr'>τινες</span> <span class='ocrx_word' id='word_1_801' title='bbox 3708 4597 3802 4652; x_wconf 80' lang='grc' dir='ltr'>τῶν</span> 
     </span>
    </p>
   </div>
   <div class='ocr_carea' id='block_1_105' title="bbox 2235 4689 3800 4768">
    <p class='ocr_par' dir='ltr' id='par_1_105' title="bbox 2235 4689 3800 4768">
     <span class='ocr_line' id='line_1_105' title="bbox 2235 4689 3800 4768; baseline -0.006 -18"><span class='ocrx_word' id='word_1_802' title='bbox 2235 4696 2491 4768; x_wconf 77' lang='grc' dir='ltr'>Πατέρων</span> <span class='ocrx_word' id='word_1_803' title='bbox 2544 4696 2702 4766; x_wconf 84' lang='grc' dir='ltr'>ήμῶν</span> <span class='ocrx_word' id='word_1_804' title='bbox 2748 4698 2840 4749; x_wconf 73' lang='grc' dir='ltr'>καὶ</span> <span class='ocrx_word' id='word_1_805' title='bbox 2877 4696 3172 4768; x_wconf 81' lang='grc' dir='ltr'><strong>ὀρθοδόξων</strong></span> <span class='ocrx_word' id='word_1_806' title='bbox 3209 4697 3502 4750; x_wconf 78' lang='grc' dir='ltr'>ἀπέδωκαν</span> <span class='ocrx_word' id='word_1_807' title='bbox 3547 4694 3702 4748; x_wconf 84' lang='grc' dir='ltr'>τοῦτο</span> <span class='ocrx_word' id='word_1_808' title='bbox 3734 4689 3800 4749; x_wconf 78' lang='grc' dir='ltr'><strong>είς</strong></span> 
     </span>
    </p>
   </div>
   <div class='ocr_carea' id='block_1_106' title="bbox 2234 4777 3803 4859">
    <p class='ocr_par' dir='ltr' id='par_1_106' title="bbox 2234 4777 3803 4859">
     <span class='ocr_line' id='line_1_106' title="bbox 2234 4777 3803 4859; baseline 0.003 -19"><span class='ocrx_word' id='word_1_809' title='bbox 2234 4787 2332 4857; x_wconf 86' lang='grc' dir='ltr'><strong>τὴν</strong></span> <span class='ocrx_word' id='word_1_810' title='bbox 2372 4777 2633 4858; x_wconf 81' lang='grc' dir='ltr'>ἕνσαρκον</span> <span class='ocrx_word' id='word_1_811' title='bbox 2680 4788 2980 4858; x_wconf 87' lang='grc' dir='ltr'>παρουσίαν</span> <span class='ocrx_word' id='word_1_812' title='bbox 3029 4789 3425 4859; x_wconf 80' lang='grc' dir='ltr'>διανοηθέντες·</span> <span class='ocrx_word' id='word_1_813' title='bbox 3467 4790 3519 4841; x_wconf 87' lang='grc' dir='ltr'>εί</span> <span class='ocrx_word' id='word_1_814' title='bbox 3573 4787 3663 4840; x_wconf 81' lang='grc' dir='ltr'>καὶ</span> <span class='ocrx_word' id='word_1_815' title='bbox 3713 4778 3803 4852; x_wconf 76' lang='grc' dir='ltr'><strong>χρὴ</strong></span> 
     </span>
    </p>
   </div>
   <div class='ocr_carea' id='block_1_107' title="bbox 2235 4869 3802 4948">
    <p class='ocr_par' dir='ltr' id='par_1_107' title="bbox 2235 4869 3802 4948">
     <span class='ocr_line' id='line_1_107' title="bbox 2235 4869 3802 4948; baseline 0 -18"><span class='ocrx_word' id='word_1_816' title='bbox 2235 4877 2376 4931; x_wconf 76' lang='grc' dir='ltr'><strong>οὕτω</strong></span> <span class='ocrx_word' id='word_1_817' title='bbox 2407 4877 2588 4945; x_wconf 88' lang='grc' dir='ltr'>λέγειν</span> <span class='ocrx_word' id='word_1_818' title='bbox 2633 4877 2693 4930; x_wconf 82' lang='grc' dir='ltr'><strong>τὸ</strong></span> <span class='ocrx_word' id='word_1_819' title='bbox 2742 4878 2871 4948; x_wconf 74' lang='grc' dir='ltr'>περὶ</span> <span class='ocrx_word' id='word_1_820' title='bbox 2913 4877 3028 4943; x_wconf 85' lang='grc' dir='ltr'>τοῦ,</span> <span class='ocrx_word' id='word_1_821' title='bbox 3079 4881 3293 4947; x_wconf 72' lang='grc' dir='ltr'><strong>Κίιριος</strong></span> <span class='ocrx_word' id='word_1_822' title='bbox 3333 4880 3545 4934; x_wconf 76' lang='grc' dir='ltr'>ἐκτισέ</span> <span class='ocrx_word' id='word_1_823' title='bbox 3579 4894 3674 4946; x_wconf 80' lang='grc' dir='ltr'>με,</span> <span class='ocrx_word' id='word_1_824' title='bbox 3721 4869 3802 4925; x_wconf 74' lang='grc' dir='ltr'><strong>καὶ</strong></span> 
     </span>
    </p>
   </div>
   <div class='ocr_carea' id='block_1_108' title="bbox 2237 4963 3801 5040">
    <p class='ocr_par' dir='ltr' id='par_1_108' title="bbox 2237 4963 3801 5040">
     <span class='ocr_line' id='line_1_108' title="bbox 2237 4963 3801 5040; baseline -0.001 -18"><span class='ocrx_word' id='word_1_825' title='bbox 2237 4966 2598 5038; x_wconf 76' lang='grc' dir='ltr'>ἐθεμελίωσέ</span> <span class='ocrx_word' id='word_1_826' title='bbox 2621 4985 2716 5036; x_wconf 85' lang='grc' dir='ltr'>με.</span> <span class='ocrx_word' id='word_1_827' title='bbox 2747 4970 2857 5022; x_wconf 73' lang='grc' dir='ltr'><strong>Καὶ</strong></span> <span class='ocrx_word' id='word_1_828' title='bbox 2884 4963 3038 5032; x_wconf 75' lang='grc' dir='ltr'>οὗτός</span> <span class='ocrx_word' id='word_1_829' title='bbox 3073 4971 3217 5024; x_wconf 82' lang='grc' dir='ltr'>ἐστιν</span> <span class='ocrx_word' id='word_1_830' title='bbox 3249 4973 3277 5023; x_wconf 89' lang='grc' dir='ltr'>ὀ</span> <span class='ocrx_word' id='word_1_831' title='bbox 3305 4971 3473 5040; x_wconf 81' lang='grc' dir='ltr'>σεϐὴς</span> <span class='ocrx_word' id='word_1_832' title='bbox 3495 4971 3518 5003; x_wconf 69' lang='grc'>⁸</span> <span class='ocrx_word' id='word_1_833' title='bbox 3544 4964 3801 5040; x_wconf 74' lang='grc' dir='ltr'>λογισμὸς.</span> 
     </span>
    </p>
   </div>
   <div class='ocr_carea' id='block_1_109' title="bbox 2239 5058 3804 5132">
    <p class='ocr_par' dir='ltr' id='par_1_109' title="bbox 2239 5058 3804 5132">
     <span class='ocr_line' id='line_1_109' title="bbox 2239 5058 3804 5132; baseline 0 -22"><span class='ocrx_word' id='word_1_834' title='bbox 2239 5059 2462 5128; x_wconf 78' lang='grc' dir='ltr'>μεγάλοι</span> <span class='ocrx_word' id='word_1_835' title='bbox 2502 5059 2744 5128; x_wconf 86' lang='grc' dir='ltr'><strong>Πατὲρες</strong></span> <span class='ocrx_word' id='word_1_836' title='bbox 2775 5058 2933 5112; x_wconf 87' lang='grc' dir='ltr'><strong>τοῦτο</strong></span> <span class='ocrx_word' id='word_1_837' title='bbox 2974 5062 3339 5132; x_wconf 80' lang='grc' dir='ltr'>ὑφηγήσαντο.</span> <span class='ocrx_word' id='word_1_838' title='bbox 3368 5063 3485 5114; x_wconf 78' lang='grc' dir='ltr'><strong>Καὶ</strong></span> <span class='ocrx_word' id='word_1_839' title='bbox 3538 5063 3587 5113; x_wconf 83' lang='grc' dir='ltr'>εί</span> <span class='ocrx_word' id='word_1_840' title='bbox 3632 5060 3804 5128; x_wconf 77' lang='grc' dir='ltr'>μήτις</span> 
     </span>
    </p>
   </div>
   <div class='ocr_carea' id='block_1_110' title="bbox 2199 5149 3806 5221">
    <p class='ocr_par' dir='ltr' id='par_1_110' title="bbox 2199 5149 3806 5221">
     <span class='ocr_line' id='line_1_110' title="bbox 2199 5149 3806 5221; baseline -0.004 -18"><span class='ocrx_word' id='word_1_841' title='bbox 2199 5149 2522 5220; x_wconf 80' lang='grc' dir='ltr'>’βουληθείη</span> <span class='ocrx_word' id='word_1_842' title='bbox 2570 5149 2680 5202; x_wconf 81' lang='grc' dir='ltr'>τῶν</span> <span class='ocrx_word' id='word_1_843' title='bbox 2725 5149 3017 5221; x_wconf 80' lang='grc' dir='ltr'><strong>ὀρθοδόξων</strong></span> <span class='ocrx_word' id='word_1_844' title='bbox 3090 5152 3519 5220; x_wconf 80' lang='grc' dir='ltr'>καταδέξασθαι,</span> <span class='ocrx_word' id='word_1_845' title='bbox 3569 5152 3629 5202; x_wconf 82' lang='grc' dir='ltr'><strong>οὐ</strong></span> <span class='ocrx_word' id='word_1_846' title='bbox 3694 5160 3806 5198; x_wconf 76' lang='grc' dir='ltr'>κατ-</span> 
     </span>
    </p>
   </div>
   <div class='ocr_carea' id='block_1_111' title="bbox 2235 5238 3797 5310">
    <p class='ocr_par' dir='ltr' id='par_1_111' title="bbox 2235 5238 3797 5310">
     <span class='ocr_line' id='line_1_111' title="bbox 2235 5238 3797 5310; baseline -0.001 -16"><span class='ocrx_word' id='word_1_847' title='bbox 2235 5239 2727 5310; x_wconf 79' lang='grc' dir='ltr'>αναγκασθήσεται.</span> <span class='ocrx_word' id='word_1_848' title='bbox 2753 5241 2896 5310; x_wconf 81' lang='grc' dir='ltr'><strong>Πρὸς</strong></span> <span class='ocrx_word' id='word_1_849' title='bbox 2938 5242 2995 5293; x_wconf 79' lang='grc' dir='ltr'><strong>δὲ</strong></span> <span class='ocrx_word' id='word_1_850' title='bbox 3035 5245 3162 5306; x_wconf 80' lang='grc' dir='ltr'>τοὺς</span> <span class='ocrx_word' id='word_1_851' title='bbox 3216 5242 3395 5307; x_wconf 79' lang='grc' dir='ltr'>ξένους</span> <span class='ocrx_word' id='word_1_852' title='bbox 3424 5242 3532 5310; x_wconf 83' lang='grc' dir='ltr'><strong>τῆς</strong></span> <span class='ocrx_word' id='word_1_853' title='bbox 3574 5238 3797 5293; x_wconf 76' lang='grc' dir='ltr'>πίστεως</span> 
     </span>
    </p>
   </div>
   <div class='ocr_carea' id='block_1_112' title="bbox 2235 5324 3806 5405">
    <p class='ocr_par' dir='ltr' id='par_1_112' title="bbox 2235 5324 3806 5405">
     <span class='ocr_line' id='line_1_112' title="bbox 2235 5324 3806 5405; baseline -0.003 -20"><span class='ocrx_word' id='word_1_854' title='bbox 2235 5334 2327 5386; x_wconf 72' lang='grc' dir='ltr'><strong>καὶ</strong></span> <span class='ocrx_word' id='word_1_855' title='bbox 2371 5331 2684 5402; x_wconf 76' lang='grc' dir='ltr'>ἀλλοτρίους</span> <span class='ocrx_word' id='word_1_856' title='bbox 2717 5331 2797 5394; x_wconf 86' lang='grc' dir='ltr'><strong>είς</strong></span> <span class='ocrx_word' id='word_1_857' title='bbox 2843 5333 2996 5387; x_wconf 82' lang='grc' dir='ltr'>οὐδέν</span> <span class='ocrx_word' id='word_1_858' title='bbox 3043 5337 3189 5388; x_wconf 76' lang='grc' dir='ltr'>ἐστιν</span> <span class='ocrx_word' id='word_1_859' title='bbox 3233 5338 3267 5405; x_wconf 81' lang='grc' dir='ltr'><strong>ἡ</strong></span> <span class='ocrx_word' id='word_1_860' title='bbox 3304 5332 3501 5403; x_wconf 82' lang='grc' dir='ltr'>βλάϐη.</span> <span class='ocrx_word' id='word_1_861' title='bbox 3538 5329 3677 5384; x_wconf 68' lang='grc' dir='ltr'><strong>Οὔτε</strong></span> <span class='ocrx_word' id='word_1_862' title='bbox 3711 5324 3806 5392; x_wconf 83' lang='grc' dir='ltr'><strong>γὰρ</strong></span> 
     </span>
    </p>
   </div>
   <div class='ocr_carea' id='block_1_113' title="bbox 2231 5413 3804 5493">
    <p class='ocr_par' dir='ltr' id='par_1_113' title="bbox 2231 5413 3804 5493">
     <span class='ocr_line' id='line_1_113' title="bbox 2231 5413 3804 5493; baseline -0.002 -19"><span class='ocrx_word' id='word_1_863' title='bbox 2231 5422 2388 5474; x_wconf 85' lang='grc' dir='ltr'>τοῦτο</span> <span class='ocrx_word' id='word_1_864' title='bbox 2418 5424 2550 5491; x_wconf 79' lang='grc' dir='ltr'>ἡμῖν</span> <span class='ocrx_word' id='word_1_865' title='bbox 2586 5420 2842 5491; x_wconf 74' lang='grc' dir='ltr'>ἐνσκήψει</span> <span class='ocrx_word' id='word_1_866' title='bbox 2888 5423 2966 5486; x_wconf 83' lang='grc' dir='ltr'><strong>εἰς</strong></span> <span class='ocrx_word' id='word_1_867' title='bbox 3002 5425 3056 5476; x_wconf 79' lang='grc' dir='ltr'><strong>τὶ</strong></span> <span class='ocrx_word' id='word_1_868' title='bbox 3105 5422 3513 5493; x_wconf 79' lang='grc' dir='ltr'>ἐλαττώματος,</span> <span class='ocrx_word' id='word_1_869' title='bbox 3560 5420 3660 5489; x_wconf 80' lang='grc' dir='ltr'><strong>τῆς</strong></span> <span class='ocrx_word' id='word_1_870' title='bbox 3703 5413 3804 5467; x_wconf 72' lang='grc' dir='ltr'>θεό-</span> 
     </span>
    </p>
   </div>
   <div class='ocr_carea' id='block_1_114' title="bbox 2230 5501 3801 5584">
    <p class='ocr_par' dir='ltr' id='par_1_114' title="bbox 2230 5501 3801 5584">
     <span class='ocr_line' id='line_1_114' title="bbox 2230 5501 3801 5584; baseline -0.011 -7"><span class='ocrx_word' id='word_1_871' title='bbox 2230 5530 2391 5584; x_wconf 84' lang='grc' dir='ltr'>τητος</span> <span class='ocrx_word' id='word_1_872' title='bbox 2422 5512 2708 5581; x_wconf 74' lang='grc' dir='ltr'>ἐλευθέρας</span> <span class='ocrx_word' id='word_1_873' title='bbox 2739 5510 2925 5582; x_wconf 73' lang='grc' dir='ltr'>οὔσης,</span> <span class='ocrx_word' id='word_1_874' title='bbox 2955 5515 3047 5567; x_wconf 69' lang='grc' dir='ltr'>καὶ</span> <span class='ocrx_word' id='word_1_875' title='bbox 3076 5515 3161 5569; x_wconf 72' lang='grc' dir='ltr'><strong>ἀεὶ</strong></span> <span class='ocrx_word' id='word_1_876' title='bbox 3183 5514 3346 5583; x_wconf 74' lang='grc' dir='ltr'>οὔσης</span> <span class='ocrx_word' id='word_1_877' title='bbox 3377 5514 3482 5565; x_wconf 79' lang='grc' dir='ltr'><strong>σὺν</strong></span> <span class='ocrx_word' id='word_1_878' title='bbox 3516 5511 3598 5582; x_wconf 79' lang='grc' dir='ltr'><strong>τῷ</strong></span> <span class='ocrx_word' id='word_1_879' title='bbox 3621 5501 3801 5574; x_wconf 74' lang='grc' dir='ltr'>Πατρί·</span> 
     </span>
    </p>
   </div>
   <div class='ocr_carea' id='block_1_115' title="bbox 2230 5597 3804 5678">
    <p class='ocr_par' dir='ltr' id='par_1_115' title="bbox 2230 5597 3804 5678">
     <span class='ocr_line' id='line_1_115' title="bbox 2230 5597 3804 5678; baseline -0.001 -20"><span class='ocrx_word' id='word_1_880' title='bbox 2230 5607 2340 5660; x_wconf 74' lang='grc' dir='ltr'><strong>Καὶ</strong></span> <span class='ocrx_word' id='word_1_881' title='bbox 2367 5607 2394 5658; x_wconf 85' lang='grc' dir='ltr'>ὅ</span> <span class='ocrx_word' id='word_1_882' title='bbox 2420 5624 2471 5658; x_wconf 88' lang='grc' dir='ltr'><strong>τι</strong></span> <span class='ocrx_word' id='word_1_883' title='bbox 2506 5607 2602 5676; x_wconf 82' lang='grc' dir='ltr'>μὲν</span> <span class='ocrx_word' id='word_1_884' title='bbox 2626 5605 2888 5659; x_wconf 78' lang='grc' dir='ltr'>πέπονθεν</span> <span class='ocrx_word' id='word_1_885' title='bbox 2917 5610 2944 5660; x_wconf 84' lang='grc' dir='ltr'>ὁ</span> <span class='ocrx_word' id='word_1_886' title='bbox 2977 5608 3228 5678; x_wconf 76' lang='grc' dir='ltr'>Χριστὸς,</span> <span class='ocrx_word' id='word_1_887' title='bbox 3253 5605 3548 5669; x_wconf 80' lang='grc' dir='ltr'>πέπονθεν,</span> <span class='ocrx_word' id='word_1_888' title='bbox 3579 5601 3691 5658; x_wconf 77' lang='grc' dir='ltr'>ἀλλ’</span> <span class='ocrx_word' id='word_1_889' title='bbox 3719 5597 3804 5649; x_wconf 71' lang='grc' dir='ltr'><strong>οὐκ</strong></span> 
     </span>
    </p>
   </div>
   <div class='ocr_carea' id='block_1_116' title="bbox 2236 5761 3239 5838">
    <p class='ocr_par' dir='ltr' id='par_1_116' title="bbox 2236 5761 3239 5838">
     <span class='ocr_line' id='line_1_116' title="bbox 2236 5761 3239 5838; baseline 0 -20"><span class='ocrx_word' id='word_1_890' title='bbox 2236 5763 2255 5794; x_wconf 76' lang='grc'><strong><em>⁵</em></strong></span> <span class='ocrx_word' id='word_1_891' title='bbox 2283 5761 2407 5818; x_wconf 85' lang='lat' dir='ltr'><strong>Cor.</strong></span> <span class='ocrx_word' id='word_1_892' title='bbox 2438 5765 2687 5838; x_wconf 75' lang='grc' dir='ltr'>εὐσεϐὴς,</span> <span class='ocrx_word' id='word_1_893' title='bbox 2719 5780 2841 5821; x_wconf 87' lang='lat' dir='ltr'><strong>mox</strong></span> <span class='ocrx_word' id='word_1_894' title='bbox 2884 5767 2958 5830; x_wconf 85' lang='grc' dir='ltr'><strong>ὼς</strong></span> <span class='ocrx_word' id='word_1_895' title='bbox 2995 5763 3239 5835; x_wconf 79' lang='grc' dir='ltr'>μεγάλοι.</span> 
     </span>
    </p>
   </div>
  </div>
