3994 6426
267 445 354 500 231

863 441 1230 500 ADVERSUS
1269 441 1612 499 HeERESES
1651 441 1780 498 LIB.
1822 442 1837 497 Ι

1945 441 2093 500 ron.
2136 443 2200 499 ιι.
2241 475 2311 485 -
2351 428 2625 502 umeris.
2667 444 2852 501 ωας.

3418 443 3529 500 942

267 561 462 632 ἐτράπη
494 559 595 630 τὴν
626 560 806 630 φύσιν,
838 561 1018 632 ἔμεινε
1054 563 1111 616 δὲ
1149 565 1208 616 ἐν
1238 565 1303 633 τῇ
1339 562 1503 616 αὐτοῦ
1532 561 1772 632 ἀπειθείιὲι
1801 563 1833 632 ἡ

1952 580 2052 620 nos
2086 578 2116 617 a
2161 563 2286 630 ﬁde,
2334 575 2389 621 et
2438 565 2726 620 haereticos
2777 563 2992 628 attinet,
3046 561 3253 616 nullum
3303 561 3532 616 omnino

269 649 418 703 αὐτοῦ
448 649 660 720 θεότης.
690 650 800 715 Διὸ,
831 651 1060 720 θελήσας
1090 651 1282 704 παθεῖν
1319 651 1421 721 ἰδίᾳ,
1451 650 1673 722 εὐδοκία
1699 651 1841 720 ὑπὲρ

261 742 348 794 τοῦ
367 743 556 810 γένους
573 742 684 794 τῶν
697 741 1018 812 ἀνθρώπων,
1031 742 1217 813 ἐπειδὴ
1231 742 1331 796 οὐκ
1354 741 1573 795 ἐδύνατο
1594 743 1626 813 ή
1651 742 1844 813 θεότης

264 833 466 896 παθεῖν,
492 833 617 887 καθ’
654 834 850 904 ἑαυτὴν
876 833 1096 905 ἀπαθὴς
1123 829 1277 899 οὖσα,
1309 833 1467 886 ἔλαϐε
1497 834 1556 886 τὸ
1578 834 1843 906 ἡμέτερον

261 926 492 997 παθητὸν
528 926 706 998 σῶμα,
739 927 897 994 σοφία
932 923 1028 990 ὢν,
1060 925 1148 978 ἴνα
1182 927 1239 979 ὲν
1268 923 1419 995 αύτῷ
1467 925 1838 998 συνευδοκήσῃ

259 1017 346 1071 τοῦ
399 1017 610 1082 παθεῖν,
654 1018 750 1070 καὶ
782 1017 1108 1087 ἀναδέξηται
1140 1017 1211 1070 τὰ
1256 1016 1505 1088 ἡμέτερα
1556 1016 1736 1089 πάθη,
1782 1019 1841 1071 έν

258 1110 416 1180 σαρκὶ
458 1109 724 1182 συνούσης
753 1112 850 1182 τῆς
882 1111 1156 1183 θεότητος.
1185 1111 1294 1164 Kal
1334 1111 1502 1182 γὰρὴ
1543 1111 1735 1181 θεότης
1778 1115 1838 1166 οὐ

259 1204 472 1273 πάσχει.
507 1203 630 1266 Πῶς
662 1203 770 1274 γὰρ
806 1205 833 1256 ό
879 1204 1074 1272 λέγων,
1113 1201 1253 1273 Ἐγώ
1299 1205 1418 1271 ειμι
1454 1203 1494 1272 ἠ
1535 1200 1670 1270 ζωὴ,
1701 1203 1838 1256 ἀπο-

259 1295 432 1348 θανεῖν
481 1295 802 1370 δυνήσεται;
849 1294 1010 1348 Ἀλλά
1055 1293 1277 1364 ἀπαθὴς
1327 1293 1571 1364 διαμένει
1616 1297 1644 1346 ὁ
1687 1293 1839 1358 Θεός.

259 1385 572 1455 Συμπάσχει
613 1386 667 1437 δὲ
697 1388 764 1456 τῇ
799 1386 983 1458 σαρκὶ,
1015 1386 1102 1439 ἵνα
1135 1385 1194 1438 τὺ
1233 1384 1405 1448 πάθος
1447 1386 1526 1448 εἰς
1575 1385 1690 1455 τὴν
1718 1384 1839 1438 θεό-

257 1493 392 1545 τητα
417 1476 667 1546 λογισθῇ,
714 1477 1025 1548 πασχούσης
1059 1477 1158 1546 τῆς
1189 1475 1465 1545 θεότητος,
1499 1476 1578 1539 εἰς
1609 1476 1671 1528 τὸ
1697 1472 1841 1528 εἶναι

257 1568 385 1636 ἡμῖν
416 1569 472 1620 ὲν
508 1567 626 1638 Θεῷ
659 1567 756 1638 τήν
808 1567 1114 1638 σωτηρίαν⁸
1153 1570 1211 1621 ὲν
1245 1567 1406 1638 σαρκὶ
1447 1566 1504 1618 δὲ
1550 1566 1610 1619 τὸ
1643 1567 1836 1632 πάθος,

257 1658 340 1712 ἴνα
375 1659 450 1730 μὴ
499 1659 742 1729 παθητὸν
781 1658 915 1712 Θεὸν
955 1657 1192 1727 ἔχωμεν,
1245 1657 1381 1712 ἀλλὰ
1435 1655 1644 1726 ἀπαθῆ,
1693 1655 1842 1708 ὲλλο-

255 1747 448 1816 γοῦντα
482 1751 559 1811 εἰς
598 1748 789 1801 ἑαυτὸν
830 1746 892 1801 τὸ
940 1747 1133 1812 πάθος,
1179 1747 1321 1800 κατὰ
1370 1747 1707 1819 προαίρεσιν,
1743 1747 1840 1800 καὶ

251 1838 312 1891 ού
349 1837 491 1890 κατὰ
514 1839 777 1906 ἀνάγκην.

1946 657 2207 711 damnum
2251 657 2382 712 hinc
2422 664 2667 711 metuere
2718 655 3000 709 debemus.
3067 655 3255 722 Neque
3284 652 3428 706 enim
3461 653 3530 705 ad

1947 749 2115 802 ul’am
2147 747 2453 802 divinitatis
2475 747 2914 802 imminutionem
2949 746 3223 817 pertinere
3256 743 3399 798 istud
3430 757 3531 812 po-

1946 847 2074 904 test,
2103 857 2223 909 quae
2251 841 2422 896 libera
2455 847 2560 908 est,
2596 847 2649 893 et
2683 853 2806 893 cum
2851 837 3014 892 Patre
3045 852 3262 906 semper
3297 835 3526 890 exstitit.

1948 931 2114 984 Porro
2155 939 2476 998 passus.est
2503 929 2723 1000 quidem
2756 928 3012 982 Christus
3047 928 3412 996 quodcunque
3433 924 3531 978 dc-

1945 1036 2092 1075 mum
2125 1037 2322 1091 passus
2344 1031 2467 1090 est;
2519 1021 2614 1077 sed
2643 1037 2749 1076 non
2785 1019 2906 1089 ejus
2948 1029 3140 1073 natura
3186 1017 3391 1072 mutata
3423 1023 3528 1081 est,

1945 1121 2108 1181 atque
2141 1111 2388 1181 ejusdem
2422 1111 2683 1166 divinitas
2727 1111 2782 1164 in
2831 1124 2931 1164 sua
2983 1109 3074 1162 illa
3118 1105 3392 1177 passionis
3435 1119 3534 1160 ex-

1946 1209 2096 1270 perte
2142 1201 2462 1255 conditione
2512 1201 2772 1270 perstitit.
2842 1198 3023 1265 Quare
3083 1211 3206 1251 cum
3265 1194 3334 1249 de
3404 1209 3535 1264 pro-

1947 1290 2064 1360 pria
2097 1291 2377 1344 voluntate
2406 1305 2505 1360 pro
2540 1291 2822 1344 hominum
2858 1291 3034 1345 salute
3063 1288 3173 1357 pati
3209 1286 3533 1341 constituis-

1942 1389 2045 1446 set,
2075 1381 2224 1450 quod
2255 1380 2514 1436 divinitas
2539 1382 2745 1452 perpeti
2777 1381 2912 1435 nihil
2940 1387 3143 1450 posset,
3173 1393 3294 1447 quae
3320 1393 3416 1447 per
3442 1393 3532 1432 se-

1943 1471 2118 1540 ipsam
2147 1486 2343 1540 expers
2382 1473 2653 1541 passionis
2679 1479 2783 1536 est,
2817 1485 3022 1539 corpus
3067 1479 3347 1532 nostrum,
3382 1469 3529 1536 quod

1943 1563 2056 1632 pali
2097 1563 2261 1635 749
2304 1563 2552 1619 videlicet
2591 1572 2795 1634 potest,
2848 1561 3025 1617 induit
3063 1562 3252 1616 divina
3298 1562 3390 1614 illa
3437 1560 3534 1613 Sa-

1944 1655 2170 1724 pientia,
2212 1661 2271 1708 ut
2310 1656 2364 1710 in
2399 1656 2518 1724 ipso
2550 1664 2745 1725 sponte
2791 1671 2890 1712 sua
2935 1661 3240 1726 pateretur,
3291 1667 3355 1706 ac
3399 1666 3534 1706 con-

1938 1747 2132 1816 juncta
2169 1762 2293 1801 cum
2331 1763 2501 1802 carne
2535 1748 2845 1811 divinitate,
2878 1747 3193 1802 aﬂ'ectiones
3229 1750 3446 1798 nostras
3477 1743 3530 1796 in

1943 1852 2065 1892 sese
2088 1837 2414 1906 susciperet.
2451 1836 2664 1891 Etenim
2693 1837 2954 1892 divinitas
2986 1836 3106 1906 ipsa
3128 1842 3284 1889 extra
3313 1847 3531 1890 omnem

252 1940 337 1987 est
376 1934 612 2002 patiendi
659 1932 1057 1988 conditionem.
1103 1930 1389 1998 Quomodo
1417 1931 1564 1988 enim
1599 1937 1830 1985 mortem
1861 1930 1912 1985 is
1951 1930 2104 1984 obire
2138 1939 2345 1999 posset,
2376 1930 2469 2000 qui
2506 1930 2669 1984 dicit:
2703 1929 2813 2000 Ego
2836 1944 2953 1981 sum
2986 1927 3166 1981 uita'?
3193 1925 3380 1996 Itaque
3405 1941 3531 1980 cum

252 2023 526 2092 passionis
556 2039 753 2093 expers
795 2031 1107 2092 perseveret
1141 2023 1307 2084 Deus.
1342 2004 1467 2077 cum
1496 2036 1664 2076 carne
1683 2028 1866 2074 tamen
1899 2020 2124 2089 patitur,
2154 2018 2291 2072 adeo
2317 2026 2377 2072 ut
2424 2017 2700 2073 divinitati
2748 2019 2933 2087 passio
2963 2019 3054 2072 illa
3085 2018 3378 2080 tribuatur,
3405 2031 3530 2070 cum

249 2114 385 2167 nihil
410 2121 590 2168 tamen
615 2128 710 2183 per
739 2128 860 2168 sese
893 2113 981 2166 illa
1007 2113 1272 2182 patiatur:
1300 2119 1360 2166 ut
1383 2111 1642 2165 nimirum
1676 2109 1826 2165 salus
1849 2108 2006 2162 nobis
2037 2123 2133 2177 per
2158 2105 2326 2162 Deum
2360 2115 2730 2176 comparetur,
2753 2121 2883 2161 caro
2906 2115 3086 2162 autem
3119 2108 3234 2177 ipsa
3266 2108 3532 2161 duntaxat

247 2206 536 2279 adiciatur,
589 2213 648 2257 ut
684 2219 751 2258 ne
783 2202 1134 2272 passionibus
1188 2201 1512 2268 obnoxium,
1545 2200 1640 2256 sed
1685 2200 1754 2254 ab
1800 2201 1868 2254 iis
1903 2199 2084 2268 potius
2132 2198 2428 2251 immunem
2470 2195 2641 2251 Deum
2681 2197 3004 2262 habeamus,
3047 2197 3140 2267 qui
3192 2208 3388 2267 sponte
3421 2213 3524 2253 sua

247 2313 352 2354 nec
404 2297 509 2349 ulla
552 2299 880 2350 necessitate
927 2304 1176 2358 coactus,
1218 2295 1469 2349 eamdem
1514 2295 1663 2348 illam
1706 2292 2052 2348 aﬂectionem
2079 2291 2338 2360 imputari
2370 2290 2475 2345 sibi
2506 2289 2655 2344 velit.
3025 2327 3028 2330 .

321 2390 451 2442 KE’.
486 2389 676 2457 Ὅμως
693 2388 750 2441 δὲ
774 2388 867 2441 καὶ
890 2380 1057 2451 οὗτοι,
1076 2387 1174 2452 τὰς
1195 2386 1370 2452 λέξεις
1398 2388 1497 2451 τὰς
1540 2386 1834 2458 Ἐὅραῖκὰς

2006 2383 2174 2442 XXV.
2215 2385 2286 2438 At
2333 2383 2422 2438 isti
2463 2399 2599 2439 cum
2621 2383 2919 2441 Hebraicas
2942 2401 3108 2441 voces
3155 2401 3225 2441 ne
3251 2387 3532 2458 attigerint

249 2479 377 2534 οὔτε
436 2478 877 2550 ψηλαφήσαντες,
927 2477 1053 2532 οὔτε
1085 2479 1326 2548 γνόντες,
1354 2477 1479 2532 οὔτε
1522 2478 1640 2542 πῶς
1668 2478 1780 2550 ἔχει
1801 2479 1836 2548 ή

246 2570 454 2623 τούτων
488 2568 736 2639 δύναμις,
783 2569 1038 2639 προαλῶς
1083 2571 1180 2624 καὶ
1227 2569 1515 2641 προπετῶς
1559 2570 1838 2638 ἀνέκυψαν

247 2661 415 2714 δεινοὶ
440 2658 644 2729 ἐχθροὶ,
679 2657 970 2728 ζητοῦντες
1008 2660 1301 2732 πρόφασιν,
1339 2659 1504 2714 πόθεν
1529 2661 1629 2731 τὴν
1655 2661 1840 2716 πίστιν

244 2750 576 2820 λωϐήσουσι,
602 2749 799 2820 μᾶλλον
827 2750 884 2802 δὲ
915 2749 1169 2818 ἑαυτούς’
1201 2751 1262 2804 οὐ
1290 2750 1398 2822 γὰρ
1429 2749 1530 2821 τὴν
1556 2749 1836 2822 ἀλήθειανο

247 2843 345 2896 καὶ
382 2841 570 2913 ἐπειδὴ
613 2834 792 2914 εὖρον,
829 2840 910 2894 ὃτι
961 2841 1024 2895 '0
1063 2843 1274 2910 Κύριος
1317 2841 1520 2897 ἐκτισέ
1548 2859 1647 2912 με,
1685 2841 1840 2913 culto-

247 2930 513 2996 κινδύνως
568 2932 760 3005 ὥσπερ
825 2931 1221 3004 φανταζόμενοι
1277 2933 1718 3006 όνειροπολοῦσι,
1770 2932 1839 2988 τὰ

249 3024 422 3096 μηδὲν
460 3023 707 3094 χρήσιμα
748 3023 1231 3092 ὲπεισενέγκαντες
1264 3023 1340 3095 τῷ
1388 3023 1512 3096 βιῳ,
1544 3025 1641 3078 καὶ
1669 3024 1840 3096 ταρά-

250 3115 441 3181 ξαντες
475 3116 574 3187 τὴν
620 3115 963 3188 οἰκουμένην.
1006 3116 1080 3169 Τὸ
1108 3115 1166 3170 δὲ
1221 3115 1506 3189 Ἐὄραῖκὺν
1541 3117 1640 3188 οὐχ
1666 3116 1842 3182 οὕτως

250 3207 370 3277 ἔχει
388 3224 404 3237 ·
432 3209 551 3261 ὅθεν
579 3207 811 3272 Ἀκύλας
835 3208 1016 3277 λέγει’
1044 3208 1259 3276 Κύριος
1281 3207 1586 3278 ἐκτήσατό
1601 3225 1698 3278 με.
1729 3209 1842 3262 Ἀεὶ

257 3295 320 3349 δὲ
346 3299 399 3349 oi
415 3297 701 3365 γεννῶντες
749 3298 941 3362 παῖδας
979 3297 1254 3368 λέγουσιν’
1306 3297 1658 3371 Ἑκτησάμην
1702 3299 1840 3353 υἱόν.

274 3387 414 3440 Ἀλλ’
437 3387 552 3440 οὔτε
579 3387 812 3451 Ἀκύλας
848 3388 948 3458 τὴν
967 3386 1192 3457 δύναμιν
1222 3388 1560 3458 ἡρμήνευσε.
1595 3387 1707 3442 Kal
1731 3388 1842 3459 γὰρ

253 3475 339 3539 τὸ,
376 3474 754 3544 Ἐκτησάμην
771 3475 924 3536 υἱὸν,
959 3475 1034 3540 ὡς
1066 3476 1378 3547 πρόσφατόν
1409 3478 1586 3531 ἐστιν·
1627 3477 1687 3532 ὲν
1720 3477 1842 3550 Θεῷ

244 3567 308 3622 δὲ
354 3567 512 3619 οὐδὲν
576 3566 657 3620 ένι
708 3566 1039 3639 πρόσφατον.
1075 3566 1193 3620 Κάν
1243 3583 1305 3620 τε
1355 3566 1588 3640 ὁμολογῇ
1638 3569 1764 3632 τιςί
1813 3567 1843 3622 ὃ

242 3658 576 3726 γεγέννηται
606 3659 634 3710 ὁ
665 3658 792 3720 Υἱὸς
835 3658 900 3710 ὲκ
930 3656 1026 3711 τοῦ
1055 3657 1291 3729 Πατρός,
1320 3659 1414 3713 καὶ
1448 3658 1548 3712 οὐκ
1576 3659 1839 3713 ἔκτισται.

1946 2478 2197 2548 quidem,
2246 2483 2343 2532 aut
2389 2476 2498 2530 ulla
2535 2490 2726 2530 earnm
2770 2477 3088 2546 cognitione
3131 2475 3339 2547 perfusi
3388 2478 3532 2542 sint,

1946 2584 2125 2639 neque
2156 2567 2288 2638 quid
2323 2568 2428 2622 sibi
2463 2567 2632 2621 velint
2664 2567 2989 2638 intelligant,
3037 2575 3244 2623 temere
3269 2584 3334 2622 ac
3373 2577 3532 2639 petu-

1947 2658 2127 2713 lanter
2163 2658 2518 2713 vehementes
2558 2656 2756 2716 hostes,
2796 2657 3129 2729 insurgunt,
3181 2660 3532 2714 occasionem

1949 2751 2191 2822 undique
2220 2757 2530 2820 captantes,
2564 2765 2672 2822 qua
2707 2749 2869 2806 tidem
2906 2759 3178 2817 nostram,
3211 2753 3294 2808 vel
3321 2754 3534 2824 seipsos

1947 2843 2132 2915 potius
2183 2843 2358 2914 (nihil
2413 2843 2561 2898 enim
2607 2843 2874 2899 adversus
2918 2845 3212 2900 veritatem
3263 2845 3532 2916 possunt)

1947 2949 2276 3005 quacunque
2310 2935 2522 2989 ratione
2558 2933 2910 3021 labefacteqt.
2945 2934 3102 2991 Unde
3129 2951 3254 2990 cum
3291 2939 3364 2991 ita
3395 2937 3535 2992 scri-

1946 3034 2100 3096 ptum
2127 3025 2487 3096 reperissent,
2516 3023 2774 3080 Dominus
2821 3027 3018 3081 creavit
3053 3043 3153 3093 nte,
3186 3028 3436 3083 insubide
3465 3042 3530 3082 ac

1948 3119 2070 3175 sine
2111 3118 2222 3172 ullo
2249 3117 2495 3186 judicio,
2543 3117 2692 3172 velut
2723 3132 2820 3188 per
2850 3122 3124 3175 somnium
3147 3159 3162 3185 ,
3194 3121 3310 3175 visa
3345 3120 3534 3175 nescio

1947 3223 2070 3279 quas
2117 3207 2225 3264 sibi
2271 3207 2582 3274 tinxerunt,
2622 3218 2788 3279 atque
2829 3211 3013 3265 inania
3057 3211 3308 3280 quaedam
3362 3211 3535 3266 intro-

1947 3299 2243 3364 duxerunt,
2284 3299 2488 3370 quibus
2516 3308 2790 3356 terrarum
2826 3301 3014 3356 orbem
3048 3316 3378 3372 magnopere
3407 3317 3534 3371 per-

1951 3390 2262 3446 turbarunt.
2295 3389 2562 3447 Caeterum
2605 3390 2873 3448 Hebraice
2917 3392 3074 3462 longe
3101 3392 3261 3446 aliter
3309 3392 3530 3461 legitur,

1950 3481 2182 3552 ideoque
2224 3481 2306 3536 sic
2337 3482 2535 3553 Aquila
2571 3483 2967 3554 interpretatur
2998 3500 3012 3537 :
3051 3483 3310 3538 Dominus
3350 3489 3534 3551 passo-

1949 3572 2029 3626 dit
2074 3589 2174 3627 me.
2214 3570 2404 3629 Solent
2437 3575 2581 3630 enim
2616 3577 2710 3646 qui
2763 3575 2968 3630 liberos
3013 3576 3326 3646 suscipiunt
3365 3577 3532 3648 vulgo

1951 3667 2138 3723 dicere
2165 3685 2178 3722 :
2205 3665 2434 3722 Possedi
2465 3666 2658 3722 ﬁlium.
2711 3667 3038 3738 Quanquam
3073 3684 3143 3724 ne
3172 3667 3366 3740 Aquila
3403 3672 3532 3741 qui-

244 3750 588 3818 Γεγέννηται
632 3748 689 3802 δὲ
730 3748 978 3819 ἀχρόνως
1013 3748 1106 3802 καὶ
1145 3748 1419 3820 ἁνάρχως.
1461 3749 1598 3804 Οὔτε
1626 3750 1736 3822 γὰρ
1765 3751 1841 3806 ἔνι

1949 3757 2071 3815 dem
2104 3758 2212 3814 vim
2247 3758 2379 3814 satis
2407 3761 2698 3829 expressit.
2730 3757 2868 3814 Nam
2895 3760 3052 3826 illud,
3081 3759 3295 3830 possedi
3326 3760 3530 3830 ﬁlium,

246 3840 448 3911 χρόνος
474 3839 748 3908 ἀναμέσον
776 3839 905 3893 Υἱοῦ
935 3838 1028 3892 καὶ
1056 3838 1290 3910 Πατρός,
1327 3839 1415 3894 ἵνα
1443 3842 1518 3912 μὴ
1549 3841 1740 3912 χρόνος
1764 3860 1848 3907 τις

246 3932 397 4002 ὑπὲρ
432 3929 600 3985 πλείω
642 3928 863 4000 γένηται
901 3928 996 3984 τοῦ
1030 3928 1184 3986 Υῐοῦ.
1216 3931 1279 3984 El
1321 3931 1430 4004 γὰρ
1451 3932 1524 3985 δι’
1558 3933 1743 3988 αὐτοῦ
1775 3934 1850 3989 τὰ

245 4023 476 4088 πάντα,
503 4023 610 4093 ἄρα
641 4023 734 4076 καὶ
759 4023 807 4075 oi
834 4025 1042 4094 χρόνοι.
1070 4021 1278 4093 Χρόνου
1307 4023 1362 4078 δὲ
1391 4024 1728 4096 ὑπάρχοντος
1751 4025 1844 4080 τοῦ

248 4113 366 4185 πρὸ
396 4113 617 4166 πάντων
658 4113 832 4178 ὄντος,
874 4114 994 4179 πῶς
1033 4113 1186 4168 ἔσται
1232 4115 1419 4184 τοῦτο;
1464 4117 1622 4172 Ἀλλὰ
1657 4119 1706 4171 εξ
1736 4117 1846 4189 ἄρα

249 4201 626 4274 ζητηθήσεται
654 4202 810 4268 ἄλλος
840 4203 990 4268 Υἱὸς,
1025 4203 1094 4256 δι’
1126 4195 1191 4257 οὗ
1234 4205 1341 4277 πρὸ
1373 4205 1465 4260 τοῦ
1499 4207 1628 4261 Υἱοῧ
1656 4208 1847 4276 γέγονε

249 4293 470 4365 χρόνος.
494 4295 604 4347 Καὶ
644 4293 814 4350 πολλὰ
838 4297 1007 4361 ἐστιν,
1030 4295 1066 4351 ἃ
1092 4298 1170 4362 εἰς
1202 4297 1427 4368 ἄπειρον
1462 4297 1694 4369 ἀπορίαν
1721 4297 1845 4367 ἄγει

250 4386 328 4440 τὰ
356 4385 467 4438 τῶν
502 4385 1038 4458 περιεργαζομένων,
1066 4388 1160 4442 καὶ
1188 4389 1354 4460 μηδὲν
1385 4390 1589 4458 ἀγαθὸν
1615 4389 1843 4462 ἐργαζο-

254 4476 444 4547 μένων
465 4477 764 4550 ἁνθρώπων
782 4481 1120 4551 φρονήματα.
1141 4483 1229 4534 Ἐν
1244 4481 1301 4534 δὲ
1321 4481 1398 4553 τῷ
1427 4482 1703 4553 Ἐϐραῖκῷ
1727 4483 1840 4553 (9‘2)

251 4566 433 4634 λέγει,
477 4567 730 4634 Ἄδων-ατ,
760 4569 788 4622 ὃ
832 4569 1047 4640 λέγεται
1086 4573 1324 4640 Κύριος·
1359 4573 1593 4639 κανανὶ,
1616 4573 1840 4629 δύναται

1945 3863 2139 3906 recens
2170 3849 2377 3920 aliquid
2425 3865 2491 3904 ac
2538 3866 2738 3906 novum
2787 3851 3092 3922 signiﬁcat,
3124 3851 3435 3921 cujusmodi
3475 3851 3532 3908 in

1950 3939 2064 3996 Deo
2091 3941 2229 3996 nihil
2258 3949 2361 3996 est.
2388 3941 2465 3995 Ac
2496 3942 2543 3998 si
2581 3943 2707 4012 quis
2738 3942 3098 3998 nihilominus
3129 3941 3264 3997 illud
3300 3957 3534 3998 conces-

1949 4033 2118 4096 serit,
2149 4033 2368 4102 genitus
2404 4041 2586 4088 tamen
2637 4051 2667 4088 a
2716 4033 2881 4088 Patre
2926 4032 3126 4099 Filius,
3156 4050 3266 4089 non
3311 4041 3532 4088 creatus

1948 4121 2350 4179 existimandus
2398 4131 2504 4177 est.
2539 4124 2719 4194 Atque
2769 4125 2846 4178 ita
2896 4126 3115 4193 quidem
3164 4126 3414 4194 genitus,
3470 4133 3531 4180 ut

1949 4211 2068 4267 sine
2117 4218 2361 4280 tempore
2404 4219 2498 4266 aut
2549 4213 2708 4268 initio
2754 4214 2827 4269 sit
2865 4218 3106 4283 genitus.
3154 4214 3342 4284 Neque
3380 4214 3530 4268 enim

1949 4300 2146 4356 Filium
2179 4302 2320 4357 inter
2349 4310 2404 4358 et
2447 4300 2668 4359 Patrem
2710 4312 2927 4373 tempus
2959 4305 3128 4359 ullum
3163 4305 3529 4373 interceptum

1945 4401 2068 4459 est,
2113 4410 2182 4450 ne
2219 4409 2327 4466 qua
2360 4396 2622 4464 temporis
2653 4411 2783 4466 pars
2814 4395 2936 4449 Filii
2983 4396 3249 4464 originem
3281 4403 3532 4450 anteees~

1943 4484 2086 4540 sisse
2114 4484 2354 4538 dicatur.
2384 4482 2520 4538 Nam
2547 4485 2595 4541 si
2632 4500 2725 4552 per
2755 4484 2928 4551 ipsum
2947 4484 3110 4554 facta
3133 4493 3258 4538 sunt
3283 4484 3527 4548 omnia’,

1945 4577 2110 4631 etiam
2167 4586 2413 4646 tempora
2458 4577 2578 4646 ipsa
2634 4575 2777 4630 facta
2829 4577 2940 4631 sint
2995 4582 3229 4646 oportet.
3279 4576 3432 4641 Quod
3480 4577 3527 4630 si

249 4655 555 4723 λέγεσθαι,
598 4660 692 4713 καὶ
737 4660 1078 4716 ὲνόσσευσέ
1121 4680 1231 4732 με,
1262 4665 1354 4717 καὶ
1401 4664 1700 4732 ἐκτήσατό
1741 4684 1838 4734 με.

1949 4676 2164 4738 tempus
2194 4667 2414 4737 aliquod
2443 4674 2566 4723 ante
2593 4669 2776 4722 omnia
2807 4667 3088 4723 exstitisse
3115 4665 3357 4730 dicatur,
3390 4683 3530 4737 quo-

249 4748 415 4803 Τδδὲ
450 4749 836 4822 ἀκριϐέστατον
873 4753 1111 4824 λέγεται,
1161 4755 1502 4811 ὲνόσσευσέ
1535 4774 1630 4826 με.
1680 4758 1842 4822 Ποῖος

1947 4775 2074 4814 nam
2107 4760 2272 4814 modo
2310 4759 2442 4816 illud
2475 4760 2742 4817 exsistet?
2789 4759 3130 4828 Quaerendus
3156 4759 3416 4814 nimirum
3448 4763 3529 4815 al-

334 4903 354 4936 ⁸
384 4901 595 4958 Vitium
620 4906 808 4962 subest
841 4908 970 4964 huic
1006 4909 1148 4966 loco.
1223 4911 1244 4942 '
1270 4909 1428 4966 Joan.
1464 4928 1540 4978 xi,
1575 4913 1678 4981 25;
1715 4927 1844 4980 xiv,
1879 4913 1932 4971 6.
2009 4915 2031 4948 ³
2070 4913 2228 4972 Ioan.
2264 4931 2306 4984 ι,
2332 4919 2387 4972 5.

332 5064 451 5136 (92)
488 5065 587 5120 Ἐν
631 5065 699 5121 δὲ
741 5065 823 5133 τῷ
859 5065 1136 5134 Ἐϐραίὂιῷ
1180 5066 1361 5136 λέγει.
1403 5065 1701 5124 Latissime
1751 5069 1842 5124 hic

253 5157 443 5246 locus
479 5158 807 5226 expenditur
856 5157 910 5212 in
953 5159 1240 5210 Ancorato.
1282 5155 1547 5214 llebraica
1597 5175 1701 5213 vox
1741 5171 1848 5246 mp

246 5245 533 5319 possidere
553 5247 849 5319 signiﬁcat.
883 5247 1010 5302 Ideo
1041 5247 1237 5319 Aquila
1277 5249 1545 5319 ἐκτήσατο
1567 5249 1749 5304 vertit.
1779 5245 1848 5302 At

249 5315 837 5386 exemplaria’Graaca
883 5319 1049 5386 vulgo
1102 5318 1282 5370 ἔκτισε
1309 5315 1420 5385 jam
1457 5327 1570 5372 tum
1606 5320 1757 5383 olim,
1789 5329 1848 5372 ut

252 5385 540 5459 hodieque
577 5388 890 5459 praeferunt.
924 5385 1098 5459 Quam
1140 5387 1429 5441 lectionem
1470 5389 1614 5442 haud
1652 5389 1848 5459 probat

251 5453 493 5528 Hieron.
529 5453 594 5508 ad
622 5473 783 5528 rxxvr.
818 5472 945 5528 cap.
967 5457 1068 5528 lsa.
1105 5470 1248 5528 com.
1277 5459 1379 5528 λδ,
1419 5459 1509 5512 ubi
1560 5453 1668 5524 ait;
1696 5475 1845 5528 quie-

249 5525 388 5597 dam
422 5527 752 5595 exemplaria
777 5527 916 5597 male
937 5526 990 5578 in
1031 5526 1341 5597 Proverbiis
1369 5542 1468 5594 pro
1508 5525 1837 5597 possessione

253 5594 471 5648 habere
496 5594 816 5649 creaturam.
845 5595 1045 5649 Verum
1098 5596 1475 5665 antiquissima
1509 5594 1595 5653 est
1621 5599 1836 5654 Graeco-

251 5678 389 5741 [εισι
450 5665 696 5719 codicum
748 5667 836 5718 illa
888 5665 1286 5741 legtio_;__quam
1345 5669 1586 5736 plerique
1645 5685 1836 5741 omnes

249 5732 460 5787 Patres
491 5732 992 5803 agnoseunt,etiain
1030 5736 1104 5787 illi
1131 5732 1222 5804 qui
1257 5732 1380 5790 ante
1413 5732 1645 5794 Arianos
1671 5740 1834 5794 exsti-

250 5811 493 5879 terunt,_
511 5806 586 5856 uti
612 5806 784 5879 Clem.
821 5805 1110 5879 Alexandr.
1139 5804 1566 5879 ii_i__Protreptico,
1599 5810 1836 5879 Ignatius

248 5873 432 5944 epist.
468 5874 522 5940 4,
555 5874 624 5927 ad
664 5875 968 5942 Tarsenses,
997 5873 1666 5935 Tertullianuslibmonti".
1708 5879 1837 5933 Iler-

1943 5085 2080 5142 niog.
2129 5086 2250 5141 cap.
2283 5071 2336 5135 9,
2369 5069 2682 5142 Cyprianus
2715 5071 2812 5125 lib.
2851 5087 2912 5135 ιι,
2950 5071 3237 5129 Testimon.
3272 5073 3525 5132 adversus

1943 5138 2214 5205 Judreos,'
2240 5155 2364 5209 cap.
2395 5138 2539 5206 ι’,ὐι
2587 5142 2983 5205 Athanasium,
3036 5143 3358 5210 Gregorium
3399 5147 3526 5199 Νε-

1945 5209 2120 5263 zianz.
2160 5227 2222 5266 ac
2260 5219 2488 5266 cmtcros
2539 5212 2805 5265 omittam.
2841 5215 3084 5278 Quorum
3121 5214 3212 5267 alii
3251 5215 3319 5270 de
3345 5225 3524 5270 creata

1946 5279 2207 5402 sapientia
2242 5281 2423 5334 locum
2459 5281 2608 5334 illum
2641 5281 2940 5350 accipiunt,
2975 5283 3067 5337 alii
3115 5285 3183 5339 ad
3224 5284 3523 5340 inereatani

1949 5363 2006 5402 re
2026 5352 2213 5402 'ernnt.
2264 5350 2394 5402 Oure
2428 5365 2529 5402 nos
2561 5365 2842 5402 sacrarum
2876 5351 3206 5402 Litterarum
3253 5354 3521 5402 inim-nm.

1949 5350 2213 5422 referunt.
2264 5350 2394 5415 Quae
2416 5365 2529 5422 nos
2561 5365 2842 5422 sacrarum
2875 5351 3206 5407 Litterarum
3252 5354 3521 5422 interpre-

1948 5419 2096 5475 tibus
2126 5421 2481 5492 enucleandar
2507 5421 2848 5490 reliquimus.
2873 5423 2940 5475 At
2966 5422 3299 5492 Epiphanius
3320 5419 3519 5477 novam

1936 5491 2229 5560 quamdam
2289 5489 2555 5545 llebraico
2618 5489 2788 5546 verbo
2850 5489 3125 5547 nouone—m
3176 5492 3402 5560 alliugit.
3461 5502 3522 5546 ut

1936 5557 2077 5611 idem
2114 5560 2184 5613 sit
2206 5564 2322 5645 mp
2349 5569 2512 5630 atque
2542 5561 2828 5613 ἐνόσσευσέ
2852 5581 2942 5630 με,
2975 5564 3131 5630 quasi
3163 5557 3422 5632 scriptum
3447 5567 3520 5617 sit

1935 5657 2050 5735 ’ΒΡ
2085 5666 2114 5702 a
2144 5651 2460 5718 duplicante
2489 5652 2634 5704 Aiin.
2667 5651 2800 5706 Nam
2829 5661 2917 5732 pp
2952 5659 3034 5706 est
3072 5652 3350 5721 nidi/imre
3398 5654 3515 5708 sive

1935 5740 2086 5813 nidos
2120 5751 2459 5795 construere:
2489 5743 2633 5811 quod
2666 5759 2773 5797 non
2807 5743 2946 5796 idem
2977 5752 3062 5798 est
3092 5759 3155 5796 ac
3179 5746 3314 5813 [elus
3339 5745 3524 5800 exclu-

1934 5811 2077 5884 dere,
2115 5813 2194 5884 vel
2224 5813 2530 5884 producere,
2568 5820 2626 5865 ut
2665 5813 2968 5868 arbitratur
3007 5811 3361 5884 Epiphanius.
3387 5816 3521 5872 Ideo

1935 5883 2120 5938 nullus
2142 5882 2268 5937 huic
2295 5883 2519 5953 argutia:
2552 5884 2706 5937 locus
2736 5893 2839 5938 est.
