3994 6406
240 338 359 393 245

931 338 1306 397 ADVERSUS
1343 339 1692 400 IIEBESES
1725 342 1857 404 LIB.
1889 343 1957 402 11.
1995 343 2163 402 TOM.
2199 344 2335 403 ll.——
2355 344 2630 404 lixERES.
2672 343 2858 402 LXIX.

3441 340 3552 397 246

262 457 431 512 Ἀλλὰ
457 455 675 522 πάντως
696 457 844 530 ἐρεῖς
883 472 975 531 μοι
1008 460 1144 532 (95)'
1175 461 1358 517 Θέλων
1379 463 1692 534 ἐγέννησεν,
1724 464 1758 538 ἢ
1781 467 1856 538 μὴ

1989 483 2135 534 ;ram,
2169 457 2619 539 ac'purissimam
2648 463 2770 522 Filii
2800 461 3210 535 generationem
3237 458 3363 531 'pati
3393 458 3553 529 quid-

247 549 446 604 θέλων.
479 549 587 602 Καὶ
619 548 720 604 οὐκ
747 550 866 621 εἰμὶ
897 551 1040 605 κατὰ
1072 551 1154 619 σὲ,
1199 545 1246 606 ὦ
1279 553 1575 622 φιλόνεικε,
1601 555 1691 608 ἵνα
1716 555 1776 609 ἓν
1800 573 1853 610 τι

245 640 496 694 τοιοῦτον
526 643 606 706 εἰς
647 640 782 694 Θεὸν
833 641 1120 714 διανοηθῶ.
1163 641 1227 696 Ei
1267 644 1367 715 μὲν
1400 643 1510 714 γὰρ
1558 645 1633 715 μὴ
1666 645 1852 716 βουλό·-

251 749 425 804 μενος
448 732 760 804 ἐγέννησεν,
783 732 932 786 ἄκων
962 732 1222 804 ἐγέννησε
1243 749 1259 762 ’
1310 734 1406 788 καὶ
1433 735 1483 788 εἰ
1528 734 1854 806 βουλόμενος

249 823 569 895 ἐγέννησεν,
624 823 735 895 ἄρα
767 817 834 895 ἦν
876 822 940 877 τὸ
1003 822 1258 896 βούλημα
1292 825 1400 896 πρὸ
1427 823 1523 880 τοῦ
1551 824 1684 879 Υἱοῦ
1712 841 1726 855 ·
1759 825 1855 879 καὶ

247 916 411 970 ἔσται
450 917 554 970 κᾶν
590 913 732 988 ῥοπὴ
775 917 967 988 χρόνου
1006 918 1214 989 μεταξὺ
1254 918 1387 972 Υῐοῦ
1417 918 1506 973 διὰ
1532 917 1625 972 τοῦ
1659 918 1857 990 βουλή-

253 1025 452 1077 ματος.
501 1005 592 1059 Ἐν
611 1007 732 1078 Θεῷ
754 1007 811 1061 δὲ
835 1007 896 1060 οὐ
921 1008 1112 1079 χρόνος
1143 1009 1222 1073 εἰς
1257 1007 1476 1080 βουλὴν,
1511 1009 1571 1061 οὐ
1600 1007 1858 1079 βούλησις

251 1103 339 1164 εις
375 1102 678 1172 διανόησιν.
732 1101 870 1158 Οὔτε
917 1101 1016 1159 οὖν
1064 1105 1234 1160 θέλων
1279 1105 1590 1177 ἐγέννησεν,
1620 1104 1744 1160 οὔτε
1780 1103 1857 1178 μὴ

1959 573 2126 630 quam
2185 558 2434 614 divinum
2487 572 2692 615 numen
2753 555 3006 625 afﬁcith
3055 553 3425 623 susoicemr.
3493 546 3556 604 Si

1965 651 2187 722 quidem
2217 649 2581 705 immutabilis
2619 658 2706 704 est
2731 645 2918 714 Pater,
2963 641 3328 702 immutabilis
3359 639 3556 704 Filius.

1961 742 2321 802 immutabilis
2372 741 2616 813 Spiritus
2660 746 2910 804 sanctus,
2971 751 3081 814 una
3127 735 3394 799 essentia,
3448 747 3557 795 una

1961 834 2241 890 divinitas.
2267 832 2339 888 At
2368 833 2514 889 enim
2545 832 2696 890 dices
2725 851 2738 887 :
2768 830 2869 886 Vel
2899 829 3208 894 voluntate,
3243 826 3334 884 vel
3363 832 3551 896 prater

1959 926 2298 982 voluntatem
2347 925 2559 998 genuit.
2607 924 2722 997 Ego
2765 939 2900 982 vero
2948 934 3298 993 nequaquam
3342 933 3441 976 ero
3477 915 3561 970 tui

1960 1019 2180 1083 similis,
2210 1019 2375 1074 homo
2397 1017 2932 1081 contentiosissime,
2948 1024 3008 1072 ut
3032 1015 3106 1076 de
3125 1013 3242 1070 Deo
3255 1011 3561 1082 quidquam

1959 1109 2235 1180 ejusmodi
2293 1110 2564 1182 cogitem;
2613 1125 2740 1166 nam
2803 1109 2920 1168 sive
2974 1114 3176 1178 praeter
3222 1103 3564 1162 voluntatem

253 1191 450 1255 θέλων,
486 1191 625 1247 ἀλλὰ
671 1195 732 1246 ὲν
773 1196 840 1265 τῇ
893 1194 1036 1266 ὑπὲρ
1079 1193 1274 1266 βουλὴν
1324 1195 1506 1266 φύσει.
1539 1195 1707 1260 Φύσις
1745 1196 1856 1268 γὰρ

1989 1201 2171 1268 ;enuit,
2216 1200 2422 1257 invitus
2449 1201 2662 1272 genuit,
2715 1200 2834 1257 sive
2881 1199 3166 1254 voluntate
3193 1195 3407 1268 genuit,
3448 1192 3566 1250 haec

255 1283 412 1354 αὐτῷ
471 1287 590 1338 ἔστι
629 1285 910 1356 θεότητος,
944 1286 1070 1340 οὔτε
1121 1286 1320 1358 βουλῆς
1360 1289 1709 1362 ἐπιδεομένη,
1733 1287 1858 1343 οὔτε

1989 1307 2085 1362 psa
2113 1292 2367 1348 voluntas
2395 1290 2595 1347 Filium
2621 1290 2957 1350 antecessit:
2988 1287 3135 1345 unde
3160 1287 3248 1344 vel
3278 1285 3566 1342 minimum

251 1377 389 1429 ἄνευ
430 1375 626 1448 βουλῆς
667 1393 722 1429 τι
772 1377 1109 1448 πράττουσα,
1158 1377 1273 1432 ἀλλ’
1306 1378 1422 1449 ἆμα
1465 1378 1526 1443 ἐξ
1568 1379 1748 1450 αὐτῆς.
1792 1379 1862 1435 τὰ

1989 1383 2162 1437 ιοιιοηι
2212 1391 2554 1438 momentum
2591 1389 2816 1456 propter
2865 1381 3003 1436 illud
3037 1379 3342 1435 voluntatis
3371 1375 3567 1432 decre-

254 1469 443 1522 πάντα
478 1468 700 1540 ἔχουσα,
734 1470 829 1524 καὶ
858 1470 1014 1525 οὐδὲν
1040 1471 1306 1525 λείπουσα
1323 1469 1431 1524 τῶν
1458 1471 1651 1525 ὄντων.

1989 1489 2086 1529 ,υιιι
2117 1482 2246 1531 ante
2274 1473 2473 1532 Filium
2507 1475 2758 1548 intercipi
2794 1474 3019 1548 poterit.
3051 1473 3122 1528 At
3155 1473 3211 1528 in
3244 1471 3358 1526 Deo
3386 1481 3569 1538 neque

257 1577 480 1635 tempus
535 1567 603 1621 ad
659 1565 985 1637 capiendum
1031 1567 1346 1632 consilium,
1397 1583 1572 1638 neque
1601 1567 1857 1623 voluntas
1884 1568 1950 1625 ad
1981 1572 2369 1643 cogitationem
2426 1573 2746 1648 requiritur.
2802 1573 3076 1640 Quocirca
3137 1585 3318 1640 neque
3375 1566 3571 1624 volens

259 1671 441 1727 neque
472 1673 604 1713 vero
655 1661 848 1714 nolens
886 1660 1094 1731 genuit,
1135 1660 1232 1715 sed
1289 1661 1342 1715 in
1383 1668 1604 1727 natura,
1648 1675 1769 1731 qua:
1803 1663 2037 1718 consilio
2075 1668 2226 1721 omni
2265 1668 2519 1740 superior
2573 1677 2678 1724 est.
2711 1665 2840 1722 Haec
2868 1667 3013 1723 enim
3058 1673 3145 1722 est
3187 1673 3383 1719 natura
3431 1657 3574 1713 divi--

260 1751 474 1811 nitaris,
507 1757 568 1803 ut
601 1765 777 1820 neque
827 1751 1063 1806 consilio
1092 1758 1270 1822 egeat,
1321 1767 1424 1807 nec
1466 1751 1677 1825 absque
1709 1753 1942 1809 consilio
1998 1757 2298 1830 quidquam
2344 1761 2624 1826 moliatur,
2673 1758 2769 1818 sed
2821 1773 2889 1822 ex,
2935 1759 3118 1830 seipsa
3151 1755 3318 1813 simul
3374 1750 3575 1810 habeat

259 1843 472 1908 omnia,
509 1859 609 1899 nec
651 1845 761 1898 ulla
800 1859 864 1900 re
894 1845 1205 1898 deiiciatur.

335 1943 465 1995 KZ'.
497 1942 618 1994 Ἔτι
650 1941 707 1995 δὲ
728 1940 892 1995 πάλιν
923 1942 950 1994 ὁ
973 1940 1136 2005 αὐτὸς
1152 1942 1370 2012 ’Ἄρειος
1398 1939 1852 2016 θηρᾶταιλέξεις,

2037 1939 2250 1998 XXVII.
2290 1939 2412 2000 Jam
2446 1956 2575 1998 vero
2618 1939 2764 1996 idem
2805 1937 2897 1998 ille
2922 1937 3111 2000 Arius.
3144 1935 3237 2008 qui
3266 1934 3322 1990 in
3356 1945 3579 2005 captan-

263 2032 607 2104 περινοστῶν
655 2033 745 2086 ἀεὶ
811 2033 879 2087 τὰ
942 2031 1154 2098 πάντα,
1203 2032 1300 2086 καὶ
1359 2032 1861 2106 περιεργαζόμενος

1989 2035 2059 2093 lis
2088 2035 2316 2092 vocibus
2342 2035 2417 2090 ita
2447 2043 2594 2094 totus
2619 2040 2728 2102 est,
2758 2031 2944 2092 omnia
2977 2037 3038 2084 ut
3068 2029 3359 2100 diligenter
3387 2027 3576 2090 obeat,

258 2125 450 2196 ἑαυτῷ
502 2126 570 2180 τὰ
631 2126 900 2198 μοχθηρὰ,
929 2127 1028 2197 οὐχ
1067 2125 1142 2189 ὡς
1180 2123 1294 2196 ἔχει
1327 2125 1389 2177 τὸ
1432 2124 1575 2179 θεῖον
1609 2125 1868 2198 γράμμα,

1989 2147 2045 2187 ac
2086 2131 2405 2202 perlustrat,
2438 2136 2604 2200 atque
2649 2125 2898 2200 improba
2932 2121 3184 2197 quaedam
3212 2120 3580 2190 undeququ

259 2219 382 2271 ἀλλ’
420 2218 498 2282 ὡς
544 2217 706 2280 αὐτὸς
732 2217 904 2271 νοσῶν
944 2217 1073 2288 περὶ
1126 2215 1225 2280 τὰς
1267 2217 1523 2289 ζητήσεις
1577 2219 1669 2272 καὶ⁵
1714 2217 1871 2288 λογο-

1989 2223 2226 2294 vestigat,
2271 2237 2377 2277 non
2419 2229 2477 2278 ut
2515 2218 2716 2274 divinis
2752 2215 2977 2274 Litteris
3029 2223 3401 2268 consentanea
3439 2212 3576 2274 sint,

311 2310 476 2380 αχίας
517 2312 596 2375 εἰς
637 2310 790 2364 οὐδὲν
844 2311 1150 2382 χρήσιμον,
1197 2310 1312 2365 ἀλλ’
1359 2310 1452 2362 ἐπὶ
1513 2311 1871 2382 καταστροφῇ

1989 2316 2072 2373 sed
2107 2330 2205 2387 pro
2242 2329 2308 2370 eo
2338 2323 2504 2384 atque
2541 2313 2719 2383 ipsum
2773 2307 2943 2366 animi
2993 2306 3220 2364 morbus
3274 2305 3576 2375 impulerit,

260 2400 466 2455 ἑαυτοῦ
525 2402 622 2456 καὶ
671 2401 780 2455 τῶν
811 2401 901 2455 ὑπ’
937 2401 1102 2456 αὐτοῦ
1137 2401 1592 2474 πεπλανημένων,
1634 2401 1874 2473 ἐπιλαμ-

1989 2424 2088 2480 quo
2117 2407 2182 2464 ad
2210 2409 2404 2462 inanes
2432 2403 2789 2475 ,quwstiones
2807 2440 2822 2468 ,
2849 2407 2904 2456 et
2936 2397 3232 2454 verborum
3261 2396 3570 2456 contentio.

259 2496 495 2548 ϐἁνεται
557 2493 653 2548 τοῦ
727 2492 936 2566 ῥητοῦ,
994 2489 1052 2549 οῦ
1096 2497 1125 2548 ὁ
1167 2493 1372 2566 Κύριος
1445 2493 1682 2564 εὐλογῶν
1748 2495 1878 2557 τοὺς

1989 2517 2075 2559 nes
2107 2501 2474 2572 rapitur,quae
2502 2497 2637 2552 nulli
2671 2496 2830 2553 alteri
2865 2493 2988 2550 usui
3020 2492 3153 2556 sint,
3179 2507 3346 2562 quam
3374 2498 3434 2546 ut
3469 2501 3580 2549 tam

262 2587 525 2661 μαθητὰς
566 2586 701 2658 ἔφη·
740 2585 953 2655 Πάτερ,
1004 2585 1110 2653 δὸς
1153 2586 1358 2654 αὐτοῖς
1403 2585 1556 2656 ζωὴν
1598 2587 1767 2657 ἔχειν
1812 2586 1880 2642 ἐν

1989 2597 2197 2668 ipsum,
2228 2609 2392 2665 quam
2443 2598 2746 2650 sectatores
2787 2604 2922 2646 suos
2963 2588 3020 2644 in
3060 2586 3361 2659 perniciem
3401 2584 3582 2652 conji-

256 2679 530 2746 ἐαυτοῖς.
573 2679 737 2747 Αῧτη
788 2679 856 2733 δέ
889 2679 1064 2732 ἐστιν
1101 2677 1140 2747 ἠ
1181 2677 1416 2745 αἰώνιος
1457 2675 1592 2746 ζωὴ,
1642 2679 1746 2734 ἵνα
1790 2697 1880 2751 γι-

1989 2689 2152 2745 ciant.
2188 2685 2391 2741 Eodem
2427 2685 2594 2755 igitur
2625 2681 2886 2742 instituto
2919 2680 3069 2735 illam
3103 2677 3318 2733 Domini
3349 2682 3576 2734 senten-

259 2771 558 2827 ηὖσκωσί
628 2788 701 2828 σε
758 2772 868 2825 τὸν
904 2771 1100 2842 μόνον
1162 2771 1460 2839 ἀληθινὸν
1517 2771 1668 2826 θεὸν
1693 2811 1708 2836 ,
1782 2769 1883 2824 καὶ

1989 2775 2118 2830 tiam
2153 2772 2370 2845 arripit,
2401 2788 2533 2844 qua,
2567 2786 2693 2827 cum
2724 2769 3017 2840 discipulis
3056 2767 3176 2826 suis
3222 2766 3364 2823 bene
3397 2780 3588 2846 preca-

262 2866 344 2920 ὂν
389 2865 760 2932 ἀπέστειλας
815 2863 1054 2932 Ἰησοῦν
1091 2865 1370 2932 Χριστόν.
1437 2862 1582 2917 Ἀλλ’
1636 2863 1738 2936 ἤδη
1789 2881 1884 2934 μοι

1989 2875 2159 2932 retur,
2190 2882 2323 2923 usus
2357 2881 2481 2922 esse
2521 2865 2720 2936 legitur
2751 2879 2766 2919 :
2810 2861 3000 2926 Pater,
3034 2860 3108 2914 da
3138 2860 3249 2918 illis
3285 2860 3451 2914 vitam
3483 2855 3586 2912 lut-

267 2957 775 3030 πεπραγμάτευται
804 2958 933 3029 περὶ
960 2956 1170 3011 τούτων
1207 2955 1426 3010 πάντων
1459 2957 1516 3008 ὲν
1548 2955 1628 3028 τῷ
1657 2955 1879 3028 μεγάλῳ

1989 2959 2106 3016 bere
2150 2961 2206 3013 in
2251 2957 2564 3026 semetipsis.
2603 2955 2729 3010 ch
2754 2963 2835 3010 est
2874 2963 3053 3008 autem
3107 2952 3216 3008 vita
3259 2961 3486 3011 (eterna,
3523 2960 3583 3002 ut

265 3052 406 3121 περὶ
461 3049 696 3115 πίστεως
741 3048 908 3121 λόγῳ,
947 3041 992 3119 ᾧ
1049 3048 1214 3103 πάλιν
1266 3049 1410 3103 κατὰ
1442 3046 1542 3120 τὴν
1581 3046 1739 3119 ἡμῶν
1791 3065 1884 3119 με-

1989 3058 2305 3122 cognoscant
2336 3057 2384 3102 te
2412 3047 2586 3102 solum
2617 3061 2797 3102 verum
2836 3043 3001 3098 Deum
3026 3082 3043 3108 ,
3091 3051 3144 3098 et
3189 3057 3344 3112 quem
3395 3039 3590 3094 misisti

265 3143 539 3214 τριότητα
563 3141 657 3196 καὶ⁵
685 3141 996 3207 ἀσθένειαν,
1036 3139 1479 3209 ἀναγκασθέντες
1503 3139 1610 3193 ὑπὸ
1637 3139 1740 3210 τῆς
1771 3138 1883 3192 τῶν

1989 3141 2175 3196 Iesum
2211 3140 2539 3197 Christum'.
2574 3136 2778 3193 Verum
2811 3135 2880 3193 de
2910 3137 2995 3192 his
3023 3135 3282 3191 omnibus
3307 3133 3422 3204 jam
3463 3139 3591 3186 ante

282 3233 525 3302 ἀδελφῶν
583 3232 1007 3306 προτρεπτικῆς
1055 3232 1483 3304 παρακλήσεως,
1529 3232 1884 3304 γεγράφαμεν

1992 3230 2396 3303 disputavimus
2440 3229 2497 3284 in
2549 3243 2748 3300 magno
2796 3225 2890 3281 illo
2937 3225 3005 3282 de
3052 3225 3155 3280 title
3205 3225 3368 3288 libro,
3399 3237 3588 3293 quem,

291 3342 358 3377 πε
367 3325 421 3396 pi
448 3327 670 3391 πίστεως
693 3343 708 3356 ·
728 3319 773 3395 ᾧ
799 3325 946 3399 λόγῳ
961 3323 1268 3395 ὲπεθέμεθα
1287 3323 1462 3395 ὄνομα
1487 3323 1872 3394 Ἁγκυρωτόν.

1991 3334 2092 3388 pro
2124 3318 2326 3388 ingenii
2359 3318 2537 3373 nostri
2569 3316 2951 3372 mediocritate
2983 3325 3148 3385 atque
3183 3314 3588 3375 imbecillitate.

281 3416 396 3470 Καὶ
427 3416 532 3488 γὰρ
563 3417 816 3484 καθάπερ
856 3417 884 3468 ὁ
920 3415 1188 3488 ἡμέτερος
1217 3414 1467 3486 ἐξίσχυσε
1513 3414 1728 3485 πτωχὸς
1767 3413 1884 3477 νοῦς

1995 3410 2227 3465 fratrum
2279 3417 2593 3465 nostrorum
2645 3408 2903 3480 precibus
2944 3415 3000 3462 et
3050 3406 3458 3463 Itortationibus
3495 3405 3597 3459 ad-

269 3508 369 3562 διὰ
392 3509 492 3580 τῆς
512 3509 606 3563 τοῦ
625 3509 762 3562 Θεοῦ
790 3507 1063 3580 βοηθείας,
1079 3509 1144 3561 ὲκ
1172 3508 1352 3577 πάσης
1377 3506 1602 3578 Γραφῆς
1628 3505 1893 3574 συνάγον-

272 3618 374 3666 τες
410 3602 482 3656 τὰ
529 3603 757 3675 ἀληθινὰ
790 3603 890 3674 τῆς
928 3600 1024 3655 τοῦ
1057 3599 1193 3654 Θεοῦ
1224 3601 1595 3664 διδασκαλίας,
1635 3599 1889 3671 ἄγκυραν

269 3694 478 3767 ὥσπερ
505 3699 617 3763 τοῖς
672 3695 1022 3770 βουλομένοις
1060 3696 1160 3768 τὴν
1193 3696 1356 3765 ἁγίαν
1385 3694 1640 3767 πατέρων
1682 3692 1890 3756 πίστιν,

273 3789 653 3861 ἀποστολικήν
677 3806 740 3843 τε
780 3789 874 3844 καὶ
914 3789 1285 3860 προφητικὴν,
1313 3787 1408 3842 καὶ
1438 3787 1533 3840 ἀπ’
1560 3784 1736 3860 ἀρχῆς
1762 3783 1895 3854 ἄχρι

272 3883 380 3937 τοῦ
429 3881 588 3954 δεῦρο
643 3882 706 3935 ὲν
753 3883 822 3953 τῇ
875 3880 1009 3952 ἁγία
1053 3878 1149 3934 τοῦ
1184 3877 1321 3932 Θεοῦ
1378 3877 1678 3949 Ἐκκλησία
1708 3891 1894 3946 κεκη-

281 3976 592 4050 ρυγμένην,
623 3973 810 4046 σαφῶς
824 3972 1200 4046 παρεθέμεθα,
1226 3973 1307 4036 εἰς
1336 3972 1401 4026 τὸ
1433 3970 1762 4042 κατέχεσθαι
1794 3968 1895 4042 τὴν

278 4067 552 4131 διάνοιαν,
584 4067 679 4121 καὶ
729 4064 1150 4136 ἀσφαλιεζεσθαι,
1208 4063 1284 4136 μὴ
1329 4066 1452 4128 ταῖς
1496 4061 1763 4126 ἐπινοίαις
1795 4061 1892 4116 τοῦ

277 4160 538 4214 διαὸόλου
571 4159 907 4232 ριπὶζεσθαι,
939 4157 1076 4232 μηδὲ
1117 4154 1478 4228 κλυδωνισμῷ
1510 4149 1896 4228 παραϐλάπτε-

281 4254 418 4308 σθαι
446 4253 524 4326 τῷ
556 4255 666 4309 ἀπὸ
717 4254 827 4308 τῶν
875 4253 1148 4325 αἱρέσεων
1177 4253 1237 4305 ἑν
1285 4251 1481 4324 κόσμῳ
1505 4249 1894 4315 πολυϐλύστως

279 4347 658 4419 κεκινημένῳ.
711 4347 872 4402 Οὕτω
923 4346 1036 4420 γὰρ
1094 4347 1191 4401 καὶ
1222 4347 1251 4400 ὁ
1281 4344 1488 4416 Κύριος
1527 4337 1737 4410 ἐδίδαξε
1765 4345 1894 4409 τοὺς

279 4437 486 4491 ἑαυτοῦ
560 4437 810 4509 μαθητὰς
861 4437 1060 4508 λέγων,
1106 4439 1188 4492 ὃτι
1249 4437 1396 4491 Ἐὰν
1441 4436 1588 4504 ὅπερ
1611 4434 1896 4506 ἀπαρχῆς

281 4531 617 4599 ἠκούσατε,
655 4531 813 4602 μένῃ
855 4531 924 4587 ἐν
970 4529 1134 4600 ὑμῖν,
1161 4528 1282 4603 [καὶ
1324 4529 1418 4584 ἐὰν
1446 4527 1506 4582 ὲν
1535 4529 1668 4598 ὑμῖν
1703 4528 1838 4600 μένῃ
1866 4527 1896 4581 ὅ

281 4622 562 4692 ἠκούσατε
594 4621 896 4694 ἁπαρχῆςλ
918 4622 1088 4693 ὑμεῖς
1118 4623 1188 4675 ἐν
1220 4621 1350 4691 ἐμοὶ
1363 4621 1618 4692 μενεῖτε,
1652 4619 1752 4673 καὶ
1777 4618 1894 4690 ἐγὼ

281 4717 362 4768 ἐν
410 4715 575 4785 ὑμῖν,
625 4716 786 4786 κάγὼ
837 4717 907 4771 ὲν
935 4714 1016 4782 τῷ
1053 4716 1261 4783 "arpi,
1312 4714 1413 4768 καὶ
1442 4713 1614 4784 ὑμεῖς
1643 4713 1713 4767 ἐν
1741 4713 1893 4782 ἐμοί.

283 4805 460 4856 ’Ὥστε
488 4799 582 4857 οὖν
605 4805 674 4858 τὰ
700 4805 954 4876 ἀπαρχῆς
989 4806 1328 4859 ἀκουσθέντα
1363 4803 1468 4858 ὑπὸ
1501 4804 1518 4835 ⁸
1550 4803 1645 4858 τοῦ
1679 4804 1892 4875 Κυρίου

283 4895 533 4966 ἀληθινὰ
581 4895 683 4967 τῆς
733 4896 973 4960 πίστεως
1029 4898 1182 4969 μένει
1243 4899 1302 4950 ὲν
1329 4899 1395 4969 τῇ
1442 4896 1571 4969 ἁγίᾳ.
1621 4895 1716 4950 τοῦ
1756 4894 1893 4949 Θεοῦ

301 4982 633 5056 Ἐκκλησίαν
682 4985 777 5040 καὶ
829 4986 920 5041 διὰ
962 4987 1121 5041 τοῦτο
1176 4987 1328 5058 μένει
1363 4989 1397 5059 η
1437 4987 1568 5056 ἁγία
1607 4985 1701 5041 τοῦ
1758 4986 1896 5041 Θεοῦ

302 5074 626 5146 Ἐκκλησία,
697 5078 791 5133 καὶ
837 5078 1122 5151 ὀρθόδοξος
1177 5080 1362 5145 πίστις
1414 5081 1474 5134 ἐν
1513 5081 1895 5152 Κυρίῳ,καὶὸ

1994 3506 2144 3563 ducti
2201 3504 2665 3576 perscripsimus,
2703 3501 2792 3558 cui
2831 3504 3104 3556 Ancorato
3141 3514 3341 3554 nomen
3392 3498 3595 3554 iudidi-

1997 3615 2121 3654 mus
2144 3640 2156 3664 ,
2188 3606 2484 3670 propterea
2523 3597 2672 3670 quod
2719 3603 2989 3668 quantum
3038 3610 3138 3665 pro
3171 3591 3375 3663 ingenii
3417 3591 3592 3646 nostri

1995 3693 2200 3764 inopia,
2235 3691 2531 3763 adjuvante
2572 3689 2702 3754 Deo,
2736 3689 3000 3762 consequi
3034 3686 3336 3759 potuimus,
3368 3700 3434 3740 ex
3466 3684 3594 3740 uni-

1994 3800 2156 3839 versa
2208 3783 2494 3854 Scriptura
2543 3798 2670 3837 vera
2703 3797 2768 3837 ac
2797 3797 3060 3853 germana
3088 3779 3290 3835 divinae
3328 3777 3598 3833 doctrina:

1996 3873 2252 3945 dogmata
2291 3875 2637 3946 colligentes,
2682 3871 2847 3945 752
2878 3872 3030 3927 velut
3058 3871 3359 3926 anchoram
3400 3883 3599 3940 quant-

1996 3966 2123 4022 dam
2171 3967 2224 4021 in
2258 3981 2450 4021 eorum
2494 3965 2589 4039 qui
2632 3967 2713 4020 uti
2743 3966 2966 4030 vellent,
3015 3963 3274 4036 gratiam,
3309 3959 3600 4016 sanctissi-

1996 4074 2142 4114 mam
2177 4068 2396 4130 patrum
2429 4069 2749 4117 nostrorum
2790 4053 2978 4122 ﬁdem,
3019 4064 3075 4112 ct
3107 4053 3492 4126 apostolicam,
3534 4068 3600 4107 ac

1995 4149 2373 4222 propheticam
2405 4149 2476 4204 ab
2514 4147 2674 4203 initio
2705 4147 2772 4202 ad
2807 4146 3134 4202 hodiernmn
3174 4159 3351 4218 usque
3383 4152 3601 4214 tempus

1998 4242 2053 4296 in
2085 4250 2274 4297 sancta
2307 4239 2400 4296 Del
2440 4238 2688 4296 Ecclesia
2730 4237 3082 4309 praedicatam
3138 4233 3432 4289 manifeste
3469 4229 3600 4302 pro-

1999 4333 2308 4409 posuimus,
2342 4334 2408 4388 ad
2445 4331 2751 4387 l‘ulciendos
2777 4338 2831 4385 et
2863 4327 3227 4385 stabiliendos
3257 4326 3498 4389 animos,
3530 4339 3601 4378 ne

1997 4427 2202 4484 diaboli
2234 4425 2562 4481 commentis
2593 4440 2658 4479 ac
2691 4423 2981 4478 fraudibus
3012 4421 3122 4474 huc
3154 4420 3397 4488 illucque
3418 4416 3598 4486 jacta-

1997 4529 2212 4584 rcntur,
2249 4529 2345 4574 aut
2383 4534 2448 4574 ex
2486 4518 2555 4573 iis
2583 4525 2978 4589 tempestatum
3014 4513 3296 4575 ﬂuctibus,
3323 4527 3467 4582 quos
3497 4523 3598 4564 va-

1999 4614 2094 4669 ria:
2141 4614 2195 4667 in
2243 4613 2377 4668 orbe
2420 4611 2657 4666 haereses
2690 4608 2982 4680 multiplici
3013 4606 3315 4677 agitatione
3351 4619 3602 4660 commo-

2002 4717 2151 4769 vent,
2182 4706 2496 4762 detrimenti
2525 4705 2829 4777 quidquam
2857 4703 3194 4774 accipereut.
3247 4700 3341 4756 Sic
3373 4701 3518 4754 enim
3544 4707 3602 4754 et

2001 4799 2303 4870 discipulos
2339 4812 2469 4855 suos
2505 4795 2770 4852 Dominus
2801 4793 3023 4848 edocuit
3057 4811 3068 4847 :
3107 4791 3188 4855 Si,
3223 4790 3425 4862 inquit,
3458 4789 3601 4861 quod

2002 4893 2154 4945 initio
2191 4891 2421 4944 audistis
2450 4891 2506 4944 in
2535 4888 2678 4943 vobis
2713 4888 2968 4942 manserit
2995 4928 3010 4953 ,
3045 4902 3133 4940 vos
3166 4885 3220 4939 in
3249 4900 3330 4938 me
3362 4874 3598 4938 manebiL

2001 4988 2106 5050 tis,
2144 4996 2194 5040 et
2231 5002 2326 5056 ego
2358 4985 2414 5038 in
2454 4983 2598 5038 vobis
2632 4999 2650 5037 :
2684 4999 2778 5054 ego
2818 4983 2872 5036 in
2922 4981 3089 5036 Patre
3128 4989 3179 5034 et
3221 4996 3309 5034 vos
3361 4979 3415 5034 in
3456 4996 3536 5034 me
3554 4969 3600 5032 ³’.

2000 5080 2173 5151 Igitur
2206 5093 2343 5134 verae
2371 5076 2494 5132 lidei
2521 5075 2760 5139 decreta,
2793 5091 2915 5147 quae
2941 5091 2972 5131 a
3009 5074 3230 5130 Christo
3264 5069 3496 5130 Domino
3530 5064 3604 5128 ab

287 5165 502 5236 Κύριος
533 5166 564 5218 ὁ
601 5170 898 5239 μονογενὴς
946 5171 1006 5224 ὲν
1061 5169 1138 5242 τῷ
1171 5171 1370 5243 Πατρὶ,
1400 5172 1497 5225 καὶ
1526 5173 1555 5225 ὁ
1600 5171 1794 5244 Πατὴρ
1837 5175 1884 5229 ἐκ

2003 5173 2162 5228 initio
2201 5181 2426 5244 accepta
2470 5178 2622 5237 sunt,
2676 5185 2846 5243 penes
2875 5176 3127 5227 sanctam
3162 5167 3256 5224 Dei
3293 5164 3603 5230 Ecclesiam

367 5327 383 5358 ¹
417 5323 546 5381 Cor.
577 5325 708 5382 ἀπό.
783 5327 805 5358 ¹
834 5323 994 5383 Joan.
1030 5342 1166 5394 xvu,
1186 5326 1242 5395 Ξ,
1272 5327 1328 5383 3.
1406 5327 1426 5358 ³
1448 5326 1609 5382 Joan.
1639 5344 1760 5392 νηί,
1783 5328 1842 5383 51
1871 5345 1884 5395 ς

1991 5370 2005 5395 ,
2029 5329 2098 5396 ﬁ;
2134 5345 2267 5394 xvn,
2295 5327 2384 5383 21.

378 5481 493 5554 (93)
522 5481 706 5554 Ἀλλὰ
747 5482 989 5550 πάντως·
1017 5482 1170 5552 ἐρεῖς
1202 5503 1321 5548 μοι.
1381 5482 1738 5540 Observanda
1776 5482 1894 5540 hinc

295 5553 592 5624 Epipiianii
645 5553 712 5607 ad
749 5555 1082 5608 Arianorum
1141 5555 1359 5624 objecta
1401 5556 1713 5624 responsio,
1764 5570 1890 5607 cum

295 5623 376 5680 ait
433 5623 556 5677 οὔτε
588 5625 833 5685 θέλοντα.
866 5624 995 5678 οὔτε
1027 5625 1104 5695 μὴ
1133 5623 1360 5680 θέλοντα
1390 5623 1605 5681 Patrem
1634 5625 1893 5695 genuisse

301 5697 500 5752 Filium
530 5714 546 5763 ;
577 5712 707 5750 nam
740 5697 1148 5752 vetustissunos
1167 5698 1358 5752 Patres
1385 5699 1520 5752 satis
1541 5707 1762 5751 constat
1789 5697 1894 5750 liae

297 5769 354 5822 in
398 5776 550 5836 parte
587 5783 696 5821 non
727 5768 848 5823 sine
870 5766 1129 5822 cautione
1167 5769 1445 5838 legendos,
1488 5769 1581 5838 qui
1630 5783 1892 5822 nonnun-

300 5854 471 5910 quam
524 5838 745 5895 Patrem
777 5845 1037 5895 asserunt
1069 5836 1350 5895 voluntate
1391 5836 1724 5896 suai’ilium
1758 5853 1889 5908 pro-

2002 5483 2250 5540 duxisse.
2305 5482 2381 5538 lta
2445 5481 2800 5542 .lustinusmt
2845 5496 3016 5551 supra
3069 5479 3410 5541 monuimus,
3458 5480 3603 5538 κατι

2003 5554 2203 5626 βουλὴν
2250 5554 2382 5608 Θεὸν
2416 5555 2550 5608 ὄντα
2586 5553 2714 5610 Υἱὺν
2751 5555 2918 5608 αὐτοῦ
2973 5553 3133 5608 dixit.
3166 5552 3437 5626 Cancrum
3459 5622 3468 5626 _
3491 5552 3602 5626 Au-

2001 5622 2260 5696 gustinus
2297 5627 2619 5694 sophisticae
2657 5627 2736 5679 illi
2772 5628 3105 5696 Arianorum
3139 5622 3469 5676 cavillatio"i
3509 5624 3595 5673 in-

2000 5693 2223 5767 geniose
2273 5712 2340 5753 ac
2368 5693 2650 5754 subtiliter
2675 5699 2946 5763 oecttrrit,
2993 5693 3132 5748 Truc
3162 5735 3175 5748 .
3223 5707 3397 5746 contr.
3437 5707 3600 5747 sem.

2003 5770 2195 5824 Arian.
