1997 3200
91 190 148 219 εις)

418 186 601 215 ADVERSUS
621 186 793 216 HERESES
814 187 878 215 LIB.
900 187 933 215 11.
955 186 1038 216 ΤΟΜ.
1059 187 1091 216 ll.
1105 204 1139 209 —-
1159 188 1298 217 llAERES.
1320 188 1416 217 LXIX.

1688 189 1743 218 τεο

91 247 179 284 ἦλθεν
196 239 247 280 εἰς’
260 247 324 283 μίαν
340 246 443 283 ἀρχὴν,
465 247 506 279 είς
528 246 592 282 μίαν
612 246 742 281 θεότητα,
765 247 805 279 εις
828 247 893 282 μίαν

959 254 1003 281 pse
1017 247 1063 279 sit,
1082 251 1112 275 ut
1128 252 1253 280 testatur,
1274 248 1331 283 Ego
1351 256 1410 275 sum
1433 247 1517 279 vita',
1545 255 1662 283 eamque
1678 254 1745 275 con-

92 296 244 331 ἀλήθειαν,
260 296 300 327 είς
316 294 380 329 μίαν
402 294 547 329 ὁμόνοιαν,
575 294 615 325 εἰς
636 293 701 328 μίαν
724 292 894 327 δοξολογίαν,

93 342 268 376 συναγαγεῖν
290 341 345 368 τῶν
372 340 523 376 ἀνθρώπων
549 339 689 374 σωτηρίαν
712 348 742 365 τε
769 339 817 366 καὶ
839 339 896 366 διά-

92 396 172 414 νοιαν
181 397 187 403 ·
202 387 249 414 καὶ
258 385 374 413 ἐνώπιον
385 385 437 412 τῶν
452 384 581 420 μαθητῶν
592 385 638 412 τὸν
647 385 757 420 Πατέρα
770 385 893 411 αἰτεῖται.

92 434 146 465 Τίς
160 433 217 468 γὰρ
230 432 287 464 υίὸς
305 430 380 466 παρὰ
396 430 500 465 πατρὸς
520 430 571 456 οὐκ
592 431 728 463 αἰτεῖται;
745 429 786 461 τίς
803 429 831 456 δὲ
843 436 881 455 πσ

93 480 149 515 τὴρ
166 479 218 514 υἱῷ
237 479 266 505 οὐ
289 478 398 510 δίδωσις
417 478 492 508 ποῖος
515 476 543 502 δὲ
561 475 619 507 υἱὸς
641 475 747 507 ἀλλοῖος
769 475 898 510 τυγχάνει

97 526 176 561 παρὰ
202 525 252 560 τὴν
271 524 318 551 τοῦ
344 523 446 559 πατρὸς
464 523 566 557 quant;
594 522 648 549 Καὶ
666 522 710 548 διὰ
735 521 813 548 τοῦτο
835 520 898 552 Υἱὸς

99 573 251 608 μονογενὴς
266 571 342 606 παρὰ
364 570 482 605 Πατρὸς,
504 570 612 605 πλήρης
631 568 742 604 χάριτος
763 568 810 594 καὶ
834 567 898 601 ἀλη-

98 619 187 650 θείας,
204 618 254 645 οὐκ
277 617 404 643 ὲπεδέετο
425 615 471 642 τοῦ
497 614 697 650 πληρώματος,
714 614 766 640 οὐκ
788 613 899 648 ἐλλιπὴς

96 665 151 699 τῆς
174 663 317 699 ἀληθείας,
336 662 405 689 ἀλλὰ
427 662 535 697 πλήρης
558 661 670 696 χάριτος
689 660 737 686 καὶ
759 658 898 694 ἀληθείας,

103 710 137 738 '0
162 710 192 736 δὲ
210 710 316 745 πλήρης
331 709 368 735 ὢν
393 708 441 735 καὶ
465 707 573 738 δίδωσι,
595 706 643 733 καὶ
664 705 775 732 δύναται
797 704 899 731 δοῦναι.

96 757 232 785 Βούλεται
244 756 272 782 δὲ
289 755 379 782 πάντα
393 754 505 789 ἀνάγειν
520 754 566 780 ἐπὶ
580 753 626 780 τὸν
642 752 762 788 Πατέρα.
781 750 901 784 ᾏοξιῐζει

97 803 157 837 γὰρ
178 801 246 833 Υἱὸς
265 800 320 827 τὸν
336 799 470 834 Πατέρα·
486 798 603 831 δοξάζει
620 800 636 825 ὀ
656 797 759 832 Πατὴρ
776 797 830 824 τὸν
840 798 901 823 Μο-

97 847 225 883 νογενῆ.
246 846 320 882 Ἐγὼ
334 845 389 881 γάρ
408 853 445 872 σε
469 845 602 877 ἐδόξασα
619 844 668 871 ἐπὶ
683 843 739 877 τῆς
757 842 825 878 γῆς,
844 842 902 868 ελε-

97 903 149 929 γεν
163 895 177 920 ὁ
194 894 258 925 Υἱὸς
277 893 316 928 τῷ
337 892 425 928 Πατρί
436 899 444 907 ·
462 892 509 919 καὶ
523 892 537 918 ὁ
555 890 649 926 Πατὴρ
672 889 749 924 ἔλεγε
765 888 804 924 τῷ
824 887 881 923 Υἱῴ
893 895 900 902 ·

104 939 261 972 Ἐδὸξίισὰ
283 947 337 971 σε,
364 938 415 965 καὶ
435 937 529 964 πάλιν
554 936 685 969 δοξάσω.
705 935 762 962 Οὐκ
791 934 830 961 ἔνι
847 934 901 969 γὰρ

97 985 256 1018 διάστασις,
268 986 318 1012 οὐκ
341 984 381 1011 ἔνι
403 984 499 1019 φθόνος
515 983 653 1018 θεότητος.
676 981 726 1013 Δὸς
748 979 794 1008 οὖν
810 980 902 1012 αὐτοῖς

97 1034 175 1068 ἔχειν
190 1032 264 1067 ζωὴν
282 1032 310 1057 ὲν
328 1031 444 1062 ἑαυτοῖς.
467 1030 496 1057 '0
514 1029 570 1065 ζωὴ
590 1028 628 1057 ὦν
643 1029 715 1064 ζωὴν
732 1027 803 1054 θέλει
826 1026 902 1061 παρὰ

97 1077 213 1113 Πατρδς
225 1076 386 1112 λαμϐάνειν,
401 1076 448 1102 καὶ
470 1075 570 1102 διδόναι
584 1075 640 1105 τοῖς
657 1073 802 1109 μαθηταῖς,
820 1071 902 1103 αὐτὸς

97 1124 139 1150 ὢν
158 1124 228 1159 ζωὴ,
245 1123 289 1149 ἵνα
318 1122 356 1158 μὴ
372 1121 446 1157 διέλῃ
463 1121 513 1156 τὴν
543 1120 658 1156 μονάδα,
676 1119 719 1146 ἵνα
745 1119 781 1155 μὴ
799 1117 903 1149 σκῶλος

97 1171 219 1205 γένηται
245 1170 301 1200 τοῖς
319 1168 472 1200 Ἰουδαίοις·
500 1168 543 1194 ἵνα
562 1166 717 1194 ἀκούσωσιν
736 1166 760 1191 οἱ
782 1164 903 1191 Ἰουδαῖοι

99 1216 181 1252 παρὰ
196 1216 245 1242 τοῦ
265 1215 373 1251 [ἰατρὸς
395 1214 539 1248 αἰτοῦντα,
556 1213 604 1240 καὶ
620 1212 725 1239 διδόντα
743 1212 800 1243 τοῖς
819 1209 903 1237 αὑτοῦ

98 1263 254 1300 μαθηταῖς.

138 1400 182 1427 A‘.
209 1397 273 1430 Πῶς
293 1394 341 1424 οὖν
368 1396 440 1429 αἰτεῖ
454 1395 500 1422 τὸν
525 1394 636 1431 Πατέρα
658 1394 673 1419 ὁ
690 1392 774 1425 Υἱόςς
797 1392 841 1423 Ὠς
866 1391 904 1427 μὴ

98 1447 175 1483 ἔχων
190 1445 239 1473 καὶ
255 1444 338 1471 αἰτῶν
351 1452 358 1476 ;
375 1442 457 1478 Οὐχί·
470 1441 537 1468 ἀλλὰ
550 1440 599 1476 τὴν
612 1439 713 1475 μονάδα
725 1439 776 1474 τῆς
789 1437 905 1473 Τριάδος

103 1493 264 1529 σημαίνων,
284 1490 394 1522 τελείως
419 1488 593 1524 παρέχουσαν
621 1486 660 1522 τῷ
681 1485 848 1521 λαμϐάνοντι
870 1484 905 1527 τᾲ

200 1538 274 1572 ἄξια.
290 1537 349 1564 Ἶνα
363 1537 393 1563 δὲ
410 1535 530 1570 σημάνῃ,
551 1534 592 1560 ὅτι
611 1532 660 1568 μία
674 1532 748 1558 ἐστὶν
765 1532 782 1567 ἡ
798 1525 903 1565 Θεότης,

98 1584 191 1612 ’πᾶλιν
206 1586 233 1610 ἐν
250 1583 322 1618 ἄλλῳ
335 1583 412 1617 τόπῳ
428 1580 520 1607 οὐκέτι
538 1578 699 1614 αἰτούμενος
714 1577 832 1609 δίδωσιν,
847 1575 904 1603 ἁλλ’
919 1592 941 1621 c

112 1630 239 1665 αὐθεντίᾳ
250 1629 283 1656 τὰ
305 1629 370 1660 ἴδια,
386 1627 424 1659 ὡς
440 1625 516 1662 πηγὴ
528 1625 566 1652 ὢν
582 1624 638 1651 ἀπὸ
652 1623 755 1659 πηγῆς,
775 1622 823 1648 καὶ
838 1620 904 1652 Θεὸς

112 1676 153 1703 ὢν
167 1677 198 1702 ἐκ
213 1675 285 1707 Θεοῦ,
298 1673 465 1709 ἐνεφύσησεν
481 1673 520 1704 είς
534 1671 565 1697 τὺ
580 1671 726 1705 πρόσωπον
742 1666 842 1699 αὐτῶν,
858 1665 906 1693 καὶ

108 1719 172 1749 εἶπε
184 1729 191 1736 ·
208 1720 317 1748 Λάϐετε
331 1718 454 1753 Πνεῦμα
463 1717 559 1752 ἅγιον.
571 1715 628 1742 Καὶ
639 1714 733 1741 ἄλλοτε
753 1712 840 1748 ἐπῆρε
856 1711 907 1742 τὰς

105 1770 216 1806 χεῖρας,
232 1767 279 1794 καὶ
293 1764 354 1793 εἶπε
365 1773 372 1781 ·
395 1763 506 1791 Λάϐετε
521 1761 645 1796 Πνεῦμα
664 1760 766 1795 ἅγιονο
786 1758 834 1785 καὶ
850 1757 906 1793 ἔχει

155 1803 247 1847 ἐαυτῷ
264 1811 347 1847 ζωὴν,
362 1810 406 1836 ἴνα
425 1806 447 1844 ᾧ
469 1808 594 1844 βούλεται
609 1806 702 1833 δοῦναι
719 1805 766 1841 δῷ,
790 1804 837 1837 Ὠς
853 1803 907 1839 γὰρ

104 1861 124 1888 ὁ
147 1858 252 1892 Πατὴρ
272 1857 335 1891 ἔχει
356 1855 433 1889 ζωὴν
449 1855 486 1882 ὲν
504 1851 611 1885 ἐαυτῷ.
627 1852 706 1879 οὕτω
729 1851 779 1877 καὶ
796 1851 813 1877 ό
842 1849 909 1882 Υιὸς

104 1906 174 1941 ἔχει
195 1903 274 1936 ζωὴν
296 1903 330 1929 ὲν
343 1900 452 1933 ἐαυτῷ.
470 1899 528 1927 Kal;
551 1899 627 1934 ὁρᾷς,
646 1897 686 1923 ὅτι
708 1896 801 1923 ἕνεκεν
825 1894 909 1930 τιμῆς

103 1940 181 1989 πρὸς
198 1951 245 1977 τὸν
263 1949 391 1985 Πατέρα,
418 1946 464 1973 καὶ
489 1946 584 1972 ἕνεκεν
610 1945 674 1980 μιᾶς
700 1942 838 1978 ένότητος,
862 1940 910 1967 καὶ

105 1988 178 2036 μιᾶς
200 1995 363 2029 δοξολογίας,
378 1993 426 2021 καὶ
449 1992 496 2019 τοῦ
519 1992 556 2027 μὴ
571 1992 635 2022 τοὺς
653 1989 778 2025 μαθητὰς
800 1988 911 2022 νομίσαι

169 2042 225 2069 ἀπὸ
240 2041 286 2068 τοῦ
300 2039 368 2067 Θεοῦ
381 2038 428 2065 τοῦ
444 2038 528 2073 νόμου
546 2036 594 2063 καὶ
610 2036 665 2062 τῶν
678 2033 827 2070 προφητῶν
842 2041 912 2068 παρ-

103 2079 251 2117 εκκλίνειν
275 2088 289 2114 ὁ
304 2085 461 2120 Μονογενὴς
483 2082 549 2119 ἦλθε
571 2082 621 2113 τὰς
646 2081 765 2113 διανοίας
789 2079 843 2106 τῶν
868 2087 912 2105 πι-

103 2134 275 2167 στευόντων,
293 2132 390 2159 τούτου
403 2131 485 2158 ἕνεκα
503 2129 570 2161 Θεὸς
585 2128 633 2160 ὢν,
648 2127 696 2154 καὶ
715 2125 913 2162 προγινώσκων

103 2184 162 2220 τὴν
179 2182 234 2209 τῶν
250 2180 402 2217 ἀνθρώπων
424 2177 604 2213 κακοήθειαν,
628 2175 674 2202 τὸν
691 2175 769 2209 λόγον
786 2173 823 2205 ὡς
844 2173 913 2208 πρὸς

102 2218 159 2257 τον
173 2228 286 2261 Πατέρα
312 2227 427 2262 πέμπει,
448 2225 497 2251 καὶ
510 2224 560 2259 τὴν
579 2222 657 2255 δόξαν
673 2221 858 2255 ἀναφαίρετον
876 2218 914 2254 τῷ

103 2275 203 2310 Harp!
228 2274 345 2305 δίδωσιν,
371 2273 415 2298 ἵνα
439 2270 589 2306 Μανιχαῖος
605 2266 793 2302 καταισχυνθῇ
814 2265 912 2300 ὰρνού-
928 2264 949 2292 D

105 2328 196 2357 μενος
213 2319 259 2345 τὸν
271 2318 391 2351 Πατέρα,
405 2317 448 2342 ἵνα
462 2316 487 2342 οἰ
502 2314 622 2350 μαθηταὶ
637 2313 770 2349 μάθωσιν,
785 2311 827 2338 ὅτι
842 2311 911 2346 αὐτή

103 2368 190 2394 ἐστιν
207 2366 224 2400 ἡ
241 2364 336 2399 θεότης
355 2365 384 2390 ὲν
402 2363 510 2398 Παλαιᾷ
533 2361 580 2388 κα)⁵
600 2361 688 2395 Καινῇ
713 2358 851 2395 Διαθήκῃ·
869 2357 913 2383 ἵνα,

103 2415 135 2441 οἱ
157 2412 282 2439 Ἰουδαῖοι
304 2410 484 2446 ὲντραπῶσιν,
500 2408 541 2435 ὅτι
563 2408 613 2434 οὑχ
627 2404 709 2442 ἦλθεν
726 2405 741 2431 ὁ
757 2403 914 2439 Μονογενὴς

104 2458 221 2490 διδάξαι
250 2457 329 2484 ἄλλον
353 2456 438 2487 Θεὸν,
465 2454 533 2481 ἀλλὰ
555 2451 730 2486 ἀποκαλύψαι
756 2450 839 2477 αὐτοῦ
864 2450 914 2485 τὴν

106 2506 246 2540 eain-qu,
265 2504 311 2530 καὶ
328 2502 436 2537 Πατρὸς
455 2499 537 2527 αὑτοῦ
555 2498 602 2526 τοῦ
620 2496 794 2533 ἐπουρανίου.
806 2496 855 2527 Δὸς
869 2493 915 2521 οὖν

105 2553 212 2583 αὐτοῖς
234 2551 306 2585 ἔχειν
318 2549 391 2584 ζωὴν
413 2550 442 2575 ὲν
460 2547 576 2578 ἑαυτοῖς.
600 2545 731 2578 Καίτοιγε
752 2543 832 2575 αὐτὸς
854 2542 917 2577 ὲκήο

108 2606 200 2636 ρυττε
216 2595 318 2631 ταύτην
340 2596 390 2630 τὴν
410 2594 494 2629 ζωήν.
510 2592 574 2624 Πῶς
590 2591 637 2618 οὖν
651 2592 696 2617 τὸν
718 2590 828 2626 Πατέρα
841 2590 911 2625 ᾔτει,

106 2647 162 2673 ἵνα
175 2643 215 2678 δῷ
228 2644 320 2673 αὐτοῖς
336 2642 350 2668 ὃ
365 2641 446 2671 αὐτὸς
462 2639 598 2672 ἐδίδασκε,
611 2639 659 2665 καὶ
673 2638 775 2671 ἐδίδου;
791 2637 846 2672 Τὴν
862 2636 916 2671 γὰρ

108 2692 190 2727 ζωὴν
205 2690 317 2725 ὕστερον
328 2688 486 2722 ἀπεφήνατο
499 2686 585 2720 λέγων
597 2694 603 2700 ·
620 2685 712 2718 Αὕτη,
728 2684 821 2719 φησὶν,
831 2684 919 2710 ἐστὶν

109 2739 135 2773 ἠ
158 2736 232 2771 ζωὴ,
259 2736 309 2763 ἵνα
333 2733 505 2770 γινώσκωσι
528 2741 565 2759 σε
585 2731 640 2758 τὸν
655 2731 752 2766 μόνον
771 2730 919 2764 ἀληθινὸν

111 2785 206 2812 Θεόν.

948 292 1018 320 ferre
1029 301 1077 328 per
1091 301 1152 322 sese
1167 294 1264 330 possit,
1275 294 1348 329 juris
1375 298 1466 321 tamen
1485 301 1516 321 ac
1530 294 1646 329 iustitiae
1658 294 1744 329 legem

947 339 1111 374 perturbare
1124 340 1232 372 noluit;
1257 339 1305 367 sed
1329 339 1433 367 idcirco
1450 340 1535 370 venit,
1557 343 1586 366 ut
1603 339 1636 366 ad
1660 346 1744 366 mrum

948 385 1114 420 principium
1143 393 1282 421 unamque
1300 385 1483 417 divinitatem,
1505 386 1658 417 veritatem,
1679 392 1746 412 con-

948 431 1082 464 cordiam,
1095 431 1232 466 uniusque
1241 431 1335 466 gloria:
1348 430 1583 463 przedicationem.
1602 429 1745 456 hominum

948 477 1077 510 salutem,
1098 481 1274 512 mentemque
1290 477 1460 504 traduceret.
1485 474 1525 502 0b
1544 475 1570 502 id
1587 482 1681 502 coram
1702 474 1746 501 di-

949 523 1065 558 scipulis
1080 522 1155 549 Patri
1176 523 1335 558 supplicare
1353 522 1452 549 voluit.
1468 521 1536 548 Nam
1549 522 1613 556 quis
1636 520 1746 548 demum

950 568 1022 595 tilius
1047 575 1062 594 a
1080 573 1157 603 patre
1181 576 1236 596 non
1261 568 1406 604 postulat?
1430 572 1476 595 aut
1498 567 1561 602 quis
1589 570 1667 602 pater
1689 574 1746 593 non

951 615 1007 641 tilio
1021 615 1158 650 largitur?
1181 615 1244 650 quis
1259 622 1343 650 porro
1365 614 1437 642 ﬁlius
1450 623 1464 641 a
1486 614 1574 648 patris
1595 618 1693 640 natura
1707 613 1749 639 di-

950 669 1050 689 versus
1066 661 1124 688 est?
1139 660 1288 696 Propterea
1303 661 1403 688 unicus
1419 660 1466 687 Dei
1480 659 1568 688 Filius
1585 667 1600 686 a
1611 659 1692 686 Patre
1704 666 1750 693 ge-

951 706 1036 736 nitus,
1055 705 1153 740 plenus
1171 706 1265 740 gratia:
1282 709 1309 733 et
1321 705 1445 732 veritatis
1468 705 1489 736 ’,
1507 704 1613 730 nullum
1627 704 1750 737 comple-

952 756 1076 779 mentum
1093 752 1262 787 requirebat,
1284 759 1346 779 cum
1363 751 1433 778 nihil
1451 750 1503 785 ipsi
1523 750 1557 777 de
1570 750 1689 777 veritate
1701 749 1750 776 de-

952 803 1039 829 esset.
1055 798 1103 825 sed
1122 797 1219 833 plenus
1234 797 1329 833 gratia:
1348 805 1380 824 ac
1393 796 1518 824 veritatis
1532 795 1614 823 foret.
1628 795 1682 823 Sed
1696 794 1750 822 etsi

953 845 1052 879 plenus
1069 838 1118 876 Isit.
1139 848 1222 879 atque
1239 848 1266 871 et
1285 843 1420 879 largiatur
1442 843 1513 878 ipse,
1529 845 1557 869 et
1570 841 1666 876 largiri
1686 847 1751 876 pos—

954 891 1002 924 sit,
1016 892 1197 919 nihilominus
1209 891 1236 918 in
1255 890 1363 918 Patrem
1378 889 1527 917 rcfundere
1542 887 1635 915 omnia
1651 886 1750 914 voluit.

918 924 938 950 Β
952 936 1019 963 Nam
1035 936 1121 963 Filius
1141 936 1277 972 gloriﬁcat
1296 934 1407 962 Patrem
1431 934 1456 967 ',
1471 941 1504 961 ac
1527 932 1649 960 vicissim
1671 931 1752 958 Pater

953 981 1065 1009 unicum
1087 980 1187 1008 Filium
1203 980 1349 1016 gloriticat.
1373 979 1430 1014 Ego
1455 979 1525 1006 enim
1548 977 1699 1011 clari/ituri
1727 980 1753 1003 te

953 1035 1031 1061 super
1044 1031 1139 1053 terram
1149 1026 1170 1059 ⁵,
1179 1025 1261 1061 754
1271 1026 1310 1052 ait
1321 1025 1396 1052 Patri
1409 1024 1511 1058 Filius;
1521 1028 1548 1051 et
1563 1023 1645 1050 Pater
1658 1022 1728 1050 Filio
1743 1029 1750 1047 :

954 1072 1107 1107 Clariﬁcam‘
1118 1077 1151 1104 te,
1164 1077 1188 1099 et
1198 1072 1293 1098 iterum
1305 1070 1460 1105 clariﬁcabo
1477 1070 1498 1096 ⁸.
1513 1068 1607 1104 Neque
1623 1069 1696 1096 enim
1710 1068 1754 1095 ul-

954 1119 1010 1146 lum
1031 1118 1058 1145 in
1074 1117 1220 1145 Divinitate
1237 1117 1395 1148 dissidium,
1415 1120 1462 1143 aut
1483 1115 1587 1142 invidia
1603 1114 1752 1149 reperitur.

953 1165 1004 1197 Da,
1026 1164 1126 1199 inquit,
1144 1164 1199 1191 illis
1217 1163 1321 1190 habere
1336 1163 1419 1189 vitam
1437 1162 1464 1190 in
1481 1161 1593 1197 seipsis.
1612 1160 1684 1195 Ergo
1697 1158 1753 1186 vita

955 1210 1014 1245 ipsa
1031 1210 1114 1237 vitam
1131 1217 1146 1236 a
1170 1208 1252 1235 Patre
1273 1207 1404 1243 postulat,
1421 1213 1504 1242 quam
1527 1213 1591 1233 cum
1609 1202 1754 1238 discipulis

954 1256 1152 1288 communicet,
1175 1263 1209 1282 ne
1230 1260 1278 1282 aut
1300 1254 1433 1281 unitatem
1463 1252 1617 1284 divideret,
1635 1254 1683 1277 aut
1706 1249 1756 1276 Ju-

954 1302 1023 1330 daeis
1036 1301 1218 1329 oll'ensionem
1237 1300 1381 1335 prmberet,
1396 1303 1425 1325 ut
1436 1299 1525 1334 ipsum
1539 1297 1626 1325 Judaei
1643 1304 1658 1323 a
1674 1295 1757 1323 Patre

954 1352 1094 1384 petentem
1115 1355 1147 1375 ac
1164 1347 1312 1383 discipulis
1329 1350 1489 1381 erogantem
1505 1343 1644 1372 audirent.

992 1394 1078 1422 XXX.
1100 1393 1245 1427 Quomodo
1269 1393 1353 1429 igitur
1378 1391 1466 1419 Filius
1483 1398 1498 1417 a
1514 1390 1596 1418 Patre
1618 1388 1758 1424 postulat?

956 1441 1098 1477 Tanquam
1126 1441 1152 1468 id
1172 1448 1227 1476 quo
1251 1439 1363 1467 carebat
1385 1438 1510 1473 peteret?
1533 1436 1645 1464 Minime
1668 1441 1756 1467 vero;

957 1487 1003 1516 sed
1023 1486 1169 1514 Trinitatis
1196 1485 1333 1512 unitatem
1366 1482 1513 1518 expressit,
1532 1489 1593 1517 quae
1615 1485 1758 1509 consenta-

956 1541 1007 1562 nea
1019 1533 1090 1560 dona
1107 1533 1139 1559 iis
1153 1532 1199 1567 qui
1213 1531 1353 1566 accipiunt
1366 1530 1488 1565 perfecte
1503 1529 1611 1556 tribuit.
1623 1527 1714 1562 Atque
1726 1530 1758 1553 ut

957 1578 1172 1613 intelligeremus
1188 1577 1299 1604 unicam
1318 1583 1380 1603 esse
1401 1575 1587 1605 divinitatem,
1612 1572 1684 1599 idem
1699 1572 1756 1598 al.o

957 1625 1017 1652 loco
1030 1632 1084 1651 non
1096 1624 1152 1658 jam
1167 1622 1325 1658 postulans,
1335 1621 1383 1649 sed
1400 1620 1510 1656 propria
1523 1618 1688 1646 auctoritate
1698 1617 1756 1644 vcl-

957 1675 987 1698 ut
1004 1677 1054 1698 sua
1081 1668 1208 1704 largitur,
1226 1671 1320 1703 utpote
1335 1667 1397 1693 fons
1417 1674 1450 1693 ex
1473 1666 1560 1697 fonte,
1575 1672 1607 1691 ac
1631 1663 1704 1690 Deus
1723 1671 1759 1690 ex

958 1716 1015 1744 Deo
1034 1722 1209 1751 progressus,
1228 1721 1291 1741 cum
1308 1712 1413 1740 scilicet
1428 1710 1457 1738 in
1480 1710 1681 1745 discipulorum
1698 1709 1761 1735 vul-

958 1767 1004 1790 tus
1035 1760 1185 1796 inspirans,
1204 1759 1332 1794 Accipite,
1347 1757 1427 1788 dixit,
1447 1756 1579 1790 Spiritum
1596 1758 1719 1782 sanctum
1738 1753 1760 1781 ‘.

959 1809 1035 1836 Alias
1057 1814 1169 1843 quoque
1193 1805 1311 1834 sublatis
1337 1804 1478 1835 manibus,
1503 1802 1634 1837 Accipite,
1660 1800 1761 1836 inquit,

960 1855 1091 1890 Spiritui»
1105 1859 1239 1880 sanctum.
1252 1852 1318 1879 Item
1334 1860 1342 1878 :
1359 1850 1450 1878 Vitam
1467 1849 1550 1876 habet
1565 1848 1594 1875 in
1611 1847 1713 1882 seipso,
1733 1849 1764 1872 ut

962 1901 1118 1935 cuicunque
1134 1899 1263 1930 voluerit,
1276 1898 1332 1925 det.
1346 1897 1425 1929 Nam,
1446 1896 1480 1923 Ut
1493 1895 1577 1922 Pater
1592 1895 1673 1921 vitam
1685 1892 1763 1919 habet

963 1948 991 1974 in
1007 1947 1102 1981 seipso,
1120 1946 1157 1973 sic
1170 1951 1194 1972 et
1214 1945 1301 1971 Filius
1311 1944 1431 1971 eamdem
1445 1942 1524 1969 habet
1536 1942 1563 1968 in
1579 1947 1635 1968 sese
1647 1940 1668 1967 ".
1680 1938 1764 1966 Vides

962 1994 1047 2030 igitur
1060 1992 1303 2028 quemadmodum,
1328 1995 1358 2017 ut
1379 1990 1514 2017 honorem
1531 1986 1608 2013 Patri
1632 1985 1764 2016 deferret,

964 2046 1047 2075 atque
1064 2043 1094 2066 ut
1114 2039 1282 2074 singularem
1302 2044 1363 2065 esse
1384 2035 1569 2065 divinitatem,
1594 2031 1766 2068 gloriamque

964 2085 1164 2122 signiﬁcarent,
1181 2089 1238 2111 tum
1254 2091 1288 2110 ne
1302 2082 1432 2117 discipuli
1445 2081 1479 2108 ab
1491 2081 1559 2115 legis
1571 2080 1647 2106 illum
1661 2083 1686 2105 el
1700 2084 1765 2112 pro-

965 2133 1111 2167 phetarum
1130 2130 1185 2157 Deo
1200 2129 1322 2157 tidelium
1338 2129 1447 2155 animos
1462 2133 1595 2153 revocare
1615 2124 1683 2152 velle
1703 2123 1765 2149 uni—

965 2186 1028 2205 cum
1043 2177 1088 2203 Dei
1105 2175 1205 2203 Filium
1219 2175 1376 2206 crederent,
1397 2181 1460 2200 cum
1480 2172 1551 2198 idem
1571 2171 1616 2197 ille
1636 2169 1707 2196 Deus
1721 2175 1766 2194 es-

968 2228 1019 2256 set,
1031 2227 1058 2251 et
1073 2223 1214 2249 hominum
1234 2219 1439 2254 improbitatem
1452 2219 1643 2252 cognosceret,
1660 2214 1766 2241 oratio-

965 2278 1028 2298 nem
1047 2269 1080 2296 ad
1101 2267 1211 2295 Patrem
1228 2265 1413 2296 converterit,
1442 2264 1523 2298 eique
1545 2262 1675 2297 gloriam,
1704 2266 1766 2293 quae

966 2315 1067 2343 auferri
1081 2314 1155 2341 nullo
1166 2312 1246 2340 modo
1261 2315 1350 2347 potest
1366 2310 1494 2338 tribuerit
1504 2318 1511 2342 ;
1523 2312 1588 2336 utet
1600 2305 1766 2334 Manichacus

966 2360 1026 2391 ille,
1040 2360 1086 2395 qui
1105 2359 1214 2386 Patrem
1234 2358 1364 2392 abnegat,
1375 2355 1575 2393 erubesceret,
1591 2356 1619 2380 et
1635 2351 1766 2386 discipuli

967 2406 1091 2434 eanulem
1105 2405 1131 2432 in
1147 2403 1236 2431 Veteri
1252 2402 1383 2437 Novoque
1399 2401 1577 2428 Testamento
1593 2398 1767 2426 divinitatem

968 2461 1031 2481 esse
1045 2453 1198 2485 discerent;
1215 2451 1335 2485 denique
1347 2454 1377 2476 ut
1393 2449 1496 2476 ludatis
1512 2448 1644 2483 pudorem
1661 2447 1768 2473 incute-

969 2504 1023 2532 ret,
1046 2500 1111 2527 dum
1135 2498 1386 2526 animadverterent
1403 2503 1457 2522 non
1483 2494 1598 2522 alterius
1621 2492 1768 2528 cujusdam

971 2547 1019 2574 Dei
1038 2546 1205 2582 praedicandi
1224 2545 1312 2577 gratia
1334 2543 1444 2570 venisse
1468 2541 1574 2572 Filium,
1598 2541 1644 2568 sed
1669 2544 1699 2566 nt
1714 2543 1769 2565 tam

973 2601 1063 2625 suam,
1080 2588 1163 2628 quam
1182 2591 1305 2618 ccclestis
1327 2590 1369 2617 sui
1388 2589 1514 2616 Parentis
1531 2587 1703 2614 divinitatem
1722 2584 1771 2612 de-

969 2642 1085 2673 tegeret.
1113 2637 1152 2664 Da
1176 2638 1277 2673 igitur,
1302 2635 1407 2670 inquit,
1428 2634 1482 2661 illis
1506 2633 1590 2660 vitam
1617 2632 1718 2658 habere
1742 2630 1771 2655 in

969 2685 1080 2720 scipsis.
1100 2684 1184 2719 Atqui
1209 2684 1281 2711 hanc
1298 2684 1385 2718 ipsam
1413 2682 1497 2708 vitam
1520 2680 1565 2707 ille
1590 2676 1769 2716 prmdicaliat.

969 2731 1025 2758 Cur
1043 2731 1128 2766 igitur
1142 2739 1156 2757 a
1177 2729 1259 2757 Patre
1280 2728 1445 2766 postulabat,
1463 2731 1493 2754 ut
1513 2726 1564 2752 hoc
1583 2724 1636 2751 illis
1653 2720 1765 2749 confer-

971 2781 1024 2808 ret,
1048 2777 1120 2812 quod
1135 2777 1193 2812 ipse
1208 2776 1322 2803 doceret
1340 2782 1372 2802 ac
1390 2772 1543 2801 tribueret?
1554 2770 1634 2803 Nam,
1649 2767 1722 2803 quod
1737 2767 1772 2794 ad

112 2830 202 2857 vitam
218 2828 324 2859 attinet,
342 2825 414 2853 hanc
428 2825 487 2860 ipse
501 2828 593 2859 postea
607 2822 768 2850 declaravit.
785 2822 848 2849 llwc
861 2827 911 2854 est,
929 2823 977 2855 ait,
996 2823 1062 2855 vita,
1075 2828 1102 2849 ut
1119 2827 1280 2857 cognoscant
1293 2826 1316 2848 te
1332 2820 1419 2847 solum
1438 2814 1666 2855 rerumDeum}.

154 2891 161 2906 '
179 2889 258 2918 Joan.
276 2896 315 2920 χι,
329 2887 383 2918 εζῧς
399 2894 453 2914 xrv.
469 2885 498 2912 6.
534 2884 544 2899 ¹
561 2883 674 2920 εἰοιιηχι,
689 2884 732 2911 Η..

113 2925 160 2954 2'2.
200 2925 210 2942 ⁷
224 2919 348 2957 Joalnv,
359 2921 404 2950 26.
443 2921 453 2937 '
469 2920 548 2948 Joan.
562 2927 627 2952 xvn,
644 2919 669 2946 3.

780 2883 789 2899 ³
805 2882 884 2911 a'oan.
901 2892 905 2911 ι

974 2883 1016 2912 15.
1057 2882 1157 2910 διίςιίιιι.
1176 2890 1244 2915 xvn,
1262 2881 1290 2908 4.
1329 2880 1339 2896 ³
1356 2878 1437 2907 Joan.
1455 2883 1505 2913 xu,
1520 2874 1568 2902 28.
1606 2872 1708 2900 ‘Joan.
1726 2879 1773 2904 xx,
