  <div class='ocr_page' id='page_1' title='image "/cluster/home/n/w/nwhite01/storage/ocr_20150623/42:no.2/coo.31924054869403/131.png"; bbox 0 0 3994 6430; ppageno 0'>
   <div class='ocr_carea' id='block_1_1' title="bbox 446 359 547 416">
    <p class='ocr_par' dir='ltr' id='par_1_1' title="bbox 446 359 547 416">
     <span class='ocr_line' id='line_1_1' title="bbox 446 359 547 416; baseline 0 -1"><span class='ocrx_word' id='word_1_1' title='bbox 446 359 547 416; x_wconf 71' lang='grc'><strong>251</strong></span> 
     </span>
    </p>
   </div>
   <div class='ocr_carea' id='block_1_2' title="bbox 1864 343 2317 416">
    <p class='ocr_par' dir='ltr' id='par_1_2' title="bbox 1864 343 2317 416">
     <span class='ocr_line' id='line_1_2' title="bbox 1864 343 2317 416; baseline -0.009 -1"><span class='ocrx_word' id='word_1_2' title='bbox 1864 358 1922 416; x_wconf 85' lang='lat' dir='ltr'><strong>s.</strong></span> <span class='ocrx_word' id='word_1_3' title='bbox 1966 343 2317 415; x_wconf 64' lang='lat' dir='ltr'><strong>metrum“</strong></span> 
     </span>
    </p>
   </div>
   <div class='ocr_carea' id='block_1_3' title="bbox 3630 349 3756 412">
    <p class='ocr_par' dir='ltr' id='par_1_3' title="bbox 3630 349 3756 412">
     <span class='ocr_line' id='line_1_3' title="bbox 3630 349 3756 412; baseline -0.016 -2"><span class='ocrx_word' id='word_1_4' title='bbox 3630 349 3756 412; x_wconf 65' lang='lat'><strong>353</strong></span> 
     </span>
    </p>
   </div>
   <div class='ocr_carea' id='block_1_4' title="bbox 520 469 2049 550">
    <p class='ocr_par' dir='ltr' id='par_1_4' title="bbox 520 478 2039 550">
     <span class='ocr_line' id='line_1_4' title="bbox 520 478 2039 550; baseline -0.001 -15"><span class='ocrx_word' id='word_1_5' title='bbox 520 480 716 535; x_wconf 62' lang='lat' dir='ltr'><strong>XXXI.</strong></span> <span class='ocrx_word' id='word_1_6' title='bbox 750 479 849 536; x_wconf 85' lang='lat' dir='ltr'><strong>llic</strong></span> <span class='ocrx_word' id='word_1_7' title='bbox 877 479 1045 536; x_wconf 77' lang='lat' dir='ltr'><strong>Arius</strong></span> <span class='ocrx_word' id='word_1_8' title='bbox 1086 478 1320 550; x_wconf 84' lang='lat' dir='ltr'><strong>ejusque</strong></span> <span class='ocrx_word' id='word_1_9' title='bbox 1351 478 1597 536; x_wconf 78' lang='lat' dir='ltr'><strong>fautores</strong></span> <span class='ocrx_word' id='word_1_10' title='bbox 1627 478 1930 543; x_wconf 79' lang='lat' dir='ltr'><strong>exsultant,</strong></span> <span class='ocrx_word' id='word_1_11' title='bbox 1957 486 2039 534; x_wconf 81' lang='lat' dir='ltr'><strong>at-</strong></span> 
     </span>
    </p>
   </div>
   <div class='ocr_carea' id='block_1_5' title="bbox 2142 469 3752 550">
    <p class='ocr_par' dir='ltr' id='par_1_5' title="bbox 2213 469 3752 546">
     <span class='ocr_line' id='line_1_5' title="bbox 2213 469 3752 546; baseline -0.003 -15"><span class='ocrx_word' id='word_1_12' title='bbox 2213 478 2338 531; x_wconf 76' lang='lat' dir='ltr'><strong>AA&#39;.</strong></span> <span class='ocrx_word' id='word_1_13' title='bbox 2372 469 2507 530; x_wconf 77' lang='grc' dir='ltr'>Εἶτα</span> <span class='ocrx_word' id='word_1_14' title='bbox 2533 475 2562 528; x_wconf 99' lang='lat'><strong>6</strong></span> <span class='ocrx_word' id='word_1_15' title='bbox 2600 474 2820 546; x_wconf 77' lang='grc' dir='ltr'>’Ἄρειος</span> <span class='ocrx_word' id='word_1_16' title='bbox 2866 471 2959 527; x_wconf 75' lang='grc' dir='ltr'>καὶ</span> <span class='ocrx_word' id='word_1_17' title='bbox 2991 473 3041 527; x_wconf 83' lang='lat' dir='ltr'><strong>oi</strong></span> <span class='ocrx_word' id='word_1_18' title='bbox 3085 473 3182 529; x_wconf 78' lang='grc' dir='ltr'><strong>ἀπ’</strong></span> <span class='ocrx_word' id='word_1_19' title='bbox 3215 471 3386 528; x_wconf 79' lang='grc' dir='ltr'>αὑτοῦ</span> <span class='ocrx_word' id='word_1_20' title='bbox 3419 472 3752 546; x_wconf 54' lang='lat' dir='ltr'><strong>dum</strong></span> 
     </span>
    </p>
   </div>
   <div class='ocr_carea' id='block_1_6' title="bbox 449 565 2049 644">
    <p class='ocr_par' dir='ltr' id='par_1_6' title="bbox 449 570 2040 644">
     <span class='ocr_line' id='line_1_6' title="bbox 449 570 2040 644; baseline 0.001 -19"><span class='ocrx_word' id='word_1_21' title='bbox 449 588 556 640; x_wconf 81' lang='lat' dir='ltr'><strong>que</strong></span> <span class='ocrx_word' id='word_1_22' title='bbox 583 588 652 628; x_wconf 81' lang='lat' dir='ltr'><strong>ex</strong></span> <span class='ocrx_word' id='word_1_23' title='bbox 683 572 788 626; x_wconf 85' lang='lat' dir='ltr'><strong>hac</strong></span> <span class='ocrx_word' id='word_1_24' title='bbox 821 585 977 637; x_wconf 86' lang='lat' dir='ltr'><strong>voce,</strong></span> <span class='ocrx_word' id='word_1_25' title='bbox 1012 585 1275 644; x_wconf 74' lang='lat' dir='ltr'><strong>magnum</strong></span> <span class='ocrx_word' id='word_1_26' title='bbox 1307 586 1368 627; x_wconf 86' lang='lat' dir='ltr'><strong>se</strong></span> <span class='ocrx_word' id='word_1_27' title='bbox 1401 571 1469 626; x_wconf 87' lang='lat' dir='ltr'><strong>ad</strong></span> <span class='ocrx_word' id='word_1_28' title='bbox 1497 570 1922 642; x_wconf 81' lang='lat' dir='ltr'><strong>oppugnandam</strong></span> <span class='ocrx_word' id='word_1_29' title='bbox 1946 588 2040 627; x_wconf 82' lang='lat' dir='ltr'><strong>ve-</strong></span> 
     </span>
    </p>
   </div>
   <div class='ocr_carea' id='block_1_7' title="bbox 2142 565 3751 644">
    <p class='ocr_par' dir='ltr' id='par_1_7' title="bbox 2143 565 3751 640">
     <span class='ocr_line' id='line_1_7' title="bbox 2143 565 3751 640; baseline -0.002 -17"><span class='ocrx_word' id='word_1_30' title='bbox 2143 569 2232 624; x_wconf 79' lang='grc' dir='ltr'><strong>διίι</strong></span> <span class='ocrx_word' id='word_1_31' title='bbox 2257 568 2354 640; x_wconf 84' lang='grc' dir='ltr'>τῆς</span> <span class='ocrx_word' id='word_1_32' title='bbox 2381 565 2606 632; x_wconf 81' lang='grc' dir='ltr'>λέξεως,</span> <span class='ocrx_word' id='word_1_33' title='bbox 2624 565 2700 630; x_wconf 84' lang='grc' dir='ltr'>ὥς</span> <span class='ocrx_word' id='word_1_34' title='bbox 2725 583 2780 621; x_wconf 82' lang='grc' dir='ltr'><strong>τι</strong></span> <span class='ocrx_word' id='word_1_35' title='bbox 2809 565 2954 620; x_wconf 79' lang='grc' dir='ltr'>κατὰ</span> <span class='ocrx_word' id='word_1_36' title='bbox 2978 566 3079 636; x_wconf 81' lang='grc' dir='ltr'>τῆς</span> <span class='ocrx_word' id='word_1_37' title='bbox 3110 565 3373 637; x_wconf 75' lang='grc' dir='ltr'><strong>ἀληθείας</strong></span> <span class='ocrx_word' id='word_1_38' title='bbox 3409 565 3716 636; x_wconf 67' lang='grc' dir='ltr'>εὑράμενοι</span> <span class='ocrx_word' id='word_1_39' title='bbox 3735 581 3751 594; x_wconf 77' lang='grc'><strong>⁸</strong></span> 
     </span>
    </p>
   </div>
   <div class='ocr_carea' id='block_1_8' title="bbox 451 663 2039 735">
    <p class='ocr_par' dir='ltr' id='par_1_8' title="bbox 451 663 2039 735">
     <span class='ocr_line' id='line_1_8' title="bbox 451 663 2039 735; baseline 0.001 -17"><span class='ocrx_word' id='word_1_40' title='bbox 451 665 669 718; x_wconf 81' lang='lat' dir='ltr'><strong>ritatcm</strong></span> <span class='ocrx_word' id='word_1_41' title='bbox 714 664 1092 734; x_wconf 75' lang='lat' dir='ltr'><strong>adiumentum</strong></span> <span class='ocrx_word' id='word_1_42' title='bbox 1146 673 1342 720; x_wconf 89' lang='lat' dir='ltr'><strong>nactos</strong></span> <span class='ocrx_word' id='word_1_43' title='bbox 1398 673 1612 735; x_wconf 91' lang='lat' dir='ltr'><strong>putant.</strong></span> <span class='ocrx_word' id='word_1_44' title='bbox 1656 663 1792 720; x_wconf 86' lang='lat' dir='ltr'><strong>Nam</strong></span> <span class='ocrx_word' id='word_1_45' title='bbox 1844 666 2039 733; x_wconf 84' lang='lat' dir='ltr'><strong>solum,</strong></span> 
     </span>
    </p>
   </div>
   <div class='ocr_carea' id='block_1_9' title="bbox 452 756 2037 828">
    <p class='ocr_par' dir='ltr' id='par_1_9' title="bbox 452 756 2037 828">
     <span class='ocr_line' id='line_1_9' title="bbox 452 756 2037 828; baseline 0.001 -18"><span class='ocrx_word' id='word_1_46' title='bbox 452 757 733 826; x_wconf 80' lang='lat' dir='ltr'><strong>inquiunt,</strong></span> <span class='ocrx_word' id='word_1_47' title='bbox 761 773 940 812; x_wconf 80' lang='lat' dir='ltr'><strong>verum</strong></span> <span class='ocrx_word' id='word_1_48' title='bbox 957 756 1126 812; x_wconf 87' lang='lat' dir='ltr'><strong>Deum</strong></span> <span class='ocrx_word' id='word_1_49' title='bbox 1145 758 1456 828; x_wconf 80' lang='lat' dir='ltr'><strong>appellavit.</strong></span> <span class='ocrx_word' id='word_1_50' title='bbox 1491 756 1651 828; x_wconf 77' lang='lat' dir='ltr'><strong>Ergo,</strong></span> <span class='ocrx_word' id='word_1_51' title='bbox 1673 757 1920 820; x_wconf 83' lang='lat' dir='ltr'><strong>utvides.</strong></span> <span class='ocrx_word' id='word_1_52' title='bbox 1951 772 2037 814; x_wconf 86' lang='grc' dir='ltr'>εο-</span> 
     </span>
    </p>
   </div>
   <div class='ocr_carea' id='block_1_10' title="bbox 2142 657 3757 730">
    <p class='ocr_par' dir='ltr' id='par_1_10' title="bbox 2142 657 3757 730">
     <span class='ocr_line' id='line_1_10' title="bbox 2142 657 3757 730; baseline -0.002 -14"><span class='ocrx_word' id='word_1_53' title='bbox 2142 663 2226 717; x_wconf 82' lang='grc' dir='ltr'>ὄτι</span> <span class='ocrx_word' id='word_1_54' title='bbox 2251 657 2400 728; x_wconf 73' lang='grc' dir='ltr'>εἷπε,</span> <span class='ocrx_word' id='word_1_55' title='bbox 2433 660 2651 730; x_wconf 80' lang='grc' dir='ltr'>μόνον,</span> <span class='ocrx_word' id='word_1_56' title='bbox 2680 660 2848 730; x_wconf 71' lang='grc' dir='ltr'>φησι,</span> <span class='ocrx_word' id='word_1_57' title='bbox 2881 659 2988 720; x_wconf 82' lang='grc' dir='ltr'><strong>τὸν</strong></span> <span class='ocrx_word' id='word_1_58' title='bbox 3027 660 3322 726; x_wconf 68' lang='grc' dir='ltr'>ἀληθινὸν</span> <span class='ocrx_word' id='word_1_59' title='bbox 3358 658 3529 714; x_wconf 76' lang='grc' dir='ltr'>Θεόν.</span> <span class='ocrx_word' id='word_1_60' title='bbox 3578 658 3757 729; x_wconf 70' lang='grc' dir='ltr'>Ὁρᾷς</span> 
     </span>
    </p>
   </div>
   <div class='ocr_carea' id='block_1_11' title="bbox 2141 751 3759 825">
    <p class='ocr_par' dir='ltr' id='par_1_11' title="bbox 2141 751 3759 825">
     <span class='ocr_line' id='line_1_11' title="bbox 2141 751 3759 825; baseline -0.003 -16"><span class='ocrx_word' id='word_1_61' title='bbox 2141 756 2344 819; x_wconf 89' lang='grc' dir='ltr'>τοίνυν,</span> <span class='ocrx_word' id='word_1_62' title='bbox 2372 753 2454 808; x_wconf 81' lang='grc' dir='ltr'>ὅτι</span> <span class='ocrx_word' id='word_1_63' title='bbox 2502 752 2664 825; x_wconf 79' lang='grc' dir='ltr'>μόνος</span> <span class='ocrx_word' id='word_1_64' title='bbox 2705 753 2854 806; x_wconf 71' lang='grc' dir='ltr'>ἐστὶν</span> <span class='ocrx_word' id='word_1_65' title='bbox 2885 755 2914 807; x_wconf 92' lang='lat'><strong>6</strong></span> <span class='ocrx_word' id='word_1_66' title='bbox 2952 752 3142 824; x_wconf 82' lang='grc' dir='ltr'>Πατὴρ</span> <span class='ocrx_word' id='word_1_67' title='bbox 3166 754 3195 807; x_wconf 85' lang='lat'><strong>6</strong></span> <span class='ocrx_word' id='word_1_68' title='bbox 3242 751 3521 824; x_wconf 76' lang='grc' dir='ltr'>ἀληθινός.</span> <span class='ocrx_word' id='word_1_69' title='bbox 3574 751 3759 820; x_wconf 84' lang='grc' dir='ltr'>Ἐρω-</span> 
     </span>
    </p>
   </div>
   <div class='ocr_carea' id='block_1_12' title="bbox 453 841 2049 920">
    <p class='ocr_par' dir='ltr' id='par_1_12' title="bbox 453 847 2042 920">
     <span class='ocr_line' id='line_1_12' title="bbox 453 847 2042 920; baseline 0.001 -19"><span class='ocrx_word' id='word_1_70' title='bbox 453 848 540 904; x_wconf 90' lang='lat' dir='ltr'><strong>lus</strong></span> <span class='ocrx_word' id='word_1_71' title='bbox 573 847 737 904; x_wconf 87' lang='lat' dir='ltr'><strong>Pater</strong></span> <span class='ocrx_word' id='word_1_72' title='bbox 780 865 946 906; x_wconf 88' lang='lat' dir='ltr'><strong>verus</strong></span> <span class='ocrx_word' id='word_1_73' title='bbox 974 849 1119 904; x_wconf 88' lang='lat' dir='ltr'><strong>Deus</strong></span> <span class='ocrx_word' id='word_1_74' title='bbox 1149 857 1255 904; x_wconf 88' lang='lat' dir='ltr'><strong>est.</strong></span> <span class='ocrx_word' id='word_1_75' title='bbox 1295 848 1456 920; x_wconf 80' lang='lat'><strong>755</strong></span> <span class='ocrx_word' id='word_1_76' title='bbox 1501 848 1606 904; x_wconf 91' lang='lat' dir='ltr'><strong>Sed</strong></span> <span class='ocrx_word' id='word_1_77' title='bbox 1647 864 1751 906; x_wconf 90' lang='lat' dir='ltr'><strong>nos</strong></span> <span class='ocrx_word' id='word_1_78' title='bbox 1792 848 2042 904; x_wconf 83' lang='lat' dir='ltr'><strong>vicissim</strong></span> 
     </span>
    </p>
   </div>
   <div class='ocr_carea' id='block_1_13' title="bbox 2142 841 3762 920">
    <p class='ocr_par' dir='ltr' id='par_1_13' title="bbox 2142 841 3762 918">
     <span class='ocr_line' id='line_1_13' title="bbox 2142 841 3762 918; baseline -0.001 -18"><span class='ocrx_word' id='word_1_79' title='bbox 2142 846 2326 918; x_wconf 84' lang='grc' dir='ltr'>τῶμεν</span> <span class='ocrx_word' id='word_1_80' title='bbox 2364 847 2421 900; x_wconf 86' lang='grc' dir='ltr'><strong>δὲ</strong></span> <span class='ocrx_word' id='word_1_81' title='bbox 2450 846 2594 918; x_wconf 80' lang='grc' dir='ltr'>ὑμᾶς</span> <span class='ocrx_word' id='word_1_82' title='bbox 2628 847 2725 900; x_wconf 74' lang='grc' dir='ltr'>καὶ</span> <span class='ocrx_word' id='word_1_83' title='bbox 2751 846 2932 900; x_wconf 82' lang='grc' dir='ltr'>αύτοί’</span> <span class='ocrx_word' id='word_1_84' title='bbox 2969 845 3034 898; x_wconf 82' lang='grc' dir='ltr'>Τί</span> <span class='ocrx_word' id='word_1_85' title='bbox 3059 841 3152 900; x_wconf 76' lang='grc' dir='ltr'>οὖν</span> <span class='ocrx_word' id='word_1_86' title='bbox 3173 863 3311 914; x_wconf 80' lang='grc' dir='ltr'>φατε</span> <span class='ocrx_word' id='word_1_87' title='bbox 3338 862 3352 911; x_wconf 90' lang='grc'><strong>;</strong></span> <span class='ocrx_word' id='word_1_88' title='bbox 3384 846 3564 909; x_wconf 78' lang='grc' dir='ltr'>Μόνος</span> <span class='ocrx_word' id='word_1_89' title='bbox 3592 844 3762 898; x_wconf 70' lang='grc' dir='ltr'>ἐστὶν</span> 
     </span>
    </p>
   </div>
   <div class='ocr_carea' id='block_1_14' title="bbox 452 940 2040 1013">
    <p class='ocr_par' dir='ltr' id='par_1_14' title="bbox 452 940 2040 1013">
     <span class='ocr_line' id='line_1_14' title="bbox 452 940 2040 1013; baseline 0.002 -19"><span class='ocrx_word' id='word_1_90' title='bbox 452 940 576 996; x_wconf 91' lang='lat' dir='ltr'><strong>illos</strong></span> <span class='ocrx_word' id='word_1_91' title='bbox 608 943 1017 1012; x_wconf 72' lang='lat' dir='ltr'><strong>interrogamus</strong></span> <span class='ocrx_word' id='word_1_92' title='bbox 1055 941 1362 1008; x_wconf 85' lang='lat' dir='ltr'><strong>:Quiduam</strong></span> <span class='ocrx_word' id='word_1_93' title='bbox 1397 942 1564 1013; x_wconf 75' lang='lat' dir='ltr'><strong>igitur</strong></span> <span class='ocrx_word' id='word_1_94' title='bbox 1601 942 1824 997; x_wconf 86' lang='lat' dir='ltr'><strong>dicitis?</strong></span> <span class='ocrx_word' id='word_1_95' title='bbox 1855 941 2040 1009; x_wconf 89' lang='lat' dir='ltr'><strong>Solus,</strong></span> 
     </span>
    </p>
   </div>
   <div class='ocr_carea' id='block_1_15' title="bbox 453 1027 2044 1104">
    <p class='ocr_par' dir='ltr' id='par_1_15' title="bbox 453 1027 2044 1104">
     <span class='ocr_line' id='line_1_15' title="bbox 453 1027 2044 1104; baseline 0.003 -21"><span class='ocrx_word' id='word_1_96' title='bbox 453 1027 733 1099; x_wconf 86' lang='lat' dir='ltr'><strong>inquiunt,</strong></span> <span class='ocrx_word' id='word_1_97' title='bbox 771 1028 932 1093; x_wconf 77' lang='lat' dir='ltr'><strong>Pater:</strong></span> <span class='ocrx_word' id='word_1_98' title='bbox 961 1045 1124 1086; x_wconf 88' lang='lat' dir='ltr'><strong>verus</strong></span> <span class='ocrx_word' id='word_1_99' title='bbox 1158 1037 1262 1086; x_wconf 88' lang='lat' dir='ltr'><strong>est.</strong></span> <span class='ocrx_word' id='word_1_100' title='bbox 1291 1030 1435 1096; x_wconf 83' lang='lat' dir='ltr'><strong>Quid</strong></span> <span class='ocrx_word' id='word_1_101' title='bbox 1465 1047 1597 1104; x_wconf 81' lang='lat' dir='ltr'><strong>ergo</strong></span> <span class='ocrx_word' id='word_1_102' title='bbox 1625 1032 1693 1087; x_wconf 91' lang='lat' dir='ltr'><strong>de</strong></span> <span class='ocrx_word' id='word_1_103' title='bbox 1721 1031 1861 1089; x_wconf 83' lang='lat' dir='ltr'><strong>Filio</strong></span> <span class='ocrx_word' id='word_1_104' title='bbox 1893 1032 2044 1088; x_wconf 85' lang='lat' dir='ltr'><strong>dice-</strong></span> 
     </span>
    </p>
   </div>
   <div class='ocr_carea' id='block_1_16' title="bbox 454 1120 2042 1192">
    <p class='ocr_par' dir='ltr' id='par_1_16' title="bbox 454 1120 2042 1192">
     <span class='ocr_line' id='line_1_16' title="bbox 454 1120 2042 1192; baseline 0.005 -20"><span class='ocrx_word' id='word_1_105' title='bbox 454 1136 578 1176; x_wconf 86' lang='lat' dir='ltr'><strong>mus</strong></span> <span class='ocrx_word' id='word_1_106' title='bbox 604 1121 626 1173; x_wconf 89' lang='lat'><strong>?</strong></span> <span class='ocrx_word' id='word_1_107' title='bbox 651 1120 768 1174; x_wconf 73' lang='lat' dir='ltr'><strong>Non</strong></span> <span class='ocrx_word' id='word_1_108' title='bbox 805 1129 889 1176; x_wconf 89' lang='lat' dir='ltr'><strong>est</strong></span> <span class='ocrx_word' id='word_1_109' title='bbox 918 1137 1085 1178; x_wconf 90' lang='lat' dir='ltr'><strong>verus</strong></span> <span class='ocrx_word' id='word_1_110' title='bbox 1113 1121 1328 1178; x_wconf 85' lang='lat' dir='ltr'><strong>Filius?</strong></span> <span class='ocrx_word' id='word_1_111' title='bbox 1357 1123 1412 1178; x_wconf 88' lang='lat' dir='ltr'><strong>Si</strong></span> <span class='ocrx_word' id='word_1_112' title='bbox 1443 1140 1608 1180; x_wconf 90' lang='lat' dir='ltr'><strong>verus</strong></span> <span class='ocrx_word' id='word_1_113' title='bbox 1637 1141 1746 1181; x_wconf 85' lang='lat' dir='ltr'><strong>non</strong></span> <span class='ocrx_word' id='word_1_114' title='bbox 1771 1133 1880 1192; x_wconf 84' lang='lat' dir='ltr'><strong>est,</strong></span> <span class='ocrx_word' id='word_1_115' title='bbox 1921 1127 2042 1182; x_wconf 88' lang='lat' dir='ltr'><strong>ina-</strong></span> 
     </span>
    </p>
   </div>
   <div class='ocr_carea' id='block_1_17' title="bbox 454 1210 2043 1285">
    <p class='ocr_par' dir='ltr' id='par_1_17' title="bbox 454 1210 2043 1285">
     <span class='ocr_line' id='line_1_17' title="bbox 454 1210 2043 1285; baseline 0.003 -21"><span class='ocrx_word' id='word_1_116' title='bbox 454 1210 543 1266; x_wconf 90' lang='lat' dir='ltr'><strong>nis</strong></span> <span class='ocrx_word' id='word_1_117' title='bbox 592 1220 676 1266; x_wconf 88' lang='lat' dir='ltr'><strong>est</strong></span> <span class='ocrx_word' id='word_1_118' title='bbox 727 1211 862 1267; x_wconf 85' lang='lat' dir='ltr'><strong>ﬁdes</strong></span> <span class='ocrx_word' id='word_1_119' title='bbox 906 1223 1139 1279; x_wconf 88' lang='lat' dir='ltr'><strong>nostra;</strong></span> <span class='ocrx_word' id='word_1_120' title='bbox 1171 1228 1312 1269; x_wconf 85' lang='lat' dir='ltr'><strong>vana</strong></span> <span class='ocrx_word' id='word_1_121' title='bbox 1360 1221 1446 1270; x_wconf 90' lang='lat' dir='ltr'><strong>est</strong></span> <span class='ocrx_word' id='word_1_122' title='bbox 1487 1221 1543 1270; x_wconf 88' lang='lat' dir='ltr'><strong>et</strong></span> <span class='ocrx_word' id='word_1_123' title='bbox 1570 1215 1714 1285; x_wconf 81' lang='lat' dir='ltr'><strong>apud</strong></span> <span class='ocrx_word' id='word_1_124' title='bbox 1757 1231 1859 1273; x_wconf 89' lang='lat' dir='ltr'><strong>nos</strong></span> <span class='ocrx_word' id='word_1_125' title='bbox 1898 1215 2043 1271; x_wconf 77' lang='lat' dir='ltr'><strong>facta</strong></span> 
     </span>
    </p>
   </div>
   <div class='ocr_carea' id='block_1_18' title="bbox 439 1301 2041 1382">
    <p class='ocr_par' dir='ltr' id='par_1_18' title="bbox 439 1301 2041 1382">
     <span class='ocr_line' id='line_1_18' title="bbox 439 1301 2041 1382; baseline 0.009 -29"><span class='ocrx_word' id='word_1_126' title='bbox 439 1301 790 1380; x_wconf 73' lang='lat' dir='ltr'><strong>praedicatio.</strong></span> <span class='ocrx_word' id='word_1_127' title='bbox 826 1302 937 1360; x_wconf 85' lang='lat' dir='ltr'><strong>Vos</strong></span> <span class='ocrx_word' id='word_1_128' title='bbox 964 1314 1143 1360; x_wconf 89' lang='lat' dir='ltr'><strong>autem</strong></span> <span class='ocrx_word' id='word_1_129' title='bbox 1169 1320 1236 1360; x_wconf 84' lang='lat' dir='ltr'><strong>eo</strong></span> <span class='ocrx_word' id='word_1_130' title='bbox 1265 1305 1486 1360; x_wconf 82' lang='lat' dir='ltr'><strong>tandem</strong></span> <span class='ocrx_word' id='word_1_131' title='bbox 1505 1308 2041 1382; x_wconf 75' lang='lat' dir='ltr'><strong>redigemini,utnou</strong></span> 
     </span>
    </p>
   </div>
   <div class='ocr_carea' id='block_1_19' title="bbox 454 1393 2048 1480">
    <p class='ocr_par' dir='ltr' id='par_1_19' title="bbox 454 1393 2048 1480">
     <span class='ocr_line' id='line_1_19' title="bbox 454 1393 2048 1480; baseline 0.008 -33"><span class='ocrx_word' id='word_1_132' title='bbox 454 1394 575 1448; x_wconf 87' lang='lat' dir='ltr'><strong>sine</strong></span> <span class='ocrx_word' id='word_1_133' title='bbox 607 1395 809 1463; x_wconf 80' lang='lat' dir='ltr'><strong>ingenti</strong></span> <span class='ocrx_word' id='word_1_134' title='bbox 846 1395 900 1450; x_wconf 92' lang='lat' dir='ltr'><strong>in</strong></span> <span class='ocrx_word' id='word_1_135' title='bbox 952 1393 1120 1451; x_wconf 89' lang='lat' dir='ltr'><strong>Deum</strong></span> <span class='ocrx_word' id='word_1_136' title='bbox 1163 1400 1520 1480; x_wconf 68' lang='lat' dir='ltr'><strong>contumelia,</strong></span> <span class='ocrx_word' id='word_1_137' title='bbox 1553 1415 1676 1471; x_wconf 59' lang='lat' dir='ltr'><strong>quae</strong></span> <span class='ocrx_word' id='word_1_138' title='bbox 1718 1403 2048 1459; x_wconf 83' lang='lat' dir='ltr'><strong>vestrumin</strong></span> 
     </span>
    </p>
   </div>
   <div class='ocr_carea' id='block_1_20' title="bbox 452 1486 2054 1556">
    <p class='ocr_par' dir='ltr' id='par_1_20' title="bbox 452 1486 2054 1556">
     <span class='ocr_line' id='line_1_20' title="bbox 452 1486 2054 1556; baseline 0.009 -21"><span class='ocrx_word' id='word_1_139' title='bbox 452 1493 615 1556; x_wconf 84' lang='lat' dir='ltr'><strong>caput</strong></span> <span class='ocrx_word' id='word_1_140' title='bbox 653 1487 879 1548; x_wconf 80' lang='lat' dir='ltr'><strong>recidat,</strong></span> <span class='ocrx_word' id='word_1_141' title='bbox 909 1487 1002 1541; x_wconf 88' lang='lat' dir='ltr'><strong>Dei</strong></span> <span class='ocrx_word' id='word_1_142' title='bbox 1035 1486 1234 1544; x_wconf 90' lang='lat' dir='ltr'><strong>Filium</strong></span> <span class='ocrx_word' id='word_1_143' title='bbox 1277 1492 1746 1548; x_wconf 76' lang='lat' dir='ltr'><strong>exsecrandorum</strong></span> <span class='ocrx_word' id='word_1_144' title='bbox 1786 1507 1852 1549; x_wconf 89' lang='lat' dir='ltr'><strong>ac</strong></span> <span class='ocrx_word' id='word_1_145' title='bbox 1896 1493 2054 1549; x_wconf 80' lang='lat' dir='ltr'><strong>dete-</strong></span> 
     </span>
    </p>
   </div>
   <div class='ocr_carea' id='block_1_21' title="bbox 453 1577 2045 1642">
    <p class='ocr_par' dir='ltr' id='par_1_21' title="bbox 453 1577 2045 1642">
     <span class='ocr_line' id='line_1_21' title="bbox 453 1577 2045 1642; baseline 0.007 -13"><span class='ocrx_word' id='word_1_146' title='bbox 453 1577 778 1632; x_wconf 87' lang='lat' dir='ltr'><strong>standorum</strong></span> <span class='ocrx_word' id='word_1_147' title='bbox 804 1579 1228 1636; x_wconf 87' lang='lat' dir='ltr'><strong>simulacrorum</strong></span> <span class='ocrx_word' id='word_1_148' title='bbox 1254 1581 1401 1639; x_wconf 88' lang='lat' dir='ltr'><strong>haud</strong></span> <span class='ocrx_word' id='word_1_149' title='bbox 1419 1584 1744 1640; x_wconf 87' lang='lat' dir='ltr'><strong>dissimilem</strong></span> <span class='ocrx_word' id='word_1_150' title='bbox 1769 1585 2045 1642; x_wconf 80' lang='lat' dir='ltr'><strong>statuatis.</strong></span> 
     </span>
    </p>
   </div>
   <div class='ocr_carea' id='block_1_22' title="bbox 443 1659 2050 1746">
    <p class='ocr_par' dir='ltr' id='par_1_22' title="bbox 443 1659 2050 1746">
     <span class='ocr_line' id='line_1_22' title="bbox 443 1659 2050 1746; baseline 0.007 -27"><span class='ocrx_word' id='word_1_151' title='bbox 443 1659 528 1721; x_wconf 77' lang='lat' dir='ltr'><strong>De</strong></span> <span class='ocrx_word' id='word_1_152' title='bbox 566 1667 769 1737; x_wconf 86' lang='lat' dir='ltr'><strong>quibus</strong></span> <span class='ocrx_word' id='word_1_153' title='bbox 817 1668 874 1724; x_wconf 90' lang='lat' dir='ltr'><strong>in</strong></span> <span class='ocrx_word' id='word_1_154' title='bbox 919 1684 1113 1724; x_wconf 86' lang='lat' dir='ltr'><strong>eorum</strong></span> <span class='ocrx_word' id='word_1_155' title='bbox 1149 1671 1245 1741; x_wconf 91' lang='lat' dir='ltr'><strong>qui</strong></span> <span class='ocrx_word' id='word_1_156' title='bbox 1296 1671 1511 1744; x_wconf 86' lang='lat' dir='ltr'><strong>decepti</strong></span> <span class='ocrx_word' id='word_1_157' title='bbox 1552 1673 1772 1730; x_wconf 82' lang='lat' dir='ltr'><strong>fuerant</strong></span> <span class='ocrx_word' id='word_1_158' title='bbox 1814 1690 2050 1746; x_wconf 87' lang='lat' dir='ltr'><strong>persona</strong></span> 
     </span>
    </p>
   </div>
   <div class='ocr_carea' id='block_1_23' title="bbox 455 1758 2049 1836">
    <p class='ocr_par' dir='ltr' id='par_1_23' title="bbox 455 1758 2049 1836">
     <span class='ocr_line' id='line_1_23' title="bbox 455 1758 2049 1836; baseline 0.008 -27"><span class='ocrx_word' id='word_1_159' title='bbox 455 1758 733 1830; x_wconf 71' lang='lat' dir='ltr'><strong>propheta:</strong></span> <span class='ocrx_word' id='word_1_160' title='bbox 763 1773 890 1815; x_wconf 83' lang='lat' dir='ltr'><strong>cum</strong></span> <span class='ocrx_word' id='word_1_161' title='bbox 925 1760 1252 1832; x_wconf 90' lang='lat' dir='ltr'><strong>loquuntur,</strong></span> <span class='ocrx_word' id='word_1_162' title='bbox 1283 1764 1531 1820; x_wconf 87' lang='lat' dir='ltr'><strong>eamdem</strong></span> <span class='ocrx_word' id='word_1_163' title='bbox 1554 1780 1722 1836; x_wconf 88' lang='lat' dir='ltr'><strong>quam</strong></span> <span class='ocrx_word' id='word_1_164' title='bbox 1755 1781 1854 1823; x_wconf 93' lang='lat' dir='ltr'><strong>vos</strong></span> <span class='ocrx_word' id='word_1_165' title='bbox 1879 1768 1933 1821; x_wconf 85' lang='lat' dir='ltr'><strong>in</strong></span> <span class='ocrx_word' id='word_1_166' title='bbox 1955 1765 2049 1822; x_wconf 88' lang='lat' dir='ltr'><strong>Dei</strong></span> 
     </span>
    </p>
   </div>
   <div class='ocr_carea' id='block_1_24' title="bbox 2139 936 3762 1010">
    <p class='ocr_par' dir='ltr' id='par_1_24' title="bbox 2139 936 3762 1010">
     <span class='ocr_line' id='line_1_24' title="bbox 2139 936 3762 1010; baseline -0.002 -18"><span class='ocrx_word' id='word_1_167' title='bbox 2139 941 2172 992; x_wconf 81' lang='grc' dir='ltr'>ὁ</span> <span class='ocrx_word' id='word_1_168' title='bbox 2211 937 2403 1010; x_wconf 84' lang='grc' dir='ltr'>Πατὴρ</span> <span class='ocrx_word' id='word_1_169' title='bbox 2434 938 2463 990; x_wconf 88' lang='lat'><strong>6</strong></span> <span class='ocrx_word' id='word_1_170' title='bbox 2514 937 2792 1008; x_wconf 76' lang='grc' dir='ltr'>ἀληθινός.</span> <span class='ocrx_word' id='word_1_171' title='bbox 2840 938 2899 991; x_wconf 88' lang='lat'><strong>&#39;0</strong></span> <span class='ocrx_word' id='word_1_172' title='bbox 2933 937 2989 991; x_wconf 76' lang='grc' dir='ltr'><strong>δὲ</strong></span> <span class='ocrx_word' id='word_1_173' title='bbox 3020 937 3147 1001; x_wconf 76' lang='grc' dir='ltr'>Υἱὸς</span> <span class='ocrx_word' id='word_1_174' title='bbox 3176 938 3230 991; x_wconf 86' lang='grc' dir='ltr'><strong>τί</strong></span> <span class='ocrx_word' id='word_1_175' title='bbox 3265 936 3375 1008; x_wconf 77' lang='grc' dir='ltr'>ἄρα</span> <span class='ocrx_word' id='word_1_176' title='bbox 3411 937 3598 1002; x_wconf 60' lang='lat' dir='ltr'><strong>Enni;</strong></span> <span class='ocrx_word' id='word_1_177' title='bbox 3631 936 3762 990; x_wconf 81' lang='grc' dir='ltr'><strong>Οὐκ</strong></span> 
     </span>
    </p>
   </div>
   <div class='ocr_carea' id='block_1_25' title="bbox 2145 1023 3760 1098">
    <p class='ocr_par' dir='ltr' id='par_1_25' title="bbox 2145 1023 3760 1098">
     <span class='ocr_line' id='line_1_25' title="bbox 2145 1023 3760 1098; baseline 0.002 -20"><span class='ocrx_word' id='word_1_178' title='bbox 2145 1024 2290 1078; x_wconf 77' lang='grc' dir='ltr'>ἐστιν</span> <span class='ocrx_word' id='word_1_179' title='bbox 2323 1023 2580 1096; x_wconf 79' lang='grc' dir='ltr'>ἀληθινὸς</span> <span class='ocrx_word' id='word_1_180' title='bbox 2603 1027 2631 1078; x_wconf 87' lang='grc' dir='ltr'><strong>ὁ</strong></span> <span class='ocrx_word' id='word_1_181' title='bbox 2662 1025 2828 1092; x_wconf 79' lang='grc' dir='ltr'><strong>Υἱός;</strong></span> <span class='ocrx_word' id='word_1_182' title='bbox 2860 1027 2922 1080; x_wconf 79' lang='lat' dir='ltr'><strong>Et</strong></span> <span class='ocrx_word' id='word_1_183' title='bbox 2955 1027 3055 1080; x_wconf 81' lang='grc' dir='ltr'>οὐκ</span> <span class='ocrx_word' id='word_1_184' title='bbox 3083 1026 3234 1082; x_wconf 73' lang='grc' dir='ltr'>ἔστιν</span> <span class='ocrx_word' id='word_1_185' title='bbox 3263 1026 3515 1098; x_wconf 78' lang='grc' dir='ltr'>ἀληθινὸς</span> <span class='ocrx_word' id='word_1_186' title='bbox 3541 1029 3571 1081; x_wconf 93' lang='lat'><strong>6</strong></span> <span class='ocrx_word' id='word_1_187' title='bbox 3591 1026 3760 1090; x_wconf 78' lang='grc' dir='ltr'>Υἱὸς,</span> 
     </span>
    </p>
   </div>
   <div class='ocr_carea' id='block_1_26' title="bbox 2148 1114 3760 1188">
    <p class='ocr_par' dir='ltr' id='par_1_26' title="bbox 2148 1114 3760 1188">
     <span class='ocr_line' id='line_1_26' title="bbox 2148 1114 3760 1188; baseline 0.001 -20"><span class='ocrx_word' id='word_1_188' title='bbox 2148 1114 2352 1186; x_wconf 85' lang='grc' dir='ltr'>ματαία</span> <span class='ocrx_word' id='word_1_189' title='bbox 2387 1117 2422 1186; x_wconf 81' lang='grc' dir='ltr'>ἡ</span> <span class='ocrx_word' id='word_1_190' title='bbox 2458 1115 2645 1180; x_wconf 82' lang='grc' dir='ltr'>πίστις</span> <span class='ocrx_word' id='word_1_191' title='bbox 2693 1116 2878 1188; x_wconf 80' lang='grc' dir='ltr'>ἡμῶν,</span> <span class='ocrx_word' id='word_1_192' title='bbox 2931 1117 3164 1186; x_wconf 74' lang='grc' dir='ltr'>μάταιον</span> <span class='ocrx_word' id='word_1_193' title='bbox 3198 1116 3262 1171; x_wconf 79' lang='grc' dir='ltr'>τὸ</span> <span class='ocrx_word' id='word_1_194' title='bbox 3306 1118 3364 1171; x_wconf 82' lang='grc' dir='ltr'>ὲν</span> <span class='ocrx_word' id='word_1_195' title='bbox 3391 1118 3527 1188; x_wconf 80' lang='grc' dir='ltr'>ἡμῖν</span> <span class='ocrx_word' id='word_1_196' title='bbox 3566 1118 3760 1188; x_wconf 82' lang='grc' dir='ltr'>κήρυ-</span> 
     </span>
    </p>
   </div>
   <div class='ocr_carea' id='block_1_27' title="bbox 2145 1205 3771 1282">
    <p class='ocr_par' dir='ltr' id='par_1_27' title="bbox 2145 1205 3771 1282">
     <span class='ocr_line' id='line_1_27' title="bbox 2145 1205 3771 1282; baseline 0.001 -22"><span class='ocrx_word' id='word_1_197' title='bbox 2145 1224 2262 1278; x_wconf 81' lang='grc' dir='ltr'><strong>γμα</strong></span> <span class='ocrx_word' id='word_1_198' title='bbox 2278 1223 2291 1237; x_wconf 81' lang='grc'><strong>’</strong></span> <span class='ocrx_word' id='word_1_199' title='bbox 2311 1205 2675 1278; x_wconf 78' lang='grc' dir='ltr'>εὐρεθήσεσθε</span> <span class='ocrx_word' id='word_1_200' title='bbox 2704 1208 3096 1273; x_wconf 76' lang='grc' dir='ltr'><strong>ἀπεικάζοντες</strong></span> <span class='ocrx_word' id='word_1_201' title='bbox 3118 1209 3209 1264; x_wconf 77' lang='grc' dir='ltr'>τὸν</span> <span class='ocrx_word' id='word_1_202' title='bbox 3231 1209 3381 1275; x_wconf 74' lang='grc' dir='ltr'>Υἱὺν,</span> <span class='ocrx_word' id='word_1_203' title='bbox 3410 1207 3551 1282; x_wconf 83' lang='grc' dir='ltr'>[τοῦ]</span> <span class='ocrx_word' id='word_1_204' title='bbox 3581 1210 3771 1282; x_wconf 82' lang='grc' dir='ltr'>βλασ-</span> 
     </span>
    </p>
   </div>
   <div class='ocr_carea' id='block_1_28' title="bbox 2147 1299 3765 1376">
    <p class='ocr_par' dir='ltr' id='par_1_28' title="bbox 2147 1299 3765 1376">
     <span class='ocr_line' id='line_1_28' title="bbox 2147 1299 3765 1376; baseline -0.002 -20"><span class='ocrx_word' id='word_1_205' title='bbox 2147 1300 2458 1374; x_wconf 82' lang='grc' dir='ltr'>φημοῦντες</span> <span class='ocrx_word' id='word_1_206' title='bbox 2509 1299 2631 1354; x_wconf 80' lang='grc' dir='ltr'>καθ’</span> <span class='ocrx_word' id='word_1_207' title='bbox 2678 1300 2927 1368; x_wconf 77' lang='grc' dir='ltr'><strong>ἑαυτῶν,</strong></span> <span class='ocrx_word' id='word_1_208' title='bbox 2982 1303 3096 1365; x_wconf 83' lang='grc' dir='ltr'>τοῖς</span> <span class='ocrx_word' id='word_1_209' title='bbox 3131 1300 3442 1376; x_wconf 75' lang='grc' dir='ltr'><strong>ἀνωνύμοις</strong></span> <span class='ocrx_word' id='word_1_210' title='bbox 3479 1302 3574 1354; x_wconf 83' lang='grc' dir='ltr'>καὶ</span> <span class='ocrx_word' id='word_1_211' title='bbox 3615 1299 3765 1354; x_wconf 81' lang='grc' dir='ltr'><strong>ἀθε-</strong></span> 
     </span>
    </p>
   </div>
   <div class='ocr_carea' id='block_1_29' title="bbox 2149 1386 3767 1464">
    <p class='ocr_par' dir='ltr' id='par_1_29' title="bbox 2149 1386 3767 1464">
     <span class='ocr_line' id='line_1_29' title="bbox 2149 1386 3767 1464; baseline -0.002 -19"><span class='ocrx_word' id='word_1_212' title='bbox 2149 1392 2328 1462; x_wconf 78' lang='grc' dir='ltr'>μίτοις</span> <span class='ocrx_word' id='word_1_213' title='bbox 2355 1389 2622 1455; x_wconf 84' lang='grc' dir='ltr'><strong>εἰδώλοις,</strong></span> <span class='ocrx_word' id='word_1_214' title='bbox 2664 1386 2744 1456; x_wconf 71' lang='grc' dir='ltr'><strong>οἷς</strong></span> <span class='ocrx_word' id='word_1_215' title='bbox 2781 1391 3012 1464; x_wconf 78' lang='grc' dir='ltr'><strong>εἴρηκαν</strong></span> <span class='ocrx_word' id='word_1_216' title='bbox 3051 1391 3102 1445; x_wconf 79' lang='grc' dir='ltr'><strong>οἱ</strong></span> <span class='ocrx_word' id='word_1_217' title='bbox 3153 1391 3434 1463; x_wconf 78' lang='grc' dir='ltr'><strong>προφῆται</strong></span> <span class='ocrx_word' id='word_1_218' title='bbox 3473 1391 3539 1444; x_wconf 81' lang='grc' dir='ltr'>ὲκ</span> <span class='ocrx_word' id='word_1_219' title='bbox 3575 1405 3767 1460; x_wconf 65' lang='grc' dir='ltr'>’κροσ-</span> 
     </span>
    </p>
   </div>
   <div class='ocr_carea' id='block_1_30' title="bbox 2151 1481 3767 1557">
    <p class='ocr_par' dir='ltr' id='par_1_30' title="bbox 2151 1481 3767 1557">
     <span class='ocr_line' id='line_1_30' title="bbox 2151 1481 3767 1557; baseline -0.002 -15"><span class='ocrx_word' id='word_1_220' title='bbox 2151 1484 2299 1542; x_wconf 80' lang='grc' dir='ltr'>ὡπου</span> <span class='ocrx_word' id='word_1_221' title='bbox 2327 1484 2438 1539; x_wconf 86' lang='grc' dir='ltr'><strong>τῶν</strong></span> <span class='ocrx_word' id='word_1_222' title='bbox 2477 1486 2878 1557; x_wconf 74' lang='grc' dir='ltr'>ἠπατημένων,</span> <span class='ocrx_word' id='word_1_223' title='bbox 2918 1485 2996 1546; x_wconf 78' lang='grc' dir='ltr'>ὡς</span> <span class='ocrx_word' id='word_1_224' title='bbox 3036 1486 3267 1552; x_wconf 71' lang='grc' dir='ltr'>ἕκαστος</span> <span class='ocrx_word' id='word_1_225' title='bbox 3306 1483 3417 1538; x_wconf 84' lang='grc' dir='ltr'><strong>τῶν</strong></span> <span class='ocrx_word' id='word_1_226' title='bbox 3445 1481 3767 1556; x_wconf 73' lang='grc' dir='ltr'>προφητῶν</span> 
     </span>
    </p>
   </div>
   <div class='ocr_carea' id='block_1_31' title="bbox 2148 1577 3769 1651">
    <p class='ocr_par' dir='ltr' id='par_1_31' title="bbox 2148 1577 3769 1651">
     <span class='ocr_line' id='line_1_31' title="bbox 2148 1577 3769 1651; baseline -0.001 -19"><span class='ocrx_word' id='word_1_227' title='bbox 2148 1578 2248 1650; x_wconf 82' lang='grc' dir='ltr'><strong>τῆς</strong></span> <span class='ocrx_word' id='word_1_228' title='bbox 2287 1578 2488 1648; x_wconf 79' lang='grc' dir='ltr'>λέξεως</span> <span class='ocrx_word' id='word_1_229' title='bbox 2539 1579 2745 1650; x_wconf 83' lang='grc' dir='ltr'><strong>ταύτης</strong></span> <span class='ocrx_word' id='word_1_230' title='bbox 2787 1578 3108 1651; x_wconf 78' lang='grc' dir='ltr'><strong>ἐπεμνήσθη</strong></span> <span class='ocrx_word' id='word_1_231' title='bbox 3143 1578 3339 1648; x_wconf 78' lang='grc' dir='ltr'>λέγων,</span> <span class='ocrx_word' id='word_1_232' title='bbox 3366 1577 3566 1645; x_wconf 81' lang='grc' dir='ltr'>καὶτὸ,</span> <span class='ocrx_word' id='word_1_233' title='bbox 3595 1577 3769 1630; x_wconf 69' lang='grc' dir='ltr'>Ψευο</span> 
     </span>
    </p>
   </div>
   <div class='ocr_carea' id='block_1_32' title="bbox 2149 1668 3770 1747">
    <p class='ocr_par' dir='ltr' id='par_1_32' title="bbox 2149 1668 3770 1747">
     <span class='ocr_line' id='line_1_32' title="bbox 2149 1668 3770 1747; baseline -0.001 -23"><span class='ocrx_word' id='word_1_234' title='bbox 2149 1669 2263 1735; x_wconf 81' lang='grc' dir='ltr'>δεῖς</span> <span class='ocrx_word' id='word_1_235' title='bbox 2312 1672 2576 1747; x_wconf 76' lang='grc' dir='ltr'>ἐποίησαν</span> <span class='ocrx_word' id='word_1_236' title='bbox 2627 1673 2844 1737; x_wconf 76' lang='grc' dir='ltr'>ἑαυτοῖς</span> <span class='ocrx_word' id='word_1_237' title='bbox 2877 1671 3037 1736; x_wconf 78' lang='grc' dir='ltr'>θεοὺς</span> <span class='ocrx_word' id='word_1_238' title='bbox 3081 1673 3132 1726; x_wconf 75' lang='grc' dir='ltr'>οἱ</span> <span class='ocrx_word' id='word_1_239' title='bbox 3169 1670 3404 1744; x_wconf 81' lang='grc' dir='ltr'>πατέρες</span> <span class='ocrx_word' id='word_1_240' title='bbox 3439 1670 3616 1742; x_wconf 79' lang='grc' dir='ltr'>ὑμῶν,</span> <span class='ocrx_word' id='word_1_241' title='bbox 3651 1668 3770 1724; x_wconf 70' lang='grc' dir='ltr'><strong>καὶ</strong></span> 
     </span>
    </p>
   </div>
   <div class='ocr_carea' id='block_1_33' title="bbox 2151 1760 3769 1836">
    <p class='ocr_par' dir='ltr' id='par_1_33' title="bbox 2151 1760 3769 1836">
     <span class='ocr_line' id='line_1_33' title="bbox 2151 1760 3769 1836; baseline 0.001 -22"><span class='ocrx_word' id='word_1_242' title='bbox 2151 1761 2370 1832; x_wconf 73' lang='grc' dir='ltr'>ψευδεῖς</span> <span class='ocrx_word' id='word_1_243' title='bbox 2422 1763 2673 1833; x_wconf 73' lang='grc' dir='ltr'>ἐγένοντο</span> <span class='ocrx_word' id='word_1_244' title='bbox 2705 1765 2756 1818; x_wconf 80' lang='grc' dir='ltr'>οἱ</span> <span class='ocrx_word' id='word_1_245' title='bbox 2809 1764 3012 1836; x_wconf 80' lang='grc' dir='ltr'><strong>βουνοί.</strong></span> <span class='ocrx_word' id='word_1_246' title='bbox 3063 1765 3209 1836; x_wconf 77' lang='grc' dir='ltr'>Ἀρα</span> <span class='ocrx_word' id='word_1_247' title='bbox 3252 1760 3346 1818; x_wconf 79' lang='grc' dir='ltr'>οὖν</span> <span class='ocrx_word' id='word_1_248' title='bbox 3386 1763 3482 1816; x_wconf 84' lang='grc' dir='ltr'><strong>καί</strong></span> <span class='ocrx_word' id='word_1_249' title='bbox 3511 1764 3540 1816; x_wconf 93' lang='lat'><strong>6</strong></span> <span class='ocrx_word' id='word_1_250' title='bbox 3570 1762 3769 1817; x_wconf 72' lang='lat' dir='ltr'><strong>Move-</strong></span> 
     </span>
    </p>
   </div>
   <div class='ocr_carea' id='block_1_34' title="bbox 452 1846 2049 1927">
    <p class='ocr_par' dir='ltr' id='par_1_34' title="bbox 452 1846 2049 1921">
     <span class='ocr_line' id='line_1_34' title="bbox 452 1846 2049 1921; baseline 0.009 -19"><span class='ocrx_word' id='word_1_251' title='bbox 452 1846 594 1905; x_wconf 86' lang='lat' dir='ltr'><strong>Filio</strong></span> <span class='ocrx_word' id='word_1_252' title='bbox 621 1866 808 1906; x_wconf 90' lang='lat' dir='ltr'><strong>vocem</strong></span> <span class='ocrx_word' id='word_1_253' title='bbox 833 1851 1235 1921; x_wconf 87' lang='lat' dir='ltr'><strong>adhibuerunt;</strong></span> <span class='ocrx_word' id='word_1_254' title='bbox 1264 1855 1414 1910; x_wconf 85' lang='lat' dir='ltr'><strong>velut</strong></span> <span class='ocrx_word' id='word_1_255' title='bbox 1443 1856 1498 1911; x_wconf 89' lang='lat' dir='ltr'><strong>in</strong></span> <span class='ocrx_word' id='word_1_256' title='bbox 1526 1856 1632 1912; x_wconf 88' lang='lat' dir='ltr'><strong>hoc</strong></span> <span class='ocrx_word' id='word_1_257' title='bbox 1659 1857 1780 1913; x_wconf 90' lang='lat' dir='ltr'><strong>loco</strong></span> <span class='ocrx_word' id='word_1_258' title='bbox 1817 1874 1831 1911; x_wconf 87' lang='lat'><strong>:</strong></span> <span class='ocrx_word' id='word_1_259' title='bbox 1861 1857 2049 1915; x_wconf 79' lang='lat' dir='ltr'><strong>Falsos</strong></span> 
     </span>
    </p>
   </div>
   <div class='ocr_carea' id='block_1_35' title="bbox 2142 1846 3769 1927">
    <p class='ocr_par' dir='ltr' id='par_1_35' title="bbox 2155 1850 3769 1927">
     <span class='ocr_line' id='line_1_35' title="bbox 2155 1850 3769 1927; baseline 0.001 -22"><span class='ocrx_word' id='word_1_260' title='bbox 2155 1853 2318 1926; x_wconf 69' lang='grc' dir='ltr'>γενὴς</span> <span class='ocrx_word' id='word_1_261' title='bbox 2345 1855 2476 1927; x_wconf 86' lang='grc' dir='ltr'>παρ’</span> <span class='ocrx_word' id='word_1_262' title='bbox 2505 1853 2633 1925; x_wconf 84' lang='grc' dir='ltr'>ύμῖν</span> <span class='ocrx_word' id='word_1_263' title='bbox 2667 1853 2839 1920; x_wconf 74' lang='grc' dir='ltr'>οὕτως</span> <span class='ocrx_word' id='word_1_264' title='bbox 2877 1854 3146 1926; x_wconf 77' lang='grc' dir='ltr'><strong>κρίνεται,</strong></span> <span class='ocrx_word' id='word_1_265' title='bbox 3174 1853 3269 1908; x_wconf 74' lang='grc' dir='ltr'>καὶ</span> <span class='ocrx_word' id='word_1_266' title='bbox 3293 1851 3468 1918; x_wconf 77' lang='grc' dir='ltr'>οὕτως</span> <span class='ocrx_word' id='word_1_267' title='bbox 3503 1850 3769 1923; x_wconf 76' lang='grc' dir='ltr'>αἰσχρῶς</span> 
     </span>
    </p>
   </div>
   <div class='ocr_carea' id='block_1_36' title="bbox 453 1941 2047 2016">
    <p class='ocr_par' dir='ltr' id='par_1_36' title="bbox 453 1941 2047 2016">
     <span class='ocr_line' id='line_1_36' title="bbox 453 1941 2047 2016; baseline 0.008 -20"><span class='ocrx_word' id='word_1_268' title='bbox 453 1942 559 1996; x_wconf 84' lang='lat' dir='ltr'><strong>sibi</strong></span> <span class='ocrx_word' id='word_1_269' title='bbox 597 1941 843 1998; x_wconf 81' lang='lat' dir='ltr'><strong>fecerunt</strong></span> <span class='ocrx_word' id='word_1_270' title='bbox 869 1943 1003 2001; x_wconf 91' lang='lat' dir='ltr'><strong>deos</strong></span> <span class='ocrx_word' id='word_1_271' title='bbox 1029 1952 1214 2016; x_wconf 87' lang='lat' dir='ltr'><strong>patres</strong></span> <span class='ocrx_word' id='word_1_272' title='bbox 1254 1949 1444 2013; x_wconf 87' lang='lat' dir='ltr'><strong>vestri,</strong></span> <span class='ocrx_word' id='word_1_273' title='bbox 1481 1949 1773 2008; x_wconf 85' lang='lat' dir='ltr'><strong>mendaces</strong></span> <span class='ocrx_word' id='word_1_274' title='bbox 1820 1949 2047 2008; x_wconf 82' lang='lat' dir='ltr'><strong>fuerunt</strong></span> 
     </span>
    </p>
   </div>
   <div class='ocr_carea' id='block_1_37' title="bbox 451 2035 2051 2111">
    <p class='ocr_par' dir='ltr' id='par_1_37' title="bbox 451 2035 2051 2111">
     <span class='ocr_line' id='line_1_37' title="bbox 451 2035 2051 2111; baseline 0.006 -22"><span class='ocrx_word' id='word_1_275' title='bbox 451 2035 668 2090; x_wconf 67' lang='lat' dir='ltr'><strong>collcs‘.</strong></span> <span class='ocrx_word' id='word_1_276' title='bbox 695 2036 976 2107; x_wconf 72' lang='lat' dir='ltr'><strong>Ejusmodi</strong></span> <span class='ocrx_word' id='word_1_277' title='bbox 1007 2040 1237 2111; x_wconf 87' lang='lat' dir='ltr'><strong>proinde</strong></span> <span class='ocrx_word' id='word_1_278' title='bbox 1270 2039 1365 2098; x_wconf 85' lang='lat' dir='ltr'><strong>Dei</strong></span> <span class='ocrx_word' id='word_1_279' title='bbox 1395 2039 1572 2098; x_wconf 87' lang='lat' dir='ltr'><strong>Fiiius</strong></span> <span class='ocrx_word' id='word_1_280' title='bbox 1596 2057 1627 2096; x_wconf 92' lang='lat' dir='ltr'><strong>a</strong></span> <span class='ocrx_word' id='word_1_281' title='bbox 1651 2043 1810 2100; x_wconf 82' lang='lat' dir='ltr'><strong>vobis</strong></span> <span class='ocrx_word' id='word_1_282' title='bbox 1839 2044 2051 2100; x_wconf 86' lang='lat' dir='ltr'><strong>consti-</strong></span> 
     </span>
    </p>
   </div>
   <div class='ocr_carea' id='block_1_38' title="bbox 451 2126 2046 2202">
    <p class='ocr_par' dir='ltr' id='par_1_38' title="bbox 451 2126 2046 2202">
     <span class='ocr_line' id='line_1_38' title="bbox 451 2126 2046 2202; baseline 0.008 -25"><span class='ocrx_word' id='word_1_283' title='bbox 451 2126 646 2190; x_wconf 84' lang='lat' dir='ltr'><strong>tuitur,</strong></span> <span class='ocrx_word' id='word_1_284' title='bbox 682 2141 748 2181; x_wconf 90' lang='lat' dir='ltr'><strong>ac</strong></span> <span class='ocrx_word' id='word_1_285' title='bbox 790 2135 900 2182; x_wconf 89' lang='lat' dir='ltr'><strong>tam</strong></span> <span class='ocrx_word' id='word_1_286' title='bbox 932 2127 1001 2184; x_wconf 88' lang='lat' dir='ltr'><strong>de</strong></span> <span class='ocrx_word' id='word_1_287' title='bbox 1042 2146 1108 2186; x_wconf 91' lang='lat' dir='ltr'><strong>eo</strong></span> <span class='ocrx_word' id='word_1_288' title='bbox 1147 2131 1398 2202; x_wconf 85' lang='lat' dir='ltr'><strong>turpiter,</strong></span> <span class='ocrx_word' id='word_1_289' title='bbox 1429 2131 1524 2202; x_wconf 87' lang='lat' dir='ltr'><strong>qui</strong></span> <span class='ocrx_word' id='word_1_290' title='bbox 1567 2148 1668 2188; x_wconf 91' lang='lat' dir='ltr'><strong>vos</strong></span> <span class='ocrx_word' id='word_1_291' title='bbox 1710 2134 1965 2200; x_wconf 88' lang='lat' dir='ltr'><strong>redemit,</strong></span> <span class='ocrx_word' id='word_1_292' title='bbox 1997 2135 2046 2190; x_wconf 88' lang='lat' dir='ltr'><strong>si</strong></span> 
     </span>
    </p>
   </div>
   <div class='ocr_carea' id='block_1_39' title="bbox 452 2219 2050 2298">
    <p class='ocr_par' dir='ltr' id='par_1_39' title="bbox 452 2219 2050 2298">
     <span class='ocr_line' id='line_1_39' title="bbox 452 2219 2050 2298; baseline 0.008 -28"><span class='ocrx_word' id='word_1_293' title='bbox 452 2223 634 2272; x_wconf 87' lang='lat' dir='ltr'><strong>tamen</strong></span> <span class='ocrx_word' id='word_1_294' title='bbox 668 2219 984 2286; x_wconf 87' lang='lat' dir='ltr'><strong>redemerit,</strong></span> <span class='ocrx_word' id='word_1_295' title='bbox 1014 2223 1291 2296; x_wconf 76' lang='lat' dir='ltr'><strong>cogitatis.</strong></span> <span class='ocrx_word' id='word_1_296' title='bbox 1328 2223 1604 2291; x_wconf 83' lang='lat' dir='ltr'><strong>Quocirca</strong></span> <span class='ocrx_word' id='word_1_297' title='bbox 1637 2226 1776 2281; x_wconf 86' lang='lat' dir='ltr'><strong>nihil</strong></span> <span class='ocrx_word' id='word_1_298' title='bbox 1819 2228 1886 2283; x_wconf 87' lang='lat' dir='ltr'><strong>ad</strong></span> <span class='ocrx_word' id='word_1_299' title='bbox 1928 2227 2050 2298; x_wconf 81' lang='lat' dir='ltr'><strong>ejus</strong></span> 
     </span>
    </p>
   </div>
   <div class='ocr_carea' id='block_1_40' title="bbox 451 2309 2050 2384">
    <p class='ocr_par' dir='ltr' id='par_1_40' title="bbox 451 2309 2050 2384">
     <span class='ocr_line' id='line_1_40' title="bbox 451 2309 2050 2384; baseline 0.01 -25"><span class='ocrx_word' id='word_1_300' title='bbox 451 2309 666 2363; x_wconf 83' lang='lat' dir='ltr'><strong>caulam</strong></span> <span class='ocrx_word' id='word_1_301' title='bbox 692 2312 1007 2380; x_wconf 87' lang='lat' dir='ltr'><strong>pertinetis,</strong></span> <span class='ocrx_word' id='word_1_302' title='bbox 1043 2329 1170 2370; x_wconf 90' lang='lat' dir='ltr'><strong>cum</strong></span> <span class='ocrx_word' id='word_1_303' title='bbox 1200 2331 1298 2372; x_wconf 92' lang='lat' dir='ltr'><strong>vos</strong></span> <span class='ocrx_word' id='word_1_304' title='bbox 1331 2314 1672 2373; x_wconf 85' lang='lat' dir='ltr'><strong>Salvatorem</strong></span> <span class='ocrx_word' id='word_1_305' title='bbox 1707 2329 1974 2384; x_wconf 86' lang='lat' dir='ltr'><strong>vestrum,</strong></span> <span class='ocrx_word' id='word_1_306' title='bbox 2017 2334 2050 2374; x_wconf 86' lang='lat' dir='ltr'><strong>a</strong></span> 
     </span>
    </p>
   </div>
   <div class='ocr_carea' id='block_1_41' title="bbox 451 2401 2050 2477">
    <p class='ocr_par' dir='ltr' id='par_1_41' title="bbox 451 2401 2050 2477">
     <span class='ocr_line' id='line_1_41' title="bbox 451 2401 2050 2477; baseline 0.009 -26"><span class='ocrx_word' id='word_1_307' title='bbox 451 2413 561 2468; x_wconf 90' lang='lat' dir='ltr'><strong>quo</strong></span> <span class='ocrx_word' id='word_1_308' title='bbox 598 2401 768 2471; x_wconf 89' lang='lat' dir='ltr'><strong>empti</strong></span> <span class='ocrx_word' id='word_1_309' title='bbox 810 2404 970 2470; x_wconf 88' lang='lat' dir='ltr'><strong>estis,</strong></span> <span class='ocrx_word' id='word_1_310' title='bbox 1008 2405 1317 2477; x_wconf 73' lang='lat' dir='ltr'><strong>abnegetis.</strong></span> <span class='ocrx_word' id='word_1_311' title='bbox 1356 2406 1566 2462; x_wconf 78' lang='lat' dir='ltr'><strong>Etenim</strong></span> <span class='ocrx_word' id='word_1_312' title='bbox 1601 2408 1648 2464; x_wconf 91' lang='lat' dir='ltr'><strong>si</strong></span> <span class='ocrx_word' id='word_1_313' title='bbox 1697 2423 1864 2464; x_wconf 85' lang='lat' dir='ltr'><strong>verus</strong></span> <span class='ocrx_word' id='word_1_314' title='bbox 1904 2407 2050 2466; x_wconf 83' lang='lat' dir='ltr'><strong>Deus</strong></span> 
     </span>
    </p>
   </div>
   <div class='ocr_carea' id='block_1_42' title="bbox 450 2499 2049 2570">
    <p class='ocr_par' dir='ltr' id='par_1_42' title="bbox 450 2499 2049 2570">
     <span class='ocr_line' id='line_1_42' title="bbox 450 2499 2049 2570; baseline 0.01 -25"><span class='ocrx_word' id='word_1_315' title='bbox 450 2506 561 2547; x_wconf 90' lang='lat' dir='ltr'><strong>non</strong></span> <span class='ocrx_word' id='word_1_316' title='bbox 599 2502 704 2558; x_wconf 90' lang='lat' dir='ltr'><strong>est,</strong></span> <span class='ocrx_word' id='word_1_317' title='bbox 735 2511 912 2567; x_wconf 90' lang='lat' dir='ltr'><strong>neque</strong></span> <span class='ocrx_word' id='word_1_318' title='bbox 946 2499 1266 2557; x_wconf 85' lang='lat' dir='ltr'><strong>adorandus</strong></span> <span class='ocrx_word' id='word_1_319' title='bbox 1297 2509 1402 2558; x_wconf 86' lang='lat' dir='ltr'><strong>est.</strong></span> <span class='ocrx_word' id='word_1_320' title='bbox 1439 2500 1498 2556; x_wconf 89' lang='lat' dir='ltr'><strong>Si</strong></span> <span class='ocrx_word' id='word_1_321' title='bbox 1543 2509 1766 2560; x_wconf 81' lang='lat' dir='ltr'><strong>creatus</strong></span> <span class='ocrx_word' id='word_1_322' title='bbox 1787 2512 1894 2570; x_wconf 90' lang='lat' dir='ltr'><strong>est,</strong></span> <span class='ocrx_word' id='word_1_323' title='bbox 1936 2520 2049 2561; x_wconf 87' lang='lat' dir='ltr'><strong>non</strong></span> 
     </span>
    </p>
   </div>
   <div class='ocr_carea' id='block_1_43' title="bbox 449 2583 2051 2666">
    <p class='ocr_par' dir='ltr' id='par_1_43' title="bbox 449 2583 2051 2666">
     <span class='ocr_line' id='line_1_43' title="bbox 449 2583 2051 2666; baseline 0.011 -30"><span class='ocrx_word' id='word_1_324' title='bbox 449 2591 537 2639; x_wconf 87' lang='lat' dir='ltr'><strong>est</strong></span> <span class='ocrx_word' id='word_1_325' title='bbox 568 2583 730 2666; x_wconf 86' lang='lat' dir='ltr'><strong>Deus.</strong></span> <span class='ocrx_word' id='word_1_326' title='bbox 766 2585 926 2654; x_wconf 84' lang='lat' dir='ltr'><strong>Quod</strong></span> <span class='ocrx_word' id='word_1_327' title='bbox 959 2592 1008 2645; x_wconf 88' lang='lat' dir='ltr'><strong>si</strong></span> <span class='ocrx_word' id='word_1_328' title='bbox 1038 2591 1266 2648; x_wconf 89' lang='lat' dir='ltr'><strong>minime</strong></span> <span class='ocrx_word' id='word_1_329' title='bbox 1301 2593 1618 2651; x_wconf 86' lang='lat' dir='ltr'><strong>adorandus</strong></span> <span class='ocrx_word' id='word_1_330' title='bbox 1645 2603 1752 2663; x_wconf 90' lang='lat' dir='ltr'><strong>est,</strong></span> <span class='ocrx_word' id='word_1_331' title='bbox 1771 2597 2051 2666; x_wconf 88' lang='lat' dir='ltr'><strong>quomodo</strong></span> 
     </span>
    </p>
   </div>
   <div class='ocr_carea' id='block_1_44' title="bbox 452 2674 2046 2756">
    <p class='ocr_par' dir='ltr' id='par_1_44' title="bbox 452 2674 2046 2756">
     <span class='ocr_line' id='line_1_44' title="bbox 452 2674 2046 2756; baseline 0.01 -27"><span class='ocrx_word' id='word_1_332' title='bbox 452 2674 599 2732; x_wconf 83' lang='lat' dir='ltr'><strong>Deus</strong></span> <span class='ocrx_word' id='word_1_333' title='bbox 620 2693 744 2734; x_wconf 89' lang='lat' dir='ltr'><strong>esse</strong></span> <span class='ocrx_word' id='word_1_334' title='bbox 764 2681 1134 2751; x_wconf 59' lang='lat' dir='ltr'><strong>praedicatur?</strong></span> <span class='ocrx_word' id='word_1_335' title='bbox 1173 2682 1418 2741; x_wconf 87' lang='lat' dir='ltr'><strong>Desinite</strong></span> <span class='ocrx_word' id='word_1_336' title='bbox 1451 2684 1636 2756; x_wconf 88' lang='lat' dir='ltr'><strong>itaque</strong></span> <span class='ocrx_word' id='word_1_337' title='bbox 1667 2701 1767 2742; x_wconf 90' lang='lat' dir='ltr'><strong>vos</strong></span> <span class='ocrx_word' id='word_1_338' title='bbox 1800 2688 2046 2755; x_wconf 82' lang='lat' dir='ltr'><strong>tandem,</strong></span> 
     </span>
    </p>
   </div>
   <div class='ocr_carea' id='block_1_45' title="bbox 449 2769 2046 2848">
    <p class='ocr_par' dir='ltr' id='par_1_45' title="bbox 449 2769 2046 2848">
     <span class='ocr_line' id='line_1_45' title="bbox 449 2769 2046 2848; baseline 0.008 -27"><span class='ocrx_word' id='word_1_339' title='bbox 449 2769 548 2839; x_wconf 92' lang='lat' dir='ltr'><strong>qui</strong></span> <span class='ocrx_word' id='word_1_340' title='bbox 569 2785 770 2828; x_wconf 87' lang='lat' dir='ltr'><strong>novam</strong></span> <span class='ocrx_word' id='word_1_341' title='bbox 796 2773 888 2828; x_wconf 88' lang='lat' dir='ltr'><strong>hic</strong></span> <span class='ocrx_word' id='word_1_342' title='bbox 909 2772 1247 2848; x_wconf 83' lang='lat' dir='ltr'><strong>Babylonem</strong></span> <span class='ocrx_word' id='word_1_343' title='bbox 1276 2777 1624 2842; x_wconf 82' lang='lat' dir='ltr'><strong>instauratis,</strong></span> <span class='ocrx_word' id='word_1_344' title='bbox 1657 2793 1723 2833; x_wconf 88' lang='lat' dir='ltr'><strong>ac</strong></span> <span class='ocrx_word' id='word_1_345' title='bbox 1745 2777 2046 2836; x_wconf 82' lang='lat' dir='ltr'><strong>Nabucho-</strong></span> 
     </span>
    </p>
   </div>
   <div class='ocr_carea' id='block_1_46' title="bbox 449 2861 2049 2943">
    <p class='ocr_par' dir='ltr' id='par_1_46' title="bbox 449 2861 2049 2943">
     <span class='ocr_line' id='line_1_46' title="bbox 449 2861 2049 2943; baseline 0.009 -29"><span class='ocrx_word' id='word_1_346' title='bbox 449 2861 745 2930; x_wconf 87' lang='lat' dir='ltr'><strong>donosoris</strong></span> <span class='ocrx_word' id='word_1_347' title='bbox 770 2863 1002 2938; x_wconf 78' lang='lat' dir='ltr'><strong>clIigiem</strong></span> <span class='ocrx_word' id='word_1_348' title='bbox 1032 2877 1196 2940; x_wconf 88' lang='lat' dir='ltr'><strong>atque</strong></span> <span class='ocrx_word' id='word_1_349' title='bbox 1222 2871 1520 2942; x_wconf 80' lang='lat' dir='ltr'><strong>imaginem</strong></span> <span class='ocrx_word' id='word_1_350' title='bbox 1552 2871 1790 2942; x_wconf 79' lang='lat' dir='ltr'><strong>erigitis,</strong></span> <span class='ocrx_word' id='word_1_351' title='bbox 1819 2871 1916 2943; x_wconf 88' lang='lat' dir='ltr'><strong>qui</strong></span> <span class='ocrx_word' id='word_1_352' title='bbox 1955 2887 2049 2929; x_wconf 82' lang='lat' dir='ltr'><strong>ce-</strong></span> 
     </span>
    </p>
   </div>
   <div class='ocr_carea' id='block_1_47' title="bbox 453 2953 2049 3033">
    <p class='ocr_par' dir='ltr' id='par_1_47' title="bbox 453 2953 2049 3033">
     <span class='ocr_line' id='line_1_47' title="bbox 453 2953 2049 3033; baseline 0.008 -27"><span class='ocrx_word' id='word_1_353' title='bbox 453 2953 800 3014; x_wconf 85' lang='lat' dir='ltr'><strong>leberrimam</strong></span> <span class='ocrx_word' id='word_1_354' title='bbox 849 2959 992 3014; x_wconf 85' lang='lat' dir='ltr'><strong>hanc</strong></span> <span class='ocrx_word' id='word_1_355' title='bbox 1034 2960 1221 3016; x_wconf 85' lang='lat' dir='ltr'><strong>tubam</strong></span> <span class='ocrx_word' id='word_1_356' title='bbox 1265 2962 1530 3033; x_wconf 76' lang='lat' dir='ltr'><strong>cogendis</strong></span> <span class='ocrx_word' id='word_1_357' title='bbox 1577 2963 1845 3019; x_wconf 85' lang='lat' dir='ltr'><strong>militibus</strong></span> <span class='ocrx_word' id='word_1_358' title='bbox 1887 2962 2049 3019; x_wconf 74' lang='lat' dir='ltr'><strong>inﬂa-</strong></span> 
     </span>
    </p>
   </div>
   <div class='ocr_carea' id='block_1_48' title="bbox 450 3045 2048 3126">
    <p class='ocr_par' dir='ltr' id='par_1_48' title="bbox 450 3045 2048 3126">
     <span class='ocr_line' id='line_1_48' title="bbox 450 3045 2048 3126; baseline 0.008 -26"><span class='ocrx_word' id='word_1_359' title='bbox 450 3045 548 3110; x_wconf 88' lang='lat' dir='ltr'><strong>tis,</strong></span> <span class='ocrx_word' id='word_1_360' title='bbox 583 3047 678 3117; x_wconf 86' lang='lat' dir='ltr'><strong>qui</strong></span> <span class='ocrx_word' id='word_1_361' title='bbox 714 3049 964 3106; x_wconf 85' lang='lat' dir='ltr'><strong>subdolis</strong></span> <span class='ocrx_word' id='word_1_362' title='bbox 1001 3052 1205 3109; x_wconf 82' lang='lat' dir='ltr'><strong>vestris</strong></span> <span class='ocrx_word' id='word_1_363' title='bbox 1225 3054 1480 3120; x_wconf 76' lang='lat' dir='ltr'><strong>vocibus,</strong></span> <span class='ocrx_word' id='word_1_364' title='bbox 1519 3061 1782 3126; x_wconf 85' lang='lat' dir='ltr'><strong>tanquam</strong></span> <span class='ocrx_word' id='word_1_365' title='bbox 1817 3055 2048 3114; x_wconf 83' lang='lat' dir='ltr'><strong>musicis</strong></span> 
     </span>
    </p>
   </div>
   <div class='ocr_carea' id='block_1_49' title="bbox 454 3137 2050 3219">
    <p class='ocr_par' dir='ltr' id='par_1_49' title="bbox 454 3137 2050 3219">
     <span class='ocr_line' id='line_1_49' title="bbox 454 3137 2050 3219; baseline 0.009 -29"><span class='ocrx_word' id='word_1_366' title='bbox 454 3137 862 3206; x_wconf 84' lang='lat' dir='ltr'><strong>instrumentis,</strong></span> <span class='ocrx_word' id='word_1_367' title='bbox 913 3143 1183 3215; x_wconf 85' lang='lat' dir='ltr'><strong>cymbalis</strong></span> <span class='ocrx_word' id='word_1_368' title='bbox 1219 3152 1275 3201; x_wconf 89' lang='lat' dir='ltr'><strong>et</strong></span> <span class='ocrx_word' id='word_1_369' title='bbox 1302 3145 1580 3216; x_wconf 78' lang='lat' dir='ltr'><strong>psalteriis</strong></span> <span class='ocrx_word' id='word_1_370' title='bbox 1608 3147 1842 3219; x_wconf 87' lang='lat' dir='ltr'><strong>populos</strong></span> <span class='ocrx_word' id='word_1_371' title='bbox 1875 3147 1932 3202; x_wconf 90' lang='lat' dir='ltr'><strong>in</strong></span> <span class='ocrx_word' id='word_1_372' title='bbox 1972 3147 2050 3204; x_wconf 82' lang='lat' dir='ltr'><strong>la-</strong></span> 
     </span>
    </p>
   </div>
   <div class='ocr_carea' id='block_1_50' title="bbox 450 3236 2049 3310">
    <p class='ocr_par' dir='ltr' id='par_1_50' title="bbox 450 3236 2049 3310">
     <span class='ocr_line' id='line_1_50' title="bbox 450 3236 2049 3310; baseline 0.008 -27"><span class='ocrx_word' id='word_1_373' title='bbox 450 3243 612 3298; x_wconf 86' lang='lat' dir='ltr'><strong>psum</strong></span> <span class='ocrx_word' id='word_1_374' title='bbox 662 3245 1016 3304; x_wconf 87' lang='lat' dir='ltr'><strong>erroremque</strong></span> <span class='ocrx_word' id='word_1_375' title='bbox 1045 3236 1424 3307; x_wconf 66' lang='lat' dir='ltr'><strong>praecipitatis,</strong></span> <span class='ocrx_word' id='word_1_376' title='bbox 1477 3253 1617 3309; x_wconf 88' lang='lat' dir='ltr'><strong>quos</strong></span> <span class='ocrx_word' id='word_1_377' title='bbox 1661 3239 1886 3310; x_wconf 75' lang='lat' dir='ltr'><strong>imagini</strong></span> <span class='ocrx_word' id='word_1_378' title='bbox 1932 3255 2049 3296; x_wconf 86' lang='lat' dir='ltr'><strong>ser-</strong></span> 
     </span>
    </p>
   </div>
   <div class='ocr_carea' id='block_1_51' title="bbox 451 3317 2049 3398">
    <p class='ocr_par' dir='ltr' id='par_1_51' title="bbox 451 3317 2049 3398">
     <span class='ocr_line' id='line_1_51' title="bbox 451 3317 2049 3398; baseline 0.014 -31"><span class='ocrx_word' id='word_1_379' title='bbox 451 3317 564 3373; x_wconf 70' lang='lat' dir='ltr'><strong>vire</strong></span> <span class='ocrx_word' id='word_1_380' title='bbox 596 3319 777 3388; x_wconf 86' lang='lat' dir='ltr'><strong>potius</strong></span> <span class='ocrx_word' id='word_1_381' title='bbox 800 3338 964 3392; x_wconf 89' lang='lat' dir='ltr'><strong>quam</strong></span> <span class='ocrx_word' id='word_1_382' title='bbox 996 3323 1106 3381; x_wconf 89' lang='lat' dir='ltr'><strong>Deo</strong></span> <span class='ocrx_word' id='word_1_383' title='bbox 1126 3342 1191 3382; x_wconf 89' lang='lat' dir='ltr'><strong>ac</strong></span> <span class='ocrx_word' id='word_1_384' title='bbox 1213 3327 1427 3383; x_wconf 83' lang='lat' dir='ltr'><strong>veritati</strong></span> <span class='ocrx_word' id='word_1_385' title='bbox 1450 3327 1716 3398; x_wconf 77' lang='lat' dir='ltr'><strong>jubetis&#39;.</strong></span> <span class='ocrx_word' id='word_1_386' title='bbox 1738 3328 1876 3397; x_wconf 88' lang='lat' dir='ltr'><strong>Quis</strong></span> <span class='ocrx_word' id='word_1_387' title='bbox 1901 3332 2049 3390; x_wconf 82' lang='lat' dir='ltr'><strong>enim</strong></span> 
     </span>
    </p>
   </div>
   <div class='ocr_carea' id='block_1_52' title="bbox 451 3413 2048 3495">
    <p class='ocr_par' dir='ltr' id='par_1_52' title="bbox 451 3413 2048 3495">
     <span class='ocr_line' id='line_1_52' title="bbox 451 3413 2048 3495; baseline 0.01 -30"><span class='ocrx_word' id='word_1_388' title='bbox 451 3413 686 3482; x_wconf 82' lang='lat' dir='ltr'><strong>perinde</strong></span> <span class='ocrx_word' id='word_1_389' title='bbox 737 3431 896 3472; x_wconf 84' lang='lat' dir='ltr'><strong>verus</strong></span> <span class='ocrx_word' id='word_1_390' title='bbox 939 3427 1022 3476; x_wconf 89' lang='lat' dir='ltr'><strong>est</strong></span> <span class='ocrx_word' id='word_1_391' title='bbox 1062 3420 1202 3474; x_wconf 86' lang='lat' dir='ltr'><strong>alter</strong></span> <span class='ocrx_word' id='word_1_392' title='bbox 1241 3436 1308 3476; x_wconf 92' lang='lat' dir='ltr'><strong>ac</strong></span> <span class='ocrx_word' id='word_1_393' title='bbox 1359 3419 1452 3494; x_wconf 82' lang='lat' dir='ltr'><strong>Dei</strong></span> <span class='ocrx_word' id='word_1_394' title='bbox 1495 3419 1708 3479; x_wconf 82' lang='lat' dir='ltr'><strong>Filius?</strong></span> <span class='ocrx_word' id='word_1_395' title='bbox 1741 3421 1888 3478; x_wconf 84' lang='lat' dir='ltr'><strong>Nam</strong></span> <span class='ocrx_word' id='word_1_396' title='bbox 1929 3425 2048 3495; x_wconf 80' lang='lat' dir='ltr'><strong>quis</strong></span> 
     </span>
    </p>
   </div>
   <div class='ocr_carea' id='block_1_53' title="bbox 451 3505 2052 3586">
    <p class='ocr_par' dir='ltr' id='par_1_53' title="bbox 451 3505 2052 3586">
     <span class='ocr_line' id='line_1_53' title="bbox 451 3505 2052 3586; baseline 0.007 -28"><span class='ocrx_word' id='word_1_397' title='bbox 451 3505 748 3570; x_wconf 78' lang='lat' dir='ltr'><strong>a&#39;quabilur</strong></span> <span class='ocrx_word' id='word_1_398' title='bbox 781 3507 1004 3566; x_wconf 83' lang='lat' dir='ltr'><strong>Domina</strong></span> <span class='ocrx_word' id='word_1_399' title='bbox 1050 3510 1105 3564; x_wconf 87' lang='lat' dir='ltr'><strong>in</strong></span> <span class='ocrx_word' id='word_1_400' title='bbox 1136 3511 1268 3582; x_wconf 82' lang='lat' dir='ltr'><strong>ﬁliis</strong></span> <span class='ocrx_word' id='word_1_401' title='bbox 1294 3511 1389 3568; x_wconf 88' lang='lat' dir='ltr'><strong>Dei</strong></span> <span class='ocrx_word' id='word_1_402' title='bbox 1413 3513 1533 3584; x_wconf 78' lang='lat' dir='ltr'><strong>&#39;(ut</strong></span> <span class='ocrx_word' id='word_1_403' title='bbox 1554 3512 1839 3585; x_wconf 85' lang='lat' dir='ltr'><strong>Scriptura</strong></span> <span class='ocrx_word' id='word_1_404' title='bbox 1874 3514 2052 3586; x_wconf 68' lang='lat' dir='ltr'><strong>loqui-</strong></span> 
     </span>
    </p>
   </div>
   <div class='ocr_carea' id='block_1_54' title="bbox 451 3594 2048 3676">
    <p class='ocr_par' dir='ltr' id='par_1_54' title="bbox 451 3594 2048 3676">
     <span class='ocr_line' id='line_1_54' title="bbox 451 3594 2048 3676; baseline 0.007 -25"><span class='ocrx_word' id='word_1_405' title='bbox 451 3600 586 3668; x_wconf 88' lang='lat' dir='ltr'><strong>tur);</strong></span> <span class='ocrx_word' id='word_1_406' title='bbox 627 3607 683 3654; x_wconf 86' lang='lat' dir='ltr'><strong>et</strong></span> <span class='ocrx_word' id='word_1_407' title='bbox 715 3619 728 3656; x_wconf 91' lang='lat'>:</span> <span class='ocrx_word' id='word_1_408' title='bbox 766 3601 920 3656; x_wconf 80' lang='lat' dir='ltr'><strong>Alter</strong></span> <span class='ocrx_word' id='word_1_409' title='bbox 972 3619 1094 3657; x_wconf 85' lang='lat' dir='ltr'><strong>cum</strong></span> <span class='ocrx_word' id='word_1_410' title='bbox 1133 3606 1249 3674; x_wconf 84' lang='lat' dir='ltr'><strong>ipso</strong></span> <span class='ocrx_word' id='word_1_411' title='bbox 1297 3606 1511 3661; x_wconf 79' lang='lat' dir='ltr'><strong>minime</strong></span> <span class='ocrx_word' id='word_1_412' title='bbox 1563 3594 1964 3676; x_wconf 78' lang='lat' dir='ltr'><strong>coniparabitur</strong></span> <span class='ocrx_word' id='word_1_413' title='bbox 2005 3607 2048 3662; x_wconf 72' lang='grc' dir='ltr'><strong>δ.</strong></span> 
     </span>
    </p>
   </div>
   <div class='ocr_carea' id='block_1_55' title="bbox 448 3690 2050 3770">
    <p class='ocr_par' dir='ltr' id='par_1_55' title="bbox 448 3690 2050 3770">
     <span class='ocr_line' id='line_1_55' title="bbox 448 3690 2050 3770; baseline 0.007 -26"><span class='ocrx_word' id='word_1_414' title='bbox 448 3690 595 3758; x_wconf 84' lang='lat' dir='ltr'><strong>Quid</strong></span> <span class='ocrx_word' id='word_1_415' title='bbox 621 3693 828 3762; x_wconf 82' lang='lat' dir='ltr'><strong>porro?</strong></span> <span class='ocrx_word' id='word_1_416' title='bbox 859 3692 929 3750; x_wconf 86' lang='lat' dir='ltr'><strong>Ut</strong></span> <span class='ocrx_word' id='word_1_417' title='bbox 958 3694 1026 3751; x_wconf 88' lang='lat' dir='ltr'><strong>de</strong></span> <span class='ocrx_word' id='word_1_418' title='bbox 1044 3694 1184 3752; x_wconf 90' lang='lat' dir='ltr'><strong>Filio</strong></span> <span class='ocrx_word' id='word_1_419' title='bbox 1212 3712 1523 3752; x_wconf 87' lang='lat' dir='ltr'><strong>sermonem</strong></span> <span class='ocrx_word' id='word_1_420' title='bbox 1558 3715 1684 3756; x_wconf 86' lang='lat' dir='ltr'><strong>esse</strong></span> <span class='ocrx_word' id='word_1_421' title='bbox 1717 3714 2050 3770; x_wconf 72' lang='lat' dir='ltr'><strong>cognoscas,</strong></span> 
     </span>
    </p>
   </div>
   <div class='ocr_carea' id='block_1_56' title="bbox 450 3782 2054 3856">
    <p class='ocr_par' dir='ltr' id='par_1_56' title="bbox 450 3782 2054 3856">
     <span class='ocr_line' id='line_1_56' title="bbox 450 3782 2054 3856; baseline 0.006 -20"><span class='ocrx_word' id='word_1_422' title='bbox 450 3782 716 3853; x_wconf 87' lang='lat' dir='ltr'><strong>deinceps</strong></span> <span class='ocrx_word' id='word_1_423' title='bbox 750 3783 856 3839; x_wconf 88' lang='lat' dir='ltr'><strong>ista</strong></span> <span class='ocrx_word' id='word_1_424' title='bbox 893 3786 1132 3856; x_wconf 79' lang='lat' dir='ltr'><strong>subjecit</strong></span> <span class='ocrx_word' id='word_1_425' title='bbox 1171 3805 1185 3843; x_wconf 93' lang='lat'><strong>:</strong></span> <span class='ocrx_word' id='word_1_426' title='bbox 1219 3786 1431 3843; x_wconf 76' lang='lat' dir='ltr'><strong>Invenit</strong></span> <span class='ocrx_word' id='word_1_427' title='bbox 1467 3806 1678 3845; x_wconf 85' lang='lat' dir='ltr'><strong>omnem</strong></span> <span class='ocrx_word' id='word_1_428' title='bbox 1708 3791 1848 3844; x_wconf 78' lang='lat' dir='ltr'><strong>viam</strong></span> <span class='ocrx_word' id='word_1_429' title='bbox 1879 3792 2054 3846; x_wconf 72' lang='lat' dir='ltr'><strong>scien-</strong></span> 
     </span>
    </p>
   </div>
   <div class='ocr_carea' id='block_1_57' title="bbox 449 3875 2053 3952">
    <p class='ocr_par' dir='ltr' id='par_1_57' title="bbox 449 3875 2053 3952">
     <span class='ocr_line' id='line_1_57' title="bbox 449 3875 2053 3952; baseline 0.006 -23"><span class='ocrx_word' id='word_1_430' title='bbox 449 3875 564 3941; x_wconf 63' lang='lat' dir='ltr'><strong>tia,</strong></span> <span class='ocrx_word' id='word_1_431' title='bbox 604 3884 655 3929; x_wconf 87' lang='lat' dir='ltr'><strong>et</strong></span> <span class='ocrx_word' id='word_1_432' title='bbox 694 3875 840 3930; x_wconf 80' lang='lat' dir='ltr'><strong>dedit</strong></span> <span class='ocrx_word' id='word_1_433' title='bbox 871 3877 1026 3932; x_wconf 82' lang='lat' dir='ltr'><strong>illam</strong></span> <span class='ocrx_word' id='word_1_434' title='bbox 1052 3879 1100 3935; x_wconf 81' lang='grc'><strong>⁵.</strong></span> <span class='ocrx_word' id='word_1_435' title='bbox 1140 3879 1281 3935; x_wconf 87' lang='lat' dir='ltr'><strong>Tum</strong></span> <span class='ocrx_word' id='word_1_436' title='bbox 1325 3889 1516 3952; x_wconf 86' lang='lat' dir='ltr'><strong>postea</strong></span> <span class='ocrx_word' id='word_1_437' title='bbox 1563 3901 1577 3937; x_wconf 92' lang='lat'><strong>:</strong></span> <span class='ocrx_word' id='word_1_438' title='bbox 1609 3881 1678 3936; x_wconf 83' lang='lat' dir='ltr'><strong>In</strong></span> <span class='ocrx_word' id='word_1_439' title='bbox 1721 3892 1865 3938; x_wconf 83' lang='lat' dir='ltr'><strong>terra</strong></span> <span class='ocrx_word' id='word_1_440' title='bbox 1910 3885 2053 3938; x_wconf 76' lang='lat' dir='ltr'><strong>uisus</strong></span> 
     </span>
    </p>
   </div>
   <div class='ocr_carea' id='block_1_58' title="bbox 448 3969 2054 4032">
    <p class='ocr_par' dir='ltr' id='par_1_58' title="bbox 448 3969 2054 4032">
     <span class='ocr_line' id='line_1_58' title="bbox 448 3969 2054 4032; baseline 0.007 -12"><span class='ocrx_word' id='word_1_441' title='bbox 448 3977 554 4032; x_wconf 73' lang='lat' dir='ltr'><strong>est,</strong></span> <span class='ocrx_word' id='word_1_442' title='bbox 583 3977 631 4022; x_wconf 85' lang='lat' dir='ltr'><strong>et</strong></span> <span class='ocrx_word' id='word_1_443' title='bbox 659 3983 781 4024; x_wconf 83' lang='lat' dir='ltr'><strong>cum</strong></span> <span class='ocrx_word' id='word_1_444' title='bbox 818 3969 1117 4028; x_wconf 81' lang='lat' dir='ltr'><strong>hontinibus</strong></span> <span class='ocrx_word' id='word_1_445' title='bbox 1156 3983 1495 4029; x_wconf 81' lang='lat' dir='ltr'><strong>conversatus</strong></span> <span class='ocrx_word' id='word_1_446' title='bbox 1529 3983 1610 4029; x_wconf 86' lang='lat' dir='ltr'><strong>est</strong></span> <span class='ocrx_word' id='word_1_447' title='bbox 1643 3976 1687 4032; x_wconf 76' lang='grc'><strong>⁸.</strong></span> <span class='ocrx_word' id='word_1_448' title='bbox 1713 3974 1907 4032; x_wconf 79' lang='lat' dir='ltr'><strong>Nonne</strong></span> <span class='ocrx_word' id='word_1_449' title='bbox 1938 3975 2054 4031; x_wconf 67' lang='lat' dir='ltr'><strong>hac</strong></span> 
     </span>
    </p>
   </div>
   <div class='ocr_carea' id='block_1_59' title="bbox 450 4060 2050 4140">
    <p class='ocr_par' dir='ltr' id='par_1_59' title="bbox 450 4060 2050 4140">
     <span class='ocr_line' id='line_1_59' title="bbox 450 4060 2050 4140; baseline 0.006 -26"><span class='ocrx_word' id='word_1_450' title='bbox 450 4075 582 4116; x_wconf 78' lang='lat' dir='ltr'><strong>vere</strong></span> <span class='ocrx_word' id='word_1_451' title='bbox 601 4060 671 4118; x_wconf 85' lang='lat' dir='ltr'><strong>de</strong></span> <span class='ocrx_word' id='word_1_452' title='bbox 699 4061 796 4116; x_wconf 88' lang='lat' dir='ltr'><strong>illo</strong></span> <span class='ocrx_word' id='word_1_453' title='bbox 824 4062 972 4118; x_wconf 88' lang='lat' dir='ltr'><strong>dicta</strong></span> <span class='ocrx_word' id='word_1_454' title='bbox 1019 4067 1188 4123; x_wconf 80' lang='lat' dir='ltr'><strong>sunt?</strong></span> <span class='ocrx_word' id='word_1_455' title='bbox 1218 4067 1312 4140; x_wconf 89' lang='lat' dir='ltr'><strong>qui</strong></span> <span class='ocrx_word' id='word_1_456' title='bbox 1341 4074 1401 4124; x_wconf 88' lang='lat' dir='ltr'><strong>et</strong></span> <span class='ocrx_word' id='word_1_457' title='bbox 1435 4066 1506 4125; x_wconf 87' lang='lat' dir='ltr'><strong>de</strong></span> <span class='ocrx_word' id='word_1_458' title='bbox 1535 4082 1598 4125; x_wconf 86' lang='lat' dir='ltr'><strong>se</strong></span> <span class='ocrx_word' id='word_1_459' title='bbox 1645 4075 1880 4126; x_wconf 86' lang='lat' dir='ltr'><strong>testatus</strong></span> <span class='ocrx_word' id='word_1_460' title='bbox 1914 4075 2004 4127; x_wconf 84' lang='lat' dir='ltr'><strong>est</strong></span> <span class='ocrx_word' id='word_1_461' title='bbox 2035 4086 2050 4124; x_wconf 89' lang='lat'><strong>:</strong></span> 
     </span>
    </p>
   </div>
   <div class='ocr_carea' id='block_1_60' title="bbox 451 4151 1025 4224">
    <p class='ocr_par' dir='ltr' id='par_1_60' title="bbox 451 4151 1025 4224">
     <span class='ocr_line' id='line_1_60' title="bbox 451 4151 1025 4224; baseline 0.016 -19"><span class='ocrx_word' id='word_1_462' title='bbox 451 4151 565 4224; x_wconf 79' lang='lat' dir='ltr'><strong>Ego</strong></span> <span class='ocrx_word' id='word_1_463' title='bbox 593 4170 714 4210; x_wconf 80' lang='lat' dir='ltr'><strong>sunt</strong></span> <span class='ocrx_word' id='word_1_464' title='bbox 749 4155 946 4212; x_wconf 78' lang='lat' dir='ltr'><strong>ueritas</strong></span> <span class='ocrx_word' id='word_1_465' title='bbox 977 4157 1025 4214; x_wconf 83' lang='lat'><strong>&#39;.</strong></span> 
     </span>
    </p>
   </div>
   <div class='ocr_carea' id='block_1_61' title="bbox 526 4245 2053 4320">
    <p class='ocr_par' dir='ltr' id='par_1_61' title="bbox 526 4245 2053 4320">
     <span class='ocr_line' id='line_1_61' title="bbox 526 4245 2053 4320; baseline 0.011 -20"><span class='ocrx_word' id='word_1_466' title='bbox 526 4245 743 4301; x_wconf 74' lang='lat' dir='ltr'><strong>XXXII.</strong></span> <span class='ocrx_word' id='word_1_467' title='bbox 769 4247 840 4303; x_wconf 83' lang='lat' dir='ltr'><strong>At</strong></span> <span class='ocrx_word' id='word_1_468' title='bbox 860 4249 1007 4306; x_wconf 87' lang='lat' dir='ltr'><strong>enim</strong></span> <span class='ocrx_word' id='word_1_469' title='bbox 1032 4249 1186 4308; x_wconf 84' lang='lat' dir='ltr'><strong>dices</strong></span> <span class='ocrx_word' id='word_1_470' title='bbox 1222 4268 1238 4308; x_wconf 90' lang='lat'><strong>:</strong></span> <span class='ocrx_word' id='word_1_471' title='bbox 1265 4251 1379 4308; x_wconf 88' lang='lat' dir='ltr'><strong>Cur</strong></span> <span class='ocrx_word' id='word_1_472' title='bbox 1401 4251 1498 4311; x_wconf 85' lang='lat' dir='ltr'><strong>Dei</strong></span> <span class='ocrx_word' id='word_1_473' title='bbox 1527 4251 1700 4313; x_wconf 88' lang='lat' dir='ltr'><strong>Filius</strong></span> <span class='ocrx_word' id='word_1_474' title='bbox 1723 4271 1888 4315; x_wconf 86' lang='lat' dir='ltr'><strong>verus</strong></span> <span class='ocrx_word' id='word_1_475' title='bbox 1906 4258 2053 4320; x_wconf 73' lang='lat' dir='ltr'><strong>Deus</strong></span> 
     </span>
    </p>
   </div>
   <div class='ocr_carea' id='block_1_62' title="bbox 450 4338 2048 4414">
    <p class='ocr_par' dir='ltr' id='par_1_62' title="bbox 450 4338 2048 4414">
     <span class='ocr_line' id='line_1_62' title="bbox 450 4338 2048 4414; baseline 0.009 -20"><span class='ocrx_word' id='word_1_476' title='bbox 450 4338 527 4394; x_wconf 88' lang='lat' dir='ltr'><strong>ita</strong></span> <span class='ocrx_word' id='word_1_477' title='bbox 558 4339 831 4412; x_wconf 89' lang='lat' dir='ltr'><strong>loquitur:</strong></span> <span class='ocrx_word' id='word_1_478' title='bbox 861 4339 930 4396; x_wconf 89' lang='lat' dir='ltr'><strong>Ut</strong></span> <span class='ocrx_word' id='word_1_479' title='bbox 953 4353 1279 4414; x_wconf 80' lang='lat' dir='ltr'><strong>cognoscant</strong></span> <span class='ocrx_word' id='word_1_480' title='bbox 1308 4357 1356 4401; x_wconf 79' lang='lat' dir='ltr'><strong>te</strong></span> <span class='ocrx_word' id='word_1_481' title='bbox 1375 4347 1552 4402; x_wconf 81' lang='lat' dir='ltr'><strong>solum</strong></span> <span class='ocrx_word' id='word_1_482' title='bbox 1589 4363 1768 4402; x_wconf 76' lang='lat' dir='ltr'><strong>verum</strong></span> <span class='ocrx_word' id='word_1_483' title='bbox 1790 4349 1962 4406; x_wconf 81' lang='lat' dir='ltr'><strong>Deum</strong></span> <span class='ocrx_word' id='word_1_484' title='bbox 1986 4353 2048 4408; x_wconf 74' lang='lat'><strong>&#39;1&#39;</strong></span> 
     </span>
    </p>
   </div>
   <div class='ocr_carea' id='block_1_63' title="bbox 451 4429 2054 4508">
    <p class='ocr_par' dir='ltr' id='par_1_63' title="bbox 451 4429 2054 4508">
     <span class='ocr_line' id='line_1_63' title="bbox 451 4429 2054 4508; baseline 0.009 -24"><span class='ocrx_word' id='word_1_485' title='bbox 451 4429 530 4485; x_wconf 84' lang='lat' dir='ltr'><strong>Nc</strong></span> <span class='ocrx_word' id='word_1_486' title='bbox 546 4431 764 4487; x_wconf 86' lang='lat' dir='ltr'><strong>scilicet</strong></span> <span class='ocrx_word' id='word_1_487' title='bbox 790 4433 1020 4490; x_wconf 87' lang='lat' dir='ltr'><strong>deorum</strong></span> <span class='ocrx_word' id='word_1_488' title='bbox 1043 4435 1173 4508; x_wconf 74' lang='lat' dir='ltr'><strong>tingi</strong></span> <span class='ocrx_word' id='word_1_489' title='bbox 1207 4436 1371 4493; x_wconf 82' lang='lat' dir='ltr'><strong>turba</strong></span> <span class='ocrx_word' id='word_1_490' title='bbox 1402 4446 1628 4508; x_wconf 87' lang='lat' dir='ltr'><strong>posset;</strong></span> <span class='ocrx_word' id='word_1_491' title='bbox 1653 4454 1723 4495; x_wconf 90' lang='lat' dir='ltr'><strong>ne</strong></span> <span class='ocrx_word' id='word_1_492' title='bbox 1752 4441 1937 4498; x_wconf 84' lang='lat' dir='ltr'><strong>vitalis</strong></span> <span class='ocrx_word' id='word_1_493' title='bbox 1957 4456 2054 4498; x_wconf 89' lang='lat' dir='ltr'><strong>co-</strong></span> 
     </span>
    </p>
   </div>
   <div class='ocr_carea' id='block_1_64' title="bbox 2155 1942 3768 2017">
    <p class='ocr_par' dir='ltr' id='par_1_64' title="bbox 2155 1942 3768 2017">
     <span class='ocr_line' id='line_1_64' title="bbox 2155 1942 3768 2017; baseline -0.002 -17"><span class='ocrx_word' id='word_1_494' title='bbox 2155 1944 2402 2017; x_wconf 76' lang='grc' dir='ltr'>περὶτοῦ</span> <span class='ocrx_word' id='word_1_495' title='bbox 2445 1945 2879 2017; x_wconf 81' lang='grc' dir='ltr'>ὲξαγοράσαντος</span> <span class='ocrx_word' id='word_1_496' title='bbox 2916 1946 3084 2017; x_wconf 78' lang='grc' dir='ltr'>ὑμᾶς,</span> <span class='ocrx_word' id='word_1_497' title='bbox 3120 1943 3238 2014; x_wconf 83' lang='grc' dir='ltr'>εἴγε</span> <span class='ocrx_word' id='word_1_498' title='bbox 3267 1943 3590 2015; x_wconf 78' lang='grc' dir='ltr'>ἐξηγόρασε,</span> <span class='ocrx_word' id='word_1_499' title='bbox 3622 1942 3768 1996; x_wconf 71' lang='grc' dir='ltr'>δια-</span> 
     </span>
    </p>
   </div>
   <div class='ocr_carea' id='block_1_65' title="bbox 2153 2033 3772 2110">
    <p class='ocr_par' dir='ltr' id='par_1_65' title="bbox 2153 2033 3772 2110">
     <span class='ocr_line' id='line_1_65' title="bbox 2153 2033 3772 2110; baseline -0.003 -18"><span class='ocrx_word' id='word_1_500' title='bbox 2153 2037 2382 2093; x_wconf 83' lang='grc' dir='ltr'>νοεῖσθε.</span> <span class='ocrx_word' id='word_1_501' title='bbox 2416 2038 2617 2094; x_wconf 80' lang='grc' dir='ltr'><strong>Οὐκέτι</strong></span> <span class='ocrx_word' id='word_1_502' title='bbox 2643 2038 2700 2092; x_wconf 83' lang='grc' dir='ltr'>δὲ</span> <span class='ocrx_word' id='word_1_503' title='bbox 2729 2039 2828 2110; x_wconf 83' lang='grc' dir='ltr'>τῆς</span> <span class='ocrx_word' id='word_1_504' title='bbox 2859 2035 3025 2093; x_wconf 76' lang='grc' dir='ltr'>αὐτοῦ</span> <span class='ocrx_word' id='word_1_505' title='bbox 3059 2033 3341 2101; x_wconf 75' lang='grc' dir='ltr'>ἐπαύλεως</span> <span class='ocrx_word' id='word_1_506' title='bbox 3377 2037 3522 2102; x_wconf 75' lang='grc' dir='ltr'>ἐστε,</span> <span class='ocrx_word' id='word_1_507' title='bbox 3549 2033 3772 2105; x_wconf 74' lang='grc' dir='ltr'>ἀρνού-</span> 
     </span>
    </p>
   </div>
   <div class='ocr_carea' id='block_1_66' title="bbox 2157 2127 3764 2203">
    <p class='ocr_par' dir='ltr' id='par_1_66' title="bbox 2157 2127 3764 2203">
     <span class='ocr_line' id='line_1_66' title="bbox 2157 2127 3764 2203; baseline -0.002 -19"><span class='ocrx_word' id='word_1_508' title='bbox 2157 2148 2308 2203; x_wconf 85' lang='grc' dir='ltr'>μενοι</span> <span class='ocrx_word' id='word_1_509' title='bbox 2339 2130 2432 2185; x_wconf 81' lang='grc' dir='ltr'>τὸν</span> <span class='ocrx_word' id='word_1_510' title='bbox 2465 2130 2622 2202; x_wconf 80' lang='grc' dir='ltr'>ὑμῶν</span> <span class='ocrx_word' id='word_1_511' title='bbox 2662 2130 2914 2202; x_wconf 80' lang='grc' dir='ltr'>Σωτῆρα,</span> <span class='ocrx_word' id='word_1_512' title='bbox 2945 2132 3038 2182; x_wconf 83' lang='grc' dir='ltr'>καὶ</span> <span class='ocrx_word' id='word_1_513' title='bbox 3065 2129 3158 2184; x_wconf 85' lang='grc' dir='ltr'>τὸν</span> <span class='ocrx_word' id='word_1_514' title='bbox 3189 2127 3540 2200; x_wconf 81' lang='grc' dir='ltr'>ἀγοράσαντα</span> <span class='ocrx_word' id='word_1_515' title='bbox 3575 2127 3764 2197; x_wconf 71' lang='grc' dir='ltr'>ὑμᾶς.</span> 
     </span>
    </p>
   </div>
   <div class='ocr_carea' id='block_1_67' title="bbox 2152 2220 3769 2293">
    <p class='ocr_par' dir='ltr' id='par_1_67' title="bbox 2152 2220 3769 2293">
     <span class='ocr_line' id='line_1_67' title="bbox 2152 2220 3769 2293; baseline -0.003 -16"><span class='ocrx_word' id='word_1_516' title='bbox 2152 2223 2216 2277; x_wconf 76' lang='lat' dir='ltr'><strong>Et</strong></span> <span class='ocrx_word' id='word_1_517' title='bbox 2266 2222 2377 2293; x_wconf 80' lang='grc' dir='ltr'><strong>γὰρ</strong></span> <span class='ocrx_word' id='word_1_518' title='bbox 2421 2224 2522 2277; x_wconf 82' lang='grc' dir='ltr'>οὐκ</span> <span class='ocrx_word' id='word_1_519' title='bbox 2555 2222 2706 2278; x_wconf 70' lang='grc' dir='ltr'>ἔστιν</span> <span class='ocrx_word' id='word_1_520' title='bbox 2759 2221 3014 2290; x_wconf 73' lang='grc' dir='ltr'>ἀληθινὸς</span> <span class='ocrx_word' id='word_1_521' title='bbox 3045 2224 3074 2276; x_wconf 90' lang='lat'><strong>6</strong></span> <span class='ocrx_word' id='word_1_522' title='bbox 3111 2221 3284 2286; x_wconf 82' lang='grc' dir='ltr'>Θεὸς,</span> <span class='ocrx_word' id='word_1_523' title='bbox 3333 2220 3457 2274; x_wconf 67' lang='grc' dir='ltr'>οὔτε</span> <span class='ocrx_word' id='word_1_524' title='bbox 3503 2236 3769 2292; x_wconf 74' lang='grc' dir='ltr'>προσκυοο</span> 
     </span>
    </p>
   </div>
   <div class='ocr_carea' id='block_1_68' title="bbox 2151 2313 3768 2386">
    <p class='ocr_par' dir='ltr' id='par_1_68' title="bbox 2151 2313 3768 2386">
     <span class='ocr_line' id='line_1_68' title="bbox 2151 2313 3768 2386; baseline -0.002 -17"><span class='ocrx_word' id='word_1_525' title='bbox 2151 2315 2313 2386; x_wconf 87' lang='grc' dir='ltr'>νητός</span> <span class='ocrx_word' id='word_1_526' title='bbox 2344 2317 2478 2370; x_wconf 67' lang='grc' dir='ltr'>ἔστι.</span> <span class='ocrx_word' id='word_1_527' title='bbox 2523 2315 2636 2370; x_wconf 77' lang='grc' dir='ltr'><strong>Καὶ</strong></span> <span class='ocrx_word' id='word_1_528' title='bbox 2680 2315 2730 2368; x_wconf 85' lang='grc' dir='ltr'><strong>εί</strong></span> <span class='ocrx_word' id='word_1_529' title='bbox 2783 2313 2899 2368; x_wconf 72' lang='grc' dir='ltr'>ἔστι</span> <span class='ocrx_word' id='word_1_530' title='bbox 2947 2315 3197 2378; x_wconf 80' lang='grc' dir='ltr'>κτιστὸς,</span> <span class='ocrx_word' id='word_1_531' title='bbox 3249 2313 3310 2368; x_wconf 75' lang='grc' dir='ltr'>οὐ</span> <span class='ocrx_word' id='word_1_532' title='bbox 3343 2314 3497 2378; x_wconf 84' lang='grc' dir='ltr'>Θεος.</span> <span class='ocrx_word' id='word_1_533' title='bbox 3533 2313 3642 2368; x_wconf 77' lang='grc' dir='ltr'><strong>Καὶ</strong></span> <span class='ocrx_word' id='word_1_534' title='bbox 3702 2313 3768 2367; x_wconf 76' lang='grc' dir='ltr'>εἰ</span> 
     </span>
    </p>
   </div>
   <div class='ocr_carea' id='block_1_69' title="bbox 2149 2403 3766 2478">
    <p class='ocr_par' dir='ltr' id='par_1_69' title="bbox 2149 2403 3766 2478">
     <span class='ocr_line' id='line_1_69' title="bbox 2149 2403 3766 2478; baseline -0.001 -18"><span class='ocrx_word' id='word_1_535' title='bbox 2149 2407 2251 2461; x_wconf 84' lang='grc' dir='ltr'>οὐκ</span> <span class='ocrx_word' id='word_1_536' title='bbox 2292 2406 2410 2462; x_wconf 77' lang='grc' dir='ltr'>ἔστι</span> <span class='ocrx_word' id='word_1_537' title='bbox 2442 2406 2839 2478; x_wconf 83' lang='grc' dir='ltr'>προσκυνητὺς,</span> <span class='ocrx_word' id='word_1_538' title='bbox 2875 2405 2993 2470; x_wconf 85' lang='grc' dir='ltr'><strong>πῶς</strong></span> <span class='ocrx_word' id='word_1_539' title='bbox 3034 2407 3144 2478; x_wconf 75' lang='grc' dir='ltr'>ἄρα</span> <span class='ocrx_word' id='word_1_540' title='bbox 3185 2404 3552 2474; x_wconf 78' lang='grc' dir='ltr'>θεολογείται,</span> <span class='ocrx_word' id='word_1_541' title='bbox 3591 2403 3766 2458; x_wconf 71' lang='grc' dir='ltr'>Παιλ-</span> 
     </span>
    </p>
   </div>
   <div class='ocr_carea' id='block_1_70' title="bbox 2152 2495 3767 2570">
    <p class='ocr_par' dir='ltr' id='par_1_70' title="bbox 2152 2495 3767 2570">
     <span class='ocr_line' id='line_1_70' title="bbox 2152 2495 3767 2570; baseline -0.003 -16"><span class='ocrx_word' id='word_1_542' title='bbox 2152 2500 2342 2566; x_wconf 72' lang='grc' dir='ltr'>σασοε,</span> <span class='ocrx_word' id='word_1_543' title='bbox 2377 2500 2428 2553; x_wconf 79' lang='grc' dir='ltr'>οἱ</span> <span class='ocrx_word' id='word_1_544' title='bbox 2463 2499 2625 2552; x_wconf 79' lang='grc' dir='ltr'>πάλιν</span> <span class='ocrx_word' id='word_1_545' title='bbox 2678 2498 2776 2570; x_wconf 79' lang='grc' dir='ltr'>τὴν</span> <span class='ocrx_word' id='word_1_546' title='bbox 2812 2496 2976 2568; x_wconf 82' lang='grc' dir='ltr'>φύσιν</span> <span class='ocrx_word' id='word_1_547' title='bbox 3013 2497 3376 2570; x_wconf 77' lang='grc' dir='ltr'>ἐργαζόμενοι</span> <span class='ocrx_word' id='word_1_548' title='bbox 3416 2495 3515 2569; x_wconf 79' lang='grc' dir='ltr'>τὴν</span> <span class='ocrx_word' id='word_1_549' title='bbox 3564 2495 3767 2550; x_wconf 75' lang='grc' dir='ltr'>Βασυ-</span> 
     </span>
    </p>
   </div>
   <div class='ocr_carea' id='block_1_71' title="bbox 2139 2589 3766 2664">
    <p class='ocr_par' dir='ltr' id='par_1_71' title="bbox 2139 2589 3766 2664">
     <span class='ocr_line' id='line_1_71' title="bbox 2139 2589 3766 2664; baseline -0.002 -18"><span class='ocrx_word' id='word_1_550' title='bbox 2139 2592 2346 2648; x_wconf 75' lang='grc' dir='ltr'>’λωνίαν</span> <span class='ocrx_word' id='word_1_551' title='bbox 2372 2595 2416 2658; x_wconf 73' lang='grc'>³,</span> <span class='ocrx_word' id='word_1_552' title='bbox 2463 2594 2512 2646; x_wconf 86' lang='lat' dir='ltr'><strong>oi</strong></span> <span class='ocrx_word' id='word_1_553' title='bbox 2560 2593 2658 2664; x_wconf 84' lang='grc' dir='ltr'>τὴν</span> <span class='ocrx_word' id='word_1_554' title='bbox 2710 2592 2899 2645; x_wconf 73' lang='grc' dir='ltr'>εἰκόνα</span> <span class='ocrx_word' id='word_1_555' title='bbox 2943 2592 3038 2644; x_wconf 71' lang='grc' dir='ltr'>καὶ</span> <span class='ocrx_word' id='word_1_556' title='bbox 3084 2591 3177 2644; x_wconf 77' lang='grc' dir='ltr'>τὸν</span> <span class='ocrx_word' id='word_1_557' title='bbox 3212 2592 3382 2644; x_wconf 85' lang='grc' dir='ltr'>τύπον</span> <span class='ocrx_word' id='word_1_558' title='bbox 3431 2589 3766 2661; x_wconf 73' lang='grc' dir='ltr'>ἐγείραντες</span> 
     </span>
    </p>
   </div>
   <div class='ocr_carea' id='block_1_72' title="bbox 2149 2679 3762 2755">
    <p class='ocr_par' dir='ltr' id='par_1_72' title="bbox 2149 2679 3762 2755">
     <span class='ocr_line' id='line_1_72' title="bbox 2149 2679 3762 2755; baseline -0.003 -17"><span class='ocrx_word' id='word_1_559' title='bbox 2149 2683 2248 2738; x_wconf 80' lang='grc' dir='ltr'>τοῦ</span> <span class='ocrx_word' id='word_1_560' title='bbox 2297 2683 2790 2755; x_wconf 82' lang='grc' dir='ltr'>Ναϐουχοδονόσορ,</span> <span class='ocrx_word' id='word_1_561' title='bbox 2831 2682 2881 2735; x_wconf 88' lang='grc' dir='ltr'>οἱ</span> <span class='ocrx_word' id='word_1_562' title='bbox 2931 2682 3031 2752; x_wconf 80' lang='grc' dir='ltr'>τὴν</span> <span class='ocrx_word' id='word_1_563' title='bbox 3063 2681 3499 2752; x_wconf 83' lang='grc' dir='ltr'>πολυθρύλλητον</span> <span class='ocrx_word' id='word_1_564' title='bbox 3539 2679 3762 2752; x_wconf 80' lang='grc' dir='ltr'>ταύτην</span> 
     </span>
    </p>
   </div>
   <div class='ocr_carea' id='block_1_73' title="bbox 2149 2773 3764 2846">
    <p class='ocr_par' dir='ltr' id='par_1_73' title="bbox 2149 2773 3764 2846">
     <span class='ocr_line' id='line_1_73' title="bbox 2149 2773 3764 2846; baseline -0.002 -16"><span class='ocrx_word' id='word_1_565' title='bbox 2149 2775 2429 2846; x_wconf 73' lang='grc' dir='ltr'>σάλπιγγα</span> <span class='ocrx_word' id='word_1_566' title='bbox 2449 2775 2644 2830; x_wconf 68' lang='grc' dir='ltr'>ἕνωσιν</span> <span class='ocrx_word' id='word_1_567' title='bbox 2675 2776 2719 2808; x_wconf 79' lang='grc'><strong>¹⁰</strong></span> <span class='ocrx_word' id='word_1_568' title='bbox 2746 2775 2857 2828; x_wconf 84' lang='grc' dir='ltr'><strong>τῶν</strong></span> <span class='ocrx_word' id='word_1_569' title='bbox 2877 2773 3258 2845; x_wconf 82' lang='grc' dir='ltr'>πολεμούντων</span> <span class='ocrx_word' id='word_1_570' title='bbox 3287 2773 3660 2838; x_wconf 75' lang='grc' dir='ltr'>σαλπίζοντες,</span> <span class='ocrx_word' id='word_1_571' title='bbox 3695 2773 3764 2827; x_wconf 74' lang='grc' dir='ltr'>οἱ</span> 
     </span>
    </p>
   </div>
   <div class='ocr_carea' id='block_1_74' title="bbox 2147 2863 3763 2941">
    <p class='ocr_par' dir='ltr' id='par_1_74' title="bbox 2147 2863 3763 2941">
     <span class='ocr_line' id='line_1_74' title="bbox 2147 2863 3763 2941; baseline -0.002 -18"><span class='ocrx_word' id='word_1_572' title='bbox 2147 2869 2211 2923; x_wconf 73' lang='grc' dir='ltr'>ἐν</span> <span class='ocrx_word' id='word_1_573' title='bbox 2246 2871 2533 2941; x_wconf 82' lang='grc' dir='ltr'>μουσικοῖς</span> <span class='ocrx_word' id='word_1_574' title='bbox 2560 2869 2656 2921; x_wconf 72' lang='grc' dir='ltr'>καὶ</span> <span class='ocrx_word' id='word_1_575' title='bbox 2687 2867 2748 2921; x_wconf 79' lang='grc' dir='ltr'>ὲν</span> <span class='ocrx_word' id='word_1_576' title='bbox 2779 2865 3102 2937; x_wconf 76' lang='grc' dir='ltr'>κυμϐάλοις,</span> <span class='ocrx_word' id='word_1_577' title='bbox 3137 2865 3232 2920; x_wconf 82' lang='grc' dir='ltr'>καὶ</span> <span class='ocrx_word' id='word_1_578' title='bbox 3267 2867 3327 2920; x_wconf 85' lang='grc' dir='ltr'>ὲν</span> <span class='ocrx_word' id='word_1_579' title='bbox 3350 2865 3634 2938; x_wconf 73' lang='grc' dir='ltr'>ψαλτηρίῳ</span> <span class='ocrx_word' id='word_1_580' title='bbox 3656 2863 3763 2920; x_wconf 65' lang='grc' dir='ltr'><strong>διὰ</strong></span> 
     </span>
    </p>
   </div>
   <div class='ocr_carea' id='block_1_75' title="bbox 2148 2957 3760 3031">
    <p class='ocr_par' dir='ltr' id='par_1_75' title="bbox 2148 2957 3760 3031">
     <span class='ocr_line' id='line_1_75' title="bbox 2148 2957 3760 3031; baseline -0.001 -16"><span class='ocrx_word' id='word_1_581' title='bbox 2148 2961 2262 3015; x_wconf 81' lang='grc' dir='ltr'>τῶν</span> <span class='ocrx_word' id='word_1_582' title='bbox 2311 2959 2750 3030; x_wconf 78' lang='grc' dir='ltr'>πεπλανημένων</span> <span class='ocrx_word' id='word_1_583' title='bbox 2779 2959 2932 3030; x_wconf 79' lang='grc' dir='ltr'>ὑμῶν</span> <span class='ocrx_word' id='word_1_584' title='bbox 2965 2957 3228 3031; x_wconf 77' lang='grc' dir='ltr'>ῥημάτων</span> <span class='ocrx_word' id='word_1_585' title='bbox 3263 2961 3344 3024; x_wconf 87' lang='grc' dir='ltr'><strong>είς</strong></span> <span class='ocrx_word' id='word_1_586' title='bbox 3385 2958 3592 3012; x_wconf 77' lang='grc' dir='ltr'>πτῶσιν</span> <span class='ocrx_word' id='word_1_587' title='bbox 3618 2957 3760 3022; x_wconf 72' lang='grc' dir='ltr'>τοὺς</span> 
     </span>
    </p>
   </div>
   <div class='ocr_carea' id='block_1_76' title="bbox 2151 3049 3761 3124">
    <p class='ocr_par' dir='ltr' id='par_1_76' title="bbox 2151 3049 3761 3124">
     <span class='ocr_line' id='line_1_76' title="bbox 2151 3049 3761 3124; baseline -0.001 -16"><span class='ocrx_word' id='word_1_588' title='bbox 2151 3052 2320 3118; x_wconf 80' lang='grc' dir='ltr'>λαοὺς</span> <span class='ocrx_word' id='word_1_589' title='bbox 2347 3052 2628 3124; x_wconf 72' lang='grc' dir='ltr'>φέροντες,</span> <span class='ocrx_word' id='word_1_590' title='bbox 2665 3052 2836 3107; x_wconf 77' lang='grc' dir='ltr'>εἰκόνι</span> <span class='ocrx_word' id='word_1_591' title='bbox 2861 3051 3066 3124; x_wconf 85' lang='grc' dir='ltr'>μᾶλλον</span> <span class='ocrx_word' id='word_1_592' title='bbox 3086 3049 3372 3106; x_wconf 80' lang='grc' dir='ltr'>δουλεῦσαι</span> <span class='ocrx_word' id='word_1_593' title='bbox 3393 3049 3761 3122; x_wconf 77' lang='grc' dir='ltr'>παρασκευᾶ-</span> 
     </span>
    </p>
   </div>
   <div class='ocr_carea' id='block_1_77' title="bbox 2153 3140 3760 3217">
    <p class='ocr_par' dir='ltr' id='par_1_77' title="bbox 2153 3140 3760 3217">
     <span class='ocr_line' id='line_1_77' title="bbox 2153 3140 3760 3217; baseline -0.002 -19"><span class='ocrx_word' id='word_1_594' title='bbox 2153 3145 2339 3210; x_wconf 79' lang='grc' dir='ltr'>ζοντες</span> <span class='ocrx_word' id='word_1_595' title='bbox 2383 3145 2530 3217; x_wconf 66' lang='grc' dir='ltr'>ἤπερ</span> <span class='ocrx_word' id='word_1_596' title='bbox 2580 3143 2702 3216; x_wconf 81' lang='grc' dir='ltr'><strong>Θεῷ</strong></span> <span class='ocrx_word' id='word_1_597' title='bbox 2748 3145 2844 3199; x_wconf 76' lang='grc' dir='ltr'>καὶ</span> <span class='ocrx_word' id='word_1_598' title='bbox 2887 3143 3140 3217; x_wconf 79' lang='grc' dir='ltr'>ἀληθείᾳ.</span> <span class='ocrx_word' id='word_1_599' title='bbox 3192 3144 3307 3198; x_wconf 77' lang='grc' dir='ltr'><strong>Καὶ</strong></span> <span class='ocrx_word' id='word_1_600' title='bbox 3354 3141 3440 3208; x_wconf 87' lang='grc' dir='ltr'><strong>τίς</strong></span> <span class='ocrx_word' id='word_1_601' title='bbox 3493 3140 3760 3213; x_wconf 68' lang='grc' dir='ltr'>ἀληθινὸς</span> 
     </span>
    </p>
   </div>
   <div class='ocr_carea' id='block_1_78' title="bbox 2153 3237 3759 3315">
    <p class='ocr_par' dir='ltr' id='par_1_78' title="bbox 2153 3237 3759 3315">
     <span class='ocr_line' id='line_1_78' title="bbox 2153 3237 3759 3315; baseline -0.003 -19"><span class='ocrx_word' id='word_1_602' title='bbox 2153 3242 2364 3315; x_wconf 69' lang='grc' dir='ltr'>ἔτερος,</span> <span class='ocrx_word' id='word_1_603' title='bbox 2386 3240 2464 3306; x_wconf 84' lang='grc' dir='ltr'><strong>ὡς</strong></span> <span class='ocrx_word' id='word_1_604' title='bbox 2490 3241 2521 3294; x_wconf 88' lang='lat'><strong>6</strong></span> <span class='ocrx_word' id='word_1_605' title='bbox 2542 3241 2672 3305; x_wconf 82' lang='grc' dir='ltr'><strong>Υἱὸς</strong></span> <span class='ocrx_word' id='word_1_606' title='bbox 2702 3239 2798 3294; x_wconf 82' lang='grc' dir='ltr'>τοῦ</span> <span class='ocrx_word' id='word_1_607' title='bbox 2838 3240 2973 3294; x_wconf 84' lang='grc' dir='ltr'>Θεοῦ</span> <span class='ocrx_word' id='word_1_608' title='bbox 2999 3259 3016 3309; x_wconf 88' lang='grc'><strong>;</strong></span> <span class='ocrx_word' id='word_1_609' title='bbox 3056 3241 3152 3308; x_wconf 82' lang='grc' dir='ltr'>Τίς</span> <span class='ocrx_word' id='word_1_610' title='bbox 3175 3239 3286 3310; x_wconf 76' lang='grc' dir='ltr'>γὰρ</span> <span class='ocrx_word' id='word_1_611' title='bbox 3314 3237 3759 3308; x_wconf 74' lang='grc' dir='ltr'>ἐξισωθήσεταιι</span> 
     </span>
    </p>
   </div>
   <div class='ocr_carea' id='block_1_79' title="bbox 2151 3331 3758 3406">
    <p class='ocr_par' dir='ltr' id='par_1_79' title="bbox 2151 3331 3758 3406">
     <span class='ocr_line' id='line_1_79' title="bbox 2151 3331 3758 3406; baseline -0.005 -14"><span class='ocrx_word' id='word_1_612' title='bbox 2151 3335 2234 3403; x_wconf 75' lang='grc' dir='ltr'>τῷ</span> <span class='ocrx_word' id='word_1_613' title='bbox 2283 3335 2482 3405; x_wconf 77' lang='grc' dir='ltr'>Κυρίῳ</span> <span class='ocrx_word' id='word_1_614' title='bbox 2528 3335 2599 3391; x_wconf 75' lang='grc' dir='ltr'>ἐν</span> <span class='ocrx_word' id='word_1_615' title='bbox 2649 3334 2802 3402; x_wconf 79' lang='grc' dir='ltr'>υἱοῖς</span> <span class='ocrx_word' id='word_1_616' title='bbox 2833 3335 3017 3400; x_wconf 84' lang='grc' dir='ltr'>Θεοῦ;</span> <span class='ocrx_word' id='word_1_617' title='bbox 3063 3334 3230 3405; x_wconf 74' lang='grc' dir='ltr'>φησιν</span> <span class='ocrx_word' id='word_1_618' title='bbox 3267 3335 3302 3406; x_wconf 78' lang='grc' dir='ltr'><strong>ἡ</strong></span> <span class='ocrx_word' id='word_1_619' title='bbox 3349 3333 3543 3405; x_wconf 80' lang='grc' dir='ltr'>Γραφή</span> <span class='ocrx_word' id='word_1_620' title='bbox 3565 3349 3579 3363; x_wconf 78' lang='grc'><em>’</em></span> <span class='ocrx_word' id='word_1_621' title='bbox 3616 3331 3716 3386; x_wconf 75' lang='grc' dir='ltr'>καὶ</span> <span class='ocrx_word' id='word_1_622' title='bbox 3737 3372 3758 3398; x_wconf 86' lang='grc'><strong>,</strong></span> 
     </span>
    </p>
   </div>
   <div class='ocr_carea' id='block_1_80' title="bbox 2154 3425 3760 3499">
    <p class='ocr_par' dir='ltr' id='par_1_80' title="bbox 2154 3425 3760 3499">
     <span class='ocr_line' id='line_1_80' title="bbox 2154 3425 3760 3499; baseline -0.004 -14"><span class='ocrx_word' id='word_1_623' title='bbox 2154 3430 2405 3498; x_wconf 76' lang='grc' dir='ltr'>Ἕτερος</span> <span class='ocrx_word' id='word_1_624' title='bbox 2458 3429 2611 3499; x_wconf 82' lang='grc' dir='ltr'>πρὸς</span> <span class='ocrx_word' id='word_1_625' title='bbox 2666 3427 2857 3484; x_wconf 73' lang='grc' dir='ltr'>αὐτὸν</span> <span class='ocrx_word' id='word_1_626' title='bbox 2887 3430 2962 3483; x_wconf 81' lang='grc' dir='ltr'><strong>οὐ</strong></span> <span class='ocrx_word' id='word_1_627' title='bbox 3013 3426 3468 3499; x_wconf 59' lang='grc' dir='ltr'>λογισθήσεται.</span> <span class='ocrx_word' id='word_1_628' title='bbox 3527 3425 3639 3480; x_wconf 76' lang='grc' dir='ltr'>Καὶ</span> <span class='ocrx_word' id='word_1_629' title='bbox 3694 3425 3760 3479; x_wconf 82' lang='grc' dir='ltr'><strong>τί</strong></span> 
     </span>
    </p>
   </div>
   <div class='ocr_carea' id='block_1_81' title="bbox 2151 3515 3759 3591">
    <p class='ocr_par' dir='ltr' id='par_1_81' title="bbox 2151 3515 3759 3591">
     <span class='ocr_line' id='line_1_81' title="bbox 2151 3515 3759 3591; baseline -0.001 -19"><span class='ocrx_word' id='word_1_630' title='bbox 2151 3537 2322 3591; x_wconf 75' lang='grc' dir='ltr'>φησιν</span> <span class='ocrx_word' id='word_1_631' title='bbox 2347 3536 2362 3586; x_wconf 88' lang='grc'>;</span> <span class='ocrx_word' id='word_1_632' title='bbox 2392 3521 2514 3574; x_wconf 78' lang='grc' dir='ltr'>Ἵνα</span> <span class='ocrx_word' id='word_1_633' title='bbox 2551 3519 2690 3591; x_wconf 74' lang='grc' dir='ltr'>ἴδῃς,</span> <span class='ocrx_word' id='word_1_634' title='bbox 2719 3519 2806 3572; x_wconf 82' lang='grc' dir='ltr'>ὅτι</span> <span class='ocrx_word' id='word_1_635' title='bbox 2838 3517 3092 3591; x_wconf 73' lang='grc' dir='ltr'>περὶτοῦ</span> <span class='ocrx_word' id='word_1_636' title='bbox 3135 3516 3266 3572; x_wconf 84' lang='grc' dir='ltr'><strong>Υἱοῢ</strong></span> <span class='ocrx_word' id='word_1_637' title='bbox 3307 3517 3482 3586; x_wconf 83' lang='grc' dir='ltr'>λέγει,</span> <span class='ocrx_word' id='word_1_638' title='bbox 3513 3515 3759 3588; x_wconf 73' lang='grc' dir='ltr'>καθεξῆς</span> 
     </span>
    </p>
   </div>
   <div class='ocr_carea' id='block_1_82' title="bbox 2150 3609 3760 3684">
    <p class='ocr_par' dir='ltr' id='par_1_82' title="bbox 2150 3609 3760 3684">
     <span class='ocr_line' id='line_1_82' title="bbox 2150 3609 3760 3684; baseline -0.003 -17"><span class='ocrx_word' id='word_1_639' title='bbox 2150 3611 2512 3684; x_wconf 75' lang='grc' dir='ltr'>διηγούμενός</span> <span class='ocrx_word' id='word_1_640' title='bbox 2545 3629 2711 3683; x_wconf 80' lang='grc' dir='ltr'>φησιν</span> <span class='ocrx_word' id='word_1_641' title='bbox 2730 3629 2744 3644; x_wconf 77' lang='grc' dir='ltr'><strong><em>ο</em></strong></span> <span class='ocrx_word' id='word_1_642' title='bbox 2786 3611 3030 3680; x_wconf 80' lang='grc' dir='ltr'>Ἐξεῦρε</span> <span class='ocrx_word' id='word_1_643' title='bbox 3072 3609 3284 3667; x_wconf 73' lang='grc' dir='ltr'>πᾶσαν</span> <span class='ocrx_word' id='word_1_644' title='bbox 3318 3609 3466 3666; x_wconf 71' lang='grc' dir='ltr'><strong>ὁδὸν</strong></span> <span class='ocrx_word' id='word_1_645' title='bbox 3501 3609 3760 3677; x_wconf 75' lang='grc' dir='ltr'>ἐπιστή-</span> 
     </span>
    </p>
   </div>
   <div class='ocr_carea' id='block_1_83' title="bbox 2147 3700 3758 3776">
    <p class='ocr_par' dir='ltr' id='par_1_83' title="bbox 2147 3700 3758 3776">
     <span class='ocr_line' id='line_1_83' title="bbox 2147 3700 3758 3776; baseline -0.002 -18"><span class='ocrx_word' id='word_1_646' title='bbox 2147 3712 2304 3776; x_wconf 76' lang='grc' dir='ltr'>μης,</span> <span class='ocrx_word' id='word_1_647' title='bbox 2352 3705 2453 3758; x_wconf 73' lang='grc' dir='ltr'>καὶ</span> <span class='ocrx_word' id='word_1_648' title='bbox 2497 3703 2729 3759; x_wconf 72' lang='grc' dir='ltr'>ἔδωκεν</span> <span class='ocrx_word' id='word_1_649' title='bbox 2771 3703 3000 3771; x_wconf 75' lang='grc' dir='ltr'>αὑτήν·</span> <span class='ocrx_word' id='word_1_650' title='bbox 3047 3703 3144 3758; x_wconf 75' lang='grc' dir='ltr'>καὶ</span> <span class='ocrx_word' id='word_1_651' title='bbox 3188 3702 3328 3774; x_wconf 78' lang='grc' dir='ltr'>μετὰ</span> <span class='ocrx_word' id='word_1_652' title='bbox 3370 3700 3575 3756; x_wconf 80' lang='grc' dir='ltr'>ταῦτα’</span> <span class='ocrx_word' id='word_1_653' title='bbox 3625 3700 3758 3756; x_wconf 70' lang='grc' dir='ltr'>Ἐπὶ</span> 
     </span>
    </p>
   </div>
   <div class='ocr_carea' id='block_1_84' title="bbox 2154 3792 3754 3867">
    <p class='ocr_par' dir='ltr' id='par_1_84' title="bbox 2154 3792 3754 3867">
     <span class='ocr_line' id='line_1_84' title="bbox 2154 3792 3754 3867; baseline -0.001 -17"><span class='ocrx_word' id='word_1_654' title='bbox 2154 3795 2270 3867; x_wconf 79' lang='grc' dir='ltr'><strong>τῆς</strong></span> <span class='ocrx_word' id='word_1_655' title='bbox 2318 3795 2512 3866; x_wconf 72' lang='grc' dir='ltr'>ὤφθη,</span> <span class='ocrx_word' id='word_1_656' title='bbox 2549 3795 2650 3850; x_wconf 75' lang='grc' dir='ltr'>καὶ</span> <span class='ocrx_word' id='word_1_657' title='bbox 2704 3795 2832 3866; x_wconf 81' lang='grc' dir='ltr'>τοῖς</span> <span class='ocrx_word' id='word_1_658' title='bbox 2874 3796 3212 3866; x_wconf 75' lang='grc' dir='ltr'>ἀνθρώποις</span> <span class='ocrx_word' id='word_1_659' title='bbox 3252 3792 3754 3864; x_wconf 66' lang='grc' dir='ltr'>συνανεστρὰφη.</span> 
     </span>
    </p>
   </div>
   <div class='ocr_carea' id='block_1_85' title="bbox 2155 3883 3756 3960">
    <p class='ocr_par' dir='ltr' id='par_1_85' title="bbox 2155 3883 3756 3960">
     <span class='ocr_line' id='line_1_85' title="bbox 2155 3883 3756 3960; baseline -0.002 -18"><span class='ocrx_word' id='word_1_660' title='bbox 2155 3887 2280 3952; x_wconf 75' lang='grc' dir='ltr'>Πῶς</span> <span class='ocrx_word' id='word_1_661' title='bbox 2305 3883 2401 3942; x_wconf 74' lang='grc' dir='ltr'>οὖν</span> <span class='ocrx_word' id='word_1_662' title='bbox 2429 3887 2531 3942; x_wconf 80' lang='grc' dir='ltr'>οὐκ</span> <span class='ocrx_word' id='word_1_663' title='bbox 2570 3886 2845 3960; x_wconf 78' lang='grc' dir='ltr'>ἀληθινῶς</span> <span class='ocrx_word' id='word_1_664' title='bbox 2875 3887 3015 3960; x_wconf 78' lang='grc' dir='ltr'>πρὸς</span> <span class='ocrx_word' id='word_1_665' title='bbox 3035 3886 3200 3943; x_wconf 78' lang='grc' dir='ltr'>αὑτὸν</span> <span class='ocrx_word' id='word_1_666' title='bbox 3229 3885 3405 3946; x_wconf 77' lang='grc' dir='ltr'>ταῦτα</span> <span class='ocrx_word' id='word_1_667' title='bbox 3447 3886 3664 3959; x_wconf 72' lang='grc' dir='ltr'>εἴρηται</span> <span class='ocrx_word' id='word_1_668' title='bbox 3681 3901 3700 3954; x_wconf 83' lang='grc'><strong>;</strong></span> <span class='ocrx_word' id='word_1_669' title='bbox 3719 3885 3756 3939; x_wconf 81' lang='lat'><strong>6</strong></span> 
     </span>
    </p>
   </div>
   <div class='ocr_carea' id='block_1_86' title="bbox 2156 3980 3193 4053">
    <p class='ocr_par' dir='ltr' id='par_1_86' title="bbox 2156 3980 3193 4053">
     <span class='ocr_line' id='line_1_86' title="bbox 2156 3980 3193 4053; baseline 0.003 -17"><span class='ocrx_word' id='word_1_670' title='bbox 2156 3983 2252 4037; x_wconf 78' lang='grc' dir='ltr'>καὶ</span> <span class='ocrx_word' id='word_1_671' title='bbox 2281 3981 2484 4052; x_wconf 78' lang='grc' dir='ltr'>λέγων’</span> <span class='ocrx_word' id='word_1_672' title='bbox 2525 3980 2674 4052; x_wconf 72' lang='grc' dir='ltr'><strong>ἐγὼ</strong></span> <span class='ocrx_word' id='word_1_673' title='bbox 2699 3983 2817 4053; x_wconf 80' lang='grc' dir='ltr'>ειμι</span> <span class='ocrx_word' id='word_1_674' title='bbox 2847 3983 2888 4052; x_wconf 71' lang='grc' dir='ltr'><strong><em>ἡ</em></strong></span> <span class='ocrx_word' id='word_1_675' title='bbox 2915 3981 3193 4053; x_wconf 57' lang='lat' dir='ltr'><strong>omam.</strong></span> 
     </span>
    </p>
   </div>
   <div class='ocr_carea' id='block_1_87' title="bbox 2227 4241 3752 4323">
    <p class='ocr_par' dir='ltr' id='par_1_87' title="bbox 2227 4241 3752 4323">
     <span class='ocr_line' id='line_1_87' title="bbox 2227 4241 3752 4323; baseline -0.007 -16"><span class='ocrx_word' id='word_1_676' title='bbox 2227 4251 2352 4308; x_wconf 81' lang='lat' dir='ltr'><strong>AB’.</strong></span> <span class='ocrx_word' id='word_1_677' title='bbox 2397 4251 2536 4308; x_wconf 82' lang='grc' dir='ltr'>Ἀλλ’</span> <span class='ocrx_word' id='word_1_678' title='bbox 2569 4251 2714 4323; x_wconf 70' lang='grc' dir='ltr'>ἐρεῖς</span> <span class='ocrx_word' id='word_1_679' title='bbox 2743 4266 2835 4321; x_wconf 85' lang='grc' dir='ltr'>μοι</span> <span class='ocrx_word' id='word_1_680' title='bbox 2850 4261 2868 4278; x_wconf 79' lang='lat'><strong><em>°</em></strong></span> <span class='ocrx_word' id='word_1_681' title='bbox 2903 4248 3030 4312; x_wconf 87' lang='grc' dir='ltr'><strong>Πῶς</strong></span> <span class='ocrx_word' id='word_1_682' title='bbox 3053 4241 3208 4302; x_wconf 80' lang='grc' dir='ltr'>εἶπεν</span> <span class='ocrx_word' id='word_1_683' title='bbox 3231 4243 3343 4319; x_wconf 67' lang='lat' dir='ltr'><strong>(9L)</strong></span> <span class='ocrx_word' id='word_1_684' title='bbox 3373 4245 3403 4300; x_wconf 91' lang='lat'><strong>6</strong></span> <span class='ocrx_word' id='word_1_685' title='bbox 3437 4242 3752 4316; x_wconf 70' lang='grc' dir='ltr'>Μονογενὴς</span> 
     </span>
    </p>
   </div>
   <div class='ocr_carea' id='block_1_88' title="bbox 2155 4338 3757 4417">
    <p class='ocr_par' dir='ltr' id='par_1_88' title="bbox 2155 4338 3757 4417">
     <span class='ocr_line' id='line_1_88' title="bbox 2155 4338 3757 4417; baseline -0.004 -17"><span class='ocrx_word' id='word_1_686' title='bbox 2155 4344 2413 4417; x_wconf 76' lang='grc' dir='ltr'>ἀληθινὸς</span> <span class='ocrx_word' id='word_1_687' title='bbox 2470 4342 2638 4406; x_wconf 78' lang='grc' dir='ltr'>Θεός’</span> <span class='ocrx_word' id='word_1_688' title='bbox 2689 4342 2828 4398; x_wconf 73' lang='grc' dir='ltr'>Ἵνα</span> <span class='ocrx_word' id='word_1_689' title='bbox 2882 4339 3228 4413; x_wconf 75' lang='grc' dir='ltr'>γινώσκωί</span> <span class='ocrx_word' id='word_1_690' title='bbox 3273 4353 3349 4395; x_wconf 77' lang='grc' dir='ltr'><strong>σε</strong></span> <span class='ocrx_word' id='word_1_691' title='bbox 3406 4339 3516 4394; x_wconf 73' lang='grc' dir='ltr'>τὸν</span> <span class='ocrx_word' id='word_1_692' title='bbox 3555 4338 3757 4408; x_wconf 70' lang='grc' dir='ltr'>μόνον</span> 
     </span>
    </p>
   </div>
   <div class='ocr_carea' id='block_1_89' title="bbox 2155 4427 3754 4506">
    <p class='ocr_par' dir='ltr' id='par_1_89' title="bbox 2155 4427 3754 4506">
     <span class='ocr_line' id='line_1_89' title="bbox 2155 4427 3754 4506; baseline -0.006 -13"><span class='ocrx_word' id='word_1_693' title='bbox 2155 4436 2452 4505; x_wconf 73' lang='grc' dir='ltr'>ἀληθινὸν</span> <span class='ocrx_word' id='word_1_694' title='bbox 2494 4435 2681 4501; x_wconf 61' lang='lat' dir='ltr'><strong>Geor;</strong></span> <span class='ocrx_word' id='word_1_695' title='bbox 2725 4435 2845 4488; x_wconf 83' lang='grc' dir='ltr'><strong>Ἵνα</strong></span> <span class='ocrx_word' id='word_1_696' title='bbox 2895 4433 2974 4506; x_wconf 78' lang='grc' dir='ltr'>μὴ</span> <span class='ocrx_word' id='word_1_697' title='bbox 3020 4432 3282 4487; x_wconf 79' lang='grc' dir='ltr'>πολυθεῒα</span> <span class='ocrx_word' id='word_1_698' title='bbox 3327 4429 3633 4504; x_wconf 74' lang='grc' dir='ltr'>νομισθείη,</span> <span class='ocrx_word' id='word_1_699' title='bbox 3664 4427 3754 4483; x_wconf 73' lang='grc' dir='ltr'>ενα</span> 
     </span>
    </p>
   </div>
   <div class='ocr_carea' id='block_1_90' title="bbox 448 4519 2049 4625">
    <p class='ocr_par' dir='ltr' id='par_1_90' title="bbox 448 4524 2049 4595">
     <span class='ocr_line' id='line_1_90' title="bbox 448 4524 2049 4595; baseline 0.009 -17"><span class='ocrx_word' id='word_1_700' title='bbox 448 4524 718 4595; x_wconf 78' lang='lat' dir='ltr'><strong>gnitionis</strong></span> <span class='ocrx_word' id='word_1_701' title='bbox 747 4527 1048 4584; x_wconf 85' lang='lat' dir='ltr'><strong>divortium</strong></span> <span class='ocrx_word' id='word_1_702' title='bbox 1072 4530 1247 4586; x_wconf 90' lang='lat' dir='ltr'><strong>ullum</strong></span> <span class='ocrx_word' id='word_1_703' title='bbox 1264 4530 1438 4588; x_wconf 83' lang='lat' dir='ltr'><strong>ﬁeret.</strong></span> <span class='ocrx_word' id='word_1_704' title='bbox 1464 4531 1603 4587; x_wconf 87' lang='lat' dir='ltr'><strong>Nam</strong></span> <span class='ocrx_word' id='word_1_705' title='bbox 1634 4533 1682 4589; x_wconf 91' lang='lat' dir='ltr'><strong>si</strong></span> <span class='ocrx_word' id='word_1_706' title='bbox 1713 4532 1877 4590; x_wconf 88' lang='lat' dir='ltr'><strong>Pater</strong></span> <span class='ocrx_word' id='word_1_707' title='bbox 1895 4536 2049 4592; x_wconf 83' lang='lat' dir='ltr'><strong>solus</strong></span> 
     </span>
    </p>
   </div>
   <div class='ocr_carea' id='block_1_91' title="bbox 2142 4519 3755 4625">
    <p class='ocr_par' dir='ltr' id='par_1_91' title="bbox 2160 4519 3755 4600">
     <span class='ocr_line' id='line_1_91' title="bbox 2160 4519 3755 4600; baseline -0.004 -19"><span class='ocrx_word' id='word_1_708' title='bbox 2160 4529 2242 4600; x_wconf 71' lang='grc' dir='ltr'>μὴ</span> <span class='ocrx_word' id='word_1_709' title='bbox 2264 4527 2532 4599; x_wconf 78' lang='grc' dir='ltr'>διαίρεσις</span> <span class='ocrx_word' id='word_1_710' title='bbox 2569 4525 2800 4598; x_wconf 74' lang='grc' dir='ltr'>γένηται</span> <span class='ocrx_word' id='word_1_711' title='bbox 2821 4525 2923 4595; x_wconf 74' lang='grc' dir='ltr'>τῆς</span> <span class='ocrx_word' id='word_1_712' title='bbox 2959 4524 3203 4594; x_wconf 75' lang='grc' dir='ltr'>ζωτικῆς</span> <span class='ocrx_word' id='word_1_713' title='bbox 3229 4521 3506 4593; x_wconf 74' lang='grc' dir='ltr'>γνώσεως.</span> <span class='ocrx_word' id='word_1_714' title='bbox 3540 4522 3606 4576; x_wconf 76' lang='grc' dir='ltr'><strong>ΕΞ</strong></span> <span class='ocrx_word' id='word_1_715' title='bbox 3640 4519 3755 4594; x_wconf 68' lang='grc' dir='ltr'>γὰρ</span> 
     </span>
    </p>
   </div>
   <div class='ocr_carea' id='block_1_92' title="bbox 449 4613 2049 4694">
    <p class='ocr_par' dir='ltr' id='par_1_92' title="bbox 449 4619 2049 4694">
     <span class='ocr_line' id='line_1_92' title="bbox 449 4619 2049 4694; baseline 0.009 -22"><span class='ocrx_word' id='word_1_716' title='bbox 449 4635 614 4676; x_wconf 82' lang='lat' dir='ltr'><strong>verus</strong></span> <span class='ocrx_word' id='word_1_717' title='bbox 650 4619 796 4678; x_wconf 85' lang='lat' dir='ltr'><strong>Deus</strong></span> <span class='ocrx_word' id='word_1_718' title='bbox 825 4630 930 4689; x_wconf 81' lang='lat' dir='ltr'><strong>est,</strong></span> <span class='ocrx_word' id='word_1_719' title='bbox 969 4639 1138 4680; x_wconf 87' lang='lat' dir='ltr'><strong>verus</strong></span> <span class='ocrx_word' id='word_1_720' title='bbox 1166 4634 1253 4682; x_wconf 91' lang='lat' dir='ltr'><strong>est</strong></span> <span class='ocrx_word' id='word_1_721' title='bbox 1273 4626 1440 4681; x_wconf 85' lang='lat' dir='ltr'><strong>etiam</strong></span> <span class='ocrx_word' id='word_1_722' title='bbox 1465 4642 1534 4682; x_wconf 80' lang='lat' dir='ltr'><strong>ex</strong></span> <span class='ocrx_word' id='word_1_723' title='bbox 1556 4625 1719 4684; x_wconf 87' lang='lat' dir='ltr'><strong>Patre</strong></span> <span class='ocrx_word' id='word_1_724' title='bbox 1755 4625 1949 4694; x_wconf 86' lang='lat' dir='ltr'><strong>Filius,</strong></span> <span class='ocrx_word' id='word_1_725' title='bbox 1979 4630 2049 4688; x_wconf 78' lang='lat' dir='ltr'><strong>ab</strong></span> 
     </span>
    </p>
   </div>
   <div class='ocr_carea' id='block_1_93' title="bbox 2142 4613 3754 4694">
    <p class='ocr_par' dir='ltr' id='par_1_93' title="bbox 2157 4613 3754 4692">
     <span class='ocr_line' id='line_1_93' title="bbox 2157 4613 3754 4692; baseline -0.004 -18"><span class='ocrx_word' id='word_1_726' title='bbox 2157 4620 2319 4692; x_wconf 82' lang='grc' dir='ltr'>μόνος</span> <span class='ocrx_word' id='word_1_727' title='bbox 2353 4617 2604 4690; x_wconf 79' lang='grc' dir='ltr'>ἀληθινὸς</span> <span class='ocrx_word' id='word_1_728' title='bbox 2636 4617 2770 4682; x_wconf 76' lang='grc' dir='ltr'>Θεὸς</span> <span class='ocrx_word' id='word_1_729' title='bbox 2805 4618 2836 4672; x_wconf 90' lang='lat'><strong>6</strong></span> <span class='ocrx_word' id='word_1_730' title='bbox 2884 4617 3098 4690; x_wconf 77' lang='grc' dir='ltr'>Πατὴρ,</span> <span class='ocrx_word' id='word_1_731' title='bbox 3151 4613 3410 4688; x_wconf 79' lang='grc' dir='ltr'>ἀληθινὸς</span> <span class='ocrx_word' id='word_1_732' title='bbox 3448 4615 3477 4668; x_wconf 88' lang='lat'><strong>6</strong></span> <span class='ocrx_word' id='word_1_733' title='bbox 3516 4613 3647 4678; x_wconf 75' lang='grc' dir='ltr'>Υἱὸς</span> <span class='ocrx_word' id='word_1_734' title='bbox 3687 4614 3754 4668; x_wconf 70' lang='grc' dir='ltr'>ὲκ</span> 
     </span>
    </p>
   </div>
   <div class='ocr_carea' id='block_1_94' title="bbox 401 4711 2053 4788">
    <p class='ocr_par' dir='ltr' id='par_1_94' title="bbox 401 4711 2053 4788">
     <span class='ocr_line' id='line_1_94' title="bbox 401 4711 2053 4788; baseline 0.007 -23"><span class='ocrx_word' id='word_1_735' title='bbox 401 4774 411 4788; x_wconf 31' lang='grc' dir='ltr'>ι</span> <span class='ocrx_word' id='word_1_736' title='bbox 447 4711 641 4768; x_wconf 83' lang='lat' dir='ltr'><strong>eodem</strong></span> <span class='ocrx_word' id='word_1_737' title='bbox 671 4729 861 4770; x_wconf 83' lang='lat' dir='ltr'><strong>revera</strong></span> <span class='ocrx_word' id='word_1_738' title='bbox 895 4715 1138 4788; x_wconf 75' lang='lat' dir='ltr'><strong>genitus.</strong></span> <span class='ocrx_word' id='word_1_739' title='bbox 1164 4716 1303 4774; x_wconf 85' lang='lat' dir='ltr'><strong>Cum</strong></span> <span class='ocrx_word' id='word_1_740' title='bbox 1321 4717 1467 4773; x_wconf 83' lang='lat' dir='ltr'><strong>enim</strong></span> <span class='ocrx_word' id='word_1_741' title='bbox 1498 4717 1650 4774; x_wconf 84' lang='lat' dir='ltr'><strong>Patri</strong></span> <span class='ocrx_word' id='word_1_742' title='bbox 1683 4720 2053 4786; x_wconf 78' lang='lat' dir='ltr'><strong>defert,eum—</strong></span> 
     </span>
    </p>
   </div>
   <div class='ocr_carea' id='block_1_95' title="bbox 449 4805 2050 4880">
    <p class='ocr_par' dir='ltr' id='par_1_95' title="bbox 449 4805 2050 4880">
     <span class='ocr_line' id='line_1_95' title="bbox 449 4805 2050 4880; baseline 0.002 -20"><span class='ocrx_word' id='word_1_743' title='bbox 449 4820 559 4873; x_wconf 86' lang='lat' dir='ltr'><strong>.que</strong></span> <span class='ocrx_word' id='word_1_744' title='bbox 607 4805 785 4861; x_wconf 86' lang='lat' dir='ltr'><strong>solum</strong></span> <span class='ocrx_word' id='word_1_745' title='bbox 843 4821 1034 4862; x_wconf 86' lang='lat' dir='ltr'><strong>verum</strong></span> <span class='ocrx_word' id='word_1_746' title='bbox 1078 4805 1253 4862; x_wconf 87' lang='lat' dir='ltr'><strong>Deum</strong></span> <span class='ocrx_word' id='word_1_747' title='bbox 1297 4823 1424 4864; x_wconf 88' lang='lat' dir='ltr'><strong>esse</strong></span> <span class='ocrx_word' id='word_1_748' title='bbox 1471 4808 1752 4874; x_wconf 86' lang='lat' dir='ltr'><strong>declarat,</strong></span> <span class='ocrx_word' id='word_1_749' title='bbox 1806 4813 2050 4880; x_wconf 81' lang='lat' dir='ltr'><strong>seipsum</strong></span> 
     </span>
    </p>
   </div>
   <div class='ocr_carea' id='block_1_96' title="bbox 449 4897 2049 4970">
    <p class='ocr_par' dir='ltr' id='par_1_96' title="bbox 449 4897 2049 4970">
     <span class='ocr_line' id='line_1_96' title="bbox 449 4897 2049 4970; baseline 0.005 -22"><span class='ocrx_word' id='word_1_750' title='bbox 449 4911 669 4965; x_wconf 70' lang='lat' dir='ltr'><strong>(pioque</strong></span> <span class='ocrx_word' id='word_1_751' title='bbox 719 4912 908 4952; x_wconf 91' lang='lat' dir='ltr'><strong>verum</strong></span> <span class='ocrx_word' id='word_1_752' title='bbox 940 4913 970 4951; x_wconf 89' lang='lat' dir='ltr'><strong>a</strong></span> <span class='ocrx_word' id='word_1_753' title='bbox 1016 4897 1178 4954; x_wconf 87' lang='lat' dir='ltr'><strong>Patre</strong></span> <span class='ocrx_word' id='word_1_754' title='bbox 1240 4900 1483 4970; x_wconf 76' lang='lat' dir='ltr'><strong>genitum</strong></span> <span class='ocrx_word' id='word_1_755' title='bbox 1526 4916 1652 4958; x_wconf 86' lang='lat' dir='ltr'><strong>esse</strong></span> <span class='ocrx_word' id='word_1_756' title='bbox 1699 4902 2049 4958; x_wconf 84' lang='lat' dir='ltr'><strong>monstravit.</strong></span> 
     </span>
    </p>
   </div>
   <div class='ocr_carea' id='block_1_97' title="bbox 450 4985 2046 5063">
    <p class='ocr_par' dir='ltr' id='par_1_97' title="bbox 450 4985 2046 5063">
     <span class='ocr_line' id='line_1_97' title="bbox 450 4985 2046 5063; baseline 0.009 -25"><span class='ocrx_word' id='word_1_757' title='bbox 450 4985 724 5053; x_wconf 79' lang='lat' dir='ltr'><strong>Quocirca</strong></span> <span class='ocrx_word' id='word_1_758' title='bbox 762 5005 928 5046; x_wconf 86' lang='lat' dir='ltr'><strong>verus</strong></span> <span class='ocrx_word' id='word_1_759' title='bbox 960 4988 1122 5045; x_wconf 89' lang='lat' dir='ltr'><strong>Pater</strong></span> <span class='ocrx_word' id='word_1_760' title='bbox 1151 4991 1317 5063; x_wconf 76' lang='lat'><strong>756</strong></span> <span class='ocrx_word' id='word_1_761' title='bbox 1355 4991 1500 5049; x_wconf 85' lang='lat' dir='ltr'><strong>Deus</strong></span> <span class='ocrx_word' id='word_1_762' title='bbox 1539 5001 1646 5058; x_wconf 85' lang='lat' dir='ltr'><strong>est,</strong></span> <span class='ocrx_word' id='word_1_763' title='bbox 1685 5009 1847 5050; x_wconf 90' lang='lat' dir='ltr'><strong>verus</strong></span> <span class='ocrx_word' id='word_1_764' title='bbox 1879 4993 2046 5061; x_wconf 83' lang='lat' dir='ltr'><strong>Deus,</strong></span> 
     </span>
    </p>
   </div>
   <div class='ocr_carea' id='block_1_98' title="bbox 449 5079 2049 5157">
    <p class='ocr_par' dir='ltr' id='par_1_98' title="bbox 449 5079 2049 5157">
     <span class='ocr_line' id='line_1_98' title="bbox 449 5079 2049 5157; baseline 0.005 -25"><span class='ocrx_word' id='word_1_765' title='bbox 449 5088 504 5132; x_wconf 84' lang='lat' dir='ltr'><strong>et</strong></span> <span class='ocrx_word' id='word_1_766' title='bbox 536 5079 854 5149; x_wconf 82' lang='lat' dir='ltr'><strong>unigenitus</strong></span> <span class='ocrx_word' id='word_1_767' title='bbox 883 5080 1078 5138; x_wconf 88' lang='lat' dir='ltr'><strong>Filius.</strong></span> <span class='ocrx_word' id='word_1_768' title='bbox 1101 5081 1209 5138; x_wconf 87' lang='lat' dir='ltr'><strong>Sed</strong></span> <span class='ocrx_word' id='word_1_769' title='bbox 1228 5083 1504 5140; x_wconf 83' lang='lat' dir='ltr'><strong>undenam</strong></span> <span class='ocrx_word' id='word_1_770' title='bbox 1525 5085 1877 5157; x_wconf 86' lang='lat' dir='ltr'><strong>comprobari</strong></span> <span class='ocrx_word' id='word_1_771' title='bbox 1898 5084 2049 5142; x_wconf 85' lang='lat' dir='ltr'><strong>istud</strong></span> 
     </span>
    </p>
   </div>
   <div class='ocr_carea' id='block_1_99' title="bbox 455 5167 2046 5246">
    <p class='ocr_par' dir='ltr' id='par_1_99' title="bbox 455 5167 2046 5246">
     <span class='ocr_line' id='line_1_99' title="bbox 455 5167 2046 5246; baseline 0.009 -29"><span class='ocrx_word' id='word_1_772' title='bbox 455 5169 672 5237; x_wconf 79' lang='lat' dir='ltr'><strong>potest?</strong></span> <span class='ocrx_word' id='word_1_773' title='bbox 693 5167 749 5224; x_wconf 90' lang='lat' dir='ltr'><strong>Si</strong></span> <span class='ocrx_word' id='word_1_774' title='bbox 774 5171 1036 5228; x_wconf 85' lang='lat' dir='ltr'><strong>nimirum</strong></span> <span class='ocrx_word' id='word_1_775' title='bbox 1069 5187 1237 5229; x_wconf 85' lang='lat' dir='ltr'><strong>voces</strong></span> <span class='ocrx_word' id='word_1_776' title='bbox 1269 5175 1418 5245; x_wconf 87' lang='lat' dir='ltr'><strong>ipsas</strong></span> <span class='ocrx_word' id='word_1_777' title='bbox 1435 5183 1644 5231; x_wconf 88' lang='lat' dir='ltr'><strong>attente</strong></span> <span class='ocrx_word' id='word_1_778' title='bbox 1675 5176 2046 5246; x_wconf 81' lang='lat' dir='ltr'><strong>perspexeris.</strong></span> 
     </span>
    </p>
   </div>
   <div class='ocr_carea' id='block_1_100' title="bbox 456 5261 2050 5332">
    <p class='ocr_par' dir='ltr' id='par_1_100' title="bbox 456 5261 2050 5332">
     <span class='ocr_line' id='line_1_100' title="bbox 456 5261 2050 5332; baseline 0.008 -18"><span class='ocrx_word' id='word_1_779' title='bbox 456 5261 736 5332; x_wconf 80' lang='lat' dir='ltr'><strong>Siquidem</strong></span> <span class='ocrx_word' id='word_1_780' title='bbox 769 5262 873 5320; x_wconf 89' lang='lat' dir='ltr'><strong>hoc</strong></span> <span class='ocrx_word' id='word_1_781' title='bbox 897 5263 1018 5322; x_wconf 87' lang='lat' dir='ltr'><strong>loco</strong></span> <span class='ocrx_word' id='word_1_782' title='bbox 1047 5265 1266 5324; x_wconf 83' lang='lat' dir='ltr'><strong>Patrem</strong></span> <span class='ocrx_word' id='word_1_783' title='bbox 1293 5268 1474 5325; x_wconf 87' lang='lat' dir='ltr'><strong>solum</strong></span> <span class='ocrx_word' id='word_1_784' title='bbox 1502 5284 1691 5325; x_wconf 84' lang='lat' dir='ltr'><strong>verum</strong></span> <span class='ocrx_word' id='word_1_785' title='bbox 1725 5267 1897 5325; x_wconf 92' lang='lat' dir='ltr'><strong>Deum</strong></span> <span class='ocrx_word' id='word_1_786' title='bbox 1925 5284 2050 5326; x_wconf 85' lang='lat' dir='ltr'><strong>esse</strong></span> 
     </span>
    </p>
   </div>
   <div class='ocr_carea' id='block_1_101' title="bbox 528 5446 1645 5579">
    <p class='ocr_par' dir='ltr' id='par_1_101' title="bbox 528 5446 1645 5579">
     <span class='ocr_line' id='line_1_101' title="bbox 528 5446 1645 5579; baseline 0.005 -77"><span class='ocrx_word' id='word_1_787' title='bbox 528 5446 772 5504; x_wconf 81' lang='lat' dir='ltr'><strong>&#39;Jerem.</strong></span> <span class='ocrx_word' id='word_1_788' title='bbox 813 5465 898 5516; x_wconf 81' lang='lat' dir='ltr'><strong>lli,</strong></span> <span class='ocrx_word' id='word_1_789' title='bbox 943 5449 1035 5506; x_wconf 71' lang='lat'><strong>25.</strong></span> <span class='ocrx_word' id='word_1_790' title='bbox 1113 5451 1132 5481; x_wconf 81' lang='lat'>&#39;</span> <span class='ocrx_word' id='word_1_791' title='bbox 1165 5451 1303 5506; x_wconf 91' lang='lat' dir='ltr'><strong>Dan.</strong></span> <span class='ocrx_word' id='word_1_792' title='bbox 1336 5452 1481 5516; x_wconf 77' lang='lat' dir='ltr'><strong>m,l</strong></span> <span class='ocrx_word' id='word_1_793' title='bbox 1521 5468 1645 5579; x_wconf 49' lang='lat' dir='ltr'><strong>sqiq.</strong></span> 
     </span>
     <span class='ocr_line' id='line_1_102' title="bbox 528 5518 1631 5579; baseline 0.01 -11"><span class='ocrx_word' id='word_1_794' title='bbox 528 5518 666 5574; x_wconf 81' lang='lat' dir='ltr'><strong>toan.</strong></span> <span class='ocrx_word' id='word_1_795' title='bbox 693 5537 806 5579; x_wconf 79' lang='lat' dir='ltr'><strong>xiv.</strong></span> <span class='ocrx_word' id='word_1_796' title='bbox 837 5520 891 5576; x_wconf 85' lang='lat'><strong>6.</strong></span> <span class='ocrx_word' id='word_1_797' title='bbox 969 5523 991 5554; x_wconf 83' lang='grc'><strong>⁸</strong></span> <span class='ocrx_word' id='word_1_798' title='bbox 1019 5519 1181 5579; x_wconf 84' lang='lat' dir='ltr'><strong>Joan.</strong></span> <span class='ocrx_word' id='word_1_799' title='bbox 1219 5538 1352 5579; x_wconf 74' lang='lat' dir='ltr'><strong>xvu.</strong></span> <span class='ocrx_word' id='word_1_800' title='bbox 1384 5524 1438 5578; x_wconf 89' lang='lat'><strong>5.</strong></span> <span class='ocrx_word' id='word_1_801' title='bbox 1515 5523 1537 5553; x_wconf 85' lang='lat'><strong>’</strong></span> <span class='ocrx_word' id='word_1_802' title='bbox 1615 5564 1631 5579; x_wconf 93' lang='lat'><strong>.</strong></span> 
     </span>
    </p>
   </div>
   <div class='ocr_carea' id='block_1_102' title="bbox 450 5518 1631 5589">
    <p class='ocr_par' dir='ltr' id='par_1_102' title="bbox 450 5518 1631 5589">
     <span class='ocr_line' id='line_1_103' title="bbox 450 5518 1631 5589; baseline 0.008 -18"><span class='ocrx_word' id='word_1_803' title='bbox 450 5520 471 5551; x_wconf 77' lang='grc'><strong>⁷</strong></span> <span class='ocrx_word' id='word_1_804' title='bbox 510 5518 806 5588; x_wconf 77' lang='lat' dir='ltr'><strong>Joan.x1v,</strong></span> <span class='ocrx_word' id='word_1_805' title='bbox 837 5520 891 5576; x_wconf 84' lang='lat'><strong>6.</strong></span> <span class='ocrx_word' id='word_1_806' title='bbox 969 5523 991 5554; x_wconf 83' lang='grc'><strong>⁸</strong></span> <span class='ocrx_word' id='word_1_807' title='bbox 1019 5519 1181 5579; x_wconf 85' lang='lat' dir='ltr'><strong>Joau.</strong></span> <span class='ocrx_word' id='word_1_808' title='bbox 1219 5538 1352 5589; x_wconf 74' lang='lat' dir='ltr'><strong>xvu,</strong></span> <span class='ocrx_word' id='word_1_809' title='bbox 1384 5524 1438 5578; x_wconf 89' lang='lat'><strong>5.</strong></span> <span class='ocrx_word' id='word_1_810' title='bbox 1515 5523 1537 5553; x_wconf 84' lang='lat'><strong>’</strong></span> <span class='ocrx_word' id='word_1_811' title='bbox 1568 5518 1631 5581; x_wconf 58' lang='grc' dir='ltr'><strong>Υ.</strong></span> 
     </span>
    </p>
   </div>
   <div class='ocr_carea' id='block_1_103' title="bbox 535 5721 2032 5794">
    <p class='ocr_par' dir='ltr' id='par_1_103' title="bbox 535 5721 2032 5794">
     <span class='ocr_line' id='line_1_104' title="bbox 535 5721 2032 5794; baseline 0.002 -20"><span class='ocrx_word' id='word_1_812' title='bbox 535 5721 648 5786; x_wconf 70' lang='lat' dir='ltr'><strong>(9i)</strong></span> <span class='ocrx_word' id='word_1_813' title='bbox 683 5723 847 5776; x_wconf 64' lang='grc' dir='ltr'>Ἀλλ’</span> <span class='ocrx_word' id='word_1_814' title='bbox 883 5724 1040 5794; x_wconf 83' lang='grc' dir='ltr'>ἐρεῖς</span> <span class='ocrx_word' id='word_1_815' title='bbox 1067 5738 1187 5790; x_wconf 85' lang='grc' dir='ltr'>μοι·</span> <span class='ocrx_word' id='word_1_816' title='bbox 1224 5725 1359 5791; x_wconf 84' lang='grc' dir='ltr'>Πῶς</span> <span class='ocrx_word' id='word_1_817' title='bbox 1406 5726 1595 5780; x_wconf 76' lang='grc' dir='ltr'>εἶπεν.</span> <span class='ocrx_word' id='word_1_818' title='bbox 1629 5725 1764 5780; x_wconf 71' lang='lat' dir='ltr'><strong>Vide</strong></span> <span class='ocrx_word' id='word_1_819' title='bbox 1811 5724 2032 5780; x_wconf 79' lang='lat' dir='ltr'><strong>concilii</strong></span> 
     </span>
    </p>
   </div>
   <div class='ocr_carea' id='block_1_104' title="bbox 465 5793 2047 5866">
    <p class='ocr_par' dir='ltr' id='par_1_104' title="bbox 465 5793 2047 5866">
     <span class='ocr_line' id='line_1_105' title="bbox 465 5793 2047 5866; baseline 0.004 -22"><span class='ocrx_word' id='word_1_820' title='bbox 465 5793 835 5866; x_wconf 48' lang='lat' dir='ltr'><strong>gqnileicnsis</strong></span> <span class='ocrx_word' id='word_1_821' title='bbox 859 5797 1015 5862; x_wconf 80' lang='lat' dir='ltr'><strong>Acta,</strong></span> <span class='ocrx_word' id='word_1_822' title='bbox 1050 5797 1142 5851; x_wconf 89' lang='lat' dir='ltr'><strong>ubi</strong></span> <span class='ocrx_word' id='word_1_823' title='bbox 1167 5797 1444 5852; x_wconf 85' lang='lat' dir='ltr'><strong>Ambrosii</strong></span> <span class='ocrx_word' id='word_1_824' title='bbox 1476 5814 1641 5866; x_wconf 81' lang='lat' dir='ltr'><strong>opera</strong></span> <span class='ocrx_word' id='word_1_825' title='bbox 1676 5796 1954 5852; x_wconf 80' lang='lat' dir='ltr'><strong>Palladius</strong></span> <span class='ocrx_word' id='word_1_826' title='bbox 1991 5806 2047 5851; x_wconf 85' lang='lat' dir='ltr'><strong>et</strong></span> 
     </span>
    </p>
   </div>
   <div class='ocr_carea' id='block_1_105' title="bbox 468 5862 2120 5940">
    <p class='ocr_par' dir='ltr' id='par_1_105' title="bbox 468 5862 2120 5940">
     <span class='ocr_line' id='line_1_106' title="bbox 468 5862 2120 5940; baseline 0.002 -22"><span class='ocrx_word' id='word_1_827' title='bbox 468 5862 854 5922; x_wconf 76' lang='lat' dir='ltr'><strong>Secundiauus</strong></span> <span class='ocrx_word' id='word_1_828' title='bbox 900 5868 1092 5925; x_wconf 80' lang='lat' dir='ltr'><strong>Ariani</strong></span> <span class='ocrx_word' id='word_1_829' title='bbox 1157 5869 1399 5940; x_wconf 80' lang='lat' dir='ltr'><strong>episcopi</strong></span> <span class='ocrx_word' id='word_1_830' title='bbox 1457 5862 1701 5924; x_wconf 57' lang='lat' dir='ltr'><strong>da&#39;tnnai</strong></span> <span class='ocrx_word' id='word_1_831' title='bbox 1750 5875 1902 5933; x_wconf 80' lang='lat' dir='ltr'><strong>sunt,</strong></span> <span class='ocrx_word' id='word_1_832' title='bbox 1953 5868 2044 5936; x_wconf 76' lang='lat' dir='ltr'><strong>qui</strong></span> <span class='ocrx_word' id='word_1_833' title='bbox 2117 5885 2120 5888; x_wconf 67' lang='grc'><strong>’</strong></span> 
     </span>
    </p>
   </div>
   <div class='ocr_carea' id='block_1_106' title="bbox 1723 5448 2953 5516">
    <p class='ocr_par' dir='ltr' id='par_1_106' title="bbox 1723 5448 2953 5516">
     <span class='ocr_line' id='line_1_107' title="bbox 1723 5448 2953 5516; baseline -0.004 -9"><span class='ocrx_word' id='word_1_834' title='bbox 1723 5451 1745 5484; x_wconf 86' lang='grc'><em>³</em></span> <span class='ocrx_word' id='word_1_835' title='bbox 1779 5451 1927 5507; x_wconf 85' lang='lat' dir='ltr'><strong>Psal.</strong></span> <span class='ocrx_word' id='word_1_836' title='bbox 1963 5468 2245 5516; x_wconf 71' lang='lat' dir='ltr'><strong>Lxxxvm,</strong></span> <span class='ocrx_word' id='word_1_837' title='bbox 2281 5452 2335 5506; x_wconf 89' lang='lat'><strong>7.</strong></span> <span class='ocrx_word' id='word_1_838' title='bbox 2413 5451 2435 5484; x_wconf 71' lang='grc'><strong>⁸</strong></span> <span class='ocrx_word' id='word_1_839' title='bbox 2466 5449 2704 5504; x_wconf 85' lang='lat' dir='ltr'><strong>Baruch.</strong></span> <span class='ocrx_word' id='word_1_840' title='bbox 2742 5465 2836 5514; x_wconf 81' lang='lat' dir='ltr'><strong>tu,</strong></span> <span class='ocrx_word' id='word_1_841' title='bbox 2863 5448 2953 5504; x_wconf 79' lang='lat'><strong>56.</strong></span> 
     </span>
    </p>
   </div>
   <div class='ocr_carea' id='block_1_107' title="bbox 1711 5519 3219 5586">
    <p class='ocr_par' dir='ltr' id='par_1_107' title="bbox 1711 5519 3219 5586">
     <span class='ocr_line' id='line_1_108' title="bbox 1711 5519 3219 5586; baseline -0.004 -9"><span class='ocrx_word' id='word_1_842' title='bbox 1711 5523 1828 5577; x_wconf 84' lang='grc' dir='ltr'>ύσει</span> <span class='ocrx_word' id='word_1_843' title='bbox 1863 5533 1917 5579; x_wconf 88' lang='lat' dir='ltr'><strong>et</strong></span> <span class='ocrx_word' id='word_1_844' title='bbox 1947 5523 2266 5580; x_wconf 79' lang='grc' dir='ltr'>Βαϐυλῶνα.</span> <span class='ocrx_word' id='word_1_845' title='bbox 2345 5523 2389 5554; x_wconf 84' lang='grc'><strong>¹⁰</strong></span> <span class='ocrx_word' id='word_1_846' title='bbox 2423 5521 2483 5576; x_wconf 86' lang='lat' dir='ltr'><strong>F.</strong></span> <span class='ocrx_word' id='word_1_847' title='bbox 2512 5523 2570 5575; x_wconf 85' lang='grc' dir='ltr'>ὲν</span> <span class='ocrx_word' id='word_1_848' title='bbox 2600 5522 2757 5586; x_wconf 85' lang='grc' dir='ltr'>ὠσίν,</span> <span class='ocrx_word' id='word_1_849' title='bbox 2781 5520 2867 5576; x_wconf 88' lang='lat' dir='ltr'><strong>vel</strong></span> <span class='ocrx_word' id='word_1_850' title='bbox 2893 5521 2973 5584; x_wconf 84' lang='grc' dir='ltr'><strong>εἰς</strong></span> <span class='ocrx_word' id='word_1_851' title='bbox 3001 5519 3219 5574; x_wconf 70' lang='grc' dir='ltr'>ἕνωσιν.</span> 
     </span>
    </p>
   </div>
   <div class='ocr_carea' id='block_1_108' title="bbox 2153 4707 3754 4784">
    <p class='ocr_par' dir='ltr' id='par_1_108' title="bbox 2153 4707 3754 4784">
     <span class='ocr_line' id='line_1_109' title="bbox 2153 4707 3754 4784; baseline -0.005 -16"><span class='ocrx_word' id='word_1_852' title='bbox 2153 4712 2406 4784; x_wconf 79' lang='grc' dir='ltr'>Πατρὸς,</span> <span class='ocrx_word' id='word_1_853' title='bbox 2458 4710 2730 4783; x_wconf 83' lang='grc' dir='ltr'>ἀληθινῶς</span> <span class='ocrx_word' id='word_1_854' title='bbox 2787 4710 3211 4782; x_wconf 82' lang='grc' dir='ltr'>γεγεννημένος.</span> <span class='ocrx_word' id='word_1_855' title='bbox 3257 4708 3449 4781; x_wconf 82' lang='grc' dir='ltr'>Τιμῶν</span> <span class='ocrx_word' id='word_1_856' title='bbox 3503 4707 3620 4780; x_wconf 83' lang='grc' dir='ltr'><strong>γὰρ</strong></span> <span class='ocrx_word' id='word_1_857' title='bbox 3657 4707 3754 4760; x_wconf 68' lang='grc' dir='ltr'>τὸν</span> 
     </span>
    </p>
   </div>
   <div class='ocr_carea' id='block_1_109' title="bbox 2153 4800 3753 4877">
    <p class='ocr_par' dir='ltr' id='par_1_109' title="bbox 2153 4800 3753 4877">
     <span class='ocr_line' id='line_1_110' title="bbox 2153 4800 3753 4877; baseline -0.004 -14"><span class='ocrx_word' id='word_1_858' title='bbox 2153 4806 2400 4877; x_wconf 82' lang='grc' dir='ltr'>Πατέρα,</span> <span class='ocrx_word' id='word_1_859' title='bbox 2447 4804 2544 4858; x_wconf 71' lang='grc' dir='ltr'>καὶ</span> <span class='ocrx_word' id='word_1_860' title='bbox 2594 4805 2757 4876; x_wconf 82' lang='grc' dir='ltr'>μόνον</span> <span class='ocrx_word' id='word_1_861' title='bbox 2790 4804 2958 4859; x_wconf 76' lang='grc' dir='ltr'>αὑτὸν</span> <span class='ocrx_word' id='word_1_862' title='bbox 2998 4802 3133 4858; x_wconf 75' lang='grc' dir='ltr'>Θεὸν</span> <span class='ocrx_word' id='word_1_863' title='bbox 3177 4802 3434 4875; x_wconf 83' lang='grc' dir='ltr'>ἀληθινὸν</span> <span class='ocrx_word' id='word_1_864' title='bbox 3472 4800 3753 4857; x_wconf 69' lang='grc' dir='ltr'>ἀποκαλύ-</span> 
     </span>
    </p>
   </div>
   <div class='ocr_carea' id='block_1_110' title="bbox 2153 4895 3752 4970">
    <p class='ocr_par' dir='ltr' id='par_1_110' title="bbox 2153 4895 3752 4970">
     <span class='ocr_line' id='line_1_111' title="bbox 2153 4895 3752 4970; baseline -0.003 -16"><span class='ocrx_word' id='word_1_865' title='bbox 2153 4915 2328 4964; x_wconf 85' lang='grc' dir='ltr'>πτων,</span> <span class='ocrx_word' id='word_1_866' title='bbox 2371 4899 2565 4953; x_wconf 83' lang='grc' dir='ltr'>ἑαυτὸν</span> <span class='ocrx_word' id='word_1_867' title='bbox 2599 4896 2803 4963; x_wconf 73' lang='grc' dir='ltr'>ἔδειξεν</span> <span class='ocrx_word' id='word_1_868' title='bbox 2835 4899 2902 4952; x_wconf 76' lang='grc' dir='ltr'>ἐκ</span> <span class='ocrx_word' id='word_1_869' title='bbox 2944 4896 3160 4970; x_wconf 82' lang='grc' dir='ltr'>Πατρδς</span> <span class='ocrx_word' id='word_1_870' title='bbox 3195 4895 3454 4968; x_wconf 81' lang='grc' dir='ltr'>ἀληθινὸν</span> <span class='ocrx_word' id='word_1_871' title='bbox 3490 4911 3752 4967; x_wconf 74' lang='grc' dir='ltr'>γεγεννηο</span> 
     </span>
    </p>
   </div>
   <div class='ocr_carea' id='block_1_111' title="bbox 2159 4985 3755 5063">
    <p class='ocr_par' dir='ltr' id='par_1_111' title="bbox 2159 4985 3755 5063">
     <span class='ocr_line' id='line_1_112' title="bbox 2159 4985 3755 5063; baseline -0.003 -19"><span class='ocrx_word' id='word_1_872' title='bbox 2159 4991 2342 5063; x_wconf 77' lang='grc' dir='ltr'>μένον.</span> <span class='ocrx_word' id='word_1_873' title='bbox 2378 4989 2482 5046; x_wconf 83' lang='grc' dir='ltr'><strong>Διὰ</strong></span> <span class='ocrx_word' id='word_1_874' title='bbox 2514 4989 2674 5044; x_wconf 78' lang='grc' dir='ltr'>τοῦτο</span> <span class='ocrx_word' id='word_1_875' title='bbox 2703 4989 2959 5061; x_wconf 74' lang='grc' dir='ltr'>ἀληθινὸς</span> <span class='ocrx_word' id='word_1_876' title='bbox 2999 4988 3214 5059; x_wconf 79' lang='grc' dir='ltr'>Πατὴρ,</span> <span class='ocrx_word' id='word_1_877' title='bbox 3246 4989 3276 5042; x_wconf 88' lang='lat'><strong>6</strong></span> <span class='ocrx_word' id='word_1_878' title='bbox 3313 4986 3569 5058; x_wconf 82' lang='grc' dir='ltr'>ἀληθινὸς</span> <span class='ocrx_word' id='word_1_879' title='bbox 3617 4985 3755 5051; x_wconf 76' lang='grc' dir='ltr'>Θεὸς</span> 
     </span>
    </p>
   </div>
   <div class='ocr_carea' id='block_1_112' title="bbox 2156 5073 3755 5152">
    <p class='ocr_par' dir='ltr' id='par_1_112' title="bbox 2156 5073 3755 5152">
     <span class='ocr_line' id='line_1_113' title="bbox 2156 5073 3755 5152; baseline -0.005 -17"><span class='ocrx_word' id='word_1_880' title='bbox 2156 5083 2186 5136; x_wconf 93' lang='lat'><strong>6</strong></span> <span class='ocrx_word' id='word_1_881' title='bbox 2211 5079 2341 5145; x_wconf 81' lang='grc' dir='ltr'>Υἱὸς</span> <span class='ocrx_word' id='word_1_882' title='bbox 2367 5082 2396 5135; x_wconf 93' lang='lat'><strong>6</strong></span> <span class='ocrx_word' id='word_1_883' title='bbox 2431 5080 2750 5152; x_wconf 80' lang='grc' dir='ltr'>μονογενής.</span> <span class='ocrx_word' id='word_1_884' title='bbox 2781 5080 2894 5134; x_wconf 76' lang='grc' dir='ltr'><strong>Καὶ</strong></span> <span class='ocrx_word' id='word_1_885' title='bbox 2919 5077 3082 5133; x_wconf 79' lang='grc' dir='ltr'>πόθεν</span> <span class='ocrx_word' id='word_1_886' title='bbox 3104 5075 3264 5132; x_wconf 80' lang='grc' dir='ltr'>τοῦτο</span> <span class='ocrx_word' id='word_1_887' title='bbox 3300 5075 3574 5142; x_wconf 75' lang='grc' dir='ltr'>δεικτέονς</span> <span class='ocrx_word' id='word_1_888' title='bbox 3612 5073 3755 5128; x_wconf 82' lang='grc' dir='ltr'>Ἀλλ’</span> 
     </span>
    </p>
   </div>
   <div class='ocr_carea' id='block_1_113' title="bbox 2138 5167 3755 5249">
    <p class='ocr_par' dir='ltr' id='par_1_113' title="bbox 2138 5167 3755 5249">
     <span class='ocr_line' id='line_1_114' title="bbox 2138 5167 3755 5249; baseline -0.007 -19"><span class='ocrx_word' id='word_1_889' title='bbox 2138 5176 2261 5249; x_wconf 40' lang='grc' dir='ltr'>,ὅρα</span> <span class='ocrx_word' id='word_1_890' title='bbox 2295 5193 2383 5246; x_wconf 79' lang='grc' dir='ltr'><strong>μοι</strong></span> <span class='ocrx_word' id='word_1_891' title='bbox 2413 5174 2512 5239; x_wconf 83' lang='grc' dir='ltr'>τὰς</span> <span class='ocrx_word' id='word_1_892' title='bbox 2537 5175 2714 5242; x_wconf 80' lang='grc' dir='ltr'>λέξεις</span> <span class='ocrx_word' id='word_1_893' title='bbox 2743 5172 2981 5228; x_wconf 69' lang='grc' dir='ltr'>ἐνταῦθα</span> <span class='ocrx_word' id='word_1_894' title='bbox 3014 5171 3091 5236; x_wconf 85' lang='grc' dir='ltr'><strong>ὡς</strong></span> <span class='ocrx_word' id='word_1_895' title='bbox 3127 5171 3288 5243; x_wconf 82' lang='grc' dir='ltr'>μόνον</span> <span class='ocrx_word' id='word_1_896' title='bbox 3326 5168 3581 5241; x_wconf 82' lang='grc' dir='ltr'>ἀληθινὸν</span> <span class='ocrx_word' id='word_1_897' title='bbox 3617 5167 3755 5222; x_wconf 81' lang='grc' dir='ltr'>Θεὸν</span> 
     </span>
    </p>
   </div>
   <div class='ocr_carea' id='block_1_114' title="bbox 2161 5261 3754 5340">
    <p class='ocr_par' dir='ltr' id='par_1_114' title="bbox 2161 5261 3754 5340">
     <span class='ocr_line' id='line_1_115' title="bbox 2161 5261 3754 5340; baseline -0.005 -18"><span class='ocrx_word' id='word_1_898' title='bbox 2161 5268 2364 5340; x_wconf 78' lang='grc' dir='ltr'>φάσκει</span> <span class='ocrx_word' id='word_1_899' title='bbox 2392 5265 2630 5322; x_wconf 76' lang='grc' dir='ltr'>ἐνταῦθα</span> <span class='ocrx_word' id='word_1_900' title='bbox 2657 5266 2751 5321; x_wconf 78' lang='grc' dir='ltr'>τὸν</span> <span class='ocrx_word' id='word_1_901' title='bbox 2777 5265 3026 5336; x_wconf 83' lang='grc' dir='ltr'>Πατέρα.</span> <span class='ocrx_word' id='word_1_902' title='bbox 3065 5265 3154 5319; x_wconf 86' lang='grc' dir='ltr'>Ἐν</span> <span class='ocrx_word' id='word_1_903' title='bbox 3195 5262 3253 5317; x_wconf 87' lang='grc' dir='ltr'><strong>δὲ</strong></span> <span class='ocrx_word' id='word_1_904' title='bbox 3279 5261 3360 5334; x_wconf 80' lang='grc' dir='ltr'><strong>τῷ</strong></span> <span class='ocrx_word' id='word_1_905' title='bbox 3396 5261 3540 5317; x_wconf 79' lang='grc' dir='ltr'>κατὰ</span> <span class='ocrx_word' id='word_1_906' title='bbox 3571 5261 3754 5316; x_wconf 58' lang='grc' dir='ltr'>Ἰωάνε-</span> 
     </span>
    </p>
   </div>
   <div class='ocr_carea' id='block_1_115' title="bbox 3057 5445 3751 5504">
    <p class='ocr_par' dir='ltr' id='par_1_115' title="bbox 3057 5445 3751 5504">
     <span class='ocr_line' id='line_1_116' title="bbox 3057 5445 3751 5504; baseline -0.003 -1"><span class='ocrx_word' id='word_1_907' title='bbox 3057 5449 3079 5480; x_wconf 83' lang='grc'>⁸</span> <span class='ocrx_word' id='word_1_908' title='bbox 3113 5447 3246 5503; x_wconf 81' lang='lat' dir='ltr'><strong>ibid.</strong></span> <span class='ocrx_word' id='word_1_909' title='bbox 3269 5445 3361 5503; x_wconf 74' lang='lat'><strong>32.</strong></span> <span class='ocrx_word' id='word_1_910' title='bbox 3440 5447 3462 5480; x_wconf 82' lang='grc'>⁸</span> <span class='ocrx_word' id='word_1_911' title='bbox 3495 5445 3630 5503; x_wconf 79' lang='lat' dir='ltr'><strong>ibid.</strong></span> <span class='ocrx_word' id='word_1_912' title='bbox 3659 5448 3751 5504; x_wconf 76' lang='lat'><strong>58.</strong></span> 
     </span>
    </p>
   </div>
   <div class='ocr_carea' id='block_1_116' title="bbox 2155 5721 3747 5785">
    <p class='ocr_par' dir='ltr' id='par_1_116' title="bbox 2155 5721 3747 5785">
     <span class='ocr_line' id='line_1_117' title="bbox 2155 5721 3747 5785; baseline -0.007 0"><span class='ocrx_word' id='word_1_913' title='bbox 2155 5729 2299 5785; x_wconf 90' lang='lat' dir='ltr'><strong>inter</strong></span> <span class='ocrx_word' id='word_1_914' title='bbox 2325 5736 2524 5784; x_wconf 69' lang='lat' dir='ltr'><strong>caztera</strong></span> <span class='ocrx_word' id='word_1_915' title='bbox 2556 5725 2651 5781; x_wconf 87' lang='lat' dir='ltr'><strong>Dei</strong></span> <span class='ocrx_word' id='word_1_916' title='bbox 2697 5723 2901 5780; x_wconf 85' lang='lat' dir='ltr'><strong>Filium</strong></span> <span class='ocrx_word' id='word_1_917' title='bbox 2942 5739 3133 5779; x_wconf 86' lang='lat' dir='ltr'><strong>verum</strong></span> <span class='ocrx_word' id='word_1_918' title='bbox 3167 5721 3338 5776; x_wconf 84' lang='lat' dir='ltr'><strong>Deum</strong></span> <span class='ocrx_word' id='word_1_919' title='bbox 3381 5722 3540 5779; x_wconf 78' lang='lat' dir='ltr'><strong>fateri</strong></span> <span class='ocrx_word' id='word_1_920' title='bbox 3593 5735 3747 5775; x_wconf 85' lang='lat' dir='ltr'><strong>com-</strong></span> 
     </span>
    </p>
   </div>
   <div class='ocr_carea' id='block_1_117' title="bbox 2158 5794 3352 5873">
    <p class='ocr_par' dir='ltr' id='par_1_117' title="bbox 2158 5794 3352 5873">
     <span class='ocr_line' id='line_1_118' title="bbox 2158 5794 3352 5873; baseline -0.008 -17"><span class='ocrx_word' id='word_1_921' title='bbox 2158 5799 2303 5873; x_wconf 91' lang='lat' dir='ltr'><strong>pulsi</strong></span> <span class='ocrx_word' id='word_1_922' title='bbox 2337 5799 2492 5856; x_wconf 89' lang='lat' dir='ltr'><strong>miris</strong></span> <span class='ocrx_word' id='word_1_923' title='bbox 2514 5796 3064 5870; x_wconf 78' lang='lat' dir='ltr'><strong>tergiversationibus</strong></span> <span class='ocrx_word' id='word_1_924' title='bbox 3102 5794 3352 5850; x_wconf 85' lang='lat' dir='ltr'><strong>cludunt.</strong></span> 
     </span>
    </p>
   </div>
  </div>
