3994 6448
252 412 387 476 253

974 415 1356 477 ADVERSUS
1391 417 1741 478 HERESES
1779 417 1908 480 LIB.
1950 418 2014 477 ll.
2055 418 2221 479 TOM.
2262 420 2405 478 ll.—
2437 422 2716 483 HERES.
2746 423 2938 483 LXIX.

3478 428 3586 490 εει

255 547 375 602 νην
413 529 757 600 Εὐαγγελεῳ,
808 530 929 595 ὅτι,
964 532 1153 601 φησιν,
1184 527 1299 590 Ἦν
1334 531 1404 588 τὸ
1458 534 1588 605 φῶς
1628 534 1692 589 τὸ
1730 535 1878 607 ἁλη-

1989 536 2199 593 del‘rnit.
2234 539 2303 593 At
2333 538 2388 594 in
2417 538 2649 598 Joannis
2695 540 3011 615 Evangelio,
3055 540 3213 608 Em,
3249 541 3449 616 inquit,
3494 546 3590 602 tu

254 624 473 679 ϐων-όν.
508 622 622 675 Καὶ
650 623 805 675 ποῖον
828 621 947 692 φῶς
974 623 1231 695 ἀληθινὸν
1268 623 1387 679 ἀλλ’
1410 625 1443 697 ἢ
1466 628 1494 679 6
1531 627 1882 699 Μονογενήςς

254 712 388 768 Καὶ
416 712 586 766 πάλιν
614 712 670 765 αἱ
707 712 1077 784 Γραφαίφασι
1117 715 1247 787 περὶ
1290 713 1387 769 τοῦ
1415 715 1580 781 Θεοῦ,
1619 718 1704 771 ὅτι
1751 716 1884 787 Φῶς

257 809 299 860 ό
338 804 521 871 Θεὸς,
557 804 654 858 καὶ
676 805 781 858 οὐκ
812 800 956 873 εἷπε,
977 804 1100 872 Φῶς
1131 806 1386 879 ἀληθινὸν
1409 809 1438 862 6
1468 807 1636 874 Θεός’
1669 810 1799 884 περὶ
1825 810 1885 865 δὲ

257 896 370 950 τοῦ
428 896 757 967 μονογενοῦς
795 898 929 953 Υίοῦ
960 897 1054 953 τοῦ
1086 897 1248 966 Θεοῦ,
1291 901 1373 955 ὅτι
1408 900 1527 972 φῶς
1570 886 1887 974 ἀληθινὸνδ

264 989 628 1061 Μονογενής·
660 990 792 1063 περὶ
841 990 898 1045 δὲ
941 991 1036 1046 τοῦ
1076 993 1324 1064 Πατρός·
1371 993 1517 1060 Θεὸς
1552 993 1881 1063 ἀληθινός-ο

273 1082 375 1135 καί
410 1082 513 1134 οὐκ
561 1076 739 1146 εἶπεν,
769 1082 853 1136 ὅτι
901 1082 1022 1147 Φῶς
1065 1083 1319 1155 ἀληθινὸν
1365 1086 1394 1139 6
1443 1084 1598 1151 Θεός.
1649 1085 1786 1158 Περὶ
1825 1088 1885 1143 δὲ

273 1171 377 1226 τοῦ
419 1173 575 1237 Υῐοῦ,
609 1174 693 1227 ὅτι
726 1174 892 1242 Θεὸς,
924 1175 1021 1229 καὶ
1075 1177 1170 1230 ἐπὶ
1206 1176 1323 1242 τοῦ,
1360 1178 1505 1244 Θεὸς
1547 1179 1582 1231 ὁ
1630 1179 1784 1246 Υἱὸς,
1817 1179 1880 1233 οὐ

273 1266 585 1338 προσέθετο
627 1266 691 1319 τὸ
724 1266 997 1338 ἀληθινόν.
1044 1269 1156 1323 Καὶ
1205 1269 1342 1323 ὅπου
1380 1268 1495 1341 φῶς
1533 1271 1563 1324 6
1607 1269 1778 1339 Θεὸς,
1817 1274 1880 1327 οῦ

271 1358 584 1430 προσέθετο
616 1358 743 1429 φῶς
775 1360 1089 1430 ἀληθινόν.
1120 1361 1187 1415 Τί
1225 1358 1319 1417 οῦν
1355 1361 1590 1436 λέγομεν
1616 1364 1746 1436 περὶ
1783 1363 1881 1418 τοῦ

270 1450 532 1522 Πατρόςς
572 1452 694 1505 Ὀτι
735 1452 837 1523 μὲν
884 1452 997 1525 γὰρ
1053 1452 1171 1523 φῶς
1214 1452 1477 1526 ἀληθινὸν
1506 1456 1537 1508 6
1565 1454 1735 1519 Θεόςο
1786 1453 1883 1508 καὶ

272 1545 381 1597 οὐκ
418 1544 527 1616 ἄρα
559 1543 777 1609 ἐλλιπὲς
801 1546 1102 1618 ποιήσομεν
1131 1545 1193 1601 τὸ
1212 1545 1388 1603 Θεῖον.
1410 1547 1523 1601 Καὶ
1560 1545 1749 1621 ἐπειδὴ
1778 1547 1881 1602 οὐκ

274 1635 398 1690 εστι
451 1637 841 1709 γεγραμμένον
891 1637 951 1691 τὸ
998 1638 1114 1709 φῶς
1168 1639 1231 1692 τὸ
1276 1638 1562 1711 ἀληθινὸν,
1607 1640 1876 1711 εἴπομενί

276 1728 714 1800 ἁμαρτάνοντες,
742 1730 823 1783 ὅτι
844 1731 945 1784 οὐκ
968 1729 1083 1784 ἔστι
1113 1730 1229 1801 φῶς
1250 1718 1527 1803 ἀληθινόν.
1549 1732 1663 1787 Καὶ
1689 1732 1877 1805 ἐπειδὴ

274 1822 307 1874 ὸ
340 1821 473 1885 Υἱὸς
503 1821 836 1891 γέγραπται,
878 1822 961 1876 ὃτι
1007 1823 1140 1887 Θεός
1183 1826 1344 1877 ἐστι’
1396 1825 1509 1879 Καὶ
1560 1821 1630 1898 ἦν
1671 1826 1700 1878 6
1746 1825 1880 1889 Θεὸς

1997 649 2119 688 vera
2145 634 2202 702 '-,
2233 649 2484 705 quamam
2512 650 2639 691 vera
2667 635 2759 691 illa
2790 636 2886 691 lux
2914 643 3022 701 est,
3071 643 3437 709 prmterquam
3468 640 3592 695 uni-

1993 724 2213 795 genitus
2242 722 2454 782 Filius?
2476 727 2704 783 Accedit
2728 727 2875 800 quod
2909 742 3084 785 sacrm
3112 728 3337 787 Littera:
3365 731 3513 787 hunc
3532 732 3589 789 in

1992 815 2219 871 modum
2249 815 2317 873 de
2352 816 2463 874 Deo
2497 819 2801 890 loquuntur
2833 838 2847 876 :
2876 819 2995 876 Lua:
3021 832 3099 879 est
3140 821 3283 879 Deus
3320 823 3375 892 ³;
3408 839 3591 896 neque

1991 921 2179 978 veram
2218 908 2524 980 adjiciunt;
2554 910 2646 967 Dei
2683 926 2815 968 vero
2855 911 3059 968 Filium
3095 930 3283 971 veram
3332 932 3457 972 esse
3505 917 3589 973 lu-

1991 1014 2112 1055 cem
2167 1012 2445 1058 asserunt.
2481 1003 2552 1059 At
2588 1003 2655 1060 de
2694 1002 2859 1062 Patre
2890 1021 3043 1061 verus
3084 1005 3259 1071 Deus;
3303 1023 3410 1063 non
3455 1009 3586 1064 item

1990 1094 2087 1148 tua:
2112 1111 2234 1149 vera
2269 1094 2407 1152 Deus
2437 1098 2815 1156 e'stdixerunt.
2845 1097 2982 1155 Cum
3015 1110 3196 1157 autem
3240 1101 3307 1159 de
3334 1100 3473 1158 Filio
3501 1102 3585 1159 lo-

1991 1198 2259 1257 quuntur,
2294 1189 2375 1245 sic
2400 1205 2525 1247 esse
2547 1189 2719 1247 Deum
2749 1193 3045 1259 allirmant,
3076 1201 3135 1249 ut
3153 1194 3219 1251 ad
3253 1195 3376 1252 illas
3399 1212 3584 1262 voces,

1994 1279 2133 1335 Deus
2157 1287 2235 1335 est
2266 1278 2468 1347 Filius,
2496 1283 2614 1339 veri
2643 1285 2974 1341 vocabulum
3000 1301 3109 1342 non
3130 1288 3456 1358 adiecerint.
3481 1289 3587 1345 Ubi

1990 1387 2119 1427 vero
2149 1372 2242 1427 lux
2272 1372 2419 1431 Deus
2450 1376 2789 1443 nominatur,
2815 1377 2911 1431 tua:
2937 1394 3059 1433 vera
3087 1394 3198 1434 non
3223 1380 3447 1436 dicitur.
3482 1379 3587 1437 Ec-

1987 1461 2122 1531 quid
2167 1463 2334 1535 igitur
2368 1464 2437 1521 de
2472 1463 2636 1522 Patre
2673 1467 3020 1526 sentiemus?
3070 1468 3169 1526 Est
3198 1473 3345 1527 enim
3395 1473 3588 1545 utique

1989 1568 2120 1611 vera
2158 1557 2251 1612 lux
2286 1555 2470 1625 Deus;
2504 1574 2684 1630 neque
2726 1574 2987 1616 mancum
3013 1601 3028 1626 ,
3063 1571 3159 1616 aut
3191 1562 3467 1620 defectum
3502 1565 3586 1620 di-

1986 1646 2175 1701 vinum
2199 1662 2323 1704 esse
2357 1664 2563 1705 numen
2591 1651 3056 1707 existimabimus.
3093 1653 3159 1709 Et
3188 1657 3442 1726 quamvis
3481 1657 3587 1712 mi-

1987 1739 2139 1795 nime
2169 1743 2441 1813 scriptum
2470 1743 2563 1808 sit,
2596 1758 2781 1799 veram
2809 1745 2962 1799 illum
2992 1760 3113 1801 esse
3139 1747 3340 1812 lucem,
3365 1764 3474 1803 non
3500 1757 3583 1804 ta-

1988 1845 2114 1887 men
2163 1833 2594 1899 committemus.
2642 1851 2830 1892 veram
2882 1845 2942 1891 ut
2992 1853 3119 1894 esse
3161 1839 3340 1895 lucem
3377 1840 3588 1897 inlicie-

277 1912 423 1984 πρὸς
463 1913 556 1966 τὸν
605 1913 737 1966 ὄντα
772 1914 1027 1985 Πατέρα·
1071 1915 1167 1969 καὶ
1205 1914 1314 1987 γὰρ
1344 1910 1412 1988 ἦν
1445 1915 1578 1981 Θεὸς
1616 1919 1644 1970 6
1678 1918 1872 1986 Λόγος.

1986 1938 2142 1992 mur;
2177 1928 2486 1997 prmsertim
2518 1942 2645 1982 cum
2685 1929 2753 1984 de
2779 1927 2917 1984 Filio
2952 1931 3223 2003 scriptum
3250 1933 3342 1998 sit,
3379 1932 3582 1989 Filium

275 2008 392 2061 Καὶ
424 2007 525 2060 οὐκ
554 2002 729 2070 εἶπεν,
765 2006 846 2059 ὅτι
880 2006 1012 2071 Θεὸς
1046 2006 1267 2077 ἐγένετο
1293 2008 1321 2060 6
1350 2007 1543 2077 Λόγος,
1572 2007 1709 2062 ἀλλὰ
1744 2008 1880 2071 Θεὸς

272 2096 368 2172 ἦν.
408 2102 503 2155 Ἐκ
532 2102 590 2155 δὲ
618 2101 726 2154 τῶν
751 2100 846 2154 δύο
878 2101 947 2155 τὰ
985 2102 1250 2172 ίσόρῤοπα
1282 2100 1650 2173 δειχθήσεται,
1677 2104 1741 2156 ἐκ
1780 2101 1875 2157 τοῦ

278 2192 385 2264 μὲν
428 2193 562 2257 Θεὸς
606 2192 862 2266 ἀληθινὸς
899 2195 928 2247 ὁ
980 2193 1211 2264 Πατὴρ,
1264 2194 1361 2247 καὶ
1410 2194 1526 2265 φῶς
1566 2194 1818 2265 ἀληθινὸν
1848 2195 1878 2249 6

277 2285 430 2348 Υἱὸς,
464 2285 532 2339 τὰ
584 2285 814 2355 ίσύξυγα
854 2288 1104 2355 φανεῖται
1136 2286 1236 2357 τῆς
1288 2285 1479 2352 ἀξίας·
1537 2285 1634 2340 καὶ
1683 2288 1749 2341 ἐκ
1780 2287 1879 2342 τοῦ

273 2377 415 2431 Θεοῦ
448 2380 478 2432 6
499 2378 647 2445 Υίὸς,
679 2380 775 2432 καὶ
808 2377 925 2449 (ρῶς
946 2379 975 2431 6
1007 2378 1161 2443 Θεὸς,
1198 2378 1267 2432 τὰ
1299 2379 1563 2451 ίσὸρῤοπα
1595 2382 1694 2451 τῆς
1722 2378 1873 2447 δοξο-

275 2471 465 2539 λογίας
503 2471 895 2543 εὐρεθήσεταν
930 2471 1026 2525 καὶ
1057 2471 1210 2525 οὐδὲν
1240 2471 1453 2530 διοίσει.
1498 2472 1620 2525 οὐδὲ
1662 2471 1874 2526 ἀντιλὲ-

276 2563 387 2630 ξειέ
418 2581 505 2627 τις
535 2566 602 2634 τῇ
644 2562 873 2635 ἀληθείᾳ
896 2603 910 2627 ,
946 2563 1087 2617 ἀλλὰ
1130 2562 1385 2637 ἀληθινὸς
1426 2565 1560 2629 Θεὸς
1585 2567 1614 2619 6
1660 2564 1871 2638 Πατὴρ,

274 2654 372 2707 καὶ
404 2652 818 2725 ἀληθινὸς-Υἱὸς
838 2656 868 2706 ὑ
901 2654 1218 2726 μονογενής.
1458 2724 1465 2726 ξ
1525 2664 1533 2673 ‘

1978 2029 2104 2071 esse
2137 2016 2305 2072 Deum
2334 2016 2739 2075 :EteratDeus
2761 2023 2903 2092 apud
2928 2024 3290 2079 exsistentem
3321 2024 3582 2095 Patrem;

1979 2116 2099 2163 erat
2135 2108 2282 2162 enim
2332 2107 2477 2164 Deus
2506 2107 2773 2165 Verbum.
2812 2112 2926 2167 Non
2976 2114 3138 2177 dixit,
3185 2113 3331 2171 Deus
3376 2115 3593 2171 factum.

1977 2206 2061 2253 est
2108 2196 2389 2265 Verbum,
2444 2199 2539 2257 sed
2582 2200 2723 2256 Deus
2776 2213 2913 2257 erat.
2956 2203 3329 2270 Quamobrem
3374 2222 3439 2261 ex
3488 2209 3576 2263 his

1979 2288 2198 2348 duobus
2228 2293 2418 2348 eadem
2446 2302 2612 2364 atque
2634 2295 2863 2366 aequalia
2889 2298 3240 2367 colligentnr.
3276 2296 3350 2351 Ex
3382 2315 3469 2363 eo,
3496 2298 3584 2351 in-

1980 2400 2169 2456 quam,
2209 2384 2356 2452 quod
2406 2400 2571 2441 verus
2624 2382 2772 2441 Deus
2821 2387 3126 2458 appellatur
3164 2387 3348 2458 Pater,
3399 2402 3453 2445 et.
3488 2390 3581 2445 lux

1979 2490 2108 2529 vera
2153 2473 2355 2541 Filius,
2417 2476 2649 2547 aequalis
2700 2477 2993 2548 utriusque
3038 2479 3281 2551 dignitas
3329 2490 3578 2553 apparet.

1980 2565 2225 2637 itemque
2252 2578 2319 2622 ex
2362 2581 2427 2622 eo
2452 2567 2598 2637 quod
2623 2575 2677 2623 et
2703 2567 2848 2625 Deus
2868 2568 3068 2632 Filius,
3102 2582 3153 2627 et
3178 2572 3270 2626 lux
3292 2589 3418 2629 esse.
3437 2574 3583 2631 Deus

1981 2658 2207 2726 dicitur,
2242 2673 2341 2728 par
2367 2658 2671 2731 eademque
2703 2661 2993 2717 amborum
3019 2663 3194 2733 gloria
3224 2666 3530 2735 reperietur
3560 2685 3576 2723 :

275 2743 416 2800 adeo
450 2724 509 2799 ut
532 2724 917 2800 nihilintersi't
950 2724 1200 2809 omnino,
1225 2761 1335 2801 nec
1353 2724 1569 2800 veritati
1599 2746 1864 2820 refragari
1896 2750 2174 2822 quispiam
2192 2724 2331 2822 ﬁjure
2359 2751 2538 2822 possit
2565 2724 2848 2824 {denique
2871 2759 2926 2809 et
2971 2724 3136 2810 ve'rus
3186 2724 3331 2810 Dens
3385 2752 3577 2820 Pater,

275 2853 445 2892 verus
477 2838 703 2907 perinde
729 2836 908 2893 Filius
939 2837 1253 2909 unigenitus
1281 2844 1583 2893 asseratur.

348 2928 472 2982 AI".
539 2930 660 2983 Ἔτι
712 2929 768 2982 δὲ
819 2929 915 2983 καὶ
970 2931 1101 3002 περὶ
1169 2931 1265 2984 τοῦ
1331 2931 1486 3000 ἁγίου
1559 2932 1881 3003 Πνεῦματος

276 3018 658 3090 ἀναγκάζομαι
689 3017 785 3073 τοῦ
814 3019 996 3087 λέγειν
1027 3019 1282 3083 ἐνταῦθα,
1309 3020 1399 3074 ἴνα
1426 3020 1500 3093 μὴ
1532 3021 1878 3095 παραλείψας

276 3128 353 3181 τι,
377 3112 455 3165 δῶ
480 3114 592 3175 τοῖς
622 3111 967 3182 βουλομένοις
1000 3111 1211 3185 ἐχθροῖς
1238 3113 1339 3177 τὰς
1366 3114 1548 3167 αὐτῶν
1563 3112 1709 3186 ἔχειν
1738 3131 1877 3185 προ·

2051 2926 2292 2986 XXXlll.
2327 2928 2402 2987 De
2443 2928 2653 3004 Spiritu
2684 2947 2817 2989 vero
2847 2944 3041 2990 sancto
3087 2948 3314 2992 necesse
3350 2944 3437 2993 est
3476 2937 3583 2994 ali-

1980 3021 2113 3091 quid
2154 3022 2257 3077 hoc
2282 3022 2405 3078 loco
2426 3024 2748 3094 disputare;
2785 3038 2872 3087 ne,
2910 3024 2957 3079 si
2986 3024 3119 3096 quid
3150 3025 3579 3095 praitermisero,

1982 3127 2083 3170 Sua
2117 3113 2373 3172 hostibus
2396 3115 2606 3172 nosuis
2631 3124 2955 3187 argumenta
2982 3130 3047 3171 ac
3080 3118 3335 3188 praesidia
3366 3118 3583 3189 integra

278 3204 495 3274 φάσεις.
519 3203 677 3259 οὕτω
700 3204 815 3275 γὰρ
843 3204 938 3258 καὶ
967 3204 1028 3258 τὸ
1050 3204 1280 3276 Πνεῦμα
1306 3204 1368 3259 τὸ
1404 3205 1582 3275 ἅγιον,
1610 3206 1688 3270 ὡς
1716 3206 1878 3271 αὐτὸς

1986 3205 2280 3276 reliquisse
2319 3207 2531 3264 videar.
2577 3206 2784 3264 Eodem
2823 3208 2995 3280 igitur
3044 3209 3211 3265 modo
3249 3208 3317 3266 de
3367 3208 3580 3281 Spiritu

275 3300 306 3352 6
337 3296 542 3369 Κύριος
571 3300 847 3369 μαρτυριῖ
867 3296 1064 3367 λέγων,
1098 3297 1162 3350 τὸ
1198 3297 1429 3369 Πνεῦμα
1467 3299 1569 3366 τῆς
1595 3298 1877 3369 ἀληθείας,

274 3392 340 3448 τὸ
370 3389 594 3463 Πνεῦμα
647 3390 744 3446 τοῦ
783 3391 1031 3463 Πατρός·
1083 3393 1113 3446 6
1160 3390 1219 3445 δὲ
1260 3384 1607 3458 ’Δπόστολος,
1649 3390 1880 3463 Πνεῦμα

279 3482 538 3556 Χριστοῦ.
561 3486 701 3557 Ἀρα
729 3483 862 3553 γοῦν
883 3483 945 3538 τὸ
975 3483 1194 3556 πνεῦμα
1222 3480 1321 3555 τῆς
1348 3483 1629 3555 ἀληθείας,
1658 3484 1881 3555 πνεῦμα

276 3576 559 3648 ἀληθείας,
595 3576 815 3648 πνεῦμα
846 3575 1006 3641 Θεοῦ,
1041 3572 1118 3641 ὡς
1157 3575 1295 3639 Θεὸς
1343 3575 1620 3648 ἀληθινὸς,
1651 3576 1729 3639 ὡς
1763 3575 1879 3645 φῶς

277 3669 552 3741 ἀληθινὸν,
580 3670 657 3735 ὡς
685 3669 909 3740 πνεῦμα
939 3669 1175 3741 Πατρὸς,
1208 3669 1285 3733 ὡς
1305 3669 1525 3741 πνεῦμα
1555 3668 1706 3726 Υἱοῦ,
1756 3670 1877 3724 Μία

277 3763 389 3835 γάρ
415 3766 565 3817 ἐστιν
592 3763 834 3836 ἡΤριὰς,
856 3762 1004 3835 μιαη
1026 3762 1327 3831 δοξολογία,
1354 3762 1453 3834 μία
1475 3764 1510 3835 ἡ
1530 3762 1745 3835 θεάτης,
1779 3762 1879 3835 μία

276 3860 312 3927 ἠ
341 3856 623 3927 κυριότης.
651 3855 842 3927 Πατὴρ
870 3855 1080 3927 Πατὴρ,
1113 3855 1241 3919 Υἱὸς
1267 3854 1417 3919 Υἱὸς,
1471 3854 1630 3925 ἆγιον
1650 3854 1879 3927 Πνεῦμα

274 3952 434 4021 ᾶγιον
467 3951 691 4022 Πνεῦμα
712 3968 726 3982 ο
759 3950 822 4003 οὐ
855 3949 1153 4020 συναλοιφή
1192 3950 1227 4021 ή
1254 3948 1445 4021 Τριὰς,
1490 3948 1553 4003 οὐ
1596 3947 1869 4004 διεστῶσα

276 4043 379 4114 τῆς
401 4041 535 4106 ἰδίας
559 4043 728 4112 αὐτῆς
754 4042 1000 4113 μονάδος,
1016 4041 1116 4094 οὐκ
1139 4039 1362 4112 ἐλλιπὴς
1384 4039 1483 4111 τῆς
1511 4038 1874 4113 τελειότητος,

276 4137 380 4190 οὐκ
404 4134 592 4189 ἀλλοία
608 4137 708 4207 τῆς
741 4134 881 4198 ἰδίας
904 4132 1188 4205 ἰδιότητος,
1216 4132 1353 4186 ἀλλά
1374 4132 1552 4187 πάντα
1572 4132 1871 4205 τελειότης,

276 4229 410 4300 τρία
449 4227 654 4292 τέλεια,
690 4228 791 4299 μία
835 4227 1047 4298 θεότης.
1078 4227 1190 4281 Καὶ
1242 4227 1535 4281 πέπτωκεν
1565 4228 1600 4297 ἡ
1650 4225 1762 4281 τῶν
1808 4225 1878 4280 δι’

277 4324 532 4384 ἐναντίας
581 4322 849 4392 μάχαιρα.
890 4319 1002 4374 Καὶ
1039 4319 1149 4394 γὰρ
1201 4318 1346 4373 οὕτω
1394 4319 1738 4391 γέγραπται,
1794 4319 1877 4373 ὅτι

275 4413 469 4481 Βέλος
507 4414 742 4481 νηπίων
792 4410 1193 4483 ἐγενήθησαν.
1231 4410 1343 4464 Καὶ
1386 4408 1498 4481 γάρ
1548 4408 1619 4464 τὰ
1664 4409 1875 4482 νήπια,

279 4504 383 4560 κάν
410 4521 471 4556 τε
498 4502 633 4575 θιλῃ
668 4502 972 4572 λαμϐάνειν
992 4501 1156 4572 βέλη,
1181 4499 1454 4573 ἀνίσχυρα
1484 4498 1767 4569 τυγχάνει,
1799 4496 1875 4570 μῆ

1984 3305 2179 3353 sancto
2214 3299 2421 3355 sentire
2452 3314 2554 3355 nos
2587 3311 2836 3371 Oportet,
2877 3302 3343 3372 quemadmodum
3394 3302 3579 3357 Domi-

1983 3403 2090 3443 nus
2123 3388 2240 3460 ipse
2268 3398 2521 3456 testatur,
2554 3405 2679 3445 cum
2715 3391 2984 3461 Spiritum
3010 3394 3260 3449 veritatis
3284 3394 3325 3459 ⁸,
3354 3409 3419 3449 ac
3453 3394 3583 3466 Spi-

1978 3480 2145 3537 ritum
2191 3481 2374 3539 Patris
2425 3484 2698 3553 appellat;
2753 3483 3049 3553 Apostolus
3101 3499 3254 3548 vero,
3305 3484 3575 3555 Spiritmn

1979 3574 2185 3631 Christi
2215 3576 2258 3631 ⁸.
2293 3575 2390 3631 Est
2419 3576 2588 3648 igitur
2617 3576 2859 3648 Spiritus
2884 3576 3158 3644 veritatis,
3193 3576 3435 3648 Spiritus
3458 3577 3580 3643 Dei,

1981 3669 2062 3722 uti
2094 3683 2260 3725 verus
2297 3666 2464 3735 Deus,
2502 3684 2628 3724 vera
2666 3669 2781 3733 lux,
2806 3666 3048 3740 Spiritus
3078 3666 3282 3734 Patris,
3333 3667 3580 3740 Spiritus

1978 3756 2125 3817 Filii.
2156 3760 2254 3818 Est
2275 3763 2421 3817 enim
2460 3777 2570 3816 una
2601 3759 2848 3817 Trinitas
2869 3803 2883 3828 ,
2913 3777 3023 3816 una
3062 3761 3237 3833 gloria
3260 3800 3275 3826 ,
3316 3760 3583 3817 divinitas

1979 3867 2108 3918 una,
2161 3868 2269 3908 una
2333 3848 2656 3921 dominatio,
2704 3850 2865 3908 Pater
2912 3852 3097 3920 Pater,
3143 3852 3318 3910 Filius
3378 3851 3580 3922 Filius,

1980 3942 2222 4017 Spiritus
2276 3957 2505 4004 sanctus
2558 3946 2798 4017 Spiritus
2829 3960 3087 4016 sanctus;
3120 3949 3271 4003 nulla
3310 3948 3365 4002 in
3394 3945 3582 4002 Trini-

1978 4046 2092 4094 tate
2132 4041 2443 4096 commistio
2489 4041 2568 4095 vel
2607 4040 2890 4107 confusio;
2945 4055 3046 4096 nec
3104 4041 3173 4095 ab
3222 4040 3433 4096 unitate
3477 4053 3577 4096 sua

1978 4131 2248 4199 dissidet;
2279 4149 2378 4188 nec
2423 4133 2491 4187 ad
2525 4133 2919 4205 perfectionem
2964 4133 3118 4189 deest
3148 4133 3222 4187 illi
3265 4132 3580 4204 quidpiam;

1980 4239 2082 4279 nec
2118 4230 2205 4278 est
2234 4239 2262 4276 a
2299 4225 2637 4294 proprietate
2679 4241 2781 4282 sua
2832 4225 3071 4289 diversa,
3106 4223 3268 4297 757
3301 4224 3396 4281 sed
3448 4226 3576 4280 uni-
3670 4260 3691 4268 -

1979 4330 2137 4371 versa
2172 4317 2439 4386 perfectio
2467 4326 2723 4387 occupat,
2762 4325 2821 4373 ut
2850 4326 2906 4374 et
2936 4319 3179 4389 perfecta
3220 4319 3323 4371 tria
3357 4318 3489 4382 sint,
3522 4323 3582 4374 et

1979 4408 2146 4462 trium
2181 4408 2546 4465 nihilominus
2583 4425 2691 4466 una
2736 4409 3024 4465 divinitas.
3079 4409 3199 4475 Qua
3243 4408 3455 4464 ratione
3481 4409 3583 4464 ad-

1979 4499 2243 4556 versariis
2272 4501 2480 4557 nostris
2527 4501 2745 4573 gladius
2787 4518 2819 4558 e
2871 4502 3128 4558 manibus
3162 4516 3434 4558 excussus
3466 4511 3583 4559 est.

274 4597 550 4668 δυνάμενα
578 4598 639 4651 ἐν
675 4595 863 4668 χερσὶν
889 4592 1071 4648 αὐτῶν
1109 4610 1165 4646 τι
1201 4591 1485 4664 πράττειν.
1530 4590 1658 4647 Ἐὰν
1683 4590 1741 4643 δὲ
1771 4589 1869 4643 καὶ

1986 4591 2162 4663 quue
2188 4591 2491 4662 Scripturte
2517 4594 2673 4649 locus
2699 4594 2792 4649 ille
2824 4594 3063 4665 pertinet
3097 4612 3111 4649 :
3138 4592 3363 4664 Sagith
3382 4607 3582 4661 parvu-

276 4688 679 4763 παραταραχθῇ
705 4688 775 4741 τὰ
828 4688 1022 4759 νήπια,
1075 4685 1278 4758 μᾶλλον
1310 4684 1482 4740 ἑαυτά
1518 4682 1738 4753 σφάζει,
1778 4681 1875 4737 καὶ

1986 4687 2153 4742 lorum
2194 4686 2353 4757 facta:
2387 4696 2511 4741 sunt
2558 4687 2601 4741 ⁸.
2649 4685 2787 4742 Nam
2836 4688 2942 4744 tela
2981 4688 3111 4743 dum
3161 4687 3228 4741 ab
3272 4685 3580 4742 infantibus

275 4783 450 4839 ἑαυτά
486 4782 686 4847 ἀδικεῖ,
736 4780 815 4852 μὴ
867 4780 1143 4852 δυνάμενα
1193 4778 1379 4843 ἄλλοις
1429 4777 1731 4847 ἐπιχειρεῖν
1775 4773 1874 4829 τοῦ

1986 4786 2288 4835 tractantur
2319 4779 2591 4835 imbecilla
2634 4788 2788 4848 sunt,
2834 4796 2936 4838 nec
2979 4781 3035 4836 in
3075 4795 3268 4837 eorum
3320 4778 3578 4835 manibus

276 4875 470 4947 βέλους
495 4876 561 4929 τὸ
607 4874 984 4946 ἐπιχείρημα·
1020 4872 1098 4936 ὡς
1149 4870 1247 4925 καὶ
1296 4862 1443 4924 οῦτοι
1490 4867 1615 4923 καθ’
1665 4864 1875 4922 ἑαυτῶν

1986 4871 2281 4943 quidquam
2311 4871 2527 4929 edicere
2553 4879 2806 4944 possunt.
2840 4872 2997 4941 Quod
3025 4873 3071 4930 si
3099 4872 3437 4929 consternati
3466 4878 3579 4925 tur-

274 4968 720 5041 ἑπεστράτευσαν
769 4966 870 5037 τὴν
917 4963 1129 5035 πλάνην
1151 4980 1166 4994 ·
1213 4964 1365 5019 οὐδὲν
1409 4961 1469 5017 δὲ
1512 4960 1878 5033 ὶνσκήψουσιν

1986 4961 2208 5032 batique
2235 4962 2465 5031 fuerint,
2498 4966 2711 5035 seipsos
2739 4962 3017 5034 iugulant.
3049 4972 3144 5017 aut
3168 4960 3274 5017 sibi
3309 4961 3573 5018 damnum

274 5062 358 5126 sl;
383 5061 511 5126 τοὺς
548 5060 699 5125 υἱοὺς
726 5060 833 5131 τῆς
858 5057 1140 5129 ἀληθείας.

1986 5053 2231 5110 inferunt
2263 5057 2446 5127 potius
2472 5072 2638 5128 quam
2675 5064 2734 5111 ut
2766 5055 2907 5110 alios
2940 5055 3051 5112 illis
3074 5054 3296 5127 aggredi
3327 5062 3383 5111 et
3410 5070 3579 5128 appe-

276 5166 393 5223 lere
416 5164 641 5227 queant.
675 5152 773 5210 Sic
803 5153 966 5209 ctistl
1000 5166 1249 5209 errorem
1276 5163 1441 5208 suum
1468 5155 1663 5209 contra
1696 5147 2025 5227 semetipsos
2050 5157 2420 5218 convertunt;
2458 5166 2639 5222 neque
2665 5149 2968 5221 quidquam
2999 5148 3272 5205 adversus
3321 5148 3578 5206 veritatis

278 5253 421 5309 tilias
446 5248 720 5323 inﬂigunt.

348 5345 467 5398 ΛΝ.
503 5340 925 5415 Παρελεύσομαι
951 5340 1011 5396 δὲ
1038 5341 1133 5396 καὶ
1161 5340 1241 5405 είς
1274 5339 1470 5412 ἑτέρας
1497 5337 1674 5404 λέξεις
1711 5336 1875 5393 πάλιν

274 5437 375 5499 τὰς
418 5435 512 5489 ὑπ’
554 5434 738 5490 αὐτῶν
772 5433 1194 5505 ὲπινοουμένας.
1232 5433 1345 5486 Καὶ
1384 5430 1604 5501 πρῶτον
1648 5430 1747 5502 μὲν
1786 5432 1878 5485 ὲκ-

275 5527 524 5597 πλήξεὼς
551 5529 668 5583 ἔστι
695 5526 757 5582 τὸ
787 5528 978 5600 ἔργον,
1013 5524 1090 5590 ὡς
1118 5526 1373 5598 εἰρωνείᾳ
1411 5524 1712 5596 κέχρηνται
1739 5523 1877 5596 πρὸς

1986 5523 2198 5593 plenum
2235 5530 2357 5587 est;
2394 5528 2656 5591 quautam
2685 5520 2751 5575 ad
2778 5518 3293 5575 circumveniendos
3327 5514 3491 5570 rudes
3524 5522 3581 5569 et

275 5621 493 5691 ἀπάτην
524 5620 641 5675 τῶν
660 5619 882 5689 ἀφελῶν
917 5618 1013 5673 καὶ
1046 5618 1324 5690 ἀκεραίων
1357 5617 1539 5688 φύσει.
1576 5617 1664 5681 Ὠς
1696 5618 1725 5670 6
1753 5616 1878 5687 δφις

1986 5616 2259 5687 simplices
2307 5614 2667 5670 calliditatem
2708 5629 2772 5669 ac
2812 5613 3217 5671 simulationem
3258 5609 3574 5664 adhibeant.

281 5712 525 5782 ἦπάτησε
554 5712 655 5785 την
680 5710 826 5766 Εὔαν
857 5711 1127 5783 ἀκεραίαν
1169 5706 1359 5775 οὖσαν,
1398 5708 1477 5781 τῷ
1508 5707 1660 5780 αὐτῷ
1692 5707 1878 5782 τρόπῳ

1986 5706 2113 5761 Nam
2145 5715 2203 5761 ut
2248 5721 2477 5777 serpens
2520 5705 2688 5762 Evam
2730 5708 3014 5762 mulierem
3058 5704 3364 5761 simplicem
3410 5702 3574 5757 dece-

2048 5331 2291 5389 XXXIV.
2334 5330 2493 5387 Nunc
2521 5330 2588 5387 ad
2624 5332 2763 5388 alios
2797 5331 3016 5387 illorum
3060 5343 3346 5387 sermones
3376 5328 3581 5411 oratio-

1977 5446 2101 5486 nem
2165 5427 2411 5485 coul’ero.
2472 5427 2531 5482 In
2580 5442 2691 5499 quo
2740 5428 2976 5498 primum
3031 5426 3165 5482 illud
3216 5422 3581 5479 admiratione

1440 5885 1458 5916 ³
1494 5882 1694 5943 Huan.
1726 5899 1762 5955 ι,
1794 5884 1850 5940 5.

2008 5881 2171 5945 Joan.
2221 5900 2333 5968 an,
2377 5883 2465 5939 l7.
2546 5883 2565 5915 ³
2593 5882 2755 5940 Rom.
2783 5899 2901 5951 vni,
2936 5880 2988 5936 9.
3070 5880 3087 5911 ⁸
3128 5877 3278 5937 Psal.
3316 5894 3479 5948 uin,
3514 5881 3568 5942 8.

348 5892 369 5925 ⁸
396 5887 460 5954 F.
501 5889 602 5947 οὐκ
626 5889 877 5964 εἴπομεν.
960 5891 978 5922 ’
1007 5885 1169 5947 .loan.
1207 5902 1244 5947 ι.
1272 5887 1325 5941 9.
