3994 6462
437 413 547 470 255

1846 395 1904 450 S.
1942 390 2284 450 EPIPHANII

3611 389 3711 445 256

443 526 521 594 pit
547 523 600 574 ιι
631 519 704 574 ita
739 517 829 573 illi
849 531 990 588 quos
1022 512 1091 571 ad
1121 521 1306 584 partes
1344 524 1475 566 suas
1506 508 1764 580 pellicere
1792 507 1981 561 volunt
2005 543 2020 569 ,

2157 505 2223 557 :a‘t
2257 476 2424 566 οὑτδί,
2475 501 2570 555 ἐὰν
2612 499 2810 555 θέλωσι
2859 498 3350 574 περιποιήσασθαι,
3403 493 3468 550 τὸ
3504 501 3714 573 πρῶτον

446 615 678 684 primum
738 609 1017 664 blanditiis
1065 621 1131 660 ac
1203 602 1608 665 muniﬁcentia,
1664 600 2030 669 omnibusque

445 703 754 760 sedulitatis
796 700 994 755 ofﬁciis
1029 697 1247 768 aggredi
1283 695 1498 760 solent;
1535 702 1647 747 tum
1683 689 2031 762 pollicitatio-

445 812 563 857 nes,
612 809 676 848 ac
725 803 965 848 terrores
1023 789 1312 859 adjiciunt.
1373 784 1482 840 Vos
1527 784 1694 848 enim,
1754 782 2030 852 inquiunt,

444 885 711 957 principis
748 885 967 948 edictis,
999 891 1055 938 et
1105 880 1455 952 imperatoris
1488 876 1734 931 Valentis
1763 872 2032 929 voluntati

445 978 721 1035 resistitis.
773 977 848 1030 Ita
879 991 975 1032 eos
1009 975 1367 1045 alloquuntur
1399 972 1492 1042 qui
1537 985 1696 1024 suum
1739 969 1804 1022 ad
1837 967 2034 1040 dogma

447 1071 685 1125 transire
731 1069 1028 1123 noluerint.
1086 1065 1292 1121 Deinde
1338 1065 1468 1135 quid
1512 1063 1729 1118 tandem
1778 1062 1906 1117 est?
1949 1061 2036 1114 in-

447 1162 665 1233 quiunt.
691 1161 832 1228 Quid
870 1174 1034 1230 porro
1067 1157 1342 1213 dicimus?
1379 1155 1579 1210 Eadem
1613 1153 1744 1208 ﬁdes
1769 1162 1891 1220 est;
1926 1151 2035 1206 nisi

447 1253 594 1324 quod
625 1252 775 1306 inani
821 1250 1010 1322 gloriae
1059 1250 1244 1305 studio
1285 1248 1574 1304 ducimini.
1615 1246 1912 1302 Videamus
1940 1243 2040 1298 ita-

449 1362 556 1416 que
590 1345 854 1401 eademne
886 1343 957 1398 sit
991 1341 1144 1396 ﬁdes.
1191 1339 1370 1410 Atque
1390 1339 1467 1392 illi
1515 1337 1737 1409 quidem
1773 1337 1855 1392 sic
1885 1349 2038 1390 asse-

450 1445 620 1493 runt:
668 1437 1005 1492 Conlltemur
1053 1432 1252 1487 Filium
1301 1447 1367 1487 ex
1414 1429 1577 1486 Patre
1610 1429 1893 1503 genitum;
1937 1439 2039 1482 nec

447 1543 572 1583 cum
622 1540 917 1596 negamus;
968 1538 1156 1577 verum
1209 1522 1372 1578 nobis
1419 1533 1642 1592 quoque
1691 1529 1943 1575 creatura
1984 1521 2040 1572 et

449 1619 728 1688 opiﬁcium
770 1616 1163 1672 conﬁtendum.
1198 1614 1319 1680 Quo
1352 1613 1576 1684 quidem
1619 1610 1757 1666 nihil
1804 1616 1890 1665 est
1920 1607 2040 1662 ine-

449 1713 629 1784 ptius;
671 1709 940 1782 quidquid
997 1709 1142 1764 enim
1195 1714 1443 1762 creatum
1481 1713 1602 1772 est,
1652 1702 1922 1759 dissimile
1956 1708 2042 1756 est

449 1784 654 1875 genito.
685 1816 862 1873 neque
891 1798 1039 1870 quod
1069 1799 1310 1870 genitum
1335 1804 1422 1853 est
1450 1837 1465 1862 ,
1502 1804 1690 1852 creato
1712 1793 1892 1850 simile
1921 1798 2038 1857 est;

453 1895 756 1966 praesertim
801 1893 848 1948 si
893 1891 962 1948 de
1012 1892 1230 1946 sincera
1282 1889 1376 1943 illa
1445 1886 1799 1960 perfectaque
1846 1891 2040 1939 natura

454 2001 636 2042 sermo
665 1985 754 2039 sit.
792 1981 928 2037 Nam
955 1981 1140 2036 omnia
1163 1996 1191 2034 a
1224 1980 1334 2035 Deo
1356 1985 1539 2034 creata
1574 1984 1737 2044 sunt;
1769 1976 1922 2031 solus
1949 1973 2042 2028 Dei

454 2075 628 2131 Filius
659 2075 875 2145 genitus
909 2083 1012 2135 est,
1051 2087 1115 2126 ac
1153 2070 1306 2126 solus
1341 2068 1581 2140 Spiritus
1616 2075 1843 2124 sanctus
1877 2080 1908 2121 a
1942 2064 2046 2119 Pa-

454 2176 540 2223 tre
572 2167 878 2237 processit'
921 2173 976 2218 ct
1005 2179 1035 2218 a
1075 2161 1212 2217 Filio
1253 2162 1466 2232 accepit
1498 2161 1540 2214 ³.
1587 2159 1798 2215 Caetera
1858 2156 2046 2214 omnia

442 2267 641 2313 'creata
697 2265 863 2323 sunt;
921 2269 1100 2326 neque
1130 2269 1159 2307 a
1205 2252 1364 2307 Patre
1405 2259 1824 2324 processerunt;
1867 2266 2047 2322 neque

455 2367 486 2406 a
521 2349 661 2405 Filio
687 2357 1042 2420 acceperunt;
1061 2346 1156 2404 sed
1175 2363 1238 2403 ex
1264 2345 1606 2418 plenitudine
1625 2345 1772 2411 Filii,
1799 2346 1878 2400 uti
1904 2345 2048 2402 scri-

2135 595 2234 666 μέν
2263 593 2582 658 κολακείαις
2629 593 2876 658 πολλαῖς,
2918 597 3014 648 καὶ
3055 594 3305 665 δαψιλείᾳ
3331 594 3425 646 καὶ
3459 596 3717 663 προσοχῇ,

2133 685 2423 757 ὑποσχέσει
2456 703 2514 738 τε
2548 685 2666 756 ἅμα
2697 687 2791 740 καὶ
2828 685 3200 760 φοϐερισμοῖς,
3235 687 3318 739 ὅτι
3352 685 3480 748 Τοῖς
3515 685 3717 755 βασιλιο

2133 781 2248 842 κοῖς
2295 779 2702 848 προστάγμασι,
2751 779 2847 832 καί⁸
2882 778 2962 850 τῷ
2992 779 3087 834 τοῦ
3125 763 3392 849 βασιλέως
3425 778 3723 840 Οὐάλεντος

2135 869 2293 941 θυμῷ
2343 869 2709 934 ἐναντιοῦσθε,
2751 873 2863 936 τοῖς
2914 871 2989 943 μὴ
3036 871 3386 943 βουλομένοις
3435 872 3581 925 κατὰ
3631 871 3725 941 τὴν

2134 960 2312 1015 αὑτῶν
2342 962 2523 1015 πίστιν
2559 963 2844 1034 φέρεσθαι.
2881 965 2993 1017 Καὶ
3019 963 3073 1017 τί
3104 981 3270 1033 φασι;
3300 964 3354 1016 τί
3398 963 3505 1034 γάρ
3534 966 3681 1016 ἐστιν
3701 963 3728 1014 ὃ

2135 1053 2404 1124 λέγομεν;
2439 1052 2580 1125 αὕτη
2627 1054 2776 1108 ἐστὶν
2808 1057 2840 1126 ή
2874 1056 3076 1122 πίστις,
3111 1056 3271 1128 μόνον
3308 1057 3364 1110 δέ
3407 1058 3491 1111 ὅτι
3524 1055 3732 1108 κενοδο-

2139 1141 2297 1207 ξεῖτε.
2321 1143 2550 1214 ’Ίδωμεν
2575 1139 2690 1209 οὖν,
2722 1147 2770 1198 εἰ
2801 1147 2834 1216 ἡ
2866 1146 3004 1218 αὐτή
3036 1148 3150 1200 ἐστι
3181 1143 3384 1210 πίστις.
3415 1147 3588 1198 Φασίν
3610 1141 3725 1198 οὖν’

2150 1231 2550 1304 Ὀμολογοῦμεν
2575 1233 2665 1288 τὸν
2687 1236 3087 1307 γεγεννημένον
3120 1232 3249 1290 Υίὸν
3275 1239 3340 1290 ἐκ
3369 1236 3606 1306 Πατρὸς,
3644 1236 3733 1288 καὶ

2137 1325 2238 1378 οὑκ
2270 1324 2601 1397 ἀρνούμεθα.
2643 1326 2806 1380 Ἀλλά
2830 1328 2911 1381 δεῖ
2935 1329 3102 1400 ἡμᾶς,
3129 1328 3283 1397 φασὶ,
3315 1329 3409 1381 καὶ
3437 1329 3500 1381 τὸ
3529 1327 3735 1397 κτίσμα

2139 1417 2442 1489 ὁμολογεῖν,
2470 1419 2648 1472 καὶτὸ
2672 1421 2906 1492 ποίημα.
2943 1421 3108 1475 Οὑδὲν
3131 1421 3188 1475 δὲ
3215 1420 3588 1492 ἡλιθιώτερον.
3626 1422 3738 1474 Πᾶν

2140 1511 2251 1582 γάρ
2283 1511 2343 1565 τὸ
2370 1511 2688 1584 κτιζόμενον
2724 1513 2823 1584 οὑχ
2863 1514 3046 1586 ὅμοιον
3079 1514 3338 1584 τυγχάνει
3373 1514 3451 1584 τῷ
3479 1530 3738 1583 γεγεννη-

2146 1604 2312 1676 μένῳ,
2341 1603 2465 1658 οὔτε
2495 1605 2556 1659 τὸ
2585 1605 2926 1677 γεννώμενον
2954 1609 3138 1679 ὅμοιον
3168 1606 3247 1678 τῷ
3277 1606 3605 1677 κτιζομένῳ,
3638 1606 3739 1676 μά-

2141 1695 2302 1750 λιστα
2333 1697 2466 1769 πρὸς
2509 1698 2724 1769 ἐκείνην
2768 1700 2868 1767 τὴν
2916 1699 3047 1770 μίαν
3079 1701 3361 1772 ἀκραιφνῆ
3401 1703 3496 1754 καὶ
3527 1700 3738 1754 τελείαν

2144 1788 2351 1843 οὐσίαν.
2389 1790 2575 1844 Πάντα
2603 1791 2712 1863 γὰρ
2758 1790 2862 1845 ὑπὸ
2900 1790 3038 1846 Θεοῦ
3083 1791 3327 1846 ἔκτισται
3351 1809 3362 1818 '
3409 1793 3572 1864 μόνος
3615 1792 3673 1845 δὲ
3713 1794 3741 1844 ὁ

2149 1879 2273 1946 Υἱὸς
2307 1880 2401 1934 τοῦ
2424 1880 2561 1934 Θεοῦ
2581 1882 2925 1952 γεγέννηται,
2941 1882 3035 1935 καὶ⁸
3066 1882 3226 1952 μόνον
3251 1882 3312 1936 τὸ
3337 1882 3492 1954 ἀγιον
3519 1883 3740 1954 Πνεῦμα

2144 1974 2209 2028 ἐκ
2249 1973 2464 2044 Πατρδς
2495 1973 2755 2046 προῆλθε,
2793 1974 2887 2027 καὶ
2932 1972 2992 2040 εξ
3025 1973 3156 2027 Υίοῦ
3191 1974 3371 2029 ἔλαϐε.
3410 1960 3491 2028 τὰ
3522 1975 3578 2028 δὲ
3611 1975 3739 2032 ἄλλα

2145 2069 2324 2124 πάντα
2346 2066 2562 2130 κτιστὰ,
2592 2065 2687 2120 καὶ
2709 2065 2834 2121 οὔτε
2861 2067 3196 2139 προελθόντα
3217 2069 3282 2121 ἐκ
3307 2063 3520 2141 Πατρὸς
3544 2069 3745 2140 προῆλ-

2146 2159 2256 2226 θεν,
2291 2157 2415 2213 οὑτε
2447 2159 2542 2212 τοῦ
2572 2159 2703 2213 Υἰοῦ
2729 2159 3098 2231 λαμϐάνοντα,
3129 2160 3266 2215 άλλά
3300 2162 3365 2217 ἐκ
3395 2161 3490 2215 τοῦ
3521 2161 3747 2234 πληρώ-

2149 2268 2319 2323 ματος
2342 2249 2437 2304 τοῦ
2488 2249 2642 2318 Υἰοῦ,
2690 2249 2875 2315 καθὼς
2914 2252 3268 2324 γέγραπται·
3314 2253 3398 2319 Τῷ
3437 2253 3547 2323 γάρ
3579 2255 3750 2324 Λόγῳ

2145 2342 2254 2397 τοῦ
2283 2341 2432 2396 Θεοῦ
2461 2342 2534 2396 τὰ
2562 2340 2762 2396 πάντα
2787 2342 3269 2412 ἐστερεώθησαν,
3300 2345 3402 2398 καὶ
3442 2344 3526 2410 τῷ
3565 2347 3750 2400 πνεύ-

455 2453 609 2514 ptum
642 2450 728 2497 est
752 2440 814 2495 δε
850 2441 1095 2511 Quippe,
1139 2440 1306 2494 Verbo
1347 2439 1559 2494 Domini
1595 2440 1776 2492 omnia
1827 2439 2050 2509 ﬁrmata

2157 2452 2285 2503 μασι
2325 2435 2434 2490 τοῦ
2487 2437 2790 2506 στόματος
2834 2437 3023 2492 αὐτοῦ
3077 2436 3248 2493 πᾶσα
3286 2437 3325 2505 ἠ
3353 2438 3613 2508 δύναμις
3639 2441 3751 2493 αἰ·-

455 2542 601 2597 ειιιιι,
625 2539 676 2584 et
711 2531 900 2598 spiritu
922 2530 1034 2584 oris
1056 2529 1170 2598 ejus
1201 2529 1369 2582 omnis
1397 2529 1562 2582 virtus
1590 2542 1773 2581 eorum
1804 2526 1848 2579 ⁸.
1879 2526 2047 2597 Atqui

455 2621 622 2676 etiam
661 2631 972 2675 creaturam
1019 2619 1272 2674 conﬁteri
1325 2633 1428 2674 nos
1474 2624 1726 2688 oportet,
1771 2617 2048 2688 inquiunt,

457 2711 900 2782 quandoquidem
937 2710 1224 2781 Scriptura
1263 2718 1534 2764 creatura:
1575 2723 1798 2773 nomen,
1828 2707 2051 2764 itidem-

459 2817 568 2872 que
613 2801 759 2856 l‘etus
803 2816 902 2872 per
951 2809 1170 2871 tropum
1202 2814 1268 2854 ac
1319 2799 1698 2870 metaphoram
1743 2797 2049 2867 usurpavit.

459 2893 644 2961 Quare
673 2893 777 2948 etsi
808 2893 973 2948 fetum
1019 2892 1381 2963 appellemus,
1425 2906 1532 2946 non
1567 2890 1760 2946 eadem
1793 2890 1917 2960 ejus
1945 2897 2052 2957 est,

461 3001 528 3041 ac
555 2993 880 3040 czeterorum
925 2983 1134 3038 fetuum
1195 2983 1356 3038 ratio.
1391 2969 1559 3053 758
1602 2979 1876 3048 Quocirca
1921 2980 2055 3037 dtnn

463 3078 608 3133 fetus
631 3078 954 3132 vocabulum
989 3077 1072 3132 sic
1107 3086 1413 3147 usurpant,
1443 3060 1632 3132 verum
1658 3083 1718 3130 ut
1738 3089 1861 3130 esse
1884 3073 2055 3128 fetum

2147 2525 2289 2583 τῶν.
2338 2526 2522 2592 Ἀλλὰ,
2581 2527 2738 2597 φασὶ,
2797 2525 2878 2580 δεῖ
2925 2527 3212 2598 ὁμολογεῖν
3253 2529 3351 2583 καὶ
3402 2528 3465 2582 τὸ
3511 2529 3750 2602 κτίσμω

2149 2618 2339 2691 ἐπειδὴ
2367 2614 2520 2672 εἷπεν
2555 2620 2588 2690 ὴ
2636 2617 2850 2691 Γραφὴ,
2899 2620 3308 2694 τροπικὼτερον
3348 2620 3645 2692 λεγόμενον
3689 2622 3757 2675 τὸ

2151 2711 2380 2782 κτίσμα,
2431 2711 2526 2764 καὶ
2567 2711 2849 2782 τροπικῶς
2887 2711 3179 2784 λεγόμενον
3229 2713 3291 2767 τὸ
3323 2715 3595 2786 γέννημα.
3635 2714 3759 2768 Κάν

2149 2819 2211 2856 τε
2239 2801 2349 2874 γὰρ
2381 2801 2627 2875 εἴπωμεν
2656 2803 2926 2875 γέννημα,
2970 2806 3070 2876 οὐχ
3127 2804 3204 2870 ὡς
3243 2805 3302 2860 ἓν
3329 2806 3441 2860 τῶν
3480 2808 3761 2879 γεννημά·

2151 2912 2262 2949 των
2294 2893 2547 2967 ἐροῦμεν.
2594 2897 2738 2966 Ἀρα
2787 2891 2882 2950 οὖν
2921 2897 2982 2950 ἐν
3033 2891 3078 2966 ᾧ
3133 2898 3320 2969 ἐροῦσι
3366 2899 3428 2953 τὸ
3483 2899 3760 2973 γέννημα,

2154 2987 2250 3041 καὶ
2289 2987 2390 3041 οὑκ
2437 2988 2690 3060 ἀληθινὸν
2734 2989 2796 3044 τὸ
2844 2988 3113 3062 γέννημα,
3164 2992 3293 3056 τοὺς
3331 2993 3762 3066 ἀκεραιοτέρους

2156 3081 2433 3137 ἀπατῶσι.
2485 3081 2594 3135 Καὶ
2643 3080 2706 3136 τὸ
2757 3083 2968 3156 κτίσμα
3011 3084 3070 3138 δὲ
3114 3085 3516 3158 ὁμολογοῦμεν,
3571 3089 3757 3158 φασίν.

464 3171 560 3228 Dei
590 3171 788 3226 Filium
808 3178 1029 3242 negent,
1054 3168 1487 3240 simplicioribus
1511 3156 2053 3222 illudunt.'Pra:terea

2175 3174 2392 3247 Ἐπειδὴ
2418 3174 2525 3248 γὰρ
2553 3176 2647 3230 καὶ
2678 3176 2821 3249 θύρα
2847 3177 3109 3250 κέκληται
3199 3156 3455 3251 Χριστος,
3491 3156 3594 3237 καὶῗ
3617 3183 3760 3252 ὁδὸς,

461 3263 628 3318 etiam
656 3268 990 3325 creaturam,
1015 3259 1292 3329 inquiunt,
1316 3273 1440 3314 esse
1468 3259 1814 3314 conﬁtemur.
1839 3255 2056 3312 Etenim

459 3355 719 3410 Christus
763 3353 933 3423 janua
981 3353 1210 3415 dicitur,
1251 3360 1308 3407 et
1353 3351 1477 3415 via,
1514 3351 1810 3418 columna,
1861 3351 2056 3415 nubes,

464 3453 643 3518 petra,
673 3445 814 3511 ovis,
847 3459 1043 3516 agnus.
1105 3443 1320 3510 haedus,
1365 3442 1595 3508 vitulus,
1631 3441 1737 3504 leo,
1779 3441 1925 3504 fons,
1970 3455 2062 3496 sa-

465 3534 693 3606 pientia,
734 3532 996 3598 Verbum,
1042 3529 1240 3598 Filius,
1273 3533 1526 3608 angelus,
1559 3531 1841 3597 Christus,
1877 3531 2064 3587 Salva-

464 3635 573 3690 tor,
611 3625 900 3689 Dominus,
932 3625 1127 3689 homo,
1158 3623 1334 3680 Filius
1359 3624 1601 3678 hominis
1620 3665 1636 3688 ,
1661 3624 1801 3694 lapis
1830 3625 2060 3695 angula-

465 3719 568 3782 ris,
601 3719 705 3783 sol,
727 3717 1012 3788 propheta,
1047 3717 1226 3787 panis,
1255 3731 1374 3782 rex,
1404 3717 1767 3782 architectus,
1799 3719 2060 3789 agricola,

467 3816 681 3879 pastor,
712 3806 866 3873 vitis,
889 3814 945 3861 et
975 3806 1027 3860 id
1057 3820 1230 3876 genus
1258 3806 1386 3860 alia.
1417 3805 1495 3860 Ita
1523 3813 1580 3862 et
1612 3814 1947 3872 creaturam,
1983 3809 2066 3861 in-

468 3899 686 3970 quiunt,
725 3898 901 3953 abusu
931 3898 1168 3968 quodam
1200 3897 1446 3952 nominis
1487 3896 1830 3968 appellamus
1858 3915 1873 3966 ;
1902 3898 2065 3970 idque

469 3990 630 4047 nobis
665 3989 892 4044 omnino
919 3987 1204 4045 fatendum
1245 3995 1351 4045 est.

542 4080 762 4138 XXXV.
814 4083 999 4154 Apage
1044 4081 1369 4138 sceleratam
1425 4080 1573 4137 illam
1636 4083 1952 4152 Opinionem
2011 4094 2067 4140 et

471 4176 766 4242 callidam;
799 4190 900 4230 nec
929 4175 1211 4246 permittat
1235 4190 1476 4246 unquam
1513 4175 1800 4242 Dominus,
1836 4178 1980 4234 ullus
2007 4186 2068 4233 ut

470 4285 540 4324 cx
581 4269 828 4324 veritatis
877 4268 1004 4322 ﬁliis
1046 4267 1318 4337 ejusmodi
1363 4268 1715 4324 cavillatione
1762 4273 2070 4326 circumve-

473 4362 659 4418 niatur
685 4380 699 4430 ;
725 4370 887 4431 atque
931 4360 998 4417 iis
1027 4361 1332 4418 rationibus
1371 4361 1632 4420 inductus
1668 4377 1936 4422 creatura:
1964 4383 2067 4423 no-

474 4470 599 4510 men
629 4454 697 4509 ad
733 4453 826 4509 Dei
859 4453 1056 4509 Filium
1090 4457 1495 4511 accommodari
1522 4474 1688 4530 posse
1713 4461 1816 4515 sibi
1843 4477 2070 4532 persua-

2159 3265 2254 3320 καὶ
2287 3265 2498 3332 στύλος,
2529 3267 2624 3321 καὶ
2651 3268 2876 3340 νεφέλη,
2922 3270 3019 3323 καὶ
3062 3269 3259 3343 πέτρα,
3292 3273 3386 3326 καὶ
3420 3273 3632 3345 ἀρνίον,
3665 3276 3764 3329 καὶ

2160 3355 2352 3426 ἀμνὸς,
2383 3357 2478 3412 καὶ
2515 3357 2774 3431 χίμαρος,
2807 3361 2903 3414 καὶ
2937 3361 3158 3433 μόσχος,
3189 3363 3285 3419 καὶ
3326 3363 3485 3430 λέων,
3525 3367 3622 3420 καὶ
3657 3385 3767 3440 πη-

2159 3447 2254 3518 γὴ,
2281 3447 2376 3500 καὶ
2401 3448 2582 3516 copia,
2614 3451 2709 3503 καὶ
2735 3450 2929 3520 Λόγος,
2963 3452 3060 3506 καί
3082 3452 3232 3521 Υἰὸς,
3255 3456 3353 3510 καὶ
3385 3457 3638 3527 ἄγγελος,
3668 3463 3766 3515 καὶ

2161 3539 2417 3610 Χριστὸς,
2455 3542 2550 3594 καὶ
2583 3541 2798 3615 Σωτὴρ,
2830 3543 2924 3596 καὶ
2955 3543 3177 3616 Κύριος,
3206 3547 3300 3601 καὶ
3331 3546 3640 3621 ἄνθρωπος,
3671 3552 3767 3605 καὶ

2164 3632 2292 3697 Υἱὸς
2326 3631 2640 3705 ἀνθρώπου,
2685 3635 2780 3689 καὶ
2811 3635 2960 3700 λίθος
2991 3637 3412 3712 ἀκρογωνιαὼς,
3457 3643 3550 3696 καὶ
3589 3643 3764 3715 ἥλιος,

2164 3725 2261 3780 καὶ
2298 3726 2606 3798 προφήτης,
2657 3727 2752 3782 καὶ
2789 3728 2977 3800 ἀρτος,
3031 3730 3128 3785 καὶ
3175 3731 3452 3803 βασιλεὺς,
3500 3736 3594 3790 καὶ
3621 3738 3767 3790 οἰκο-

2164 3816 2346 3888 δόμος,
2384 3818 2479 3873 καὶ
2509 3819 2776 3890 γεωργὸς,
2825 3821 2922 3875 καὶ
2967 3823 3196 3895 ποιμὴν,
3232 3825 3327 3879 καὶ
3371 3825 3636 3897 ἄμπελος,
3673 3829 3769 3882 καί

2165 3909 2268 3962 ὅσα
2313 3909 2560 3965 τοιαῦτα.
2611 3910 2788 3975 Οὕτω,
2832 3912 2989 3982 φασὶ,
3039 3914 3134 3967 καὶ
3157 3914 3220 3970 τὸ
3266 3917 3472 3988 κτίσμα
3511 3917 3768 3991 λεγομεν,

2166 4001 2654 4074 καταχρηστικῶς
2691 4001 2774 4056 δεῖ
2800 4003 2911 4076 γὰρ
2933 4004 3082 4076 ἡμᾶς
3109 4005 3411 4078 ὁμολογεῖν.

2236 4091 2360 4152 AE'.
2397 4093 2570 4164 Φεῦγε
2604 4094 2706 4166 τῆς
2747 4095 3006 4169 τοιαύτης
3034 4099 3214 4171 κακῆς
3243 4101 3499 4167 ὑπονοίας
3537 4104 3633 4158 καὶ
3666 4123 3770 4160 πα-

2167 4187 2447 4258 νουργίας.
2485 4187 2578 4259 Μὴ
2615 4187 2728 4260 δῴη
2778 4188 2986 4261 Κύριός
3040 4209 3146 4246 τινι
3191 4192 3303 4248 τῶν
3359 4195 3460 4266 τῆς
3510 4196 3770 4268 ἀληθείας

2169 4279 2301 4334 υἰῶν
2333 4279 2645 4351 ὑπαχθῆναι
2673 4284 2738 4354 τῇ
2781 4283 3005 4356 τοιαύτῃ
3036 4287 3309 4360 εἰρωνείᾳ,
3345 4289 3432 4342 ἰνα
3466 4291 3506 4322 ¹¹
3539 4290 3630 4345 διὰ
3662 4292 3771 4347 τῶν

2171 4370 2432 4426 τοιούτων
2467 4371 2781 4428 ὑποθέσεων
2815 4374 2911 4427 καὶ
2941 4375 3002 4428 τὸ
3025 4375 3119 4430 τοῦ
3153 4379 3455 4449 κτίσματος
3483 4380 3658 4453 ὄνομα
3689 4385 3772 4447 εἰς

2169 4464 2261 4519 τὸν
2291 4463 2419 4518 Υἰὸν
2451 4464 2545 4519 τοῦ
2571 4463 2708 4518 Θεοῦ
2729 4465 3110 4540 εἰσδεξάμενον
3140 4469 3450 4542 πεισθῆναι,
3478 4475 3572 4527 καὶ
3597 4473 3774 4538 οὑτως

473 4544 623 4613 deat,
665 4553 830 4615 atque
857 4546 929 4600 ita
957 4545 1301 4616 proﬁteatur.
1340 4545 1550 4602 Etenim
1586 4549 1753 4620 hujus
1785 4553 1944 4608 nobis
1971 4569 2053 4625 ap-

2171 4543 2483 4626 ὁμολογεῖνο
2515 4557 2757 4612 δότωσαν
2783 4558 2892 4631 γὰρ
2927 4561 3060 4632 ἡμῖν
3092 4560 3284 4616 τούτου
3311 4564 3412 4636 τὴν
3437 4567 3652 4636 χρῆσιν,
3680 4569 3774 4620 καὶ

476 4637 786 4710 pellationis
817 4654 1000 4702 usum,
1031 4650 1195 4710 atque
1217 4642 1518 4711 explicatas
1547 4643 1789 4701 rationes
1814 4646 2065 4702 aﬂ‘erant.

353 4789 358 4793 ι
475 4723 611 4779 Nam
647 4725 740 4779 illa
788 4727 1007 4796 quidem
1054 4728 1237 4782 omnia
1279 4745 1378 4800 per
1415 4733 1760 4789 catachresin
1799 4751 2070 4807 usurpan-

477 4833 589 4891 tur,
639 4840 816 4894 neque
853 4822 974 4878 Filii
1026 4825 1369 4882 divinitatem
1431 4829 1722 4900 impetunt,
1769 4839 1863 4887 aut
1921 4834 2069 4892 illius

474 4918 775 4974 essentiam
812 4933 842 4971 a
873 4926 1098 4988 paterna
1128 4919 1238 4974 ulla
1264 4937 1330 4976 ex
1356 4929 1512 4992 parte
1545 4923 1780 4979 deﬁcere
1807 4934 2066 4997 arguunt.

479 5008 608 5065 Sive
641 5008 850 5080 janua‘
883 5021 1106 5068 vocetur
1154 5031 1167 5074 ;
1210 5015 1468 5083 quoniam
1515 5031 1613 5085 per
1657 5017 1808 5072 illum
1844 5020 2077 5091 ingredi-

477 5116 635 5168 mur;
688 5101 803 5158 sive
844 5102 932 5158 via
963 5103 1004 5170 ⁷,
1031 5106 1291 5176 quoniam
1326 5122 1423 5176 per
1459 5107 1640 5178 ipsum
1683 5109 2070 5179 ambulamus;

479 5193 596 5249 sive
632 5194 912 5261 columna,
953 5199 1095 5266 quod
1131 5200 1377 5255 veritatis
1407 5191 1809 5256 ﬁrmamentum
1843 5205 1934 5259 ille
1965 5206 2069 5272 sit;

483 5287 598 5344 sive
631 5288 836 5352 nubes,
883 5291 1028 5359 quod
1068 5293 1352 5347 lsraelitas
1382 5295 1680 5362 protexerit
1708 5295 1761 5360 ﬁ;
1795 5297 1910 5352 sive
1963 5299 2072 5354 alio

485 5383 648 5437 modo
678 5383 957 5448 columna,
989 5396 1208 5456 prepter
1242 5387 1383 5456 ignis
1412 5387 1558 5442 illius
1584 5388 1957 5458 splendorem,
1978 5395 2071 5463 qui

483 5490 580 5544 per
613 5477 963 5531 solitudinem
1013 5479 1270 5543 illuxit’;
1312 5479 1429 5534 sive
1473 5496 1673 5535 manna
1702 5483 1768 5547 ¹⁰,
1813 5487 2071 5552 quoniam

482 5568 761 5625 caelestem
799 5571 950 5625 illum
979 5586 1172 5641 panem
1207 5581 1571 5643 negaverant;
1600 5575 1714 5630 sive
1750 5577 1927 5646 panis,
1948 5579 2076 5649 quia

561 5823 578 5895 _'
621 5821 757 5876 Gen.
787 5839 873 5886 ιιι,
907 5824 929 5877 -l
961 5840 1081 5895 sqq.

445 5957 458 5969 .
486 5891 509 5925 '
540 5891 704 5950 Joan.
739 5895 925 5964 xrv,6.

1161 5825 1180 5854 ’
1209 5823 1371 5879 Juan.
1408 5841 1497 5886 xv,
1532 5822 1622 5878 26.
1705 5825 1725 5857 ³
1749 5823 1910 5879 Joan.
1940 5841 2054 5884 xvr.
2082 5824 2169 5887 Μ,
2203 5822 2288 5878 15.

1039 5890 1062 5928 ⁸
1097 5895 1269 5952 Exod.
1301 5911 1420 5965 stu,
1447 5897 1540 5967 ‘21,
1562 5895 1652 5951 22.
1732 5898 1752 5929 ’
1777 5895 1948 5952 Exod.
1980 5913 2053 5957 ιιι

2162 5896 2216 5952 9.
2296 5893 2340 5926 ίο
2374 5890 2545 5946 Exod.
2580 5892 2805 5961 “1,15.
2885 5893 2926 5926 ¹¹
2961 5891 3069 5951 Pro
3103 5894 3191 5949 ἵνα
3230 5895 3334 5962 leg.
3367 5895 3483 5953 καί.

2175 4647 2274 4719 τὴν
2304 4647 2412 4702 τῶν
2453 4647 2732 4720 λογισμῶν
2764 4649 3044 4706 ἀπόδοσιν.
3081 4655 3267 4708 Πάντα
3297 4655 3407 4728 γὰρ
3448 4659 3633 4710 ἐκεῖνα
3676 4676 3775 4713 κα-

2174 4740 2560 4811 ταχρηστικῶς
2588 4742 2822 4814 εἴρηται,
2856 4743 3010 4797 οὐδὲν
3035 4746 3116 4810 εἰς
3141 4745 3240 4819 τὴν
3267 4747 3499 4821 θεότητα
3524 4749 3619 4804 τοῦ
3645 4751 3774 4806 Υἱοῦ

2178 4832 2574 4902 ἐνσκήπτοντα,
2610 4833 2735 4888 οὑτε
2779 4835 2973 4906 ἐλλιπῆ
3009 4837 3309 4910 ποιούμενα
3358 4841 3496 4910 πρὸς
3535 4843 3627 4896 τὸν
3661 4844 3776 4896 Παο

2175 4925 2311 4999 τέρα
2339 4927 2442 4999 τῆς
2487 4927 2652 4982 αὑτοῦ
2698 4930 3031 5002 οὑσιότητος.
3080 4934 3199 4988 Κάν
3239 4952 3298 4988 τε
3348 4936 3487 5009 θύρα
3533 4937 3774 5010 λεχθείη,

2174 5017 2362 5090 ἐπειδὴ
2393 5019 2462 5072 δι’
2495 5019 2658 5074 αὑτοῦ
2688 5022 3078 5095 εἰσερχόμεθα·
3113 5027 3213 5081 κᾶν
3244 5045 3305 5083 τε
3329 5029 3468 5095 ὁδὸς,
3500 5032 3688 5103 ἐπειδὴ
3711 5032 3777 5086 δι’

2174 5107 2341 5162 αὑτοῦ
2383 5107 2694 5180 βαδίζομεν,
2729 5111 2832 5166 κᾶν
2871 5131 2930 5166 τε
2979 5113 3193 5181 στύλος,
3222 5119 3412 5190 ἐπειδὴ
3441 5121 3604 5186 αὐτός
3629 5124 3777 5177 ἐστιν

2175 5201 2460 5273 ἑδραίωμα
2492 5203 2591 5274 τῆς
2616 5203 2902 5275 ἀληθείας·
2937 5205 3038 5260 κάν
3062 5225 3120 5260 τε
3150 5209 3369 5281 νεφέλη,
3397 5213 3586 5285 ἐπειδὴ
3619 5216 3775 5270 ἐσκέ-

2177 5309 2321 5346 πασε
2370 5294 2498 5357 τοὺς
2529 5295 2679 5358 υἱοὺς
2723 5296 2968 5367 Ἰσραήλ’
3007 5297 3108 5352 κάν
3146 5317 3206 5353 τε
3241 5301 3432 5366 στύλος
3461 5303 3550 5357 διὰ
3579 5305 3639 5358 τὸ
3672 5324 3775 5375 φωρ

2179 5385 2354 5440 τεινὸν
2394 5385 2488 5439 τοῦ
2521 5386 2712 5456 πυρὸς,
2746 5387 2774 5440 ὃ
2821 5388 3088 5457 ἐφώτισεν
3127 5393 3186 5446 ἐν
3214 5396 3280 5464 τῇ
3319 5396 3512 5467 ἐρήμῳ
3534 5412 3548 5427 ⁸
3595 5396 3698 5450 κᾶν
3725 5415 3777 5450 τε

2185 5479 2380 5549 μάννα,
2417 5479 2604 5549 ἐπειδὴ
2653 5479 2965 5550 ἠρνήσαντο
3012 5483 3176 5538 αὑτὸν
3210 5485 3375 5558 ἄρτον
3421 5489 3777 5560 ἐπουράνιονο

2184 5572 2286 5627 κᾶν
2315 5588 2375 5624 τε
2407 5570 2593 5642 ἄρτος,
2620 5572 2901 5644 ἐπειδὴ“δι’
2930 5575 3093 5630 αὑτοῦ
3124 5579 3650 5653 ἰσχυροποιούμεθα·
3686 5584 3778 5637 κᾶν

2366 5819 2570 5892 idean.
2599 5820 2752 5882 ι,16.
2831 5823 2853 5853 ⁸
2883 5820 3030 5878 Psal.
3057 5839 3230 5890 χχχιι,
3261 5826 3316 5879 (ι.
3395 5827 3416 5857 ⁶
3445 5825 3604 5882 Joau.
3635 5841 3691 5892 ι,
3722 5825 3776 5882 9-
