3994 6462
360 377 482 438 257
1123 383 1496 444 ADVERSUS
1532 386 1877 446 HIERESES
1912 389 2042 450 LIB.
2071 392 2137 450 ll.
2160 392 2328 451 TOM.
2369 395 2432 452 ll.
2452 428 2520 440 —
2546 398 2819 460 llEl‘tES.
2859 403 3046 462 LXIX.
3543 413 3650 470 εδει

362 511 430 550 τε
465 494 715 564 ἄγγελος,
755 494 945 569 ἐπειδὴ
977 496 1221 570 μεγάλης
1265 500 1462 573 βουλῆς
1492 501 1740 572 ἀγγελος.
1787 503 1936 576 Ὀμώ

2066 523 2166 564 nos
2196 508 2486 565 confirmat
2517 524 2582 567 ac
2615 515 2841 570 roborat
2869 517 2923 583 ';
2956 517 3072 573 sive
3115 519 3361 590 angelus,
3392 521 3646 592 quoniam

358 606 543 660 νυμον
567 588 673 660 γάρ
705 590 829 644 ἐστι
860 590 921 645 τὺ
952 589 1047 644 τοῦ
1076 591 1311 660 ἀγγέλου
1338 592 1529 680 ὄνομα.
1577 594 1825 661 Ἐδέξατο
1851 596 1946 669 γὰρ

2065 592 2250 671 magni
2281 602 2495 657 consilii
2529 605 2755 676 angelus
2787 614 2871 661 est
2906 607 2949 661 ⁸.
2992 605 3088 663 Est
3126 588 3271 664 enim
3319 588 3495 680 angeli
3547 627 3647 667 vox

359 677 401 748 ἡ
450 677 619 734 Ῥαὰϐ
655 678 782 742 τοὺς
826 679 1091 749 ἀγγέλους
1116 697 1131 711 ·
1158 680 1251 735 καὶ
1303 683 1405 736 οὐκ
1454 678 1596 755 ἦσαν
1655 684 1878 754 ἄγγελοι
1909 689 1946 739 oi

2064 685 2413 760 homonyma.
2445 689 2659 763 Quippe
2687 692 2881 749 Bahah
2923 697 3143 766 angelos
3182 677 3465 768 excepisse
3511 699 3649 754 dici-

324 852 325 855 ,
354 768 793 840 ἀπεσταλμένοι,
828 770 944 825 ἀλλ’
971 771 1004 844 ἢ
1039 772 1088 826 οἱ
1133 773 1559 844 ἀναγγείλαντες
1587 778 1716 849 περὶ
1741 776 1839 831 τοῦ
1870 779 1946 833 τό·

2063 784 2152 833 tur
2180 779 2225 833 ³.
2260 779 2447 852 Neque
2481 790 2663 839 tamen
2699 785 2874 855 angeli
2902 795 3059 840 erant
3081 788 3173 857 qui
3209 789 3361 843 missi
3394 789 3649 853 fuerunt;

297 863 320 873 '
367 877 494 916 που.
540 861 696 915 Οὕτω
738 862 834 915 καὶ
873 865 902 918 6
936 866 1266 937 Μονογενὴς,
1333 867 1521 939 ἐπειδὴ
1565 869 1859 941 ἀνήγγειλε
1896 871 1946 926 τί

2062 870 2157 926 sed
2196 873 2401 939 nuntii,
2435 874 2531 945 qui
2553 875 2622 930 de
2657 877 2898 947 regionis
2935 885 3133 932 natura
3164 880 3299 934 certi
3326 880 3533 950 aliquid
3562 895 3649 936 re.

361 952 581 1024 θέλημα
609 954 703 1008 τοῦ
735 955 948 1029 Πατρὸς
976 960 1088 1022 τοῖς
1120 958 1450 1031 ἀνθρώποις,
1490 963 1733 1034 μεγάλης
1761 962 1959 1037 βουλῆς

364 1046 615 1115 ἄγγελος,
645 1048 702 1100 ὲν
728 1046 809 1118 τῷ
843 1047 1032 1121 κόσμῳ
1058 1049 1410 1119 ἀναγγέλλων
1434 1052 1536 1124 τὴν
1564 1053 1807 1127 μεγάλην
1830 1054 1957 1125 βου-

366 1136 483 1209 λήν.
513 1136 616 1191 Καὶ
642 1137 810 1203 λίθος,
846 1140 947 1194 οὐκ
989 1141 1315 1214 ἀναίσθητος
1351 1145 1380 1197 6
1408 1144 1575 1211 λίθος,
1615 1145 1751 1200 ἀλλὰ
1784 1164 1956 1201 κατα-

362 1224 697 1294 χρηστικῶς,
730 1226 818 1280 διὰ
853 1227 916 1282 τὸ
955 1229 1288 1302 πρόσκομμα
1332 1233 1614 1302 γεγονέναι
1658 1234 1953 1303 Ἰουδαίοις,

358 1316 498 1387 ἡμῖν
537 1314 595 1369 δὲ
632 1315 878 1387 θεμέλιον
907 1321 1200 1393 σωτηρίας.
1225 1322 1335 1376 Καὶ
1364 1324 1758 1396 ἀκρογωνιαῖπ
1785 1326 1953 1393 λίθος,

356 1405 453 1460 διὰ
473 1406 534 1460 τὸ
555 1408 872 1478 ὲπισφίγξαι
900 1412 1146 1467 Παλαιὰν
1176 1416 1270 1469 καὶ
1294 1415 1440 1470 Νέαν
1469 1417 1769 1491 Διαθήκην,
1796 1437 1956 1493 περι-

354 1497 541 1567 τομήν
567 1514 624 1550 τε
672 1498 765 1552 καὶ
798 1500 1168 1571 ἀκροϐυστίαν
1211 1505 1291 1570 είς
1343 1506 1472 1578 μίαν
1503 1508 1720 1565 ἕνωσιν.
1758 1511 1955 1583 Ἀμνδς

356 1587 442 1654 δὲ,
467 1589 555 1643 διά
581 1589 642 1643 τὺ
668 1591 895 1658 ἄκακον,
926 1593 1017 1647 καὶ
1045 1595 1107 1648 τὸ
1135 1595 1203 1650 δι’
1233 1598 1396 1652 αὐτοῦ
1428 1600 1527 1672 τὴν
1549 1602 1822 1674 ἁμαρτίαν
1845 1604 1955 1658 ἀπὸ

356 1680 472 1733 τῶν
523 1681 826 1753 ἀνθρώπιον
873 1687 1190 1756 ἠφανίσθαι,
1230 1692 1289 1744 ὲν
1332 1690 1411 1763 τῷ
1453 1693 1618 1747 αὐτὸν
1664 1694 1744 1766 τῷ
1778 1696 1991 1768 ΠατρΓ

355 1775 799 1846 προσενηνέχθαι
824 1778 1094 1848 πρόϐατον
1135 1781 1215 1844 είς
1263 1785 1510 1855 σφαγήν
1556 1785 1744 1857 ἐπειδὴ
1788 1783 1953 1858 ἦλθεν

2059 965 2320 1020 tulerunt.
2345 965 2466 1033 Qua
2489 967 2680 1024 eadem
2714 970 2928 1026 ratione
2958 969 3052 1026 Dei
3086 969 3256 1026 Filius
3282 987 3382 1043 pro
3409 988 3476 1027 eo
3500 974 3646 1042 quod

2058 1051 2239 1110 Patris
2272 1058 2608 1115 voluntatem
2636 1062 2907 1116 nuntiavit
2929 1063 3263 1129 hominibus,
3298 1063 3483 1135 magni
3505 1078 3645 1117 con-

2059 1149 2165 1205 silii
2200 1151 2439 1222 Angelus
2482 1154 2705 1220 dicitur,
2755 1155 2849 1226 qui
2888 1170 3144 1227 magnum
3190 1156 3323 1210 illud
3354 1157 3645 1211 consilium

2058 1241 2266 1297 mundo
2313 1243 2670 1314 signiﬁcavit.
2720 1246 2841 1302 1am
2883 1262 3007 1303 cum
3052 1248 3192 1318 lapis
3235 1248 3494 1315 dicitur‘,
3536 1263 3646 1303 non

2057 1349 2256 1390 sensus
2284 1351 2482 1408 expers
2525 1339 2665 1410 lapis
2713 1339 2915 1410 aliquis
2965 1340 3356 1411 intelligendus
3397 1347 3503 1405 est,
3551 1340 3647 1398 sed

2060 1439 2160 1495 per
2203 1430 2550 1485 catachresin
2599 1437 2915 1501 usurpatur,
2949 1445 3015 1487 eo
3048 1432 3196 1502 quod
3239 1429 3442 1486 Judaeis
3477 1431 3648 1487 offen-

2058 1517 2201 1574 sioni
2244 1519 2405 1576 fuerit
2433 1540 2447 1575 :
2490 1521 2653 1579 nobis
2685 1536 2815 1577 vero
2844 1522 3258 1578 fundamentum
3285 1523 3501 1579 salutis.
3535 1524 3647 1578 An-

2055 1610 2266 1680 gularis
2318 1626 2449 1667 vero
2484 1613 2624 1683 lapis
2651 1613 2695 1679 ',
2728 1613 2937 1669 idcirco
2965 1614 3110 1685 quod
3140 1613 3309 1670 Vetus
3337 1630 3400 1669 ac
3431 1614 3644 1669 Novum

2056 1700 2492 1768 Testamentum,
2544 1705 3023 1760 circumcisionem
3087 1719 3151 1760 ac
3208 1708 3534 1776 praeputium
3588 1702 3689 1763 in'

2055 1806 2225 1846 unum
2254 1796 2594 1850 consociarit
2632 1810 2697 1850 ac
2738 1795 3065 1852 devinxerit.
3091 1797 3318 1868 Agnus“
3343 1801 3472 1853 item
3516 1811 3644 1869 pro-

359 1865 505 1939 ῠπὲρ
549 1868 709 1941 ήμῶν
754 1869 948 1925 παθεῖν
980 1874 1009 1927 6
1041 1872 1281 1946 ἀπαθὴς,
1312 1850 1408 1929 ῖνα
1435 1850 1616 1947 ’ἡμεῖς
1665 1850 1946 1951 σωθῶμεν.

2055 1892 2179 1955 pter
2206 1885 2575 1941 innocentiam
2611 1904 2626 1942 :
2671 1894 2788 1941 tum
2833 1885 2980 1957 quod
3014 1850 3296 1942 hominum
3330 1850 3643 1959 scelusrper

357 1960 474 2014 Καὶ
499 1959 556 2014 εί
577 1961 631 2016 τί
673 1963 822 2017 ἐστιν
857 1964 1045 2038 ἕτερον
1075 1969 1195 2031 ταῖς
1227 1968 1418 2032 αὐταῖς
1448 1970 1680 2041 κρήσεσι
1707 1971 1953 2044 συμϐαλ-

355 2049 589 2120 λόμενον
639 2054 722 2118 είς
771 2057 1047 2127 σωτηρίαν
1085 2057 1219 2112 υἱῶν
1248 2058 1358 2115 τῶν
1406 2059 1733 2132 ἀνθρώπων,
1782 2080 1953 2118 κατα-

355 2145 676 2217 χρηστικῶς
700 2147 809 2202 άπδ
834 2148 936 2218 τῆς
959 2148 1109 2215 θείας
1135 2149 1358 2224 Γραφῆς
1389 2153 1471 2218 είς
1494 2153 1658 2209 αὐτὸν
1681 2154 1954 2229 ἀναφέρε-

358 2254 477 2290 ται.

2055 1977 2236 2047 ipsum
2289 1976 2456 2049 759
2502 1978 2723 2047 penitus
2761 1978 3094 2034 exstinctum
3142 1979 3336 2047 fuerit,
3373 1990 3496 2035 eum
3526 1981 3647 2036 ovis

2052 2070 2232 2125 instar
2251 2069 2530 2140 iugulatus
2560 2084 2625 2125 ac
2648 2069 2797 2125 Patri
2820 2072 3038 2129 oblatus
3059 2082 3178 2140 est;
3202 2074 3646 2146 quandoquidem

2054 2169 2114 2215 ut
2142 2169 2241 2231 pro
2280 2161 2439 2217 nobis
2470 2171 2775 2231 pateretur,
2797 2163 2847 2218 is
2878 2162 2973 2232 qui
3005 2163 3145 2218 nihil
3168 2165 3282 2234 pati
3306 2174 3519 2237 poterat
3545 2165 3639 2219 ad-

2050 2251 2223 2316 venit,
2259 2258 2321 2306 ut
2349 2266 2453 2308 nos
2478 2253 2616 2308 salvi
2648 2269 2770 2311 esse
2798 2268 3110 2324 possemus.
3137 2253 3218 2310 Ac
3247 2255 3295 2310 si
3329 2254 3462 2325 quid
3488 2254 3641 2310 aliud

356 2334 453 2381 est
496 2328 642 2399 quod
672 2328 863 2385 eodem
905 2347 1010 2388 usu
1038 2331 1107 2390 ad
1137 2333 1372 2391 salutem
1408 2335 1695 2393 hominum
1724 2340 2132 2397 accommodari
2173 2343 2379 2414 possit,
2438 2357 2534 2414 per
2570 2344 2921 2400 catachresin
2959 2344 3019 2400 in
3064 2344 3239 2400 sacris
3295 2342 3520 2400 Litteris
3575 2342 3644 2399 ad

358 2422 517 2479 illum
552 2422 900 2482 transfertur.

430 2535 573 2604 Λςν.
591 2532 764 2592 Τίοῦν
789 2537 849 2592 τὸ
878 2538 1082 2613 κτίσμα
1103 2539 1469 2613 ὡφελήσειεν;
1498 2540 1532 2615 ἦ
1565 2542 1725 2597 ποίαν
1753 2544 1949 2617 χρῆσιν

354 2630 597 2682 ποιεῖται
628 2628 763 2700 πρὸς
791 2630 889 2703 τὴν
912 2630 1070 2702 ⁴ἡμῶν
1101 2634 1395 2706 σωτηρίαν,
1431 2635 1526 2689 καὶ⁸
1560 2636 1698 2709 πρὸς
1723 2637 1822 2710 τὴν
1850 2637 1947 2692 τοῦ

354 2716 498 2771 Θεοῦ
531 2718 707 2787 Λόγου
740 2719 1004 2791 ἒνσαρκον
1036 2720 1346 2791 δοξολογίαν
1388 2722 1485 2779 καὶ
1516 2722 1729 2780 τελείαν
1761 2725 1949 2798 θεότη-

352 2824 429 2861 τα
447 2823 463 2873 ;
490 2807 926 2881 Τίώφελεῖήμᾶς
945 2811 1006 2865 τὸ
1024 2810 1205 2881 λέγειν
1220 2812 1384 2868 αὑτὸν
1402 2814 1637 2888 κτίσμα;
1657 2816 1725 2870 Τί
1739 2818 1945 2891 κτίσμα

352 2901 482 2965 ταῖς
513 2900 756 2957 κτίσεσιν
783 2902 1112 2974 ὲργάζεται;
1147 2904 1201 2958 τί
1232 2905 1437 2977 κτίσμα
1476 2907 1678 2977 ὠφελεῖ
1706 2907 1806 2973 τὰς
1833 2908 1951 2963 κτί-

356 3004 508 3054 σεις;
544 2990 667 3056 Πῶς
707 2991 764 3046 δὲ
812 2992 1026 3049 ἔκτισεν
1069 2995 1098 3048 6
1137 2994 1271 3060 Θεὸς
1310 2995 1443 3053 Θεὸν
1468 2998 1550 3062 εἰς
1577 2999 1948 3073 προσκύνησιν

352 3081 554 3147 διδοὺς,
609 3083 772 3139 ὁπότε
827 3084 1012 3156 λέγει’
1071 3086 1170 3156 Μὴ
1220 3087 1485 3160 ποιήσῃς
1541 3091 1779 3159 σεαυτῷ
1812 3078 1950 3148 ¹πᾶν

2125 2538 2368 2597 XXXVI.
2418 2539 2629 2612 Ecquid
2681 2557 2812 2614 ergo
2862 2542 3130 2615 prodesse
3181 2543 3342 2599 nobis
3390 2551 3644 2601 creatura

2051 2634 2273 2705 posset?
2316 2641 2410 2688 aut
2456 2634 2588 2703 quid
2621 2634 2688 2689 ad
2727 2636 2961 2691 salutem
3006 2635 3288 2691 hominum
3323 2636 3639 2703 conferret.

2051 2722 2138 2779 vel
2160 2723 2227 2777 ad
2245 2722 2418 2777 divini
2438 2720 2601 2777 Verbi
2625 2725 2895 2779 incarnati
2915 2725 3166 2795 gloriam,
3190 2724 3642 2796 divinitatemquo

2053 2814 2396 2886 perfectam?
2423 2814 2586 2881 Quid,
2625 2815 2870 2886 inquam,
2898 2817 3059 2873 nobis
3091 2817 3377 2888 profuerit,
3404 2818 3450 2873 si
3481 2833 3641 2874 crea-

2054 2912 2238 2960 turam
2294 2905 2449 2960 illum
2495 2905 2834 2961 dixerimus?
2882 2904 3024 2972 Quid
3077 2915 3163 2962 est
3206 2906 3353 2977 quod
3390 2916 3640 2964 creatum

2056 2995 2264 3066 aliquid
2325 2996 2597 3051 creaturis
2644 2988 2938 3067 prodesse,
2992 3004 3088 3050 aut
3140 2996 3394 3052 utilitatis
3446 2996 3641 3053 afferre

2054 3087 2266 3157 possit?
2310 3086 2391 3141 Ad
2432 3088 2546 3141 haec
2579 3087 2854 3158 quomodo
2903 3086 3048 3143 Deus
3079 3086 3273 3162 ‘Deum
3321 3090 3548 3154 creavit,
3583 3094 3641 3145 et

354 3175 625 3245 ὁμοίωμα
663 3174 817 3245 μήτε
860 3177 960 3232 ἐπὶ
995 3176 1127 3249 τῆς,
1156 3179 1312 3250 μήτε
1357 3182 1427 3237 ἐν
1454 3183 1712 3252 οὐρανῷ,
1745 3184 1846 3239 καὶ
1864 3183 1946 3254 μὴ

2058 3177 2397 3234 adorandum
2438 3178 2722 3248 proposuit
2747 3216 2763 3240 ,
2794 3191 2918 3232 cum
2966 3178 3199 3248 ipsemet
3233 3177 3474 3233 dixerit:
3512 3177 3639 3234 Non

352 3264 812 3333 προσκυνήσεις
834 3266 995 3332 αὐτῷ
1011 3284 1031 3331 ;
1060 3267 1182 3332 Πῶς
1211 3264 1305 3324 οῦν
1338 3269 1553 3327 ἔκτισεν
1589 3271 1768 3343 ἑαυτῷ
1795 3271 1943 3339 Υίὸν,

352 3355 457 3408 καὶ
488 3355 712 3421 ἐπέταξε
738 3358 1195 3429 προσκυνεῖσθαι;
1233 3360 1467 3431 μάλιστα
1487 3361 1585 3418 τοῦ
1621 3346 1945 3419 ’Λποστόλου

352 3446 608 3514 λέγοντος
626 3465 639 3479 ·
690 3450 800 3503 Kal
852 3448 1229 3518 ἐλάτρευσαν
1274 3451 1351 3522 τῇ
1391 3453 1586 3509 κτίσει
1630 3455 1792 3524 παρὰ
1837 3453 1948 3509 τὸν

351 3540 668 3608 κτίσαντα,
700 3541 800 3596 καὶ
823 3541 1276 3612 ἐμωράνθησαν.
1308 3546 1508 3618 Μωρὸν
1545 3544 1653 3618 γὰρ
1677 3546 1737 3600 τὺ
1767 3546 1946 3601 κτίσιν

354 3629 649 3701 θεολογεῖν,
680 3632 892 3689 ἀθετεῖν
917 3632 975 3688 δὲ
1014 3635 1237 3709 πρώτην
1265 3636 1485 3708 ἐντολὴν
1508 3638 1607 3711 τὴν
1637 3638 1902 3707 λέγουσαν
1926 3653 1940 3667 ·

353 3724 579 3791 Κύριον
615 3723 722 3778 τὸν
759 3726 910 3781 Θεόν
949 3742 1066 3781 σου
1112 3729 1586 3798 προσκυνήσεις,
1634 3729 1735 3784 καὶ
1782 3727 1943 3795 αὐτῷ

345 3815 522 3884 μόνῳ
563 3817 936 3884 λατρεύσεις.
977 3816 1070 3870 Διὸ
1109 3818 1144 3889 ἡ
1180 3819 1311 3886 ἀγία
1338 3818 1433 3872 τοῦ
1470 3818 1606 3872 Θεοῦ
1647 3818 1943 3889 Ἐκκλησία

352 3903 422 3957 οὗ
450 3903 653 3975 κτίσμα
681 3909 1001 3976 προσκυνεῖ,
1020 3907 1157 3962 ἀλλὰ
1178 3909 1305 3962 Υἱὸν
1322 3910 1603 3981 γεννητὸν,
1635 3912 1857 3983 Πατέρα
1884 3912 1943 3966 ὲν

352 3994 495 4066 Υξῷ,
526 3995 653 4050 Υίὸν
679 3998 736 4051 έν
763 3999 958 4069 Πατρὶ,
989 4000 1086 4053 σὺν
1116 3999 1256 4071 ἁγίῳ
1299 4000 1594 4072 Πνεῦματι.
1642 4001 1802 4055 Ἀλλά
1833 4003 1941 4068 ναὶ,

353 4086 542 4157 φησίν.
586 4087 711 4142 Ἐὰν
740 4088 851 4160 γάρ
881 4091 956 4160 μὴ
1000 4091 1159 4156 εἴπω,
1192 4091 1276 4145 ὅτι
1309 4091 1534 4161 κτίσμα,
1565 4093 1748 4163 φησὶν,
1788 4093 1945 4147 ἐλάτ-

350 4193 523 4231 τωσιν
547 4178 840 4251 προσφέρω
861 4179 940 4251 τῷ
966 4182 1160 4252 Πατρί.
1190 4180 1264 4234 Τὸ
1285 4181 1392 4254 γὰρ
1420 4182 1635 4236 κτιστὸν
1661 4183 1760 4236 οὐκ
1789 4182 1944 4237 ἐλατ-

351 4272 444 4324 τοῖ
476 4270 566 4325 τὸν
616 4273 898 4328 κτίσαντα.
928 4273 1003 4327 Τὸ
1032 4275 1090 4328 δὲ
1122 4276 1522 4346 γεγεννημένον
1549 4276 1613 4329 ἐκ
1643 4275 1878 4345 φύσεως,
1907 4275 1941 4347 ἢ

355 4360 620 4433 συστολὴν
649 4361 960 4433 ἐργάζεται,
995 4364 1028 4435 ἢ
1063 4363 1402 4436 πλατυσμὺν,
1433 4363 1467 4436 ἦ
1505 4365 1750 4436 μείωσιν,
1779 4365 1811 4436 ἥ
1854 4382 1946 4418 το-

356 4450 489 4521 μὴν,
519 4451 553 4523 ἦ
583 4470 636 4506 τι
668 4453 779 4507 τῶν
806 4455 1064 4509 τοιούτων
1090 4454 1279 4510 παθῶν
1308 4456 1614 4527 προσάπτει
1639 4454 1717 4525 τῷ
1746 4471 1940 4524 γεγεν-

2048 3271 2216 3340 facies
2250 3270 2345 3323 tibi
2373 3268 2782 3323 similitudinem
2820 3269 2989 3322 ullam
3012 3308 3027 3333 ,
3059 3285 3224 3339 neque
3252 3269 3306 3322 in
3343 3279 3507 3332 terra,
3539 3286 3634 3324 rte-

2045 3378 2145 3433 qu
2168 3363 2223 3415 in
2254 3361 2416 3425 calo;
2438 3377 2602 3428 neque
2626 3359 2873 3414 adorabis
2897 3360 3051 3414 illam
3070 3364 3094 3396 '
3112 3360 3139 3413 ?
3159 3358 3445 3425 Quomodo
3470 3360 3638 3430 igitur

2046 3454 2150 3512 sibi
2198 3452 2394 3507 Filium
2425 3453 2667 3518 ereavit,
2719 3451 3048 3521 adorarique
3092 3451 3295 3520 jussit?
3320 3449 3633 3505 Praesertim

2044 3560 2169 3601 cum
2198 3528 2493 3616 Apostolus
2520 3543 2705 3598 dicat:
2739 3542 2805 3596 Et
2837 3544 3126 3596 servierunt
3171 3551 3429 3596 creatura:
3454 3543 3634 3610 potius

2049 3654 2211 3708 quam
2250 3636 2517 3701 Creatori,
2550 3644 2599 3689 el
2633 3634 2786 3689 stulti
2813 3634 2947 3704 facti
2974 3644 3097 3688 sunt
3125 3634 3169 3686 ⁸.
3202 3634 3441 3686 Stultum
3483 3632 3630 3687 enim

2043 3732 2131 3781 est
2163 3736 2431 3781 creatura:
2463 3725 2806 3780 divinitatem
2837 3723 3107 3787 tribuere,
3137 3737 3201 3777 ac
3231 3722 3465 3792 primum
3495 3721 3631 3790 legis

2041 3819 2247 3874 violare
2275 3819 2591 3873 mandatum
2621 3836 2634 3872 :
2667 3816 2955 3870 Dominum
2979 3814 3149 3869 Deum
3176 3823 3322 3869 tuum
3351 3813 3627 3873 adorabis.

2040 3919 2090 3966 et
2137 3910 2222 3964 illi
2255 3909 2359 3963 soli
2390 3908 2581 3963 servies
2618 3908 2660 3961 ’.
2686 3905 2978 3978 Propterea
3013 3912 3201 3961 sancta
3249 3904 3341 3961 Dei
3384 3904 3627 3959 Ecclesia

2042 4010 2354 4057 crealuram
2392 4017 2500 4056 non
2521 4000 2736 4065 adorat,
2769 3999 2865 4056 sed
2893 3999 3091 4063 Filium
3122 3999 3386 4069 genitum,
3409 3996 3625 4054 Patrem

2042 4093 2097 4148 in
2132 4091 2294 4156 Filio,
2335 4091 2535 4147 Filium
2570 4092 2624 4146 in
2648 4090 2831 4157 Patre,
2866 4106 2990 4146 cum
3029 4089 3233 4161 Spiritu
3269 4096 3482 4145 sancto.
3512 4088 3629 4144 lino

2040 4202 2192 4251 vero,
2242 4186 2518 4254 inquiunt,
2570 4184 2675 4241 nisi
2733 4185 2878 4240 enim
2938 4193 3250 4238 creaturam
3296 4182 3447 4237 illum
3500 4197 3626 4236 esse

2041 4276 2262 4344 dixero,
2295 4275 2472 4331 Patris
2517 4275 2858 4342 majestatezu
2894 4272 3183 4328 imminuo.
3232 4271 3445 4326 Etenim
3478 4270 3626 4341 quod

2040 4376 2284 4422 creatum
2321 4363 2542 4430 dicitur,
2576 4360 2893 4416 Creatorem
2929 4375 3038 4414 non
3074 4357 3289 4412 minuit.
3329 4356 3484 4423 Quod
3522 4371 3622 4410 au-

2040 4466 2150 4512 tem
2199 4472 2263 4512 ex
2299 4466 2496 4511 natura
2530 4453 2774 4521 genitum
2811 4461 2915 4516 est,
2955 4451 3384 4505 contractionem
3427 4462 3625 4517 quam-

352 4543 563 4615 νηκότι.
592 4545 771 4616 Πολλὴ
819 4544 877 4599 δὲ
919 4547 1101 4619 μωρία
1131 4547 1242 4601 τῶν
1287 4547 1513 4602 τοιαῦτα
1552 4547 1938 4617 λογιζομένων,

2049 4549 2191 4610 dam,
2217 4555 2313 4603 aut
2344 4546 2772 4609 collatationem,
2810 4556 2903 4599 aut
2935 4541 3375 4606 diminutionem,
3411 4548 3504 4593 aut
3535 4553 3625 4593 se-

350 4635 434 4700 ὼς
478 4638 570 4707 ἀφ’
599 4638 804 4692 ἑαυτῶν
831 4640 893 4693 τὸ
924 4640 1078 4694 Θεῖον
1118 4641 1380 4705 εἰκάζειν,
1405 4639 1500 4693 καὶ
1534 4638 1605 4693 τὰ
1631 4641 1711 4704 εἰς
1744 4639 1941 4704 αὐτοὺς

351 4728 503 4801 πάθη
553 4728 632 4800 τῷ
680 4729 799 4801 Θεῷ
849 4731 1185 4802 προσάπτειν
1235 4729 1608 4802 βουλομένων,
1660 4727 1755 4782 τοῦ
1801 4728 1939 4781 Θεοῦ

348 4819 599 4884 ἀπαθοῦς
639 4820 789 4883 ὄντος
828 4821 1126 4888 παντελῶς,
1166 4822 1261 4875 καὶ
1303 4824 1360 4876 ὲν
1390 4820 1468 4892 τῷ
1495 4821 1714 4891 γεννᾷν,
1744 4819 1840 4873 καὶ
1879 4821 1938 4873 ὲν

326 4911 434 4982 ’τῷ
458 4912 681 4977 κτίζειν.
717 4913 804 4977 Ὠς
826 4912 936 4986 γὰρ
958 4916 1120 4985 ἡμεῖς
1147 4915 1428 4985 πάσχομεν
1450 4912 1769 4983 γεννῶντες,
1791 4914 1940 4965 ἒπει-

347 5004 419 5074 δὴ
440 5004 653 5057 κτιστοί
684 5005 871 5075 ἐσμεν,
899 5005 1042 5059 οὕτω
1064 5005 1159 5059 καὶ
1184 5006 1467 5075 κάμνομεν
1497 5003 1793 5068 κτίζοντες.
1821 5004 1934 5057 Καὶ

348 5095 402 5147 εί
441 5094 642 5165 πάσχει
670 5097 698 5149 6
730 5097 921 5168 Πατὴρ
964 5095 1187 5165 γεννῶν,
1223 5097 1331 5168 ἀρα
1360 5095 1454 5149 καὶ
1485 5094 1685 5160 κτίζων
1710 5096 1930 5166 κάμνει.

348 5184 478 5248 Πῶς
502 5186 557 5239 δὲ
586 5187 713 5257 περὶ
736 5187 872 5241 Θεοῦ
892 5188 1065 5252 πάθος
1089 5187 1236 5242 ἔστιν
1264 5190 1458 5255 είπεῖν,
1484 5189 1659 5242 καὶτὸ
1679 5189 1930 5259 κάμνειν,

350 5276 512 5349 εἴπερ
544 5279 776 5350 κάμνεις
817 5280 957 5334 Ἀλλ’
991 5281 1052 5333 οὐ
1083 5280 1304 5352 κάμνει,
1339 5282 1414 5352 μὴ
1442 5281 1683 5350 γένοιτοῖ
1716 5284 1797 5336 Οὐ
1835 5299 1933 5336 κο-

348 5369 556 5425 πιάσει
586 5372 717 5442 γὰρ,
752 5373 915 5443 φησὶν
941 5375 973 5444 ἡ
999 5373 1209 5447 Γραφή.
1232 5374 1456 5444 Πνεῦμα
1483 5370 1575 5428 οὖν
1600 5376 1629 5428 6
1657 5374 1810 5439 Θεὸς.
1841 5374 1936 5428 καὶ

348 5460 579 5532 Πνεῦμα
628 5464 882 5536 ἀνάρχως
916 5466 1009 5519 καὶ
1053 5466 1298 5539 ἀχρόνως
1338 5465 1430 5520 τὸν
1466 5466 1596 5522 Υίὸν
1623 5466 1935 5538 ἐγέννησεν,

2043 4642 2304 4707 ctionem,
2336 4649 2430 4694 aut
2452 4634 2726 4707 ejusmodi
2758 4637 3098 4690 affectionem
3123 4635 3358 4703 aliquam
3390 4632 3439 4687 ei
3467 4630 3624 4685 atl‘ert

2043 4747 2074 4787 a
2129 4747 2240 4803 quo
2289 4731 2531 4803 genitum
2566 4736 2677 4783 est.
2736 4726 2842 4782 Sed
2881 4742 3071 4781 eorum
3117 4725 3209 4796 qui
3271 4725 3345 4777 ita
3379 4727 3624 4793 cogitant

2042 4840 2257 4882 summa
2297 4824 2458 4893 plane
2500 4819 2732 4875 stultitia
2777 4829 2893 4881 est,
2930 4821 3022 4889 qui
3062 4818 3130 4873 de
3161 4816 3348 4871 divino
3394 4816 3623 4872 numine

2040 4916 2414 4983 conjecturam
2438 4929 2503 4969 ex
2536 4912 2734 4983 seipsis
2762 4912 3008 4981 capiunt,
3042 4908 3468 4977 affectionesque
3491 4922 3619 4962 suas

2041 5000 2107 5064 in,
2142 5008 2309 5064 Deum
2361 5005 2747 5061 transfundere
2792 5012 3081 5069 conantur,
3121 5015 3245 5057 cum
3292 5007 3616 5053 tamentam

2041 5103 2095 5158 in
2128 5101 2462 5174 generando,
2491 5115 2655 5171 quam
2686 5100 2740 5153 in
2776 5099 3017 5154 creando
3048 5099 3116 5151 ab
3149 5098 3296 5151 omni
3328 5096 3619 5151 allectione

2041 5196 2113 5251 sit
2150 5194 2430 5248 immunis.
2454 5190 2588 5245 Nam
2611 5189 2756 5261 quod
2782 5191 2846 5244 ad
2874 5206 2973 5246 nos
2995 5191 3210 5252 attinet,
3243 5189 3318 5243 uti
3346 5188 3618 5259 gignendo

2039 5286 2298 5358 patimur,
2333 5300 2400 5339 eo
2437 5282 2581 5360 quod
2618 5282 2785 5337 creati
2840 5298 3053 5342 sumus.
3085 5283 3157 5336 ita
3191 5291 3243 5336 et
3273 5279 3514 5335 creando
3555 5293 3618 5333 ac

2040 5376 2315 5430 moliendo
2346 5373 2656 5443 fatigamur.
2687 5370 2936 5439 Quaresi
2962 5370 3272 5443 generando
3297 5367 3459 5421 Pater
3479 5381 3618 5419 non-

2041 5466 2179 5521 nihil
2231 5462 2458 5538 patitur,
2513 5465 2679 5519 etiam
2734 5463 2975 5519 creando
3034 5462 3312 5532 fatigatur.
3376 5457 3616 5524 Quinam

425 5665 443 5695 ¹
466 5664 624 5719 Joan.
653 5679 728 5735 vi,
757 5664 846 5718 33.
925 5665 945 5695 ²
974 5658 1181 5735 ῐεομις.
1212 5665 1265 5719 5.
1342 5664 1363 5697 ³
1402 5663 1516 5719 Jns.
1550 5682 1610 5725 ll,
1644 5667 1667 5720 i
1703 5681 1821 5735 sqq.
1900 5666 1922 5698 ⁸

2049 5680 2130 5735 οῖ’.
2161 5679 2223 5735 x,
2249 5664 2325 5735 4.,
2377 5663 2403 5735 ’ί
2426 5660 2531 5735 lsa.
2563 5674 2756 5729 xxvm,
2782 5658 2882 5727 46;
2916 5656 3115 5729 Ephcs.
3143 5671 3202 5722 tt,
3233 5653 3325 5709 20.
3402 5652 3425 5684 ⁸
3448 5648 3617 5710 Joan.

352 5734 520 5807 1.,56.
650 5734 819 5790 Exod.
854 5751 942 5798 xx,
970 5735 1023 5791 4.
1100 5736 1121 5767 ⁸
1158 5734 1315 5793 Rom.
1354 5751 1391 5801 l,
1419 5737 1510 5791 25.
1587 5737 1607 5769 '
1639 5733 1799 5791 Deut.
1830 5753 1903 5799 vr,
1941 5747 1946 5788 Ἰ

2080 5734 2269 5789 Matth.
2302 5734 2358 5800 4,
2390 5733 2475 5787 10.
2536 5790 2542 5795 ,
