3994 6430
156 338 282 394 9.ϋὸ

902 329 1275 384 Αυινειιδυδ
1313 323 1656 379 ILERLSES
1695 322 1822 374 LIB.
1868 319 1934 373 ll.
1979 320 2144 372 ωλι.
2195 321 2255 370 ll.
2307 349 2366 360 -
2407 317 2683 371 llAt‘liL‘S.
2735 309 2920 370 LXIX.

3392 315 3503 374 266

75 429 90 440 .
154 454 446 524 ἐγένετο·
481 454 551 504 ἐν
574 449 652 515 τῷ
678 451 885 520 κόσμῳ
915 450 1023 520 γὰρ
1051 444 1151 518 ἦν,
1179 446 1315 517 φησὶ
1341 445 1403 497 τὸ
1434 444 1589 511 ἅγιον
1619 441 1792 508 Εὐαγ-

1906 455 1962 493 ac
1992 438 2219 508 vestigia
2262 445 2682 501 contrectasset,
2719 438 2824 492 tria
2886 435 2976 488 illa
3029 434 3148 490 sine
3188 434 3296 488 ulla
3339 435 3503 490 ιιωεί-

154 548 390 616 γέλιον,
451 545 549 599 καὶ
607 547 638 597 ό
690 544 918 611 κόσμος
957 541 1032 594 δι’
1080 538 1268 594 αὐτοῦ
1299 536 1555 608 ἐγένετο,
1610 535 1703 588 καὶ
1759 537 1790 586 ὁ

152 642 416 705 κόσμος
439 635 630 693 αὐτὸν
668 634 780 686 οὐκ
815 631 992 700 ἔγνω.

1904 528 2106 582 talione
2179 525 2470 580 confessus
2519 535 2621 581 cst.
2687 527 2779 580 Sic
2835 529 3000 598 igitur
3044 526 3188 595 quod
3223 540 3252 578 ιι
3289 525 3500 579 Joaume

1903 618 2146 690 Baptista
2194 617 2397 670 dicitur
2423 638 2432 671 :
2468 614 2566 670 Hic
2595 628 2669 670 est
2690 632 2840 687 quem
2871 613 2984 671 dixi
3016 617 3160 670 vobis
3188 628 3203 670 .‘
3231 616 3500 682 Quoniam

151 704 319 783 venit
371 737 493 797 post
540 742 620 779 me
678 726 778 786 uir,
829 721 1269 776 incarnationem
1308 718 1574 775 declarat.
1643 713 1770 768 llaec
1817 707 2024 777 autem,
2081 711 2227 779 prior
2265 727 2345 763 me
2390 719 2530 775 erat,
2586 704 2706 778 ejus
2770 709 3107 763 divinitatem
3162 709 3501 780 significant,

150 824 440 893 quoniam
463 831 586 875 ante
616 836 696 874 me
716 819 891 888 factus
912 828 1012 872 est.
1037 816 1251 888 Quippe
1293 822 1354 870 ut
1400 815 1458 869 in
1492 812 1788 884 Evangelia
1812 812 2095 880 scriptum
2121 818 2204 863 cst
2236 824 2246 858 :
2287 807 2349 862 In
2380 809 2575 861 mumto
2608 817 2744 871 erat,
2803 817 2850 860 et
2903 807 3128 860 minutus
3172 821 3264 875 per
3329 807 3502 874 ipsum

158 923 365 984 ﬂictus
398 924 500 976 est,
519 924 569 968 et
591 911 819 966 mundus
853 927 974 966 eum
1007 926 1110 964 non
1138 907 1379 978 cognovit
1397 906 1439 960 ³.

242 1031 392 1083 MA’.
437 1027 503 1078 Εί
548 1025 607 1078 δὲ
642 1027 702 1078 ὲν
749 1024 943 1095 κόσμῳ
974 1018 1046 1096 ἦν
1091 1022 1206 1094 (95)
1235 1021 1346 1094 πρὸ
1381 1019 1476 1075 τοῦ
1538 1019 1791 1090 Ἰωάννην

171 1119 519 1190 γεννηθῆναι
549 1119 646 1170 καὶ
674 1115 1087 1186 συλληφθῆναι,
1120 1115 1230 1186 πρὸ
1273 1113 1442 1168 αὑτοῦ
1474 1113 1698 1182 γέγονεν
1732 1113 1792 1165 ὲν

174 1215 411 1282 κόσμῳ,
454 1210 515 1262 ού
551 1209 682 1278 περὶ
719 1208 951 1271 κτίσεως
974 1247 990 1272 ,
1023 1208 1085 1260 οὐ
1118 1207 1249 1278 περὶ
1278 1209 1552 1278 ποιήσεως
1585 1204 1786 1275 σημαί-

170 1321 316 1366 νων,
353 1301 494 1356 ἀλλὰ
539 1300 684 1355 κατὰ
711 1299 811 1370 τὴν
842 1300 1061 1370 χρῆσιν,
1089 1299 1156 1370 ἢν
1196 1298 1506 1369 ὁμωνύμως
1533 1296 1794 1350 εἰώθασιν

165 1399 223 1449 οἱ
264 1394 553 1466 ἄνθρωποι
598 1392 817 1461 λέγειν·
882 1391 1188 1462 Ἐγενόμην
1239 1392 1299 1445 ὲν
1365 1388 1792 1461 Ἱεροσολύμοις,

173 1484 462 1554 ἐγενόμην
483 1484 540 1535 ὲν
560 1481 862 1546 Βαϐυλῶνι,
888 1481 1158 1551 ἐγενόμην
1175 1483 1234 1534 ὲν
1260 1480 1518 1552 Αἰθιοπίᾳ
1537 1481 1579 1543 ¹,
1607 1479 1791 1547 ἐγενό-

179 1596 295 1648 μην
326 1579 390 1628 ὲν
449 1572 860 1644 ’Δλεξανδρεζῳ
892 1573 954 1626 οὐ
999 1571 1179 1626 κτίσιν
1211 1571 1495 1643 σημαίνων
1531 1568 1792 1634 ἐνταῦθα,

177 1667 325 1721 ἀλλὰ
357 1663 614 1718 ὲπίϐασίν
639 1680 701 1716 τε
728 1662 825 1716 καὶ
854 1659 1184 1732 παρουσίαν.
1215 1660 1290 1713 Τὸ
1313 1659 1444 1734 γὰρ,
1489 1656 1795 1726 Ἐγενόμην

1973 1015 2112 1071 XLI.
2146 1014 2304 1080 Quod
2333 1015 2380 1070 si
2407 1015 2464 1068 in
2502 1014 2709 1070 mundo
2739 1023 2878 1077 erat,
2907 1026 3202 1084 antequam
3245 1030 3506 1072 nascere-

1899 1116 1990 1163 tur
2026 1114 2122 1161 aut
2143 1107 2459 1177 gigneretur
2483 1103 2750 1170 Joannes,
2795 1096 2921 1160 ante
2986 1106 3139 1158 illum
3185 1105 3242 1159 in
3295 1109 3505 1160 mundo

1898 1199 2107 1254 exstitit
2140 1216 2152 1252 :
2184 1197 2333 1267 quod
2376 1196 2443 1252 de
2491 1199 2772 1252 creatione
2815 1207 2910 1251 aut
2939 1197 3230 1253 effectione
3273 1197 3506 1271 intelligi

1899 1306 2012 1344 non
2061 1288 2246 1354 debet,
2299 1287 2396 1342 sed
2425 1287 2493 1341 ad
2525 1303 2875 1342 communem
2925 1288 3186 1357 loquendi
3230 1290 3506 1344 rationem

1900 1379 2377 1440 accommodatum
2428 1388 2541 1444 est,
2581 1394 2690 1447 qua
2721 1379 2886 1449 vulgo
2917 1379 2997 1433 sic
3029 1380 3333 1449 loquuntur
3360 1395 3378 1433 :
3403 1379 3505 1436 Fui

1900 1473 2292 1543 Jerosolymis,
2331 1471 2410 1525 fui
2465 1471 2762 1543 Babylone,
2821 1470 2898 1524 fui
2961 1471 3014 1526 in
3066 1471 3380 1542 Aitliiopia,
3423 1472 3506 1528 fui

1900 1569 2286 1623 Alexandriae:
2323 1566 2417 1622 ubi
2455 1581 2568 1622 non
2623 1567 2834 1622 creatio
2893 1568 3024 1630 ulla,
3067 1566 3149 1620 vel
3189 1565 3504 1636 productio,

1901 1661 2067 1734 764.
2115 1662 2211 1716 sed
2261 1659 2510 1717 accessio
2557 1669 2611 1716 et
2648 1659 2922 1715 adventus
2967 1660 3336 1730 exprimitur-
3365 1658 3503 1714 Nam

179 1763 241 1813 ἐν
269 1757 562 1812 Βαϐυλῶνι
583 1756 616 1827 ἢ
637 1757 696 1809 ὲν
720 1754 896 1825 ἑτέρῳ
915 1753 1069 1825 τόπῳ
1087 1793 1102 1818 ,
1127 1754 1209 1806 ὃτι
1239 1748 1474 1806 Ἦλθον.
1499 1749 1619 1818 Πρὸ
1647 1748 1795 1819 ἐμοῦ

1906 1756 2047 1812 istud
2097 1741 2257 1809 :Fui
2302 1753 2603 1825 Babylone,
2661 1754 2747 1808 vel
2805 1753 2914 1808 alio
2975 1753 3118 1818 loco,
3161 1753 3307 1808 idem
3362 1752 3510 1808 valet

179 1845 281 1904 οὖν
312 1848 594 1918 ἐγένετο,
626 1846 717 1900 ἵνα
751 1846 904 1918 δείξῃ
940 1846 1035 1898 ἐπὶ
1063 1845 1162 1916 τῆς
1203 1844 1310 1914 γῆς
1350 1843 1450 1914 τὴν
1492 1839 1586 1896 τοῦ
1615 1841 1792 1910 Λόγου

182 1942 276 1994 ἀεὶ
299 1924 590 1991 ἐπίϐασινο
620 1936 715 1990 καὶ
741 1936 824 2000 τὸ,
855 1934 1093 2004 Πρῶτός
1119 1952 1240 2004 μου
1265 1929 1367 2004 ἦν,
1393 1932 1484 1987 ἵνα
1508 1928 1662 2004 δείξῃ
1693 1929 1794 2002 τὴν

185 2032 430 2102 θεός-ητα
465 2029 553 2082 ἀεὶ
587 2023 752 2082 οὖσαν
777 2043 790 2055 ·
830 2026 892 2079 τὸ
931 2026 1011 2092 δὲ,
1049 2027 1247 2080 ὀπίσω
1284 2042 1405 2094 μου
1435 2023 1792 2092 ἐρχόμενον,

184 2125 281 2178 ἵνα
309 2123 468 2196 δείξῃ
493 2123 591 2193 τὴν
633 2119 899 2190 σύλληψιν
945 2119 1083 2191 μετά
1115 2118 1207 2172 τὸν
1252 2116 1530 2187 Ἰωάννην.
1566 2115 1679 2170 Καὶ
1707 2113 1798 2168 διὰ

183 2219 387 2280 τοῦτο,
452 2215 600 2284 Ἐγὼ
624 2214 794 2284 φωκνή
824 2212 1192 2279 ,βοῶντοςέν
1216 2210 1291 2280 τῇ
1321 2209 1538 2280 ἐρήμῳ,
1567 2209 1796 2279 ἑτοιμα-

189 2308 359 2378 στικῆ
390 2306 544 2377 φωνὴ
571 2307 672 2376 τῆς
699 2305 809 2359 τῶν
842 2303 1146 2377 ἀνθρώπων
1189 2303 1383 2374 ἀκοῆς.
1425 2299 1651 2372 Πρῶτον
1687 2299 1796 2371 γὰρ

191 2398 571 2470 ἀδιάρθρωτον
595 2397 850 2452 εἰώθασιν
869 2400 919 2451 οἱ
942 2395 1249 2467 φωνοῦντες
1275 2393 1587 2449 ἀποδιδόναι
1610 2397 1797 2464 φωνὴν

190 2491 510 2560 ἠχήεσσαν,
546 2488 900 2560 ἀπομήκοθεν
949 2487 1244 2550 καλοῦντες
1293 2487 1419 2550 τοὺς
1467 2487 1523 2540 τὶ
1575 2485 1798 2557 ἔχοντας

197 2581 330 2651 παρ’
384 2578 554 2633 αὐτοῦ
605 2579 858 2633 ἀκούειν·
909 2579 1004 2633 καὶ
1045 2578 1186 2639 ὲπάν
1223 2581 1423 2632 ἐκεῖνοι
1465 2578 1566 2649 τῆς
1612 2577 1797 2648 φωνῆς

195 2671 480 2726 ἀκούσωσι
515 2672 683 2744 μόνης
703 2712 721 2738 ,
767 2672 862 2724 καὶ
888 2670 1106 2726 δὼσωσι
1135 2671 1226 2725 τὸν
1254 2669 1381 2726 νοῦν
1413 2669 1509 2724 τοῦ
1551 2669 1794 2735 ἀκούειν,

198 2769 293 2821 καὶ
350 2767 685 2837 ἑτοιμάσωσι
731 2767 834 2837 τὴν
875 2764 1068 2837 ἀκοὴν,
1125 2765 1249 2819 τότε
1292 2768 1321 2819 6
1369 2766 1468 2837 τὴν
1517 2765 1798 2835 ἠχήεσσαν

197 2860 387 2931 φωνὴν
416 2860 650 2924 ἀποδοὺς
695 2859 882 2913 λοιπὸν
929 2858 1234 2913 διαστέλλει
1276 2859 1368 2913 τὸν
1400 2859 1578 2927 λόγον,
1627 2858 1798 2928 ὅνπερ

199 2950 483 3021 ἠϐουλήθη
523 2952 716 3005 είπείν.
765 2950 921 3004 Οὕτω
949 2952 1045 3004 καὶ
1103 2950 1360 3021 Ἰωάννης
1386 2950 1539 3021 φωνὴ
1579 2951 1798 3018 ἐγένετο

202 3041 572 3112 ἑτοιμάζουσιν.
599 3043 697 3114 τὴν
740 3044 911 3112 ἀκοὴν
939 3043 1047 3097 τῶν
1094 3043 1422 3115 ἀνθρώπων.
1457 3044 1532 3098 Ού
1581 3043 1692 3115 γὰρ
1724 3038 1792 3113 ῆν

1902 1856 2086 1919 atque,
2137 1845 2214 1900 Eo
2252 1845 2495 1916 perveni.
2554 1844 2918 1912 Quamobrem
2962 1853 3018 1900 et
3051 1845 3186 1899 illud
3224 1846 3396 1900 :Ante
3425 1861 3509 1901 me

1905 1940 2080 2008 factus
2102 1948 2203 2002 est,
2233 1938 2356 1994 ideo
2387 1937 2600 1994 dictum
2639 1946 2746 2003 est,
2773 1946 2835 1992 ut
2868 1932 3030 1992 Verbi
3066 1939 3135 1994 ad
3177 1946 3384 1995 terram
3412 1953 3508 1995 ac—

1904 2032 2212 2089 cessionem
2252 2031 2618 2086 demoustret.
2666 2030 2798 2086 Item
2836 2031 2971 2086 illud
3011 2049 3023 2084 :
3057 2030 3216 2086 Prior
3255 2049 3338 2087 me
3365 2040 3504 2097 erat,

1903 2124 2272 2187 divinitatem,
2285 2138 2409 2192 qua:
2426 2137 2643 2192 semper
2662 2122 2900 2181 exsistit.
2919 2121 3193 2188 ostendit;
3214 2123 3330 2178 haec
3351 2137 3506 2184 vero,

1903 2218 1993 2287 qui
2021 2226 2142 2286 post
2163 2232 2244 2270 me
2264 2217 2426 2280 venit,
2471 2224 2596 2285 post
2620 2213 2885 2270 Joannem
2921 2230 3045 2272 esse
3075 2200 3344 2284 genitu.
3370 2214 3511 2270 Pro-

1883 2318 2112 2381 .ptet'ea,
2176 2308 2286 2378 Ego
2310 2323 2430 2370 vox,
2458 2309 2657 2378 inquit,
2685 2308 2976 2362 clamantis
3006 2309 3058 2360 in
3093 2308 3299 2362 deserto
3321 2315 3369 2375 ι,
3403 2308 3510 2363 hoc

1903 2411 2140 2468 est,vox
2192 2401 2260 2455 ad
2309 2401 2700 2470 praeparanda
2749 2401 3034 2454 hominum
3071 2415 3238 2456 aures
3279 2400 3504 2456 emissa.

1904 2493 2008 2561 Qui
2045 2495 2194 2550 enim
2233 2493 2493 2557 clamant,
2532 2499 2594 2547 ut
2643 2492 2863 2549 eminus
2912 2507 3011 2548 eos
3037 2500 3272 2548 evocent
3302 2492 3509 2562 quibus

1905 2585 2222 2656 signiﬁcare
2251 2583 2461 2653 aliquid
2490 2583 2744 2654 cupiunt,
2783 2599 3042 2646 sonoram
3066 2583 3364 2654 quamdam
3398 2583 3508 2637 iui—

1907 2677 1985 2732 tio
2025 2693 2238 2740 vocem,
2275 2693 2378 2732 nec
2407 2677 2758 2732 articulatam
2791 2676 3080 2747 proferunt
3112 2695 3125 2732 :
3153 2693 3390 2746 cumque
3429 2677 3509 2731 illi

1905 2765 2023 2820 sola
2052 2765 2310 2822 exaudita
2341 2780 2476 2821 voce
2499 2765 2568 2820 ad
2598 2765 2935 2822 audiendum
2964 2775 3204 2822 mentem
3238 2768 3510 2823 adhibue-

1906 2853 2037 2920 rint,
2071 2867 2237 2925 atque
2271 2868 2463 2911 aurem
2492 2856 2862 2920 admoverim,
2899 2865 3017 2913 tum
3061 2857 3394 2914 vociferatur
3417 2859 3510 2918 illo

1905 2948 2052 3018 quod
2103 2948 2291 3003 dicere
2321 2948 2686 3003 constituerat
2715 2948 3035 3004 distinctius
3082 2949 3384 3020 eloquitur.
3429 2948 3510 3004 Ita

1903 3054 2036 3110 ergo
2059 3038 2303 3094 Joannes
2337 3055 2442 3094 vox
2469 3039 2720 3110 quaedam
2772 3039 2877 3094 fuit
2927 3042 3305 3111 praeparandis
3337 3042 3511 3096 homi-

203 3135 370 3198 αὐτὸς
391 3136 422 3187 6
450 3135 644 3204 Λόγος,
669 3135 806 3190 ἀλλά
839 3136 955 3206 μετ’
984 3136 1146 3188 αὑτὸν
1173 3133 1340 3207 ἦλθεν
1361 3137 1390 3188 6
1421 3136 1616 3204 Λόγος,
1647 3135 1713 3188 δι’
1743 3134 1795 3190 3v

1906 3145 2036 3184 num
2067 3129 2319 3186 auribus.
2353 3126 2475 3183 Non
2515 3129 2665 3184 enim
2705 3130 2899 3186 Sermo
2947 3131 3068 3201 ipse
3113 3130 3236 3197 fuit,
3262 3130 3357 3187 sed
3382 3140 3507 3202 post

202 3229 237 3296 ἡ
290 3226 648 3298 ὲτοιμαστικῆ
692 3229 850 3299 φωνὴ
900 3227 1114 3296 γέγονε.
1155 3228 1265 3280 Καὶ
1304 3226 1392 3280 διὰ
1418 3227 1578 3280 τοῦτο
1610 3226 1793 3294 λέγει’

204 3316 382 3383 Φωνὴ
398 3317 669 3383 ,βοῶντος
683 3307 763 3371 ’ἓν
786 3317 862 3386 τῇ
876 3317 1094 3387 ἐρήμῳ·
1122 3317 1477 3388 ἑτοιμάσατε
1491 3317 1598 3382 τὰς
1613 3316 1797 3382 ὁδοὺς

206 3411 450 3476 ιίιιρίου.
502 3411 567 3464 Ἦ
605 3410 715 3481 γὰρ
747 3413 901 3483 φωνὴ
947 3410 1262 3482 ἐτοιμάζει,
1306 3412 1336 3464 6
1369 3410 1428 3464 δὲ
1471 3410 1676 3480 Κύριος
1705 3411 1799 3462 ὲκ·-

207 3500 386 3554 6αίνει
428 3504 550 3563 ταῖς
587 3504 1039 3574 ἡτοιμασμέναις.
1089 3504 1199 3557 Καὶ
1242 3506 1276 3574 ή
1322 3504 1474 3574 φωνὴ
1508 3503 1660 3557 λαλεῖ
1699 3503 1800 3573 τὴν

210 3592 382 3663 ἀκοήν
403 3595 446 3647 ¹.
479 3594 648 3648 ’Ὅταν
690 3595 748 3648 δὲ
779 3597 812 3666 ὴ
859 3595 995 3666 ἀκοὴ
1037 3595 1272 3666 σχολάσῃ
1293 3633 1309 3658 ,
1345 3595 1466 3648 τότε
1491 3598 1520 3648 6
1550 3595 1707 3662 λόγος
1741 3597 1802 3647 ὲν

212 3685 277 3752 τῇ
309 3685 448 3755 ἀκοῇ
481 3687 879 3741 καταϐάλλεται
898 3687 1006 3742 τῶν
1035 3686 1362 3757 δεχομένων.
1397 3685 1651 3756 υύδαμοῦ
1686 3685 1796 3740 τοίη

211 3792 304 3827 νυν
350 3777 673 3848 ἐπιλήψεται
724 3781 973 3852 Ἄρειος,
1007 3779 1102 3833 καὶ
1129 3780 1178 3831 oi
1225 3779 1321 3832 ἀπ’
1352 3777 1519 3831 αὐτοῦ
1559 3777 1661 3847 τῆς
1703 3777 1797 3830 τοῦ

208 3866 350 3920 Θεοῦ
391 3869 646 3940 ἀληθείας
681 3873 769 3925 ἀεὶ
801 3870 1254 3942 καταυγαζούσης
1293 3869 1518 3940 καρδίας
1566 3869 1795 3931 πιστῶν,

211 3961 292 4022 είς
319 3961 383 4013 τὸ
415 3962 487 4032 μὴ
521 3965 861 4035 ἐκτραπῆναι
886 3963 994 4018 ἀπὸ
1014 3964 1114 4035 τῆς
1142 3965 1199 4017 ὲν
1226 3958 1306 4032 τῷ
1334 3962 1493 4032 Λόγῳ
1521 3961 1636 4031 Υἱῷ
1660 3959 1796 4014 Θεοῦ

212 4051 269 4102 ὲν
302 4050 530 4125 ἀληθείᾳ
559 4055 799 4124 ἀκτίστῳ
831 4056 924 4108 καὶ
952 4057 1233 4126 ἀγεννήτῳ
1259 4053 1552 4124 σωτηρίας·

1898 3221 2054 3276 illum
2089 3221 2282 3277 Sermo
2316 3221 2538 3276 tandem
2595 3221 2841 3287 advenit,
2878 3223 3041 3293 cujus
3084 3225 3256 3294 gratia
3300 3240 3510 3294 praepa-

1897 3311 2075 3366 ratrix
2116 3311 2210 3364 illa
2256 3327 2358 3366 vox
2391 3319 2789 3368 antecesserat.
2825 3309 2980 3368 Unde
3022 3313 3188 3368 etiam
3223 3314 3298 3368 ita
3332 3315 3512 3384 loqui.

1901 3412 2036 3458 tur:
2079 3403 2194 3457 V01:
2243 3404 2529 3458 clamantis
2581 3405 2637 3458 in
2685 3404 2891 3459 deserto
2919 3421 2936 3458 :
2969 3403 3167 3459 Parate
3222 3407 3336 3459 vias
3399 3407 3511 3460 Do—

1902 3493 2034 3547 mini
2062 3493 2104 3547 ⁵.
2148 3493 2360 3563 Quippe
2381 3509 2486 3546 vox
2537 3505 2834 3564 praeparat,
2869 3494 3138 3550 Dominus
3164 3503 3346 3550 autem
3374 3511 3510 3565 pra:-

1910 3595 2133 3657 paratas
2164 3588 2275 3656 jam
2301 3587 2418 3641 vias
2451 3585 2780 3656 ingreditur.
2813 3586 3060 3655 itemque
3097 3603 3198 3642 vox
3230 3602 3393 3641 aures
3440 3588 3510 3644 ad

1908 3681 2246 3736 audientiam
2279 3680 2564 3748 componit
2601 3699 2614 3734 :
2646 3696 2769 3750 quae
2798 3680 2890 3736 ubi
2926 3694 3130 3736 vacuas
3170 3694 3230 3734 sc
3261 3680 3504 3750 praebue-

1906 3772 2041 3836 rint,
2078 3779 2194 3825 tum
2253 3786 2438 3826 sermo
2494 3771 2837 3827 audientium
2893 3771 3122 3828 auribus
3171 3772 3507 3826 immittitur.

1906 3864 2051 3920 Nihil
2081 3873 2167 3921 est
2197 3867 2364 3936 igitur
2397 3865 2546 3936 quod
2599 3866 2767 3922 Arius
2818 3866 3052 3936 ejusque
3091 3866 3338 3922 fautores
3369 3865 3510 3920 arri-

1907 3963 2060 4032 piant
2089 3976 2158 4015 ex
2185 3961 2289 4016 hoc
2313 3961 2464 4023 loco,
2489 3975 2615 4015 cum
2637 3959 2824 4016 divina
2860 3962 3065 4017 veritas
3101 3960 3343 4016 ﬁdelium
3385 3964 3510 4014 ani-

1907 4070 2027 4108 mos
2048 4065 2314 4124 perpetuo
2345 4055 2656 4117 collustret,
2687 4070 2756 4109 ne
2775 4056 2845 4110 ab
2874 4069 2940 4109 ea
2975 4055 3157 4110 salute
3192 4054 3507 4116 detlcctant,

214 4160 340 4214 quae
385 4161 482 4214 per
529 4147 764 4202 Verbum
796 4147 892 4204 Dei
935 4146 1136 4202 Filium
1169 4163 1360 4202 revera
1399 4149 1702 4201 increatum
1736 4161 1802 4201 ac
1842 4147 2083 4218 genitum
2119 4147 2420 4201 obtinetur.

173 4224 191 4284 δ
285 4238 420 4293 MB'.
469 4240 895 4307 Προκοπτόντων
927 4238 984 4292 δὲ
1023 4239 1188 4293 πάλιν
1223 4239 1404 4310 ἡμῶν,
1431 4240 1526 4291 καὶ⁵
1559 4238 1652 4290 ἐπὶ
1696 4237 1796 4300 τὰς

211 4332 342 4401 ἑξῆς
382 4331 692 4396 ϐαινόντων,
729 4330 882 4384 οὐδὲν
921 4329 1332 4402 παραλείψομεν
1363 4331 1474 4384 τῶν
1517 4329 1630 4383 ἅνω
1660 4347 1798 4402 προ-

291 4497 308 4526 ¹
343 4492 403 4546 F.
449 4493 766 4563 Ἀντιοχείᾳ.
844 4494 864 4523 ²
895 4490 954 4545 F.
980 4493 1061 4554 εἰς
1092 4490 1190 4561 τὴν
1221 4491 1316 4545 ἀκ.

289 4647 401 4715 (935)
433 4648 498 4699 Εἰ
530 4645 598 4698 δὲ
625 4646 694 4698 ὲν
725 4645 930 4714 κόσμῳ
962 4641 1058 4714 ἦν.
1100 4643 1250 4700 Nova
1303 4645 1538 4715 quadam
1587 4644 1800 4715 ratione

214 4714 442 4770 Joannis
497 4717 586 4768 illa
647 4718 809 4770 verba
852 4718 1135 4769 declarat:
1173 4716 1273 4780 ⁸ος
1301 4714 1644 4783 ἔμπροσθέν
1673 4732 1794 4784 μου

221 4787 444 4855 γέγονε,
480 4786 583 4852 Qui
623 4795 744 4840 ante
769 4801 850 4840 me
880 4787 1054 4854 factus
1098 4796 1197 4851 est,
1226 4793 1284 4838 ut
1315 4787 1797 4854 iuterpresnoster

217 4856 474 4915 reddidit.
493 4857 649 4926 quasi
671 4857 892 4924 γέγονεν
917 4857 1058 4910 idem
1085 4856 1356 4926 signiticet
1381 4871 1444 4910 ac
1471 4856 1657 4923 fuisse,
1681 4858 1798 4911 sive

221 4926 522 4995 profectum
585 4936 680 4980 aut
732 4927 933 4995 alicubi
970 4935 1248 4980 versatum
1299 4942 1442 4980 esse.
1478 4926 1598 4991 Quo
1629 4944 1794 4980 sensu

219 4991 372 5066 prius
415 4994 625 5050 Joanne
683 4996 775 5050 Dei
831 4991 1003 5050 Filius
1052 4997 1283 5059 exstitit,
1328 5006 1616 5066 propterea
1650 4996 1798 5065 quod

218 5067 438 5134 saepius,
491 5067 574 5120 vel
621 5077 914 5135 antequam
948 5067 1243 5120 humanam
1267 5080 1487 5120 carnem
1523 5067 1796 5130 indueret,

223 5137 494 5192 veteribus
546 5138 878 5206 patriarcbis
919 5140 1195 5206 apparuit.
1245 5136 1475 5192 Tertull.
1514 5153 1575 5201 ιι,
1612 5147 1798 5190 contra

221 5210 410 5272 Mam,
432 5205 561 5277 cap.
581 5207 672 5261 27:
709 5205 850 5261 Nam
873 5217 920 5261 ει
953 5205 1265 5277 proﬁtemur
1297 5206 1568 5262 Christum
1598 5224 1800 5275 semper

223 5279 382 5346 egisse
403 5280 455 5332 in
485 5277 577 5330 Dei
617 5277 796 5331 Patris
831 5279 1059 5339 nomine,
1089 5279 1259 5338 ipsum
1294 5277 1358 5330 ab
1391 5279 1542 5331 initio
1587 5293 1800 5332 conver-

222 5356 410 5409 satum,
429 5349 596 5416 ipsum
619 5365 950 5418 congressum
971 5348 1422 5416 cumpatriarclzis
1444 5358 1492 5402 et
1509 5351 1796 5416 prophetis,

220 5429 272 5471 et
302 5427 517 5478 caetera.
550 5435 670 5487 qua:
703 5431 882 5484 caute,
909 5418 984 5471 uti
1031 5419 1166 5482 dixi,
1207 5418 1433 5486 legenda
1466 5427 1628 5481 sunt;
1657 5429 1714 5471 ut
1744 5427 1799 5472 et

219 5487 416 5542 Justini
445 5490 600 5543 locus
631 5489 738 5552 ille,
772 5505 837 5543 ex
877 5504 986 5557 quo
1018 5487 1391 5542 Tertullianus
1417 5491 1521 5544 ista
1538 5491 1790 5558 sumpsit.

221 5559 566 5629 ldemporro,
607 5559 702 5614 sed
752 5561 910 5629 longe
954 5559 1300 5628 prudentius,
1343 5560 1505 5613 docet
1537 5560 1792 5628 Augusti-

221 5646 319 5685 nus
343 5639 527 5683 contra
554 5631 828 5689 Αάὶηιηη..
857 5645 975 5697 cap.
993 5629 1025 5683 9
1047 5645 1059 5679 :
1079 5629 1217 5695 Quia
1240 5630 1348 5698 ipse
1374 5629 1793 5698 Filius,inquil,

222 5700 394 5770 quiest
429 5700 652 5755 Verbum
666 5699 782 5762 Dei,
805 5716 904 5751 non
923 5700 1095 5753 solun:
1124 5701 1419 5754 novissimis
1449 5700 1793 5770 temporibus,

223 5787 326 5826 cum
362 5774 415 5828 in
448 5787 611 5827 carne
651 5785 902 5839 apparere
931 5770 1180 5839 dignatus
1211 5780 1310 5838 est,
1342 5771 1431 5825 sed
1458 5771 1620 5825 etiam
1642 5771 1791 5837 prius

535 5861 809 5921 ΡΑτιιοι..
853 5859 970 5920 Gn.
1011 5859 1206 5922 XLII.

1397 4488 1415 4519 ³
1445 4486 1604 4546 Joan.
1645 4507 1680 4555 I,
1728 4491 1810 4546 lO.

1975 4236 2141 4292 XLII.
2182 4236 2301 4290 Jam
2333 4255 2463 4294 vero
2521 4239 2937 4309 progredientes
2985 4255 3174 4309 porro,
3229 4246 3284 4295 et
3327 4240 3396 4294 ad
3443 4255 3508 4294 ea

1904 4346 2026 4400 qua:
2075 4343 2387 4399 sequuntur
2431 4332 2697 4402 deinceps
2727 4343 3107 4399 transeuntes,
3139 4335 3275 4390 nihil
3310 4349 3505 4389 eormn

1893 4490 1911 4519 ⁴
1937 4491 2126 4544 .‘datth.
2159 4507 2241 4559 nt,
2275 4493 2326 4546 5.
2407 4495 2425 4523 ⁵
2453 4495 2581 4549 ibid.

1837 4651 1876 4703 Ι)
1909 4664 1939 4698 (ι
1975 4649 2348 4708 constitutum:
2383 4649 2586 4712 ruam/1',
2621 4650 2708 4701 cui
2739 4650 2900 4703 uoluit
2936 4651 3000 4704 de
3031 4648 3193 4704 Patre
3225 4650 3510 4705 armamin-

1907 4720 1997 4779 rit,
2017 4719 2118 4769 sive
2136 4719 2413 4787 loquendo,
2437 4721 2542 4772 sire
2560 4722 2883 4789 apparendo,
2901 4722 2974 4774 rel
3003 4739 3095 4791 per
3107 4723 3398 4791 angelicam
3413 4725 3510 4776 ali-

1905 4805 2061 4856 quam
2080 4798 2413 4854 potestatem,
2435 4791 2510 4842 vel
2527 4807 2617 4858 per
2631 4794 2918 4860 quamlibet
2939 4803 3264 4857 creaturam,
3281 4795 3509 4848 etc.Scil

1909 4876 2031 4932 fam
2060 4860 2423 4932 «pastionum
2458 4862 2683 4932 uberius
2712 4865 2935 4932 cvponit
2975 4865 3065 4916 lib.
3103 4879 3160 4926 It,
3198 4863 3277 4916 De
3309 4864 3505 4917 Tum.

1911 4918 2100 5004 Redeo
2129 4931 2194 4982 ad
2233 4928 2624 5004 Epiphaniutu,
2655 4935 2746 5002 qui
2782 4918 2998 5000 ἐγένετο
3030 4918 3309 5004 (sicettim
3351 4937 3503 5003 legit,

1910 5014 2020 5073 pro
2039 5001 2282 5073 γέγονεν)
2317 5001 2459 5073 idem
2497 5017 2619 5056 esse
2670 5001 2822 5073 putat
2854 5013 3017 5073 atque
3039 5001 3048 5004 ’
3071 5005 3289 5057 accessit
3322 5014 3373 5060 et
3406 5001 3506 5058 nd-

1908 5063 2064 5143 una;
2095 5063 2274 5143 Quod
2296 5071 2428 5123 mihi
2465 5063 2684 5139 quidem
2745 5063 2851 5127 uo’n
2889 5063 3104 5143 probat.
3139 5077 3220 5129 Ac
3250 5077 3294 5129 si
3328 5076 3504 5130 Graeci

1907 5141 2163 5216 vocaliuli
2195 5141 2298 5193 vim
2333 5143 2673 5216 consideres,
2712 5141 2904 5212 γέγονέ
2936 5147 3076 5201 idem
3127 5162 3252 5201 esse
3302 5161 3503 5216 potest.

1912 5225 1973 5288 ac
2009 5211 2321 5276 productus,
2353 5212 2432 5288 vel
2456 5214 2661 5280 genitus
2689 5225 2763 5268 est
2786 5211 2802 5267 ἐ
2822 5218 2968 5285 quod
3010 5216 3104 5273 Dei
3137 5216 3276 5272 Filio
3301 5211 3505 5272 cOuve-

1913 5281 2023 5343 uit;
2051 5296 2174 5333 nam
2207 5289 2332 5334 ante
2357 5280 2624 5354 Joanucm
2658 5280 2876 5354 genitus
2908 5297 3024 5352 cst;
3051 5297 3147 5341 aut
3180 5299 3327 5343 certe
3357 5290 3502 5342 idem

1911 5358 2011 5429 ςμι,
2043 5359 2208 5419 atque
2237 5353 2575 5429 cxstitit.AA.t
2613 5353 2804 5429 noster
2857 5358 3131 5429 interpres
3167 5359 3274 5412 alio
3307 5374 3498 5418 sensu.

1903 5423 2079 5485 [curtus
2112 5431 2211 5485 est,
2247 5423 2429 5476 vertit.
2469 5423 2639 5489 Quasi
2684 5427 2736 5480 id
2781 5429 2912 5482 velit
2943 5423 3219 5484 Joannes:
3244 5431 3379 5482 Ante
3419 5443 3502 5480 me

1902 5491 2076 5569 [artus
2113 5501 2214 5555 est,
2251 5491 2304 5544 id
2347 5502 2433 5569 est
2475 5495 2672 5569 majori
2703 5497 2936 5567 quadam
2972 5499 3037 5569 in
3081 5499 3404 5554 excellentia
3435 5514 3502 5553 ac

1901 5559 2168 5638 dignitate
2192 5559 2775 5622 conslitutusfPotc'st
2792 5576 2843 5622 et
2864 5569 2930 5620 ad
2953 5568 3193 5624 divinam
3218 5569 3502 5638 pra-desti-

1902 5635 2202 5754 nationem,
2244 5649 2308 5686 ac
2350 5638 2687 5761 ¹ιὶροοριςιμόν
2741 5640 2986 5694 revocari
3013 5658 3028 5696 :
3060 5641 3128 5697 de
3157 5635 3265 5710 qua
3292 5637 3500 5696 Paulus

1952 5718 2058 5756 om.
2096 5719 2131 5761 ι,
2170 5719 2313 5760 com.
2397 5745 2410 5758 .

1952 5718 2058 5756 om.
2096 5719 2131 5768 ι,
2170 5719 2313 5760 com.
2356 5718 2410 5761 4.

3137 5875 3176 5940 9
