3994 6406
502 275 504 282 ’
541 310 652 368 267

1921 321 1976 376 S.
2021 320 2360 380 EPIPllANll

3685 339 3796 398 εδδ

541 432 1015 502 pnetermittemus
1067 448 1188 504 qure
1231 432 1298 488 ad
1353 434 1758 493 dissolvendum
1806 438 1962 494 initio
1995 455 2106 510 pro‘

2221 448 2569 520 τεταγμένων
2609 448 2688 513 είς
2721 449 2990 515 ἐπίλυσιν,
3020 450 3156 506 ἀλλὰ
3192 445 3347 516 αὖθις
3391 450 3555 506 πάλιν
3604 453 3798 524 ἐπιλη-

546 523 853 592 posuimus,
906 522 1000 579 sed
1061 529 1450 597 consequentia
1496 530 1686 586 ordine
1746 538 2110 600 pertexemus.

542 610 617 663 Ex
665 612 772 666 alio
819 613 1003 683 itaque
1058 613 1180 669 loco
1215 611 1494 687 Opinionis
1541 635 1654 675 suae
1695 620 2113 690 comprobanda:

538 713 918 773 argumentum
972 706 1237 762 eliciunt:
1272 725 1339 764 ex
1383 724 1450 764 co
1475 750 1489 774 ,
1528 711 1771 782 inquam,
1809 711 1953 782 quod
2015 710 2114 769 Pe-

539 803 656 850 trus
706 796 757 849 in
805 797 955 853 Actis
991 801 1363 869 apostolorum
1401 801 1610 858 dixisse
1653 803 1851 874 legitur
1882 822 1895 858 :
1932 801 2113 859 Mani-

534 888 726 956 festum
759 891 826 942 sit
853 892 1020 957 vobis,
1057 894 1226 947 omnis
1264 893 1457 949 domus
1481 893 1675 962 Israel,
1707 898 1952 966 quoniam
1976 898 2112 953 hunc

532 978 739 1042 Iesum,
781 997 930 1051 quem
959 985 1326 1053 rruciﬁxistis,
1349 995 1398 1040 et
1422 984 1725 1053 Dominum,
1760 997 1811 1042 et
1841 988 2110 1044 Christum

535 1073 879 1141 ipsumDeus
911 1074 1034 1143 fecit
1061 1076 1102 1131 ¹.
1133 1074 1342 1141 Quibus
1397 1077 1451 1131 in
1485 1077 1668 1132 verbis
1709 1077 2109 1134 observandum

535 1163 666 1217 illud
696 1173 937 1230 monent,
981 1165 1125 1235 quod
1177 1165 1300 1234 fecit
1345 1167 1638 1234 scribatur,
1687 1167 1900 1223 nec-ad
1934 1169 2110 1239 ipsam

535 1255 860 1308 sententiam
893 1255 1198 1318 attendunt,
1228 1271 1349 1326 qua:
1372 1256 1606 1328 seipsatn
1633 1257 1896 1315 declarat.
1930 1258 2106 1326 Hunc,

535 1345 731 1415 inquit,
782 1345 985 1411 Jesum,
1018 1354 1078 1400 ut
1125 1355 1458 1417 assumptum
1505 1363 1536 1402 a
1581 1347 1809 1406 Domino
1855 1359 2110 1406 naturam

533 1437 772 1493 hominis
805 1437 1164 1493 demonstret.
1191 1437 1326 1492 Nam
1351 1453 1417 1494 ex
1461 1439 1548 1497 his
1575 1440 1761 1497 verbis
1787 1458 1800 1495 :
1838 1441 1994 1497 Hunc
2014 1442 2108 1498 Je-

531 1543 648 1582 sum
701 1544 852 1598 quem
911 1529 1276 1598 cruci/ixistis,
1326 1531 1678 1602 perspicuum
1710 1540 1796 1588 est
1825 1531 1895 1589 de
1942 1548 2110 1590 carne

529 1621 622 1674 illa
657 1635 782 1676 esse
815 1635 1146 1686 sermonem,
1180 1635 1344 1693 quam
1395 1623 1484 1678 isti
1525 1623 1932 1680 cruciﬂxerant.
1974 1625 2110 1683 Pro-

529 1723 714 1781 pterea
765 1711 1030 1769 Dominus
1093 1713 1150 1769 in
1211 1713 1501 1784 Evsngelio
1531 1730 1546 1767 :
1583 1713 1745 1770 Nunc
1778 1701 1974 1783 autem,
2005 1718 2104 1783 ait,

2218 538 2431 609 ᾠόμεθα
2474 540 2574 610 τῆς
2617 541 2956 606 ἀκολουθίας.
3002 541 3433 614 Προτρασίζονται
3471 541 3584 617 γὰρ
3632 545 3799 599 πάλιν

2219 631 2411 703 ἑτέραν
2440 632 2712 703 πρόφασιν
2743 634 2842 706 τὴν
2871 635 2976 688 ὑπὸ
3008 634 3102 688 τοῦ
3133 635 3286 704 ἁγίου
3321 636 3530 708 Πέτρου
3579 639 3638 692 ἐν
3675 640 3804 701 ταῖς

2218 722 2486 795 Πράξεσιν
2520 725 2851 798 εἰρημένηνο
2883 727 2964 780 δτι
2989 727 3255 795 Φανερὸν
3289 728 3445 784 ἔστω
3468 729 3634 799 ὑμῖν,
3677 730 3804 796 πᾶς

2218 809 2384 879 οἶκος
2423 813 2688 883 Ἰσραὴλ,
2711 813 2799 869 ὅτι
2825 815 3041 870 τοῦτον
3063 816 3169 870 τὸν
3204 817 3447 884 Ἰησοῦν
3482 818 3556 872 ὃν
3578 818 3805 872 enav-

2209 902 2468 971 ρώσατε,
2515 906 2616 958 καὶ
2651 908 2872 975 Κύριον
2909 906 3007 961 καὶ
3051 907 3314 976 Χριστὸν
3355 909 3542 964 αὐτὸν
3574 911 3608 962 ό
3647 907 3804 974 Θεὸς

2216 997 2488 1065 ἐποίησε.
2515 998 2626 1052 Καὶ
2654 997 2869 1067 λέγουσι
2894 999 3076 1065 πάλιν,
3100 1001 3183 1054 ὅτι
3205 1000 3267 1054 τὸ
3284 1000 3520 1054 ἐνταῦθα
3538 999 3805 1068 ἐποίησε

2215 1087 2546 1159 γέγραπται.
2604 1089 2715 1143 Καὶ
2753 1091 2852 1160 οὐχ
2891 1091 3060 1163 ὁρῶσι
3105 1093 3168 1145 τδ
3213 1093 3377 1163 ῥητὸν
3429 1092 3632 1162 (αὐτὸς
3683 1091 3806 1163 γὰρ

2218 1178 2395 1250 ἑαυτῷ
2421 1178 2481 1232 τὸ
2503 1181 2665 1252 ῥητὸν
2691 1181 2928 1252 μηνύει).
2962 1181 3187 1238 Τοῦτον
3235 1184 3346 1256 γὰρ
3389 1184 3498 1239 τὸν
3522 1184 3803 1253 Ἰησοῦν,

2217 1268 2303 1321 ἵνα
2321 1268 2538 1341 σημάνῃ
2557 1270 2658 1342 τὴν
2677 1269 3091 1344 ὶνανθρώπησιν
3113 1273 3342 1343 Κυρίου.
3386 1273 3518 1327 Ἀπὸ
3537 1273 3632 1327 τοῦ
3655 1271 3803 1343 γὰρ,

2222 1358 2442 1413 Τοῦτον
2461 1359 2569 1414 τὸν
2609 1360 2872 1428 Ἰησοῦν,
2901 1361 2974 1416 ὃν
2996 1362 3436 1432 ἐσταυρώσατε,
3478 1364 3718 1434 φανερόν
3747 1365 3806 1416 τί

2216 1451 2365 1504 ἐστιν
2391 1451 2473 1505 δτι
2506 1452 2572 1524 ἢν
2599 1451 2951 1522 ἐσταύρωσαν
2978 1454 3178 1526 σάρκα.
3223 1456 3413 1526 Σάρκα
3453 1456 3558 1528 γὰρ
3593 1456 3809 1510 iocati-

2217 1558 2420 1614 ρωσαν.
2460 1545 2572 1598 Καὶ
2609 1545 2698 1600 διὰ
2726 1544 2886 1600 τοῦτο
2911 1547 2940 1600 ὀ
2975 1547 3179 1617 Κύριος
3218 1547 3278 1602 ἑν
3321 1547 3404 1620 τῷ
3433 1548 3765 1618 Εὑαγγελῑῳ
3785 1563 3801 1578 ·

2212 1634 2344 1689 Νῦν
2370 1635 2439 1688 δὲ
2469 1634 2688 1703 ζητεῖτέ
2711 1654 2790 1706 με
2815 1638 3162 1693 ἀποκτεῖναι
3205 1637 3539 1709 ἄνθρωπον,
3578 1640 3646 1706 ὸς
3671 1641 3805 1708 τὴν

2213 1726 2506 1795 ἀλήθειαν
2543 1727 2686 1798 ὑμῖν
2721 1719 3019 1798 ἐλάλησα,
3063 1728 3147 1798 ἣν
3191 1730 3430 1800 ἤκουσα
3474 1732 3634 1800 παρὰ
3675 1733 3803 1786 τοῦ

527 1804 770 1874 qureritis
803 1816 894 1859 me
929 1805 1222 1874 interﬁcere
1251 1803 1532 1869 hominem,
1579 1808 1671 1878 qui
1709 1809 1981 1863 veritatem
2025 1811 2106 1864 to-

2210 1816 2439 1884 Πατρός
2472 1833 2612 1886 μου⁶
2647 1817 2762 1871 ἀλλ’
2798 1819 2862 1872 οὐ
2894 1797 2994 1890 τῆς
3033 1797 3498 1894 ὶνανθρωπῄσεως
3536 1797 3804 1892 διορίζων

528 1905 684 1950 cutus
712 1906 829 1950 sum
857 1897 1022 1960 vobis,
1052 1913 1212 1968 quam
1237 1899 1415 1952 audiui
1463 1913 1499 1954 ιι
1535 1898 1701 1964 Ratre
1736 1917 1850 1956 meo
1871 1903 1912 1958 ⁸.
1947 1903 2108 1976 76⁵

527 1984 719 2057 Neque
765 1996 950 2042 tamen
980 1989 1050 2044 ab
1087 1989 1323 2044 humana
1381 1990 1473 2045 illa
1531 1999 1730 2047 natura
1769 1993 2108 2050 divinitatem

528 2081 819 2136 abstraxit.
847 2080 1126 2151 Siquidem
1149 2081 1263 2137 haec
1288 2081 1361 2139 ab
1379 2083 1470 2138 illa
1505 2084 1825 2142 imminente
1849 2086 2110 2157 passione

531 2179 781 2242 separata
843 2187 954 2227 non
1011 2173 1132 2239 fuit,
1189 2187 1291 2229 nec
1327 2173 1383 2228 in
1439 2173 1557 2244 ipsa
1594 2172 1814 2231 domum
1851 2177 2110 2248 passiam

525 2261 719 2319 eadem
755 2273 840 2318 est
888 2279 919 2318 a
962 2263 1140 2320 Verbo
1168 2266 1262 2320 illa
1311 2265 1592 2322 derelicta.
1625 2265 1733 2322 Sed
1775 2282 1952 2339 neque
1971 2266 2109 2324 Ver-

529 2356 659 2409 bum
705 2354 985 2426 passionis
1051 2355 1233 2411 omnis
1291 2370 1490 2426 expers
1546 2363 1706 2412 antea
1737 2371 1960 2428 passum
1995 2369 2105 2426 est,

527 2451 781 2519 quamvis
811 2453 866 2505 in
889 2465 1052 2517 carne
1091 2451 1329 2521 patiente
1364 2451 1649 2508 resideret.
1679 2451 1895 2509 Etenim
1918 2468 2025 2509 una
2053 2461 2110 2511 et

524 2543 717 2598 eadem
768 2542 1059 2613 appellatio
1105 2551 1217 2597 tam
1246 2542 1362 2610 Dei,
1393 2558 1558 2614 quam
1590 2544 1863 2614 hominis,
1902 2556 2110 2604 natura:

527 2648 659 2688 vere
695 2639 751 2689 et
779 2633 996 2704 proprie
1019 2636 1296 2699 convenit,
1341 2648 1404 2688 ac
1438 2641 1549 2688 tam
1578 2645 1838 2707 suscepta
1869 2637 2110 2695 hominis

527 2741 560 2780 a
605 2725 781 2781 Verbo
806 2735 1024 2792 natura,
1053 2741 1216 2796 quam
1249 2725 1512 2782 Dominus
1539 2726 1594 2781 in
1627 2735 1909 2798 assumpta
1941 2743 2109 2786 carne

529 2818 839 2874 subsistens
863 2817 1114 2874 Christus
1136 2817 1354 2872 dicitur.
1395 2815 1596 2872 Verum
1624 2832 1824 2889 passus
1846 2819 1907 2874 in
1936 2834 2107 2876 carne

530 2907 596 2960 ad
632 2923 756 2961 eum
798 2906 1019 2961 modum
1067 2906 1289 2973 dicitur,
1332 2921 1441 2978 quo
1491 2906 1684 2964 Petrus
1720 2909 1934 2966 locutus
1969 2917 2054 2966 est
2088 2928 2102 2967 :

527 2997 743 3053 Christo
762 3011 920 3068 passo
941 3015 1036 3070 pro
1062 2999 1210 3054 nobis
1238 3001 1292 3054 in
1320 3015 1478 3054 carne
1499 2999 1542 3067 ⁸,
1573 3015 1684 3072 quo
1716 3001 2012 3056 immunem
2036 3000 2107 3056 ab

2208 1908 2308 1980 τὴν
2344 1907 2594 1978 θεότητα.
2637 1909 2776 1964 Οῧτε
2821 1910 2932 1983 γὰρ
2977 1909 3138 1976 iure;
3177 1913 3279 1982 τῆς
3319 1912 3802 1985 “neptunia-em;

2210 1999 2456 2072 ὑπῆρχεν
2489 2003 2522 2073 ἠ
2556 1999 2768 2074 θεότης,
2813 2003 3050 2075 ὁπηνίκα
3073 2000 3265 2074 εμελλε
3290 2003 3539 2074 πάσχειν,
3567 2003 3696 2058 οὕτε
3733 2006 3805 2058 ὲν

2207 2092 2288 2164 τῷ
2315 2093 2544 2165 πάσχειν
2569 2093 2965 2165 ἐγκατελείφθη
3003 2095 3111 2149 ὑπὸ
3131 2094 3228 2149 τοῦ
3257 2095 3432 2164 Λόγου
3463 2097 3496 2167 ή
3522 2096 3803 2167 ενσαρκος

2209 2185 2502 2256 παρουσία.
2561 2183 2702 2240 Ἀλλ’
2743 2183 2870 2240 οὔτε
2911 2187 2939 2239 ὁ
2972 2185 3190 2259 ἀπαθὴς
3228 2187 3402 2256 Λόγος
3448 2186 3682 2241 πέπονθε
3729 2188 3803 2241 τὸ

2209 2278 2471 2350 πρότερον
2515 2280 2574 2331 ἑν
2623 2278 2787 2349 σαρκὶ
2827 2278 2907 2333 ὢν
2945 2281 3013 2351 τῇ
3064 2277 3371 2350 πασχούσῃ.
3417 2278 3640 2348 ’Λληθὲς
3670 2280 3802 2350 γάρ

2209 2372 2357 2423 ἐστιν
2395 2370 2482 2422 ἐπ’
2510 2371 2837 2441 ἀμφοτέρων
2863 2370 2925 2424 τὸ
2950 2371 3012 2424 ἓν
3047 2371 3247 2441 ὄνομα,
3279 2370 3337 2424 ἐν
3371 2387 3432 2424 τε
3457 2374 3525 2442 τῇ
3569 2371 3800 2441 θεότητι.

2209 2462 2302 2516 καὶ
2329 2463 2391 2515 ἓν
2418 2463 2486 2532 τῇ
2513 2461 2883 2534 ἀνθρωπήσει.
2913 2457 3148 2533 Χριστὸς
3177 2461 3288 2532 γὰρ
3311 2464 3345 2532 ἡ
3373 2461 3799 2532 ὲνανθρώπησις

2208 2551 2373 2607 αὑτοῦ
2417 2551 2512 2607 τοῦ
2554 2554 2760 2623 Λόγου,
2805 2553 2901 2608 καὶ
2926 2554 3160 2624 Χριστὸς
3187 2553 3392 2624 Κύριος
3427 2555 3487 2606 ὲν
3527 2553 3664 2624 αὐτῇ
3719 2556 3795 2624 τῇ

2207 2646 2457 2716 ὲνσάρκῳ
2487 2645 2781 2719 παρουσίᾳ.
2837 2645 2998 2700 Ἀλλὰ
3023 2645 3084 2699 τὸ
3124 2645 3223 2716 μὲν
3271 2643 3464 2700 παθεῖν
3494 2646 3552 2698 ὲν
3593 2645 3794 2713 σαρκὶ,

2207 2737 2390 2802 καθὼς
2427 2734 2548 2791 εἷπε
2592 2738 2833 2810 Πέτρος,
2880 2737 2963 2791 ὅτι
3003 2737 3262 2806 Χριστοῦ
3298 2737 3596 2802 παθόντος
3629 2735 3795 2803 ὑπὲρ

2208 2829 2377 2899 ἡμῶν
2402 2829 2608 2900 σαρκὶ,
2645 2831 2734 2886 ἶνα
2774 2829 2923 2904 δείξῃ
2948 2829 3047 2901 τὴν
3081 2829 3347 2883 ἀπάθειαν
3378 2830 3480 2900 τῆς
3504 2827 3788 2898 Otiosum?

2208 2923 2302 2976 καὶ
2334 2922 2518 2976 πάλινο
2565 2921 2909 2978 Ἀποθανὼν
2948 2921 3020 2976 ἐν
3058 2919 3260 2990 σαρκί,
3307 2918 3688 2990 (oio-romani;
3715 2918 3792 2972 es

2206 3012 2289 3080 τῷ
2327 3014 2644 3083 Πνεύματι.
2675 3013 2856 3068 Τοῦτο
2878 3014 2900 3045 ⁸
2935 3009 3029 3067 οὖν
3058 3013 3166 3066 τὸν
3211 3009 3540 3079 Ἰησοῦν-ὃν
3561 3010 3788 3064 ἐσταυ-

525 3091 677 3143 onmi
723 3091 962 3160 patiendi
1033 3091 1347 3147 conditione
1395 3091 1746 3148 Divinitatem
1811 3092 2102 3163 signiﬁcet.

2209 3104 2458 3175 ρώσατε,
2496 3106 2582 3158 ἵνα
2618 3105 2692 3175 μὴ
2730 3103 3075 3176 παραλειφθῇ
3109 3106 3142 3176 ἠ
3191 3103 3320 3172 ἁγία
3347 3102 3612 3173 ἐνσαρκος
3640 3103 3790 3154 nixo-

529 3182 663 3235 ltem
698 3200 711 3236 :
735 3181 980 3238 Mortuus
1000 3184 1057 3238 in
1076 3189 1270 3249 carne,-
1296 3185 1590 3255 viviﬁcatus
1627 3193 1806 3240 autem
1843 3185 2036 3255 spiritu
2059 3183 2102 3237 ⁸.

527 3273 690 3344 Ergo,
719 3274 856 3329 Ιιιιιιε
881 3273 1085 3344 Iesum,
1123 3293 1276 3349 quem
1307 3279 1671 3349 cruciﬁxistis,
1691 3278 1815 3335 ideo
1846 3277 2005 3344 dixit,
2037 3293 2108 3335 ne

522 3381 558 3419 a
591 3367 862 3435 passionis
895 3377 947 3424 et
979 3371 1274 3426 creationis
1313 3377 1537 3442 experte
1565 3369 1746 3428 Verbo
1777 3371 1969 3426 relicta
2002 3370 2106 3425 hu-

523 3472 684 3513 mana
708 3468 901 3515 natura
933 3460 1203 3528 videatur,
1245 3462 1340 3519 sed
1372 3477 1498 3518 cum
1546 3462 1739 3519 eodem
1784 3464 2101 3536 conjuncta.

517 3551 608 3608 οι»
642 3553 695 3607 id
729 3552 1019 3609 Dotmnum
1053 3552 1444 3625 Christumque
1493 3553 1622 3610 fecit
1681 3554 1822 3612 Deus
1867 3556 1921 3611 id
1954 3555 2102 3627 quod

521 3657 590 3696 ex
620 3642 787 3697 Maria
821 3645 1063 3715 genitum
1101 3651 1242 3709 erat,
1297 3652 1352 3701 et
1391 3659 1517 3700 cum
1557 3643 1846 3702 divinitate
1876 3646 2105 3717 copula-

525 3742 664 3788 tum.
695 3733 812 3789 Non
845 3736 990 3790 enim
1038 3734 1208 3790 Maria
1246 3735 1391 3793 Deus
1417 3736 1629 3793 exstitit
1657 3755 1676 3794 :
1707 3737 1854 3793 unde
1879 3738 2104 3794 verbum

526 3823 683 3887 illud,
713 3824 856 3891 fecit,
880 3839 1005 3880 mox
1029 3825 1255 3882 addidit.

599 3913 702 3971 Sed
733 3924 786 3972 et
816 3899 1041 3987 auge-lus
1066 3916 1285 3973 Gabriel
1311 3919 1669 3990 interroganti
1705 3918 1886 3976 Mariae
1914 3938 1929 3976 :
1960 3919 2101 3986 Quo-

527 4009 682 4062 modo
717 4009 807 4078 ﬁet
849 4007 1014 4074 istud,
1034 4011 1282 4080 quoniam
1327 4010 1497 4064 virum
1544 4025 1648 4064 non
1687 4014 1979 4082 cognosco?
2017 4026 2106 4066 re-

525 4101 784 4170 Spondit:
817 4098 1048 4170 Spiritus
1081 4099 1294 4155 Domini
1324 4100 1641 4170 superueniet
1676 4102 1731 4156 in
1762 4111 1830 4166 te,
1855 4110 1905 4157 et
1937 4102 2103 4157 uirtus

524 4191 788 4248 Altissimi
813 4191 1144 4246 obumbrabit
1178 4201 1246 4246 te.
1292 4189 1520 4262 Ideoque
1555 4192 1693 4263 quod
1715 4193 1955 4264 gignetur
1973 4209 2103 4247 san-

523 4294 687 4349 ctum,
722 4285 992 4340 vocabitur
1023 4283 1122 4338 Dei
1150 4283 1326 4338 Filius
1351 4284 1394 4339 ⁸.
1441 4282 1562 4339 Jam
1605 4298 1734 4340 cum
1769 4285 1928 4349 dixit,
1964 4283 2100 4354 quod

523 4377 783 4446 gignetur,
821 4387 974 4432 extra
1002 4392 1217 4431 onmem
1249 4378 1679 4434 controversiam
1707 4378 1774 4434 de
1804 4377 1896 4433 Dei
1924 4376 2104 4434 Verbo
2139 4386 2142 4392 ‘

2207 3199 2372 3271 νομία
2401 3198 2510 3252 ἀπὸ
2551 3197 2644 3252 τοῦ
2691 3197 2935 3262 ἀπαθοῦς
2979 3197 3074 3256 καὶ
3114 3197 3371 3251 ἀκτίστου
3410 3196 3606 3264 Λόγου,
3645 3194 3788 3248 ἀλλὰ

2210 3293 2484 3365 συνενωθῇ
2511 3292 2624 3348 ἄνω
2649 3291 2728 3362 τῷ
2749 3291 2993 3362 ἁκτίστῳ
3018 3291 3196 3361 Λόγῳ.
3225 3289 3326 3344 Διὰ
3349 3288 3508 3343 τοῦτο
3540 3289 3636 3342 καὶ
3673 3287 3789 3340 Κύ-

2211 3401 2326 3456 ριον
2351 3384 2446 3438 καὶ
2477 3384 2712 3455 Χριστὸν
2745 3385 2774 3436 ὁ
2801 3383 2934 3446 Θεὸς
2969 3381 3196 3453 ἐποίησε
3223 3380 3283 3433 τὸ
3309 3383 3375 3434 ὲκ
3403 3378 3622 3449 Μαρίας
3656 3377 3787 3430 συλ-

2207 3474 2429 3548 ληφθέν,
2466 3474 2529 3530 τὸ
2558 3477 2617 3530 ὲν
2648 3475 2864 3546 θεότητι
2910 3472 3210 3527 συνενωθέν
3229 3486 3242 3500 ·
3281 3473 3342 3525 οὐ
3371 3470 3482 3540 γὰρ
3509 3471 3543 3541 ἡ
3595 3468 3788 3540 Μαρία

2206 3570 2340 3635 Θεὸς
2374 3570 2515 3624 κατὰ
2545 3569 2728 3639 φύσιν.
2758 3566 2857 3620 Διὰ
2889 3565 3049 3620 τοῦτο
3077 3564 3206 3635 ἑξῆς
3249 3562 3309 3617 τὺ
3340 3562 3632 3629 ἐποίησεν
3663 3561 3786 3613 ἑπι-

2209 3661 2387 3733 φέρει.

2289 3924 2376 3988 Ὢς
2405 3923 2498 3977 καὶ
2522 3923 2550 3976 ὁ
2579 3920 2809 3990 ἄγγελος
2838 3919 3077 3990 Γαϐριὴλ
3100 3933 3286 3989 φησιν,
3310 3913 3664 3987 spis-squam;
3688 3913 3786 3964 αὑ·-

2201 4015 2421 4088 τῆς,ὅτι
2449 4013 2584 4079 Πῶς
2608 4015 2781 4068 ἔσται
2805 4011 3002 4077 τοῦτο,
3025 4009 3155 4064 ἐπεὶ
3175 4008 3365 4078 ἄνδρα
3385 4010 3457 4063 οὐ
3477 4005 3781 4077 τινώσκω;

2208 4109 2376 4180 φησί·
2424 4107 2666 4175 Πνεῦμα
2699 4103 2922 4171 Κυρίου
2951 4103 3341 4156 ἐπελεύσεται
3374 4101 3471 4154 ἐπὶ
3521 4099 3596 4153 σὲ
3619 4137 3634 4163 ,
3686 4097 3785 4151 καὶ

2207 4202 2460 4271 δύναμις
2483 4199 2767 4267 Ὑψίστου
2789 4195 3129 4250 ἐπισκιάσει
3156 4212 3278 4249 σοι.
3296 4194 3392 4247 Διὸ
3417 4192 3517 4248 καὶ
3551 4194 3620 4244 τὸ
3650 4206 3782 4260 τεν-

2206 4295 2477 4366 νώμενον
2517 4293 2690 4362 ἄτιον
2719 4289 3090 4359 κληθήσεται
3139 4287 3275 4354 Υἱὸς
3315 4286 3485 4340 Θεοῦ.
3524 4285 3695 4338 Ὅταν
3725 4283 3785 4336 δὲ

2208 4387 2337 4458 εἴπῃ
2348 4427 2362 4447 .
2379 4384 2476 4439 καὶ
2495 4383 2558 4437 τὸ
2573 4382 2971 4452 γεννώμενον,
2989 4380 3188 4444 ἔδειξεν
3201 4376 3633 4447 ἀκαταζητήτως
3657 4374 3785 4444 περὶ

523 4469 869 4538 signiﬁcavit,
917 4469 1073 4524 haud
1136 4470 1299 4525 dubie
1362 4467 1559 4525 Filium
1621 4486 1779 4534 esse,
1845 4471 1939 4540 qui
2002 4485 2104 4526 nec

2209 4478 2340 4532 Θεοῦ
2365 4478 2558 4546 Λόγου,
2575 4477 2656 4530 ὅτι
2677 4475 2806 4537 Υἱός
2832 4475 2979 4526 ἐστιν
3004 4469 3408 4540 ἀναμφιδόλως,
3431 4468 3492 4520 οὐ
3521 4465 3782 4529 κτισθεὶς,

521 4563 796 4617 creatione
824 4576 925 4618 nec
952 4559 1236 4618 effectione
1265 4561 1564 4632 productus
1600 4562 1780 4617 fuerit.
1815 4561 1889 4615 De
1916 4576 2103 4617 susce-

521 4664 614 4726 pta
662 4665 842 4710 autem
885 4669 917 4709 e
966 4651 1134 4708 Maria
1183 4653 1420 4709 hominis
1466 4661 1662 4707 natura
1720 4667 1846 4706 cum
1893 4650 2103 4706 addita-

522 4755 708 4803 tneuto
738 4747 850 4814 illo,
875 4745 1012 4817 quod
1035 4747 1296 4816 giguetur,
1350 4745 1480 4800 illud
1523 4745 1696 4815 accipi
1739 4743 1916 4807 debet,
1950 4745 2103 4798 Clario

522 4845 664 4896 stum
693 4845 743 4890 et
777 4834 1057 4890 Dominum
1087 4835 1231 4904 fecit,
1263 4835 1486 4903 perinde
1521 4843 1683 4901 atque
1727 4832 1780 4887 in
1811 4832 1933 4888 aliis
1968 4832 2102 4887 locis

524 4927 810 4983 manifeste
864 4928 1081 4998 impleta
1139 4927 1323 4982 omnia
1395 4933 1558 4990 sunt,
1613 4938 1714 4980 nec
1771 4924 2102 4980 diliicultatis

523 5018 820 5086 quidquam
851 5021 1152 5075 continent.
1189 5019 1290 5084 ita,
1347 5019 1590 5086 inquam,
1622 5016 1766 5088 quod
1827 5017 1930 5071 hoc
1983 5018 2104 5072 loco

522 5107 745 5172 dicitur,
776 5110 830 5162 in
860 5111 1236 5165 incarnatione
1274 5109 1573 5180 perfectum
1615 5117 1722 5164 est.
1754 5107 1934 5176 Quare
1969 5110 2106 5166 nihil

521 5210 602 5256 est
633 5199 775 5270 quod
809 5199 863 5254 hi
909 5202 999 5270 qui
1029 5199 1155 5255 vita:
1195 5215 1307 5255 suae
1355 5215 1540 5255 curam
1582 5209 1799 5270 gerunt,
1838 5201 2012 5272 abripi
2044 5218 2104 5260 se

521 5289 577 5345 in
635 5305 881 5345 errorem
929 5291 1039 5345 ullo
1083 5291 1246 5346 modo
1291 5292 1585 5362 patiantur.
1637 5291 1880 5362 Denique
1916 5296 2098 5349 vivum

520 5379 759 5438 Verbum
811 5397 841 5437 a
887 5384 1010 5438 vivo
1043 5381 1206 5438 Patre
1240 5387 1529 5454 processit,
1553 5383 1722 5441 Filius
1757 5384 1954 5450 Patris,
1987 5401 2098 5442 non

519 5475 588 5530 ab
625 5489 693 5532 eo
726 5480 965 5531 creatus.
1014 5473 1186 5530 Porro
1217 5477 1400 5532 omnia
1444 5477 1500 5531 in
1547 5478 1922 5534 incarnatione
1971 5495 2098 5549 per-

2208 4571 2268 4626 οὺ
2319 4567 2586 4640 ποιηθείς.
2629 4566 2764 4638 Περὶ
2790 4566 2810 4598 "
2859 4565 2916 4619 δὲ
2959 4563 3062 4617 ἀπὸ
3110 4562 3330 4634 Μαρίας
3377 4560 3478 4630 τῆς
3515 4559 3784 4629 ὲνσάρκου

2207 4661 2518 4730 οἰκονομίας
2537 4698 2553 4722 ,
2603 4657 2741 4729 μετὰ
2775 4656 3094 4726 προσθήκης
3113 4694 3127 4718 ,
3159 4652 3256 4706 καὶ
3280 4651 3345 4705 τὸ
3372 4649 3748 4720 γεννώμενον
3766 4688 3784 4711 ,

2207 4752 2315 4804 τὸν
2351 4750 2608 4819 Χριστὸν
2647 4748 2747 4801 καὶ
2788 4748 3006 4816 Κύριον
3049 4745 3370 4810 ἐποίησε-ιγ’
3421 4741 3496 4804 ὡς
3538 4739 3631 4791 ἐπὶ
3665 4739 3786 4800 ταῖς

2207 4839 2396 4903 ἄλλαις
2443 4840 2631 4910 ρήσεσι
2681 4837 2861 4890 πάντα
2903 4833 3090 4903 σαφῶς
3123 4831 3414 4904 ἐπληρώθη
3439 4871 3454 4896 ,
3495 4829 3590 4882 καὶ
3631 4828 3786 4880 οὐδὲν

2208 4931 2455 5003 καμάτου
2486 4927 2849 5000 περιέχουσιν,
2895 4925 3052 4978 Οὕτω
3083 4923 3178 4978 καὶ
3215 4921 3449 4976 ἐνταῦθα
3491 4921 3549 4972 ὲν
3580 4922 3644 4990 τῇ
3697 4920 3784 4970 ὲν-

2208 5025 2397 5096 σάρκῳ
2449 5020 2724 5092 παρουσίᾳ
2775 5017 3163 5088 πεπλήρωται’
3219 5013 3313 5067 καὶ
3385 5010 3609 5080 οὐδεμία
3666 5009 3785 5062 ὲστί

2207 5113 2564 5187 παρεκτροπὴ
2615 5113 2726 5172 τοῖς
2778 5111 2877 5180 τῆς
2926 5107 3060 5169 ἰδίας
3111 5105 3258 5172 ζωῆς
3307 5099 3782 5170 ἐπιμελουμένοις.

2206 5204 2322 5258 Ζῶν
2356 5203 2462 5273 γὰρ
2495 5202 2523 5253 ὁ
2556 5200 2728 5267 Λόγος
2753 5199 2861 5251 ἀπὸ
2888 5194 3088 5260 ζῶντος
3122 5192 3359 5266 Πατρὸς,
3386 5190 3514 5252 Υἱὸς
3535 5189 3631 5242 τοῦ
3665 5189 3783 5242 Πα-

2203 5293 2354 5365 τρὸς,
2404 5294 2499 5347 καὶ
2523 5292 2584 5345 οὐ
2615 5289 2849 5352 κτιστός.
2879 5289 3064 5341 Πάντα
3091 5286 3147 5339 δὲ
3176 5287 3234 5339 ὲν
3260 5287 3324 5355 τῇ
3359 5283 3610 5353 ὲνσάρκῳ
3645 5298 3785 5351 παρ·

2203 5386 2364 5457 ουσία
2411 5385 2801 5455 πεπλήρωται,
2842 5382 2929 5434 ἵνα
2963 5379 3100 5450 μήτε
3132 5378 3425 5446 φάντασμα
3463 5372 3784 5442 νομισθείη,

2210 5479 2345 5551 μήτε
2389 5476 2669 5549 ὁμοούσιος
2711 5474 2746 5544 ἡ
2799 5472 2934 5543 σὰρξ
2965 5475 3032 5542 τῇ
3075 5470 3189 5525 ἄνω
3216 5469 3452 5539 θεότητι,
3491 5465 3632 5519 ἀλλὰ
3659 5481 3787 5519 συν-

594 5649 610 5679 ¹
640 5649 756 5724 Aet.
785 5667 845 5713 ιι,
871 5653 960 5708 3‘3.
1035 5657 1056 5686 '
1081 5651 1240 5709 Joao.
1269 5670 1364 5723 vn,
1397 5654 1484 5712 i9.
1560 5656 1625 5713 'l
1656 5654 1896 5723 Petruv,
1926 5658 1972 5710 1.
2049 5656 2106 5711 δ]

2209 5665 2292 5712 :tr.
2326 5672 2410 5721 Ill,
2434 5656 2517 5710 i8.
2602 5656 2620 5688 '
2651 5654 2783 5710 Luc.
2820 5671 2854 5720 ι,
2891 5652 2956 5710 ’54
2984 5670 3106 5724 sqq.
3183 5649 3362 5722 νιος.
3395 5647 3534 5704 [οι-ιε
3567 5644 3778 5701 τοῦτον.

519 5713 542 5748 ⁷
571 5715 859 5778 lutricatus
880 5723 979 5780 'bic
1003 5724 1178 5784 locus.
