3994 6408
142 377 249 435 269

787 370 1156 429 ADVERSUS
1184 370 1536 428 ιιιεῐιεδιεδ
1569 370 1697 424 LIB.
1731 370 1762 425 ll

1872 365 2105 434 ‘CM.,II.
2129 396 2196 406 -—
2217 364 2492 420 llAillBS.
2533 363 2718 418 LXIX.

3357 356 3464 412 illi

143 493 410 565 ηνωμένη
442 495 476 564 ἡ
508 491 919 565 ἐνανθρώπησις
959 491 1126 546 αὑτοῦ
1169 493 1249 556 είς
1287 491 1418 564 μίαν
1462 492 1756 555 ἀπάθειαν,

1872 487 2006 542 lecta
2041 492 2191 550 sunt,
2229 499 2297 538 ne
2330 492 2425 537 aut
2452 481 2633 536 inanis
2670 478 2918 551 quaedam
2972 475 3206 547 species,
3243 485 3339 529 aut
3379 474 3465 528 di-

146 585 393 656 μάλιστα
427 585 568 656 μετά
597 583 695 655 τὴν
721 586 784 637 ὲκ
812 584 1024 656 νεκρῶν
1044 584 1365 640 ἀνάστασιν.
1402 584 1614 638 οὐκέτι
1641 586 1752 655 γὰρ

141 675 527 744 ἀποθνήσκει
553 716 568 739 ,
632 676 798 746 φησὶ,
843 676 1098 742 θάνατος
1145 675 1334 730 αὐτοῦ
1398 676 1600 732 οὐκέτι
1653 696 1756 733 κυ-

137 771 355 836 ριεύει.
384 770 544 822 Ἐστι
574 768 684 837 γάρ
718 762 798 831 εἷς
830 767 1053 838 Κύριος,
1079 763 1161 832 εἷς
1186 769 1442 840 Χριστὸς,
1479 763 1560 834 εἷς
1591 771 1751 842 βασι⁶

141 861 299 924 λεῦς,
334 861 392 913 ὲν
425 859 579 932 δεξιᾷ
618 859 830 931 Πατρὸς
855 859 1187 929 καθήμενος,
1218 860 1280 913 τὸ
1305 860 1619 931 σωματικὸν
1653 862 1750 916 καὶ

146 951 547 1023 πιευματικὺν,
571 951 668 1022 μία
689 951 903 1016 ἓνωσις,
935 951 1030 1021 μία
1061 950 1250 1022 θεότης
1283 953 1656 1023 πνευματικὴ,
1679 952 1749 1006 τά

153 1047 443 1116 ἀμφότερα
470 1043 708 1112 φωτεινὰ
739 1044 834 1096 καὶ
880 1043 1084 1108 ἔνδοξα.
1115 1045 1237 1097 Ἔτι
1273 1043 1331 1097 δὲ
1371 1044 1758 1115 ὑπερϐήσομαι

157 1140 218 1190 τὸ
244 1137 404 1208 ῥητὸν
446 1135 650 1198 ἱκανῶς
682 1135 1119 1206 ἑρμηνευόμενον
1150 1132 1409 1204 νομίζων,
1441 1136 1538 1187 καὶ
1569 1135 1664 1187 ἐπὶ
1689 1134 1759 1189 τὰ

156 1228 324 1297 ἕτερα
354 1225 487 1296 τῆςι
517 1223 698 1277 αὐτῶν
720 1224 800 1285 εἰς
828 1219 1144 1293 ἀνατροπὴν
1163 1220 1274 1274 τῶν
1299 1220 1610 1275 ἀκουόντων
1635 1221 1757 1274 ἑπι-

152 1315 461 1386 νενοημένα
487 1312 580 1366 τοῦ
615 1311 794 1380 λέγειν
823 1308 1160 1378 ὲπιλάὄοιμι.

1867 577 2083 632 vinitati
2143 572 2628 630 ronsubstantialis
2681 584 2812 626 caro
2863 569 3200 632 crederetur,
3251 564 3346 622 sed
3406 566 3464 622 in

1864 685 2028 726 unam
2069 666 2345 738 passionis
2375 671 2655 735 expertem
2685 669 2895 717 naturae
2929 660 3301 715 conditionem
3334 671 3467 713 con-

1863 761 2074 816 sociata
2105 768 2299 814 natura
2325 757 2565 812 hominis
2591 755 2988 824 intelligeretur
3017 773 3029 808 :
3059 751 3130 808 id
3150 749 3295 822 quod
3324 758 3467 822 prat-

1866 854 2028 923 cipue
2061 860 2184 922 post
2225 849 2688 906 resurrectionem
2733 845 2979 914 conligit.
3011 841 3134 896 Non
3169 843 3307 896 enim
3344 857 3467 895 am-

1868 947 2008 1015 plius
2033 944 2281 1007 moritur,
2310 940 2518 1011 inquit;
2554 949 2698 993 mors
2731 936 2815 990 illi
2853 935 2996 989 ultra
3031 951 3133 988 non
3163 932 3467 987 dominabi-

1864 1047 1952 1088 tur
1989 1036 2028 1089 ³.
2080 1035 2176 1090 Est
2222 1035 2368 1090 enim
2421 1049 2567 1087 unus
2629 1030 2916 1091 Dominus,
2972 1045 3115 1084 unus
3165 1026 3418 1082 Christus
3448 1067 3464 1094 ,

1865 1126 2030 1196 766
2065 1142 2208 1180 unus
2235 1141 2329 1179 rex
2344 1125 2408 1179 ad
2427 1124 2708 1179 dexteram
2734 1120 2912 1176 Patris
2942 1119 3261 1182 considcns,
3295 1129 3465 1171 unum

1858 1219 2118 1288 quiddam
2185 1216 2432 1288 spiritale
2461 1215 2668 1286 pariter
2697 1221 2750 1268 et
2778 1225 3140 1283 corporeum,
3167 1205 3468 1279 singularis

1859 1310 2064 1371 unitas,
2124 1323 2233 1363 una
2287 1308 2552 1380 spiritalis
2603 1305 2886 1369 divinitas,
2943 1301 3252 1373 splendoris
3299 1298 3466 1353 ambo

152 1408 457 1479 gloriaeque
491 1403 829 1474 plenissima.
859 1399 1062 1456 Verum
1094 1400 1162 1454 de
1191 1397 1297 1452 hoc
1327 1398 1451 1454 loco
1476 1397 1780 1462 hactenus;
1810 1399 2027 1454 abunde
2058 1399 2205 1454 enim
2239 1415 2268 1452 a
2314 1399 2476 1454 nobis
2529 1395 2861 1467 explicatum
2913 1394 3176 1448 arbitror.
3205 1389 3363 1445 Nunc
3393 1389 3466 1446 ad

155 1502 259 1555 alia
296 1491 648 1556 veniendum,
681 1506 802 1564 quae
827 1493 894 1547 ad
925 1490 1264 1545 audientium
1297 1489 1595 1560 perniciem
1625 1491 1697 1545 ab
1727 1490 1839 1546 illis
1871 1492 2180 1562 excogitata
2213 1500 2362 1546 sunt.

225 1593 366 1648 MT”.
405 1590 545 1643 Φασὶ
572 1589 682 1659 γὰρ
716 1586 880 1640 πάλιν
903 1585 1054 1658 (96)·
1076 1585 1140 1638 Et
1175 1584 1322 1639 ἔστιν
1351 1586 1418 1639 ἐκ
1445 1585 1544 1656 τῆς
1565 1585 1754 1649 οὐσίας

158 1685 251 1738 τοῦ
279 1683 519 1752 Πατρὸς,
551 1680 667 1743 πῶς
699 1679 801 1733 οὐκ
828 1674 938 1731 οἶδε
968 1677 1066 1748 τὴν
1099 1676 1250 1748 ὥραν
1269 1677 1365 1730 καὶ
1389 1676 1489 1748 τὴν
1514 1677 1752 1748 ἡμέραν,

157 1777 299 1831 ἀλλά
329 1775 445 1845 ἰδίῳ
478 1773 621 1842 λόγῳ
651 1769 908 1842 ὁμολογεῖ
926 1772 1040 1834 τοῖς
1077 1769 1348 1840 μαθηταῖς
1379 1769 1454 1839 μὴ
1484 1769 1684 1823 εἰδέναι
1717 1768 1754 1822 ἃ

157 1872 188 1925 6
215 1868 413 1939 Πατὴρ
446 1867 770 1930 ἐπίσταται,
817 1864 1029 1934 φήσας,
1078 1863 1163 1915 ὅτι
1211 1861 1354 1931 Περὶ
1385 1859 1494 1930 τῆς
1528 1863 1755 1932 ἡμέρας

158 1962 401 2027 ἐκείνης
431 1958 531 2012 καὶ
550 1947 661 2025 τῆς
691 1956 850 2024 ὥρας
882 1954 1084 2020 οὐδεὶς
1104 1949 1290 2019 οἶδεν,
1329 1953 1469 2008 οὔτε
1495 1958 1550 2008 οι
1576 1952 1754 2025 ἄγγε-

159 2056 260 2106 λοι
285 2052 357 2104 ὲν
385 2047 623 2118 οὐρανῷ
643 2089 659 2114 ,
687 2048 826 2102 οὔτε
871 2049 906 2102 ό
958 2047 1092 2114 Υιὸς
1113 2085 1129 2111 ,
1168 2048 1224 2100 sl
1243 2045 1331 2115 μὴ
1362 2048 1395 2100 ὀ
1424 2044 1629 2114 Πατὴρ
1654 2048 1758 2116 μό-

161 2160 269 2208 νος
291 2158 312 2205 ;
350 2142 413 2194 Εἰ
447 2145 648 2204 τοίνυν,
681 2137 869 2208 φασὶν,
905 2140 935 2192 6
964 2135 1154 2210 Πατὴρ
1183 2133 1314 2201 οἶδε,
1346 2137 1442 2191 καὶ
1465 2137 1630 2201 αὐτὸς
1657 2139 1759 2192 οὐκ

161 2231 302 2297 οἶδε,
332 2233 452 2296 πῶς
481 2232 704 2286 δύναται
752 2233 788 2302 ἡ
833 2230 972 2302 αὑτὴ
1011 2230 1203 2300 θεότης
1236 2229 1452 2301 Πατρδς
1493 2229 1589 2283 καὶ
1625 2229 1756 2283 Υίοῢ

165 2325 437 2392 ὑπάρχειν
457 2365 472 2387 ,
517 2322 682 2376 ὁπότε
725 2317 764 2376 ἃ.
807 2315 945 2375 οτδεν
976 2323 1006 2379 6
1037 2319 1259 2391 Πατὴρ,
1312 2318 1342 2372 6
1375 2318 1504 2384 Υἱὸς
1537 2319 1754 2386 ἀγνοεῖς

168 2417 309 2469 Ὅσα
331 2415 387 2466 δὲ
412 2413 716 2485 μυστικῶς,
736 2413 829 2466 καὶ
858 2413 917 2466 ὲν
945 2414 1014 2483 τῇ
1038 2409 1209 2482 ὲνθέῳ
1230 2409 1397 2465 αὐτοῦ
1426 2410 1593 2482 σοφίᾳ
1618 2409 1758 2480 πρὸς

165 2506 464 2574 ἀσφάλειαν
491 2503 744 2573 γνώσεως
777 2503 1177 2576 ἀληθεστάτης,
1209 2507 1237 2558 ὁ
1266 2505 1580 2576 Μονογενὴς
1610 2504 1759 2558 διδά-

167 2615 316 2650 σκων
348 2599 636 2668 ὑφηγεῖτο,
673 2588 819 2649 οὗτοι
853 2596 1180 2664 ἀγνοοῦντες
1210 2594 1279 2648 τὰ
1322 2595 1754 2667 ἀνθρωποπαθῆ,

166 2692 346 2745 πάντα
380 2693 461 2753 είς
490 2688 701 2742 ἑαυτῶν
735 2689 972 2762 βλάϐην,
1006 2688 1196 2760 ὥσπερ
1222 2689 1371 2743 δεινά
1403 2690 1631 2762 ἑρπετὰ,
1665 2691 1760 2744 καὶ

167 2784 246 2846 εἰς
275 2781 492 2834 tauri?»
531 2781 709 2856 λύμην
745 2780 814 2836 τά
861 2782 968 2835 ὑπὸ
999 2781 1094 2834 τοῦ
1127 2781 1441 2853 πανούργου
1491 2782 1758 2854 θηρευτοῦ

166 2874 566 2946 δεδελεασμένα
633 2872 1083 2946 ἀφαρπάζουσιν,
1135 2875 1236 2928 οὐκ
1285 2874 1523 2939 εἰδότες,
1569 2877 1651 2929 ὅτι
1699 2875 1762 2929 τὸ

168 2965 369 3036 ψεῦδος
395 2967 633 3038 οὐδαμοῦ
658 2965 1012 3038 σταθήσεται,
1043 2969 1077 3038 ἡ
1099 2965 1157 3019 δὲ
1181 2965 1408 3039 ἀλήθεια
1431 2967 1610 3038 πάντη
1632 2968 1763 3032 τοὺς

173 3058 342 3120 ἰδίους
372 3056 542 3127 αὐτῆς
571 3057 719 3120 υἱοὺς
759 3056 1087 3128 διορθοῦται,
1120 3058 1214 3111 καὶ
1242 3057 1516 3130 ἐξελέγχει
1543 3058 1604 3112 τὸ
1623 3058 1759 3128 ψεῦ-

1936 1585 2119 1642 XLlll;
2151 1585 2266 1642 lloc
2295 1585 2441 1641 enim
2486 1583 2757 1654 objiciunt
2784 1600 2797 1636 :
2834 1579 2893 1635 Si
2922 1596 2988 1636 ex
3026 1577 3262 1636 essentia
3283 1576 3465 1632 Patris

1861 1687 1968 1742 est,
1995 1679 2270 1750 quomodo
2303 1678 2496 1732 horam
2533 1691 2597 1730 ac
2639 1674 2783 1730 diem
2831 1673 3068 1743 ignorat,
3119 1687 3287 1742 seque
3315 1667 3464 1742 quod

1789 1806 1831 1861 Β
1861 1769 2026 1826 Pater
2063 1771 2212 1825 novit
2260 1770 2478 1826 nescire
2509 1767 2798 1837 discipulis
2838 1767 2957 1822 suis
2994 1764 3234 1820 fatetur?
3266 1761 3344 1818 De
3377 1762 3467 1817 die

1873 1863 1992 1927 illa,
2021 1863 2218 1933 inquit,
2251 1873 2300 1918 et
2325 1864 2456 1918 hora
2476 1878 2626 1916 nemo
2657 1861 2819 1924 novit,
2845 1875 3007 1930 neque
3032 1857 3206 1930 angeli
3231 1858 3286 1911 in
3311 1856 3464 1920 calo,

1857 1969 2020 2026 neque
2051 1952 2250 2021 Filius,
2287 1955 2392 2008 nisi
2428 1953 2575 2009 solus
2607 1951 2772 2007 Pater
2797 1953 2848 2008 δέ
2885 1951 2942 2005 Si
2975 1950 3144 2021 igitur
3170 1947 3333 2005 Pater
3364 1965 3468 2003 no-

1857 2049 1937 2103 vit
1989 2049 2135 2119 quod
2191 2049 2406 2119 ignorat
2455 2048 2593 2118 ipse,
2643 2047 2737 2117 qul
2789 2053 2970 2116 potest
3007 2044 3191 2100 Patris
3232 2057 3296 2098 ac
3340 2041 3466 2097 Filii

1857 2141 2047 2197 eadem
2085 2155 2210 2195 esse
2239 2139 2526 2204 divinitas,
2566 2154 2691 2193 cum
2722 2136 2895 2193 Filius
2918 2152 3039 2207 qua:
3069 2136 3216 2191 Patri
3246 2136 3467 2206 cognita

1859 2237 1989 2286 sunt
2043 2228 2293 2284 nesciat?
2321 2226 2526 2282 Verum
2573 2242 2698 2297 quae
2743 2228 2993 2297 mystice,
3025 2241 3089 2280 ac
3138 2231 3237 2296 pro
3279 2223 3468 2279 divina

1859 2333 1960 2376 sua
1993 2319 2262 2390 sapientia
2299 2319 2367 2374 ad
2394 2319 2717 2375 certissima:
2760 2317 3005 2373 scientiae
3053 2316 3370 2371 firmitatem
3400 2329 3468 2372 ac

1860 2411 2260 2465 munimentum
2317 2409 2411 2465 Dei
2447 2407 2620 2464 Filius
2664 2407 2917 2464 docendo
2968 2408 3277 2478 proposuit,
3317 2418 3471 2476 quae-

1858 2518 1966 2573 que
1997 2503 2065 2558 ad
2104 2502 2403 2556 humanam
2438 2500 2808 2556 conditionem
2851 2498 3271 2555 accommodata
3311 2505 3467 2564 sunt,

1860 2595 2033 2668 ignari
2067 2596 2159 2651 isti
2199 2610 2356 2650 suam
2398 2594 2466 2649 ad
2503 2601 2712 2665 pestem
2753 2609 2816 2649 ac
2859 2592 3160 2664 perniciem
3205 2591 3470 2660 trahunt;

1862 2697 2122 2759 tanquam
2177 2694 2462 2757 serpentes
2518 2686 2742 2757 quidam
2794 2685 3136 2749 exitiabiles,
3180 2695 3344 2756 atque
3399 2685 3472 2740 ab

1862 2780 2063 2835 callido
2095 2787 2387 2851 captatore
2417 2793 2544 2835 esca
2572 2778 2809 2849 quadam
2844 2788 2897 2833 et
2923 2778 3182 2833 illecebra
3213 2779 3468 2850 pellecti;

1864 2886 1966 2928 nec
2001 2871 2134 2926 illud
2167 2871 2435 2938 sentiunt,
2474 2870 2615 2924 hanc
2645 2885 2766 2926 esse
2801 2869 3071 2926 mendacii
3100 2877 3376 2935 naturam,
3408 2878 3472 2924 ut

1863 2965 2172 3021 consistere
2209 2965 2465 3035 nuspiam
2515 2965 2722 3034 possit;
2785 2971 2975 3018 contra
3016 2963 3305 3018 veritatem
3361 2978 3472 3017 non

1864 3071 1964 3113 eos
1997 3058 2198 3122 solum,
2230 3072 2369 3127 quos
2405 3064 2668 3126 tanquam
2707 3055 2848 3110 lilios
2888 3043 3074 3119 habet,
3100 3053 3376 3110 moderari
3407 3069 3474 3109 ac

170 3147 279 3210 δος.
313 3146 470 3200 Εἴπω
493 3147 602 3220 γάρ
623 3147 790 3220 ὑμῖν⁸
819 3149 866 3202 οἱ
889 3148 990 3222 τὴν
1018 3147 1196 3221 κακὴν
1228 3149 1485 3206 ὑπόνοιαν
1515 3151 1643 3224 περὶ
1667 3150 1762 3204 τοῦ

1872 3157 2074 3222 regere,
2112 3150 2209 3206 sed
2248 3156 2304 3204 ct
2342 3149 2690 3203 mendacium
2746 3162 2908 3202 omne
2963 3147 3311 3202 convincere.
3358 3144 3475 3204 Hoc

168 3237 411 3309 Χριστοῧ
437 3239 759 3310 κεκτημένοι.
798 3239 893 3293 ἀπ’
924 3239 1132 3311 ἀρχῆς·
1165 3240 1231 3294 Τί
1261 3241 1445 3312 μεῖζόν
1470 3241 1590 3295 ἐστι
1617 3241 1761 3296 κατά

171 3327 340 3397 φύσιν
369 3328 624 3399 καὶπρὸς
643 3328 742 3399 τὴν
773 3329 999 3400 εἴδησιν,
1029 3331 1058 3382 6
1094 3329 1229 3394 Θεὸς
1258 3332 1288 3383 6
1322 3331 1541 3384 πάντων
1569 3331 1763 3383 δεσπό-

168 3436 294 3489 της,
322 3418 416 3472 καὶ
449 3419 643 3491 Πατὴρ
669 3419 764 3473 τοῦ
793 3420 998 3492 Κυρίου
1031 3419 1189 3491 ἡμῶν
1227 3421 1402 3491 Ἰησοῦ
1436 3421 1696 3493 Χριστοῦ,
1727 3421 1760 3491 ἢ

171 3513 207 3582 ή
243 3511 430 3583 ἡμέρα
459 3512 564 3565 ὑπὸ
597 3511 810 3582 Πατρδς
831 3553 846 3578 ,
877 3510 974 3565 καὶ
1007 3511 1156 3572 Υίοῦ,
1189 3511 1283 3566 καί
1315 3512 1473 3581 ἁγίου
1516 3513 1765 3583 Πνεύμα-

173 3619 262 3665 τος
297 3600 542 3673 ἀγομένη
590 3617 653 3654 τε
681 3641 695 3660 .
737 3601 830 3654 καὶ
864 3601 1146 3672 γινομένη,
1190 3605 1285 3656 καὶ
1318 3604 1352 3674 ή
1391 3601 1509 3674 ὥρα
1543 3603 1761 3674 ἐκείνῃ

178 3695 404 3758 Πάντως
447 3694 502 3747 δὲ
542 3693 888 3765 ἐρωτώμενοι
920 3691 1430 3765 ἀναγκασθήσονται
1475 3695 1570 3748 ἀπ’
1594 3692 1765 3766 αὐτῆς

171 3785 275 3859 τῆς
322 3787 580 3857 ἀληθείας
622 3786 711 3841 τὸν
758 3786 979 3858 Πατέρα
1019 3781 1246 3858 μείζονα
1291 3785 1493 3856 λέγειν,
1537 3788 1615 3852 ὡς
1671 3789 1767 3842 καὶ

173 3879 347 3932 ἐστιν.
386 3878 450 3931 Εἰ
473 3879 653 3931 τοίνυν
685 3879 886 3948 φάσκει
923 3879 951 3932 6
985 3879 1115 3943 Υἱὸς
1145 3879 1322 3949 λέγων
1342 3895 1356 3910 ’
1397 3879 1610 3948 οὐδεὶς
1640 3875 1768 3934 οἵδε

174 3971 288 4024 τὸν
326 3968 558 4038 Πατέρα
599 3972 652 4024 εὶ
696 3971 782 4040 μὴ
823 3975 854 4025 ό
894 3970 1062 4036 Υἱὸς,
1095 3971 1198 4025 καὶ
1244 3971 1447 4039 οὐδεὶς
1501 3969 1628 4027 οἵδε
1660 3973 1769 4027 τὸν

173 4061 336 4125 Υιὸν,
367 4063 420 4113 εὶ
439 4061 525 4130 μὴ
553 4064 586 4115 ό
621 4060 823 4129 Πατήρ
844 4077 858 4090 ·
893 4061 922 4113 6
954 4061 1015 4114 τὸ
1047 4061 1232 4132 μεῖζον
1265 4063 1574 4131 γινώσκων,
1609 4079 1768 4117 τουτ-

175 4151 298 4206 έστι
340 4153 431 4206 τὸν
460 4153 677 4226 Πατέρα
706 4193 719 4216 ,
752 4153 869 4218 πῶς
894 4153 954 4207 τὸ
990 4147 1159 4227 ἧσσον
1188 4153 1408 4224 ἀγνοεϊ;
1452 4155 1616 4209 Ἀλλά
1654 4153 1770 4210 ἔστι

176 4245 304 4298 θεῖα
342 4245 412 4298 τὰ
442 4247 660 4317 ῥήματα
709 4246 988 4317 Πνεύματι
1023 4247 1164 4318 ἁγίῳ
1190 4247 1482 4318 λεγόμενα,
1514 4245 1771 4318 ἄγνωστα

173 4337 236 4390 δὲ
287 4340 403 4401 τοῖς
447 4337 521 4410 μή
569 4338 813 4410 εἰληφόσι
848 4335 1167 4410 Πνεύματος
1215 4341 1372 4409 ἁγίου
1419 4339 1629 4412 δωρεὰν
1677 4343 1772 4396 καὶ

177 4431 365 4502 χάριν.
404 4430 645 4484 Τοιοῦτοι
677 4432 783 4504 γὰρ
812 4432 966 4496 ὄντες
1004 4435 1050 4486 oi
1085 4432 1519 4506 προειρημένοι,
1540 4434 1773 4488 ἄστατον

1869 3242 2013 3298 enim
2047 3248 2233 3312 petere
2256 3255 2288 3295 a
2325 3241 2478 3295 vobis
2511 3241 2660 3303 libet,
2705 3255 2739 3293 o
2777 3239 2985 3302 miseri,
3017 3239 3109 3308 qui
3153 3239 3221 3293 de
3250 3238 3474 3294 Christo

1871 3331 2104 3387 Domino
2143 3340 2253 3385 tam
2288 3333 2430 3386 male
2476 3331 2544 3386 ab
2586 3331 2707 3400 ipso
2751 3331 3020 3400 principio
3065 3330 3328 3385 sentitis:
3371 3328 3476 3384 Ee-

1871 3425 2002 3497 quid
2048 3425 2113 3480 ad
2159 3437 2368 3480 natura:
2413 3424 2730 3494 dignitatem
2758 3431 2852 3475 aut
2891 3420 3258 3490 cognitionem
3293 3420 3474 3488 majus

1870 3533 1995 3573 esse
2028 3517 2296 3580 videatur,
2333 3515 2550 3571 Deusne
2585 3513 2852 3569 Dominus
2885 3511 3152 3578 omnium,
3201 3525 3266 3566 ac
3313 3509 3477 3567 Pater

1873 3607 2091 3662 Domini
2132 3607 2308 3661 nostri
2351 3605 2479 3662 vau
2506 3604 2734 3668 Christi,
2773 3617 2841 3659 an
2898 3604 3015 3659 dies
3059 3603 3151 3657 illa
3194 3603 3279 3658 vel
3315 3603 3472 3668 hora,

1873 3705 1995 3771 quae
2041 3714 2071 3752 a
2125 3697 2306 3765 Patre,
2358 3697 2499 3752 Filio
2545 3705 2600 3754 et
2652 3696 2861 3769 Spiritu
2917 3706 3110 3753 saneto
3151 3697 3477 3767 producitur

1875 3801 2040 3862 atque
2079 3789 2350 3847 efﬁcitur?
2394 3788 2633 3847 Necesse
2670 3798 2754 3846 est
2799 3790 3023 3845 omnino
3051 3790 3134 3846 vel
3177 3791 3295 3861 ipsa
3328 3791 3476 3844 veri-

1875 3891 1987 3941 tate
2035 3893 2263 3956 cogente
2317 3885 2706 3954 respondeant,
2761 3883 2955 3948 multo,
3012 3890 3073 3937 ut
3126 3896 3316 3938 revera
3366 3891 3474 3948 est,

1877 3977 2143 4048 majorem
2176 3992 2300 4033 esse
2329 3973 2568 4031 Patrem.
2603 3971 2789 4047 Itaque
2819 3991 2944 4030 cum
2979 3976 3083 4030 hoc
3120 3973 3292 4030 Filius
3320 3989 3475 4030 asse-

1877 4079 1963 4122 rat
1991 4089 2004 4122 :
2040 4065 2210 4122 Nemo
2240 4069 2380 4122 novit
2414 4068 2654 4132 Patrem,
2684 4068 2790 4121 nisi
2819 4063 2994 4121 Filius
3020 4083 3038 4131 ;
3072 4076 3120 4121 et
3157 4083 3306 4122 nemo
3335 4068 3478 4121 novit

1880 4159 2084 4214 Filium
2131 4161 2234 4213 nisi
2277 4159 2504 4225 Pater“;
2548 4160 2640 4229 qui
2699 4159 2845 4230 quod
2889 4159 3068 4229 majus
3111 4167 3216 4225 est,
3257 4158 3476 4214 Patrem

1879 4249 2152 4312 videlicet,
2192 4250 2362 4314 novit,
2389 4248 2534 4318 quod
2578 4251 2760 4304 minus
2809 4257 2928 4318 est,
2971 4251 3224 4321 ignorare
3256 4248 3348 4319 qui
3380 4264 3480 4318 po-

1880 4340 2026 4396 test?
2077 4339 2184 4394 Sed
2231 4339 2503 4409 ejusmodi
2538 4347 2668 4396 sunt
2715 4341 2886 4396 divini
2939 4341 3019 4396 illi
3078 4355 3382 4406 sermones,
3417 4347 3480 4395 ut

1851 4447 2006 4487 -cum
2040 4445 2108 4486 ex
2139 4431 2315 4486 sancti
2365 4429 2606 4501 Spiritus
2641 4432 2818 4486 alllatu
2860 4433 3058 4502 prolati
3089 4433 3220 4499 sint,
3253 4432 3480 4486 minimc

180 4521 490 4591 ἔχουσικαὶ
532 4523 593 4577 τὸ
642 4524 931 4596 φρόνημα,
980 4525 1188 4595 ἠλίθιόν
1235 4541 1294 4579 τε
1341 4525 1441 4596 τὴν
1500 4525 1762 4590 διάνοιαν,

1881 4525 1951 4579 ab
2002 4523 2112 4580 illis
2172 4523 2566 4593 percipiantur,
2603 4524 2697 4595 qui
2751 4524 2992 4594 Spiritus
3048 4524 3224 4580 sancti
3272 4523 3478 4578 donum

181 4613 263 4676 ei;
284 4613 599 4680 ὲπιὸλασεῖς
621 4617 715 4669 καὶ
744 4618 822 4680 εἰς
843 4617 1082 4688 ἥσσονας
1105 4631 1180 4670 πα
1191 4616 1499 4690 ρεκτροπάς
1529 4615 1775 4672 ὀλισθαί-

180 4721 276 4757 νου
285 4720 384 4758 σαν
391 4745 406 4759 .

253 4973 388 5027 ΜΝ.
441 4973 930 5048 Προῦπαντὴσεται
975 4977 1085 5052 γὰρ
1131 4980 1317 5045 αὐτοῖς
1367 4979 1429 5034 τὺ
1471 4981 1566 5035 ὑπ’
1607 4981 1775 5036 αὑτοῦ

178 5064 280 5119 τοῦ
328 5067 536 5137 Κυρίου
584 5069 902 5142 εἰρημένονο
967 5071 1050 5124 ὅτι
1096 5073 1352 5127 Γίνεσθε
1416 5073 1656 5145 ἕτοιμοι.
1708 5078 1778 5131 Al

184 5156 420 5225 ὀσφύες
492 5159 662 5228 ὑμῶν
718 5163 1176 5232 περιεζωσμέναι
1197 5207 1212 5230 ,
1265 5166 1362 5220 καὶ
1423 5169 1484 5221 al
1535 5167 1776 5238 λαμπά-

183 5245 289 5313 δες
311 5246 481 5316 ὑμῶν
500 5249 569 5302 ὲν
591 5250 720 5318 ταῖς
740 5252 954 5320 χερσὶν
986 5253 1172 5322 ὑμῶν.
1191 5255 1300 5309 Καὶ
1326 5257 1546 5311 ἔσεσθε
1565 5259 1646 5324 ὡς
1672 5275 1778 5312 κα-

179 5339 283 5392 λοὶ
311 5337 559 5409 δοῦλοι,
605 5343 1063 5413 προσδοκῶντες
1090 5345 1200 5400 τὸν
1236 5347 1393 5402 lator
1442 5347 1771 5420 δεσπότην.

1879 4617 2225 4686 gratiamque
2264 4631 2372 4670 non
2404 4618 2738 4686 acceperint.
2775 4615 3096 4686 Cujusmodi
3135 4629 3260 4670 eum
3309 4617 3479 4670 luere-

1878 4709 1975 4764 tici
2007 4709 2085 4764 illi
2117 4710 2251 4772 sint,
2286 4709 2520 4763 instabili
2549 4718 2603 4764 et
2637 4709 2971 4765 inconstanti
3007 4709 3243 4780 ingenio,
3276 4723 3340 4763 ac
3369 4715 3478 4763 sto~

1881 4803 1991 4858 lida
2021 4812 2199 4858 mente
2223 4801 2435 4872 przediti
2467 4811 2617 4866 sunt,
2649 4817 2770 4872 qua:
2801 4802 2854 4856 in
2888 4802 3482 4871 perniciosissimorum

1885 4901 2048 4962 atque
2082 4891 2396 4946 inﬁmorum
2430 4908 2682 4947 errorum
2713 4892 3036 4947 diverticula
3063 4892 3300 4948 labatur.

1956 4986 2143 5042 XLIV.
2177 4981 2310 5041 Nam
2341 4997 2634 5043 occurrere
2684 4986 2902 5042 illorum
2948 4987 3239 5044 conatibus
3283 4996 3484 5058 potest,

1885 5079 2031 5149 quod
2087 5095 2116 5132 a
2161 5077 2394 5133 Domino
2452 5079 2843 5149 pronuntiatur
2910 5093 2925 5133 :
2987 5075 3173 5134 Estote
3229 5081 3409 5150 parati
3439 5082 3482 5134 ‘.

1886 5165 2049 5244 767
2091 5172 2208 5228 Sint
2239 5173 2406 5227 lumbi
2438 5175 2596 5228 vestri
2625 5176 2919 5243 prarrincti,
2944 5185 2992 5231 et
3040 5179 3266 5232 lucerna:
3300 5189 3484 5231 vestrae

1885 5265 1940 5318 in
1988 5265 2232 5320 manibus
2285 5267 2493 5321 vestris.
2552 5265 2617 5320 Et
2673 5269 2824 5322 eritis
2869 5279 3122 5339 tanquam
3160 5267 3282 5323 boni
3323 5270 3480 5333 servi,

1885 5365 2244 5426 exspectantes
2277 5358 2550 5411 dominum
2580 5371 2734 5414 suum
2762 5360 2806 5414 ".
2839 5359 2906 5415 Ut
2937 5363 3076 5416 enim
3104 5361 3194 5432 fur
3221 5362 3285 5415 de
3309 5370 3480 5425 nocte,

253 5495 272 5526 ¹
313 5493 422 5584 ΡΞὲ
445 5496 548 5584 τῆς
565 5497 722 5584 ἕως
750 5498 994 5584 ὑπηχθι
1021 5504 1147 5584 τρῖς.
1160 5502 1363 5584 αὐτοῖς.
1441 5506 1462 5538 ⁸
1488 5505 1547 5559 F.
1590 5508 1762 5562 εῖπωσ

1877 5518 1939 5566 et=
1963 5513 2120 5584 ἡμῖν.
2196 5513 2218 5544 ³
2253 5511 2412 5569 Rern.
2451 5529 2526 5578 vr,
2559 5515 2614 5573 9.
2705 5517 2728 5548 ⁸
2766 5516 2958 5572 Matth.
2992 5531 3143 5584 χειν,
3169 5515 3277 5584 36;
3309 5514 3478 5572 Marc.

175 5582 307 5633 xm,
347 5568 439 5623 32.
507 5567 537 5599 ⁷⁵
564 5567 755 5625 Matth.
780 5588 854 5637 xi,
879 5571 970 5626 27.

1048 5573 1068 5603 ⁶
1100 5574 1293 5629 Matth.
1327 5591 1475 5644 χειν,
1516 5577 1610 5634 id.

251 5722 366 5789 (96)
403 5723 562 5778 Φασὶ
603 5725 710 5794 γὰρ
741 5725 947 5782 πάλιν.
991 5726 1067 5782 De
1101 5727 1206 5782 hoc
1242 5728 1408 5784 Marci
1449 5733 1770 5788 testimonio

177 5792 402 5851 disserit
449 5792 790 5852 Athanasius
833 5806 976 5852 orat.
1013 5797 1048 5852 4
1089 5797 1342 5855 adversus
1373 5801 1640 5869 Arianos;
1668 5805 1780 5860 Au-

1685 5581 1704 5610 ⁷
1743 5581 1879 5636 Luc.
1924 5581 2024 5647 xu,
2058 5583 2152 5639 35.

1878 5738 2158 5818 ειεξιτ-μὶ).
2199 5755 2212 5792 ι
2244 5739 2321 5818 De
2358 5741 2712 5814 Trinit.,eap.
2750 5745 2850 5813 12;
2894 5743 3066 5801 llilar.
3101 5759 3154 5801 ιι
3199 5744 3273 5801 De
3304 5744 3480 5813 Trin.,

1887 5815 1942 5862 et
1976 5809 2068 5864 alii
2101 5811 2437 5881 complures.
2564 5809 2569 5810 7
2657 5809 2673 5814 ’
2835 5809 2912 5837 ’-
