3994 6440
268 361 381 437 ιιι-δ

1008 396 1376 457 ADVERSUS
1417 400 1758 460 IIIERESES
1799 374 1933 461 LIB.
1959 406 2021 461 ll.
2066 404 2229 463 TOM.
2272 406 2335 464 ll.
2371 438 2438 449 —
2482 407 2753 465 lleRES.
2800 408 2983 464 LXIX.

3473 410 3577 465 274

289 494 480 597 μάτων
521 503 625 597 διαὶ
671 488 1125 582 παραδειγμάτων
1173 514 1280 570 τῶν
1321 517 1420 588 ἠδη
1453 497 1884 590 πεπραγματευ-

1991 521 2206 592 negotio
2269 523 2535 577 cernitur.
2596 521 2809 593 Quippe
2883 488 3166 591 Scriptura
3232 536 3338 597 non
3410 537 3574 572 mium

294 588 478 681 μενων
505 593 612 665 τὴν
647 600 946 669 σαφήνειαν
976 603 1069 656 καὶ
1104 603 1200 674 τὴν
1237 608 1439 678 φράσιν
1473 588 1713 681 ἑκάστης
1748 611 1882 664 ὑπο-

196 752 199 753 7
289 679 522 749 θέσεως,
551 690 925 758 παριστῶντες
950 694 1010 769 οὐ
1039 693 1402 768 διελείψαμεν.

1988 613 2231 667 scicntia:
2276 627 2449 691 genus
2498 613 2904 681 complectitur.
2946 610 3216 663 Cancrum
3253 609 3396 691 quod
3447 609 3576 660 hac-

1986 711 2146 758 tenus
2187 718 2329 773 saepe
2359 684 2787 758 adeonstanter
2833 701 3085 767 fecimus,
3132 709 3190 755 ut
3227 684 3436 763 ad‘rei,
3473 712 3578 764 qua

282 775 365 830 de
395 775 597 846 agitur,
631 779 1050 840 itlustrationem
1109 794 1164 843 et
1223 790 1642 860 explicationem
1690 790 2081 851 similitudines
2121 794 2385 865 quasdam
2436 802 2490 848 et
2535 793 2786 862 exempla
2843 805 3274 863 proponeremus
3320 804 3383 843 ex
3447 803 3581 855 pra:-

293 866 477 958 teritis
518 870 685 925 rebus
723 887 787 928 ac
826 876 1013 945 gestis,
1059 891 1089 931 a
1136 878 1339 949 quibus
1396 882 1464 938 ad
1516 884 1896 954 argumentum
1954 887 2133 958 ipsum
2187 893 2241 940 et
2285 891 2450 956 caput
2504 883 2894 954 disputationis
2942 882 3371 953 perveniremus,
3437 878 3577 933 idem

296 956 361 1010 in
391 960 687 1027 praesentia
719 960 1028 1020 faciendum
1054 967 1264 1037 judico.

366 1048 524 1117 MCT.
566 1051 838 1124 Λάὸωμεν
865 1055 1043 1111 τοίνυν
1076 1059 1390 1133 ὲξυπαρχῆς
1412 1059 1593 1130 αὖθις,
1623 1065 1718 1118 καὶ
1755 1064 1887 1136 περὶ

302 1138 506 1195 τούτων
527 1142 788 1214 εἴποιμεν.
806 1145 872 1199 Τί
891 1165 1053 1217 φατε,
1076 1144 1122 1205 ὦ
1145 1145 1325 1221 οὖτοι;
1358 1148 1515 1227 ’ᾘδει
1548 1155 1720 1227 Ἀδὰμ
1744 1154 1889 1209 Εὕαν

298 1230 403 1301 τὴν
425 1234 661 1301 γυναῖκα
690 1237 857 1315 αὑτοῦ
883 1240 976 1292 καὶ
1014 1241 1120 1311 πρὸ
1142 1243 1242 1314 τῆς
1278 1245 1565 1316 παρακοῆς
1596 1245 1690 1299 nal.
1721 1262 1894 1317 παρα-

296 1323 549 1390 ϐάσεως,
591 1326 623 1397 ἢ
663 1329 765 1399 οὐκ
796 1331 945 1402 fidet;
995 1333 1106 1387 Kal
1140 1335 1201 1387 οὐ
1240 1335 1469 1389 δύνασθε
1509 1336 1788 1391 ἀντειπεῖν
1821 1340 1889 1410 τῇ

282 1414 554 1487 ἀληθείᾳ.
606 1418 732 1473 Ἐὰν
781 1414 892 1495 γάρ
937 1423 1011 1495 μὴ
1046 1424 1312 1498 θελήσητε
1347 1426 1710 1498 ὀρθοπδῆσαι
1752 1429 1888 1500 πρὸς

303 1508 406 1559 τὸν
432 1508 670 1564 τοιοῦτον
699 1511 846 1577 νοῦν,
892 1514 1304 1588 ὲλεγχθήσεσθε.
1332 1514 1529 1575 *Ησαν
1563 1519 1692 1592 γὰρ,
1732 1521 1886 1592 φησὶ,

294 1599 549 1667 γυμνοὶ,
573 1602 670 1655 καὶ
699 1605 813 1658 οὐκ
839 1605 1188 1677 ᾐσχύνοντο
1207 1627 1222 1641 ·
1252 1611 1477 1682 γυμνῶν
1513 1611 1570 1666 δὲ
1600 1613 1781 1667 αὐτῶν
1803 1613 1889 1666 δν-

293 1705 410 1741 των
430 1731 445 1755 ,
473 1693 564 1745 καὶ
590 1694 650 1746 οὐ
676 1696 1097 1765 τυφλωττὸντων
1117 1717 1131 1731 ·
1165 1701 1290 1755 οὔτε
1329 1702 1439 1774 γὰρ
1461 1702 1621 1758 τοῦτο
1649 1696 1890 1776 ἀρνήσαέ

1984 1062 1991 1073 ’
2054 1053 2243 1110 XLVI.
2276 1054 2456 1122 Quare
2513 1053 2678 1109 altius
2730 1054 2961 1125 repetito
3014 1053 3307 1124 principio,
3349 1054 3416 1109 ad
3454 1071 3578 1110 eum

1984 1148 2206 1203 modum
2259 1160 2383 1200 cum
2436 1145 2545 1201 illis
2593 1159 2835 1217 agamus.
2895 1143 3038 1210 Quid
3093 1144 3312 1200 tandem
3361 1145 3584 1202 dicitis?

1985 1235 2125 1291 Num
2163 1235 2407 1290 Adamus
2440 1240 2677 1290 uxorem
2713 1233 2881 1289 Evam
2914 1235 2998 1289 vel
3039 1244 3163 1290 ante
3192 1244 3475 1305 peccatum
3519 1251 3584 1292 ac

1987 1328 2243 1385 violatam
2280 1328 2452 1399 legem
2491 1332 2738 1389 noverat,
2771 1327 2982 1381 necne?
3030 1324 3149 1381 Non
3185 1326 3414 1396 potestis
3438 1327 3582 1380 veri-

1986 1420 2084 1474 tati
2120 1433 2447 1490 repuguare.
2495 1415 2611 1472 Nisi
2643 1417 2789 1473 enim
2821 1417 2874 1471 in
2911 1416 3077 1486 hujus
3123 1418 3196 1472 rei
3230 1416 3585 1489 intelligentia

1987 1518 2135 1566 recta
2211 1508 2463 1581 progredi
2545 1508 2760 1573 velitis,
2836 1507 3094 1564 facillim
3156 1504 3583 1564 convinc’emini.

1989 1602 2184 1668 Erant,
2225 1603 2405 1674 inquit
2445 1600 2726 1673 Scriptura
2766 1600 2809 1666 ⁸,
2860 1601 3027 1667 nudi,
3079 1616 3173 1654 nec
3223 1599 3420 1670 pudore
3472 1600 3585 1671 om;

1988 1694 2282 1750 ciebantur.
2308 1695 2473 1763 Atqui
2506 1704 2618 1748 tum
2645 1693 2776 1748 nudi
2799 1683 2979 1761 erdhr,
3002 1708 3179 1763 neque
3208 1700 3389 1748 tamen
3413 1693 3540 1747 ειερὶ
3569 1712 3582 1748 ;

296 1782 427 1870 σθαι
477 1782 737 1851 δύνασθε,
790 1789 865 1861 μὴ
915 1789 1218 1860 βλέποντας
1264 1795 1463 1859 αὐτοὺς
1516 1796 1884 1870 ὁμολογῆσαν

1991 1787 2132 1860 quod
2164 1786 2384 1859 quidem
2417 1785 2649 1840 inliciari
2674 1800 2779 1840 non
2814 1785 3069 1855 potestis,
3099 1793 3194 1839 aut
3230 1800 3338 1838 non
3368 1782 3586 1839 videndi

294 1865 445 1926 Εῒδε
479 1873 624 1943 γὰρ,
658 1878 844 1946 φησιν,
894 1878 1023 1933 Εὕα
1071 1881 1135 1935 τὸ
1184 1883 1397 1949 ξύλον,
1437 1883 1529 1938 ὅτι
1553 1865 1774 1940 λαντον
1802 1888 1890 1950 εὶς

289 1962 564 2030 βρῶσιν,
597 1967 696 2021 καὶ
733 1968 951 2037 ὡραῖον
994 1972 1102 2026 τοῦ
1145 1973 1536 2043 κατανοῆσαι.
1577 1956 1721 2048 ’Ἄρα
1759 1976 1888 2045 γοῦν

296 2052 446 2122 ᾔδει,
473 2057 566 2109 καὶ
590 2056 831 2128 ᾔδεισαν.
866 2061 1082 2127 Είδὸτες
1107 2063 1187 2132 δὲ,
1225 2064 1319 2119 καὶ
1348 2065 1602 2138 ὁρῶντες,
1626 2067 1889 2141 ἀλλήλους

293 2141 690 2213 ἐπεγίνωσκον.
713 2144 824 2205 Ἦν
852 2153 990 2223 μετά
1021 2154 1223 2210 πολὺν¹
1251 2156 1465 2228 χρόνον,
1494 2159 1660 2229 φησὶν
1683 2160 1716 2231 ἡ
1744 2159 1889 2230 Γρα-

299 2231 380 2303 (ph
401 2275 416 2297 ,
451 2236 551 2289 καὶ
587 2237 742 2307 ἔγνω
787 2241 972 2313 Ἀδὰμ
1010 2246 1177 2300 Εὕαν
1221 2245 1339 2316 τὴν
1376 2248 1636 2317 γυναῖκα
1677 2248 1884 2304 αὐτοῦ.

309 2324 478 2380 Ἀλλά
506 2327 603 2398 τὴν
639 2329 737 2400 μὲν
769 2331 994 2407 πρώτην
1031 2335 1241 2409 εἴδησιν
1269 2338 1365 2392 καὶ
1390 2338 1575 2409 βλέψιν
1599 2338 1729 2412 περὶ⁵
1749 2332 1889 2412 είδήῖ

296 2432 442 2483 σεως
465 2418 533 2471 δι’
548 2420 792 2491 ὁράσεως
817 2426 1218 2500 συνισταμένης
1250 2429 1398 2499 λέγει
1425 2432 1519 2485 καὶ.
1541 2431 1630 2486 διὰ
1652 2431 1885 2497 ἑννοίας·

298 2509 435 2579 περὶ
461 2510 519 2564 δὲ
555 2512 655 2584 τῆς
699 2515 961 2589 δευτέρας
1009 2518 1286 2588 γνώσεως,
1337 2523 1466 2595 περὶ
1497 2523 1759 2596 εἰδήσεως
1794 2523 1890 2578 καὶ
1944 2572 1948 2575 .

294 2601 553 2672 χρήσεως
591 2605 967 2676 ἀπαγγέλλει*
1000 2609 1077 2676 ὡς
1111 2613 1209 2667 καί
1252 2630 1358 2668 που
1402 2615 1569 2669 Δαδὶδ
1603 2617 1852 2687 γηράσας
1872 2655 1887 2680 ν

290 2695 374 2758 ὡς
416 2695 562 2766 λέγει
597 2700 631 2770 ἡ
669 2699 791 2755 θεία
827 2703 1018 2777 Γραφή
1040 2721 1054 2736 ·
1092 2706 1203 2761 Καὶ
1237 2707 1503 2779 ἐγήρασε
1543 2708 1744 2778 Δασὶδ,
1790 2709 1890 2763 καὶ

254 2830 263 2838 .
293 2789 416 2842 οὐκ
469 2789 869 2862 ἐθερμαὶνετο.
913 2800 1022 2852 Kal
1067 2793 1244 2853 εἵπον
1271 2799 1432 2866 αὐτῷ
1457 2800 1515 2855 οἱ
1538 2799 1748 2868 παῖδες
1779 2803 1889 2857 αὑ-

297 2880 413 2934 τοῦ
437 2898 452 2912 ’
481 2883 798 2952 Ζητηθήτω
820 2886 900 2952 τῷ
916 2888 1176 2952 βασιλεῖ
1197 2892 1514 2960 παρθένος.
1539 2892 1648 2946 Kal
1676 2893 1888 2962 εὑρέθη

305 2971 548 3027 Ἀϐισὰκ
590 2976 630 3044 ἡ
667 2978 1010 3048 Συναμῖτις.
1064 2962 1178 3035 Kai
1217 2998 1412 3052 φησιν’
1447 2984 1755 3038 "Etiaan
1781 2985 1889 3038 αὺ-

294 3060 430 3125 τὸν,
458 3062 556 3117 καί
582 3066 981 3137 συνεκοιμᾶτο
1010 3069 1189 3135 αὐτῷ.
1234 3072 1344 3125 Kal
1369 3073 1480 3127 οὐκ
1506 3071 1660 3141 ἔγνω
1693 3070 1891 3141 αὐτὴν

1994 1877 2253 1933 facultate
2304 1876 2566 1949 praeditos
2621 1891 2885 1932 asserere.
2937 1874 3081 1929 Vidit
3136 1876 3312 1945 enim,
3373 1874 3585 1946 inquit,

1993 1967 2107 2022 Era
2146 1970 2369 2038 lignum,
2405 1966 2655 2038 quoniam
2704 1966 2895 2021 bonum
2938 1979 3018 2021 est
3071 1964 3142 2019 ad
3187 1965 3588 2027 comedendum,

1990 2068 2041 2115 et
2084 2061 2361 2131 pulchrum
2390 2048 2520 2115 'visu
2560 2059 2604 2112 ⁸.
2648 2058 2997 2130 Proinde-que
3045 2066 3101 2114 et
3149 2058 3389 2114 Adamus
3439 2059 3588 2112 illam

1991 2160 2242 2217 noverat,
2268 2161 2323 2207 et
2351 2152 2572 2221 utrique
2604 2165 2664 2205 se
2691 2158 2886 2205 mutuo
2916 2150 3324 2221 cognoscebant
3346 2164 3410 2204 ac
3438 2148 3590 2205 vide-

1991 2246 2145 2311 bant,
2181 2253 2233 2301 et
2266 2254 2449 2301 tamen
2483 2245 2644 2316 longo
2682 2253 2871 2316 postea
2911 2251 3179 2315 tempore,
3208 2252 3268 2298 ut
3304 2243 3589 2315 Scriptura

1982 2346 2198 2401 narrat,
2235 2336 2476 2408 cognovit
2502 2336 2678 2389 Adam
2715 2332 2875 2389 Evam
2910 2335 3184 2406 conjugem
3217 2348 3367 2390 suam
3389 2336 3432 2391 ⁸.
3481 2334 3589 2391 Sed

1988 2427 2252 2482 nimirum
2292 2427 2444 2497 prior
2484 2425 2576 2480 illa
2615 2427 2857 2497 cognitio
2901 2440 2965 2480 ac
2994 2425 3135 2482 visio
3168 2425 3235 2482 de
3277 2441 3341 2482 ea
3370 2426 3587 2489 notitia,

1978 2524 2114 2590 quae
2151 2517 2372 2572 videndi
2411 2532 2576 2573 sensu
2618 2524 2674 2572 et
2725 2517 3080 2588 intelligentia
3111 2526 3350 2584 constat,
3386 2519 3591 2589 accipi-

1991 2617 2102 2664 tur.
2165 2606 2250 2663 At‘
2285 2606 2528 2662 secunda
2582 2615 2783 2679 ιιι-αξιοι
2842 2608 3090 2664 notitiam
3154 2625 3313 2665 usum
3371 2625 3590 2680 quoque

1988 2696 2396 2770 complectitur.
2420 2697 2891 2765 Quemadmodum
2915 2700 3106 2756 Davidi
3140 2708 3300 2756 :etate
3322 2702 3435 2771 jam
3467 2701 3592 2757 alle-

1990 2797 2078 2845 cta
2101 2789 2352 2861 contigit,
2372 2797 2434 2845 ut
2457 2792 2723 2862 scriptum
2757 2799 2838 2848 est
2867 2809 2881 2847 :
2907 2791 2973 2847 EI
2995 2795 3166 2847 senuit
3190 2792 3381 2858 David,
3407 2801 3455 2847 et
3485 2809 3590 2847 non

1992 2880 2289 2951 cate/iebat.
2343 2880 2411 2935 Et
2454 2882 2704 2937 dixerunt
2742 2884 2789 2938 ei
2830 2885 2964 2938 servi
2997 2885 3082 2938 sui
3113 2901 3131 2940 :
3160 2883 3449 2950 Quwratur
3482 2886 3591 2955 regi

1991 2969 2157 3040 virgo.
2184 2968 2253 3021 Et
2274 2970 2484 3025 inventa
2507 2980 2587 3026 est
2610 2971 2806 3026 Abisac
2829 2972 3149 3029 Sunamitis.
3185 2971 3252 3026 Et
3285 2974 3361 3027 ait
3389 2993 3399 3027 :
3432 2972 3591 3029 Cale-

1991 3057 2221 3127 faciebat
2253 3059 2449 3127 ipsum,
2489 3069 2539 3114 et
2574 3061 2871 3116 dormiebat
2903 3078 3022 3116 cum
3071 3061 3189 3116 illo.
3244 3061 3315 3115 Et
3362 3079 3465 3117 non
3498 3079 3590 3118 co-

297 3152 503 3207 Δαϐίδ.
528 3153 640 3225 Τὴν
661 3154 950 3227 σύσσωμον
972 3158 1068 3212 καὶ
1091 3158 1439 3231 σύμπλευρον
1472 3160 1589 3223 πῶς
1615 3160 1716 3214 οὒκ
1734 3160 1883 3231 ᾔδει;

1991 3151 2165 3221 gnovit
2192 3166 2310 3205 eam
2340 3150 2569 3207 David'.
2607 3151 2805 3220 Quaero
2869 3169 2991 3225 qua:
3034 3154 3101 3209 ad
3148 3154 3270 3224 ejus
3302 3168 3502 3226 corpus
3528 3156 3592 3209 ac

309 3242 456 3295 Ἀλλ’
489 3245 721 3301 ἐνταῦθα
750 3248 957 3319 εἴδησιν
1004 3251 1066 3304 οὐ
1094 3251 1190 3323 τὴν
1218 3252 1284 3306 δι’
1315 3253 1564 3316 emotae”
1594 3252 1887 3325 διηγεῖται,

294 3336 444 3390 ἀλλὰ.
468 3338 569 3410 τὴν
595 3340 684 3395 διὰ
717 3343 989 3413 χρήσεως.
1023 3345 1134 3398 Ka‘t
1158 3344 1268 3417 γὰρ
1302 3345 1399 3400 καὶ
1422 3345 1517 3398 ἐπὶ
1539 3345 1633 3399 τοῦ
1670 3345 1885 3399 Ἰακώϐ·

295 3429 387 3482 ὅτι
416 3431 513 3501 μὲν
539 3433 648 3504 γὰρ
671 3434 813 3488 ἐπτὰ
837 3434 931 3507 ἔτη
963 3435 1227 3506 ἐτύγχανε
1266 3436 1573 3509 ποιμαίνων
1597 3434 1734 3509 μετᾶ
1772 3437 1892 3489 'Pa—

299 3519 409 3591 χὴλ
442 3521 538 3576 καὶ
560 3524 716 3589 Λίας,
754 3526 850 3579 καὶ
882 3525 1000 3596 ᾔδει
1039 3528 1207 3592 αὐτάς
1234 3544 1247 3556 ·
1273 3526 1362 3580 ὅτε
1399 3528 1457 3581 δὲ
1485 3527 1613 3599 περὶ
1644 3526 1744 3598 τῆς
1773 3542 1893 3580 συν-

298 3611 502 3680 αφείας
542 3612 643 3685 τῆς
669 3610 765 3668 τοῦ
794 3615 996 3686 σεμνοῦ
1034 3615 1213 3669 αὐτῶν
1241 3616 1424 3688 γάμου
1458 3614 1749 3688 διηγεῖται,
1783 3633 1889 3686 φη-

299 3703 394 3756 σίν
418 3721 431 3731 ·
468 3703 662 3775 Ἔγνω
704 3705 857 3760 Δίαν
884 3705 1000 3775 τὴν
1031 3706 1287 3777 γυναῖκα
1313 3706 1523 3762 αὐτοῦ.
1556 3706 1681 3760 ’Ότι
1715 3707 1749 3777 ἠ
1793 3705 1891 3777 μὲν

296 3792 496 3866 πρώτη
529 3795 732 3867 είδησις
774 3798 842 3851 δι’
872 3799 1081 3864 ἐννοίας
1111 3792 1179 3870 ἦν
1223 3799 1318 3852 καὶ
1348 3798 1416 3852 δι’
1442 3798 1715 3870 ὁράσεως,
1751 3799 1786 3869 ἡ
1833 3797 1891 3850 δὲ

296 3884 535 3957 δευτέρα
559 3889 763 3957 γνῶσις
791 3890 884 3944 καὶ
912 3890 1120 3963 εἴδησις
1164 3890 1296 3963 περὶ
1338 3892 1591 3963 χρήσεως
1619 3891 1716 3945 καὶ
1738 3892 1890 3962 ὲνερα

296 3975 485 4043 γείας.
509 3976 664 4032 Οὕτω
688 3979 783 4034 καὶ
824 3983 883 4035 ὲν
920 3983 988 4053 τῇ
1029 3981 1152 4053 θείᾳ
1179 3982 1370 4054 Γραφῇ
1396 3998 1409 4011 ’
1442 3981 1639 4052 Ἔγνω
1672 3982 1890 4050 Κύριος

297 4067 449 4134 τοὺς
477 4068 655 4137 ὄντας
685 4072 894 4128 αὑτοῦ.
957 4073 1068 4144 Οὐχ
1108 4072 1184 4138 ὡς
1227 4072 1558 4142 ἀγνοοῦντας
1580 4073 1604 4106 ³
1643 4073 1770 4137 τοὺς
1813 4071 1888 4143 μὴ

293 4164 493 4228 ὄντας,
532 4163 668 4218 ἀλλὰ
704 4165 766 4219 τὸ
793 4167 1021 4239 ἐναργὲς
1063 4166 1166 4238 τῆς
1192 4165 1289 4220 τοῦ
1317 4165 1522 4238 Κυρίου
1551 4164 1891 4237 ἀντιλήψεως

299 4251 562 4322 σημαίνει
577 4269 591 4282 ο
624 4253 740 4319 καὶ,
772 4255 1096 4323 Ἀπόστητε
1120 4255 1223 4311 ἀπ’
1245 4253 1413 4326 ἐμοῦ,
1438 4258 1491 4309 οι
1515 4254 1757 4325 ἐργάται
1777 4251 1890 4323 τῆς

296 4344 579 4412 ἀνομίας,
609 4345 776 4399 οὔποω
802 4346 995 4416 ἕγνιιην-
1017 4346 1195 4416 ὑμᾶς.
1225 4342 1375 4418 ’Λρα
1409 4348 1508 4401 οὐκ
1538 4346 1655 4418 ᾔδει
1689 4346 1890 4410 αὐτοὺς

298 4434 452 4488 κατὰ
485 4435 723 4507 εἴδησινς
769 4436 910 4489 Ἀλλ’
942 4437 1132 4509 ἐπειδὴ
1153 4438 1254 4491 οὐκ
1278 4433 1422 4509 ἦσαν
1450 4436 1593 4502 ἄξιοι
1616 4436 1805 4503 αὐτοῦ,
1829 4435 1890 4491 τὸ

2000 3241 2144 3297 latus
2172 3240 2501 3306 aceubabat,
2537 3256 2668 3295 num
2707 3257 2829 3297 eam
2874 3244 3130 3314 ignorare
3170 3242 3342 3298 David
3381 3245 3594 3314 potuit?

2001 3329 2200 3386 Verum
2233 3333 2339 3388 hoc
2371 3333 2424 3387 in
2458 3330 2580 3388 loeo
2612 3333 2779 3404 739
2817 3348 2926 3388 non
2964 3334 3033 3389 de
3063 3349 3127 3389 ea
3164 3334 3479 3404 cognitione
3510 3336 3593 3388 lo-

1996 3422 2206 3493 quitur,
2253 3422 2395 3493 quae
2427 3424 2543 3480 sola
2572 3412 2752 3478 animi
2806 3426 3296 3494 comprehensione
3352 3434 3589 3491 constat,

1998 3513 2094 3569 sed
2122 3529 2245 3585 quze
2283 3516 2351 3570 ad
2393 3529 2557 3571 usum
2595 3514 2854 3571 refertur.
2894 3514 3030 3569 Nam
3063 3524 3120 3572 et
3149 3517 3291 3572 idem
3326 3517 3393 3572 de
3420 3515 3592 3572 Jacob

1997 3616 2343 3679 usurpatur:
2373 3608 2467 3679 qui
2507 3613 2715 3678 septem
2755 3623 2930 3665 annos
2965 3623 3090 3665 cum
3135 3608 3372 3664 Raebelc
3413 3616 3466 3664 et
3495 3608 3593 3663 Lia

1996 3713 2195 3771 pecora
2247 3706 2490 3772 paverat,
2530 3715 2735 3769 easque
2785 3701 2953 3772 probe
3001 3708 3351 3772 cognoverat.
3382 3701 3591 3755 Nihilo-

1978 3792 2181 3847 ‘minus
2211 3806 2336 3846 cum
2386 3791 2455 3846 de
2508 3791 2756 3848 honestis
2797 3793 3015 3847 illorum
3054 3793 3261 3863 nuptiis
3305 3790 3589 3863 Scriptura

1996 3882 2261 3952 loquitur,
2314 3881 2602 3952 Cognovit,
2644 3884 2842 3954 inquit,
2890 3882 3045 3939 Liam
3092 3899 3310 3940 uxorem
3365 3901 3514 3940 suam
3544 3884 3587 3938 ⁸.

1996 3974 2155 4041 Quod
2190 3975 2443 4031 videlicet
2476 3977 2652 4047 prima
2683 3977 2925 4048 cognitio
2966 3976 3035 4033 ad
3077 3978 3489 4049 intelligentiam
3536 3989 3593 4032 et

1984 4065 2214 4120 videndi
2255 4080 2477 4121 sensum
2503 4107 2518 4131 ,
2574 4058 2848 4141 posterior
2891 4068 2958 4124 ad
2998 4085 3157 4124 usum
3209 4071 3593 4140 actionemque

1995 4154 2287 4212 referatur.
2314 4157 2523 4215 Eodem
2563 4159 2730 4215 modo
2770 4169 2826 4215 et
2871 4162 2925 4215 in
2973 4163 3149 4218 sacris
3192 4160 3416 4218 Litteris
3460 4163 3595 4232 legi-

1995 4266 2162 4308 mus:
2198 4251 2453 4323 Cognovit
2492 4252 2753 4309 Dominus
2787 4258 2877 4327 qui
2910 4269 3031 4309 sunt
3064 4257 3177 4326 ejus
3199 4258 3242 4311 ’.
3288 4255 3406 4310 Non
3443 4256 3587 4325 quod

1995 4359 2092 4400 eos
2119 4344 2352 4415 ignoret,
2384 4344 2477 4415 qui
2512 4346 2597 4400 sui
2628 4361 2737 4401 non
2769 4354 2920 4410 sunt,
2952 4348 3047 4401 sed
3083 4346 3285 4409 divina:
3317 4346 3590 4415 cognitio-

1996 4435 2084 4491 nis
2132 4449 2195 4489 ac
2245 4435 2605 4506 perfer-tionis
2654 4439 2738 4492 vis
2787 4444 2841 4490 et
2904 4436 3194 4493 ellicacitas
3240 4437 3586 4506 exprimitur.

299 4526 612 4595 πρακτικὸν
653 4527 747 4581 ἀπ’
791 4527 975 4583 αὐτῶν
1008 4530 1240 4600 ἀναιρεῖ.
1273 4530 1386 4584 Kal.
1414 4530 1473 4583 ὲν
1505 4528 1652 4599 ἄλλῳ
1692 4528 1845 4600 τόπῳ
1871 4546 1886 4560 ο

1996 4526 2128 4581 item
2180 4525 2315 4581 illud
2351 4545 2365 4581 :
2401 4525 2669 4582 Discedite
2718 4544 2752 4580 a
2792 4543 2907 4593 me,
2952 4528 3182 4597 operarii
3239 4526 3532 4596 iniquitatis
3571 4543 3589 4580 :

309 4617 380 4671 ’Υ
371 4616 493 4686 μᾶς
523 4618 715 4688 ἔγνων
745 4619 814 4672 ἐκ
849 4618 1092 4675 πάντων
1113 4618 1324 4674 ἐθνῶν.
1361 4615 1512 4692 *Αρα
1535 4620 1645 4691 γὰρ
1668 4618 1736 4672 τά
1762 4617 1889 4691 ἔθνη
1928 4609 1937 4619 “

297 4706 488 4759 πάντα
512 4746 525 4769 ,
552 4707 646 4779 καὶ
671 4709 699 4760 ὁ
734 4707 967 4779 ἀριθμὸς
999 4708 1181 4780 πάσης
1212 4708 1637 4780 ἅνθρωπότητος
1657 4707 1767 4762 ἀπὸ
1786 4708 1890 4779 τῆς

298 4796 475 4851 αὐτοῦ
514 4797 769 4865 γνώσεως
812 4799 1275 4873 παραλέλειπταις
1304 4800 1418 4853 Kal.
1443 4800 1565 4871 οὐχὶ
1593 4799 1794 4871 μᾶλλον
1831 4801 1888 4853 αἱ

298 4886 492 4956 τρίχες
519 4888 755 4960 ἑκάστης
778 4889 1021 4961 κεφαλῆς
1046 4889 1359 4962 ἀνθρώπου,
1382 4890 1492 4945 τῶν
1520 4908 1581 4944 τε
1604 4888 1756 4963 αὐτῷ
1775 4891 1892 4944 δου-

296 4978 572 5034 λευόντων
592 4983 687 5035 καὶ
710 4983 820 5036 τῶν
850 4982 999 5054 αὐτῷ
1019 4983 1388 5038 ἀπειθούντων
1408 4984 1468 5037 οὐ
1492 4983 1853 5054 γινώσκονται
1874 5002 1889 5051 ;

300 5072 419 5125 Kal.
451 5070 630 5138 ὀδοὺς
653 5073 761 5145 γὰρ
791 5073 897 5140 τὰς
934 5074 1004 5129 ἐκ
1046 5073 1262 5138 δεξιῶν
1298 5072 1462 5128 οἶδεν
1491 5077 1523 5128 ό
1555 5074 1718 5139 Θεός.
1743 5070 1892 5147 *Λρα

302 5163 416 5236 γὰρ
451 5164 637 5234 ἁγνοεί
678 5165 777 5229 τὰς
817 5165 876 5231 ἐξ
921 5166 1268 5238 ἀριστερῶν;
1304 5168 1414 5221 Kal.
1450 5167 1591 5220 πόσα
1630 5167 1749 5221 ἐστὶ
1778 5184 1890 5222 τοι·

301 5256 448 5311 αὕτα
480 5259 653 5310 εἰπεῖν
694 5257 822 5329 περὶ
852 5256 1112 5329 εἰδήσεως
1147 5256 1240 5310 καὶ
1269 5255 1564 5326 είδήσεως;

1998 4618 2173 4672 nescio
2205 4633 2292 4673 vos
2319 4619 2384 4675 ".
2409 4618 2549 4674 Num
2591 4619 2739 4684 illos,
2770 4620 2915 4690 quod
2955 4619 3022 4674 ad
3046 4619 3412 4691 cognitionem
3466 4621 3591 4672 atti-

1997 4716 2111 4775 net,
2150 4710 2468 4766 nesciebat?
2500 4709 2604 4766 Sed
2646 4711 2931 4778 nimirum,
2959 4711 3103 4784 quod
3134 4711 3255 4780 ipso
3297 4708 3445 4776 digni
3480 4723 3588 4762 non

1997 4810 2175 4866 erant,
2206 4801 2537 4874 cognitionis
2563 4803 2710 4858 illius
2733 4802 3081 4859 eﬂicientiam
3114 4817 3179 4857 eo
3205 4801 3372 4855 verbo
3405 4805 3580 4856 sustu-

1996 4893 2076 4949 lit.
2117 4894 2200 4950 Ad
2234 4897 2350 4951 haec
2385 4894 2439 4950 in
2465 4897 2573 4951 alio
2613 4897 2733 4952 loco
2767 4916 2781 4952 :
2834 4897 2960 4963 Vos,
2998 4897 3193 4967 inquit,
3224 4894 3344 4948 novi
3376 4908 3442 4947 ex
3475 4910 3592 4947 om-

1995 4985 2149 5041 nibus
2194 4986 2512 5058 gentibus“.
2561 4986 2709 5043 itane
2760 4990 2922 5043 vero?
2970 4987 3231 5041 Nationes
3281 4999 3473 5039 omnes
3529 5000 3591 5038 ac

1992 5076 2165 5132 totius
2207 5078 2432 5132 humani
2488 5079 2705 5148 generis
2754 5077 3046 5132 multitudo
3092 5076 3239 5132 illius
3274 5074 3589 5148 "cegnitioni

1993 5168 2383 5224 subtrahetur?
2430 5169 2629 5224 Annon
2669 5185 2698 5224 e
2730 5172 3011 5224 contrario
3047 5170 3131 5225 vel
3161 5169 3364 5240 capilli,
3406 5168 3498 5239 qui
3533 5167 3586 5220 in

1991 5260 2257 5331 cujusque
2300 5259 2541 5313 hominis
2587 5260 2766 5331 capite
2823 5256 3033 5329 sunt“,
3094 5270 3203 5317 tam
3264 5274 3454 5315 eorum
3495 5264 3589 5327 qui

302 5352 410 5422 ipsi
435 5350 714 5413 serviunt,
754 5364 919 5421 quam
962 5350 1056 5420 qui
1104 5350 1394 5420 imperium
1453 5350 1778 5417 detrectant,
1821 5350 1890 5406 ab
1920 5353 2111 5409 eodem
2164 5355 2260 5411 illo
2313 5353 2653 5411 noscuntur?
2721 5353 2893 5409 Item:
2952 5352 3078 5408 Vias
3127 5369 3244 5425 quia
3302 5370 3335 5405 a
3381 5349 3586 5404 dextris

286 5438 429 5503 sunt
482 5446 620 5500 novit
670 5445 809 5501 Deus
843 5446 906 5501 ‘3.
949 5445 1090 5501 Num
1141 5446 1396 5503 sinistras
1434 5445 1683 5518 ignorat?
1732 5444 1905 5513 Quam
1937 5448 2110 5502 multa
2142 5449 2196 5503 id
2225 5464 2397 5520 genus
2428 5449 2494 5505 de
2529 5448 2904 5518 cognitionum
2959 5448 3281 5504 discrimine
3335 5457 3578 5499 commc-

284 5537 509 5613 ‘morari
541 5538 808 5609 possunt?

378 5698 394 5731 ⁸
423 5698 485 5754 F.
519 5698 721 5752 τοίνυν.
798 5699 819 5728 ¹
856 5696 984 5753 Cor.
1021 5697 1249 5762 ἐννοίας.
1330 5698 1350 5729 ³
1384 5695 1511 5750 Cor.
1552 5695 1891 5764 ἀγνοοῦντος.

302 5786 344 5836 ι,
381 5770 416 5826 2
458 5785 580 5842 sqq.

292 5859 391 5915 xu,
424 5843 474 5901 7.
501 5836 520 5842 ’
548 5836 606 5873 ³³
647 5836 807 5895 Prov.
839 5854 911 5904 iV,
936 5838 1025 5892 27.

1971 5695 1991 5727 ι
2020 5695 2131 5731 Cn“
2182 5714 2216 5731 ιι
2263 5696 2332 5731 ςιιε

664 5715 721 5751 ιν.
798 5699 819 5728 ¹
856 5696 984 5753 Cor.
1021 5697 1249 5762 éwoiag.
1330 5698 1350 5729 ³
1384 5695 1511 5750 Cor.
1552 5695 1891 5764 ἀγνοοῦντος.

664 5768 687 5797 ⁸
717 5765 853 5823 Gen.
882 5783 1033 5830 xxix,
1058 5769 1145 5824 51.
1223 5770 1244 5800 ’
1274 5766 1317 5823 ll
1348 5765 1491 5822 Tim.
1530 5782 1589 5832 ιι,
1619 5767 1704 5821 i9.
1780 5765 1825 5799 ¹⁰
1865 5765 1891 5820 1

2020 5695 2155 5752 Ceu.
2182 5696 2352 5757 H.225.
2428 5699 2447 5728 ⁵
2489 5697 2623 5750 Gen.
2652 5713 2731 5758 ιιι,
2770 5697 2802 5748 6
2869 5697 2887 5725 ⁶
2913 5695 3047 5747 Gen.
3086 5708 3158 5756 tv,
3200 5695 3244 5744 Ι.
3301 5695 3320 5721 ⁷
3353 5695 3414 5740 ΙΙΙ
3454 5695 3585 5757 ltcg.

1991 5806 1996 5818 .
2042 5783 2159 5828 xm,
2193 5768 2281 5820 ‘27.
2366 5768 2402 5799 ”
2445 5766 2579 5823 Deut
2638 5783 2747 5832 ιιιν,
2779 5768 2831 5819 2.
2912 5764 2952 5796 ¹²
2987 5762 3176 5816 Matth.
3219 5777 3273 5826 ιι,
3306 5758 3409 5825 30;
3449 5757 3588 5814 Luc.

2428 5699 2447 5728 ⁵
2489 5697 2623 5750 Gen.
2652 5713 2731 5758 ιιι,
2770 5697 2802 5748 6
2869 5697 2887 5725 ⁶
2913 5694 3047 5747 Gen.
3086 5708 3158 5756 tv,
3200 5691 3244 5744 l.
3300 5690 3320 5721 "
3353 5687 3415 5740 ΙΙΙ
3454 5686 3585 5758 Reg.
