3994 6406
241 328 356 386 277

840 281 843 284 ’
892 322 1259 382 snvsnsus
1299 323 1641 382 il/EnESES
1679 324 1806 386 nis.
1845 323 1864 379 ι

1970 325 2114 383 ΓΟΜ.
2153 325 2288 383 Ιῐ.-
2324 325 2601 385 ΗΕΒΕΞ.
2634 326 2820 383 LXIX.

3427 320 3534 378 278

245 445 452 518 νογενῆ
484 444 590 498 οὐκ
620 440 922 514 ἐπληροῦτο
950 442 1058 515 πρὸ
1085 443 1185 514 τῆς
1219 442 1488 515 ὲνσάρκου
1521 443 1844 518 παρουσίας,

1970 442 2104 499 sime
2133 443 2462 501 convenisse
2495 441 2656 506 Filio,
2689 440 2778 496 vel
2813 437 2914 511 ipsi
2948 437 3240 494 fateantur.
3270 432 3374 492 Cui
3409 450 3534 490 eum

242 537 412 592 αὐτοὶ
433 535 863 607 ὁμολογήσουσιν
882 549 896 564 ·
925 535 1055 594 ὅταν
1079 533 1137 590 δὲ
1164 534 1577 611 ὁμολογήσωσιν
1602 534 1843 602 ἀναγκα-

247 628 497 698 ζόμενοι,
523 627 718 681 ἔλθωσι
739 627 796 682 δέ
822 627 904 690 είς
936 627 1005 680 τὰ
1031 627 1092 682 ἐν
1123 629 1191 698 τῇ
1219 627 1472 698 ἐνσάρκφ
1504 625 1672 685 αὑτοῦ
1706 644 1848 698 παρ·-

245 719 417 790 ουσίᾳ
458 718 857 788 τετελειωμένα
879 759 895 782 ,
948 717 1045 772 καὶ
1097 717 1374 773 ἀκούσωσι
1393 758 1408 784 ,
1444 718 1638 790 διόπερ
1687 717 1848 779 ιλαεε

248 808 443 878 σῶμα,
488 806 580 860 διὰ
609 807 769 861 τοῦτο
795 804 970 862 ταῦτα
1013 807 1250 875 εὐλόγως
1282 807 1576 872 ἐπιτελεῖν,
1613 807 1850 871 ἐνδιδοὺς

253 898 454 971 ὥσπερ
483 897 702 969 ἡνίοχος
729 898 809 970 τῷ
842 899 1051 970 ἅρματι
1093 901 1175 962 εἰς
1218 899 1320 961 τὰς
1349 899 1604 968 εὐλόγους
1638 899 1846 972 χρείας,

255 991 343 1044 ὅτι
383 989 529 1044 κατὰ
569 989 832 1061 ἀλήθειαν
887 991 1070 1062 σάρκα
1111 989 1423 1054 ἐνεδύσατο,
1464 991 1562 1046 καὶ
1598 993 1660 1046 οὐ
1708 991 1852 1046 κατὰ

261 1082 520 1153 δόκησιν·
561 1083 686 1138 τότε
712 1083 986 1152 φάσκουσι
1023 1081 1100 1154 μὴ
1141 1085 1207 1137 ἐκ
1247 1082 1452 1154 σαρκὸς
1501 1080 1643 1139 εἶναι
1676 1083 1852 1138 ταῦτα

265 1173 458 1246 Minc-

332 1356 469 1412 MO’.
509 1355 621 1411 Καὶ
642 1357 753 1428 γὰρ
777 1355 856 1427 τῷ
888 1357 988 1428 μὲν
1017 1356 1134 1412 ὄντι
1169 1356 1291 1411 καθ’
1319 1356 1521 1428 ἑαυτὴν
1549 1355 1674 1410 οὔτε
1699 1357 1855 1428 διψή-

257 1466 369 1510 σει,
399 1447 526 1503 οὔτε
551 1448 836 1503 κοπιάσευ
869 1449 971 1504 οὐκ
1000 1449 1148 1502 ἴσασι
1187 1449 1244 1503 δέ
1274 1450 1325 1503 οί
1351 1448 1450 1519 τὴν
1478 1448 1602 1502 ὁδὸν
1628 1449 1857 1504 καταλε-

257 1541 534 1605 λοιπότες,
563 1542 660 1596 καὶ
689 1542 784 1594 ἐπὶ
804 1540 904 1603 τὰς
932 1541 1183 1605 ἐναντίας
1212 1541 1437 1613 τρίϐους
1466 1541 1854 1611 ἐκτραπέντες,

257 1631 348 1684 ὅτι
387 1630 450 1686 ού
484 1618 645 1701 μόνον
675 1631 856 1704 σάρκα
886 1632 917 1684 ὁ
963 1630 1092 1694 Υἱὸς
1137 1630 1232 1684 τοῦ
1268 1628 1406 1684 Θεοῦ
1436 1629 1631 1684 ἐλαϐεν
1665 1629 1854 1696 ἐλθὼν,

257 1721 406 1778 ἀλλὰ
435 1724 530 1777 καὶ
555 1722 758 1793 ψυχὴν,
803 1723 901 1777 καὶ
931 1722 1082 1786 νοῦν,
1111 1724 1207 1777 καὶ
1233 1722 1414 1777 πάντα
1441 1721 1496 1775 εἷ
1513 1721 1565 1776 τί
1592 1723 1740 1776 ἐστιν
1761 1721 1857 1776 ἁν-

260 1814 528 1887 θρώποις,
559 1814 732 1886 χωρὶς
775 1814 1074 1886 ἁμαρτίας,
1120 1814 1223 1867 οὐκ
1261 1812 1371 1868 ἀπὸ
1421 1811 1737 1885 σπέρματος
1765 1813 1858 1868 ἀν·
1889 1801 1929 1856 Β

259 1908 412 1979 δρὸς,
462 1907 601 1963 ἀλλὰ
641 1907 753 1962 ἀπὸ
809 1906 1030 1978 Μαρίας
1061 1909 1162 1977 τῆς
1213 1906 1375 1976 ἁγίας
1420 1905 1716 1977 παρθένου,
1767 1905 1859 1960 διὰ

263 1999 587 2070 Πνεύματος
624 1997 804 2068 ἁγίου.
839 1999 914 2052 Ού
952 1997 1235 2069 βούλονται
1269 1998 1284 2028 ί
1321 1997 1722 2062 καταδέξασθαι
1753 1997 1858 2068 ψυ-

261 2093 371 2162 χὴν
404 2091 572 2146 αὑτὸν
612 2090 897 2163 εἰληφέναι
935 2090 1027 2144 διὰ
1058 2091 1152 2145 τὸν
1189 2091 1432 2144 τοιοῦτον
1479 2091 1617 2162 πρὸς
1661 2089 1862 2155 αὐτοὺς

263 2184 513 2256 ἔλεγχον,
549 2184 688 2256 ὅπερ
722 2184 870 2238 ἐστὶν
896 2184 1284 2256 εὐχερέστερον
1310 2182 1571 2237 ἁπάντων
1597 2181 1736 2253 πρὸς
1761 2183 1859 2237 ἁν-

263 2279 476 2334 τίθεσιν
506 2279 604 2350 τῆς
624 2279 804 2332 αὐτῶν
839 2278 1249 2350 ματαιολογίας.
1282 2277 1454 2341 Αὐτὸς
1475 2276 1586 2348 γὰρ
1605 2275 1866 2346 ὁμολογεῖ

264 2371 478 2443 ἀληθὴς
530 2371 663 2435 Θεὸς
711 2371 886 2439 λέγων
928 2370 1058 2442 περὶ
1101 2369 1298 2435 αὐτοῦ,
1357 2369 1440 2423 ὅτι
1489 2367 1630 2439 Ἐγώ
1672 2371 1790 2438 ειμι
1821 2369 1861 2436 ἡ

265 2463 552 2528 ἀλήθεια·
587 2463 672 2517 ὅτι
707 2463 770 2518 Ἠ
809 2461 980 2532 ψυχή
1018 2479 1140 2531 μου
1171 2460 1556 2530 τετάρακται·
1597 2459 1714 2526 καὶ,
1755 2462 1865 2514 Πε-

260 2556 527 2622 ρίλυπός
559 2555 732 2610 ἐστιν
770 2556 810 2624 ἡ
847 2553 1020 2624 ψυχή
1040 2571 1160 2623 μου
1183 2571 1196 2585 ο
1229 2554 1346 2617 καὶ,
1391 2553 1719 2618 Ἐξουσίαν
1747 2551 1866 2621 ἔχω

265 2652 462 2707 θεῖναι
485 2652 600 2722 τὴν
621 2651 840 2722 ψυχήν
851 2669 995 2721 μου,
1021 2651 1125 2705 καὶ
1151 2649 1360 2704 ,λαϐεῖν
1381 2649 1579 2718 αὐτήν
1598 2666 1612 2680 ο
1647 2650 1743 2704 καὶ
1777 2648 1866 2702 ἵνα

264 2743 423 2817 δείξῃ
453 2743 646 2797 ἐαυτὸν
666 2742 800 2796 Θεδν
829 2743 928 2813 μὲν
954 2737 1094 2794 εἶναι
1118 2740 1311 2812 ἔχοντα
1337 2741 1438 2812 τὴν
1466 2739 1721 2805 ἐξουσίαν
1741 2756 1754 2771 ·
1779 2741 1867 2794 ἀν-

269 2832 502 2904 θρώπου
555 2831 664 2903 γὰρ
705 2832 810 2885 οὐκ
855 2829 1004 2885 ἐστιν
1037 2823 1196 2894 οὗτος
1229 2833 1259 2885 ό
1299 2830 1479 2900 λόγος.
1527 2831 1718 2896 Οὐδεὶς
1757 2831 1866 2904 γὰρ

270 2925 391 2995 ἔχει
421 2925 672 2992 ἐξουσίαν
700 2923 798 2978 τοῦ
826 2923 1002 2978 θεῖναι
1029 2923 1128 2994 τὴν
1148 2923 1326 2995 ψυχὴν
1349 2922 1538 2989 αὐτοῦ,
1569 2925 1665 2977 καὶ
1680 2923 1866 2978 λαϐεῖν

271 3021 470 3090 αὐτήν.
507 3019 678 3074 Ὅταν
719 3019 777 3073 δὲ
838 3020 968 3092 περὶ
1019 3019 1202 3090 ψυχῆς
1249 3019 1545 3091 διηγεῖται,
1594 3018 1867 3072 δείκνυσιν

272 3109 469 3163 ἑαυτὸν
499 3108 772 3181 ἀληθινῶς
799 3108 1322 3180 ὲνανθρωπήσαντα,
1357 3110 1453 3163 καὶ
1485 3109 1561 3179 μὴ
1605 3107 1826 3178 δοκήσει
1848 3125 1862 3138 ι
1893 3146 1936 3206 C

271 3200 374 3252 καὶ
406 3198 599 3252 πάλινσ
644 3197 788 3268 Ἐγώ
817 3200 935 3268 εἰμι
966 3199 999 3252 ό
1031 3197 1266 3266 Ποιμὴν
1305 3200 1338 3251 ό
1376 3198 1587 3263 καλὸς,
1621 3199 1653 3251 ό
1686 3195 1866 3262 τιθείς

272 3291 397 3356 τὴν
436 3290 651 3359 ψυχὴν
687 3290 874 3344 αὐτοῦ
903 3289 1058 3358 ὑπὲρ
1084 3289 1204 3342 τῶν
1245 3288 1577 3357 προϐάτων.
1623 3288 1734 3341 Καὶ
1778 3288 1868 3340 ἴνα

272 3379 429 3451 δείξῃ
461 3378 693 3450 ἀληθινὰ
714 3377 892 3433 ταῦτα
921 3377 1072 3442 ὅντα,
1098 3379 1192 3431 ἐπὶ
1218 3377 1314 3431 τοῦ
1343 3375 1580 3450 σταυροῦ
1609 3377 1764 3445 ἔλεγε
1789 3376 1869 3448 τῷ

275 3471 457 3541 Πατρί
476 3487 490 3501 ο
543 3474 648 3537 Εις
697 3469 900 3541 χεῖράς
941 3483 1060 3525 σου
1103 3469 1468 3538 παρατίθημι
1511 3467 1580 3522 τὸ
1631 3467 1871 3537 πνεῦμά

269 3578 418 3631 μου.
446 3559 570 3620 Καὶ.
591 3562 950 3625 Ἐλθόντων,
972 3561 1126 3631 φησὶ,
1140 3559 1262 3614 τῶν
1276 3575 1380 3628 στί
1393 3557 1674 3621 ατιωτῶν,
1690 3554 1872 3627 εὗρον

275 3653 471 3708 αὐτὸν
501 3652 618 3721 ἤδη
649 3633 1105 3708 ἐκπεπνευκότα
1123 3669 1137 3683 ·
1173 3653 1264 3706 καὶ
1293 3651 1476 3716 πάλιν,
1509 3650 1618 3706 Καὶ
1645 3650 1871 3720 κράξας

276 3742 456 3812 φωνῇ
472 3743 710 3813 μεγάλῃ
730 3740 900 3798 εἶπεν
913 3759 928 3774 °
947 3743 1099 3807 Ἠλὶ,
1137 3743 1290 3806 Ἠλὶ,
1315 3740 1476 3811 λαμᾶ
1494 3742 1865 3812 σαόαχθανίς

277 3835 578 3902 τουτέστι,
635 3836 742 3892 Θεέ
775 3855 896 3907 μου
915 3875 930 3902 ,
993 3835 1100 3890 Θεέ
1135 3852 1276 3904 μου,
1309 3835 1411 3888 ἵνα
1439 3834 1498 3888 τί
1543 3852 1620 3904 με
1662 3834 1873 3904 ἐγκατ-

278 3926 532 3992 έλιπες;
569 3927 646 3991 ὡς
681 3928 781 4000 ἤδη
823 3929 917 3982 καὶ
943 3927 1148 3997 ταύτην
1187 3926 1286 3996 τὴν
1317 3925 1548 3997 δύναμιν
1585 3926 1680 3980 τοῦ
1712 3925 1870 3995 λόγου

281 4019 629 4089 ἐφράσαμεν.
671 4021 780 4074 Kal
843 4018 1200 4086 ἐξέπνευσε,
1235 4018 1370 4089 φησὶ
1407 4019 1470 4072 τὸ
1515 4018 1870 4088 Εύαγγέλιον.

282 4111 363 4164 Τὸ
396 4111 473 4176 δέ,
503 4111 859 4176 ἐξέπνευσε,
891 4113 1006 4176 καὶ,
1039 4114 1127 4178 εὶς
1157 4111 1359 4181 χεῖράς
1391 4124 1530 4178 σου,
1576 4110 1673 4164 καὶ
1706 4109 1788 4177 τὸ,
1833 4111 1873 4179 ἠ

281 4200 460 4270 ψυχή
499 4219 621 4271 μου
675 4200 1024 4270 τετάρακται
1044 4241 1059 4266 ,
1109 4200 1206 4254 καὶ
1251 4199 1322 4252 τὰ
1363 4199 1499 4253 ἄλλα
1547 4199 1727 4252 πάντα
1772 4198 1874 4269 τῆς

284 4291 548 4362 ἀληθείας
590 4291 879 4362 λεγούσης,
915 4293 1000 4356 τίς
1046 4292 1256 4363 ἠλίθιος
1295 4294 1382 4362 εἴη
1429 4290 1725 4362 πεισθῆναι
1774 4290 1874 4362 μὲν

280 4383 514 4454 τοιούτῳ
550 4385 900 4458 ἐργαστηρίῳ
937 4383 1246 4466 ανθρώπων
1295 4383 1726 4456 μυωπαζόντων,
1777 4384 1876 4438 καὶ

1952 537 2118 592 etiam
2162 536 2320 591 inviti
2349 535 2707 599 assenserint,
2739 542 2794 588 et
2831 533 2900 588 ad
2932 547 2996 587 ea
3032 529 3382 602 pervenerint
3413 543 3536 599 quae

1953 635 2214 699 suscepta
2231 627 2343 698 jam
2369 642 2537 682 carne
2568 627 2623 680 in
2653 641 2721 681 eo
2743 624 2988 696 perfecta
3017 623 3312 686 dicuntur;
3345 621 3536 676 audie-

1953 720 2068 775 rint
2109 733 2240 774 vero
2279 725 2501 788 propter
2555 725 2871 786 susceptum
2921 715 2990 770 ab
3036 715 3130 769 illo
3161 729 3384 784 corpus,
3426 713 3542 767 haec

1951 811 2151 867 merito
2173 826 2239 865 ac
2265 809 2596 881 iustissimis
2624 809 2693 864 de
2730 808 2917 864 causis
2945 807 3290 864 necessarios
3319 806 3392 861 ad.
3418 809 3542 860 vita:

1955 917 2088 958 usus
2117 903 2188 958 ab
2216 903 2311 957 illo
2349 901 2644 972 permissa,
2673 899 3140 973 quemadmodum
3185 898 3375 968 auriga
3420 913 3541 952 mo-

1953 993 2136 1050 derari
2169 1008 2394 1050 currum
2429 995 2602 1058 solet;
2633 992 3082 1064 quandoquidem
3123 1007 3231 1047 non
3264 991 3388 1046 sola
3412 1006 3538 1061 spe-

1953 1086 2059 1147 cie,
2094 1085 2190 1141 sed
2215 1099 2404 1142 revera
2433 1099 2656 1140 carnem
2689 1085 2849 1154 771
2885 1084 3099 1152 induit;
3135 1083 3252 1139 hinc
3278 1099 3402 1139 cum
3433 1084 3539 1138 illis

1955 1176 2316 1246 objiciuntur,
2347 1183 2549 1248 negant
2577 1191 2644 1232 ex
2676 1177 2792 1232 sola
2818 1191 2989 1234 carne
3013 1176 3289 1248 proﬁcisci
3317 1176 3408 1230 illa
3440 1190 3540 1246 po-

1955 1269 2151 1324 tuisse.

2029 1357 2216 1412 XLIX.
2245 1356 2310 1412 Et
2330 1373 2463 1414 vero
2481 1373 2577 1430 per
2600 1357 2841 1430 seipsam
2865 1359 2982 1413 sola
3005 1370 3137 1413 caro
3161 1371 3339 1427 neque
3367 1355 3544 1418 sitire,

1957 1465 2140 1522 neque
2169 1452 2386 1524 fatigari
2420 1453 2656 1523 poterit;
2697 1451 2795 1508 sed
2824 1454 2930 1507 hoc
2963 1451 3076 1510 isti.
3107 1451 3199 1521 qui
3235 1450 3426 1506 relicta
3460 1451 3546 1503 via

1957 1546 2270 1602 contrarias
2304 1546 2374 1601 ad
2403 1545 2632 1602 semitas
2667 1543 3032 1609 deﬂexerunt,
3067 1545 3325 1616 ignorare
3352 1542 3548 1599 viden-

1958 1644 2071 1702 tur,
2108 1635 2202 1692 Dei
2228 1637 2425 1693 Filium
2457 1653 2570 1693 non
2601 1639 2766 1694 modo
2798 1653 3047 1701 carnem,
3077 1637 3171 1693 sed
3196 1645 3251 1693 et
3280 1636 3544 1701 animam,

1958 1739 2013 1787 et
2041 1737 2302 1797 mentem,
2333 1741 2498 1803 atque
2521 1731 2709 1786 omnia
2736 1731 2978 1802 denique
3005 1745 3128 1801 qua:
3151 1737 3280 1786 sunt
3307 1728 3548 1785 hominis

1960 1823 2206 1892 propria,
2237 1822 2574 1894 suscepisse,
2606 1831 2807 1894 praeter
2828 1831 3153 1895 peccatum;
3185 1838 3364 1894 neque
3391 1822 3495 1876 hoe
3517 1839 3550 1878 e

1960 1911 2107 1968 virili
2145 1913 2379 1978 semine,
2419 1913 2514 1971 sed
2558 1929 2624 1971 ex
2663 1912 2888 1986 Virgine
2922 1913 3113 1979 Maria,
3152 1929 3249 1986 per
3279 1913 3553 1985 Spiritum

1961 2011 2238 2060 sanetum.
2261 2005 2332 2059 At
2362 2005 2454 2062 isti
2479 2015 2684 2078 negant
2705 2006 2942 2061 animam
2974 2005 3125 2060 illum
3155 2004 3549 2076 assumpsisse,

1960 2111 2073 2167 quo
2109 2097 2258 2154 illius
2308 2099 2619 2168 argumenti
2657 2099 2767 2152 vim
2814 2097 3100 2169 ell‘ugiant,
3141 2099 3287 2170 quod
3324 2099 3392 2153 ad
3428 2100 3552 2154 illo-

1964 2201 2084 2242 rum
2117 2187 2336 2242 inanem
2383 2187 2854 2256 comprimendam
2896 2189 3288 2258 loquacitatem
3336 2190 3554 2244 caneris

1963 2278 2223 2334 omnibus
2247 2278 2557 2349 promptius
2578 2286 2664 2333 est
2684 2294 2749 2334 ac
2774 2278 3013 2336 facilius.
3043 2279 3118 2336 De
3143 2281 3331 2350 seipso
3350 2282 3556 2352 quippe

1963 2385 2130 2426 verus
2160 2371 2277 2441 ipse
2310 2371 2638 2428 testiﬁcatus
2687 2379 2772 2428 est
2813 2370 2979 2437 Deus,
3031 2371 3124 2443 qui
3172 2374 3461 2428 veritatem
3495 2387 3556 2427 se

1963 2474 2090 2516 esse
2119 2461 2283 2528 dixit,
2323 2461 2646 2534 hocoipsum
2695 2463 2842 2534 quod
2891 2462 3155 2526 dicimus,
3197 2463 3284 2519 his
3325 2464 3551 2520 verbis:

1967 2551 2165 2606 Anima
2223 2569 2341 2608 mea
2394 2553 2609 2608 turbata
2647 2554 2795 2620 est’;
2843 2564 2895 2609 et
2930 2573 2944 2609 :
2980 2553 3176 2608 Tristis
3231 2562 3311 2607 est
3373 2555 3559 2608 anima

1966 2644 2153 2709 mea‘;
2178 2653 2266 2700 et:
2301 2643 2623 2700 Potestatem
2655 2644 2820 2700 habeo
2840 2644 3075 2714 ponendi
3097 2645 3335 2698 animam
3360 2662 3557 2710 meum,

1964 2747 2016 2793 et
2043 2736 2286 2791 sumendi
2315 2753 2434 2792 eam
2450 2737 2494 2804 ⁸;
2529 2747 2591 2792 ιιι
2639 2746 2695 2792 et
2736 2737 2979 2808 seipsum
3019 2736 3204 2794 Deum-
3232 2753 3361 2793 esse
3401 2752 3561 2793 mon-

1966 2834 2192 2895 straret,
2231 2843 2402 2898 penes
2433 2843 2595 2898 quem
2631 2826 2945 2884 istiusmodi
2978 2829 3051 2883 sit
3081 2837 3330 2899 potestas
3385 2827 3560 2884 Usur-

1967 2918 2086 2988 pari
2144 2919 2291 2973 enim
2347 2919 2462 2973 haec
2513 2919 2580 2974 ab
2635 2919 2857 2974 homine
2914 2933 3022 2974 non
3085 2929 3379 2991 possunt:
3429 2921 3563 2990 quia

1968 3024 2132 3066 nemo
2173 3019 2280 3077 est,
2326 3011 2420 3080 qui
2469 3011 2738 3082 ponendae
2790 3011 2988 3066 anima:
3053 3026 3186 3076 suae,
3249 3011 3562 3082 iterumque

1970 3102 2253 3158 sumenda:
2299 3100 2615 3158 facultatem
2675 3103 2892 3158 habeat.
2944 3103 3012 3156 At
3068 3119 3192 3157 eum
3251 3103 3320 3159 de
3377 3107 3561 3158 anima

1970 3193 2230 3263 loquitur,
2277 3192 2556 3250 hominem
2601 3209 2662 3251 se
2718 3211 2940 3259 revera,
2974 3209 3082 3249 non
3137 3197 3254 3249 sola
3300 3195 3564 3266 Opinione

1971 3284 2176 3340 laetum
2228 3285 2490 3340 ostendit.
2536 3285 2664 3342 Item
2719 3304 2731 3338 :
2787 3286 2898 3358 Ego
2937 3303 3055 3340 sum
3112 3285 3313 3342 Pastor
3369 3287 3561 3355 bonus,

1969 3375 2059 3443 qui
2106 3375 2342 3428 animam
2397 3391 2548 3430 suam
2599 3376 2748 3445 ponit
2791 3391 2887 3444 pro
2935 3375 3117 3430 oribus
3171 3377 3284 3430 suis
3310 3373 3351 3430 ⁸.
3382 3375 3564 3446 Atque

1972 3474 2033 3520 ut
2075 3467 2192 3522 haec
2243 3465 2460 3522 veritati
2507 3483 2632 3524 esse
2691 3475 3070 3523 consentanea
3119 3468 3453 3535 declararet,
3505 3469 3562 3522 in

1971 3573 2140 3613 cruce
2187 3573 2490 3629 suspensus
2529 3561 2601 3613 ita
2632 3558 2848 3615 Patrem
2893 3559 3228 3630 alloquitur:
3257 3557 3323 3612 In
3372 3575 3564 3614 uiantis

1975 3660 2094 3704 tuas
2128 3650 2436 3706 commendo
2464 3653 2715 3721 spiritum
2751 3653 2984 3707 meum".
3026 3650 3093 3704 Et
3131 3667 3250 3705 cum
3277 3652 3560 3714 venissem,

1975 3742 2175 3813 inquit,
2196 3743 2410 3808 milites,
2441 3746 2746 3800 invenerunt
2769 3744 2888 3814 jam
2912 3745 3062 3800 illum
3089 3747 3392 3815 exspirasse
3409 3745 3452 3798 ⁸.
3480 3745 3562 3799 Ad

1974 3832 2132 3887 haec:
2169 3831 2237 3886 Et
2270 3834 2601 3900 exclamans,
2627 3834 2826 3905 inquit,
2861 3850 2982 3889 voce
3012 3851 3208 3905 magna
3246 3835 3424 3888 dixit:
3451 3832 3564 3898 Eli,

1977 3921 2086 3988 Eli,
2128 3924 2273 3979 lama
2319 3925 2658 3980 sabacthani.
2710 3925 2828 3982 Hoc
2875 3936 2975 3992 est,
3021 3926 3162 3982 Deus
3216 3943 3384 3991 meus,
3428 3925 3566 3981 Deus

1975 4033 2146 4081 meus,
2169 4034 2333 4088 quare
2361 4035 2443 4073 me
2471 4014 2871 4101 dereliquisti"
2905 4020 3078 4092 Cujus
3104 4019 3322 4091 quidem
3354 4022 3563 4075 oratio-

1976 4109 2066 4164 nis
2103 4109 2214 4163 vim
2244 4109 2359 4180 jam
2409 4118 2538 4166 ante
2583 4111 3015 4168 declaravimus.
3048 4111 3114 4166 Et
3147 4113 3460 4181 exspiravit,
3493 4113 3570 4167 in-

1977 4200 2096 4270 quit
2123 4198 2481 4271 Evangelium
2506 4203 2570 4257 ι’,
2593 4203 2728 4269 Qua:
2755 4219 2882 4258 cum
2916 4203 2992 4258 ita
3027 4204 3140 4258 sint
3162 4245 3176 4270 ,
3201 4212 3257 4259 ct
3292 4203 3568 4275 ejusmodi

1971 4305 2161 4357 .voces,
2196 4293 2512 4360 exspiravit,
2545 4302 2602 4349 et
2639 4297 2693 4348 in
2721 4310 2911 4349 manus
2953 4304 3094 4358 tuas,
3135 4304 3264 4360 etc.,
3297 4304 3352 4348 et
3385 4295 3569 4347 anima

1977 4399 2095 4438 mea
2128 4383 2346 4438 turbata
2389 4395 2488 4450 est,
2537 4400 2603 4441 ac
2649 4395 2876 4441 caeteras
2909 4386 2960 4440 id
2994 4402 3168 4456 genus
3202 4386 3330 4456 ipsa
3364 4385 3572 4439 veritas

281 4475 847 4549 ὸνειροπολουμένων,
896 4477 992 4531 καὶ
1037 4477 1363 4547 καταλεϊψαι
1411 4476 1584 4540 αὑτὰς
1630 4475 1731 4541 τὰς
1776 4475 1864 4530 τοῐ

1982 4483 2235 4547 usurpet,
2279 4477 2405 4548 quis
2447 4478 2583 4533 adeo
2623 4479 2828 4533 stultus
2859 4486 2967 4542 est,
3011 4478 3139 4532 huic
3175 4487 3238 4532 ut
3275 4478 3570 4532 excutien—

282 4567 425 4622 9εοῦ
455 4569 628 4640 Λόγου
662 4570 916 4639 εὐλόγους
946 4571 1132 4643 ῥήσεις
1163 4570 1261 4641 τῆς
1295 4568 1587 4640 ἀληθείαςῖ

1984 4569 2140 4636 tium,
2177 4585 2242 4626 ac
2289 4570 2683 4626 somniantium
2740 4571 3025 4625 hominum
3073 4570 3351 4642 ergastulo
3409 4569 3568 4624 [idem

283 4661 550 4718 adhibere
575 4661 722 4726 ve‘it,
752 4677 815 4718 ac
837 4663 1083 4717 veritatis
1107 4678 1270 4717 voces
1300 4663 1449 4734 ipsas
1477 4678 1505 4716 a
1537 4662 1725 4716 divino
1746 4660 1927 4718 Verbo
1950 4664 2360 4736 pronuntiatas,
2383 4665 2695 4736 rationique
2718 4673 3121 4721 consentaneas
3151 4665 3502 4735 relinquere?

360 4751 446 4804 N'.
500 4748 658 4804 Ἀλλὰ
697 4749 880 4804 λοιπὸν
909 4751 1320 4824 λεξιθηροῦντες
1349 4752 1418 4806 τὰ
1449 4752 1631 4817 καλῶς
1669 4753 1763 4806 καὶ
1787 4755 1869 4824 ὀρ-

284 4842 400 4907 θῶς
424 4843 690 4915 εἰρημένα
725 4843 834 4896 ἀπὸ
861 4844 1099 4914 ἑκάστης
1123 4844 1373 4916 Γραφῆς,
1403 4845 1561 4916 δίκην
1602 4851 1880 4919 ἰντειρατῶην

2061 4754 2122 4810 L.
2160 4755 2404 4828 Pergunt
2439 4757 2491 4810 in
2522 4757 2866 4828 aucupandis
2899 4758 3149 4822 vocibus,
3185 4773 3307 4827 quae
3335 4763 3484 4811 recte
3505 4769 3572 4810 ac

1985 4848 2250 4918 pneelare
2295 4848 2348 4902 in
2394 4862 2726 4918 unoquoque
2766 4847 3068 4918 Scriptura:
3109 4848 3256 4902 lihro
3291 4854 3571 4918 concepta:

286 4935 504 5006 ἀνδρῶν
559 4936 790 5008 σώματα
833 4938 960 5008 ὑγιῆ
1001 4938 1548 5010 ἀκρωτηριαζόντων,
1600 4945 1864 5017 μαρτυρίᾳ

1980 4947 2129 4994 sunt.
2165 4938 2222 4993 lu
2253 4955 2363 5010 quo
2412 4939 2619 5010 piratas
2671 4942 2980 5006 imitantur,
3032 4941 3126 5011 qui
3166 4956 3300 4996 sana
3335 4951 3578 5011 corpora.

286 5029 398 5082 τινὶ
439 5028 755 5100 κέχρηνται,
860 5029 1266 5102 τροπικώτερον
1316 5031 1576 5097 πολλάκις
1619 5035 1652 5105 ἠ
1687 5036 1880 5110 Γραφὴ

288 5123 606 5195 κεχρημένη
640 5123 928 5194 διηγεῖται.
971 5123 1080 5176 Καὶ
1106 5123 1166 5176 τὸ
1206 5124 1305 5194 μὲν
1336 5126 1612 5195 τροπικῶς
1656 5129 1882 5201 εἰρημέ-

286 5232 380 5267 νον
414 5213 640 5286 ἀλήθεια
666 5216 853 5288 φέρειν
876 5216 1033 5270 εἴωθε
1062 5219 1081 5249 ²
1101 5233 1115 5248 ⁶
1150 5217 1210 5270 τὸ
1251 5217 1307 5272 δέ
1337 5220 1536 5290 ἀληθὲς
1570 5220 1664 5273 καὶ
1698 5222 1882 5293 ἀπαρ-

1982 5032 2256 5085 mutilant.
2289 5030 2368 5085 ita
2421 5031 2496 5085 illi
2536 5032 2854 5087 testimonio
2892 5034 3131 5104 quodam
3169 5035 3476 5088 abutuntur
3505 5046 3570 5086 ac

1981 5122 2242 5192 loquendi
2271 5124 2691 5187 consuetudine,
2727 5139 2893 5193 quam
2926 5125 3146 5195 tropice
3168 5127 3370 5197 stt-pius
3403 5141 3571 5180 usur-

1985 5231 2115 5285 pare
2150 5213 2440 5286 Scriptura
2464 5218 2776 5272 consuevit.
2815 5216 2880 5276 Et
2911 5218 3133 5288 quidem
3165 5219 3309 5288 quod
3346 5218 3412 5272 ad
3443 5233 3569 5272 eum

287 5307 552 5377 εμςιάτως
591 5307 701 5380 (97)
754 5310 1166 5381 κεκηρυγμένον
1223 5313 1304 5375 εἰς
1344 5312 1530 5384 ἓτερον
1590 5313 1864 5385 πρόσωποε

1986 5309 2212 5364 modum
2255 5308 2467 5378 tropice
2496 5308 2704 5362 dictum
2735 5317 2843 5372 est,
2874 5317 3137 5381 tanquam
3165 5326 3291 5366 vere
3325 5310 3572 5380 proprie-

366 5466 381 5496 ¹
417 5462 478 5519 F.
511 5465 592 5519 δέ.
672 5467 694 5497 ¹
727 5463 790 5537 Ε.
819 5464 1048 5537 ἀληθείᾳ
1077 5483 1204 5536 φερ.
1247 5466 1492 5523 εἰώθασι.
1566 5468 1587 5499 ³
1623 5465 1782 5523 Joan.
1818 5485 1864 5523 ιιι

1970 5468 2046 5524 Π.
2123 5469 2142 5500 ⁸
2176 5466 2372 5521 Matth.
2409 5481 2560 5537 nvi,
2592 5466 2681 5522 58.
2757 5468 2779 5498 ⁵
2805 5465 2964 5524 Joan.
2996 5483 3049 5535 Χ,
3080 5467 3166 5522 18.
3261 5466 3285 5497 ⁶
3312 5463 3450 5518 ibid.
3482 5466 3568 5521 Η.

287 5535 314 5570 ⁷
345 5534 478 5592 Luc.
507 5552 666 5604 um,
698 5536 789 5591 46.
865 5537 886 5567 ⁸
917 5534 1228 5603 1οοίιζχὶι,
1266 5539 1356 5592 35.
1432 5540 1452 5570 ⁹
1484 5538 1674 5594 Matth.
1717 5556 1862 5595 xxvn

1970 5539 2001 5594 i.
2083 5540 2129 5572 ’θ
2151 5538 2318 5593 Marc.
2351 5554 2440 5602 xv,
2472 5536 2560 5591 57.

367 5721 482 5791 (97),
519 5719 590 5774 Τὸ
621 5719 690 5774 δὲ
716 5719 961 5786 ἀληθὲς.
985 5719 1082 5774 καί
1107 5719 1562 5791 ἀπαρεμφάτως.
1600 5719 1728 5791 ch.
1751 5720 1884 5791 ἁληο

292 5789 423 5857 θῶς.
466 5790 643 5849 Porro
671 5791 1087 5862 ἀπαρεμφάτως
1112 5790 1254 5847 idem
1282 5800 1367 5847 est
1387 5806 1449 5848 ac
1482 5789 1738 5863 simplici,
1765 5789 1873 5846 non

1995 5719 2288 5791 allegorice
2327 5735 2518 5791 sensu,
2563 5719 2656 5777 sed
2700 5718 2938 5791 proprie,
2975 5724 3035 5774 ct
3071 5716 3190 5774 sine
3229 5712 3457 5772 alterius
3491 5714 3575 5772 rei

1986 5790 2406 5863 signiﬁcatione.
