3994 6416
256 332 382 388 33f
415 361 418 364 -

1014 329 1388 390 ADVERSUS
1427 325 1771 388 HAZRESES
1809 324 1939 382 LIB.
1981 325 2046 384 Il.
2087 327 2252 386 TOM.
2297 328 2453 386 IL—
2491 327 2767 385 "AERES.
2801 327 2989 384 LXIX.

3457 323 3568 380 2‘82

261 439 551 510 λέγεσθαι,
575 441 668 495 καὶ
691 441 774 504 εἰς
798 439 886 492 τὸν
909 441 1036 496 Υίὺν
1056 439 1354 516 τροπικῶς,
1385 445 1475 500 διὰ
1497 445 1562 498 τὸ
1583 417 1867 516 ἀρνεῖσθαι

1995 443 2063 496 lla
2113 443 2168 497 in
2209 445 2591 499 incarnatione
2625 443 2953 512 susceperit,
2995 433 3090 496 sed
3131 438 3199 493 ad
3245 437 3564 509 allegoriam

261 533 436 588 αὐτὸν
460 532 742 603 εἰληφέναι
770 533 968 605 ψυχήν.
1001 537 1097 600 Εἰς
1133 538 1190 590 δὲ
1233 538 1295 591 τὸ
1324 539 1454 609 περὶ
1486 537 1714 610 καρδίας
1745 552 1865 588 πιεσ-

259 619 528 696 (dium,
563 627 624 679 οὐ
664 627 932 700 δύνανται
961 630 1326 702 ἀρνήσασθαι,
1361 631 1450 683 διὰ
1493 632 1553 683 τὸ
1585 631 1868 700 ὁμολογεῖ-

261 719 398 772 σθαι
435 719 568 790 παρ’
602 719 786 773 αὐτῶν
814 722 996 774 πᾶσαν
1039 723 1138 793 τὴν
1173 722 1322 776 θέσιν
1349 723 1444 776 τοῦ
1485 722 1742 793 σώματος
1771 722 1868 774 τοῦ

261 811 482 882 Κυρίου
510 810 813 882 εἰληφέναι,
843 813 951 866 ἀπὸ
977 813 1072 867 τοῦ
1105 815 1334 885 καρδίαν
1367 817 1463 869 καὶ
1491 815 1740 888 καρδίαν,
1769 815 1870 884 τὴν

265 901 376 970 μὲν
416 900 691 971 ἀληθινῶς
727 902 1187 975 ὁμολογουμένην,
1230 905 1330 976 τὴν
1366 905 1423 958 δὲ
1457 905 1870 975 ἀλληγορουμέ-

265 1009 393 1063 νην.
426 991 590 1046 Οὕτω
615 994 710 1048 καὶ
741 995 870 1065 περὶ
902 995 1081 1066 ψυχῆς
1109 999 1138 1049 ὁ
1166 997 1322 1065 λόγος
1363 996 1572 1067 ἀληθὴς
1611 997 1868 1067 ὑπάρχει,

205 1090 210 1094 ’
273 1087 371 1138 καὶ
398 1086 500 1138 οὐκ
521 1085 927 1156 ἀλληγορείται,
955 1086 1080 1142 οὔτε
1105 1087 1384 1160 τροπικῶς
1411 1089 1650 1156 λέγεται.
1688 1087 1870 1156 Οὔσης

273 1177 331 1230 δὲ
356 1177 456 1247 τῆς
479 1176 574 1230 τοῦ
604 1179 844 1249 Χριστοῦ
871 1179 1340 1252 ὲνανθρωπήσεως
1371 1183 1429 1234 ὲν
1453 1182 1615 1233 παντὶ
1643 1179 1874 1235 τελειου-

273 1269 443 1339 μένης
479 1268 713 1340 σώματι,
736 1271 831 1324 καὶ
857 1272 1024 1343 ψυχῇ.
1056 1275 1152 1326 καὶ
1181 1276 1275 1345 νῷ,
1304 1274 1399 1328 καὶ
1423 1273 1642 1345 καρδίᾳ,
1666 1274 1759 1326 καὶ
1792 1274 1874 1337 είς

267 1361 460 1415 πάντα
493 1363 594 1414 ὅσα
623 1364 772 1416 ἐστὶν
801 1365 1090 1437 ἄνθρωπος
1129 1368 1299 1437 χωρὶς
1341 1367 1640 1438 ἁμαρτίας·
1677 1365 1871 1434 γέγονε

266 1453 326 1507 δὲ
369 1454 520 1523 αὐτῷ
556 1454 624 1507 τὰ
669 1455 985 1526 ἀνθρώπινα
1027 1459 1264 1526 εὐλόγως
1291 1458 1650 1530 πράττεσθαι,
1685 1457 1780 1512 καὶ
1814 1460 1872 1510 ἐν

267 1546 490 1617 θεὴ-ει
533 1549 757 1614 τελείως
793 1553 852 1604 ὲν
897 1553 1142 1624 σωτηρίᾳ
1180 1553 1570 1618 ἐπιτελεῖσθαι,
1603 1553 1788 1606 οὐκέτι
1835 1555 1870 1624 ἡ

268 1639 444 1694 αὐτοῦ
469 1641 660 1712 θεότης
693 1643 943 1714 ἀδοξήσει
974 1645 1126 1717 παρὰ
1162 1646 1264 1716 τὴν
1298 1646 1391 1700 τοῦ
1423 1646 1638 1717 Πατρὸς
1667 1645 1869 1698 τελειό-

271 1748 436 1800 τηταο
473 1733 608 1786 ἀλλὰ
649 1733 738 1787 διὰ
775 1735 873 1806 τὴν
907 1735 1172 1806 Ενσαρκον
1212 1737 1649 1809 ἑνανθρὼπησιν,
1681 1738 1776 1791 καὶ
1811 1736 1872 1789 τὸ

1973 546 2026 592 et
2060 547 2279 608 tropum
2321 539 2577 597 universa
2602 536 2936 592 traducenda
2970 542 3121 598 sunt,
3151 540 3247 588 aut
3268 533 3564 588 confusum

1969 632 2244 701 qumldam
2271 645 2476 701 corpus
2517 631 2759 685 induerit
2814 637 3068 700 oportet,
3106 629 3250 699 quod
3289 629 3566 682 intestinis

1973 725 2194 794 penitus
2224 731 2430 777 careat.
2465 721 2622 789 Quod
2667 723 2714 776 si
2769 722 2842 775 ita
2873 729 2959 776 est
2984 761 2998 783 ,
3035 721 3183 775 vesci
3234 729 3330 773 aut
3381 719 3568 773 bibere

1972 816 2250 888 guomodo
2305 816 2527 884 potuit?
2570 816 2758 886 Apage
2814 824 2923 866 tam
2962 813 3222 867 absurda.
3283 811 3400 888 Jam
3436 825 3570 864 vero

1971 887 2096 961 cum
2130 906 2291 959 Pater
2322 921 2420 959 cor
2445 915 2501 960 et
2533 907 2776 960 animam
2821 904 2926 958 sibi
2973 904 3200 967 tribuat,
3246 887 3408 972 idque
3433 902 3568 955 alle-

1972 1001 2157 1070 gorice
2185 1041 2200 1064 ,
2229 1013 2294 1052 ac
2321 1013 2420 1068 per
2458 1006 2680 1066 tropum
2719 995 2789 1051 de
2837 996 2957 1065 ipso
2993 995 3338 1064 interpretari
3391 993 3568 1063 possi-

1976 1109 2128 1156 mus;
2161 1106 2226 1146 ac
2252 1091 2319 1146 de
2351 1089 2490 1144 Filio
2521 1105 2762 1160 quoque,
2798 1089 2946 1158 quod
2983 1089 3048 1141 ad
3082 1088 3318 1142 animam
3353 1086 3565 1146 attinet,

1972 1198 2136 1253 quam
2168 1184 2236 1236 ab
2283 1183 2376 1236 illo
2427 1190 2742 1250 susceptam
2797 1179 2986 1233 Ariani
3019 1186 3220 1248 negant
3251 1216 3263 1239 ,
3295 1184 3572 1244 utcunque

1974 1277 2138 1330 etiam
2175 1273 2383 1342 tropice
2433 1272 2642 1326 dictum
2677 1268 2850 1322 videri
2891 1269 3098 1337 possit:
3141 1273 3289 1319 certe
3324 1279 3448 1318 cum
3475 1278 3572 1316 eor

1972 1368 2082 1422 illis
2117 1366 2414 1435 opponitur
2444 1402 2458 1427 ,
2521 1378 2724 1434 negare
2778 1361 3004 1430 omni-no
3054 1374 3162 1412 non
3197 1365 3469 1425 possunt,
3506 1371 3572 1410 eo

1977 1454 2122 1531 quot]
2184 1466 2354 1511 totam
2416 1454 2647 1508 humani
2707 1451 2956 1522 corporis
3007 1447 3420 1518 dispositionem
3476 1458 3572 1497 as-

1974 1558 2244 1620 sumptam
2303 1563 2330 1602 a
2387 1547 2620 1601 Domino
2671 1544 2842 1598 fuisse
2895 1543 3042 1597 ultro
3081 1540 3184 1610 ipsi
3215 1538 3568 1593 conﬁtentur.

1975 1643 2323 1712 Proindeque
2357 1637 2819 1711 quemadmodum
2863 1651 2960 1689 cor
3013 1634 3230 1688 duobus
3266 1630 3448 1685 modis
3477 1643 3571 1682 ac-

1974 1739 2080 1808 cipi
2115 1752 2226 1791 non
2251 1742 2475 1806 negant,
2514 1732 2732 1803 proprie
2773 1730 2988 1785 scilicet
3015 1742 3080 1781 ac
3107 1741 3256 1789 vere,
3279 1733 3334 1779 et
3367 1725 3572 1793 allego-

271 1795 524 1892 autem,
557 1824 652 1876 καὶ
686 1823 750 1876 τὸ
781 1795 1056 1895 πεινῆσαι,
1084 1829 1177 1880 καὶ
1207 1827 1269 1880 τὸ
1312 1795 1479 1892 πιεῖν,
1519 1795 1614 1880 καὶ
1637 1795 1868 1890 νὲσθίειν,

1989 1831 2088 1884 rice
2107 1870 2123 1895 ,
2151 1829 2226 1882 ita
2254 1836 2308 1882 et
2343 1827 2412 1881 de
2437 1826 2618 1878 anima
2657 1822 2909 1890 judicare
2937 1819 3195 1873 convenit
3222 1857 3236 1881 ,
3265 1823 3325 1868 ut
3349 1831 3412 1869 ea
3445 1829 3573 1868 vere

271 1913 373 1966 καὶ
395 1914 458 1966 τὸ
478 1914 702 1978 ὑπνοῦν,
730 1917 823 1970 καὶ
848 1917 1137 1989 ἀδημονεῖν
1159 1920 1602 1993 πληρωθήσεται,
1627 1921 1875 1985 ἀπαθοῦς

1989 1921 2155 1985 F‘ilio,
2210 1934 2320 1974 non
2372 1917 2699 1987 allegorice,
2758 1928 2937 1982 neque
2999 1911 3210 1980 tropice
3275 1909 3568 1962 tribuatur.

271 2003 444 2074 οὔσης
471 2005 573 2074 τῆς
599 2006 766 2060 αὐτοῦ
795 2008 1069 2080 θεότητος.
1118 2013 1229 2065 Καὶ
1266 2012 1516 2066 διέπεσεν
1551 2013 1730 2067 αὐτῶν
1776 2014 1877 2068 πά-

1989 2013 2252 2080 Quocirca
2304 2026 2428 2064 cum
2479 2011 2734 2075 suscepta
2785 2004 3028 2059 hominis
3059 2017 3090 2055 a
3126 2001 3350 2057 Christo
3375 2007 3573 2052 natura

271 2093 361 2146 λιν
386 2096 416 2147 ὁ
446 2095 576 2166 περὶ
601 2097 792 2151 τούτου
817 2099 991 2170 λόγος·
1017 2103 1206 2176 ἐπειδὴ
1231 2099 1397 2176 ἦλθεν
1429 2107 1509 2169 είς
1537 2105 1717 2176 σάρκα
1743 2106 1877 2172 Θεὸς

1989 2105 2098 2161 suis
2130 2102 2388 2157 omnibus
2441 2097 2691 2153 numeris
2739 2095 2990 2149 absoluto
3049 2107 3283 2161 corpore
3335 2096 3572 2155 constet,

273 2185 379 2240 ὤν’
1974 2210 2188 2252 necnon
2235 2200 2290 2248 et
2329 2192 2546 2254 anima,
2604 2197 2786 2242 mente
2813 2225 2826 2249 ,
2874 2185 3041 2241 corde
3087 2183 3414 2251 ceterisque
3447 2194 3572 2250 quae

275 2281 490 2340 homini
559 2287 768 2355 insunt,
801 2298 1000 2362 praeter
1027 2302 1340 2362 peccatum;
1382 2309 1619 2365 cumque
1679 2295 1936 2351 humanae
1974 2292 2320 2354 functiones,
2352 2301 2452 2357 pro
2489 2299 2555 2341 eo
2603 2297 2668 2338 ac
2710 2282 2909 2336 rationi
2960 2285 3396 2334 consentaneum
3425 2281 3568 2337 erat,

277 2390 389 2429 una
419 2391 544 2432 cum
581 2380 821 2448 perfecta
853 2382 1140 2438 divinitate
1177 2385 1243 2438 ad
1283 2385 1475 2441 salutis
1511 2387 2041 2442 administrationem
2073 2385 2140 2437 ab
2178 2383 2272 2435 illo
2317 2379 2480 2434 obitaa
2541 2377 2906 2446 prmstitaeque
2965 2370 3202 2432 fuerint,
3261 2369 3376 2435 jam
3435 2365 3568 2420 illud

275 2468 539 2538 explicari
588 2473 874 2529 commode
925 2485 1142 2546 potest,
1202 2479 1658 2550 quemadmodum
1715 2480 1864 2535 illius
1903 2477 2162 2533 divinitas
2219 2488 2327 2527 non
2385 2471 2478 2534 sit,
2510 2466 2654 2537 (ιυοά
2717 2464 2785 2518 ad
2844 2463 3167 2532 dignitatem
3201 2459 3576 2525 animum“-

280 2559 524 2616 fectione
563 2560 743 2618 Patris
793 2563 1061 2632 inferior;
1116 2568 1187 2622 ob
1225 2549 1456 2638 eamque
1508 2584 1673 2640 quam
1745 2585 1883 2624 usur

1994 2571 2034 2623 it
2067 2566 2253 2621 carnis
2290 2565 2542 2616 humana:
2602 2555 2972 2612 conditionem
3026 2553 3290 2622 praeclare
3345 2549 3396 2603 id
3453 2565 3578 2604 esse

275 2653 585 2723 perfectum
630 2655 1031 2730 intelligemus,
1082 2662 1229 2731 quod
1290 2671 1345 2718 et
1379 2663 1527 2719 sitim
1555 2706 1569 2728 ,
1601 2673 1655 2720 et
1700 2664 1899 2720 famem
1935 2665 2162 2728 tulisse,
2218 2667 2272 2716 et
2323 2659 2561 2719 bibisse,
2596 2663 2650 2709 et
2695 2653 3034 2714 comedisse,
3065 2659 3120 2703 et
3166 2663 3420 2703 somnum
3489 2661 3582 2731 ce-

277 2743 432 2812 pisse
459 2783 474 2808 ,
503 2753 558 2800 et
608 2747 834 2802 tristitia
868 2763 932 2802 ac
967 2763 1202 2808 mterore
1241 2763 1559 2811 contractus
1593 2756 1762 2812 fuisse
1791 2756 2009 2826 legitur,
2037 2725 2162 2809 cum
2227 2751 2451 2806 interim
2519 2747 2639 2816 ejus
2686 2744 2951 2799 divinitas
2983 2741 3052 2795 ab
3107 2740 3254 2793 omni
3307 2725 3576 2807 ejusmodi

278 2833 576 2892 aﬂectione
620 2850 766 2895 esset
802 2841 1083 2899 immunis.
1117 2845 1195 2900 Ita
1241 2849 1428 2904 nullus
1465 2850 1569 2906 hac
1606 2850 1663 2905 in
1711 2857 1864 2920 parte
1901 2852 2120 2906 illorum
2152 2845 2402 2918 opinioni
2455 2844 2612 2896 locus
2648 2848 2754 2905 est,
2809 2838 3070 2908 quoniam
3134 2834 3355 2905 quidem
3433 2829 3579 2882 Deus

281 2930 353 2983 ad
380 2946 602 2987 carnem
636 2934 939 2993 descendit.

356 3023 486 3078 NB'.
526 3025 808 3093 Λεγόντων
872 3028 1053 3082 αὐτῶν
1083 3032 1123 3098 ¹,
1167 3035 1248 3088 ὃτι
1298 3037 1366 3090 Ei
1407 3032 1476 3108 ἦν
1525 3037 1590 3089 ἐκ
1635 3034 1730 3090 τοῦ
1771 3038 1888 3091 Πα-

2067 3027 2174 3085 Lll.
2209 3025 2368 3093 Quod
2393 3031 2575 3078 autem
2606 3022 2708 3076 hoc
2735 3021 2804 3075 ab
2837 3018 3058 3073 Arianis
3093 3016 3392 3081 obiicitur:
3428 3013 3484 3068 Si
3517 3028 3582 3067 ex

280 3120 436 3190 τρδς,
465 3122 584 3186 πῶς
619 3125 697 3186 είς
743 3123 923 3194 σάρκα
946 3119 1077 3196 ἦλθε
1105 3143 1121 3192 ;
1151 3128 1380 3199 Φήσειεν
1421 3106 1487 3182 ἄν
1519 3147 1602 3194 τις
1632 3129 1769 3202 πρὸς
1794 3130 1883 3183 αὑ-

1993 3124 2161 3177 Patre
2190 3126 2308 3173 erat
2332 3156 2347 3179 ,
2378 3115 2601 3185 quinam
2635 3113 2699 3165 ad
2733 3126 2955 3165 carnem
2990 3107 3322 3162 descendit?
3360 3107 3438 3158 Ita
3474 3106 3584 3158 illis

280 3211 436 3274 τούςο
470 3213 605 3284 Περὶ
631 3213 741 3266 τῶν
763 3214 1011 3283 ἀγγέλων
1035 3216 1086 3269 τί
1117 3235 1286 3286 φατε;
1327 3219 1499 3273 Παντὶ
1531 3221 1691 3273 τοῦτο
1722 3220 1879 3292 δῆλόν

282 3303 461 3369 ἔστιν,
485 3305 564 3357 ὅτι
594 3305 916 3374 ὁμολογοῦσι
937 3307 1063 3371 τοὺς
1089 3310 1355 3378 ἀγγέλους
1377 3311 1482 3364 ὑπὸ
1511 3311 1605 3365 τοῦ
1628 3311 1760 3365 Υἱοῦ
1791 3329 1883 3380 γε-

281 3394 526 3464 γονέναι.
555 3396 664 3449 Καὶ
691 3397 801 3468 γὰρ
836 3399 929 3451 καὶ
971 3400 1099 3470 περὶ
1139 3399 1233 3453 τοῦ
1274 3401 1593 3472 Πνεύματος
1639 3402 1885 3474 βλασφη-

289 3487 479 3558 μοῦσι,
509 3489 605 3542 καὶ
634 3489 876 3560 τολμῶσι
915 3491 1094 3560 λέγειν
1146 3495 1429 3548 κεκτίσθαι
1461 3496 1565 3548 ὑπὸ
1597 3496 1691 3548 τοῦ
1727 3497 1880 3549 Υίοῦ·

286 3578 430 3648 ὅπερ
461 3579 609 3632 ἐστὶν
631 3579 908 3647 ᾶκτιστον,
927 3581 995 3634 ἐκ
1015 3584 1245 3651 Πατρός
1269 3585 1767 3656 ἐκπορευόμενον,
1786 3587 1885 3640 καί

287 3668 402 3724 τοῦ
443 3669 581 3724 Υίοῦ
609 3673 941 3740 λαμϐάνον.
974 3674 1037 3726 Εἰ
1059 3671 1154 3727 οὖν
1183 3677 1262 3739 είς
1290 3677 1350 3729 τὸ
1378 3678 1600 3748 Πνεῦμα
1635 3678 1696 3732 τὸ
1732 3678 1888 3747 ἅγιον

287 3759 532 3830 τολμῶσι
550 3762 708 3815 τοῦτο
726 3763 927 3832 λέγειν,
953 3765 1103 3836 πόσῳ
1135 3784 1200 3836 γε
1223 3767 1423 3837 μᾶλλον
1451 3771 1578 3841 περὶ
1594 3769 1701 3822 τῶν
1729 3770 1890 3839 ἀγγέ-

287 3852 404 3907 λων
433 3855 492 3906 οὐ
519 3853 838 3925 δυνήσονται
864 3851 1323 3928 ἁρνήσασθαι,ὅτι
1343 3862 1407 3912 ἐκ
1433 3862 1525 3914 τοῦ
1551 3861 1891 3931 Μονογενοῦς

288 3946 563 4014 ἐσχήκασι
591 3947 652 3999 τὸ
679 3944 817 4001 εἶναι
847 3949 1154 4020 ὲκτισμένοι
1181 3954 1501 4020 γεγονότες
1538 3953 1600 4006 El
1630 3955 1807 4007 τοίνυν
1840 3956 1890 4007 οἱ

291 4034 393 4086 ὑπ’
421 4035 584 4089 αὑτοῦ
605 4037 889 4106 γεγονότες
917 4039 1137 4108 ἄγγελοι
1159 4042 1255 4111 μὲν
1284 4046 1644 4113 πνευματικοὶ
1673 4045 1893 4113 γεγονό-

290 4142 411 4190 τες,
457 4127 592 4198 πλὴν
649 4129 924 4201 κτίσματα
957 4129 1122 4184 αὑτοῦ
1155 4131 1327 4195 ὄντες,
1362 4134 1456 4186 καὶ
1489 4135 1892 4206 ὑποϐεϐηκότες

292 4217 436 4271 πολὺ
461 4219 703 4290 ἀπείρως
723 4221 822 4292 τῆς
842 4221 1003 4274 αὑτοῦ
1022 4223 1231 4287 οὐσίας,
1254 4224 1328 4287 ὡς
1352 4224 1511 4294 ἔργον
1532 4225 1697 4278 αὐτοῦ
1718 4226 1889 4293 ὄντες,

291 4312 451 4381 ὅμως
481 4312 656 4382 σάρκα
688 4313 760 4384 μὴ
789 4314 1091 4387 εἰληφότες,
1128 4316 1179 4369 τί
1208 4316 1470 4388 ἐροῦμεν;
1502 4313 1648 4388 ’Ἄρα
1678 4318 1896 4387 μείζους

292 4404 409 4456 είσὶ
435 4403 528 4457 τοῦ
564 4405 691 4458 Υίοῦ
719 4408 809 4459 ὑπ’
833 4407 1000 4461 αὐτοῦ
1030 4408 1366 4474 κτισθέντες,
1406 4411 1438 4481 ἢ
1467 4411 1557 4464 καὶ
1577 4410 1638 4462 τὸ
1668 4411 1895 4481 Πνεῦμα

1983 3234 2014 3272 e
2037 3211 2313 3269 contrario
2343 3214 2523 3278 potest
2550 3205 2770 3259 occurri
2797 3223 2810 3258 :
2842 3203 2914 3256 De
2964 3202 3172 3269 angelis
3201 3199 3333 3269 quid
3365 3197 3586 3251 tandem

1984 3301 2362 3364 existimatis?
2397 3299 2610 3354 Nemini
2660 3296 2825 3367 ⁸7⁵ῘῆΙ
2874 3295 3080 3363 quippe
3111 3293 3338 3346 dubium
3371 3299 3457 3345 est
3487 3306 3586 3343 an-

1987 3397 2138 3470 gelos
2178 3410 2207 3448 a
2251 3391 2392 3446 Filio
2439 3405 2504 3444 ex
2536 3389 2755 3442 illorum
2788 3399 2913 3439 esse
2947 3384 3222 3437 sententia
3258 3382 3584 3450 productos.
3645 3407 3654 3412 -

1986 3486 2296 3544 Praesertim
2333 3497 2456 3536 cum
2489 3480 2558 3534 de
2588 3478 2796 3548 Spiritu
2842 3482 3039 3530 sancto
3072 3489 3168 3543 per
3204 3487 3478 3528 summam
3529 3473 3585 3524 in

1990 3581 2170 3651 ipsum
2213 3572 2605 3630 contumeliam
2641 3569 2827 3624 dicere
2863 3567 3138 3630 audeant,
3195 3580 3222 3617 a
3257 3562 3394 3617 Filio
3439 3563 3588 3616 hunc

1990 3687 2116 3727 esse
2149 3672 2499 3739 procreatum
2533 3683 2545 3718 :
2579 3662 2669 3732 qui
2721 3668 2903 3713 tamen
2944 3657 3247 3712 creationis
3279 3656 3459 3710 omnis
3489 3670 3586 3708 ex—

1993 3779 2138 3836 pers,
2172 3779 2203 3814 a
2247 3760 2403 3813 Patre
2425 3756 2658 3826 procedit
2681 3757 2702 3786 '
2741 3761 2789 3806 et
2841 3768 2872 3806 a
2916 3749 3062 3804 Filio
3092 3749 3283 3817 accipit
3316 3747 3356 3800 ³.
3399 3745 3505 3800 Sed
3539 3745 3587 3798 si

1991 3854 2060 3908 de
2104 3851 2315 3920 Spiritu
2370 3853 2566 3904 sancto
2608 3841 2882 3913 ejusmodi
2920 3839 3180 3909 quiddam
3230 3837 3590 3908 pronuntiare

1993 3959 2102 3999 non
2136 3943 2411 4006 dubitant,
2437 3945 2646 4009 quanto
2675 3936 2862 3990 minus
2885 3933 3029 3987 idem
3062 3932 3130 3986 de
3152 3930 3362 3999 angelis
3389 3943 3590 3998 negare

1993 4040 2256 4107 poterunt
2283 4051 2299 4098 ;
2335 4046 2437 4086 nec
2466 4029 2721 4084 dubitare
2747 4067 2761 4091 ,
2803 4041 2928 4081 cum
2957 4025 3128 4080 creati
3160 4022 3234 4076 illi
3274 4021 3384 4076 sint
3411 4061 3426 4085 ,
3457 4020 3588 4090 quin

1996 4141 2025 4180 a
2072 4124 2210 4178 Filio
2240 4132 2300 4176 ut
2333 4130 2521 4176 essent
2548 4118 2908 4188 acceperint?
2943 4116 3130 4185 Itaque
3165 4129 3289 4168 eum
3337 4113 3590 4182 producti

1987 4217 2065 4272 ab
2095 4216 2284 4270 eodem
2321 4213 2497 4283 angeli
2533 4212 2625 4280 qui
2682 4209 2900 4263 tametsi
2955 4209 3184 4277 spiritus
3233 4206 3381 4269 sint,
3445 4203 3592 4256 illius

1997 4317 2178 4362 tamen
2212 4314 2482 4360 creaturae
2513 4309 2678 4364 sunt,
2709 4308 2764 4354 et
2792 4300 2861 4354 ab
2889 4300 3009 4366 ejus
3038 4309 3246 4352 natura:
3277 4296 3590 4365 pnestantia

1999 4399 2228 4454 inﬁnitis
2279 4395 2531 4466 partibus
2563 4394 2806 4456 absunt,
2858 4399 3048 4460 utpote
3096 4405 3221 4442 cum
3274 4387 3422 4441 illius
3454 4402 3593 4457 opus

290 4496 360 4547 τὸ
388 4495 574 4563 ἂγιον;
609 4497 708 4551 Διὰ
730 4497 782 4550 τί
824 4499 897 4568 μὴ
926 4501 1006 4562 είς
1037 4499 1218 4569 σάρκα
1238 4495 1393 4572 ἦλθε,
1424 4479 1514 4553 καὶ
1550 4501 1728 4571 σάρκα
1768 4479 1883 4568 ἐφό-

2001 4493 2135 4557 sint;
2172 4490 2265 4546 sed
2300 4504 2424 4542 cum
2461 4484 2636 4556 angeli
2671 4498 2891 4537 carnem
2927 4499 3033 4537 non
3067 4481 3430 4550 susceperint,
3458 4479 3590 4549 quid

295 4608 452 4662 ρεσε,
485 4592 578 4644 καὶ
611 4591 1053 4664 ἐνηνθρὼπησεν,
1094 4595 1128 4665 ἢ
1160 4593 1221 4647 τὸ
1263 4593 1489 4664 Πνεῦμα
1532 4594 1592 4647 τὸ
1617 4594 1770 4661 ἅγιον
1794 4591 1888 4646 τοῦ

291 4681 456 4743 Θεοῦ,
497 4683 529 4750 ἡ
573 4699 657 4746 τις
697 4683 804 4736 τῶν
839 4685 1120 4752 ἁγγέλων;
1155 4683 1228 4736 Οὐ
1280 4686 1386 4756 γὰρ
1434 4685 1653 4747 πάντως
1700 4682 1788 4736 διὰ
1830 4683 1890 4735 τὺ

290 4774 356 4842 ἡ)
370 4774 646 4827 αττῶσθαι
677 4775 768 4828 τὸν
798 4776 926 4828 Υίὸν
959 4777 1111 4847 παρὰ
1139 4777 1228 4829 τὸν
1247 4777 1489 4849 Πατέρα,
1510 4777 1698 4830 τούτου
1727 4775 1891 4828 ’ἕνεκα

296 4867 483 4933 σάρκα
528 4866 844 4919 ἐνεδύσατο’
890 4869 1011 4920 ἐπεὶ
1051 4867 1117 4921 ἂν
1161 4867 1391 4938 ὤφειλον
1446 4869 1541 4922 καὶ
1580 4871 1628 4922 οἱ
1669 4868 1890 4936 ἄγγελοι

295 4955 520 5018 πάντως
553 4955 731 5025 σάρκα
771 4955 1113 5019 ἐνδύσασθαι,
1146 4957 1177 5027 ἧ
1227 4959 1321 5010 καὶ
1361 4960 1419 5011 τὸ
1454 4957 1699 5029 Πνεῦμα,
1750 4957 1890 5010 Ἀλλ’

295 5047 490 5117 ἐπειδὴ
525 5048 557 5118 ὴ
585 5049 744 5117 σοφία
772 5048 846 5100 ὢν
874 5049 966 5102 τοῦ
996 5050 1226 5119 Πατρὸς,
1259 5053 1352 5104 καὶ
1379 5051 1627 5121 δύναμις,
1666 5050 1760 5104 καὶ
1786 5051 1892 5104 Λό-

295 5156 415 5206 γος,
466 5139 624 5202 αὐτὸς
667 5141 734 5192 τὰ
775 5141 952 5194 πάντα
993 5143 1394 5214 ἐδημιούργησε
1437 5145 1532 5195 σὺν
1575 5144 1749 5218 Πατρὶ
1804 5144 1895 5195 καὶ

297 5231 440 5300 ἁγίῳ
489 5231 790 5300 Πνεύματι,
837 5231 923 5285 ἵνα
970 5233 1137 5307 δείξῃ,
1199 5236 1280 5287 ὅτι
1329 5236 1390 5287 τὸ
1443 5233 1611 5287 αἴτιον
1663 5235 1761 5303 τῆς
1800 5233 1893 5286 τοῦ

311 5321 488 5390 Ἀδὰμ
526 5320 892 5392 παραϐάσεως
941 5324 1041 5377 οὐκ
1092 5325 1199 5378 ἀπὸ
1241 5325 1336 5378 τοῦ
1381 5326 1739 5388 πεπλακέναι,
1775 5324 1894 5376 οὐδὲ

299 5414 410 5467 ἀπὸ
435 5413 527 5466 τοῦ
568 5415 928 5485 πεποιηκέναι
958 5415 1018 5468 τὸ
1052 5417 1296 5489 ἁμαρτὲς
1330 5418 1361 5486 ἦ
1393 5417 1453 5469 τὸ
1482 5418 1581 5486 τῆς
1609 5417 1894 5487 παρακοῆς

299 5505 476 5575 ἔσχεν,
513 5505 631 5560 ἀλλ’
672 5505 781 5558 ἀπὺ
813 5506 948 5568 ἰδίας
986 5509 1378 5578 προαιρέσεως,
1419 5508 1504 5560 ἵνα
1550 5509 1648 5576 τὴν
1683 5507 1894 5559 δικαίαν

300 5599 474 5670 κρίσιν
496 5602 579 5664 είς
608 5598 762 5661 τέλος
792 5597 1122 5668 διεξαγάγοι,
1153 5599 1227 5664 ὡς
1257 5596 1410 5652 εἶπεν
1436 5602 1463 5652 ὁ
1507 5601 1735 5663 Ἡσαΐας
1753 5617 1764 5628 ·
1789 5598 1898 5652 Κά-

2000 4585 2218 4640 tandem
2273 4575 2634 4651 putabimus?
2676 4575 2843 4630 Estne
2889 4584 2948 4628 ut
2989 4573 3124 4627 Filio
3176 4572 3592 4626 excellentiores

1999 4677 2123 4731 illos
2160 4673 2510 4732 arbitremur,
2547 4686 2574 4723 a
2604 4684 2713 4739 quo
2757 4667 2927 4722 creati
2958 4667 3125 4721 sunt?
3156 4667 3237 4718 An
3285 4664 3424 4718 idem
3457 4677 3596 4731 quo-

2001 4783 2107 4839 que
2133 4767 2295 4821 nobis
2331 4763 2398 4820 de
2433 4763 2639 4832 Spiritu
2690 4770 2885 4815 sancto
2927 4756 3428 4830 persuadebimus?
3458 4756 3593 4822 Cur,

2000 4862 2221 4929 inquam
2245 4900 2258 4924 ,
2300 4871 2476 4923 neque
2506 4855 2594 4907 hic
2619 4894 2633 4916 ,
2670 4865 2771 4907 nec
2805 4851 3124 4921 angelorum
3169 4849 3310 4902 ullus
3353 4848 3418 4900 ad
3467 4861 3595 4900 car-

2000 4965 2126 5003 nem
2159 4945 2444 5002 descendit
2472 4985 2486 5008 ,
2517 4959 2617 4997 nee
2649 4957 2769 4995 eam
2809 4942 3044 5011 gestavit
3078 4947 3172 4994 aut
3202 4946 3454 4992 naturam
3495 4937 3593 4989 lio—

1984 5041 2167 5097 'minis
2202 5039 2539 5108 assumpsit?
2582 5037 2870 5089 Enimvero
2925 5049 3036 5088 non
3081 5033 3205 5087 ideo
3256 5031 3402 5102 quod
3436 5031 3597 5085 Patre

1989 5133 2184 5188 'minor
2218 5133 2286 5187 sit
2335 5128 2529 5193 Filius,
2567 5136 2856 5199 propterea
2891 5141 3112 5180 carnem
3146 5124 3344 5178 induit.
3377 5124 3594 5191 Alioqui

2006 5233 2112 5278 tam
2150 5223 2327 5294 angeli
2360 5262 2376 5287 ,
2408 5237 2572 5292 quam
2613 5219 2854 5290 Spiritus
2899 5225 3124 5274 sanctus
3163 5232 3327 5270 carne
3378 5231 3595 5285 quoque

2003 5317 2188 5371 vestiri
2225 5316 2551 5370 debuerant.
2591 5311 2698 5366 Sed
2729 5311 2988 5381 quoniam
3024 5310 3165 5363 idem
3203 5309 3340 5376 ipse,
3374 5307 3465 5375 qui
3510 5312 3596 5358 est

2004 5410 2271 5479 sapientia
2322 5406 2522 5470 Patris,
2553 5415 2607 5461 et
2641 5406 2835 5469 virtus,
2867 5418 2931 5457 ac
2958 5400 3220 5464 Verbum,
3253 5397 3434 5453 omnia
3465 5411 3591 5448 cum

2003 5501 2166 5555 Patre
2205 5511 2259 5555 et
2307 5499 2513 5571 Spiritu
2563 5507 2758 5554 sancto
2787 5495 3076 5558 condidit,
3109 5503 3166 5547 ut
3201 5493 3304 5545 hoc
3338 5487 3594 5543 videlicet

2006 5597 2439 5672 demonstraret,
2476 5592 2684 5665 peccati
2714 5592 2864 5647 illius
2887 5632 2901 5658 ,
2933 5587 3078 5660 quod
3106 5587 3175 5642 ab
3203 5583 3412 5639 Adamo
3442 5593 3594 5634 com-

356 5759 372 5794 ¹
403 5759 467 5816 F.
510 5754 796 5810 λεγόντων
827 5753 883 5807 δὲ
912 5754 1111 5810 αὐτῶν.
1193 5757 1210 5787 ²
1241 5754 1400 5810 Joan.
1434 5772 1522 5819 xv,
1556 5754 1644 5809 ‘26.
1725 5754 1744 5784 ³
1771 5752 1883 5808 Joat

1989 5768 2078 5823 LVI,
2115 5750 2197 5819 14,
2240 5751 2322 5808 15.
