3994 6400
542 294 656 360 εει

1973 300 2032 358 S.
2076 301 2424 360 EPIPIIANII
2679 321 2686 326 '
3695 257 3812 381 κί

547 414 782 470 missum
809 419 895 470 est
919 455 936 480 ,
968 411 1240 484 originem
1275 413 1330 470 in
1357 413 1538 486 ipsius
1569 414 1958 475 (armatum
1985 421 2143 491 rejici

2247 425 2446 492 ,ιαμον
2473 420 3007 491 rma-serpinam
3052 423 3128 478 οὐ
3175 424 3465 492 κατεάξει,
3507 429 3599 484 καί
3639 435 3784 492 um

548 519 662 560 non
688 505 919 566 debere;
964 521 1142 575 neque
1170 521 1236 562 ex
1293 507 1658 575 productione
1703 527 1801 565 sua
1831 551 1846 575 ,
1881 513 2138 568 delictum

549 596 684 650 illud
730 598 1249 668 contumaciatnque
1305 599 1584 663 traxisse,
1636 602 1730 655 sed
1783 618 1848 657 cx
1903 604 2140 674 propriae

551 689 851 744 voluntatis
881 689 1131 754 arbitrio,
1173 705 1286 759 quo
1311 689 1520 759 justum
1539 690 1810 759 judicium
1837 692 1904 748 ad
1929 694 2138 746 exitum

547 781 893 851 perduceret,
925 781 1390 849 quemadmodum
1429 781 1603 837 Isaias
1640 783 1914 852 loquitur:
1972 782 2140 839 Cala-

547 888 693 925 mum
722 873 1010 927 contritum
1063 889 1167 928 non
1198 874 1498 943 conlringet
1525 913 1541 935 ,
1574 884 1623 928 et
1659 875 1827 930 linunt
1871 875 2139 945 funtigans

2247 514 2590 582 τυφόμενον
2630 515 2704 568 οὑ
2737 517 2969 579 σϐέσει,
3005 515 3118 583 ἕως
3148 517 3429 588 ilia-ydros
3473 520 3582 589 τὴν
3617 525 3788 591 κρίσιν

2245 607 2334 671 είς
2358 606 2550 673 νῖκος,
2592 605 2694 659 καί
2731 603 2812 671 τῷ
2855 607 3100 676 ὀνόματι
3130 610 3317 664 αὐτοῦ
3351 611 3496 679 ἔθνη
3525 613 3787 672 mm)"

2246 696 2499 769 καθάπερ
2533 697 2630 751 καὶ
2669 696 2833 750 Δαϐὶδ
2867 699 2996 768 περὶ
3023 698 3187 754 αὐτοῦ
3229 700 3420 772 εῐρηκε
3460 701 3539 766 τὸ,
3589 705 3692 760 Καὶ
3720 725 3790 760 γι.

2244 787 2461 854 κήσεις
2491 787 2561 842 ἐν
2588 785 2669 853 τῷ
2691 789 3006 855 κρίνεσθαί
3032 805 3129 845 σε.
3171 791 3391 864 Ἐκρίθη
3417 794 3543 866 γάρ.
3581 796 3660 848 ἵνα
3687 798 3766 867 κρί

2246 899 2352 935 νων
2379 881 2606 945 δικαίως
2639 881 2821 952 φράξῃ
2848 881 2918 935 τὰ
2946 881 3193 952 στόματα
3211 881 3321 936 τῶν
3345 883 3636 955 μελλόντων
3665 888 3790 942 ἀντι-

547 981 652 1020 non
681 966 1003 1034 exstinguet,
1034 964 1201 1019 donec
1227 964 1426 1020 educat
1447 967 1714 1034 judicium
1753 969 1807 1022 in
1838 969 2136 1037 victoriam,

546 1065 598 1110 st
629 1057 682 1109 in
715 1057 925 1110 nomine
956 1057 1124 1122 ipsius
1169 1058 1668 1124 gmtes'sperabunt
1701 1059 1740 1112 ¹.
1787 1059 1885 1112 Cui
1918 1067 1973 1114 et
2005 1060 2138 1116 illud

2245 972 2444 1039 λέγειν.
2491 973 2568 1027 Οὐ
2610 973 2721 1044 γὰρ
2760 973 3050 1044 δυνήσεταί
3091 991 3178 1038 τις
3223 975 3524 1046 ἀντιλέγειν
3560 981 3621 1048 τῇ
3655 980 3790 1034 αὐτοῦ

2245 1064 2434 1136 δικαίᾳ
2456 1063 2660 1144 γκρίσει.
2704 1065 2964 1136 Ἑφόρεσε
2997 1064 3108 1137 γὰρ
3133 1066 3196 1120 τὸ
3229 1065 3390 1138 σῶμα
3421 1068 3698 1140 τάχραντον
3714 1071 3793 1126 αὐ-

553 1145 780 1201 Davidis
809 1146 1065 1214 congruit
1092 1164 1105 1200 :
1137 1145 1205 1198 Et
1227 1147 1406 1201 vincas
1438 1165 1558 1202 cum
1578 1149 1845 1218 judicaris
1867 1154 1910 1204 ³.
1937 1151 2143 1222 Quippe

2259 1156 2322 1211 τὸ
2355 1158 2728 1228 συντηρήσας.

549 1237 760 1292 idcirco
791 1237 1074 1307 judicatus
1104 1243 1224 1301 est,
1266 1246 1325 1289 ut
1349 1239 1589 1294 vicissim
1615 1240 1766 1309 juste
1791 1241 2051 1310 judicans
2077 1259 2270 1301 eorum
2298 1249 2394 1318 qni
2427 1248 2826 1304 contradicturi
2855 1257 2984 1304 sunt
3011 1264 3109 1304 ora
3143 1251 3463 1322 praecindat.
3491 1250 3650 1308 Nemo
3675 1254 3795 1310 enim

543 1331 700 1399 justo
727 1328 902 1400 ipsius
934 1328 1146 1398 judicio
1176 1344 1484 1402 repugnare
1498 1333 1721 1403 poterit.
1753 1333 1887 1391 Nam
1917 1337 1995 1393 ita
2055 1343 2162 1397 sibi
2220 1358 2422 1414 corpus
2471 1345 2760 1415 imposuit,
2793 1353 2855 1399 ut
2889 1345 3164 1417 integrum
3215 1347 3660 1418 impollutumque
3699 1363 3796 1405 ser-

548 1424 714 1480 varit.

617 1519 807 1590 Neque
855 1520 1002 1575 enim
1036 1519 1184 1591 quod
1217 1520 1378 1576 initio
1409 1520 1464 1576 in
1493 1521 1707 1577 Adamn
1738 1533 2024 1594 peccatum
2053 1542 2143 1582 es-

2320 1530 2394 1585 Οὐ
2433 1529 2542 1603 γὰρ
2573 1531 2604 1584 δ
2635 1531 2858 1600 γέγονεν
2906 1533 2964 1586 ὲν
3003 1531 3085 1603 τῷ
3120 1529 3417 1602 ἀνθρώπῳ.
3457 1530 3537 1592 είς
3576 1529 3719 1583 τοῦτο
3748 1529 3798 1582 ἐκ

549 1611 693 1666 stitit
719 1651 734 1674 ,
767 1612 822 1666 id
849 1614 918 1666 ab
950 1612 1159 1683 Opitiee
1190 1613 1309 1684 ipso
1330 1652 1346 1678 ,
1381 1612 1476 1682 qui
1508 1615 1578 1669 ab
1611 1616 1760 1670 omni
1791 1618 1950 1688 culpa
1980 1619 2141 1688 primi

2248 1619 2342 1675 τοῦ
2379 1623 2727 1694 Δημιουργοῦ
2770 1622 2865 1677 τοῦ
2902 1623 3148 1678 ἁναιτίου
3195 1622 3296 1692 τῆς
3326 1618 3423 1674 τοῦ
3468 1619 3630 1689 ’Δδὰμ
3651 1620 3797 1690 ἀμαρ-

548 1704 726 1761 nostri
759 1706 1002 1774 parentis
1037 1705 1254 1761 alienus
1282 1714 1388 1786 est,
1425 1706 1481 1761 in
1520 1706 1729 1762 Christi
1760 1722 1964 1779 corpus
1995 1709 2143 1766 deri-

2245 1714 2367 1777 τίας
2411 1714 2508 1768 τοῦ
2540 1715 2810 1787 ἁμαρτεῖν
2838 1715 3052 1785 γέγονε,
3096 1713 3195 1769 καὶ
3241 1713 3330 1768 διὰ
3372 1711 3530 1765 τοῦτο
3571 1713 3795 1781 ἥμαρτεν·

548 1805 737 1852 vatum
772 1805 859 1853 est
880 1838 894 1858 .
945 1805 1005 1851 ut
1036 1807 1323 1869 propterea
1353 1800 1614 1854 delictum
1642 1799 1863 1870 aliquod
1913 1803 2143 1857 commi-

2247 1805 2386 1860 ἀλλὰ
2411 1806 2473 1860 τὸ
2508 1806 2857 1873 αὐτεξούσιον
2893 1807 3044 1878 αὐτῷ
3076 1806 3345 1869 ἐπέδωκε,
3381 1805 3477 1858 καὶ
3513 1804 3672 1866 αίτιος
3700 1805 3798 1856 ἑαυ-

552 1891 723 1955 serit;
753 1891 846 1945 sed
880 1890 1188 1945 libertatem
1225 1891 1399 1947 eidem
1431 1892 1704 1958 indulsit,
1741 1892 1879 1950 adeo
1907 1905 1966 1949 ut
2014 1910 2142 1966 pec-

2244 1896 2324 1968 τῷ
2350 1898 2583 1963 ικαστος
2610 1900 2819 1968 γίνεται
2851 1899 3154 1971 ἁμαρτίας.
3186 1899 3286 1953 Διά
3304 1914 3390 1951 τοι
3419 1896 3575 1950 τοῦτο
3599 1896 3798 1958 ἀναίτιος

549 1983 658 2038 cati
691 1982 793 2037 sibi
820 1983 1056 2053 quisque
1082 1997 1249 2039 causa
1279 1983 1370 2038 sit.
1399 1981 1492 2038 Dei
1524 1983 1707 2054 itaque
1741 1985 1979 2041 Verbum
2019 1985 2140 2040 cnl~

2242 1991 2274 2044 ὁ
2309 1989 2640 2061 δημιουργὸς
2701 1991 2835 2055 Θεὸς
2871 1991 3064 2060 Λόγος,
3105 1994 3134 2046 ὁ
3177 1991 3276 2045 σὺν
3313 1990 3491 2060 Πατρὶ
3518 1989 3694 2052 κτίσας
3728 1987 3799 2040 τὸν

551 2088 636 2144 pte
687 2073 870 2128 omnis
917 2088 1158 2143 expers,
1217 2072 1366 2142 quod
1423 2089 1548 2128 cum
1604 2071 1767 2129 Patre
1822 2081 1874 2129 et
1933 2073 2141 2144 Spiritu

2243 2080 2554 2154 ἄνθρωπον,
2589 2082 2683 2139 καὶ
2732 2083 2831 2151 σὺν
2861 2081 2941 2155 τῷ
2966 2084 3108 2154 ἁγίῳ
3161 2081 3329 2136 αὐτοῦ
3374 2080 3661 2150 Πνεύματι,
3693 2079 3799 2132 ἀθά-

550 2176 749 2222 sancto
793 2166 1066 2222 hominem
1109 2165 1272 2236 775
1300 2165 1507 2221 creavit
1529 2206 1544 2231 ,
1580 2165 1911 2232 immortale,
1948 2167 2146 2237 impol-

551 2259 732 2314 Intum
759 2300 776 2324 ,
809 2268 1006 2329 sponte
1055 2273 1187 2320 sua,
1234 2265 1290 2313 et
1341 2273 1546 2312 arcano
1583 2259 1820 2328 quodam
1862 2259 2146 2329 sapientia

549 2351 818 2422 mysterio
867 2359 1124 2406 naturain
1179 2350 1421 2406 hominis
1465 2353 1800 2420 assumpsit,
1847 2353 2146 2424 omniaque

547 2444 756 2514 opiﬁcii
807 2444 896 2499 sui
940 2444 1117 2515 gratia
1148 2443 1487 2498 abundantia
1513 2443 1749 2513 quadarn
1786 2443 2145 2502 humanitatis

548 2534 607 2590 in
643 2550 768 2591 sese
804 2537 1105 2598 transtulit,
1140 2551 1250 2588 non
1283 2535 1613 2590 necessitate
1649 2534 1717 2589 ad
1761 2534 1813 2588 id
1851 2535 2142 2606 impulsus,

550 2629 648 2684 sed
681 2627 982 2683 voluntatis
1013 2627 1278 2694 arbitrio,
1308 2637 1367 2682 ut
1399 2639 1680 2698 peccatum
1720 2627 1776 2683 in
1802 2642 1968 2682 carne
1991 2627 2145 2684 dam-

549 2727 712 2774 naret
739 2758 756 2784 ,
792 2725 848 2775 et
881 2720 1319 2775 exsecrationem
1367 2721 1420 2773 in
1468 2735 1636 2774 cruce
1701 2719 1970 2785 dilueret,
2007 2728 2063 2777 et
2088 2722 2144 2776 in

549 2811 807 2879 sepulcro
835 2811 1207 2880 corruptelam
1238 2826 1455 2865 omnem
1500 2827 1532 2866 e
1581 2810 1762 2866 medio
1789 2811 2006 2868 tolleret
2025 2851 2052 2889 κ
2087 2821 2146 2868 et

550 2902 622 2957 ad
657 2903 866 2958 inferos
896 2917 1021 2956 cum
1047 2904 1230 2957 anima
1266 2918 1329 2957 ac
1357 2903 1643 2956 divinitate
1669 2903 2010 2959 descendens
2046 2904 2146 2960 sti-

550 2995 762 3049 mulum
804 2994 1000 3050 mortis
1035 2993 1405 3064 infringeret,
1455 2994 1744 3064 foedusque
1784 3010 1908 3049 cum
1952 2996 2144 3052 inferis

551 3083 750 3139 initum
779 3083 1126 3139 dissolveret.
1157 3083 1227 3137 At
1259 3082 1455 3154 ingrati
1487 3083 1760 3148 homines,
1793 3085 1885 3157 qni
1915 3085 2058 3140 bona
2088 3086 2142 3140 in

2244 2190 2404 2237 νατος
2437 2174 2530 2227 καὶ
2563 2175 2854 2246 ἄχραντος,
2893 2175 3000 2245 ίδίᾳ
3024 2175 3245 2242 δοκήσει
3271 2173 3497 2244 ἀρρήτῳ
3518 2172 3618 2224 τινὶ
3643 2169 3800 2238 σοφίας

2249 2264 2536 2335 μυστηρίῳ
2566 2263 2980 2336 ὲνηνοεῖκῖνιιεησε,
3013 2262 3236 2326 τελείως
3264 2261 3334 2315 τά
3372 2261 3547 2316 πάντα
3574 2257 3799 2321 ἀναᾱξά-
3904 2276 3909 2285 ·

2249 2373 2409 2426 μενος
2438 2357 2580 2428 ὑπὲρ
2605 2355 2700 2410 τοῦ
2741 2356 2875 2410 ἰδίου
2913 2355 3234 2426 πλάσματος
3266 2354 3336 2407 δι’
3371 2351 3667 2422 ὑπερϐολὴν
3705 2348 3800 2417 φιλ-

2246 2447 2583 2520 ανθρωπίας,
2624 2448 2687 2502 οὐ
2725 2447 2863 2520 μετὰ
2903 2447 3172 2517 ἀνάγκης,
3201 2445 3318 2499 ἀλλ’
3351 2443 3576 2514 ἑκουσίᾳ
3616 2441 3799 2512 γνώμῃ.

2247 2539 2334 2600 ἵνα
2374 2542 2434 2594 ἑν
2478 2543 2547 2612 τῇ
2598 2541 2764 2612 σαρκὶ
2807 2539 3114 2612 κατακρίνῃ
3157 2536 3259 2607 τὴν
3294 2534 3590 2607 ἁμαρτίαν,
3622 2532 3705 2585 καὶ
3728 2529 3802 2583 is!

2245 2631 2326 2704 τῷ
2357 2631 2578 2704 σταυρῷ
2597 2631 2827 2704 διαλύσῃ
2853 2631 2953 2702 τὴν
2991 2629 3262 2699 κατάραν,
3284 2628 3384 2684 καὶ
3413 2629 3471 2688 ὲν
3500 2625 3574 2697 τῷ
3601 2623 3800 2693 μνήματι

2245 2724 2646 2795 καταφαίρετον
2675 2724 2874 2794 ποιήσῃ
2898 2722 2996 2792 τὴν
3019 2720 3248 2792 φθορὰν,
3285 2720 3383 2774 καί
3422 2719 3482 2772 ὲν
3507 2717 3582 2788 τῷ
3612 2715 3704 2786 ᾄδῃ
3725 2714 3801 2765 σὺν

2245 2819 2310 2888 τῇ
2351 2814 2497 2886 ψυχῇ
2547 2813 2822 2868 κατελθὼν
2862 2813 2924 2866 ἐν
2966 2815 3032 2886 τῇ
3059 2811 3274 2882 Θεότητι
3309 2809 3488 2880 κλάσῃ
3526 2809 3586 2861 τὸ
3613 2806 3801 2874 κέντρον

2244 2907 2340 2962 τοῦ
2376 2907 2632 2971 θανάτου,
2665 2906 2761 2959 καὶ
2797 2903 3026 2978 διαλύσῃ
3064 2905 3164 2975 τὴν
3206 2905 3348 2976 πρὸς
3369 2903 3462 2958 τὸν
3491 2901 3618 2972 ᾅδην
3647 2896 3801 2966 διαθή-

2247 3017 2372 3072 κην.
2398 3000 2465 3053 οἱ
2495 2999 2554 3052 δὲ
2589 2997 2900 3069 ἀχάριστοι,
2932 2997 3245 3051 παντάπασι
3277 2996 3347 3052 τὰ
3373 2993 3555 3063 ἀγαθὰ
3583 2993 3658 3056 εἰς
3685 2987 3802 3044 κακὰ

2252 3090 2704 3162 μετατρέποντες,
2729 3087 2844 3156 ἀνθ’
2873 3081 2950 3142 ὧν
2969 3085 3369 3159 εὐχαριστῆσαι
3393 3087 3417 3118 ⁸
3439 3085 3515 3156 τῷ
3544 3077 3802 3153 φιλανθρὼ-

551 3176 698 3230 mala
729 3183 1106 3258 commutant,
1159 3189 1282 3229 cum
1339 3190 1440 3244 pro
1480 3176 1566 3231 his
1604 3167 1862 3232 omnibus
1895 3177 2140 3232 clemen-

2243 3200 2353 3252 πῳ,
2397 3182 2493 3236 καὶ
2533 3180 2746 3252 τελείῳ,
2789 3181 2885 3233 καὶ
2914 3178 3105 3249 ἀγαθῷ
3147 3177 3207 3245 ἐξ
3244 3177 3455 3248 ἀγαθοῦ
3494 3173 3690 3247 Πατρὺς
3719 3171 3800 3224 ὑπ-

549 3267 772 3324 tissimo
804 3281 871 3322 ac
916 3266 1163 3337 perfecto
1197 3266 1453 3338 bonoque
1489 3283 1520 3322 a
1558 3267 1701 3322 bono
1749 3265 1910 3322 Patre
1960 3268 2146 3339 genito

547 3357 690 3416 Filio
744 3359 1041 3430 gratiﬁcari
1072 3359 1382 3423 deberent,
1429 3376 1536 3415 non
1592 3361 1756 3417 modo
1799 3361 1982 3416 nullas
2048 3361 2148 3416 ha-

548 3450 681 3506 bent
710 3450 917 3521 gratias
943 3489 959 3513 ,
991 3449 1086 3506 sed
1135 3459 1192 3504 ct
1245 3449 1653 3514 ingratissimos
1708 3467 1831 3510 sese
1875 3452 2142 3522 praebent,

547 3541 782 3612 ejusque
815 3539 1092 3596 divinitati
1125 3538 1450 3596 aliectiones
1481 3555 1545 3594 ae
1581 3543 2033 3611 perturbationes
2063 3541 2145 3598 af-

552 3632 761 3704 ﬁngnnt
785 3651 800 3688 :
836 3632 985 3702 quod
1013 3630 1240 3701 quidem
1269 3630 1482 3687 eliieere
1509 3632 1660 3690 nullo
1700 3633 1864 3688 modo
1888 3641 2143 3704 possunt,

547 3737 676 3780 cum
705 3722 967 3778 omnibus
995 3722 1198 3777 veritas
1224 3722 1343 3792 ipsa
1375 3722 1666 3780 manifesta
1697 3723 1789 3778 sit.

625 3812 754 3868 LIII.
781 3813 881 3869 His
905 3813 962 3867 in
991 3813 1140 3867 hunc
1173 3811 1396 3867 modum
1427 3813 1740 3883 explicatis,
1780 3815 1849 3870 ad
1882 3814 1990 3870 alia
2019 3829 2144 3886 qua:

552 3904 625 3960 ab
647 3905 758 3959 illis
785 3908 1191 3974 proponuntur,
1230 3917 1318 3958 me
1341 3901 1584 3962 contero.
1616 3901 1753 3958 Nam
1787 3918 1852 3958 ex
1893 3904 2145 3975 Evange-

551 3993 628 4048 Iio
653 3992 862 4048 dictum
889 3992 943 4045 in
969 3991 1163 4061 primis
1197 3991 1331 4047 illud
1359 3990 1666 4061 proferunt,
1699 3992 2145 4064 interpretatione

552 4098 652 4139 sua
686 4082 1086 4152 depravatum:
1143 4081 1250 4148 Qui
1301 4079 1447 4134 misit
1495 4097 1578 4135 me
1625 4081 1789 4140 Pater
1843 4085 2018 4153 major
2063 4101 2145 4140 me

547 4183 628 4230 est
659 4174 702 4229 ³.
739 4171 838 4228 Ubi
874 4171 1170 4226 notandum
1211 4172 1266 4226 in
1300 4171 1495 4242 primis
1529 4172 1662 4228 illud
1695 4183 1804 4240 est,
1844 4175 1991 4247 quod
2031 4177 2139 4232 ait:

551 4263 659 4332 Qui
713 4263 853 4318 misit
892 4279 974 4316 me
1017 4261 1219 4327 Pater,
1257 4277 1368 4317 non
1398 4271 1578 4318 autem
1603 4302 1620 4327 ,
1658 4262 1762 4330 Qui
1795 4265 2005 4320 creavit
2033 4280 2141 4330 me,

548 4354 822 4427 siquidem
855 4353 1114 4410 omnibus
1155 4353 1210 4407 in
1249 4351 1546 4422 Scriptura:
1579 4352 1736 4409 libris
1773 4355 1945 4410 divini
1978 4353 2141 4412 Verbi

548 4463 674 4504 cum
727 4446 891 4502 Patre
945 4445 1283 4518 germanitas
1335 4445 1680 4515 exprimitur.
1732 4443 1979 4502 Genuisti
2031 4462 2138 4512 me,

2243 3273 2496 3344 άρχοντι,
2549 3271 2733 3326 οὐκέτι
2788 3269 3184 3342 εὐχαριστῆσαι
3214 3269 3260 3332 ³,
3321 3269 3440 3326 ἀλλ’
3488 3260 3802 3337 ἁχαριστοῦσι

2245 3362 2468 3432 μᾶλλον,
2501 3360 2652 3432 πάθη
2681 3363 2748 3432 τῇ
2788 3359 3204 3430 αὑτοῦ-θεότητι
3235 3360 3659 3430 προσάπτοντες·
3684 3353 3715 3407 ἃ.
3743 3348 3802 3421 μὴ

2243 3453 2498 3510 δύνανται
2525 3453 2801 3524 συνιστᾷν,
2849 3451 2949 3522 τῆς
2979 3450 3239 3522 ἀληθείας
3271 3451 3515 3523 φανερᾶς
3547 3449 3698 3502 πᾶσιν
3722 3445 3802 3496 ὑπ-

2243 3561 2543 3617 αρχουσης.

2314 3803 2439 3858 ΝΓ’.
2479 3803 2590 3860 Καὶ
2611 3802 2819 3858 τούτων
2849 3802 3024 3868 οὕτως
3053 3803 3530 3878 ἑρμηνευομένων,
3566 3800 3711 3854 πάλιν
3732 3794 3800 3849 ἐπ’

2242 3894 2408 3960 ἄλλας
2441 3895 2616 3962 λέξεις
2655 3896 2853 3966 ἐφεξῆς
2892 3895 3208 3966 ἐλεύσομαι.
3248 3896 3484 3964 Λέγουσι
3511 3893 3614 3964 γὰρ
3645 3890 3697 3943 τὺ
3725 3890 3802 3958 ρη-

2241 3986 2333 4041 τὸν
2381 3987 2476 4041 τοῦ
2522 3987 2859 4055 Εὐαγγελίου
2925 3987 3113 4050 κακῶς
3174 3987 3587 4058 ἑρμηνεύοντες,
3636 3984 3708 4036 ὃτι
3753 3977 3801 4030 '0

2242 4078 2613 4144 ἀποστείλας
2633 4096 2711 4154 με
2739 4077 2940 4146 Πατὴρ
2967 4078 3180 4148 μείζων
3203 4096 3328 4148 μου
3361 4077 3515 4132 ἐστί.
3547 4074 3648 4128 Καὶ
3677 4067 3801 4141 πρῶ·

2241 4188 2332 4226 τον
2377 4173 2496 4244 μὲν,
2547 4173 2610 4226 Ὀ
2643 4173 3014 4238 ἀποστείλας
3062 4187 3140 4242 με
3193 4171 3427 4240 Πατὴρ,
3479 4171 3686 4240 φάσκει,
3726 4161 3801 4216 καὶ

2241 4265 2365 4337 οὐχ⁹
2410 4265 2469 4318 ὐ
2511 4263 2704 4327 κτίσας
2736 4279 2824 4335 με.
2858 4261 3037 4316 Πᾶσαι
3070 4263 3180 4334 γὰρ
3223 4263 3280 4316 ai
3321 4261 3464 4316 θεῖαι
3497 4257 3693 4332 Γραφαὶ
3724 4253 3801 4324 τὴν

2242 4355 2408 4410 αὐτοῦ
2437 4356 2571 4428 πρὸς
2591 4356 2811 4428 Πατέρα
2831 4355 3163 4427 γνησιότητα
3186 4353 3562 4426 σημαίνουσιν.
3591 4349 3802 4418 Ἐγέννη-

2245 4447 2344 4512 σάς
2382 4464 2475 4535 μεὲ
2508 4448 2663 4516 φησὶ,
2698 4447 2902 4519 Πάτερ.
2956 4447 3087 4512 Καὶ,
3153 4445 3302 4514 Ἐγὼ
3347 4447 3415 4499 ἐκ
3454 4444 3560 4498 τοῦ
3605 4441 3800 4535 [Impar

549 4537 734 4603 Pater,
768 4538 966 4609 inquit.
1021 4536 1112 4602 Et,
1143 4535 1254 4608 Ego
1307 4551 1373 4591 ea:
1422 4535 1586 4592 Patre
1633 4537 1807 4603 exivi,
1837 4546 1886 4590 et
1935 4537 2069 4591 vado
2095 4537 2138 4591 ⁸.

2242 4528 2529 4607 ἐξῆλθᾶν,
2570 4540 2668 4592 καί
2707 4539 2835 4607 ἥκω
2858 4555 2872 4568 ·
2905 4538 3019 4599 καὶ,
3064 4535 3206 4607 Ἐγὼ
3236 4536 3305 4590 ὲν
3339 4535 3422 4602 τῷ
3452 4533 3648 4602 Πατρί,
3673 4528 3800 4582 καὶὸ

501 4667 518 4680 .
551 4630 722 4687 Item:
755 4629 865 4701 Ego
899 4632 953 4684 in
989 4628 1151 4683 Patre
1186 4638 1236 4682 et
1278 4627 1442 4682 Pater
1469 4628 1524 4681 in
1563 4645 1644 4682 me
1673 4629 1733 4694 ⁸;
1771 4639 1858 4684 et:
1898 4629 2004 4695 Qui
2037 4630 2141 4684 mi-

546 4726 618 4779 sit
648 4741 731 4779 me
771 4724 931 4778 Pater
957 4724 999 4778 °.
1031 4721 1142 4777 Nec
1170 4737 1404 4791 usquam
1442 4729 1537 4776 aut
1567 4730 1805 4783 creator,
1843 4731 1937 4776 aut
1967 4721 2142 4776 factor

546 4817 770 4872 dicitur.
814 4820 1066 4884 Quonam
1119 4813 1288 4885 igitur
1332 4820 1494 4883 pacto
1540 4829 1663 4883 qua:
1720 4814 1972 4883 nuspiam
2011 4821 2142 4869 sunt

547 4909 904 4964 accumulare
923 4905 1212 4962 nituntur?
1243 4904 1348 4972 Qui
1379 4905 1523 4959 misit
1557 4922 1637 4959 me
1666 4904 1830 4959 Pater
1852 4905 2028 4975 major
2060 4921 2142 4960 me

546 5007 649 5053 est.
685 4997 829 5064 Quid
877 5014 944 5054 ea
989 5014 1124 5056 voce
1152 4998 1327 5070 magis
1361 4997 1684 5068 proprium?
1714 4997 1846 5068 quid
1881 5013 2143 5054 necessa-

548 5091 692 5147 rium
726 5091 933 5160 magis?
965 5093 1093 5161 quid
1119 5093 1294 5163 magis
1325 5093 1646 5162 genuinum,
1668 5100 1763 5145 aut
1796 5091 2144 5161 congruum?

545 5183 594 5240 Δ
623 5197 864 5253 quonam
892 5183 1040 5238 enim
1065 5195 1499 5241 consentaneum
1530 5185 1705 5255 magis
1735 5193 1819 5240 est
1857 5186 1996 5238 allici
2025 5185 2142 5255 glo-

551 5275 656 5340 ria,
689 5274 1070 5344 celebrarique
1105 5275 1322 5332 Patrem
1347 5317 1362 5342 ,
1388 5292 1553 5346 quam
1585 5275 1655 5330 ab
1682 5290 1945 5345 germano
1979 5273 2136 5340 Filio,

544 5368 640 5437 qui
666 5367 738 5422 sit
773 5366 846 5422 ab
869 5381 935 5421 eo
958 5367 1220 5438 genitus?
1248 5368 1410 5424 Pater
1442 5368 1587 5422 enim
1620 5368 1889 5439 glorilieat
1912 5366 2136 5433 Filium,

549 5465 602 5510 et
627 5454 804 5512 Filius
831 5456 1104 5524 gloriﬁcat
1130 5456 1352 5513 Patrem
1379 5459 1421 5513 ".
1460 5457 1614 5514 Unde
1649 5459 1713 5514 ad
1746 5475 1848 5514 nos
1872 5459 2021 5530 ipsos
2052 5459 2140 5513 in-

548 5545 906 5616 formandos,
963 5564 1194 5622 eamque
1248 5550 1691 5621 praedicationem
1750 5549 2139 5606 demonstran-

628 5703 774 5760 ‘lsa.
815 5723 886 5770 IV,
914 5709 966 5762 5.
1043 5711 1064 5740 ³
1093 5707 1239 5762 Psal.
1275 5723 1328 5769 ι..
1356 5706 1410 5762 6.
1489 5709 1508 5739 ³
1539 5705 1698 5762 Joan.
1730 5723 1782 5771 ν,
1815 5707 1919 5766 57;
1950 5721 2062 5766 xw,
2099 5704 2190 5760 28.

2224 4631 2450 4701 ’Πατὴρ
2507 4631 2578 4684 ἐν
2625 4631 2777 4699 ἐμοί·
2821 4630 2937 4696 καὶ,
2998 4629 3061 4683 '0
3100 4629 3471 4692 ἀποστείλας
3509 4641 3585 4695 με
3609 4618 3797 4684 Πατήρ

2247 4721 2343 4774 καὶ
2378 4719 2615 4791 οὐδαμοῦ
2671 4721 2698 4772 ὁ
2729 4720 2938 4783 κτίσας,
3001 4716 3240 4788 οὐδαμοῦ
3277 4719 3306 4770 ὁ
3340 4719 3587 4786 ποιήσας,
3621 4711 3796 4782 εἴρηκε.

2246 4813 2356 4868 Καὶ
2415 4813 2532 4876 πῶς
2570 4805 2717 4865 οὗτοι
2749 4811 2818 4864 τά
2855 4811 2931 4882 μὴ
2957 4810 3088 4864 ὄντα
3122 4811 3333 4873 ἑαυτοῖς
3370 4802 3796 4876 ἐπισωρεύουσινς

2257 4906 2310 4959 Ὁ
2359 4905 2427 4958 δὲ
2452 4905 2823 4970 ἀποστείλας
2855 4921 2932 4974 με
2959 4901 3163 4970 Πατὴρ
3191 4899 3406 4970 μείζων
3425 4916 3543 4968 μου
3581 4893 3719 4947 ἐστί.
3746 4885 3797 4940 Τί

2244 4998 2435 5052 τούτου
2484 4997 2854 5070 κυριώτερονς
2907 4996 3001 5050 καὶ
3043 4996 3097 5048 τί
3133 4995 3323 5048 τούτου
3376 4987 3795 5060 ἀναγκαιότερονς

2245 5091 2339 5146 καὶ
2361 5091 2412 5144 τί
2441 5091 2632 5144 τούτου
2669 5089 3072 5160 γνησιώτερον;
3111 5088 3205 5141 καὶ
3251 5086 3304 5140 τί
3335 5085 3524 5138 τούτου
3553 5071 3796 5160 πρεπωδές

2245 5196 2437 5251 στερον
2460 5197 2473 5244 ;
2504 5179 2622 5234 Τίνι
2654 5157 2771 5251 γάρ
2799 5157 2999 5248 πρέπει
3027 5175 3270 5242 δοξάζειν
3292 5174 3529 5243 Πατέρα,
3554 5167 3678 5223 ἀλλὰ

2189 5273 2194 5276 ’
2242 5249 2503 5340 ἀληθινῷ,
2531 5269 2609 5342 τῷ
2633 5269 2691 5336 ἐξ
2724 5249 2889 5322 αὐτοῦ
2933 5265 3357 5338 γεγεννημένῳ;
3407 5263 3464 5315 ’0
3495 5257 3672 5327 Πατὴρ
3707 5249 3794 5342 γὰρ

2240 5338 2749 5428 δοξάζειῖτὺννΥἱὸν,
2782 5363 2876 5414 καὶ
2899 5362 2928 5413 ὁ
2958 5360 3089 5423 Υἱὸς
3113 5353 3326 5422 δοξάζει
3351 5355 3441 5408 τὸν
3471 5350 3692 5419 Πατέρα,
3719 5338 3794 5394 καὶ

2314 5425 2326 5428 ⁷
2386 5425 2389 5426 ν
2460 5425 2473 5442 δ
2738 5425 2743 5428 ’
3586 5439 3606 5449 ι-

2240 5455 2432 5506 τούτου
2466 5454 2630 5507 ’ἑνεκα
2670 5455 2749 5514 εἰς
2796 5451 2953 5523 ἡμῶν
2988 5449 3370 5522 ὑπογραμμὸν,
3422 5444 3513 5498 καὶ
3553 5457 3645 5508 της

2241 5545 2334 5599 τὶν
2365 5546 2586 5618 Πατέρα
2617 5543 2774 5615 δόξης
2809 5543 2900 5596 ὐπ’
2935 5542 3102 5597 αὐτοῦ
3141 5536 3549 5610 ἀναφερομένης
3579 5533 3650 5592 εἰς
3685 5523 3790 5596 μίαν

2294 5704 2314 5734 ⁵
2350 5701 2506 5758 Joan.
2542 5719 2652 5770 xw,
2684 5702 2774 5758 28.
2851 5703 2870 5733 °
2899 5698 3056 5755 Joan.
3091 5715 3199 5767 xw,
3240 5699 3321 5754 II.
3420 5696 3439 5726 ⁶
3471 5692 3618 5748 Joan.
3646 5701 3689 5745 ν,
3712 5674 3784 5731 37-

554 5772 574 5805 "
612 5771 772 5830 Joan.
801 5793 916 5836 vui.
944 5778 1180 5839 5:,xvn.
1211 5780 1264 5834 4.
1338 5779 1359 5810 ⁸
1395 5778 1558 5834 Deest
1615 5777 1741 5830 ἔδει.
1820 5779 1840 5808 ⁹
1883 5776 1943 5831 F.
1981 5777 2143 5842 εὐλαί

2242 5773 2380 5827 οὖσι.
