3994 6412
245 309 381 367 ass
967 305 1340 363 ADVERSUS
1373 305 1716 362 "massas
1756 307 1883 361 Lm.
1924 307 1984 364 ιι,
2031 306 2195 364 Tou.
2239 306 2392 362 n.—
2432 304 2704 362 tmamas.
2750 305 2932 363 LXIX.
3325 295 3328 298 ’
3431 309 3542 368 236

244 430 516 499 ἑνότητα,
549 424 640 483 καὶ
671 424 752 490 εἰς
789 425 917 494 μίαν
944 424 1128 498 δόξαν,
1155 426 1364 492 δοξάζει
1389 428 1419 480 6
1449 429 1575 492 Υἱὸς
1618 430 1708 483 τὸν
1733 432 1842 483 Ilu-

1955 427 2108 491 dum,
2135 442 2301 498 quam
2338 426 2390 480 in
2417 423 2635 481 Patrem
2667 425 2920 478 collatam
2953 421 3018 476 ad
3049 420 3384 492 singularem
3418 421 3543 474 uni-

239 525 426 590 τέρα,
476 519 563 570 ἴνα
597 519 747 588 ἡμᾶς
787 517 976 591 διδάξῃ
1003 517 1099 588 τὴν
1121 518 1288 572 αὐτοῦ
1311 519 1477 590 τιμὴν
1509 519 1604 573 τοῦ
1643 523 1842 593 Πατρὸς

1964 528 2131 574 tatem
2159 559 2174 583 ,
2214 518 2658 588 singularemque
2706 518 2935 586 gloriam
2969 514 3234 581 referret;
3276 513 3448 584 gloria
3480 512 3546 567 il-

240 606 440 674 εἷναι,
471 607 651 671 καθὼς
692 606 933 680 εἴρηκεν,
961 609 1042 662 ὅτι
1084 609 1148 661 '0
1165 607 1252 677 μὴ
1275 607 1458 677 τιμῶν
1483 609 1590 664 τὸν
1621 612 1754 664 Υίὸν
1775 611 1842 678 ὡς

1961 611 2073 665 lum
2127 609 2342 664 allicere
2400 609 2616 676 voluit,
2676 616 2736 661 ut
2792 607 3220 676 intelligeremus
3277 605 3541 659 honorem

242 699 402 772 τιμᾷ
420 701 530 755 τὸν
541 698 789 768 Πατέρα,
807 701 845 770 ἡ
873 700 1018 770 ὀργὴ
1040 700 1147 755 τοῦ
1179 700 1326 754 Θεοῦ
1345 701 1438 754 ἐπ’
1460 703 1650 757 αὐτὸν
1662 701 1842 772 μένει.

1963 716 2123 768 suum
2147 699 2298 754 Patri
2319 715 2444 756 esse
2475 713 2822 754 communem
2842 738 2858 764 ,
2894 696 3350 767 quemadmodum
3383 693 3539 748 dixit:

239 792 548 857 Μείξωνδὲ
567 789 708 846 κατὰ
741 792 894 845 ποῖον
922 791 1120 862 τρόπον
1153 785 1298 845 οὗτοι
1329 791 1632 860 λογίζονται
1657 793 1842 857 ;Ka1:d

1963 794 2069 861 Qui
2097 810 2202 848 non
2237 793 2556 862 honori/ient
2585 789 2808 858 Filium,
2838 802 2893 846 ut
2925 791 3239 859 honori/ient
3267 787 3540 852 Patrem’,

240 885 462 953 δγκονς
494 881 630 938 ἀλλά
658 881 801 940 κατά
831 880 1054 953 χρόνον;
1088 880 1226 934 ἀλλά
1269 881 1412 935 κατὰ
1439 882 1677 953 Eii/uitta;
1717 883 1842 937 ἀλλᾶ

1959 884 2043 938 ira
2075 883 2172 936 Dei
2203 883 2260 936 in
2287 883 2404 950 ipso
2435 892 2610 937 manet
2641 883 2684 936 ³.
2722 881 2918 936 Verum
2961 898 3084 935 cum
3124 881 3386 950 majorem
3420 894 3545 934 esse

245 975 404 1032 κατὰ
423 973 678 1046 ἡλικίαν;
717 971 854 1026 ἀλλά
889 970 1030 1026 κατὰ
1055 971 1242 1038 ἀξίανς
1273 970 1338 1026 Τί
1363 972 1568 1026 τούτων
1609 974 1758 1026 ἐστὶν
1793 975 1842 1027 ἐι

1959 975 2176 1030 Patrem
2213 983 2490 1040 asserunt,
2528 990 2762 1046 quanam
2800 975 2966 1045 776
2999 974 3051 1027 id
3083 972 3301 1028 deinmn
3331 972 3544 1026 ratione

250 1066 400 1138 Θεῷ,
418 1065 507 1119 ἴνα
531 1058 692 1118 τοῦτο
720 1062 1106 1134 διανοηθῶσινς
1143 1061 1279 1116 Οὔτε
1308 1063 1418 1134 γὰρ
1446 1065 1622 1136 χρόνῳ
1657 1067 1842 1121 ὑποπί·

1956 1069 2316 1139 concipiunt?
2340 1069 2528 1125 Mole?
2560 1083 2628 1122 an
2660 1067 2946 1137 tempore?
2968 1082 3035 1120 an
3071 1065 3445 1120 sublimitate?
3470 1080 3541 1118 an

252 1169 384 1209 πτει
423 1155 486 1217 τὸ
524 1154 700 1218 Θεῖον,
731 1155 816 1208 ἵνα
863 1155 1247 1228 ὑποδεέστερος
1291 1157 1481 1228 νοηθῇ,
1507 1160 1754 1230 ἀχρόνως
1792 1162 1842 1214 ἐι

1956 1169 2120 1216 aetate
2154 1161 2238 1216 vel
2277 1160 2586 1230 dignitate?
2615 1160 2754 1226 Quid
2790 1160 2984 1213 horum
3017 1159 3160 1213 inest
3201 1159 3254 1211 in
3305 1158 3445 1219 Deo,
3483 1165 3543 1211 ut

250 1241 480 1313 Πατρὸς
500 1241 912 1314 γεγεννημένος·
935 1241 1058 1297 οὔτε
1084 1245 1370 1317 προκοπῆς
1389 1246 1569 1316 ἔχεται
1593 1249 1658 1302 τὸ
1679 1251 1842 1317 Θεῖόν1

1959 1253 2064 1308 boc
2107 1252 2380 1323 suspicari
2433 1252 2633 1307 liceat?
2682 1248 2803 1306 Non
2856 1251 3002 1305 enim
3065 1251 3257 1305 subest
3311 1251 3542 1319 tempori

251 1333 353 1388 ἵνα
377 1335 406 1386 6
433 1332 530 1404 μὲν
564 1332 692 1398 Υἱὸς
725 1333 1006 1404 προκόψας
1042 1335 1118 1407 μὴ
1149 1336 1343 1404 φθάσοι
1378 1338 1478 1409 τὴν
1517 1338 1612 1392 τοῦ
1643 1341 1842 1414 Πατρὸς

1954 1343 2102 1399 Deus
2121 1383 2137 1407 ,
2180 1355 2238 1399 ut
2269 1342 2500 1398 inferior
2532 1349 2790 1412 putetur,
2833 1357 2956 1397 cum
2988 1356 3018 1394 a
3048 1339 3210 1396 Patre
3249 1350 3376 1395 ante
3405 1349 3543 1396 tem-

249 1424 682 1496 μεγαλειότητα.
707 1426 770 1479 Et
791 1425 899 1497 γὰρ
927 1426 1070 1480 κατὰ
1094 1428 1380 1500 προκοπὴν
1409 1432 1438 1484 6
1460 1429 1589 1495 Υίὸς
1606 1433 1702 1486 τοῦ
1716 1433 1842 1488 Θεοῦ

1957 1449 2063 1504 pus
2087 1449 2250 1489 omne
2277 1434 2348 1489 sit
2371 1433 2607 1503 genitus.
2643 1429 2750 1486 Sed
2783 1445 2959 1500 neque
2991 1445 3340 1500 progressum
3369 1431 3541 1484 ullum

248 1517 393 1580 Υἱὸς
417 1515 553 1570 Θεοῦ
590 1515 854 1583 καλεῖται,
881 1517 991 1589 ἄρα
1019 1518 1205 1573 πολλοὶ
1241 1514 1381 1590 ἦσαν
1421 1521 1526 1576 ι’σοι
1557 1523 1724 1595 αὐτῷ·
1759 1526 1842 1578 καῖ

1959 1525 2101 1580 idem
2141 1523 2284 1579 Deus
2317 1521 2597 1585 admittit,
2631 1531 2692 1576 ut
2722 1521 2793 1575 ob
2838 1520 2942 1575 hoc
2973 1521 3152 1590 ipsum
3184 1517 3542 1590 progrediens

247 1608 453 1662 τούτου
483 1608 670 1678 ἕνεκεν
694 1609 860 1674 αὐτὸς
897 1609 1194 1682 προέκοψε,
1229 1613 1432 1683 μείζων
1465 1616 1564 1686 μὲν
1577 1615 1659 1686 τῷ
1689 1616 1842 1681 ἀξιώ-

1957 1615 2131 1671 Filius
2157 1623 2440 1685 paternam
2489 1611 2904 1683 amplitudinem
2949 1611 3168 1680 assequi
3220 1624 3328 1664 non
3377 1623 3540 1677 posse

254 1713 396 1766 ματι
426 1696 666 1768 κληθεὶς,
693 1697 930 1754 ἐλάττων
959 1698 1016 1752 δὲ
1039 1699 1133 1753 τοῦ
1159 1700 1265 1772 πρὸ
1292 1701 1460 1756 αὐτοῦ
1491 1705 1552 1758 ὲν
1577 1703 1842 1777 ἀξιώματι

1957 1706 2190 1760 dicatur.
2228 1703 2362 1759 Nam
2397 1704 2444 1760 si
2491 1702 2584 1758 Dei
2619 1701 2792 1757 Filius
2825 1700 2966 1754 hanc
3011 1701 3184 1769 ipsam
3221 1699 3542 1769 appellatio.-

249 1764 393 1842 δντι.
446 1764 607 1844 Ἀλλά
639 1805 804 1860 φησιν
828 1791 862 1857 ή
901 1790 1123 1864 Γραφίγ
1161 1764 1258 1860 Τίς
1305 1764 1738 1865 ὁμοιωθήσεται
1769 1797 1842 1864 τῷ

1956 1811 2082 1852 nem
2114 1795 2366 1865 profectu
2388 1794 2626 1865 quodam
2664 1791 2950 1855 meruerit,
2981 1791 3277 1861 plerosque
3315 1804 3543 1845 necesse

250 1878 457 1945 Κυρίῳ
489 1877 560 1931 ἐν
587 1878 740 1945 υἱοῖς
766 1878 954 1945 Θεοῦ;
987 1880 1062 1946 ὡς
1083 1881 1192 1936 τῶν
1226 1884 1445 1939 πάντων
1483 1903 1851 1960 καταχρηστιο

251 1969 374 2032 κῶς
398 1969 724 2039 λεγομένων,
749 1969 938 2024 τούτου
965 1972 1022 2025 δὲ
1052 1973 1214 2044 μόνου
1242 1974 1394 2041 ὄντος
1431 1978 1548 2032 υίοῦ
1588 1981 1728 2034 κατὰ
1749 1981 1850 2051 φύ-

250 2077 365 2122 σιν,
401 2060 498 2113 καὶ
515 2061 576 2114 οὐ
607 2061 749 2115 κατὰ
769 2061 954 2133 χάριν.
992 2063 1344 2135 Ἐπειδήπερ
1387 2067 1606 2138 ἐφεῦρε
1637 2070 1850 2127 πᾶσαν

247 2150 404 2206 ὁδὸν
427 2151 789 2222 ἐπιστήμης,
823 2153 925 2208 καὶ
955 2153 1157 2223 οὐδεὶς
1187 2155 1349 2224 αὐτῷ
1389 2159 1845 2232 ἐξισωθήσεται.

262 2243 432 2297 Ἀλλά
461 2243 514 2297 τί
538 2260 734 2314 φασιν;
784 2244 872 2314 Ἑν
900 2244 1155 2318 ὑψώματι
1181 2248 1437 2322 ὑπερέχει
1477 2253 1507 2305 6
1529 2253 1720 2326 Πατὴρ
1749 2254 1846 2310 τοῦ

251 2333 411 2387 Υίοῦ.
487 2334 576 2388 Ἐν
624 2335 762 2408 ποίῳ
823 2334 1003 2390 τοίνυν
1066 2338 1224 2410 μέρει
1270 2341 1526 2395 τάττεται
1557 2343 1618 2397 τὸ
1659 2344 1845 2411 Θεῖον;

250 2426 285 2496 ἢ
331 2424 576 2490 τοπικῶς
621 2416 1028 2498 περιορίζεται,
1083 2430 1171 2484 ἵνα
1225 2431 1301 2502 μὴ
1359 2440 1676 2508 περιγραφῇ
1717 2440 1732 2471 ¹
1781 2440 1846 2494 τὸ

257 2516 448 2586 μεῖζον
483 2520 698 2590 σημανῇ
721 2534 735 2583 ;
761 2518 988 2590 Πνεῦμα
1020 2521 1129 2592 γὰρ
1167 2523 1196 2575 6
1220 2522 1373 2588 Θεὸς.
1403 2527 1512 2580 Καὶ
1538 2529 1603 2581 ὲκ
1635 2545 1846 2585 παντα-

248 2606 412 2678 χόθεν
449 2607 727 2662 διαπίπτει
781 2611 815 2680 ἡ
861 2611 1038 2665 αὐτῶν
1095 2614 1492 2687 ὲπινενοημένη
1542 2617 1841 2690 ξενολογία.

249 2699 367 2754 Καὶ
391 2699 551 2752 τοῦτο
580 2700 636 2753 δὲ
663 2700 1045 2772 παρελθόντες,
1075 2704 1168 2758 ἐπὶ
1192 2703 1292 2769 τὰς
1319 2707 1447 2779 ἑξῆς
1465 2709 1647 2767 αὐτῶν
1668 2713 1843 2782 λέξεις

249 2790 448 2860 ἴωμεν,
471 2784 516 2844 ὦ
545 2791 842 2862 ἀγαπητοί.

1957 1895 2043 1944 est
2063 1887 2302 1957 mquales
2327 1885 2456 1940 huic
2487 1884 2787 1949 exstitisse,
2817 1897 3051 1952 quorum
3082 1897 3113 1936 e
3151 1895 3382 1936 numero
3409 1879 3541 1934 eil‘ee

1956 1993 2087 2033 rens
2119 1993 2274 2040 sese,
2308 1990 2374 2030 ac
2417 1991 2741 2046 progressus
2786 1975 2876 2028 ille
2917 1981 2978 2027 ut
3020 1973 3234 2028 caeteris
3278 1972 3542 2043 dignitate

1953 2068 2130 2138 major
2155 2077 2239 2124 est
2278 2068 2496 2123 habitus
2521 2109 2537 2133 ,
2572 2068 2654 2121 sic
2693 2067 2784 2121 illo
2823 2068 2914 2135 qui
2966 2080 3024 2119 se
3063 2065 3360 2119 antecessit
3401 2063 3544 2119 inie-

1951 2162 2087 2224 τίον.
2121 2159 2398 2230 Scriptum
2433 2168 2516 2213 est
2563 2166 2744 2212 autem
2775 2177 2787 2210 :
2823 2157 2954 2222 Quis
3006 2153 3303 2225 a'quabitur
3341 2155 3451 2209 Deo
3485 2157 3542 2208 in

1958 2254 2088 2321 ﬁliis
2126 2253 2222 2307 Dei
2249 2251 2314 2305 δῖ
2359 2252 2520 2321 quasi
2573 2249 2754 2306 ett-teri
2786 2262 2979 2302 onmes
3025 2263 3124 2317 per
3173 2247 3541 2302 cataebresim

1959 2349 2056 2404 ﬁlii
2088 2346 2479 2403 nominentur:
2525 2345 2614 2398 hic
2652 2350 2836 2398 autem
2876 2350 3072 2396 natura
3102 2341 3252 2398 solus
3277 2354 3383 2394 non
3410 2355 3540 2410 gra-

1957 2441 2034 2495 tia
2095 2437 2240 2494 ﬁlius
2285 2436 2536 2492 exsistat.
2578 2433 2843 2501 Quoniam
2897 2431 3091 2485 invenit
3145 2446 3351 2484 omnem
3401 2430 3541 2483 viam

1951 2531 2209 2594 uicatim,
2239 2539 2290 2584 et
2318 2529 2496 2583 nullus
2529 2543 2646 2581 cum
2674 2542 2734 2578 eo
2775 2523 3178 2592 comparabitur
3200 2523 3241 2576 ".
3271 2521 3413 2587 Quid
3442 2521 3542 2590 igi-

1952 2631 2044 2684 tur
2075 2619 2306 2678 dicunt?
2333 2616 2682 2674 Sublimitate
2717 2612 2854 2667 Filio
2881 2611 3041 2666 Pater
3061 2612 3359 2666 antecellit.
3396 2610 3542 2677 Qua-

1951 2731 2079 2778 nam
2109 2714 2275 2784 igitur
2304 2714 2360 2766 in
2393 2718 2545 2780 parte
2575 2708 2879 2763 collocatur
2914 2703 3092 2761 Deus?
3147 2705 3228 2758 An
3281 2704 3401 2758 loco
3431 2704 3542 2757 cir-

1948 2805 2365 2866 cumscribitur,
2400 2810 2454 2856 ut
2510 2799 2674 2870 spatii
2717 2799 2833 2868 ipsa
2859 2795 3155 2866 descriptio
3185 2794 3332 2865 quod
3363 2795 3541 2864 majus

249 2887 337 2935 est
391 2879 774 2938 demonstret?
815 2883 978 2955 Atqui
1027 2885 1173 2942 Deus
1237 2886 1475 2960 Spiritus
1527 2902 1632 2950 est.
1697 2899 1851 2958 Unde
1886 2902 2069 2957 omnis
2094 2899 2164 2954 al)
2210 2897 2321 2951 illis
2370 2894 2680 2964 excogitata
2715 2891 3002 2960 peregrina
3056 2889 3346 2945 verborum
3387 2887 3541 2942 novi-

256 2977 345 3025 tas
383 2969 747 3043 undequaque
784 2976 1012 3032 corruit.
1061 2977 1158 3035 His
1215 2980 1400 3052 itaque
1450 2992 1855 3059 prater-missis,
1891 2994 1960 3048 ad
1985 3002 2216 3049 caeteras
2247 2990 2465 3044 illorum
2501 2985 2837 3055 obiectiones
2876 2992 3245 3040 transeamus.

322 3063 450 3116 NA'.
485 3064 622 3118 Φασὶ
658 3065 787 3138 γὰρ,
816 3067 898 3120 ὅτι
926 3069 1026 3124 οὐκ
1048 3068 1195 3124 ἔστιν
1219 3075 1249 3126 ὁ
1277 3074 1624 3132 ἀποστέλλων
1657 3083 1841 3152 ὅμοιος

2016 3082 2150 3138 LIV.
2204 3080 2415 3149 Negant
2464 3078 2608 3133 enim
2653 3092 2778 3131 eum
2831 3075 2923 3145 qui
2969 3075 3224 3138 mittitur,
3269 3073 3539 3132 mittentis

251 3154 332 3225 τῷ
365 3154 834 3228 ἀποστελλομένῳ,
869 3158 1006 3212 ἀλλὰ
1037 3160 1195 3226 ἄλλος
1223 3163 1372 3219 ἐστὶν
1423 3169 1452 3220 6
1497 3171 1843 3228 ἀποστέλλων

250 3245 593 3317 τῇδυνάμει,
627 3249 722 3302 καὶ
751 3248 910 3314 ἄλλος
935 3251 1083 3306 ἐστὶν
1115 3255 1144 3306 ὁ
1179 3254 1662 3329 ἀποστελλόμενος
1697 3265 1779 3316 ὅτι
1812 3267 1842 3318 6

253 3337 362 3408 μὲν
390 3338 618 3408 πέμπει,
649 3342 678 3394 6
703 3340 761 3394 δὲ
790 3340 1085 3412 πέμπεται.
1125 3346 1235 3399 Καὶ
1264 3349 1312 3401 εί
1346 3351 1465 3402 κατ’
1489 3351 1684 3418 αὐτοὺς
1717 3351 1784 3427 ἧν
1809 3358 1844 3429 ἡ

253 3431 359 3498 τῆς
411 3429 670 3502 ἀληθείας
723 3431 954 3501 διάνοια,
1023 3435 1208 3490 οὐκέτι
1268 3439 1363 3491 ἐπὶ
1433 3441 1564 3511 μίαν
1615 3446 1844 3518 ἑνότητα,

253 3520 537 3591 ἀληθείας,
594 3523 691 3576 atat
749 3523 1050 3595 δυνάμεως.
1109 3530 1204 3582 καὶ
1267 3530 1523 3605 θεότητος
1583 3535 1845 3609 ἀνεφέρε-

253 3626 317 3663 το
344 3611 378 3680 ἠ
400 3611 553 3665 πᾶσα
579 3611 677 3684 τῆς
708 3613 962 3681 γνώσεως
989 3617 1261 3684 ὑπόθεσις.
1289 3620 1394 3675 Δύο
1416 3623 1525 3695 γὰρ
1553 3625 1844 3680 ἀπαντών-

254 3717 386 3764 των,
409 3702 443 3771 ἢ
483 3701 576 3756 δύο
611 3705 958 3775 πεμπόντων,
1006 3710 1188 3764 οὐκέτι
1225 3713 1356 3777 Υἱὸς
1389 3715 1418 3767 6
1443 3715 1572 3780 Υἱὸς
1599 3713 1689 3787 ἦν,
1725 3719 1840 3773 ἀλλ’

252 3790 504 3860 ἀδελφὸς,
545 3793 876 3865 συναδέλφου
921 3798 1192 3862 συνόντος,
1222 3801 1405 3855 οὐκέτι
1450 3804 1599 3869 Υίὸς,
1634 3807 1772 3862 ἀλλὰ
1808 3809 1840 3880 ἢ

253 3883 405 3938 κατά
437 3885 785 3958 συναλοιφὴν,
813 3887 846 3960 ἦ
888 3890 1030 3944 κατὰ
1060 3890 1351 3956 υἱοθεσίαν,
1388 3895 1421 3966 ἦ
1451 3897 1614 3961 αὐτὸς
1649 3899 1845 3954 ἑαυτὸν

248 3971 321 4048 ἦν
355 3977 714 4040 ἀποστέλλων,
747 3980 780 4052 ἢ
808 3982 856 4034 oi
882 3981 974 4036 δύο
1001 3983 1117 4054 ἅμα
1141 3987 1582 4056 ἀποστέλλοντες,
1605 3991 1638 4063 ἢ
1671 4010 1846 4064 παρα-

249 4069 551 4140 γινόμενοι,
573 4069 665 4124 δύο
688 4071 950 4144 θεότητας
975 4076 1272 4147 ὲσήμανον,
1301 4081 1395 4132 καὶ
1423 4082 1546 4152 οὐχὶ
1573 4083 1704 4153 μίαν
1738 4086 1846 4138 ἐνὸ-

249 4177 412 4230 τητα.
462 4161 725 4216 Ἐνταῦθα
754 4159 846 4218 οὗν
872 4167 900 4219 6
919 4167 1247 4234 ἀποστείλας
1267 4173 1363 4225 καὶ
1391 4173 1419 4225 6
1444 4174 1844 4248 ἀποστελλόμε-

249 4269 366 4315 νος,
392 4252 480 4310 ἴνα
498 4253 648 4327 δείξῃ
666 4255 775 4307 τῶν
802 4257 1019 4311 πάντων
1043 4260 1265 4328 ἀγαθῶν
1294 4263 1422 4333 μίαν
1450 4261 1591 4320 εἶναι
1616 4267 1716 4339 τὴν
1739 4287 1844 4338 πη,

246 4341 381 4413 τὴν,
408 4344 654 4398 τουτέστι
680 4346 771 4400 τὸν
796 4348 1036 4419 Πατέρα⁶
1066 4350 1301 4424 καθεξῆς
1327 4355 1386 4408 δὲ
1407 4355 1508 4427 τῆς
1538 4359 1724 4429 πηγῆς
1745 4360 1844 4430 οὐκ

247 4433 632 4507 ἐτερωνύμως,
652 4437 787 4492 ἀλλὰ
819 4441 962 4496 κατὰ
988 4441 1083 4498 τοῦ
1109 4443 1238 4497 Υίοῦ
1280 4445 1452 4517 ὄνομα
1482 4449 1574 4501 καὶ
1607 4450 1701 4503 τοῦ
1730 4451 1842 4503 Λὸ-
1876 4433 1917 4486 Ῑ)

247 4542 352 4593 του
384 4524 463 4578 ὢν
497 4525 595 4596 μία
621 4527 771 4600 πηγὴ
796 4530 859 4583 ἐκ
885 4530 1065 4602 πηγῆς
1095 4531 1124 4584 6
1147 4531 1275 4596 Υἱὸς
1305 4534 1608 4606 προελθὼν,
1642 4536 1729 4590 ἀεὶ
1759 4537 1838 4590 ὣν

247 4615 405 4684 παρὰ
435 4614 515 4685 τῷ
542 4617 719 4687 Πατρὶ
754 4619 1171 4689 γεγεννημένος,
1199 4621 1318 4675 ’Ότι
1357 4624 1516 4694 παρὰ
1547 4624 1644 4678 σοί
1672 4626 1835 4695 πηγὴ

247 4703 416 4772 ζωῆς·
455 4708 549 4760 καὶ
597 4707 683 4762 ἵνα
713 4707 858 4780 δείξῃ
886 4711 980 4764 καὶ
1014 4711 1142 4783 περὶ
1165 4712 1258 4765 τοῦ
1291 4713 1447 4781 ἁγίου
1495 4714 1835 4786 Πνεύματοςο

257 4788 369 4858 Ἔν
403 4795 484 4868 τῷ
508 4800 658 4867 φωτί
679 4814 796 4852 σου
825 4801 1093 4869 ὀψόμεθα
1117 4801 1262 4871 φῶςτ
1298 4804 1383 4858 ἵνα
1413 4805 1562 4879 δείξῃ
1591 4808 1705 4875 φῶς
1747 4808 1837 4862 τὸν

249 4889 491 4958 Πατέρα,
521 4889 614 4943 καὶ
634 4891 750 4975 φῶς
778 4891 869 4945 τοῦ
903 4893 1115 4957 [ἰατρὸς
1140 4890 1279 4949 εἶναι
1308 4896 1398 4950 τὸν
1428 4897 1576 4965 Υίὸν,
1600 4900 1692 4952 καὶ
1720 4900 1836 4967 φῶς

247 4979 312 5032 τὸ
367 4980 590 5054 Πνεῦμα
635 4983 696 5036 τὸ
743 4983 917 5051 ἅγιονο
961 4987 1056 5039 καὶ
1096 4986 1276 5057 πηγὴν
1310 4988 1374 5042 ἐκ
1402 4991 1604 5060 πηγῆς,
1641 4992 1706 5044 ἐκ
1742 4991 1836 5044 τοῦ

249 5070 467 5142 Πατρὸς
493 5072 588 5125 παὶ
616 5072 712 5126 τοῦ
738 5074 1075 5143 Μονογενοῦς
1102 5076 1162 5128 τὸ
1187 5077 1410 5148 Πνεῦμα
1434 5079 1495 5132 τὸ
1523 5082 1697 5149 ἅγιον.
1729 5085 1840 5136 Πο-

251 5162 421 5232 rapo!
447 5164 557 5235 γὰρ
582 5164 651 5230 ἐκ
684 5165 796 5236 τῆς
828 5170 1059 5235 κοιλίας
1091 5171 1278 5225 αὑτοῦ
1319 5172 1659 5240 ῥεύσουσιν
1693 5175 1837 5229 ὕδα-

253 5273 352 5320 τος
371 5255 712 5325 ἁλλομένου
743 5260 830 5323 εἰς
856 5257 1008 5328 ζωὴν
1031 5259 1289 5316 αἰώνιον.
1326 5263 1530 5333 Ἔλεγε
1560 5263 1630 5318 δὲ
1659 5266 1838 5322 τοῦτο

250 5345 381 5416 περὶ
416 5347 524 5402 τοῦ
579 5349 754 5419 ἁγίου
787 5351 1152 5419 Πνεύμιιτος,
1207 5353 1342 5426 φησὶ
1379 5354 1440 5410 τὸ
1475 5356 1836 5426 Εὐαγγέλιον.

249 5441 357 5494 Καὶ
396 5439 557 5505 πάλιν
588 5439 746 5511 φησὶ,
776 5440 1037 5501 δεικνύων
1066 5445 1177 5506 τοῖς
1209 5443 1372 5499 αὐτοῦ
1409 5446 1680 5518 μαθηταῖς
1710 5450 1840 5523 περὶ

1947 3188 2071 3228 esse
2117 3171 2354 3226 similem
2383 3209 2400 3233 ,
2459 3183 2584 3222 eum
2633 3168 2775 3221 alius
2806 3167 2878 3220 sit
2914 3166 2965 3219 vi
3025 3180 3088 3220 ac
3135 3173 3402 3234 potestate
3436 3166 3535 3234 qui

1947 3265 2154 3327 mittit,
2186 3264 2328 3317 alius
2365 3262 2457 3332 qui
2489 3261 2726 3314 mittitur
2757 3276 2770 3313 :
2801 3259 2948 3329 quod
2981 3259 3070 3313 hic
3104 3258 3244 3312 mitti
3273 3295 3289 3320 ,
3324 3258 3540 3314 mittere

1949 3355 2038 3412 ille
2099 3353 2334 3409 dicatur.
2389 3352 2546 3418 Quod
2591 3352 2638 3406 si
2690 3351 2905 3404 illorum
2963 3349 3208 3419 opinioni
3262 3356 3540 3407 constaret

1945 3447 2182 3509 veritas,
2221 3461 2329 3499 non
2369 3444 2483 3512 jam
2538 3450 2651 3498 tota
2700 3442 3028 3510 cognitionis
3083 3441 3224 3493 ratio
3261 3439 3330 3494 ad
3369 3455 3537 3497 unam

1945 3540 2200 3598 veritatis
2221 3538 2475 3610 potentia
2511 3551 2578 3590 ae
2610 3532 2914 3589 divinitatis
2941 3533 3381 3602 singularitatem
3416 3547 3538 3600 per-

1946 3633 2172 3688 tineret.
2189 3630 2412 3684 Duobus
2429 3630 2575 3683 etum
2588 3636 2874 3682 occurrent
2886 3624 3031 3688 ibus,
3047 3632 3142 3677 aut
3165 3623 3533 3689 mittentibus,

1948 3721 2124 3780 Filius
2182 3736 2292 3776 non
2348 3720 2584 3789 amplius
2633 3716 2806 3772 Filius
2838 3718 2944 3772 erit
2969 3756 2983 3780 ,
3034 3716 3130 3772 sed
3165 3715 3334 3771 frater
3359 3753 3376 3779 ,
3411 3731 3538 3770 eum

1947 3823 2055 3863 una
2110 3807 2282 3864 frater
2321 3809 2592 3874 exsistat;
2641 3821 2742 3862 nec
2776 3806 3012 3876 amplius
3061 3804 3235 3864 Filius
3261 3805 3400 3870 erit,
3431 3804 3538 3859 nisi

1946 3903 2029 3957 vel
2087 3901 2448 3966 confusione,
2480 3899 2562 3954 vel
2623 3898 2946 3968 adoptione;
3001 3906 3094 3953 aut
3147 3899 3389 3968 seipsum
3447 3897 3539 3952 ille

1947 3992 2162 4057 mittet;
2199 3999 2293 4045 aut
2326 3992 2435 4044 duo
2482 3990 2645 4045 simul
2696 3990 3018 4052 mittentes,
3067 3989 3153 4044 vel
3212 3988 3540 4045 accedentes

1946 4084 2261 4138 divinitatea
2313 4083 2452 4137 duas
2492 4098 2600 4136 non
2653 4097 2816 4136 unam
2870 4081 3304 4150 singularitatem
3352 4091 3533 4138 osten-

1946 4173 2094 4228 dent.
2129 4172 2228 4226 Hie
2263 4172 2426 4242 igitur
2465 4174 2688 4226 mittens
2721 4186 2786 4225 ac
2816 4173 3020 4227 missus
3052 4173 3418 4242 exprimitur,
3477 4179 3538 4226 ut

1946 4271 2270 4333 argumento
2319 4263 2430 4324 sit,
2466 4262 2760 4331 quemdam
2815 4277 2941 4317 esse
2988 4262 3258 4316 bonorum
3290 4263 3536 4318 omnium

1947 4354 2188 4416 fontem,
2237 4352 2497 4407 videlicet
2553 4350 2806 4414 Patrem,
2843 4351 3146 4407 secundum
3203 4368 3366 4421 quem
3424 4368 3554 4416 non

1947 4446 2056 4501 alio
2086 4445 2340 4510 nomine,
2371 4460 2536 4515 quam
2582 4443 2702 4496 Filii
2738 4442 3013 4513 Verbique
3052 4445 3314 4514 praeditus
3341 4443 3534 4509 Filius,

1946 4538 2070 4593 fons
2097 4537 2257 4592 vivus
2290 4551 2353 4590 ex
2386 4537 2536 4590 fonte
2580 4536 2965 4607 progreditur;
3011 4537 3104 4606 qui
3142 4536 3284 4606 apud
3317 4535 3536 4591 Patrem

1945 4634 2210 4700 perpetuo
2252 4627 2320 4682 ab
2353 4628 2542 4682 eodem
2591 4628 2811 4697 genitus
2850 4628 3162 4682 exstiterit:
3193 4627 3354 4698 777
3384 4626 3536 4694 Quo-

1944 4703 2088 4774 niam
2121 4719 2264 4788 apud
2299 4733 2349 4774 te
2371 4731 2446 4773 est
2477 4720 2595 4788 fons
2627 4721 2747 4775 rita:
2773 4721 2813 4773 ⁸.
2841 4721 3020 4790 Atque
3052 4730 3111 4774 ut
3141 4719 3383 4788 Spiritus
3407 4735 3537 4790 quo-

1943 4829 2050 4884 que
2082 4823 2308 4868 sanctus
2344 4814 2646 4868 indicetur:
2683 4811 2751 4866 In
2787 4812 3002 4876 lumine,
3035 4811 3230 4881 inquit.
3266 4821 3356 4866 tuo
3395 4813 3538 4867 ride-

1946 4903 2117 4962 bimus
2151 4905 2326 4957 Ιωιιεη
2352 4905 2407 4957 ἐ
2451 4918 2561 4971 quo
2610 4910 2664 4956 ct
2697 4901 2916 4958 Patrem
2957 4902 3139 4957 lumen
3184 4917 3308 4956 esse
3349 4901 3538 4957 deela-

1946 5005 2071 5059 ret,
2119 5006 2174 5051 et
2214 4997 2396 5050 lumen
2449 4994 2629 5048 Patris
2663 4992 2863 5050 Filium
2886 5032 2900 5058 ,
2933 4993 3229 5063 lumenque
3265 4992 3567 5063 Spiritum.

1948 5098 2238 5154 sanctum;
2266 5103 2331 5144 ac
2362 5096 2642 5159 postremo
2694 5087 2898 5145 fontem
2954 5102 3020 5141 ex
3084 5085 3234 5142 fonte
3258 5126 3272 5151 ,
3309 5087 3413 5142 boe
3451 5094 3536 5141 est

1946 5179 2108 5235 Patre
2135 5189 2190 5237 et
2214 5181 2494 5252 unigenito
2508 5177 2649 5234 Filio
2664 5176 2928 5249 Spiritum
2955 5190 3208 5235 sanetum
3237 5178 3532 5248 profluere.

1947 5271 2202 5325 Flumina
2229 5273 2368 5326 enim
2393 5312 2407 5332 ,
2441 5272 2660 5341 inquit,
2691 5287 2756 5326 ea:
2788 5280 2962 5326 ventre
3003 5272 3146 5334 illius
3176 5271 3340 5339 ﬂuent
3381 5285 3534 5337 aquaI

1945 5360 2186 5416 salientis
2221 5363 2275 5414 in
2322 5362 2484 5416 vitam
2518 5370 2795 5416 attentam.
2834 5361 3048 5418 Dicebat
3083 5370 3257 5422 autem
3290 5359 3428 5412 istud
3465 5357 3535 5413 de

1946 5451 2150 5522 Spiritu
2174 5462 2390 5518 sancto,
2422 5452 2501 5507 ait
2531 5452 2889 5526 Evangelium
2914 5454 2956 5511 ⁸.
2998 5452 3263 5508 Praeterea
3311 5457 3370 5503 ιιι
3398 5465 3531 5503 con-

311 5624 324 5655 '
358 5622 414 5678 Γ.
444 5625 528 5699 τῇ
575 5636 804 5699 περιγρ.
929 5619 1088 5699 {omn
1125 5637 1176 5673 v.
1201 5621 1314 5699 ἓξ.-
1370 5623 1390 5654 ³
1433 5622 1591 5699 Joau.
1622 5641 1704 5692 ιιι,
1731 5627 1819 5684 36.

1983 5629 2127 5688 Psal.
2157 5647 2418 5699 Lxxxvut,
2461 5633 2509 5689 7.
2615 5634 2635 5665 ⁸
2670 5632 2882 5693 Baruclt
2911 5647 2992 5697 ιιι,
3024 5631 3112 5686 37.
3149 5628 3237 5683 58.
3314 5627 3334 5657 ‘
3373 5621 3520 5684 Psal.

245 5710 397 5766 uxv,
433 5681 528 5753 £0...
613 5692 632 5721 ⁷
658 5681 797 5746 ibid.
875 5691 897 5723 ⁸
927 5689 1086 5746 Joau.
1119 5707 1220 5756 vn,
1250 5692 1351 5763 58;
1385 5711 1458 5760 tv,
1495 5696 1578 5750 14.
