  <div class='ocr_page' id='page_1' title='image "/cluster/home/n/w/nwhite01/storage/ocr_20150623/42:no.2/coo.31924054869403/149.png"; bbox 0 0 3994 6442; ppageno 0'>
   <div class='ocr_carea' id='block_1_1' title="bbox 528 317 630 372">
    <p class='ocr_par' dir='ltr' id='par_1_1' title="bbox 528 317 630 372">
     <span class='ocr_line' id='line_1_1' title="bbox 528 317 630 372; baseline -0.059 -1"><span class='ocrx_word' id='word_1_1' title='bbox 528 317 630 372; x_wconf 68' lang='lat'><strong>237</strong></span> 
     </span>
    </p>
   </div>
   <div class='ocr_carea' id='block_1_2' title="bbox 1931 294 2371 374">
    <p class='ocr_par' dir='ltr' id='par_1_2' title="bbox 1931 294 2371 374">
     <span class='ocr_line' id='line_1_2' title="bbox 1931 294 2371 374; baseline 0.005 -2"><span class='ocrx_word' id='word_1_2' title='bbox 1931 319 1987 374; x_wconf 90' lang='lat' dir='ltr'><strong>s.</strong></span> <span class='ocrx_word' id='word_1_3' title='bbox 2031 294 2371 374; x_wconf 61' lang='grc' dir='ltr'>ιῖιδιιδιιλιςιῦ</span> 
     </span>
    </p>
   </div>
   <div class='ocr_carea' id='block_1_3' title="bbox 3695 267 3837 383">
    <p class='ocr_par' dir='ltr' id='par_1_3' title="bbox 3695 267 3837 383">
     <span class='ocr_line' id='line_1_3' title="bbox 3695 267 3837 383; baseline 0.049 -7"><span class='ocrx_word' id='word_1_4' title='bbox 3695 267 3837 383; x_wconf 75' lang='grc'><strong>988⁴</strong></span> 
     </span>
    </p>
   </div>
   <div class='ocr_carea' id='block_1_4' title="bbox 531 439 2118 512">
    <p class='ocr_par' dir='ltr' id='par_1_4' title="bbox 531 439 2100 512">
     <span class='ocr_line' id='line_1_4' title="bbox 531 439 2100 512; baseline -0.002 -17"><span class='ocrx_word' id='word_1_5' title='bbox 531 439 948 495; x_wconf 83' lang='lat' dir='ltr'><strong>substantialem</strong></span> <span class='ocrx_word' id='word_1_6' title='bbox 981 456 1039 495; x_wconf 88' lang='lat' dir='ltr'><strong>se</strong></span> <span class='ocrx_word' id='word_1_7' title='bbox 1068 456 1190 496; x_wconf 84' lang='lat' dir='ltr'><strong>esse</strong></span> <span class='ocrx_word' id='word_1_8' title='bbox 1232 439 1373 497; x_wconf 85' lang='lat' dir='ltr'><strong>Patri</strong></span> <span class='ocrx_word' id='word_1_9' title='bbox 1401 441 1682 512; x_wconf 80' lang='lat' dir='ltr'><strong>discipulis</strong></span> <span class='ocrx_word' id='word_1_10' title='bbox 1711 440 1825 494; x_wconf 90' lang='lat' dir='ltr'><strong>suis</strong></span> <span class='ocrx_word' id='word_1_11' title='bbox 1851 439 2100 494; x_wconf 87' lang='lat' dir='ltr'><strong>ostende-</strong></span> 
     </span>
    </p>
   </div>
   <div class='ocr_carea' id='block_1_5' title="bbox 2219 439 3785 512">
    <p class='ocr_par' dir='ltr' id='par_1_5' title="bbox 2219 439 3785 512">
     <span class='ocr_line' id='line_1_5' title="bbox 2219 439 3785 512; baseline 0.003 -19"><span class='ocrx_word' id='word_1_12' title='bbox 2219 441 2310 510; x_wconf 74' lang='grc' dir='ltr'><strong>τῆς</strong></span> <span class='ocrx_word' id='word_1_13' title='bbox 2349 439 2485 509; x_wconf 68' lang='grc' dir='ltr'>πρὸς</span> <span class='ocrx_word' id='word_1_14' title='bbox 2522 439 2612 493; x_wconf 79' lang='grc' dir='ltr'>τὸν</span> <span class='ocrx_word' id='word_1_15' title='bbox 2654 440 2877 512; x_wconf 78' lang='grc' dir='ltr'><strong>Πατέρα</strong></span> <span class='ocrx_word' id='word_1_16' title='bbox 2917 439 3081 496; x_wconf 79' lang='grc' dir='ltr'>αὐτοῦ</span> <span class='ocrx_word' id='word_1_17' title='bbox 3105 440 3551 512; x_wconf 78' lang='grc' dir='ltr'>ὸμοουσιότητος,</span> <span class='ocrx_word' id='word_1_18' title='bbox 3585 440 3785 511; x_wconf 77' lang='grc' dir='ltr'>ἔλεγεν·</span> 
     </span>
    </p>
   </div>
   <div class='ocr_carea' id='block_1_6' title="bbox 531 531 2110 603">
    <p class='ocr_par' dir='ltr' id='par_1_6' title="bbox 531 531 2110 603">
     <span class='ocr_line' id='line_1_6' title="bbox 531 531 2110 603; baseline 0.001 -21"><span class='ocrx_word' id='word_1_19' title='bbox 531 540 649 584; x_wconf 88' lang='lat' dir='ltr'><strong>ret:</strong></span> <span class='ocrx_word' id='word_1_20' title='bbox 695 531 756 585; x_wconf 89' lang='lat' dir='ltr'><strong>Si</strong></span> <span class='ocrx_word' id='word_1_21' title='bbox 803 533 954 602; x_wconf 82' lang='lat' dir='ltr'><strong>quis,</strong></span> <span class='ocrx_word' id='word_1_22' title='bbox 995 533 1207 601; x_wconf 90' lang='lat' dir='ltr'><strong>inqttit,</strong></span> <span class='ocrx_word' id='word_1_23' title='bbox 1249 537 1513 602; x_wconf 84' lang='lat' dir='ltr'><strong>aperuerit</strong></span> <span class='ocrx_word' id='word_1_24' title='bbox 1550 535 1716 596; x_wconf 86' lang='lat' dir='ltr'><strong>mihi,</strong></span> <span class='ocrx_word' id='word_1_25' title='bbox 1764 535 1986 603; x_wconf 87' lang='lat' dir='ltr'><strong>ingressi</strong></span> <span class='ocrx_word' id='word_1_26' title='bbox 2019 549 2110 598; x_wconf 88' lang='lat' dir='ltr'><strong>ego</strong></span> 
     </span>
    </p>
   </div>
   <div class='ocr_carea' id='block_1_7' title="bbox 531 615 2111 694">
    <p class='ocr_par' dir='ltr' id='par_1_7' title="bbox 531 615 2111 694">
     <span class='ocr_line' id='line_1_7' title="bbox 531 615 2111 694; baseline 0.001 -19"><span class='ocrx_word' id='word_1_27' title='bbox 531 634 579 676; x_wconf 86' lang='lat' dir='ltr'><strong>et</strong></span> <span class='ocrx_word' id='word_1_28' title='bbox 611 623 774 676; x_wconf 70' lang='lat' dir='ltr'><strong>Pater</strong></span> <span class='ocrx_word' id='word_1_29' title='bbox 800 625 1126 678; x_wconf 76' lang='lat' dir='ltr'><strong>mansionem</strong></span> <span class='ocrx_word' id='word_1_30' title='bbox 1166 626 1305 694; x_wconf 86' lang='lat' dir='ltr'><strong>apud</strong></span> <span class='ocrx_word' id='word_1_31' title='bbox 1326 615 1494 679; x_wconf 58' lang='lat' dir='ltr'><strong>illum</strong></span> <span class='ocrx_word' id='word_1_32' title='bbox 1534 627 1844 694; x_wconf 70' lang='lat' dir='ltr'><strong>faeiemus‘.</strong></span> <span class='ocrx_word' id='word_1_33' title='bbox 1882 623 1997 677; x_wconf 83' lang='lat' dir='ltr'><strong>Non</strong></span> <span class='ocrx_word' id='word_1_34' title='bbox 2029 624 2111 677; x_wconf 85' lang='lat' dir='ltr'><strong>di-</strong></span> 
     </span>
    </p>
   </div>
   <div class='ocr_carea' id='block_1_8' title="bbox 534 715 2110 789">
    <p class='ocr_par' dir='ltr' id='par_1_8' title="bbox 534 715 2110 789">
     <span class='ocr_line' id='line_1_8' title="bbox 534 715 2110 789; baseline 0.001 -23"><span class='ocrx_word' id='word_1_35' title='bbox 534 719 639 768; x_wconf 85' lang='lat' dir='ltr'><strong>xit:</strong></span> <span class='ocrx_word' id='word_1_36' title='bbox 673 715 854 767; x_wconf 84' lang='lat' dir='ltr'><strong>Mittar</strong></span> <span class='ocrx_word' id='word_1_37' title='bbox 899 730 927 768; x_wconf 91' lang='lat' dir='ltr'><strong>a</strong></span> <span class='ocrx_word' id='word_1_38' title='bbox 982 715 1146 770; x_wconf 86' lang='lat' dir='ltr'><strong>Patre</strong></span> <span class='ocrx_word' id='word_1_39' title='bbox 1186 734 1346 781; x_wconf 89' lang='lat' dir='ltr'><strong>meo;</strong></span> <span class='ocrx_word' id='word_1_40' title='bbox 1391 719 1518 781; x_wconf 89' lang='lat' dir='ltr'><strong>sed,</strong></span> <span class='ocrx_word' id='word_1_41' title='bbox 1549 717 1658 789; x_wconf 81' lang='lat' dir='ltr'><strong>Ego</strong></span> <span class='ocrx_word' id='word_1_42' title='bbox 1687 727 1736 770; x_wconf 86' lang='lat' dir='ltr'><strong>et</strong></span> <span class='ocrx_word' id='word_1_43' title='bbox 1767 717 1929 770; x_wconf 86' lang='lat' dir='ltr'><strong>Pater</strong></span> <span class='ocrx_word' id='word_1_44' title='bbox 1972 715 2110 783; x_wconf 81' lang='lat' dir='ltr'><strong>apud</strong></span> 
     </span>
    </p>
   </div>
   <div class='ocr_carea' id='block_1_9' title="bbox 531 803 2110 876">
    <p class='ocr_par' dir='ltr' id='par_1_9' title="bbox 531 803 2110 876">
     <span class='ocr_line' id='line_1_9' title="bbox 531 803 2110 876; baseline 0.006 -22"><span class='ocrx_word' id='word_1_45' title='bbox 531 803 684 856; x_wconf 80' lang='lat' dir='ltr'><strong>illam</strong></span> <span class='ocrx_word' id='word_1_46' title='bbox 734 807 1095 871; x_wconf 72' lang='lat' dir='ltr'><strong>manebimus,</strong></span> <span class='ocrx_word' id='word_1_47' title='bbox 1130 809 1265 861; x_wconf 88' lang='lat' dir='ltr'><strong>adeo</strong></span> <span class='ocrx_word' id='word_1_48' title='bbox 1311 816 1369 861; x_wconf 87' lang='lat' dir='ltr'><strong>ut</strong></span> <span class='ocrx_word' id='word_1_49' title='bbox 1401 809 1653 876; x_wconf 88' lang='lat' dir='ltr'><strong>pulsante</strong></span> <span class='ocrx_word' id='word_1_50' title='bbox 1680 807 1846 869; x_wconf 84' lang='lat' dir='ltr'><strong>Filio,</strong></span> <span class='ocrx_word' id='word_1_51' title='bbox 1883 823 2005 862; x_wconf 91' lang='lat' dir='ltr'><strong>cum</strong></span> <span class='ocrx_word' id='word_1_52' title='bbox 2043 823 2110 863; x_wconf 89' lang='lat' dir='ltr'><strong>eo</strong></span> 
     </span>
    </p>
   </div>
   <div class='ocr_carea' id='block_1_10' title="bbox 531 893 2110 968">
    <p class='ocr_par' dir='ltr' id='par_1_10' title="bbox 531 893 2110 968">
     <span class='ocr_line' id='line_1_10' title="bbox 531 893 2110 968; baseline 0.004 -22"><span class='ocrx_word' id='word_1_53' title='bbox 531 893 693 946; x_wconf 88' lang='lat' dir='ltr'><strong>Pater</strong></span> <span class='ocrx_word' id='word_1_54' title='bbox 747 895 1132 963; x_wconf 83' lang='lat' dir='ltr'><strong>ingrediatur;</strong></span> <span class='ocrx_word' id='word_1_55' title='bbox 1191 896 1443 966; x_wconf 90' lang='lat' dir='ltr'><strong>idemque</strong></span> <span class='ocrx_word' id='word_1_56' title='bbox 1491 913 1614 951; x_wconf 89' lang='lat' dir='ltr'><strong>cum</strong></span> <span class='ocrx_word' id='word_1_57' title='bbox 1656 895 1794 951; x_wconf 83' lang='lat' dir='ltr'><strong>Filio</strong></span> <span class='ocrx_word' id='word_1_58' title='bbox 1848 905 2110 968; x_wconf 86' lang='lat' dir='ltr'><strong>perpetuo</strong></span> 
     </span>
    </p>
   </div>
   <div class='ocr_carea' id='block_1_11' title="bbox 531 984 2111 1055">
    <p class='ocr_par' dir='ltr' id='par_1_11' title="bbox 531 984 2111 1055">
     <span class='ocr_line' id='line_1_11' title="bbox 531 984 2111 1055; baseline 0.003 -18"><span class='ocrx_word' id='word_1_59' title='bbox 531 984 624 1042; x_wconf 82' lang='lat' dir='ltr'><strong>sit.</strong></span> <span class='ocrx_word' id='word_1_60' title='bbox 667 999 766 1038; x_wconf 91' lang='lat' dir='ltr'><strong>nec</strong></span> <span class='ocrx_word' id='word_1_61' title='bbox 805 1000 1043 1053; x_wconf 82' lang='lat' dir='ltr'><strong>unquam</strong></span> <span class='ocrx_word' id='word_1_62' title='bbox 1075 987 1143 1039; x_wconf 90' lang='lat' dir='ltr'><strong>ab</strong></span> <span class='ocrx_word' id='word_1_63' title='bbox 1174 987 1268 1040; x_wconf 92' lang='lat' dir='ltr'><strong>illo</strong></span> <span class='ocrx_word' id='word_1_64' title='bbox 1306 994 1611 1055; x_wconf 82' lang='lat' dir='ltr'><strong>separetur,</strong></span> <span class='ocrx_word' id='word_1_65' title='bbox 1651 987 1729 1039; x_wconf 91' lang='lat' dir='ltr'><strong>uti</strong></span> <span class='ocrx_word' id='word_1_66' title='bbox 1770 1001 1870 1041; x_wconf 91' lang='lat' dir='ltr'><strong>nec</strong></span> <span class='ocrx_word' id='word_1_67' title='bbox 1893 999 1923 1038; x_wconf 83' lang='lat' dir='ltr'><strong>a</strong></span> <span class='ocrx_word' id='word_1_68' title='bbox 1951 986 2111 1042; x_wconf 83' lang='lat' dir='ltr'><strong>Patre</strong></span> 
     </span>
    </p>
   </div>
   <div class='ocr_carea' id='block_1_12' title="bbox 459 1072 2108 1146">
    <p class='ocr_par' dir='ltr' id='par_1_12' title="bbox 459 1072 2108 1146">
     <span class='ocr_line' id='line_1_12' title="bbox 459 1072 2108 1146; baseline 0.003 -20"><span class='ocrx_word' id='word_1_69' title='bbox 459 1072 476 1087; x_wconf 72' lang='lat'><strong>‘</strong></span> <span class='ocrx_word' id='word_1_70' title='bbox 531 1073 728 1128; x_wconf 85' lang='lat' dir='ltr'><strong>Filius.</strong></span> <span class='ocrx_word' id='word_1_71' title='bbox 759 1074 914 1129; x_wconf 83' lang='lat' dir='ltr'><strong>Unde</strong></span> <span class='ocrx_word' id='word_1_72' title='bbox 945 1077 995 1128; x_wconf 90' lang='lat' dir='ltr'><strong>in</strong></span> <span class='ocrx_word' id='word_1_73' title='bbox 1028 1076 1134 1128; x_wconf 83' lang='lat' dir='ltr'><strong>alio</strong></span> <span class='ocrx_word' id='word_1_74' title='bbox 1165 1078 1311 1130; x_wconf 91' lang='lat' dir='ltr'><strong>loco:</strong></span> <span class='ocrx_word' id='word_1_75' title='bbox 1351 1075 1458 1146; x_wconf 81' lang='lat' dir='ltr'><strong>Ego</strong></span> <span class='ocrx_word' id='word_1_76' title='bbox 1499 1093 1616 1130; x_wconf 81' lang='lat' dir='ltr'><strong>sum</strong></span> <span class='ocrx_word' id='word_1_77' title='bbox 1636 1117 1650 1140; x_wconf 95' lang='lat'><strong>,</strong></span> <span class='ocrx_word' id='word_1_78' title='bbox 1681 1077 1890 1146; x_wconf 89' lang='lat' dir='ltr'><strong>inquit,</strong></span> <span class='ocrx_word' id='word_1_79' title='bbox 1919 1078 2024 1142; x_wconf 79' lang='lat' dir='ltr'><strong>via,</strong></span> <span class='ocrx_word' id='word_1_80' title='bbox 2057 1087 2108 1131; x_wconf 90' lang='lat' dir='ltr'><strong>et</strong></span> 
     </span>
    </p>
   </div>
   <div class='ocr_carea' id='block_1_13' title="bbox 531 1165 2113 1237">
    <p class='ocr_par' dir='ltr' id='par_1_13' title="bbox 531 1165 2113 1237">
     <span class='ocr_line' id='line_1_13' title="bbox 531 1165 2113 1237; baseline 0.003 -20"><span class='ocrx_word' id='word_1_81' title='bbox 531 1181 625 1234; x_wconf 76' lang='lat' dir='ltr'><strong>per</strong></span> <span class='ocrx_word' id='word_1_82' title='bbox 657 1181 736 1218; x_wconf 91' lang='lat' dir='ltr'><strong>me</strong></span> <span class='ocrx_word' id='word_1_83' title='bbox 761 1166 1117 1235; x_wconf 80' lang='lat' dir='ltr'><strong>ingredientur</strong></span> <span class='ocrx_word' id='word_1_84' title='bbox 1145 1167 1214 1218; x_wconf 88' lang='lat' dir='ltr'><strong>ad</strong></span> <span class='ocrx_word' id='word_1_85' title='bbox 1243 1165 1462 1220; x_wconf 86' lang='lat' dir='ltr'><strong>Patrem</strong></span> <span class='ocrx_word' id='word_1_86' title='bbox 1489 1169 1530 1222; x_wconf 78' lang='lat'><strong>’.</strong></span> <span class='ocrx_word' id='word_1_87' title='bbox 1577 1167 1655 1220; x_wconf 84' lang='lat' dir='ltr'><strong>Ac</strong></span> <span class='ocrx_word' id='word_1_88' title='bbox 1689 1168 1905 1237; x_wconf 88' lang='lat' dir='ltr'><strong>nequis</strong></span> <span class='ocrx_word' id='word_1_89' title='bbox 1935 1167 2113 1221; x_wconf 82' lang='lat' dir='ltr'><strong>mino-</strong></span> 
     </span>
    </p>
   </div>
   <div class='ocr_carea' id='block_1_14' title="bbox 533 1256 2111 1327">
    <p class='ocr_par' dir='ltr' id='par_1_14' title="bbox 533 1256 2111 1327">
     <span class='ocr_line' id='line_1_14' title="bbox 533 1256 2111 1327; baseline 0.001 -17"><span class='ocrx_word' id='word_1_90' title='bbox 533 1271 647 1310; x_wconf 85' lang='lat' dir='ltr'><strong>rem</strong></span> <span class='ocrx_word' id='word_1_91' title='bbox 679 1256 799 1311; x_wconf 87' lang='lat' dir='ltr'><strong>ideo</strong></span> <span class='ocrx_word' id='word_1_92' title='bbox 831 1272 954 1312; x_wconf 86' lang='lat' dir='ltr'><strong>esse</strong></span> <span class='ocrx_word' id='word_1_93' title='bbox 992 1256 1152 1311; x_wconf 87' lang='lat' dir='ltr'><strong>Patre</strong></span> <span class='ocrx_word' id='word_1_94' title='bbox 1193 1258 1478 1321; x_wconf 89' lang='lat' dir='ltr'><strong>crederet,</strong></span> <span class='ocrx_word' id='word_1_95' title='bbox 1511 1256 1656 1327; x_wconf 84' lang='lat' dir='ltr'><strong>quod</strong></span> <span class='ocrx_word' id='word_1_96' title='bbox 1708 1273 1805 1327; x_wconf 89' lang='lat' dir='ltr'><strong>per</strong></span> <span class='ocrx_word' id='word_1_97' title='bbox 1833 1258 2010 1327; x_wconf 88' lang='lat' dir='ltr'><strong>ipsum</strong></span> <span class='ocrx_word' id='word_1_98' title='bbox 2043 1257 2111 1311; x_wconf 87' lang='lat' dir='ltr'><strong>ad</strong></span> 
     </span>
    </p>
   </div>
   <div class='ocr_carea' id='block_1_15' title="bbox 532 1347 2111 1415">
    <p class='ocr_par' dir='ltr' id='par_1_15' title="bbox 532 1347 2111 1415">
     <span class='ocr_line' id='line_1_15' title="bbox 532 1347 2111 1415; baseline 0 -14"><span class='ocrx_word' id='word_1_99' title='bbox 532 1347 746 1401; x_wconf 80' lang='lat' dir='ltr'><strong>Patrem</strong></span> <span class='ocrx_word' id='word_1_100' title='bbox 792 1348 973 1401; x_wconf 85' lang='lat' dir='ltr'><strong>aditus</strong></span> <span class='ocrx_word' id='word_1_101' title='bbox 1012 1356 1259 1415; x_wconf 86' lang='lat' dir='ltr'><strong>pateret,</strong></span> <span class='ocrx_word' id='word_1_102' title='bbox 1293 1348 1373 1402; x_wconf 88' lang='lat' dir='ltr'><strong>sic</strong></span> <span class='ocrx_word' id='word_1_103' title='bbox 1427 1349 1534 1402; x_wconf 92' lang='lat' dir='ltr'><strong>alio</strong></span> <span class='ocrx_word' id='word_1_104' title='bbox 1563 1349 1682 1402; x_wconf 90' lang='lat' dir='ltr'><strong>loco</strong></span> <span class='ocrx_word' id='word_1_105' title='bbox 1721 1347 1901 1402; x_wconf 81' lang='lat' dir='ltr'><strong>dixit:</strong></span> <span class='ocrx_word' id='word_1_106' title='bbox 1945 1347 2111 1402; x_wconf 83' lang='lat' dir='ltr'><strong>Nemo</strong></span> 
     </span>
    </p>
   </div>
   <div class='ocr_carea' id='block_1_16' title="bbox 531 1433 2113 1500">
    <p class='ocr_par' dir='ltr' id='par_1_16' title="bbox 531 1433 2113 1500">
     <span class='ocr_line' id='line_1_16' title="bbox 531 1433 2113 1500; baseline 0.003 -14"><span class='ocrx_word' id='word_1_107' title='bbox 531 1434 698 1487; x_wconf 73' lang='lat' dir='ltr'><strong>ueniet</strong></span> <span class='ocrx_word' id='word_1_108' title='bbox 722 1433 790 1486; x_wconf 89' lang='lat' dir='ltr'><strong>ad</strong></span> <span class='ocrx_word' id='word_1_109' title='bbox 823 1451 939 1500; x_wconf 87' lang='lat' dir='ltr'><strong>me,</strong></span> <span class='ocrx_word' id='word_1_110' title='bbox 973 1437 1076 1489; x_wconf 88' lang='lat' dir='ltr'><strong>nisi</strong></span> <span class='ocrx_word' id='word_1_111' title='bbox 1127 1434 1292 1489; x_wconf 86' lang='lat' dir='ltr'><strong>Pater</strong></span> <span class='ocrx_word' id='word_1_112' title='bbox 1334 1453 1479 1490; x_wconf 86' lang='lat' dir='ltr'><strong>meus</strong></span> <span class='ocrx_word' id='word_1_113' title='bbox 1511 1439 1734 1492; x_wconf 70' lang='lat' dir='ltr'><strong>scelestis</strong></span> <span class='ocrx_word' id='word_1_114' title='bbox 1779 1439 2004 1491; x_wconf 73' lang='lat' dir='ltr'><strong>traxerit</strong></span> <span class='ocrx_word' id='word_1_115' title='bbox 2043 1439 2113 1490; x_wconf 89' lang='lat' dir='ltr'><strong>il-</strong></span> 
     </span>
    </p>
   </div>
   <div class='ocr_carea' id='block_1_17' title="bbox 533 1524 2111 1596">
    <p class='ocr_par' dir='ltr' id='par_1_17' title="bbox 533 1524 2111 1596">
     <span class='ocr_line' id='line_1_17' title="bbox 533 1524 2111 1596; baseline 0.004 -19"><span class='ocrx_word' id='word_1_116' title='bbox 533 1528 644 1578; x_wconf 83' lang='lat' dir='ltr'><strong>lum</strong></span> <span class='ocrx_word' id='word_1_117' title='bbox 671 1527 713 1579; x_wconf 86' lang='grc'><strong>³.</strong></span> <span class='ocrx_word' id='word_1_118' title='bbox 747 1526 917 1596; x_wconf 83' lang='lat' dir='ltr'><strong>Igitur</strong></span> <span class='ocrx_word' id='word_1_119' title='bbox 948 1535 1001 1580; x_wconf 93' lang='lat' dir='ltr'><strong>et</strong></span> <span class='ocrx_word' id='word_1_120' title='bbox 1029 1524 1191 1581; x_wconf 87' lang='lat' dir='ltr'><strong>Pater</strong></span> <span class='ocrx_word' id='word_1_121' title='bbox 1221 1528 1287 1582; x_wconf 90' lang='lat' dir='ltr'><strong>ad</strong></span> <span class='ocrx_word' id='word_1_122' title='bbox 1328 1527 1525 1583; x_wconf 85' lang='lat' dir='ltr'><strong>Filium</strong></span> <span class='ocrx_word' id='word_1_123' title='bbox 1562 1529 1736 1589; x_wconf 88' lang='lat' dir='ltr'><strong>ducit.</strong></span> <span class='ocrx_word' id='word_1_124' title='bbox 1767 1538 1821 1584; x_wconf 88' lang='lat' dir='ltr'><strong>et</strong></span> <span class='ocrx_word' id='word_1_125' title='bbox 1847 1530 2016 1584; x_wconf 87' lang='lat' dir='ltr'><strong>Filius</strong></span> <span class='ocrx_word' id='word_1_126' title='bbox 2043 1531 2111 1584; x_wconf 87' lang='lat' dir='ltr'><strong>ad</strong></span> 
     </span>
    </p>
   </div>
   <div class='ocr_carea' id='block_1_18' title="bbox 531 1615 2112 1688">
    <p class='ocr_par' dir='ltr' id='par_1_18' title="bbox 531 1615 2112 1688">
     <span class='ocr_line' id='line_1_18' title="bbox 531 1615 2112 1688; baseline 0.004 -20"><span class='ocrx_word' id='word_1_127' title='bbox 531 1615 748 1670; x_wconf 85' lang='lat' dir='ltr'><strong>Patrem</strong></span> <span class='ocrx_word' id='word_1_128' title='bbox 771 1655 786 1677; x_wconf 92' lang='lat'><strong>,</strong></span> <span class='ocrx_word' id='word_1_129' title='bbox 816 1625 872 1671; x_wconf 92' lang='lat' dir='ltr'><strong>et</strong></span> <span class='ocrx_word' id='word_1_130' title='bbox 903 1624 1133 1687; x_wconf 87' lang='lat' dir='ltr'><strong>uterque</strong></span> <span class='ocrx_word' id='word_1_131' title='bbox 1164 1633 1262 1687; x_wconf 83' lang='lat' dir='ltr'><strong>per</strong></span> <span class='ocrx_word' id='word_1_132' title='bbox 1285 1617 1550 1688; x_wconf 84' lang='lat' dir='ltr'><strong>Spiritum</strong></span> <span class='ocrx_word' id='word_1_133' title='bbox 1583 1629 1832 1674; x_wconf 84' lang='lat' dir='ltr'><strong>sanctum</strong></span> <span class='ocrx_word' id='word_1_134' title='bbox 1863 1620 2112 1675; x_wconf 87' lang='lat' dir='ltr'><strong>introdu-</strong></span> 
     </span>
    </p>
   </div>
   <div class='ocr_carea' id='block_1_19' title="bbox 532 1705 2113 1780">
    <p class='ocr_par' dir='ltr' id='par_1_19' title="bbox 532 1705 2113 1780">
     <span class='ocr_line' id='line_1_19' title="bbox 532 1705 2113 1780; baseline 0.006 -20"><span class='ocrx_word' id='word_1_135' title='bbox 532 1707 626 1761; x_wconf 86' lang='lat' dir='ltr'><strong>cit.</strong></span> <span class='ocrx_word' id='word_1_136' title='bbox 663 1705 798 1760; x_wconf 85' lang='lat' dir='ltr'><strong>Nam</strong></span> <span class='ocrx_word' id='word_1_137' title='bbox 849 1705 1091 1762; x_wconf 85' lang='lat' dir='ltr'><strong>Trinitas</strong></span> <span class='ocrx_word' id='word_1_138' title='bbox 1140 1710 1195 1762; x_wconf 91' lang='lat' dir='ltr'><strong>in</strong></span> <span class='ocrx_word' id='word_1_139' title='bbox 1244 1725 1353 1763; x_wconf 87' lang='lat' dir='ltr'><strong>una</strong></span> <span class='ocrx_word' id='word_1_140' title='bbox 1407 1711 1782 1780; x_wconf 73' lang='lat' dir='ltr'><strong>singularique</strong></span> <span class='ocrx_word' id='word_1_141' title='bbox 1829 1712 2113 1769; x_wconf 86' lang='lat' dir='ltr'><strong>divinitate</strong></span> 
     </span>
    </p>
   </div>
   <div class='ocr_carea' id='block_1_20' title="bbox 532 1801 2111 1874">
    <p class='ocr_par' dir='ltr' id='par_1_20' title="bbox 532 1801 2111 1874">
     <span class='ocr_line' id='line_1_20' title="bbox 532 1801 2111 1874; baseline 0.004 -21"><span class='ocrx_word' id='word_1_142' title='bbox 532 1807 799 1868; x_wconf 74' lang='lat' dir='ltr'><strong>perpetuo</strong></span> <span class='ocrx_word' id='word_1_143' title='bbox 831 1801 1118 1859; x_wconf 83' lang='lat' dir='ltr'><strong>consistit.</strong></span> <span class='ocrx_word' id='word_1_144' title='bbox 1155 1808 1216 1854; x_wconf 93' lang='lat' dir='ltr'><strong>ut</strong></span> <span class='ocrx_word' id='word_1_145' title='bbox 1270 1802 1375 1854; x_wconf 84' lang='lat' dir='ltr'><strong>tria</strong></span> <span class='ocrx_word' id='word_1_146' title='bbox 1425 1801 1664 1871; x_wconf 77' lang='lat' dir='ltr'><strong>perlecta</strong></span> <span class='ocrx_word' id='word_1_147' title='bbox 1714 1803 1861 1865; x_wconf 89' lang='lat' dir='ltr'><strong>sint,</strong></span> <span class='ocrx_word' id='word_1_148' title='bbox 1895 1819 2111 1874; x_wconf 89' lang='lat' dir='ltr'><strong>unaque</strong></span> 
     </span>
    </p>
   </div>
   <div class='ocr_carea' id='block_1_21' title="bbox 534 1890 2112 1960">
    <p class='ocr_par' dir='ltr' id='par_1_21' title="bbox 534 1890 2112 1960">
     <span class='ocr_line' id='line_1_21' title="bbox 534 1890 2112 1960; baseline 0.004 -17"><span class='ocrx_word' id='word_1_149' title='bbox 534 1890 816 1945; x_wconf 81' lang='lat' dir='ltr'><strong>divinitas.</strong></span> <span class='ocrx_word' id='word_1_150' title='bbox 867 1890 1046 1960; x_wconf 80' lang='lat' dir='ltr'><strong>Atque</strong></span> <span class='ocrx_word' id='word_1_151' title='bbox 1099 1893 1200 1946; x_wconf 89' lang='lat' dir='ltr'><strong>hoc</strong></span> <span class='ocrx_word' id='word_1_152' title='bbox 1241 1892 1404 1946; x_wconf 91' lang='lat' dir='ltr'><strong>modo</strong></span> <span class='ocrx_word' id='word_1_153' title='bbox 1442 1893 1819 1948; x_wconf 66' lang='lat' dir='ltr'><strong>hazrcticorttm</strong></span> <span class='ocrx_word' id='word_1_154' title='bbox 1880 1895 2112 1950; x_wconf 87' lang='lat' dir='ltr'><strong>istorum</strong></span> 
     </span>
    </p>
   </div>
   <div class='ocr_carea' id='block_1_22' title="bbox 536 1983 1423 2052">
    <p class='ocr_par' dir='ltr' id='par_1_22' title="bbox 536 1983 1423 2052">
     <span class='ocr_line' id='line_1_22' title="bbox 536 1983 1423 2052; baseline 0.003 -17"><span class='ocrx_word' id='word_1_155' title='bbox 536 1983 726 2052; x_wconf 88' lang='lat' dir='ltr'><strong>opinio</strong></span> <span class='ocrx_word' id='word_1_156' title='bbox 758 1983 1036 2038; x_wconf 67' lang='lat' dir='ltr'><strong>cohaerere</strong></span> <span class='ocrx_word' id='word_1_157' title='bbox 1069 1997 1176 2037; x_wconf 90' lang='lat' dir='ltr'><strong>non</strong></span> <span class='ocrx_word' id='word_1_158' title='bbox 1225 1993 1423 2052; x_wconf 82' lang='lat' dir='ltr'><strong>potest.</strong></span> 
     </span>
    </p>
   </div>
   <div class='ocr_carea' id='block_1_23' title="bbox 607 2072 2113 2147">
    <p class='ocr_par' dir='ltr' id='par_1_23' title="bbox 607 2072 2113 2147">
     <span class='ocr_line' id='line_1_23' title="bbox 607 2072 2113 2147; baseline 0.004 -22"><span class='ocrx_word' id='word_1_159' title='bbox 607 2072 717 2128; x_wconf 87' lang='lat' dir='ltr'><strong>LV.</strong></span> <span class='ocrx_word' id='word_1_160' title='bbox 772 2072 878 2128; x_wconf 87' lang='lat' dir='ltr'><strong>Sed</strong></span> <span class='ocrx_word' id='word_1_161' title='bbox 924 2073 1059 2126; x_wconf 88' lang='lat' dir='ltr'><strong>illud</strong></span> <span class='ocrx_word' id='word_1_162' title='bbox 1104 2073 1412 2145; x_wconf 85' lang='lat' dir='ltr'><strong>objiciunt:</strong></span> <span class='ocrx_word' id='word_1_163' title='bbox 1456 2075 1570 2130; x_wconf 87' lang='lat' dir='ltr'><strong>Cur</strong></span> <span class='ocrx_word' id='word_1_164' title='bbox 1617 2076 1786 2146; x_wconf 88' lang='lat' dir='ltr'><strong>igitur</strong></span> <span class='ocrx_word' id='word_1_165' title='bbox 1825 2075 2113 2147; x_wconf 85' lang='lat' dir='ltr'><strong>discipulis</strong></span> 
     </span>
    </p>
   </div>
   <div class='ocr_carea' id='block_1_24' title="bbox 533 2150 2112 2236">
    <p class='ocr_par' dir='ltr' id='par_1_24' title="bbox 533 2150 2112 2236">
     <span class='ocr_line' id='line_1_24' title="bbox 533 2150 2112 2236; baseline 0.001 -16"><span class='ocrx_word' id='word_1_166' title='bbox 533 2166 652 2220; x_wconf 84' lang='lat' dir='ltr'><strong>suis</strong></span> <span class='ocrx_word' id='word_1_167' title='bbox 693 2150 950 2220; x_wconf 72' lang='lat' dir='ltr'><strong>Christus</strong></span> <span class='ocrx_word' id='word_1_168' title='bbox 1005 2167 1300 2236; x_wconf 87' lang='lat' dir='ltr'><strong>aliquando</strong></span> <span class='ocrx_word' id='word_1_169' title='bbox 1353 2167 1532 2220; x_wconf 79' lang='lat' dir='ltr'><strong>dixit:</strong></span> <span class='ocrx_word' id='word_1_170' title='bbox 1595 2167 1745 2222; x_wconf 83' lang='lat' dir='ltr'><strong>Vada</strong></span> <span class='ocrx_word' id='word_1_171' title='bbox 1787 2167 1856 2222; x_wconf 88' lang='lat' dir='ltr'><strong>ad</strong></span> <span class='ocrx_word' id='word_1_172' title='bbox 1895 2167 2112 2222; x_wconf 86' lang='lat' dir='ltr'><strong>Patrem</strong></span> 
     </span>
    </p>
   </div>
   <div class='ocr_carea' id='block_1_25' title="bbox 524 2242 2114 2322">
    <p class='ocr_par' dir='ltr' id='par_1_25' title="bbox 524 2242 2114 2322">
     <span class='ocr_line' id='line_1_25' title="bbox 524 2242 2114 2322; baseline 0.003 -13"><span class='ocrx_word' id='word_1_173' title='bbox 524 2242 726 2322; x_wconf 77' lang='lat' dir='ltr'><strong>meum,</strong></span> <span class='ocrx_word' id='word_1_174' title='bbox 776 2266 825 2310; x_wconf 89' lang='lat' dir='ltr'><strong>et</strong></span> <span class='ocrx_word' id='word_1_175' title='bbox 880 2257 1096 2312; x_wconf 80' lang='lat' dir='ltr'><strong>Patrem</strong></span> <span class='ocrx_word' id='word_1_176' title='bbox 1143 2268 1400 2322; x_wconf 76' lang='lat' dir='ltr'><strong>oestrum,</strong></span> <span class='ocrx_word' id='word_1_177' title='bbox 1432 2257 1599 2312; x_wconf 86' lang='lat' dir='ltr'><strong>Deum</strong></span> <span class='ocrx_word' id='word_1_178' title='bbox 1649 2276 1821 2314; x_wconf 83' lang='lat' dir='ltr'><strong>meum</strong></span> <span class='ocrx_word' id='word_1_179' title='bbox 1868 2270 1918 2313; x_wconf 90' lang='lat' dir='ltr'><strong>et</strong></span> <span class='ocrx_word' id='word_1_180' title='bbox 1943 2259 2114 2314; x_wconf 80' lang='lat' dir='ltr'><strong>Deum</strong></span> 
     </span>
    </p>
   </div>
   <div class='ocr_carea' id='block_1_26' title="bbox 532 2348 2114 2420">
    <p class='ocr_par' dir='ltr' id='par_1_26' title="bbox 532 2348 2114 2420">
     <span class='ocr_line' id='line_1_26' title="bbox 532 2348 2114 2420; baseline 0.001 -17"><span class='ocrx_word' id='word_1_181' title='bbox 532 2348 1002 2403; x_wconf 71' lang='lat' dir='ltr'><strong>oestrum‘tNam</strong></span> <span class='ocrx_word' id='word_1_182' title='bbox 1049 2351 1096 2405; x_wconf 88' lang='lat' dir='ltr'><strong>si</strong></span> <span class='ocrx_word' id='word_1_183' title='bbox 1148 2349 1318 2404; x_wconf 86' lang='lat' dir='ltr'><strong>Deum</strong></span> <span class='ocrx_word' id='word_1_184' title='bbox 1371 2365 1533 2404; x_wconf 91' lang='lat' dir='ltr'><strong>suum</strong></span> <span class='ocrx_word' id='word_1_185' title='bbox 1582 2349 1803 2414; x_wconf 79' lang='lat' dir='ltr'><strong>fatetur,</strong></span> <span class='ocrx_word' id='word_1_186' title='bbox 1839 2351 2114 2420; x_wconf 86' lang='lat' dir='ltr'><strong>quomodo</strong></span> 
     </span>
    </p>
   </div>
   <div class='ocr_carea' id='block_1_27' title="bbox 532 2441 2113 2513">
    <p class='ocr_par' dir='ltr' id='par_1_27' title="bbox 532 2441 2113 2513">
     <span class='ocr_line' id='line_1_27' title="bbox 532 2441 2113 2513; baseline 0.001 -18"><span class='ocrx_word' id='word_1_187' title='bbox 532 2441 659 2496; x_wconf 91' lang='lat' dir='ltr'><strong>huic</strong></span> <span class='ocrx_word' id='word_1_188' title='bbox 703 2441 929 2511; x_wconf 57' lang='lat' dir='ltr'><strong>aequalis</strong></span> <span class='ocrx_word' id='word_1_189' title='bbox 973 2457 1097 2495; x_wconf 90' lang='lat' dir='ltr'><strong>esse</strong></span> <span class='ocrx_word' id='word_1_190' title='bbox 1142 2443 1363 2510; x_wconf 89' lang='lat' dir='ltr'><strong>poterit,</strong></span> <span class='ocrx_word' id='word_1_191' title='bbox 1406 2442 1491 2496; x_wconf 90' lang='lat' dir='ltr'><strong>vel</strong></span> <span class='ocrx_word' id='word_1_192' title='bbox 1528 2441 1596 2496; x_wconf 87' lang='lat' dir='ltr'><strong>ab</strong></span> <span class='ocrx_word' id='word_1_193' title='bbox 1627 2457 1692 2497; x_wconf 89' lang='lat' dir='ltr'><strong>eo</strong></span> <span class='ocrx_word' id='word_1_194' title='bbox 1721 2443 1968 2513; x_wconf 78' lang='lat' dir='ltr'><strong>germani</strong></span> <span class='ocrx_word' id='word_1_195' title='bbox 2018 2442 2113 2496; x_wconf 91' lang='lat' dir='ltr'><strong>lilii</strong></span> 
     </span>
    </p>
   </div>
   <div class='ocr_carea' id='block_1_28' title="bbox 531 2532 2114 2604">
    <p class='ocr_par' dir='ltr' id='par_1_28' title="bbox 531 2532 2114 2604">
     <span class='ocr_line' id='line_1_28' title="bbox 531 2532 2114 2604; baseline 0.001 -18"><span class='ocrx_word' id='word_1_196' title='bbox 531 2548 686 2586; x_wconf 85' lang='lat' dir='ltr'><strong>more</strong></span> <span class='ocrx_word' id='word_1_197' title='bbox 713 2532 971 2602; x_wconf 81' lang='lat' dir='ltr'><strong>genitus?</strong></span> <span class='ocrx_word' id='word_1_198' title='bbox 1000 2533 1178 2602; x_wconf 78' lang='lat' dir='ltr'><strong>Atque</strong></span> <span class='ocrx_word' id='word_1_199' title='bbox 1205 2533 1304 2588; x_wconf 89' lang='lat' dir='ltr'><strong>hac</strong></span> <span class='ocrx_word' id='word_1_200' title='bbox 1346 2533 1568 2604; x_wconf 89' lang='lat' dir='ltr'><strong>quidem</strong></span> <span class='ocrx_word' id='word_1_201' title='bbox 1614 2533 1862 2588; x_wconf 88' lang='lat' dir='ltr'><strong>oratione</strong></span> <span class='ocrx_word' id='word_1_202' title='bbox 1901 2547 2114 2589; x_wconf 82' lang='lat' dir='ltr'><strong>summa</strong></span> 
     </span>
    </p>
   </div>
   <div class='ocr_carea' id='block_1_29' title="bbox 524 2617 2113 2693">
    <p class='ocr_par' dir='ltr' id='par_1_29' title="bbox 524 2617 2113 2693">
     <span class='ocr_line' id='line_1_29' title="bbox 524 2617 2113 2693; baseline 0.001 -17"><span class='ocrx_word' id='word_1_203' title='bbox 524 2617 595 2676; x_wconf 36' lang='lat' dir='ltr'><strong>&#39;sc</strong></span> <span class='ocrx_word' id='word_1_204' title='bbox 616 2623 668 2674; x_wconf 91' lang='lat' dir='ltr'><strong>in</strong></span> <span class='ocrx_word' id='word_1_205' title='bbox 697 2623 954 2678; x_wconf 88' lang='lat' dir='ltr'><strong>omnibus</strong></span> <span class='ocrx_word' id='word_1_206' title='bbox 979 2621 1070 2678; x_wconf 88' lang='lat' dir='ltr'><strong>Dei</strong></span> <span class='ocrx_word' id='word_1_207' title='bbox 1101 2624 1409 2693; x_wconf 85' lang='lat' dir='ltr'><strong>ignorantia</strong></span> <span class='ocrx_word' id='word_1_208' title='bbox 1440 2625 1691 2679; x_wconf 83' lang='lat' dir='ltr'><strong>laborare</strong></span> <span class='ocrx_word' id='word_1_209' title='bbox 1713 2624 2113 2689; x_wconf 87' lang='lat' dir='ltr'><strong>demonstrant,</strong></span> 
     </span>
    </p>
   </div>
   <div class='ocr_carea' id='block_1_30' title="bbox 533 2715 2114 2787">
    <p class='ocr_par' dir='ltr' id='par_1_30' title="bbox 533 2715 2114 2787">
     <span class='ocr_line' id='line_1_30' title="bbox 533 2715 2114 2787; baseline 0.001 -18"><span class='ocrx_word' id='word_1_210' title='bbox 533 2729 637 2769; x_wconf 88' lang='lat' dir='ltr'><strong>nec</strong></span> <span class='ocrx_word' id='word_1_211' title='bbox 679 2731 744 2769; x_wconf 86' lang='lat' dir='ltr'><strong>ex</strong></span> <span class='ocrx_word' id='word_1_212' title='bbox 776 2716 885 2770; x_wconf 89' lang='lat' dir='ltr'><strong>ulla</strong></span> <span class='ocrx_word' id='word_1_213' title='bbox 920 2723 1074 2786; x_wconf 83' lang='lat' dir='ltr'><strong>parte</strong></span> <span class='ocrx_word' id='word_1_214' title='bbox 1122 2715 1397 2787; x_wconf 81' lang='lat' dir='ltr'><strong>Evangelii</strong></span> <span class='ocrx_word' id='word_1_215' title='bbox 1441 2717 1732 2786; x_wconf 86' lang='lat' dir='ltr'><strong>splendore</strong></span> <span class='ocrx_word' id='word_1_216' title='bbox 1779 2717 2114 2773; x_wconf 89' lang='lat' dir='ltr'><strong>collustrari.</strong></span> 
     </span>
    </p>
   </div>
   <div class='ocr_carea' id='block_1_31' title="bbox 533 2807 2120 2879">
    <p class='ocr_par' dir='ltr' id='par_1_31' title="bbox 533 2807 2120 2879">
     <span class='ocr_line' id='line_1_31' title="bbox 533 2807 2120 2879; baseline -0.001 -17"><span class='ocrx_word' id='word_1_217' title='bbox 533 2809 746 2862; x_wconf 87' lang='lat' dir='ltr'><strong>Etenim</strong></span> <span class='ocrx_word' id='word_1_218' title='bbox 790 2808 1037 2879; x_wconf 83' lang='lat' dir='ltr'><strong>quisquis</strong></span> <span class='ocrx_word' id='word_1_219' title='bbox 1073 2807 1432 2878; x_wconf 85' lang='lat' dir='ltr'><strong>perscrutari,</strong></span> <span class='ocrx_word' id='word_1_220' title='bbox 1477 2817 1532 2862; x_wconf 89' lang='lat' dir='ltr'><strong>et</strong></span> <span class='ocrx_word' id='word_1_221' title='bbox 1580 2823 1610 2861; x_wconf 87' lang='lat' dir='ltr'><strong>a</strong></span> <span class='ocrx_word' id='word_1_222' title='bbox 1657 2808 1878 2872; x_wconf 66' lang='lat' dir='ltr'><strong>smculo,</strong></span> <span class='ocrx_word' id='word_1_223' title='bbox 1919 2822 1983 2862; x_wconf 86' lang='lat' dir='ltr'><strong>ac</strong></span> <span class='ocrx_word' id='word_1_224' title='bbox 2022 2822 2120 2878; x_wconf 87' lang='lat' dir='ltr'><strong>per</strong></span> 
     </span>
    </p>
   </div>
   <div class='ocr_carea' id='block_1_32' title="bbox 533 2898 2116 2969">
    <p class='ocr_par' dir='ltr' id='par_1_32' title="bbox 533 2898 2116 2969">
     <span class='ocr_line' id='line_1_32' title="bbox 533 2898 2116 2969; baseline 0 -17"><span class='ocrx_word' id='word_1_225' title='bbox 533 2900 920 2968; x_wconf 75' lang='lat' dir='ltr'><strong>generationes</strong></span> <span class='ocrx_word' id='word_1_226' title='bbox 949 2898 1213 2969; x_wconf 86' lang='lat' dir='ltr'><strong>indagare</strong></span> <span class='ocrx_word' id='word_1_227' title='bbox 1242 2899 1496 2961; x_wconf 79' lang='lat' dir='ltr'><strong>voluerit,</strong></span> <span class='ocrx_word' id='word_1_228' title='bbox 1532 2913 1654 2969; x_wconf 65' lang='lat' dir='ltr'><strong>quae</strong></span> <span class='ocrx_word' id='word_1_229' title='bbox 1676 2900 1748 2954; x_wconf 90' lang='lat' dir='ltr'><strong>sit</strong></span> <span class='ocrx_word' id='word_1_230' title='bbox 1781 2899 2029 2953; x_wconf 79' lang='lat' dir='ltr'><strong>veritatis</strong></span> <span class='ocrx_word' id='word_1_231' title='bbox 2061 2899 2116 2952; x_wconf 88' lang='lat' dir='ltr'><strong>in</strong></span> 
     </span>
    </p>
   </div>
   <div class='ocr_carea' id='block_1_33' title="bbox 537 2989 2116 3060">
    <p class='ocr_par' dir='ltr' id='par_1_33' title="bbox 537 2989 2116 3060">
     <span class='ocr_line' id='line_1_33' title="bbox 537 2989 2116 3060; baseline -0.001 -17"><span class='ocrx_word' id='word_1_232' title='bbox 537 2990 838 3045; x_wconf 79' lang='lat' dir='ltr'><strong>Salvatoris</strong></span> <span class='ocrx_word' id='word_1_233' title='bbox 890 2991 1064 3045; x_wconf 85' lang='lat' dir='ltr'><strong>nostri</strong></span> <span class='ocrx_word' id='word_1_234' title='bbox 1117 2989 1358 3060; x_wconf 81' lang='lat' dir='ltr'><strong>perfecta</strong></span> <span class='ocrx_word' id='word_1_235' title='bbox 1407 2991 1660 3056; x_wconf 86' lang='lat' dir='ltr'><strong>scientia,</strong></span> <span class='ocrx_word' id='word_1_236' title='bbox 1712 2990 1944 3060; x_wconf 87' lang='lat' dir='ltr'><strong>ejusque</strong></span> <span class='ocrx_word' id='word_1_237' title='bbox 1989 3005 2116 3043; x_wconf 90' lang='lat' dir='ltr'><strong>cum</strong></span> 
     </span>
    </p>
   </div>
   <div class='ocr_carea' id='block_1_34' title="bbox 534 3079 2116 3152">
    <p class='ocr_par' dir='ltr' id='par_1_34' title="bbox 534 3079 2116 3152">
     <span class='ocr_line' id='line_1_34' title="bbox 534 3079 2116 3152; baseline 0.001 -17"><span class='ocrx_word' id='word_1_238' title='bbox 534 3079 698 3135; x_wconf 86' lang='lat' dir='ltr'><strong>Patre</strong></span> <span class='ocrx_word' id='word_1_239' title='bbox 740 3081 1068 3152; x_wconf 74' lang='lat' dir='ltr'><strong>requalitatis</strong></span> <span class='ocrx_word' id='word_1_240' title='bbox 1111 3082 1195 3136; x_wconf 88' lang='lat' dir='ltr'><strong>vis</strong></span> <span class='ocrx_word' id='word_1_241' title='bbox 1230 3081 1521 3150; x_wconf 82' lang='lat' dir='ltr'><strong>intelliget.</strong></span> <span class='ocrx_word' id='word_1_242' title='bbox 1559 3081 1652 3135; x_wconf 85' lang='lat' dir='ltr'><strong>Isti</strong></span> <span class='ocrx_word' id='word_1_243' title='bbox 1701 3097 1833 3136; x_wconf 87' lang='lat' dir='ltr'><strong>vero</strong></span> <span class='ocrx_word' id='word_1_244' title='bbox 1873 3080 2116 3136; x_wconf 73' lang='lat' dir='ltr'><strong>Judairis</strong></span> 
     </span>
    </p>
   </div>
   <div class='ocr_carea' id='block_1_35' title="bbox 534 3169 2116 3242">
    <p class='ocr_par' dir='ltr' id='par_1_35' title="bbox 534 3169 2116 3242">
     <span class='ocr_line' id='line_1_35' title="bbox 534 3169 2116 3242; baseline -0.002 -18"><span class='ocrx_word' id='word_1_245' title='bbox 534 3172 886 3242; x_wconf 80' lang='lat' dir='ltr'><strong>opinionibus</strong></span> <span class='ocrx_word' id='word_1_246' title='bbox 931 3171 1174 3241; x_wconf 89' lang='lat' dir='ltr'><strong>impediti</strong></span> <span class='ocrx_word' id='word_1_247' title='bbox 1203 3171 1470 3226; x_wconf 87' lang='lat' dir='ltr'><strong>adversus</strong></span> <span class='ocrx_word' id='word_1_248' title='bbox 1502 3171 1592 3225; x_wconf 88' lang='lat' dir='ltr'><strong>Dei</strong></span> <span class='ocrx_word' id='word_1_249' title='bbox 1622 3169 1820 3224; x_wconf 85' lang='lat' dir='ltr'><strong>Filium</strong></span> <span class='ocrx_word' id='word_1_250' title='bbox 1847 3171 2116 3226; x_wconf 81' lang='lat' dir='ltr'><strong>exstimu-</strong></span> 
     </span>
    </p>
   </div>
   <div class='ocr_carea' id='block_1_36' title="bbox 533 3260 2119 3333">
    <p class='ocr_par' dir='ltr' id='par_1_36' title="bbox 533 3260 2119 3333">
     <span class='ocr_line' id='line_1_36' title="bbox 533 3260 2119 3333; baseline -0.003 -14"><span class='ocrx_word' id='word_1_251' title='bbox 533 3265 735 3319; x_wconf 88' lang='lat' dir='ltr'><strong>lantur.</strong></span> <span class='ocrx_word' id='word_1_252' title='bbox 775 3263 1011 3320; x_wconf 84' lang='lat' dir='ltr'><strong>Perinde</strong></span> <span class='ocrx_word' id='word_1_253' title='bbox 1043 3271 1206 3333; x_wconf 86' lang='lat' dir='ltr'><strong>atque</strong></span> <span class='ocrx_word' id='word_1_254' title='bbox 1258 3264 1333 3317; x_wconf 92' lang='lat' dir='ltr'><strong>illi</strong></span> <span class='ocrx_word' id='word_1_255' title='bbox 1386 3263 1610 3318; x_wconf 84' lang='lat' dir='ltr'><strong>Christo</strong></span> <span class='ocrx_word' id='word_1_256' title='bbox 1640 3264 1895 3316; x_wconf 88' lang='lat' dir='ltr'><strong>dicebant</strong></span> <span class='ocrx_word' id='word_1_257' title='bbox 1929 3282 1940 3314; x_wconf 90' lang='lat'><strong>:</strong></span> <span class='ocrx_word' id='word_1_258' title='bbox 1977 3260 2119 3314; x_wconf 79' lang='lat' dir='ltr'><strong>Nul-</strong></span> 
     </span>
    </p>
   </div>
   <div class='ocr_carea' id='block_1_37' title="bbox 535 3352 2120 3424">
    <p class='ocr_par' dir='ltr' id='par_1_37' title="bbox 535 3352 2120 3424">
     <span class='ocr_line' id='line_1_37' title="bbox 535 3352 2120 3424; baseline -0.001 -17"><span class='ocrx_word' id='word_1_259' title='bbox 535 3356 644 3408; x_wconf 84' lang='lat' dir='ltr'><strong>lum</strong></span> <span class='ocrx_word' id='word_1_260' title='bbox 672 3357 734 3407; x_wconf 75' lang='lat' dir='ltr'><strong>ob</strong></span> <span class='ocrx_word' id='word_1_261' title='bbox 782 3355 930 3408; x_wconf 81' lang='lat' dir='ltr'><strong>aliud</strong></span> <span class='ocrx_word' id='word_1_262' title='bbox 985 3355 1152 3409; x_wconf 77' lang='lat' dir='ltr'><strong>scelus</strong></span> <span class='ocrx_word' id='word_1_263' title='bbox 1190 3364 1238 3408; x_wconf 87' lang='lat' dir='ltr'><strong>le</strong></span> <span class='ocrx_word' id='word_1_264' title='bbox 1279 3354 1606 3422; x_wconf 81' lang='lat' dir='ltr'><strong>lapidamus,</strong></span> <span class='ocrx_word' id='word_1_265' title='bbox 1659 3355 1828 3424; x_wconf 71' lang='lat'><strong>778</strong></span> <span class='ocrx_word' id='word_1_266' title='bbox 1861 3353 1951 3408; x_wconf 87' lang='lat' dir='ltr'><strong>sed</strong></span> <span class='ocrx_word' id='word_1_267' title='bbox 1979 3352 2120 3424; x_wconf 79' lang='lat' dir='ltr'><strong>quod</strong></span> 
     </span>
    </p>
   </div>
   <div class='ocr_carea' id='block_1_38' title="bbox 533 3433 2120 3517">
    <p class='ocr_par' dir='ltr' id='par_1_38' title="bbox 533 3433 2120 3517">
     <span class='ocr_line' id='line_1_38' title="bbox 533 3433 2120 3517; baseline -0.003 -14"><span class='ocrx_word' id='word_1_268' title='bbox 533 3433 688 3505; x_wconf 75' lang='lat' dir='ltr'><strong>homo</strong></span> <span class='ocrx_word' id='word_1_269' title='bbox 717 3466 835 3504; x_wconf 86' lang='lat' dir='ltr'><strong>cum</strong></span> <span class='ocrx_word' id='word_1_270' title='bbox 866 3451 964 3514; x_wconf 87' lang='lat' dir='ltr'><strong>sis,</strong></span> <span class='ocrx_word' id='word_1_271' title='bbox 994 3448 1041 3502; x_wconf 84' lang='lat' dir='ltr'><em>F</em></span> <span class='ocrx_word' id='word_1_272' title='bbox 1044 3450 1195 3503; x_wconf 86' lang='lat' dir='ltr'><strong>ilium</strong></span> <span class='ocrx_word' id='word_1_273' title='bbox 1229 3449 1323 3503; x_wconf 82' lang='lat' dir='ltr'><strong>Dei</strong></span> <span class='ocrx_word' id='word_1_274' title='bbox 1353 3449 1572 3517; x_wconf 85' lang='lat' dir='ltr'><strong>teipsum</strong></span> <span class='ocrx_word' id='word_1_275' title='bbox 1602 3449 1843 3502; x_wconf 83' lang='lat' dir='ltr'><strong>nominas</strong></span> <span class='ocrx_word' id='word_1_276' title='bbox 1871 3457 1921 3501; x_wconf 84' lang='lat' dir='ltr'><strong>et</strong></span> <span class='ocrx_word' id='word_1_277' title='bbox 1947 3462 2120 3517; x_wconf 69' lang='lat' dir='ltr'><strong>mqua-</strong></span> 
     </span>
    </p>
   </div>
   <div class='ocr_carea' id='block_1_39' title="bbox 535 3537 2122 3610">
    <p class='ocr_par' dir='ltr' id='par_1_39' title="bbox 535 3537 2122 3610">
     <span class='ocr_line' id='line_1_39' title="bbox 535 3537 2122 3610; baseline -0.001 -17"><span class='ocrx_word' id='word_1_278' title='bbox 535 3541 636 3594; x_wconf 86' lang='lat' dir='ltr'><strong>lem</strong></span> <span class='ocrx_word' id='word_1_279' title='bbox 678 3540 784 3595; x_wconf 88' lang='lat' dir='ltr'><strong>Deo</strong></span> <span class='ocrx_word' id='word_1_280' title='bbox 821 3550 870 3595; x_wconf 87' lang='lat' dir='ltr'><strong>te</strong></span> <span class='ocrx_word' id='word_1_281' title='bbox 901 3541 1036 3610; x_wconf 78' lang='lat' dir='ltr'><strong>facis</strong></span> <span class='ocrx_word' id='word_1_282' title='bbox 1065 3542 1107 3594; x_wconf 84' lang='grc'><strong>⁵.</strong></span> <span class='ocrx_word' id='word_1_283' title='bbox 1139 3539 1252 3594; x_wconf 80' lang='lat' dir='ltr'><strong>liae</strong></span> <span class='ocrx_word' id='word_1_284' title='bbox 1281 3541 1358 3594; x_wconf 85' lang='lat' dir='ltr'><strong>illi</strong></span> <span class='ocrx_word' id='word_1_285' title='bbox 1385 3539 1787 3594; x_wconf 63' lang='lat' dir='ltr'><strong>Pharisaeorum</strong></span> <span class='ocrx_word' id='word_1_286' title='bbox 1820 3553 1884 3591; x_wconf 85' lang='lat' dir='ltr'><strong>ac</strong></span> <span class='ocrx_word' id='word_1_287' title='bbox 1905 3537 2122 3592; x_wconf 67' lang='lat' dir='ltr'><strong>Judaeo-</strong></span> 
     </span>
    </p>
   </div>
   <div class='ocr_carea' id='block_1_40' title="bbox 533 3631 2122 3702">
    <p class='ocr_par' dir='ltr' id='par_1_40' title="bbox 533 3631 2122 3702">
     <span class='ocr_line' id='line_1_40' title="bbox 533 3631 2122 3702; baseline -0.002 -15"><span class='ocrx_word' id='word_1_288' title='bbox 533 3648 655 3687; x_wconf 85' lang='lat' dir='ltr'><strong>rum</strong></span> <span class='ocrx_word' id='word_1_289' title='bbox 686 3634 742 3686; x_wconf 91' lang='lat' dir='ltr'><strong>in</strong></span> <span class='ocrx_word' id='word_1_290' title='bbox 769 3631 1048 3689; x_wconf 88' lang='lat' dir='ltr'><strong>Christum</strong></span> <span class='ocrx_word' id='word_1_291' title='bbox 1080 3633 1362 3687; x_wconf 88' lang='lat' dir='ltr'><strong>iracundia</strong></span> <span class='ocrx_word' id='word_1_292' title='bbox 1394 3632 1589 3702; x_wconf 87' lang='lat' dir='ltr'><strong>perciti</strong></span> <span class='ocrx_word' id='word_1_293' title='bbox 1627 3632 1913 3698; x_wconf 86' lang='lat' dir='ltr'><strong>feruntur;</strong></span> <span class='ocrx_word' id='word_1_294' title='bbox 1943 3645 2122 3700; x_wconf 88' lang='lat' dir='ltr'><strong>neque</strong></span> 
     </span>
    </p>
   </div>
   <div class='ocr_carea' id='block_1_41' title="bbox 535 3721 2121 3794">
    <p class='ocr_par' dir='ltr' id='par_1_41' title="bbox 535 3721 2121 3794">
     <span class='ocr_line' id='line_1_41' title="bbox 535 3721 2121 3794; baseline 0 -18"><span class='ocrx_word' id='word_1_295' title='bbox 535 3723 736 3777; x_wconf 81' lang='lat' dir='ltr'><strong>Filium</strong></span> <span class='ocrx_word' id='word_1_296' title='bbox 773 3724 1036 3792; x_wconf 85' lang='lat' dir='ltr'><strong>aequalem</strong></span> <span class='ocrx_word' id='word_1_297' title='bbox 1081 3723 1312 3794; x_wconf 85' lang='lat' dir='ltr'><strong>genitori</strong></span> <span class='ocrx_word' id='word_1_298' title='bbox 1351 3723 1598 3778; x_wconf 85' lang='lat' dir='ltr'><strong>conﬁteri</strong></span> <span class='ocrx_word' id='word_1_299' title='bbox 1648 3724 1857 3777; x_wconf 88' lang='lat' dir='ltr'><strong>volunt.</strong></span> <span class='ocrx_word' id='word_1_300' title='bbox 1903 3721 2022 3788; x_wconf 87' lang='lat' dir='ltr'><strong>Qua</strong></span> <span class='ocrx_word' id='word_1_301' title='bbox 2065 3723 2121 3776; x_wconf 93' lang='lat' dir='ltr'><strong>in</strong></span> 
     </span>
    </p>
   </div>
   <div class='ocr_carea' id='block_1_42' title="bbox 535 3811 2120 3882">
    <p class='ocr_par' dir='ltr' id='par_1_42' title="bbox 535 3811 2120 3882">
     <span class='ocr_line' id='line_1_42' title="bbox 535 3811 2120 3882; baseline -0.002 -14"><span class='ocrx_word' id='word_1_302' title='bbox 535 3829 598 3868; x_wconf 88' lang='lat' dir='ltr'><strong>re</strong></span> <span class='ocrx_word' id='word_1_303' title='bbox 655 3829 934 3868; x_wconf 83' lang='lat' dir='ltr'><strong>sacrarum</strong></span> <span class='ocrx_word' id='word_1_304' title='bbox 986 3811 1316 3868; x_wconf 88' lang='lat' dir='ltr'><strong>Litterarum</strong></span> <span class='ocrx_word' id='word_1_305' title='bbox 1348 3821 1661 3868; x_wconf 85' lang='lat' dir='ltr'><strong>accuratam</strong></span> <span class='ocrx_word' id='word_1_306' title='bbox 1692 3813 2028 3882; x_wconf 88' lang='lat' dir='ltr'><strong>diligentiam</strong></span> <span class='ocrx_word' id='word_1_307' title='bbox 2064 3813 2120 3866; x_wconf 90' lang='lat' dir='ltr'><strong>in</strong></span> 
     </span>
    </p>
   </div>
   <div class='ocr_carea' id='block_1_43' title="bbox 539 3904 2122 3978">
    <p class='ocr_par' dir='ltr' id='par_1_43' title="bbox 539 3904 2122 3978">
     <span class='ocr_line' id='line_1_43' title="bbox 539 3904 2122 3978; baseline -0.001 -18"><span class='ocrx_word' id='word_1_308' title='bbox 539 3906 736 3978; x_wconf 86' lang='lat' dir='ltr'><strong>primis</strong></span> <span class='ocrx_word' id='word_1_309' title='bbox 779 3905 1071 3962; x_wconf 88' lang='lat' dir='ltr'><strong>considera</strong></span> <span class='ocrx_word' id='word_1_310' title='bbox 1115 3925 1128 3961; x_wconf 92' lang='lat'><strong>:</strong></span> <span class='ocrx_word' id='word_1_311' title='bbox 1176 3920 1300 3976; x_wconf 67' lang='lat' dir='ltr'><strong>quzc</strong></span> <span class='ocrx_word' id='word_1_312' title='bbox 1343 3915 1470 3960; x_wconf 87' lang='lat' dir='ltr'><strong>ante</strong></span> <span class='ocrx_word' id='word_1_313' title='bbox 1511 3907 1944 3960; x_wconf 87' lang='lat' dir='ltr'><strong>incarnationem</strong></span> <span class='ocrx_word' id='word_1_314' title='bbox 1986 3904 2122 3958; x_wconf 88' lang='lat' dir='ltr'><strong>nihil</strong></span> 
     </span>
    </p>
   </div>
   <div class='ocr_carea' id='block_1_44' title="bbox 537 3993 2124 4067">
    <p class='ocr_par' dir='ltr' id='par_1_44' title="bbox 537 3993 2124 4067">
     <span class='ocr_line' id='line_1_44' title="bbox 537 3993 2124 4067; baseline -0.004 -14"><span class='ocrx_word' id='word_1_315' title='bbox 537 3997 808 4067; x_wconf 82' lang='lat' dir='ltr'><strong>ejusmodi</strong></span> <span class='ocrx_word' id='word_1_316' title='bbox 839 3997 907 4052; x_wconf 92' lang='lat' dir='ltr'><strong>de</strong></span> <span class='ocrx_word' id='word_1_317' title='bbox 933 3996 1152 4052; x_wconf 87' lang='lat' dir='ltr'><strong>Christo</strong></span> <span class='ocrx_word' id='word_1_318' title='bbox 1183 3999 1626 4066; x_wconf 89' lang='lat' dir='ltr'><strong>pronuntiarunt,</strong></span> <span class='ocrx_word' id='word_1_319' title='bbox 1664 3996 1758 4050; x_wconf 90' lang='lat' dir='ltr'><strong>sed</strong></span> <span class='ocrx_word' id='word_1_320' title='bbox 1790 3993 1950 4049; x_wconf 88' lang='lat' dir='ltr'><strong>Pater</strong></span> <span class='ocrx_word' id='word_1_321' title='bbox 1985 3995 2124 4049; x_wconf 83' lang='lat' dir='ltr'><strong>Filio</strong></span> 
     </span>
    </p>
   </div>
   <div class='ocr_carea' id='block_1_45' title="bbox 537 4087 2124 4159">
    <p class='ocr_par' dir='ltr' id='par_1_45' title="bbox 537 4087 2124 4159">
     <span class='ocr_line' id='line_1_45' title="bbox 537 4087 2124 4159; baseline -0.001 -16"><span class='ocrx_word' id='word_1_322' title='bbox 537 4089 746 4144; x_wconf 75' lang='lat' dir='ltr'><strong>dixisse</strong></span> <span class='ocrx_word' id='word_1_323' title='bbox 777 4089 973 4159; x_wconf 83' lang='lat' dir='ltr'><strong>legitur</strong></span> <span class='ocrx_word' id='word_1_324' title='bbox 1001 4107 1013 4142; x_wconf 95' lang='lat'><strong>:</strong></span> <span class='ocrx_word' id='word_1_325' title='bbox 1047 4087 1332 4142; x_wconf 84' lang='lat' dir='ltr'><strong>Faciamus</strong></span> <span class='ocrx_word' id='word_1_326' title='bbox 1367 4089 1629 4142; x_wconf 79' lang='lat' dir='ltr'><strong>hominem</strong></span> <span class='ocrx_word' id='word_1_327' title='bbox 1653 4088 1695 4153; x_wconf 76' lang='grc'><strong>⁸,</strong></span> <span class='ocrx_word' id='word_1_328' title='bbox 1729 4096 1788 4141; x_wconf 92' lang='lat' dir='ltr'><strong>ut</strong></span> <span class='ocrx_word' id='word_1_329' title='bbox 1815 4087 2124 4142; x_wconf 86' lang='lat' dir='ltr'><strong>communis</strong></span> 
     </span>
    </p>
   </div>
   <div class='ocr_carea' id='block_1_46' title="bbox 538 4179 2123 4251">
    <p class='ocr_par' dir='ltr' id='par_1_46' title="bbox 538 4179 2123 4251">
     <span class='ocr_line' id='line_1_46' title="bbox 538 4179 2123 4251; baseline -0.002 -16"><span class='ocrx_word' id='word_1_330' title='bbox 538 4181 740 4251; x_wconf 80' lang='lat' dir='ltr'><strong>opiﬁcii</strong></span> <span class='ocrx_word' id='word_1_331' title='bbox 778 4189 1056 4235; x_wconf 90' lang='lat' dir='ltr'><strong>auctorem</strong></span> <span class='ocrx_word' id='word_1_332' title='bbox 1086 4181 1291 4250; x_wconf 86' lang='lat' dir='ltr'><strong>pariter</strong></span> <span class='ocrx_word' id='word_1_333' title='bbox 1333 4179 1533 4233; x_wconf 89' lang='lat' dir='ltr'><strong>Filium</strong></span> <span class='ocrx_word' id='word_1_334' title='bbox 1580 4180 1814 4250; x_wconf 85' lang='lat' dir='ltr'><strong>appellet</strong></span> <span class='ocrx_word' id='word_1_335' title='bbox 1851 4187 1904 4233; x_wconf 89' lang='lat' dir='ltr'><strong>et</strong></span> <span class='ocrx_word' id='word_1_336' title='bbox 1936 4194 2123 4249; x_wconf 70' lang='lat' dir='ltr'><strong>acqua—</strong></span> 
     </span>
    </p>
   </div>
   <div class='ocr_carea' id='block_1_47' title="bbox 539 4269 2126 4346">
    <p class='ocr_par' dir='ltr' id='par_1_47' title="bbox 539 4269 2126 4346">
     <span class='ocr_line' id='line_1_47' title="bbox 539 4269 2126 4346; baseline -0.003 -16"><span class='ocrx_word' id='word_1_337' title='bbox 539 4277 692 4330; x_wconf 88' lang='lat' dir='ltr'><strong>litate</strong></span> <span class='ocrx_word' id='word_1_338' title='bbox 722 4289 1040 4346; x_wconf 86' lang='lat' dir='ltr'><strong>germanum</strong></span> <span class='ocrx_word' id='word_1_339' title='bbox 1079 4271 1372 4343; x_wconf 77' lang='lat' dir='ltr'><strong>signiﬁcet.</strong></span> <span class='ocrx_word' id='word_1_340' title='bbox 1415 4270 1599 4340; x_wconf 80' lang='lat' dir='ltr'><strong>Neque</strong></span> <span class='ocrx_word' id='word_1_341' title='bbox 1637 4286 1770 4325; x_wconf 82' lang='lat' dir='ltr'><strong>vero</strong></span> <span class='ocrx_word' id='word_1_342' title='bbox 1803 4278 1918 4324; x_wconf 90' lang='lat' dir='ltr'><strong>tum</strong></span> <span class='ocrx_word' id='word_1_343' title='bbox 1953 4269 2126 4325; x_wconf 83' lang='lat' dir='ltr'><strong>Filius</strong></span> 
     </span>
    </p>
   </div>
   <div class='ocr_carea' id='block_1_48' title="bbox 537 4363 2134 4433">
    <p class='ocr_par' dir='ltr' id='par_1_48' title="bbox 537 4363 2134 4433">
     <span class='ocr_line' id='line_1_48' title="bbox 537 4363 2134 4433; baseline -0.004 -9"><span class='ocrx_word' id='word_1_344' title='bbox 537 4369 706 4424; x_wconf 80' lang='lat' dir='ltr'><strong>Deum</strong></span> <span class='ocrx_word' id='word_1_345' title='bbox 735 4385 927 4430; x_wconf 87' lang='lat' dir='ltr'><strong>meum,</strong></span> <span class='ocrx_word' id='word_1_346' title='bbox 955 4374 1006 4421; x_wconf 87' lang='lat' dir='ltr'><strong>et</strong></span> <span class='ocrx_word' id='word_1_347' title='bbox 1039 4365 1207 4420; x_wconf 82' lang='lat' dir='ltr'><strong>Deum</strong></span> <span class='ocrx_word' id='word_1_348' title='bbox 1236 4374 1461 4420; x_wconf 82' lang='lat' dir='ltr'><strong>vestrum</strong></span> <span class='ocrx_word' id='word_1_349' title='bbox 1487 4363 1698 4433; x_wconf 87' lang='lat' dir='ltr'><strong>uspiam</strong></span> <span class='ocrx_word' id='word_1_350' title='bbox 1731 4365 2134 4424; x_wconf 83' lang='lat' dir='ltr'><strong>vocavit.ltcm,</strong></span> 
     </span>
    </p>
   </div>
   <div class='ocr_carea' id='block_1_49' title="bbox 2225 529 3788 601">
    <p class='ocr_par' dir='ltr' id='par_1_49' title="bbox 2225 529 3788 601">
     <span class='ocr_line' id='line_1_49' title="bbox 2225 529 3788 601; baseline 0.002 -19"><span class='ocrx_word' id='word_1_351' title='bbox 2225 530 2361 583; x_wconf 79' lang='grc' dir='ltr'><strong>Ἐάν</strong></span> <span class='ocrx_word' id='word_1_352' title='bbox 2385 547 2468 594; x_wconf 80' lang='grc' dir='ltr'><strong>τις</strong></span> <span class='ocrx_word' id='word_1_353' title='bbox 2499 530 2714 598; x_wconf 77' lang='grc' dir='ltr'><strong>ἀνοίξῃ</strong></span> <span class='ocrx_word' id='word_1_354' title='bbox 2747 547 2868 599; x_wconf 86' lang='grc' dir='ltr'><strong>μω,</strong></span> <span class='ocrx_word' id='word_1_355' title='bbox 2907 532 3217 593; x_wconf 74' lang='grc' dir='ltr'>εἰσελθὼν,</span> <span class='ocrx_word' id='word_1_356' title='bbox 3255 531 3377 599; x_wconf 78' lang='grc' dir='ltr'>ἐγὼ</span> <span class='ocrx_word' id='word_1_357' title='bbox 3403 529 3508 582; x_wconf 76' lang='grc' dir='ltr'><strong>καὶ</strong></span> <span class='ocrx_word' id='word_1_358' title='bbox 3539 533 3573 584; x_wconf 83' lang='lat' dir='ltr'><strong>d</strong></span> <span class='ocrx_word' id='word_1_359' title='bbox 3605 533 3788 601; x_wconf 77' lang='grc' dir='ltr'>Πατήρ</span> 
     </span>
    </p>
   </div>
   <div class='ocr_carea' id='block_1_50' title="bbox 2207 618 3790 689">
    <p class='ocr_par' dir='ltr' id='par_1_50' title="bbox 2207 618 3790 689">
     <span class='ocr_line' id='line_1_50' title="bbox 2207 618 3790 689; baseline 0 -16"><span class='ocrx_word' id='word_1_360' title='bbox 2207 637 2327 689; x_wconf 79' lang='grc' dir='ltr'>μου</span> <span class='ocrx_word' id='word_1_361' title='bbox 2351 619 2552 688; x_wconf 78' lang='grc' dir='ltr'>μονὴν</span> <span class='ocrx_word' id='word_1_362' title='bbox 2585 621 2720 686; x_wconf 79' lang='grc' dir='ltr'>παρ’</span> <span class='ocrx_word' id='word_1_363' title='bbox 2771 619 2932 684; x_wconf 82' lang='grc' dir='ltr'>αὐτῷ</span> <span class='ocrx_word' id='word_1_364' title='bbox 2962 619 3314 688; x_wconf 77' lang='grc' dir='ltr'>ποιήσομεν.</span> <span class='ocrx_word' id='word_1_365' title='bbox 3350 618 3468 672; x_wconf 73' lang='grc' dir='ltr'><strong>Καὶ</strong></span> <span class='ocrx_word' id='word_1_366' title='bbox 3506 619 3687 672; x_wconf 79' lang='grc' dir='ltr'>οὐκέτ-ι</span> <span class='ocrx_word' id='word_1_367' title='bbox 3724 619 3790 674; x_wconf 74' lang='grc' dir='ltr'><strong>εἶ-</strong></span> 
     </span>
    </p>
   </div>
   <div class='ocr_carea' id='block_1_51' title="bbox 2212 711 3788 784">
    <p class='ocr_par' dir='ltr' id='par_1_51' title="bbox 2212 711 3788 784">
     <span class='ocr_line' id='line_1_51' title="bbox 2212 711 3788 784; baseline 0.002 -19"><span class='ocrx_word' id='word_1_368' title='bbox 2212 729 2334 778; x_wconf 85' lang='grc' dir='ltr'>πεν,</span> <span class='ocrx_word' id='word_1_369' title='bbox 2372 714 2844 784; x_wconf 72' lang='grc' dir='ltr'>’Λποσταλήσομαι</span> <span class='ocrx_word' id='word_1_370' title='bbox 2876 713 2982 765; x_wconf 79' lang='grc' dir='ltr'><strong>ὑπὸ</strong></span> <span class='ocrx_word' id='word_1_371' title='bbox 3004 711 3098 765; x_wconf 85' lang='grc' dir='ltr'><strong>τοῦ</strong></span> <span class='ocrx_word' id='word_1_372' title='bbox 3121 712 3332 784; x_wconf 80' lang='grc' dir='ltr'><strong>Πατρός</strong></span> <span class='ocrx_word' id='word_1_373' title='bbox 3362 729 3492 783; x_wconf 84' lang='grc' dir='ltr'>μου·</span> <span class='ocrx_word' id='word_1_374' title='bbox 3535 713 3680 782; x_wconf 79' lang='grc' dir='ltr'><strong>Ἐγὼ</strong></span> <span class='ocrx_word' id='word_1_375' title='bbox 3703 715 3788 768; x_wconf 79' lang='grc' dir='ltr'><strong>καί</strong></span> 
     </span>
    </p>
   </div>
   <div class='ocr_carea' id='block_1_52' title="bbox 2213 803 3789 876">
    <p class='ocr_par' dir='ltr' id='par_1_52' title="bbox 2213 803 3789 876">
     <span class='ocr_line' id='line_1_52' title="bbox 2213 803 3789 876; baseline -0.001 -17"><span class='ocrx_word' id='word_1_376' title='bbox 2213 809 2248 859; x_wconf 86' lang='grc' dir='ltr'><strong>ό</strong></span> <span class='ocrx_word' id='word_1_377' title='bbox 2276 805 2476 874; x_wconf 73' lang='grc' dir='ltr'>Πατὴρ</span> <span class='ocrx_word' id='word_1_378' title='bbox 2505 806 2640 873; x_wconf 82' lang='grc' dir='ltr'>παρ’</span> <span class='ocrx_word' id='word_1_379' title='bbox 2657 803 2836 870; x_wconf 78' lang='grc' dir='ltr'>αὐτῷ,</span> <span class='ocrx_word' id='word_1_380' title='bbox 2869 805 2946 869; x_wconf 83' lang='grc' dir='ltr'><strong>ὡς</strong></span> <span class='ocrx_word' id='word_1_381' title='bbox 2965 805 3247 876; x_wconf 79' lang='grc' dir='ltr'>κρούοντος</span> <span class='ocrx_word' id='word_1_382' title='bbox 3268 804 3369 856; x_wconf 85' lang='grc' dir='ltr'><strong>τοῦ</strong></span> <span class='ocrx_word' id='word_1_383' title='bbox 3405 803 3564 868; x_wconf 76' lang='grc' dir='ltr'>Υίςῦ,</span> <span class='ocrx_word' id='word_1_384' title='bbox 3594 806 3789 858; x_wconf 78' lang='grc' dir='ltr'>καὶτοῦ</span> 
     </span>
    </p>
   </div>
   <div class='ocr_carea' id='block_1_53' title="bbox 2213 890 3790 966">
    <p class='ocr_par' dir='ltr' id='par_1_53' title="bbox 2213 890 3790 966">
     <span class='ocr_line' id='line_1_53' title="bbox 2213 890 3790 966; baseline -0.001 -18"><span class='ocrx_word' id='word_1_385' title='bbox 2213 896 2424 964; x_wconf 78' lang='grc' dir='ltr'>Πατρὸς</span> <span class='ocrx_word' id='word_1_386' title='bbox 2482 897 2578 948; x_wconf 82' lang='grc' dir='ltr'><strong>σὺν</strong></span> <span class='ocrx_word' id='word_1_387' title='bbox 2628 894 2776 965; x_wconf 80' lang='grc' dir='ltr'>αὐτῷ</span> <span class='ocrx_word' id='word_1_388' title='bbox 2812 894 3219 966; x_wconf 78' lang='grc' dir='ltr'>εἰσερχομένου·</span> <span class='ocrx_word' id='word_1_389' title='bbox 3256 894 3337 957; x_wconf 83' lang='grc' dir='ltr'><strong>ὡς</strong></span> <span class='ocrx_word' id='word_1_390' title='bbox 3370 895 3463 946; x_wconf 72' lang='grc' dir='ltr'><strong>ἀεὶ</strong></span> <span class='ocrx_word' id='word_1_391' title='bbox 3505 890 3664 959; x_wconf 76' lang='grc' dir='ltr'>εἶναι,</span> <span class='ocrx_word' id='word_1_392' title='bbox 3709 897 3790 947; x_wconf 73' lang='grc' dir='ltr'><strong>καὶ</strong></span> 
     </span>
    </p>
   </div>
   <div class='ocr_carea' id='block_1_54' title="bbox 2217 984 3790 1056">
    <p class='ocr_par' dir='ltr' id='par_1_54' title="bbox 2217 984 3790 1056">
     <span class='ocr_line' id='line_1_54' title="bbox 2217 984 3790 1056; baseline -0.001 -19"><span class='ocrx_word' id='word_1_393' title='bbox 2217 985 2484 1055; x_wconf 78' lang='grc' dir='ltr'>μηδέποτε</span> <span class='ocrx_word' id='word_1_394' title='bbox 2521 985 2789 1037; x_wconf 76' lang='grc' dir='ltr'>διαλιπεῖν</span> <span class='ocrx_word' id='word_1_395' title='bbox 2821 986 3039 1056; x_wconf 83' lang='grc' dir='ltr'>Πατέρα</span> <span class='ocrx_word' id='word_1_396' title='bbox 3069 985 3178 1038; x_wconf 70' lang='grc' dir='ltr'>ἀπὸ</span> <span class='ocrx_word' id='word_1_397' title='bbox 3210 984 3367 1048; x_wconf 86' lang='grc' dir='ltr'>Υίοῦ,</span> <span class='ocrx_word' id='word_1_398' title='bbox 3406 985 3504 1037; x_wconf 80' lang='grc' dir='ltr'><strong>καὶ</strong></span> <span class='ocrx_word' id='word_1_399' title='bbox 3539 984 3665 1036; x_wconf 78' lang='grc' dir='ltr'>Υίδν</span> <span class='ocrx_word' id='word_1_400' title='bbox 3695 985 3790 1035; x_wconf 76' lang='grc' dir='ltr'><strong>ἀπὸ</strong></span> 
     </span>
    </p>
   </div>
   <div class='ocr_carea' id='block_1_55' title="bbox 2212 1073 3788 1146">
    <p class='ocr_par' dir='ltr' id='par_1_55' title="bbox 2212 1073 3788 1146">
     <span class='ocr_line' id='line_1_55' title="bbox 2212 1073 3788 1146; baseline -0.001 -18"><span class='ocrx_word' id='word_1_401' title='bbox 2212 1076 2306 1129; x_wconf 89' lang='grc' dir='ltr'><strong>τοῦ</strong></span> <span class='ocrx_word' id='word_1_402' title='bbox 2363 1075 2491 1128; x_wconf 87' lang='grc' dir='ltr'>ίδίου</span> <span class='ocrx_word' id='word_1_403' title='bbox 2545 1075 2780 1146; x_wconf 88' lang='grc' dir='ltr'>Πατρός.</span> <span class='ocrx_word' id='word_1_404' title='bbox 2837 1075 2928 1127; x_wconf 81' lang='grc' dir='ltr'>Διὸ</span> <span class='ocrx_word' id='word_1_405' title='bbox 2986 1075 3080 1127; x_wconf 72' lang='grc' dir='ltr'><strong>καὶ</strong></span> <span class='ocrx_word' id='word_1_406' title='bbox 3117 1076 3176 1126; x_wconf 84' lang='grc' dir='ltr'><strong>ὲν</strong></span> <span class='ocrx_word' id='word_1_407' title='bbox 3225 1075 3404 1146; x_wconf 80' lang='grc' dir='ltr'>ἑτέρῳ</span> <span class='ocrx_word' id='word_1_408' title='bbox 3455 1074 3609 1145; x_wconf 85' lang='grc' dir='ltr'>τόπῳ</span> <span class='ocrx_word' id='word_1_409' title='bbox 3633 1073 3788 1142; x_wconf 85' lang='grc' dir='ltr'>λέγει’</span> 
     </span>
    </p>
   </div>
   <div class='ocr_carea' id='block_1_56' title="bbox 2224 1164 3788 1237">
    <p class='ocr_par' dir='ltr' id='par_1_56' title="bbox 2224 1164 3788 1237">
     <span class='ocr_line' id='line_1_56' title="bbox 2224 1164 3788 1237; baseline -0.002 -15"><span class='ocrx_word' id='word_1_410' title='bbox 2224 1168 2372 1236; x_wconf 78' lang='grc' dir='ltr'><strong>Ἐγώ</strong></span> <span class='ocrx_word' id='word_1_411' title='bbox 2423 1169 2537 1237; x_wconf 77' lang='grc' dir='ltr'>ειμι</span> <span class='ocrx_word' id='word_1_412' title='bbox 2589 1166 2628 1232; x_wconf 81' lang='grc' dir='ltr'><strong>ή</strong></span> <span class='ocrx_word' id='word_1_413' title='bbox 2666 1165 2826 1232; x_wconf 83' lang='grc' dir='ltr'>ὁδὸς,</span> <span class='ocrx_word' id='word_1_414' title='bbox 2881 1166 2980 1218; x_wconf 76' lang='grc' dir='ltr'><strong>καὶ</strong></span> <span class='ocrx_word' id='word_1_415' title='bbox 3033 1165 3108 1219; x_wconf 79' lang='grc' dir='ltr'>δι’</span> <span class='ocrx_word' id='word_1_416' title='bbox 3138 1164 3283 1235; x_wconf 76' lang='grc' dir='ltr'>ἐμοῦ</span> <span class='ocrx_word' id='word_1_417' title='bbox 3340 1167 3788 1219; x_wconf 67' lang='grc' dir='ltr'><strong>εἰσελεύσονται</strong></span> 
     </span>
    </p>
   </div>
   <div class='ocr_carea' id='block_1_57' title="bbox 2213 1258 3789 1330">
    <p class='ocr_par' dir='ltr' id='par_1_57' title="bbox 2213 1258 3789 1330">
     <span class='ocr_line' id='line_1_57' title="bbox 2213 1258 3789 1330; baseline -0.001 -19"><span class='ocrx_word' id='word_1_418' title='bbox 2213 1260 2364 1326; x_wconf 86' lang='grc' dir='ltr'>πρὸς</span> <span class='ocrx_word' id='word_1_419' title='bbox 2407 1259 2514 1312; x_wconf 86' lang='grc' dir='ltr'>τὸν</span> <span class='ocrx_word' id='word_1_420' title='bbox 2550 1258 2800 1327; x_wconf 81' lang='grc' dir='ltr'>Πατέρα.</span> <span class='ocrx_word' id='word_1_421' title='bbox 2849 1258 2961 1311; x_wconf 71' lang='grc' dir='ltr'><strong>Καὶ</strong></span> <span class='ocrx_word' id='word_1_422' title='bbox 3015 1259 3102 1312; x_wconf 77' lang='grc' dir='ltr'><strong>ἵνα</strong></span> <span class='ocrx_word' id='word_1_423' title='bbox 3139 1260 3210 1330; x_wconf 82' lang='grc' dir='ltr'>μή</span> <span class='ocrx_word' id='word_1_424' title='bbox 3245 1276 3396 1320; x_wconf 84' lang='grc' dir='ltr'>τινες</span> <span class='ocrx_word' id='word_1_425' title='bbox 3424 1259 3632 1328; x_wconf 77' lang='grc' dir='ltr'>ἥσσονα</span> <span class='ocrx_word' id='word_1_426' title='bbox 3670 1259 3789 1329; x_wconf 70' lang='grc' dir='ltr'>πρὸς</span> 
     </span>
    </p>
   </div>
   <div class='ocr_carea' id='block_1_58' title="bbox 2213 1349 3788 1423">
    <p class='ocr_par' dir='ltr' id='par_1_58' title="bbox 2213 1349 3788 1423">
     <span class='ocr_line' id='line_1_58' title="bbox 2213 1349 3788 1423; baseline -0.003 -19"><span class='ocrx_word' id='word_1_427' title='bbox 2213 1352 2303 1404; x_wconf 81' lang='grc' dir='ltr'>τὸν</span> <span class='ocrx_word' id='word_1_428' title='bbox 2363 1351 2585 1423; x_wconf 85' lang='grc' dir='ltr'>Πατέρα</span> <span class='ocrx_word' id='word_1_429' title='bbox 2632 1354 2918 1423; x_wconf 78' lang='grc' dir='ltr'>νομίσωσι,</span> <span class='ocrx_word' id='word_1_430' title='bbox 2981 1350 3069 1404; x_wconf 86' lang='grc' dir='ltr'>διὰ</span> <span class='ocrx_word' id='word_1_431' title='bbox 3123 1352 3183 1403; x_wconf 77' lang='grc' dir='ltr'>τὸ</span> <span class='ocrx_word' id='word_1_432' title='bbox 3233 1351 3301 1403; x_wconf 80' lang='grc' dir='ltr'>δι’</span> <span class='ocrx_word' id='word_1_433' title='bbox 3333 1349 3507 1402; x_wconf 82' lang='grc' dir='ltr'>αὑτοῦ</span> <span class='ocrx_word' id='word_1_434' title='bbox 3554 1349 3686 1420; x_wconf 71' lang='grc' dir='ltr'>πρὸς</span> <span class='ocrx_word' id='word_1_435' title='bbox 3712 1350 3788 1400; x_wconf 76' lang='grc' dir='ltr'>τὸν</span> 
     </span>
    </p>
   </div>
   <div class='ocr_carea' id='block_1_59' title="bbox 2215 1439 3789 1513">
    <p class='ocr_par' dir='ltr' id='par_1_59' title="bbox 2215 1439 3789 1513">
     <span class='ocr_line' id='line_1_59' title="bbox 2215 1439 3789 1513; baseline -0.001 -21"><span class='ocrx_word' id='word_1_436' title='bbox 2215 1441 2432 1510; x_wconf 84' lang='grc' dir='ltr'>Πατέρα</span> <span class='ocrx_word' id='word_1_437' title='bbox 2489 1442 2734 1505; x_wconf 77' lang='grc' dir='ltr'>εἰσιέναι,</span> <span class='ocrx_word' id='word_1_438' title='bbox 2799 1443 2982 1513; x_wconf 81' lang='grc' dir='ltr'>φησίν·</span> <span class='ocrx_word' id='word_1_439' title='bbox 3034 1440 3243 1506; x_wconf 80' lang='grc' dir='ltr'>Οὐδείς</span> <span class='ocrx_word' id='word_1_440' title='bbox 3293 1440 3619 1493; x_wconf 69' lang='grc' dir='ltr'>ἐλεύσεται</span> <span class='ocrx_word' id='word_1_441' title='bbox 3660 1439 3789 1506; x_wconf 73' lang='grc' dir='ltr'><strong>πρὸς</strong></span> 
     </span>
    </p>
   </div>
   <div class='ocr_carea' id='block_1_60' title="bbox 2210 1530 3786 1602">
    <p class='ocr_par' dir='ltr' id='par_1_60' title="bbox 2210 1530 3786 1602">
     <span class='ocr_line' id='line_1_60' title="bbox 2210 1530 3786 1602; baseline -0.002 -18"><span class='ocrx_word' id='word_1_442' title='bbox 2210 1531 2310 1600; x_wconf 79' lang='grc' dir='ltr'><strong>μὲ,</strong></span> <span class='ocrx_word' id='word_1_443' title='bbox 2350 1532 2460 1585; x_wconf 74' lang='grc' dir='ltr'><strong>ἐὰν</strong></span> <span class='ocrx_word' id='word_1_444' title='bbox 2485 1532 2570 1601; x_wconf 77' lang='grc' dir='ltr'><strong>μὴ</strong></span> <span class='ocrx_word' id='word_1_445' title='bbox 2607 1537 2639 1587; x_wconf 82' lang='grc' dir='ltr'><strong>ό</strong></span> <span class='ocrx_word' id='word_1_446' title='bbox 2670 1533 2872 1601; x_wconf 82' lang='grc' dir='ltr'>Πατήρ</span> <span class='ocrx_word' id='word_1_447' title='bbox 2897 1550 3016 1602; x_wconf 78' lang='grc' dir='ltr'>μου</span> <span class='ocrx_word' id='word_1_448' title='bbox 3048 1535 3081 1586; x_wconf 84' lang='grc' dir='ltr'><strong>ό</strong></span> <span class='ocrx_word' id='word_1_449' title='bbox 3113 1532 3396 1600; x_wconf 80' lang='grc' dir='ltr'><strong>Οὐράνιος</strong></span> <span class='ocrx_word' id='word_1_450' title='bbox 3425 1530 3660 1596; x_wconf 70' lang='grc' dir='ltr'><strong>ἐλκύσῃ</strong></span> <span class='ocrx_word' id='word_1_451' title='bbox 3695 1532 3786 1581; x_wconf 82' lang='grc' dir='ltr'><strong>αὑ-</strong></span> 
     </span>
    </p>
   </div>
   <div class='ocr_carea' id='block_1_61' title="bbox 2215 1621 3788 1696">
    <p class='ocr_par' dir='ltr' id='par_1_61' title="bbox 2215 1621 3788 1696">
     <span class='ocr_line' id='line_1_61' title="bbox 2215 1621 3788 1696; baseline -0.003 -20"><span class='ocrx_word' id='word_1_452' title='bbox 2215 1626 2340 1678; x_wconf 84' lang='grc' dir='ltr'>τόν.</span> <span class='ocrx_word' id='word_1_453' title='bbox 2388 1626 2446 1678; x_wconf 91' lang='lat'><strong>&#39;0</strong></span> <span class='ocrx_word' id='word_1_454' title='bbox 2474 1625 2662 1696; x_wconf 79' lang='grc' dir='ltr'>Πατὴρ</span> <span class='ocrx_word' id='word_1_455' title='bbox 2693 1621 2785 1679; x_wconf 82' lang='grc' dir='ltr'>οὗν</span> <span class='ocrx_word' id='word_1_456' title='bbox 2828 1625 2987 1695; x_wconf 79' lang='grc' dir='ltr'>φέρει</span> <span class='ocrx_word' id='word_1_457' title='bbox 3023 1625 3158 1696; x_wconf 70' lang='grc' dir='ltr'>πρὸς</span> <span class='ocrx_word' id='word_1_458' title='bbox 3187 1623 3277 1676; x_wconf 80' lang='grc' dir='ltr'><strong>τὸν</strong></span> <span class='ocrx_word' id='word_1_459' title='bbox 3313 1622 3470 1685; x_wconf 78' lang='grc' dir='ltr'>Υίὸν,</span> <span class='ocrx_word' id='word_1_460' title='bbox 3499 1623 3594 1674; x_wconf 71' lang='grc' dir='ltr'><strong>καὶ</strong></span> <span class='ocrx_word' id='word_1_461' title='bbox 3623 1623 3649 1673; x_wconf 85' lang='grc' dir='ltr'><strong>ό</strong></span> <span class='ocrx_word' id='word_1_462' title='bbox 3679 1621 3788 1682; x_wconf 71' lang='grc' dir='ltr'><strong>Υἱὸς</strong></span> 
     </span>
    </p>
   </div>
   <div class='ocr_carea' id='block_1_62' title="bbox 2216 1711 3784 1786">
    <p class='ocr_par' dir='ltr' id='par_1_62' title="bbox 2216 1711 3784 1786">
     <span class='ocr_line' id='line_1_62' title="bbox 2216 1711 3784 1786; baseline -0.004 -19"><span class='ocrx_word' id='word_1_463' title='bbox 2216 1714 2372 1784; x_wconf 80' lang='grc' dir='ltr'>φέρει</span> <span class='ocrx_word' id='word_1_464' title='bbox 2423 1715 2560 1786; x_wconf 76' lang='grc' dir='ltr'>πρὸς</span> <span class='ocrx_word' id='word_1_465' title='bbox 2607 1715 2700 1767; x_wconf 85' lang='grc' dir='ltr'><strong>τὸν</strong></span> <span class='ocrx_word' id='word_1_466' title='bbox 2746 1714 2989 1786; x_wconf 83' lang='grc' dir='ltr'>Πατέρα,</span> <span class='ocrx_word' id='word_1_467' title='bbox 3039 1713 3279 1782; x_wconf 77' lang='grc' dir='ltr'><strong>εἰσφέρει</strong></span> <span class='ocrx_word' id='word_1_468' title='bbox 3328 1712 3391 1765; x_wconf 79' lang='grc' dir='ltr'>δὲ</span> <span class='ocrx_word' id='word_1_469' title='bbox 3433 1714 3494 1764; x_wconf 79' lang='grc' dir='ltr'><strong>ὲν</strong></span> <span class='ocrx_word' id='word_1_470' title='bbox 3533 1711 3784 1780; x_wconf 78' lang='grc' dir='ltr'>Πνεῦματι</span> 
     </span>
    </p>
   </div>
   <div class='ocr_carea' id='block_1_63' title="bbox 2145 1779 3786 1876">
    <p class='ocr_par' dir='ltr' id='par_1_63' title="bbox 2145 1779 3786 1876">
     <span class='ocr_line' id='line_1_63' title="bbox 2145 1779 3786 1876; baseline -0.005 -17"><span class='ocrx_word' id='word_1_471' title='bbox 2145 1779 2187 1838; x_wconf 75' lang='grc' dir='ltr'><strong>Β</strong></span> <span class='ocrx_word' id='word_1_472' title='bbox 2217 1779 2377 1876; x_wconf 78' lang='grc' dir='ltr'>ἀγίῳ.</span> <span class='ocrx_word' id='word_1_473' title='bbox 2415 1779 2528 1857; x_wconf 68' lang='grc' dir='ltr'><strong>’Λέὶ</strong></span> <span class='ocrx_word' id='word_1_474' title='bbox 2559 1804 2669 1876; x_wconf 87' lang='grc' dir='ltr'><strong>γάρ</strong></span> <span class='ocrx_word' id='word_1_475' title='bbox 2710 1779 2940 1858; x_wconf 74' lang='grc' dir='ltr'>πάντοτε</span> <span class='ocrx_word' id='word_1_476' title='bbox 2971 1804 3004 1874; x_wconf 82' lang='grc' dir='ltr'>ὴ</span> <span class='ocrx_word' id='word_1_477' title='bbox 3035 1779 3209 1872; x_wconf 65' lang='grc' dir='ltr'>Τριάξ</span> <span class='ocrx_word' id='word_1_478' title='bbox 3238 1804 3298 1855; x_wconf 81' lang='grc' dir='ltr'>ὲν</span> <span class='ocrx_word' id='word_1_479' title='bbox 3329 1803 3433 1872; x_wconf 77' lang='grc' dir='ltr'>μιᾷ</span> <span class='ocrx_word' id='word_1_480' title='bbox 3461 1801 3670 1871; x_wconf 83' lang='grc' dir='ltr'>ὲνότητι</span> <span class='ocrx_word' id='word_1_481' title='bbox 3689 1800 3786 1851; x_wconf 80' lang='grc' dir='ltr'><strong>θεό-</strong></span> 
     </span>
    </p>
   </div>
   <div class='ocr_carea' id='block_1_64' title="bbox 2213 1890 3784 1968">
    <p class='ocr_par' dir='ltr' id='par_1_64' title="bbox 2213 1890 3784 1968">
     <span class='ocr_line' id='line_1_64' title="bbox 2213 1890 3784 1968; baseline -0.005 -18"><span class='ocrx_word' id='word_1_482' title='bbox 2213 1911 2394 1967; x_wconf 82' lang='grc' dir='ltr'>τητος’</span> <span class='ocrx_word' id='word_1_483' title='bbox 2429 1898 2556 1968; x_wconf 86' lang='grc' dir='ltr'>τρία</span> <span class='ocrx_word' id='word_1_484' title='bbox 2582 1896 2782 1961; x_wconf 84' lang='grc' dir='ltr'>τέλεια,</span> <span class='ocrx_word' id='word_1_485' title='bbox 2827 1897 2924 1967; x_wconf 89' lang='grc' dir='ltr'><strong>μία</strong></span> <span class='ocrx_word' id='word_1_486' title='bbox 2953 1894 3162 1966; x_wconf 83' lang='grc' dir='ltr'>Θεότης.</span> <span class='ocrx_word' id='word_1_487' title='bbox 3199 1895 3312 1948; x_wconf 74' lang='grc' dir='ltr'><strong>Καὶ</strong></span> <span class='ocrx_word' id='word_1_488' title='bbox 3341 1892 3599 1946; x_wconf 81' lang='grc' dir='ltr'><strong>διέπεσεν</strong></span> <span class='ocrx_word' id='word_1_489' title='bbox 3629 1894 3656 1945; x_wconf 86' lang='grc' dir='ltr'><strong>ό</strong></span> <span class='ocrx_word' id='word_1_490' title='bbox 3681 1890 3784 1943; x_wconf 76' lang='grc' dir='ltr'><strong>τού-</strong></span> 
     </span>
    </p>
   </div>
   <div class='ocr_carea' id='block_1_65' title="bbox 2221 1989 2538 2056">
    <p class='ocr_par' dir='ltr' id='par_1_65' title="bbox 2221 1989 2538 2056">
     <span class='ocr_line' id='line_1_65' title="bbox 2221 1989 2538 2056; baseline 0 -15"><span class='ocrx_word' id='word_1_491' title='bbox 2221 2004 2330 2041; x_wconf 88' lang='grc' dir='ltr'><strong>των</strong></span> <span class='ocrx_word' id='word_1_492' title='bbox 2362 1989 2538 2056; x_wconf 82' lang='grc' dir='ltr'>λόγος.</span> 
     </span>
    </p>
   </div>
   <div class='ocr_carea' id='block_1_66' title="bbox 2221 2075 3785 2149">
    <p class='ocr_par' dir='ltr' id='par_1_66' title="bbox 2221 2075 3785 2149">
     <span class='ocr_line' id='line_1_66' title="bbox 2221 2075 3785 2149; baseline -0.006 -15"><span class='ocrx_word' id='word_1_493' title='bbox 2221 2083 2224 2086; x_wconf 82' lang='grc'><em>’</em></span> <span class='ocrx_word' id='word_1_494' title='bbox 2284 2081 2411 2133; x_wconf 84' lang='lat' dir='ltr'><strong>NE&#39;.</strong></span> <span class='ocrx_word' id='word_1_495' title='bbox 2445 2080 2613 2133; x_wconf 85' lang='grc' dir='ltr'>Πάλιν</span> <span class='ocrx_word' id='word_1_496' title='bbox 2633 2080 2684 2132; x_wconf 85' lang='grc' dir='ltr'>δὲ</span> <span class='ocrx_word' id='word_1_497' title='bbox 2707 2079 2974 2149; x_wconf 79' lang='grc' dir='ltr'>φάσκουσι</span> <span class='ocrx_word' id='word_1_498' title='bbox 2993 2095 3008 2108; x_wconf 78' lang='grc' dir='ltr'><strong>ο</strong></span> <span class='ocrx_word' id='word_1_499' title='bbox 3037 2079 3154 2132; x_wconf 89' lang='grc' dir='ltr'>Τίνι</span> <span class='ocrx_word' id='word_1_500' title='bbox 3186 2079 3370 2130; x_wconf 92' lang='grc' dir='ltr'>τοίνυν</span> <span class='ocrx_word' id='word_1_501' title='bbox 3388 2076 3468 2146; x_wconf 79' lang='grc' dir='ltr'><strong>τῷ</strong></span> <span class='ocrx_word' id='word_1_502' title='bbox 3497 2075 3636 2144; x_wconf 79' lang='grc' dir='ltr'>λόγῳ</span> <span class='ocrx_word' id='word_1_503' title='bbox 3660 2075 3785 2146; x_wconf 79' lang='grc' dir='ltr'>εἴρη-</span> 
     </span>
    </p>
   </div>
   <div class='ocr_carea' id='block_1_67' title="bbox 2215 2166 3786 2244">
    <p class='ocr_par' dir='ltr' id='par_1_67' title="bbox 2215 2166 3786 2244">
     <span class='ocr_line' id='line_1_67' title="bbox 2215 2166 3786 2244; baseline -0.005 -19"><span class='ocrx_word' id='word_1_504' title='bbox 2215 2189 2312 2225; x_wconf 83' lang='grc' dir='ltr'>κεν</span> <span class='ocrx_word' id='word_1_505' title='bbox 2341 2171 2613 2244; x_wconf 77' lang='grc' dir='ltr'>ὁΧριστδς</span> <span class='ocrx_word' id='word_1_506' title='bbox 2641 2174 2753 2234; x_wconf 78' lang='grc' dir='ltr'>τοῖς</span> <span class='ocrx_word' id='word_1_507' title='bbox 2780 2170 2974 2224; x_wconf 77' lang='grc' dir='ltr'>ἑαυτοῦ</span> <span class='ocrx_word' id='word_1_508' title='bbox 3014 2169 3302 2240; x_wconf 83' lang='grc' dir='ltr'>μαθηταῖς,</span> <span class='ocrx_word' id='word_1_509' title='bbox 3339 2169 3426 2221; x_wconf 77' lang='grc' dir='ltr'><strong>ὅτι</strong></span> <span class='ocrx_word' id='word_1_510' title='bbox 3469 2166 3786 2235; x_wconf 71' lang='grc' dir='ltr'><strong>Ἇπέρχομαι</strong></span> 
     </span>
    </p>
   </div>
   <div class='ocr_carea' id='block_1_68' title="bbox 2215 2257 3786 2334">
    <p class='ocr_par' dir='ltr' id='par_1_68' title="bbox 2215 2257 3786 2334">
     <span class='ocr_line' id='line_1_68' title="bbox 2215 2257 3786 2334; baseline -0.005 -17"><span class='ocrx_word' id='word_1_511' title='bbox 2215 2265 2364 2334; x_wconf 83' lang='grc' dir='ltr'>πρὸς</span> <span class='ocrx_word' id='word_1_512' title='bbox 2385 2265 2492 2319; x_wconf 88' lang='grc' dir='ltr'>τὸν</span> <span class='ocrx_word' id='word_1_513' title='bbox 2514 2264 2743 2332; x_wconf 77' lang='grc' dir='ltr'>Πατέρα</span> <span class='ocrx_word' id='word_1_514' title='bbox 2759 2280 2897 2332; x_wconf 81' lang='grc' dir='ltr'>μου,</span> <span class='ocrx_word' id='word_1_515' title='bbox 2933 2261 3032 2315; x_wconf 81' lang='grc' dir='ltr'><strong>καὶ</strong></span> <span class='ocrx_word' id='word_1_516' title='bbox 3062 2261 3294 2329; x_wconf 83' lang='grc' dir='ltr'>Πατέρα</span> <span class='ocrx_word' id='word_1_517' title='bbox 3317 2259 3509 2329; x_wconf 70' lang='grc' dir='ltr'>ὑμῶν,</span> <span class='ocrx_word' id='word_1_518' title='bbox 3535 2257 3628 2312; x_wconf 82' lang='grc' dir='ltr'><strong>καὶ</strong></span> <span class='ocrx_word' id='word_1_519' title='bbox 3659 2257 3786 2311; x_wconf 80' lang='grc' dir='ltr'>Θεόν</span> 
     </span>
    </p>
   </div>
   <div class='ocr_carea' id='block_1_69' title="bbox 2210 2351 3785 2428">
    <p class='ocr_par' dir='ltr' id='par_1_69' title="bbox 2210 2351 3785 2428">
     <span class='ocr_line' id='line_1_69' title="bbox 2210 2351 3785 2428; baseline -0.006 -16"><span class='ocrx_word' id='word_1_520' title='bbox 2210 2377 2350 2428; x_wconf 82' lang='grc' dir='ltr'>μου,</span> <span class='ocrx_word' id='word_1_521' title='bbox 2388 2359 2485 2411; x_wconf 69' lang='grc' dir='ltr'><strong>καὶ</strong></span> <span class='ocrx_word' id='word_1_522' title='bbox 2523 2357 2670 2411; x_wconf 85' lang='grc' dir='ltr'>Θεὸν</span> <span class='ocrx_word' id='word_1_523' title='bbox 2702 2355 2905 2425; x_wconf 57' lang='lat' dir='ltr'><strong>dudm;</strong></span> <span class='ocrx_word' id='word_1_524' title='bbox 2945 2353 3008 2407; x_wconf 81' lang='lat' dir='ltr'><strong>Ei</strong></span> <span class='ocrx_word' id='word_1_525' title='bbox 3045 2353 3225 2407; x_wconf 89' lang='grc' dir='ltr'>τοίνυν</span> <span class='ocrx_word' id='word_1_526' title='bbox 3251 2353 3392 2406; x_wconf 73' lang='grc' dir='ltr'>Θεὸν</span> <span class='ocrx_word' id='word_1_527' title='bbox 3418 2351 3583 2405; x_wconf 84' lang='grc' dir='ltr'>αὑτοῦ</span> <span class='ocrx_word' id='word_1_528' title='bbox 3621 2351 3785 2421; x_wconf 74' lang='grc' dir='ltr'>ὁμολο-</span> 
     </span>
    </p>
   </div>
   <div class='ocr_carea' id='block_1_70' title="bbox 2216 2439 3784 2516">
    <p class='ocr_par' dir='ltr' id='par_1_70' title="bbox 2216 2439 3784 2516">
     <span class='ocr_line' id='line_1_70' title="bbox 2216 2439 3784 2516; baseline -0.007 -16"><span class='ocrx_word' id='word_1_529' title='bbox 2216 2451 2322 2516; x_wconf 84' lang='grc' dir='ltr'>γεῖ,</span> <span class='ocrx_word' id='word_1_530' title='bbox 2349 2447 2466 2511; x_wconf 85' lang='grc' dir='ltr'>πῶς</span> <span class='ocrx_word' id='word_1_531' title='bbox 2500 2447 2579 2500; x_wconf 77' lang='grc' dir='ltr'>ἔτι</span> <span class='ocrx_word' id='word_1_532' title='bbox 2636 2446 2788 2499; x_wconf 77' lang='grc' dir='ltr'>ἔσται</span> <span class='ocrx_word' id='word_1_533' title='bbox 2829 2446 2942 2509; x_wconf 75' lang='grc' dir='ltr'>ἴσος</span> <span class='ocrx_word' id='word_1_534' title='bbox 2964 2443 3135 2514; x_wconf 83' lang='grc' dir='ltr'>αὐτῷ,</span> <span class='ocrx_word' id='word_1_535' title='bbox 3170 2443 3204 2514; x_wconf 83' lang='grc' dir='ltr'>ἢ</span> <span class='ocrx_word' id='word_1_536' title='bbox 3247 2443 3344 2497; x_wconf 76' lang='grc' dir='ltr'>ὑπ’</span> <span class='ocrx_word' id='word_1_537' title='bbox 3376 2440 3545 2495; x_wconf 83' lang='grc' dir='ltr'>αὑτοῦ</span> <span class='ocrx_word' id='word_1_538' title='bbox 3576 2439 3784 2510; x_wconf 78' lang='grc' dir='ltr'><strong>γνησίως</strong></span> 
     </span>
    </p>
   </div>
   <div class='ocr_carea' id='block_1_71' title="bbox 2217 2527 3782 2610">
    <p class='ocr_par' dir='ltr' id='par_1_71' title="bbox 2217 2527 3782 2610">
     <span class='ocr_line' id='line_1_71' title="bbox 2217 2527 3782 2610; baseline -0.008 -17"><span class='ocrx_word' id='word_1_539' title='bbox 2217 2539 2613 2610; x_wconf 80' lang='grc' dir='ltr'>γεγεννημένος</span> <span class='ocrx_word' id='word_1_540' title='bbox 2635 2557 2649 2604; x_wconf 88' lang='grc'>;</span> <span class='ocrx_word' id='word_1_541' title='bbox 2682 2539 2797 2592; x_wconf 85' lang='grc' dir='ltr'><strong>Ἵνα</strong></span> <span class='ocrx_word' id='word_1_542' title='bbox 2838 2538 3082 2601; x_wconf 84' lang='grc' dir='ltr'>δείξωσιν</span> <span class='ocrx_word' id='word_1_543' title='bbox 3103 2537 3162 2588; x_wconf 84' lang='grc' dir='ltr'><strong>ὲν</strong></span> <span class='ocrx_word' id='word_1_544' title='bbox 3185 2535 3355 2588; x_wconf 75' lang='grc' dir='ltr'>πᾶσιν</span> <span class='ocrx_word' id='word_1_545' title='bbox 3382 2533 3653 2603; x_wconf 80' lang='grc' dir='ltr'><strong>ἀγνωσίαν</strong></span> <span class='ocrx_word' id='word_1_546' title='bbox 3669 2527 3782 2582; x_wconf 83' lang='grc' dir='ltr'>Θεοῦ</span> 
     </span>
    </p>
   </div>
   <div class='ocr_carea' id='block_1_72' title="bbox 2218 2621 3782 2702">
    <p class='ocr_par' dir='ltr' id='par_1_72' title="bbox 2218 2621 3782 2702">
     <span class='ocr_line' id='line_1_72' title="bbox 2218 2621 3782 2702; baseline -0.008 -17"><span class='ocrx_word' id='word_1_547' title='bbox 2218 2632 2416 2694; x_wconf 79' lang='grc' dir='ltr'>αὐτοὺς</span> <span class='ocrx_word' id='word_1_548' title='bbox 2454 2632 2617 2702; x_wconf 77' lang='grc' dir='ltr'>ἔχειν,</span> <span class='ocrx_word' id='word_1_549' title='bbox 2641 2630 2796 2684; x_wconf 67' lang='lat' dir='ltr'><strong>nat&quot;</strong></span> <span class='ocrx_word' id='word_1_550' title='bbox 2819 2631 2881 2681; x_wconf 80' lang='grc' dir='ltr'><strong>’ὲν</strong></span> <span class='ocrx_word' id='word_1_551' title='bbox 2929 2629 3114 2699; x_wconf 87' lang='grc' dir='ltr'>μηδενί</span> <span class='ocrx_word' id='word_1_552' title='bbox 3149 2629 3253 2681; x_wconf 85' lang='grc' dir='ltr'>είσι</span> <span class='ocrx_word' id='word_1_553' title='bbox 3283 2625 3556 2697; x_wconf 82' lang='grc' dir='ltr'>φωτισμῷ</span> <span class='ocrx_word' id='word_1_554' title='bbox 3594 2621 3678 2677; x_wconf 87' lang='grc' dir='ltr'><strong>τοῦ</strong></span> <span class='ocrx_word' id='word_1_555' title='bbox 3700 2622 3782 2674; x_wconf 81' lang='grc' dir='ltr'><strong>Εὐ·</strong></span> 
     </span>
    </p>
   </div>
   <div class='ocr_carea' id='block_1_73' title="bbox 2218 2712 3782 2793">
    <p class='ocr_par' dir='ltr' id='par_1_73' title="bbox 2218 2712 3782 2793">
     <span class='ocr_line' id='line_1_73' title="bbox 2218 2712 3782 2793; baseline -0.008 -16"><span class='ocrx_word' id='word_1_556' title='bbox 2218 2725 2473 2793; x_wconf 88' lang='grc' dir='ltr'>αγγελίου</span> <span class='ocrx_word' id='word_1_557' title='bbox 2507 2721 2968 2793; x_wconf 83' lang='grc' dir='ltr'>κατηυγασμένοι.</span> <span class='ocrx_word' id='word_1_558' title='bbox 3024 2721 3374 2791; x_wconf 75' lang='grc' dir='ltr'>Ψηλαφήσας</span> <span class='ocrx_word' id='word_1_559' title='bbox 3430 2718 3540 2788; x_wconf 79' lang='grc' dir='ltr'><strong>γάρ</strong></span> <span class='ocrx_word' id='word_1_560' title='bbox 3583 2732 3662 2778; x_wconf 83' lang='grc' dir='ltr'>τις</span> <span class='ocrx_word' id='word_1_561' title='bbox 3707 2712 3782 2764; x_wconf 70' lang='grc' dir='ltr'>καὶ</span> 
     </span>
    </p>
   </div>
   <div class='ocr_carea' id='block_1_74' title="bbox 2219 2804 3781 2888">
    <p class='ocr_par' dir='ltr' id='par_1_74' title="bbox 2219 2804 3781 2888">
     <span class='ocr_line' id='line_1_74' title="bbox 2219 2804 3781 2888; baseline -0.009 -18"><span class='ocrx_word' id='word_1_562' title='bbox 2219 2819 2312 2870; x_wconf 86' lang='grc' dir='ltr'><strong>ἀνε</strong></span> <span class='ocrx_word' id='word_1_563' title='bbox 2325 2817 2586 2888; x_wconf 78' lang='grc' dir='ltr'>ρευνὴσας</span> <span class='ocrx_word' id='word_1_564' title='bbox 2619 2813 2728 2868; x_wconf 83' lang='grc' dir='ltr'><strong>ἀπὸ</strong></span> <span class='ocrx_word' id='word_1_565' title='bbox 2763 2812 3098 2875; x_wconf 81' lang='grc' dir='ltr'>τοῦ-αἰῶνος,</span> <span class='ocrx_word' id='word_1_566' title='bbox 3123 2812 3217 2864; x_wconf 78' lang='grc' dir='ltr'><strong>καὶ</strong></span> <span class='ocrx_word' id='word_1_567' title='bbox 3249 2811 3397 2864; x_wconf 86' lang='grc' dir='ltr'><strong>κατά</strong></span> <span class='ocrx_word' id='word_1_568' title='bbox 3430 2808 3639 2879; x_wconf 79' lang='grc' dir='ltr'>γενεὰν,</span> <span class='ocrx_word' id='word_1_569' title='bbox 3667 2804 3781 2858; x_wconf 77' lang='grc' dir='ltr'>εἷσε·</span> 
     </span>
    </p>
   </div>
   <div class='ocr_carea' id='block_1_75' title="bbox 2218 2893 3782 2976">
    <p class='ocr_par' dir='ltr' id='par_1_75' title="bbox 2218 2893 3782 2976">
     <span class='ocr_line' id='line_1_75' title="bbox 2218 2893 3782 2976; baseline -0.008 -17"><span class='ocrx_word' id='word_1_570' title='bbox 2218 2923 2310 2960; x_wconf 89' lang='grc' dir='ltr'>ται</span> <span class='ocrx_word' id='word_1_571' title='bbox 2329 2905 2427 2976; x_wconf 83' lang='grc' dir='ltr'>τῆς</span> <span class='ocrx_word' id='word_1_572' title='bbox 2453 2903 2712 2974; x_wconf 81' lang='grc' dir='ltr'><strong>ἀληθείας</strong></span> <span class='ocrx_word' id='word_1_573' title='bbox 2734 2903 2833 2973; x_wconf 84' lang='grc' dir='ltr'><strong>τῆς</strong></span> <span class='ocrx_word' id='word_1_574' title='bbox 2860 2902 2951 2954; x_wconf 85' lang='grc' dir='ltr'><strong>τοῦ</strong></span> <span class='ocrx_word' id='word_1_575' title='bbox 2979 2901 3230 2972; x_wconf 86' lang='grc' dir='ltr'><strong>Σωτῆρος</strong></span> <span class='ocrx_word' id='word_1_576' title='bbox 3261 2901 3425 2970; x_wconf 79' lang='grc' dir='ltr'>ἡμῶν</span> <span class='ocrx_word' id='word_1_577' title='bbox 3448 2898 3651 2960; x_wconf 84' lang='grc' dir='ltr'>τελείας</span> <span class='ocrx_word' id='word_1_578' title='bbox 3669 2893 3782 2963; x_wconf 76' lang='grc' dir='ltr'><strong>γνώο</strong></span> 
     </span>
    </p>
   </div>
   <div class='ocr_carea' id='block_1_76' title="bbox 2223 2990 3776 3066">
    <p class='ocr_par' dir='ltr' id='par_1_76' title="bbox 2223 2990 3776 3066">
     <span class='ocr_line' id='line_1_76' title="bbox 2223 2990 3776 3066; baseline -0.007 -16"><span class='ocrx_word' id='word_1_579' title='bbox 2223 3014 2361 3060; x_wconf 86' lang='grc' dir='ltr'>σεως</span> <span class='ocrx_word' id='word_1_580' title='bbox 2391 2994 2650 3066; x_wconf 78' lang='grc' dir='ltr'>καὶπρὸς</span> <span class='ocrx_word' id='word_1_581' title='bbox 2703 2994 2794 3046; x_wconf 82' lang='grc' dir='ltr'>τὸν</span> <span class='ocrx_word' id='word_1_582' title='bbox 2845 2993 3065 3064; x_wconf 85' lang='grc' dir='ltr'>Πατέρα</span> <span class='ocrx_word' id='word_1_583' title='bbox 3119 2993 3366 3063; x_wconf 75' lang='grc' dir='ltr'>ἰσότητος</span> <span class='ocrx_word' id='word_1_584' title='bbox 3414 2993 3514 3064; x_wconf 83' lang='grc' dir='ltr'><strong>τὴν</strong></span> <span class='ocrx_word' id='word_1_585' title='bbox 3562 2990 3776 3058; x_wconf 82' lang='grc' dir='ltr'>δύναμιν.</span> 
     </span>
    </p>
   </div>
   <div class='ocr_carea' id='block_1_77' title="bbox 2221 3079 3778 3156">
    <p class='ocr_par' dir='ltr' id='par_1_77' title="bbox 2221 3079 3778 3156">
     <span class='ocr_line' id='line_1_77' title="bbox 2221 3079 3778 3156; baseline -0.008 -14"><span class='ocrx_word' id='word_1_586' title='bbox 2221 3089 2509 3153; x_wconf 75' lang='grc' dir='ltr'>Κνίζονται</span> <span class='ocrx_word' id='word_1_587' title='bbox 2533 3086 2590 3139; x_wconf 84' lang='grc' dir='ltr'>δὲ</span> <span class='ocrx_word' id='word_1_588' title='bbox 2643 3081 2789 3139; x_wconf 74' lang='grc' dir='ltr'>οὗτοι</span> <span class='ocrx_word' id='word_1_589' title='bbox 2825 3084 3104 3154; x_wconf 83' lang='grc' dir='ltr'>Ἰουδαῖκῷ</span> <span class='ocrx_word' id='word_1_590' title='bbox 3135 3087 3454 3156; x_wconf 81' lang='grc' dir='ltr'>φρονήματι</span> <span class='ocrx_word' id='word_1_591' title='bbox 3491 3079 3778 3154; x_wconf 73' lang='grc' dir='ltr'>περιῧεεληο</span> 
     </span>
    </p>
   </div>
   <div class='ocr_carea' id='block_1_78' title="bbox 2225 3169 3780 3249">
    <p class='ocr_par' dir='ltr' id='par_1_78' title="bbox 2225 3169 3780 3249">
     <span class='ocr_line' id='line_1_78' title="bbox 2225 3169 3780 3249; baseline -0.007 -19"><span class='ocrx_word' id='word_1_592' title='bbox 2225 3179 2395 3249; x_wconf 85' lang='grc' dir='ltr'>μένοι,</span> <span class='ocrx_word' id='word_1_593' title='bbox 2427 3176 2522 3230; x_wconf 81' lang='grc' dir='ltr'><strong>καὶ</strong></span> <span class='ocrx_word' id='word_1_594' title='bbox 2553 3174 2927 3245; x_wconf 80' lang='grc' dir='ltr'>ἀγανακτοῦσι</span> <span class='ocrx_word' id='word_1_595' title='bbox 2970 3175 3051 3245; x_wconf 81' lang='grc' dir='ltr'><strong>τῷ</strong></span> <span class='ocrx_word' id='word_1_596' title='bbox 3083 3174 3197 3244; x_wconf 84' lang='grc' dir='ltr'><strong>Υἱῷ</strong></span> <span class='ocrx_word' id='word_1_597' title='bbox 3227 3174 3326 3227; x_wconf 87' lang='grc' dir='ltr'><strong>τοῦ</strong></span> <span class='ocrx_word' id='word_1_598' title='bbox 3367 3173 3525 3236; x_wconf 80' lang='grc' dir='ltr'>Θεοῦ,</span> <span class='ocrx_word' id='word_1_599' title='bbox 3567 3169 3780 3236; x_wconf 79' lang='grc' dir='ltr'>καθάπερ</span> 
     </span>
    </p>
   </div>
   <div class='ocr_carea' id='block_1_79' title="bbox 2219 3257 3778 3334">
    <p class='ocr_par' dir='ltr' id='par_1_79' title="bbox 2219 3257 3778 3334">
     <span class='ocr_line' id='line_1_79' title="bbox 2219 3257 3778 3334; baseline -0.006 -16"><span class='ocrx_word' id='word_1_600' title='bbox 2219 3267 2413 3320; x_wconf 77' lang='grc' dir='ltr'>ἐκεῖνοι</span> <span class='ocrx_word' id='word_1_601' title='bbox 2454 3266 2658 3334; x_wconf 72' lang='grc' dir='ltr'>ελεγον,</span> <span class='ocrx_word' id='word_1_602' title='bbox 2708 3266 2790 3318; x_wconf 83' lang='grc' dir='ltr'>ὅτι</span> <span class='ocrx_word' id='word_1_603' title='bbox 2835 3265 2913 3318; x_wconf 84' lang='grc' dir='ltr'><strong>Δι’</strong></span> <span class='ocrx_word' id='word_1_604' title='bbox 2945 3263 3127 3317; x_wconf 80' lang='grc' dir='ltr'>οὐδὲν</span> <span class='ocrx_word' id='word_1_605' title='bbox 3185 3267 3463 3333; x_wconf 80' lang='grc' dir='ltr'>πονηρόν</span> <span class='ocrx_word' id='word_1_606' title='bbox 3487 3280 3560 3316; x_wconf 90' lang='grc' dir='ltr'><strong>σε</strong></span> <span class='ocrx_word' id='word_1_607' title='bbox 3586 3257 3778 3317; x_wconf 67' lang='grc' dir='ltr'>λιθάζο-</span> 
     </span>
    </p>
   </div>
   <div class='ocr_carea' id='block_1_80' title="bbox 2215 3345 3780 3426">
    <p class='ocr_par' dir='ltr' id='par_1_80' title="bbox 2215 3345 3780 3426">
     <span class='ocr_line' id='line_1_80' title="bbox 2215 3345 3780 3426; baseline -0.01 -15"><span class='ocrx_word' id='word_1_608' title='bbox 2215 3373 2349 3426; x_wconf 83' lang='grc' dir='ltr'>μεν,</span> <span class='ocrx_word' id='word_1_609' title='bbox 2390 3358 2528 3411; x_wconf 72' lang='grc' dir='ltr'><strong>ἀλλ’</strong></span> <span class='ocrx_word' id='word_1_610' title='bbox 2567 3356 2678 3422; x_wconf 84' lang='grc' dir='ltr'>ὅτι,</span> <span class='ocrx_word' id='word_1_611' title='bbox 2735 3355 3046 3422; x_wconf 80' lang='grc' dir='ltr'><strong>ἄνθρωπος</strong></span> <span class='ocrx_word' id='word_1_612' title='bbox 3077 3353 3183 3419; x_wconf 83' lang='grc' dir='ltr'>ὢν,</span> <span class='ocrx_word' id='word_1_613' title='bbox 3259 3355 3402 3408; x_wconf 77' lang='grc' dir='ltr'>Υιὸν</span> <span class='ocrx_word' id='word_1_614' title='bbox 3443 3351 3587 3407; x_wconf 80' lang='grc' dir='ltr'>Θεοῦ</span> <span class='ocrx_word' id='word_1_615' title='bbox 3623 3345 3780 3400; x_wconf 73' lang='grc' dir='ltr'>αὑτὸν</span> 
     </span>
    </p>
   </div>
   <div class='ocr_carea' id='block_1_81' title="bbox 2221 3433 3777 3516">
    <p class='ocr_par' dir='ltr' id='par_1_81' title="bbox 2221 3433 3777 3516">
     <span class='ocr_line' id='line_1_81' title="bbox 2221 3433 3777 3516; baseline -0.01 -18"><span class='ocrx_word' id='word_1_616' title='bbox 2221 3445 2542 3516; x_wconf 66' lang='grc' dir='ltr'>ὀνομάζεις,</span> <span class='ocrx_word' id='word_1_617' title='bbox 2568 3446 2708 3499; x_wconf 77' lang='grc' dir='ltr'>ἴσον</span> <span class='ocrx_word' id='word_1_618' title='bbox 2742 3444 2822 3509; x_wconf 83' lang='grc' dir='ltr'>τῷ</span> <span class='ocrx_word' id='word_1_619' title='bbox 2847 3442 2969 3508; x_wconf 82' lang='grc' dir='ltr'>Θεῷ</span> <span class='ocrx_word' id='word_1_620' title='bbox 3001 3442 3187 3497; x_wconf 79' lang='grc' dir='ltr'>ποιῶν</span> <span class='ocrx_word' id='word_1_621' title='bbox 3214 3443 3502 3497; x_wconf 86' lang='grc' dir='ltr'>σεαυτόν.</span> <span class='ocrx_word' id='word_1_622' title='bbox 3535 3439 3678 3493; x_wconf 77' lang='grc' dir='ltr'>Οὕτω</span> <span class='ocrx_word' id='word_1_623' title='bbox 3704 3433 3777 3485; x_wconf 79' lang='grc' dir='ltr'>καὶ</span> 
     </span>
    </p>
   </div>
   <div class='ocr_carea' id='block_1_82' title="bbox 2219 3524 3778 3606">
    <p class='ocr_par' dir='ltr' id='par_1_82' title="bbox 2219 3524 3778 3606">
     <span class='ocr_line' id='line_1_82' title="bbox 2219 3524 3778 3606; baseline -0.01 -16"><span class='ocrx_word' id='word_1_624' title='bbox 2219 3530 2388 3601; x_wconf 74' lang='grc' dir='ltr'>οὗτοι,</span> <span class='ocrx_word' id='word_1_625' title='bbox 2427 3537 2507 3606; x_wconf 83' lang='grc' dir='ltr'><strong>τῷ</strong></span> <span class='ocrx_word' id='word_1_626' title='bbox 2535 3535 2685 3605; x_wconf 83' lang='grc' dir='ltr'><strong>αὐτῷ</strong></span> <span class='ocrx_word' id='word_1_627' title='bbox 2719 3534 2881 3588; x_wconf 82' lang='grc' dir='ltr'>πάθει</span> <span class='ocrx_word' id='word_1_628' title='bbox 2911 3534 3022 3586; x_wconf 82' lang='grc' dir='ltr'><strong>τῶν</strong></span> <span class='ocrx_word' id='word_1_629' title='bbox 3047 3533 3362 3604; x_wconf 75' lang='grc' dir='ltr'>Φαρισαίων</span> <span class='ocrx_word' id='word_1_630' title='bbox 3417 3533 3510 3585; x_wconf 74' lang='grc' dir='ltr'><strong>καὶ</strong></span> <span class='ocrx_word' id='word_1_631' title='bbox 3545 3524 3778 3581; x_wconf 79' lang='grc' dir='ltr'>Ἰουδαίων</span> 
     </span>
    </p>
   </div>
   <div class='ocr_carea' id='block_1_83' title="bbox 2224 3612 3775 3698">
    <p class='ocr_par' dir='ltr' id='par_1_83' title="bbox 2224 3612 3775 3698">
     <span class='ocr_line' id='line_1_83' title="bbox 2224 3612 3775 3698; baseline -0.012 -17"><span class='ocrx_word' id='word_1_632' title='bbox 2224 3627 2634 3698; x_wconf 83' lang='grc' dir='ltr'>περιπεσόντες,</span> <span class='ocrx_word' id='word_1_633' title='bbox 2695 3623 3085 3693; x_wconf 81' lang='grc' dir='ltr'>ἀγανακτοῦσι,</span> <span class='ocrx_word' id='word_1_634' title='bbox 3126 3623 3200 3694; x_wconf 85' lang='grc' dir='ltr'>μὴ</span> <span class='ocrx_word' id='word_1_635' title='bbox 3243 3622 3491 3683; x_wconf 84' lang='grc' dir='ltr'>θέλοντες</span> <span class='ocrx_word' id='word_1_636' title='bbox 3519 3619 3682 3686; x_wconf 83' lang='grc' dir='ltr'>λέγειν</span> <span class='ocrx_word' id='word_1_637' title='bbox 3704 3612 3775 3665; x_wconf 81' lang='grc' dir='ltr'><strong>τὸν</strong></span> 
     </span>
    </p>
   </div>
   <div class='ocr_carea' id='block_1_84' title="bbox 2223 3707 3778 3789">
    <p class='ocr_par' dir='ltr' id='par_1_84' title="bbox 2223 3707 3778 3789">
     <span class='ocr_line' id='line_1_84' title="bbox 2223 3707 3778 3789; baseline -0.012 -16"><span class='ocrx_word' id='word_1_638' title='bbox 2223 3721 2352 3773; x_wconf 82' lang='grc' dir='ltr'>Υἱὸν</span> <span class='ocrx_word' id='word_1_639' title='bbox 2375 3721 2487 3772; x_wconf 88' lang='grc' dir='ltr'>ίσον</span> <span class='ocrx_word' id='word_1_640' title='bbox 2507 3718 2584 3789; x_wconf 81' lang='grc' dir='ltr'>τῷ</span> <span class='ocrx_word' id='word_1_641' title='bbox 2604 3717 2978 3788; x_wconf 78' lang='grc' dir='ltr'>γεγεννηκότι.</span> <span class='ocrx_word' id='word_1_642' title='bbox 3011 3717 3152 3788; x_wconf 88' lang='grc' dir='ltr'><strong>Ὅρα</strong></span> <span class='ocrx_word' id='word_1_643' title='bbox 3179 3716 3288 3786; x_wconf 82' lang='grc' dir='ltr'>γάρ</span> <span class='ocrx_word' id='word_1_644' title='bbox 3321 3733 3412 3786; x_wconf 82' lang='grc' dir='ltr'><strong>μοι</strong></span> <span class='ocrx_word' id='word_1_645' title='bbox 3436 3715 3534 3784; x_wconf 69' lang='grc' dir='ltr'>τὴν</span> <span class='ocrx_word' id='word_1_646' title='bbox 3549 3713 3648 3763; x_wconf 81' lang='grc' dir='ltr'><strong>τῶν</strong></span> <span class='ocrx_word' id='word_1_647' title='bbox 3664 3707 3778 3774; x_wconf 83' lang='grc' dir='ltr'>Γρα-</span> 
     </span>
    </p>
   </div>
   <div class='ocr_carea' id='block_1_85' title="bbox 2223 3793 3774 3883">
    <p class='ocr_par' dir='ltr' id='par_1_85' title="bbox 2223 3793 3774 3883">
     <span class='ocr_line' id='line_1_85' title="bbox 2223 3793 3774 3883; baseline -0.007 -19"><span class='ocrx_word' id='word_1_648' title='bbox 2223 3813 2340 3882; x_wconf 86' lang='grc' dir='ltr'><strong>φῶν</strong></span> <span class='ocrx_word' id='word_1_649' title='bbox 2383 3810 2690 3883; x_wconf 78' lang='grc' dir='ltr'>ἀκρίϐειαν,</span> <span class='ocrx_word' id='word_1_650' title='bbox 2725 3809 2806 3863; x_wconf 85' lang='grc' dir='ltr'><strong>ὃτι</strong></span> <span class='ocrx_word' id='word_1_651' title='bbox 2858 3807 3095 3879; x_wconf 81' lang='grc' dir='ltr'>οὐδαμοῦ</span> <span class='ocrx_word' id='word_1_652' title='bbox 3123 3808 3349 3880; x_wconf 80' lang='grc' dir='ltr'>εἴρηκεν</span> <span class='ocrx_word' id='word_1_653' title='bbox 3389 3808 3422 3876; x_wconf 83' lang='grc' dir='ltr'>ἡ</span> <span class='ocrx_word' id='word_1_654' title='bbox 3463 3805 3578 3858; x_wconf 81' lang='grc' dir='ltr'>θεία</span> <span class='ocrx_word' id='word_1_655' title='bbox 3614 3793 3774 3867; x_wconf 69' lang='grc' dir='ltr'>Γραφὴ</span> 
     </span>
    </p>
   </div>
   <div class='ocr_carea' id='block_1_86' title="bbox 2223 3884 3770 3970">
    <p class='ocr_par' dir='ltr' id='par_1_86' title="bbox 2223 3884 3770 3970">
     <span class='ocr_line' id='line_1_86' title="bbox 2223 3884 3770 3970; baseline -0.011 -14"><span class='ocrx_word' id='word_1_656' title='bbox 2223 3903 2314 3956; x_wconf 72' lang='grc' dir='ltr'>τὸν</span> <span class='ocrx_word' id='word_1_657' title='bbox 2339 3903 2498 3970; x_wconf 84' lang='grc' dir='ltr'>λόγον</span> <span class='ocrx_word' id='word_1_658' title='bbox 2523 3899 2712 3953; x_wconf 85' lang='grc' dir='ltr'>τοῦτον</span> <span class='ocrx_word' id='word_1_659' title='bbox 2744 3900 2851 3970; x_wconf 81' lang='grc' dir='ltr'>πρὸ</span> <span class='ocrx_word' id='word_1_660' title='bbox 2877 3899 2978 3969; x_wconf 84' lang='grc' dir='ltr'><strong>τῆς</strong></span> <span class='ocrx_word' id='word_1_661' title='bbox 3024 3898 3287 3968; x_wconf 79' lang='grc' dir='ltr'>ὲνσάρκου</span> <span class='ocrx_word' id='word_1_662' title='bbox 3318 3893 3611 3968; x_wconf 88' lang='grc' dir='ltr'>παρουσίας</span> <span class='ocrx_word' id='word_1_663' title='bbox 3630 3905 3642 3918; x_wconf 78' lang='grc'><strong><em>⁸</em></strong></span> <span class='ocrx_word' id='word_1_664' title='bbox 3673 3884 3770 3940; x_wconf 84' lang='grc' dir='ltr'>ἀλλ’</span> 
     </span>
    </p>
   </div>
   <div class='ocr_carea' id='block_1_87' title="bbox 2223 3976 3772 4064">
    <p class='ocr_par' dir='ltr' id='par_1_87' title="bbox 2223 3976 3772 4064">
     <span class='ocr_line' id='line_1_87' title="bbox 2223 3976 3772 4064; baseline -0.008 -18"><span class='ocrx_word' id='word_1_665' title='bbox 2223 3996 2253 4046; x_wconf 84' lang='grc' dir='ltr'>ὁ</span> <span class='ocrx_word' id='word_1_666' title='bbox 2300 3993 2491 4064; x_wconf 81' lang='grc' dir='ltr'>Πατὴρ</span> <span class='ocrx_word' id='word_1_667' title='bbox 2528 3991 2606 4062; x_wconf 86' lang='grc' dir='ltr'>τῷ</span> <span class='ocrx_word' id='word_1_668' title='bbox 2658 3990 2808 4060; x_wconf 85' lang='grc' dir='ltr'>Υίῷ,</span> <span class='ocrx_word' id='word_1_669' title='bbox 2863 3988 3217 4057; x_wconf 78' lang='grc' dir='ltr'>Ποιήσωμεν</span> <span class='ocrx_word' id='word_1_670' title='bbox 3259 3988 3590 4054; x_wconf 80' lang='grc' dir='ltr'>ἄνθρωπον,</span> <span class='ocrx_word' id='word_1_671' title='bbox 3632 3976 3772 4043; x_wconf 74' lang='grc' dir='ltr'>λέγει,</span> 
     </span>
    </p>
   </div>
   <div class='ocr_carea' id='block_1_88' title="bbox 2226 4064 3774 4156">
    <p class='ocr_par' dir='ltr' id='par_1_88' title="bbox 2226 4064 3774 4156">
     <span class='ocr_line' id='line_1_88' title="bbox 2226 4064 3774 4156; baseline -0.01 -17"><span class='ocrx_word' id='word_1_672' title='bbox 2226 4083 2653 4156; x_wconf 85' lang='grc' dir='ltr'>συνδημιουργὸν</span> <span class='ocrx_word' id='word_1_673' title='bbox 2685 4083 2868 4136; x_wconf 88' lang='grc' dir='ltr'>καλῶν</span> <span class='ocrx_word' id='word_1_674' title='bbox 2916 4082 3009 4133; x_wconf 84' lang='grc' dir='ltr'><strong>τὸν</strong></span> <span class='ocrx_word' id='word_1_675' title='bbox 3036 4081 3184 4146; x_wconf 84' lang='grc' dir='ltr'>Υίὺν,</span> <span class='ocrx_word' id='word_1_676' title='bbox 3223 4080 3320 4132; x_wconf 51' lang='grc' dir='ltr'><strong>καὶ⁸</strong></span> <span class='ocrx_word' id='word_1_677' title='bbox 3359 4079 3574 4148; x_wconf 83' lang='grc' dir='ltr'>γνήσιον</span> <span class='ocrx_word' id='word_1_678' title='bbox 3597 4064 3774 4156; x_wconf 52' lang='grc' dir='ltr'>δεικνῆς</span> 
     </span>
    </p>
   </div>
   <div class='ocr_carea' id='block_1_89' title="bbox 2227 4155 3772 4254">
    <p class='ocr_par' dir='ltr' id='par_1_89' title="bbox 2227 4155 3772 4254">
     <span class='ocr_line' id='line_1_89' title="bbox 2227 4155 3772 4254; baseline -0.013 -21"><span class='ocrx_word' id='word_1_679' title='bbox 2227 4181 2348 4233; x_wconf 81' lang='grc' dir='ltr'><strong>κατ’</strong></span> <span class='ocrx_word' id='word_1_680' title='bbox 2379 4155 2633 4248; x_wconf 14' lang='grc' dir='ltr'>Ῠίσότητα.</span> <span class='ocrx_word' id='word_1_681' title='bbox 2693 4175 2804 4228; x_wconf 76' lang='grc' dir='ltr'>Καὶ</span> <span class='ocrx_word' id='word_1_682' title='bbox 2864 4171 3102 4244; x_wconf 83' lang='grc' dir='ltr'>οὐδαμοῦ</span> <span class='ocrx_word' id='word_1_683' title='bbox 3131 4161 3356 4242; x_wconf 74' lang='grc' dir='ltr'>εἴρηκεν</span> <span class='ocrx_word' id='word_1_684' title='bbox 3405 4171 3433 4222; x_wconf 90' lang='grc' dir='ltr'>ὁ</span> <span class='ocrx_word' id='word_1_685' title='bbox 3483 4165 3621 4254; x_wconf 62' lang='grc' dir='ltr'>Υἱὸς,</span> <span class='ocrx_word' id='word_1_686' title='bbox 3651 4155 3772 4254; x_wconf 55' lang='grc' dir='ltr'><strong>Θεςξτ·</strong></span> 
     </span>
    </p>
   </div>
   <div class='ocr_carea' id='block_1_90' title="bbox 2223 4252 3772 4342">
    <p class='ocr_par' dir='ltr' id='par_1_90' title="bbox 2223 4252 3772 4342">
     <span class='ocr_line' id='line_1_90' title="bbox 2223 4252 3772 4342; baseline -0.01 -16"><span class='ocrx_word' id='word_1_687' title='bbox 2223 4288 2361 4342; x_wconf 84' lang='grc' dir='ltr'>μου,</span> <span class='ocrx_word' id='word_1_688' title='bbox 2407 4269 2506 4323; x_wconf 85' lang='grc' dir='ltr'><strong>καὶ</strong></span> <span class='ocrx_word' id='word_1_689' title='bbox 2535 4267 2684 4321; x_wconf 78' lang='grc' dir='ltr'>Θεὸν</span> <span class='ocrx_word' id='word_1_690' title='bbox 2717 4265 2917 4334; x_wconf 79' lang='grc' dir='ltr'>ὑμῶν·</span> <span class='ocrx_word' id='word_1_691' title='bbox 2974 4264 3089 4323; x_wconf 78' lang='grc' dir='ltr'>καὶ,</span> <span class='ocrx_word' id='word_1_692' title='bbox 3127 4263 3434 4316; x_wconf 79' lang='grc' dir='ltr'>Ἤκουσεν</span> <span class='ocrx_word' id='word_1_693' title='bbox 3491 4252 3772 4342; x_wconf 80' lang='grc' dir='ltr'>Ἀδὰμ</span> 
     </span>
    </p>
   </div>
   <div class='ocr_carea' id='block_1_91' title="bbox 2226 4333 3770 4432">
    <p class='ocr_par' dir='ltr' id='par_1_91' title="bbox 2226 4333 3770 4432">
     <span class='ocr_line' id='line_1_91' title="bbox 2226 4333 3770 4432; baseline -0.021 -14"><span class='ocrx_word' id='word_1_694' title='bbox 2226 4333 2434 4432; x_wconf 54' lang='grc' dir='ltr'>ξοωνῆς</span> <span class='ocrx_word' id='word_1_695' title='bbox 2463 4360 2569 4414; x_wconf 86' lang='grc' dir='ltr'>τοῦ</span> <span class='ocrx_word' id='word_1_696' title='bbox 2615 4333 2765 4413; x_wconf 81' lang='grc' dir='ltr'>Θεοῦ</span> <span class='ocrx_word' id='word_1_697' title='bbox 2804 4354 3278 4424; x_wconf 79' lang='grc' dir='ltr'>περιπατοῦντος</span> <span class='ocrx_word' id='word_1_698' title='bbox 3311 4354 3384 4406; x_wconf 82' lang='grc' dir='ltr'>ἐν</span> <span class='ocrx_word' id='word_1_699' title='bbox 3412 4348 3490 4414; x_wconf 83' lang='grc' dir='ltr'>τῷ</span> <span class='ocrx_word' id='word_1_700' title='bbox 3535 4333 3770 4411; x_wconf 75' lang='grc' dir='ltr'>παραδεί-</span> 
     </span>
    </p>
   </div>
   <div class='ocr_carea' id='block_1_92' title="bbox 531 4433 2118 4532">
    <p class='ocr_par' dir='ltr' id='par_1_92' title="bbox 531 4455 2118 4522">
     <span class='ocr_line' id='line_1_92' title="bbox 531 4455 2118 4522; baseline -0.006 -7"><span class='ocrx_word' id='word_1_701' title='bbox 531 4459 771 4515; x_wconf 70' lang='lat' dir='ltr'><strong>Adamn:</strong></span> <span class='ocrx_word' id='word_1_702' title='bbox 839 4458 938 4513; x_wconf 87' lang='lat' dir='ltr'><strong>Dei</strong></span> <span class='ocrx_word' id='word_1_703' title='bbox 984 4475 1157 4514; x_wconf 82' lang='lat' dir='ltr'><strong>vocem</strong></span> <span class='ocrx_word' id='word_1_704' title='bbox 1205 4458 1446 4512; x_wconf 75' lang='lat' dir='ltr'><strong>exaudiit</strong></span> <span class='ocrx_word' id='word_1_705' title='bbox 1498 4455 1822 4510; x_wconf 81' lang='lat' dir='ltr'><strong>ambulantis</strong></span> <span class='ocrx_word' id='word_1_706' title='bbox 1865 4457 1920 4510; x_wconf 90' lang='lat' dir='ltr'><strong>in</strong></span> <span class='ocrx_word' id='word_1_707' title='bbox 1962 4471 2118 4522; x_wconf 50' lang='lat' dir='ltr'><strong>para‘</strong></span> 
     </span>
    </p>
   </div>
   <div class='ocr_carea' id='block_1_93' title="bbox 2219 4433 3772 4532">
    <p class='ocr_par' dir='ltr' id='par_1_93' title="bbox 2230 4433 3772 4520">
     <span class='ocr_line' id='line_1_93' title="bbox 2230 4433 3772 4520; baseline -0.012 -13"><span class='ocrx_word' id='word_1_708' title='bbox 2230 4470 2352 4520; x_wconf 87' lang='grc' dir='ltr'><strong>σῳ·</strong></span> <span class='ocrx_word' id='word_1_709' title='bbox 2407 4451 2522 4514; x_wconf 74' lang='grc' dir='ltr'>καὶ,</span> <span class='ocrx_word' id='word_1_710' title='bbox 2572 4451 2840 4516; x_wconf 78' lang='grc' dir='ltr'>Ποίησον</span> <span class='ocrx_word' id='word_1_711' title='bbox 2912 4444 3149 4509; x_wconf 82' lang='grc' dir='ltr'>σεαυτῷ</span> <span class='ocrx_word' id='word_1_712' title='bbox 3196 4443 3446 4498; x_wconf 74' lang='grc' dir='ltr'>κιϐωτὸν</span> <span class='ocrx_word' id='word_1_713' title='bbox 3494 4441 3559 4492; x_wconf 86' lang='grc' dir='ltr'><strong><em>ἐκ</em></strong></span> <span class='ocrx_word' id='word_1_714' title='bbox 3606 4433 3772 4499; x_wconf 69' lang='grc' dir='ltr'><em>ξύλων</em></span> 
     </span>
    </p>
   </div>
   <div class='ocr_carea' id='block_1_94' title="bbox 535 4547 2121 4619">
    <p class='ocr_par' dir='ltr' id='par_1_94' title="bbox 535 4547 2121 4619">
     <span class='ocr_line' id='line_1_94' title="bbox 535 4547 2121 4619; baseline -0.003 -15"><span class='ocrx_word' id='word_1_715' title='bbox 535 4553 654 4606; x_wconf 85' lang='lat' dir='ltr'><strong>diso</strong></span> <span class='ocrx_word' id='word_1_716' title='bbox 674 4553 716 4606; x_wconf 85' lang='lat'><strong>&#39;.</strong></span> <span class='ocrx_word' id='word_1_717' title='bbox 753 4549 894 4605; x_wconf 83' lang='lat' dir='ltr'><strong>Tum</strong></span> <span class='ocrx_word' id='word_1_718' title='bbox 921 4569 934 4605; x_wconf 91' lang='lat'><strong>:</strong></span> <span class='ocrx_word' id='word_1_719' title='bbox 972 4549 1088 4604; x_wconf 85' lang='lat' dir='ltr'><strong>Fac</strong></span> <span class='ocrx_word' id='word_1_720' title='bbox 1111 4551 1206 4603; x_wconf 87' lang='lat' dir='ltr'><strong>tibi</strong></span> <span class='ocrx_word' id='word_1_721' title='bbox 1234 4566 1414 4603; x_wconf 82' lang='lat' dir='ltr'><strong>arcam</strong></span> <span class='ocrx_word' id='word_1_722' title='bbox 1452 4549 1516 4603; x_wconf 89' lang='lat' dir='ltr'><strong>de</strong></span> <span class='ocrx_word' id='word_1_723' title='bbox 1546 4549 1702 4619; x_wconf 83' lang='lat' dir='ltr'><strong>lignis</strong></span> <span class='ocrx_word' id='word_1_724' title='bbox 1733 4549 2054 4616; x_wconf 84' lang='lat' dir='ltr'><strong>incorruptis</strong></span> <span class='ocrx_word' id='word_1_725' title='bbox 2079 4547 2121 4600; x_wconf 86' lang='grc'><strong>⁸.</strong></span> 
     </span>
    </p>
   </div>
   <div class='ocr_carea' id='block_1_95' title="bbox 535 4639 2127 4698">
    <p class='ocr_par' dir='ltr' id='par_1_95' title="bbox 535 4639 2127 4698">
     <span class='ocr_line' id='line_1_95' title="bbox 535 4639 2127 4698; baseline -0.003 0"><span class='ocrx_word' id='word_1_726' title='bbox 535 4644 605 4698; x_wconf 87' lang='lat' dir='ltr'><strong>Et</strong></span> <span class='ocrx_word' id='word_1_727' title='bbox 659 4663 673 4698; x_wconf 89' lang='lat'><strong>:</strong></span> <span class='ocrx_word' id='word_1_728' title='bbox 719 4641 869 4697; x_wconf 86' lang='lat' dir='ltr'><strong>Pluit</strong></span> <span class='ocrx_word' id='word_1_729' title='bbox 907 4642 1170 4696; x_wconf 85' lang='lat' dir='ltr'><strong>Dominus</strong></span> <span class='ocrx_word' id='word_1_730' title='bbox 1223 4660 1255 4696; x_wconf 92' lang='lat' dir='ltr'><strong>a</strong></span> <span class='ocrx_word' id='word_1_731' title='bbox 1316 4642 1545 4695; x_wconf 78' lang='lat' dir='ltr'><strong>Domino</strong></span> <span class='ocrx_word' id='word_1_732' title='bbox 1577 4643 1620 4695; x_wconf 82' lang='lat'><strong>’.</strong></span> <span class='ocrx_word' id='word_1_733' title='bbox 1673 4643 1805 4694; x_wconf 86' lang='lat' dir='ltr'><strong>Item</strong></span> <span class='ocrx_word' id='word_1_734' title='bbox 1863 4639 2127 4694; x_wconf 87' lang='lat' dir='ltr'><strong>Dominus</strong></span> 
     </span>
    </p>
   </div>
   <div class='ocr_carea' id='block_1_96' title="bbox 536 4731 2130 4805">
    <p class='ocr_par' dir='ltr' id='par_1_96' title="bbox 536 4731 2130 4805">
     <span class='ocr_line' id='line_1_96' title="bbox 536 4731 2130 4805; baseline -0.001 -19"><span class='ocrx_word' id='word_1_735' title='bbox 536 4731 752 4804; x_wconf 71' lang='lat' dir='ltr'><strong>Moysi:</strong></span> <span class='ocrx_word' id='word_1_736' title='bbox 787 4733 896 4805; x_wconf 84' lang='lat' dir='ltr'><strong>Ego</strong></span> <span class='ocrx_word' id='word_1_737' title='bbox 927 4751 1043 4788; x_wconf 84' lang='lat' dir='ltr'><strong>sum</strong></span> <span class='ocrx_word' id='word_1_738' title='bbox 1081 4733 1222 4788; x_wconf 84' lang='lat' dir='ltr'><strong>Deus</strong></span> <span class='ocrx_word' id='word_1_739' title='bbox 1275 4733 1568 4799; x_wconf 80' lang='lat' dir='ltr'><strong>Abraham,</strong></span> <span class='ocrx_word' id='word_1_740' title='bbox 1614 4743 1663 4786; x_wconf 89' lang='lat' dir='ltr'><strong>et</strong></span> <span class='ocrx_word' id='word_1_741' title='bbox 1691 4733 1832 4787; x_wconf 83' lang='lat' dir='ltr'><strong>Deus</strong></span> <span class='ocrx_word' id='word_1_742' title='bbox 1865 4731 2046 4796; x_wconf 80' lang='lat' dir='ltr'><strong>Isaac,</strong></span> <span class='ocrx_word' id='word_1_743' title='bbox 2079 4741 2130 4785; x_wconf 88' lang='lat' dir='ltr'><strong>et</strong></span> 
     </span>
    </p>
   </div>
   <div class='ocr_carea' id='block_1_97' title="bbox 537 4823 2129 4892">
    <p class='ocr_par' dir='ltr' id='par_1_97' title="bbox 537 4823 2129 4892">
     <span class='ocr_line' id='line_1_97' title="bbox 537 4823 2129 4892; baseline 0.001 -16"><span class='ocrx_word' id='word_1_744' title='bbox 537 4823 678 4878; x_wconf 85' lang='lat' dir='ltr'><strong>Deus</strong></span> <span class='ocrx_word' id='word_1_745' title='bbox 699 4825 868 4879; x_wconf 75' lang='lat' dir='ltr'><strong>Iacob</strong></span> <span class='ocrx_word' id='word_1_746' title='bbox 888 4827 954 4878; x_wconf 80' lang='lat'><strong>“.</strong></span> <span class='ocrx_word' id='word_1_747' title='bbox 987 4825 1298 4892; x_wconf 81' lang='lat' dir='ltr'><strong>Quinetiam</strong></span> <span class='ocrx_word' id='word_1_748' title='bbox 1324 4825 1492 4880; x_wconf 79' lang='lat' dir='ltr'><strong>David</strong></span> <span class='ocrx_word' id='word_1_749' title='bbox 1525 4850 1535 4880; x_wconf 82' lang='lat'>;</span> <span class='ocrx_word' id='word_1_750' title='bbox 1563 4825 1714 4878; x_wconf 80' lang='lat' dir='ltr'><strong>Dixit</strong></span> <span class='ocrx_word' id='word_1_751' title='bbox 1742 4825 2000 4879; x_wconf 86' lang='lat' dir='ltr'><strong>Dominus</strong></span> <span class='ocrx_word' id='word_1_752' title='bbox 2024 4823 2129 4877; x_wconf 91' lang='lat' dir='ltr'><strong>Do—</strong></span> 
     </span>
    </p>
   </div>
   <div class='ocr_carea' id='block_1_98' title="bbox 536 4905 2132 4972">
    <p class='ocr_par' dir='ltr' id='par_1_98' title="bbox 536 4905 2132 4972">
     <span class='ocr_line' id='line_1_98' title="bbox 536 4905 2132 4972; baseline 0.001 -6"><span class='ocrx_word' id='word_1_753' title='bbox 536 4916 680 4968; x_wconf 87' lang='lat' dir='ltr'><strong>mino</strong></span> <span class='ocrx_word' id='word_1_754' title='bbox 714 4933 826 4972; x_wconf 85' lang='lat' dir='ltr'><strong>meo</strong></span> <span class='ocrx_word' id='word_1_755' title='bbox 849 4933 868 4971; x_wconf 92' lang='lat'><strong>:</strong></span> <span class='ocrx_word' id='word_1_756' title='bbox 901 4917 1033 4972; x_wconf 89' lang='lat' dir='ltr'><strong>Sede</strong></span> <span class='ocrx_word' id='word_1_757' title='bbox 1062 4936 1094 4971; x_wconf 93' lang='lat' dir='ltr'><strong>a</strong></span> <span class='ocrx_word' id='word_1_758' title='bbox 1122 4917 1322 4972; x_wconf 73' lang='lat' dir='ltr'><strong>dextris</strong></span> <span class='ocrx_word' id='word_1_759' title='bbox 1357 4919 1485 4972; x_wconf 86' lang='lat' dir='ltr'><strong>meis</strong></span> <span class='ocrx_word' id='word_1_760' title='bbox 1521 4920 1583 4972; x_wconf 70' lang='grc' dir='ltr'><strong>η.</strong></span> <span class='ocrx_word' id='word_1_761' title='bbox 1612 4915 1722 4971; x_wconf 81' lang='lat' dir='ltr'><strong>Nec</strong></span> <span class='ocrx_word' id='word_1_762' title='bbox 1750 4905 2132 4971; x_wconf 66' lang='lat' dir='ltr'><strong>ullibi&#39;Domi-</strong></span> 
     </span>
    </p>
   </div>
   <div class='ocr_carea' id='block_1_99' title="bbox 538 5007 2129 5072">
    <p class='ocr_par' dir='ltr' id='par_1_99' title="bbox 538 5007 2129 5072">
     <span class='ocr_line' id='line_1_99' title="bbox 538 5007 2129 5072; baseline 0.001 -13"><span class='ocrx_word' id='word_1_763' title='bbox 538 5021 644 5060; x_wconf 81' lang='lat' dir='ltr'><strong>nus</strong></span> <span class='ocrx_word' id='word_1_764' title='bbox 680 5007 845 5060; x_wconf 88' lang='lat' dir='ltr'><strong>Deum</strong></span> <span class='ocrx_word' id='word_1_765' title='bbox 875 5025 1068 5072; x_wconf 84' lang='lat' dir='ltr'><strong>meum,</strong></span> <span class='ocrx_word' id='word_1_766' title='bbox 1101 5019 1151 5064; x_wconf 85' lang='lat' dir='ltr'><strong>et</strong></span> <span class='ocrx_word' id='word_1_767' title='bbox 1181 5011 1346 5065; x_wconf 86' lang='lat' dir='ltr'><strong>Deum</strong></span> <span class='ocrx_word' id='word_1_768' title='bbox 1396 5019 1626 5065; x_wconf 84' lang='lat' dir='ltr'><strong>vestrum</strong></span> <span class='ocrx_word' id='word_1_769' title='bbox 1656 5010 1977 5063; x_wconf 83' lang='lat' dir='ltr'><strong>nominavit.</strong></span> <span class='ocrx_word' id='word_1_770' title='bbox 2011 5007 2129 5062; x_wconf 75' lang='lat' dir='ltr'><strong>Ca:-</strong></span> 
     </span>
    </p>
   </div>
   <div class='ocr_carea' id='block_1_100' title="bbox 538 5095 2130 5171">
    <p class='ocr_par' dir='ltr' id='par_1_100' title="bbox 538 5095 2130 5171">
     <span class='ocr_line' id='line_1_100' title="bbox 538 5095 2130 5171; baseline 0.003 -22"><span class='ocrx_word' id='word_1_771' title='bbox 538 5095 718 5150; x_wconf 86' lang='lat' dir='ltr'><strong>lerum</strong></span> <span class='ocrx_word' id='word_1_772' title='bbox 763 5099 851 5152; x_wconf 91' lang='lat' dir='ltr'><strong>ubi</strong></span> <span class='ocrx_word' id='word_1_773' title='bbox 890 5114 1121 5170; x_wconf 84' lang='lat' dir='ltr'><strong>corpore</strong></span> <span class='ocrx_word' id='word_1_774' title='bbox 1153 5110 1342 5158; x_wconf 88' lang='lat' dir='ltr'><strong>nostro</strong></span> <span class='ocrx_word' id='word_1_775' title='bbox 1368 5110 1648 5171; x_wconf 87' lang='lat' dir='ltr'><strong>suscepto,</strong></span> <span class='ocrx_word' id='word_1_776' title='bbox 1713 5099 1776 5154; x_wconf 85' lang='lat' dir='ltr'><strong>In</strong></span> <span class='ocrx_word' id='word_1_777' title='bbox 1813 5110 1953 5154; x_wconf 84' lang='lat' dir='ltr'><strong>terra</strong></span> <span class='ocrx_word' id='word_1_778' title='bbox 1988 5101 2130 5154; x_wconf 79' lang='lat' dir='ltr'><strong>visus</strong></span> 
     </span>
    </p>
   </div>
   <div class='ocr_carea' id='block_1_101' title="bbox 535 5190 2131 5262">
    <p class='ocr_par' dir='ltr' id='par_1_101' title="bbox 535 5190 2131 5262">
     <span class='ocr_line' id='line_1_101' title="bbox 535 5190 2131 5262; baseline 0.003 -20"><span class='ocrx_word' id='word_1_779' title='bbox 535 5198 612 5242; x_wconf 78' lang='lat' dir='ltr'><strong>est</strong></span> <span class='ocrx_word' id='word_1_780' title='bbox 639 5198 688 5242; x_wconf 89' lang='lat' dir='ltr'><strong>et</strong></span> <span class='ocrx_word' id='word_1_781' title='bbox 725 5205 845 5242; x_wconf 87' lang='lat' dir='ltr'><strong>cum</strong></span> <span class='ocrx_word' id='word_1_782' title='bbox 886 5190 1184 5246; x_wconf 87' lang='lat' dir='ltr'><strong>hominibus</strong></span> <span class='ocrx_word' id='word_1_783' title='bbox 1212 5193 1628 5258; x_wconf 81' lang='lat' dir='ltr'><strong>conversatus“,</strong></span> <span class='ocrx_word' id='word_1_784' title='bbox 1659 5199 1820 5262; x_wconf 87' lang='lat' dir='ltr'><strong>atque</strong></span> <span class='ocrx_word' id='word_1_785' title='bbox 1851 5193 1994 5247; x_wconf 89' lang='lat' dir='ltr'><strong>inter</strong></span> <span class='ocrx_word' id='word_1_786' title='bbox 2030 5205 2131 5246; x_wconf 77' lang='lat' dir='ltr'><strong>nos</strong></span> 
     </span>
    </p>
   </div>
   <div class='ocr_carea' id='block_1_102' title="bbox 537 5284 2128 5355">
    <p class='ocr_par' dir='ltr' id='par_1_102' title="bbox 537 5284 2128 5355">
     <span class='ocr_line' id='line_1_102' title="bbox 537 5284 2128 5355; baseline 0.002 -20"><span class='ocrx_word' id='word_1_787' title='bbox 537 5290 864 5337; x_wconf 87' lang='lat' dir='ltr'><strong>numeratus</strong></span> <span class='ocrx_word' id='word_1_788' title='bbox 918 5289 1040 5347; x_wconf 90' lang='lat' dir='ltr'><strong>cst;</strong></span> <span class='ocrx_word' id='word_1_789' title='bbox 1096 5289 1229 5336; x_wconf 91' lang='lat' dir='ltr'><strong>tunc</strong></span> <span class='ocrx_word' id='word_1_790' title='bbox 1272 5284 1574 5355; x_wconf 89' lang='lat' dir='ltr'><strong>discipulos</strong></span> <span class='ocrx_word' id='word_1_791' title='bbox 1641 5300 1772 5339; x_wconf 87' lang='lat' dir='ltr'><strong>suos</strong></span> <span class='ocrx_word' id='word_1_792' title='bbox 1822 5285 2128 5354; x_wconf 84' lang='lat' dir='ltr'><strong>alloquens,</strong></span> 
     </span>
    </p>
   </div>
   <div class='ocr_carea' id='block_1_103' title="bbox 531 5370 2132 5442">
    <p class='ocr_par' dir='ltr' id='par_1_103' title="bbox 531 5370 2132 5442">
     <span class='ocr_line' id='line_1_103' title="bbox 531 5370 2132 5442; baseline -0.003 -18"><span class='ocrx_word' id='word_1_793' title='bbox 531 5376 624 5442; x_wconf 86' lang='lat' dir='ltr'><strong>qui</strong></span> <span class='ocrx_word' id='word_1_794' title='bbox 637 5377 866 5428; x_wconf 88' lang='lat' dir='ltr'><strong>buscum</strong></span> <span class='ocrx_word' id='word_1_795' title='bbox 885 5370 1164 5440; x_wconf 70' lang='lat' dir='ltr'><strong>adaequari</strong></span> <span class='ocrx_word' id='word_1_796' title='bbox 1183 5371 1402 5438; x_wconf 88' lang='lat' dir='ltr'><strong>ponitus</strong></span> <span class='ocrx_word' id='word_1_797' title='bbox 1418 5370 1536 5421; x_wconf 90' lang='lat' dir='ltr'><strong>solo</strong></span> <span class='ocrx_word' id='word_1_798' title='bbox 1553 5377 1782 5434; x_wconf 78' lang='lat' dir='ltr'><strong>excepto</strong></span> <span class='ocrx_word' id='word_1_799' title='bbox 1800 5375 2020 5434; x_wconf 81' lang='lat' dir='ltr'><strong>peccato</strong></span> <span class='ocrx_word' id='word_1_800' title='bbox 2035 5377 2132 5419; x_wconf 84' lang='lat' dir='ltr'><strong>oe-</strong></span> 
     </span>
    </p>
   </div>
   <div class='ocr_carea' id='block_1_104' title="bbox 535 5454 2127 5532">
    <p class='ocr_par' dir='ltr' id='par_1_104' title="bbox 535 5454 2127 5532">
     <span class='ocr_line' id='line_1_104' title="bbox 535 5454 2127 5532; baseline -0.009 -10"><span class='ocrx_word' id='word_1_801' title='bbox 535 5468 675 5532; x_wconf 82' lang='lat' dir='ltr'><strong>bttit,</strong></span> <span class='ocrx_word' id='word_1_802' title='bbox 705 5467 871 5519; x_wconf 88' lang='lat' dir='ltr'><strong>Deum</strong></span> <span class='ocrx_word' id='word_1_803' title='bbox 898 5479 1070 5518; x_wconf 88' lang='lat' dir='ltr'><strong>meum</strong></span> <span class='ocrx_word' id='word_1_804' title='bbox 1105 5459 1267 5526; x_wconf 81' lang='lat' dir='ltr'><strong>dixit,</strong></span> <span class='ocrx_word' id='word_1_805' title='bbox 1293 5470 1340 5513; x_wconf 89' lang='lat' dir='ltr'><strong>et</strong></span> <span class='ocrx_word' id='word_1_806' title='bbox 1367 5459 1535 5513; x_wconf 85' lang='lat' dir='ltr'><strong>Deum</strong></span> <span class='ocrx_word' id='word_1_807' title='bbox 1562 5467 1813 5524; x_wconf 86' lang='lat' dir='ltr'><strong>vestrum,</strong></span> <span class='ocrx_word' id='word_1_808' title='bbox 1835 5465 1884 5510; x_wconf 90' lang='lat' dir='ltr'><strong>et</strong></span> <span class='ocrx_word' id='word_1_809' title='bbox 1905 5454 2127 5510; x_wconf 82' lang='lat' dir='ltr'><strong>Patrem</strong></span> 
     </span>
    </p>
   </div>
   <div class='ocr_carea' id='block_1_105' title="bbox 2229 4526 3767 4613">
    <p class='ocr_par' dir='ltr' id='par_1_105' title="bbox 2229 4526 3767 4613">
     <span class='ocr_line' id='line_1_105' title="bbox 2229 4526 3767 4613; baseline -0.018 -13"><span class='ocrx_word' id='word_1_810' title='bbox 2229 4544 2556 4613; x_wconf 78' lang='grc' dir='ltr'>ἁσήπτων·</span> <span class='ocrx_word' id='word_1_811' title='bbox 2616 4542 2736 4606; x_wconf 76' lang='grc' dir='ltr'>καὶ,</span> <span class='ocrx_word' id='word_1_812' title='bbox 2769 4539 3019 4609; x_wconf 78' lang='grc' dir='ltr'>Ἔϐρεξε</span> <span class='ocrx_word' id='word_1_813' title='bbox 3075 4539 3291 4606; x_wconf 79' lang='grc' dir='ltr'>Κύριος</span> <span class='ocrx_word' id='word_1_814' title='bbox 3339 4533 3495 4604; x_wconf 82' lang='grc' dir='ltr'>παρὰ</span> <span class='ocrx_word' id='word_1_815' title='bbox 3551 4526 3767 4613; x_wconf 75' lang='grc' dir='ltr'>Κυρίου·</span> 
     </span>
    </p>
   </div>
   <div class='ocr_carea' id='block_1_106' title="bbox 2226 4609 3769 4702">
    <p class='ocr_par' dir='ltr' id='par_1_106' title="bbox 2226 4609 3769 4702">
     <span class='ocr_line' id='line_1_106' title="bbox 2226 4609 3769 4702; baseline -0.013 -11"><span class='ocrx_word' id='word_1_816' title='bbox 2226 4609 2515 4701; x_wconf 66' lang='lat' dir='ltr'><strong>no.1,ETJZe</strong></span> <span class='ocrx_word' id='word_1_817' title='bbox 2547 4635 2764 4702; x_wconf 85' lang='grc' dir='ltr'><strong>Κύριος</strong></span> <span class='ocrx_word' id='word_1_818' title='bbox 2791 4632 2942 4700; x_wconf 82' lang='grc' dir='ltr'><strong>πρὸς</strong></span> <span class='ocrx_word' id='word_1_819' title='bbox 2968 4630 3232 4698; x_wconf 78' lang='grc' dir='ltr'>Μωῠσῆν</span> <span class='ocrx_word' id='word_1_820' title='bbox 3250 4647 3263 4660; x_wconf 89' lang='grc'><strong>·</strong></span> <span class='ocrx_word' id='word_1_821' title='bbox 3319 4627 3463 4697; x_wconf 74' lang='grc' dir='ltr'>Ἐγώ</span> <span class='ocrx_word' id='word_1_822' title='bbox 3482 4625 3587 4692; x_wconf 74' lang='grc' dir='ltr'>ειμι</span> <span class='ocrx_word' id='word_1_823' title='bbox 3607 4621 3636 4671; x_wconf 80' lang='grc' dir='ltr'><em>ὁ</em></span> <span class='ocrx_word' id='word_1_824' title='bbox 3654 4609 3769 4702; x_wconf 66' lang='grc' dir='ltr'>Θεὸς</span> 
     </span>
    </p>
   </div>
   <div class='ocr_carea' id='block_1_107' title="bbox 2239 4701 3763 4797">
    <p class='ocr_par' dir='ltr' id='par_1_107' title="bbox 2239 4701 3763 4797">
     <span class='ocr_line' id='line_1_107' title="bbox 2239 4701 3763 4797; baseline -0.018 -15"><span class='ocrx_word' id='word_1_825' title='bbox 2239 4727 2507 4797; x_wconf 78' lang='grc' dir='ltr'><strong>Ἀϐραὰμ,</strong></span> <span class='ocrx_word' id='word_1_826' title='bbox 2546 4701 2646 4779; x_wconf 71' lang='grc' dir='ltr'><strong>καί</strong></span> <span class='ocrx_word' id='word_1_827' title='bbox 2690 4727 2722 4778; x_wconf 83' lang='grc' dir='ltr'><strong>ό</strong></span> <span class='ocrx_word' id='word_1_828' title='bbox 2755 4724 2900 4790; x_wconf 86' lang='grc' dir='ltr'>Θεὸς</span> <span class='ocrx_word' id='word_1_829' title='bbox 2937 4722 3166 4784; x_wconf 79' lang='grc' dir='ltr'>Ἰσαὰκ,</span> <span class='ocrx_word' id='word_1_830' title='bbox 3221 4721 3317 4774; x_wconf 78' lang='grc' dir='ltr'><strong>καὶ</strong></span> <span class='ocrx_word' id='word_1_831' title='bbox 3348 4725 3380 4774; x_wconf 88' lang='grc' dir='ltr'><strong>ό</strong></span> <span class='ocrx_word' id='word_1_832' title='bbox 3413 4716 3547 4780; x_wconf 83' lang='grc' dir='ltr'>Θεὸς</span> <span class='ocrx_word' id='word_1_833' title='bbox 3589 4701 3763 4764; x_wconf 82' lang='grc' dir='ltr'><em>Ἰακώὸ-</em></span> 
     </span>
    </p>
   </div>
   <div class='ocr_carea' id='block_1_108' title="bbox 2227 4802 3763 4886">
    <p class='ocr_par' dir='ltr' id='par_1_108' title="bbox 2227 4802 3763 4886">
     <span class='ocr_line' id='line_1_108' title="bbox 2227 4802 3763 4886; baseline -0.022 -12"><span class='ocrx_word' id='word_1_834' title='bbox 2227 4821 2339 4874; x_wconf 72' lang='lat' dir='ltr'><strong>Kal.</strong></span> <span class='ocrx_word' id='word_1_835' title='bbox 2360 4818 2524 4873; x_wconf 76' lang='lat' dir='ltr'><strong>Aa6‘t5</strong></span> <span class='ocrx_word' id='word_1_836' title='bbox 2551 4817 2699 4886; x_wconf 84' lang='grc' dir='ltr'>λέγει</span> <span class='ocrx_word' id='word_1_837' title='bbox 2721 4832 2736 4846; x_wconf 83' lang='grc'><em>’</em></span> <span class='ocrx_word' id='word_1_838' title='bbox 2790 4811 2980 4869; x_wconf 72' lang='grc' dir='ltr'>Εἶπεν</span> <span class='ocrx_word' id='word_1_839' title='bbox 3006 4816 3038 4866; x_wconf 85' lang='grc' dir='ltr'><strong>ό</strong></span> <span class='ocrx_word' id='word_1_840' title='bbox 3091 4816 3308 4880; x_wconf 81' lang='grc' dir='ltr'><strong>Κύριος</strong></span> <span class='ocrx_word' id='word_1_841' title='bbox 3349 4809 3427 4875; x_wconf 78' lang='grc' dir='ltr'><strong>τῷ</strong></span> <span class='ocrx_word' id='word_1_842' title='bbox 3447 4803 3624 4870; x_wconf 79' lang='grc' dir='ltr'>Κυρίῳ</span> <span class='ocrx_word' id='word_1_843' title='bbox 3644 4802 3763 4862; x_wconf 85' lang='grc' dir='ltr'>μου⁶</span> 
     </span>
    </p>
   </div>
   <div class='ocr_carea' id='block_1_109' title="bbox 2229 4887 3763 4975">
    <p class='ocr_par' dir='ltr' id='par_1_109' title="bbox 2229 4887 3763 4975">
     <span class='ocr_line' id='line_1_109' title="bbox 2229 4887 3763 4975; baseline -0.016 -9"><span class='ocrx_word' id='word_1_844' title='bbox 2229 4911 2428 4966; x_wconf 78' lang='grc' dir='ltr'>Κάθου</span> <span class='ocrx_word' id='word_1_845' title='bbox 2452 4910 2520 4963; x_wconf 83' lang='grc' dir='ltr'><strong>ἐκ</strong></span> <span class='ocrx_word' id='word_1_846' title='bbox 2546 4906 2762 4973; x_wconf 78' lang='grc' dir='ltr'>δεξιῶν</span> <span class='ocrx_word' id='word_1_847' title='bbox 2777 4923 2918 4975; x_wconf 84' lang='grc' dir='ltr'>μου.</span> <span class='ocrx_word' id='word_1_848' title='bbox 2944 4904 3056 4958; x_wconf 68' lang='grc' dir='ltr'><strong>Καὶ</strong></span> <span class='ocrx_word' id='word_1_849' title='bbox 3098 4902 3332 4973; x_wconf 76' lang='grc' dir='ltr'>οὐδαμοῦ</span> <span class='ocrx_word' id='word_1_850' title='bbox 3360 4896 3504 4953; x_wconf 76' lang='grc' dir='ltr'>εἶπεν</span> <span class='ocrx_word' id='word_1_851' title='bbox 3528 4895 3553 4946; x_wconf 86' lang='grc' dir='ltr'>ὁ</span> <span class='ocrx_word' id='word_1_852' title='bbox 3580 4887 3763 4975; x_wconf 68' lang='grc' dir='ltr'><strong>Κύριοςν</strong></span> 
     </span>
    </p>
   </div>
   <div class='ocr_carea' id='block_1_110' title="bbox 2229 4973 3764 5076">
    <p class='ocr_par' dir='ltr' id='par_1_110' title="bbox 2229 4973 3764 5076">
     <span class='ocr_line' id='line_1_110' title="bbox 2229 4973 3764 5076; baseline -0.016 -20"><span class='ocrx_word' id='word_1_853' title='bbox 2229 5003 2381 5056; x_wconf 75' lang='grc' dir='ltr'>Θεὸν</span> <span class='ocrx_word' id='word_1_854' title='bbox 2399 5018 2520 5070; x_wconf 80' lang='grc' dir='ltr'>μου</span> <span class='ocrx_word' id='word_1_855' title='bbox 2560 4997 2659 5052; x_wconf 77' lang='grc' dir='ltr'><strong>καὶ</strong></span> <span class='ocrx_word' id='word_1_856' title='bbox 2698 4973 2848 5050; x_wconf 83' lang='grc' dir='ltr'>Θεὸν</span> <span class='ocrx_word' id='word_1_857' title='bbox 2870 4993 3058 5064; x_wconf 82' lang='grc' dir='ltr'><strong>ὑμῶν.</strong></span> <span class='ocrx_word' id='word_1_858' title='bbox 3086 4994 3217 5046; x_wconf 87' lang='grc' dir='ltr'>Ὅτε</span> <span class='ocrx_word' id='word_1_859' title='bbox 3251 4993 3308 5045; x_wconf 78' lang='grc' dir='ltr'>δὲ</span> <span class='ocrx_word' id='word_1_860' title='bbox 3338 4988 3488 5045; x_wconf 77' lang='grc' dir='ltr'>ἔλαϐε</span> <span class='ocrx_word' id='word_1_861' title='bbox 3527 4981 3582 5034; x_wconf 80' lang='grc' dir='ltr'>τὸ</span> 
     </span>
    </p>
   </div>
   <div class='ocr_carea' id='block_1_111' title="bbox 2231 5071 3763 5164">
    <p class='ocr_par' dir='ltr' id='par_1_111' title="bbox 2231 5071 3763 5164">
     <span class='ocr_line' id='line_1_111' title="bbox 2231 5071 3763 5164; baseline -0.017 -17"><span class='ocrx_word' id='word_1_862' title='bbox 2231 5111 2322 5164; x_wconf 89' lang='grc' dir='ltr'>ρον</span> <span class='ocrx_word' id='word_1_863' title='bbox 2349 5093 2528 5164; x_wconf 84' lang='grc' dir='ltr'>σῶμα,</span> <span class='ocrx_word' id='word_1_864' title='bbox 2565 5091 2659 5145; x_wconf 71' lang='grc' dir='ltr'>καὶ</span> <span class='ocrx_word' id='word_1_865' title='bbox 2692 5091 2822 5144; x_wconf 84' lang='grc' dir='ltr'>Ἐπὶ</span> <span class='ocrx_word' id='word_1_866' title='bbox 2851 5089 2960 5158; x_wconf 83' lang='grc' dir='ltr'><strong>τῆς</strong></span> <span class='ocrx_word' id='word_1_867' title='bbox 2988 5088 3100 5158; x_wconf 75' lang='grc' dir='ltr'><strong>γῆς</strong></span> <span class='ocrx_word' id='word_1_868' title='bbox 3121 5088 3308 5158; x_wconf 67' lang='grc' dir='ltr'>ὤφθη,</span> <span class='ocrx_word' id='word_1_869' title='bbox 3337 5085 3433 5141; x_wconf 78' lang='grc' dir='ltr'><strong>καὶ</strong></span> <span class='ocrx_word' id='word_1_870' title='bbox 3463 5079 3576 5141; x_wconf 78' lang='grc' dir='ltr'><strong>τοῖς</strong></span> <span class='ocrx_word' id='word_1_871' title='bbox 3589 5071 3763 5164; x_wconf 45' lang='grc' dir='ltr'>ἀνθρώ</span> 
     </span>
    </p>
   </div>
   <div class='ocr_carea' id='block_1_112' title="bbox 2227 5153 3760 5252">
    <p class='ocr_par' dir='ltr' id='par_1_112' title="bbox 2227 5153 3760 5252">
     <span class='ocr_line' id='line_1_112' title="bbox 2227 5153 3760 5252; baseline -0.003 -14"><span class='ocrx_word' id='word_1_872' title='bbox 2227 5153 2364 5252; x_wconf 52' lang='lat' dir='ltr'><strong>irai;-</strong></span> <span class='ocrx_word' id='word_1_873' title='bbox 2387 5153 2882 5250; x_wconf 71' lang='grc' dir='ltr'>συνανεστράφη,</span> <span class='ocrx_word' id='word_1_874' title='bbox 2909 5153 3006 5234; x_wconf 53' lang='grc' dir='ltr'><strong>ναί</strong></span> <span class='ocrx_word' id='word_1_875' title='bbox 3120 5153 3250 5250; x_wconf 78' lang='grc' dir='ltr'>ἡμῖν</span> <span class='ocrx_word' id='word_1_876' title='bbox 3274 5153 3608 5242; x_wconf 62' lang='grc' dir='ltr'>ικατελογίσθη</span> <span class='ocrx_word' id='word_1_877' title='bbox 3626 5178 3638 5190; x_wconf 88' lang='grc'><em>’</em></span> <span class='ocrx_word' id='word_1_878' title='bbox 3665 5153 3760 5252; x_wconf 36' lang='lat' dir='ltr'><strong>ea?</strong></span> 
     </span>
    </p>
   </div>
   <div class='ocr_carea' id='block_1_113' title="bbox 2228 5237 3760 5354">
    <p class='ocr_par' dir='ltr' id='par_1_113' title="bbox 2228 5237 3760 5354">
     <span class='ocr_line' id='line_1_113' title="bbox 2228 5237 3760 5354; baseline 0.018 -25"><span class='ocrx_word' id='word_1_879' title='bbox 2228 5237 2365 5350; x_wconf 55' lang='lat' dir='ltr'><strong>«Pb;</strong></span> <span class='ocrx_word' id='word_1_880' title='bbox 2413 5277 2541 5339; x_wconf 76' lang='grc' dir='ltr'>τοὺς</span> <span class='ocrx_word' id='word_1_881' title='bbox 2573 5237 2740 5327; x_wconf 78' lang='grc' dir='ltr'>αὑτόῦ</span> <span class='ocrx_word' id='word_1_882' title='bbox 2778 5237 3070 5343; x_wconf 52' lang='grc' dir='ltr'><strong>’μεθητὰςτ</strong></span> <span class='ocrx_word' id='word_1_883' title='bbox 3304 5271 3397 5332; x_wconf 66' lang='grc' dir='ltr'><strong>οὓς</strong></span> <span class='ocrx_word' id='word_1_884' title='bbox 3441 5237 3760 5354; x_wconf 49' lang='grc' dir='ltr'><strong>ὤφειλεέαᾷ</strong></span> 
     </span>
    </p>
   </div>
   <div class='ocr_carea' id='block_1_114' title="bbox 2229 5344 3755 5441">
    <p class='ocr_par' dir='ltr' id='par_1_114' title="bbox 2229 5344 3755 5441">
     <span class='ocr_line' id='line_1_114' title="bbox 2229 5344 3755 5441; baseline -0.012 -17"><span class='ocrx_word' id='word_1_885' title='bbox 2229 5344 2409 5425; x_wconf 72' lang='grc' dir='ltr'>πάντα</span> <span class='ocrx_word' id='word_1_886' title='bbox 2437 5367 2770 5441; x_wconf 82' lang='grc' dir='ltr'>ὁμοιωθῆναι</span> <span class='ocrx_word' id='word_1_887' title='bbox 2790 5366 2960 5437; x_wconf 71' lang='grc' dir='ltr'>χωρὶς</span> <span class='ocrx_word' id='word_1_888' title='bbox 2994 5365 3288 5437; x_wconf 80' lang='grc' dir='ltr'>ἁμαρτίας,</span> <span class='ocrx_word' id='word_1_889' title='bbox 3316 5362 3459 5419; x_wconf 84' lang='grc' dir='ltr'>Θεόν</span> <span class='ocrx_word' id='word_1_890' title='bbox 3470 5369 3595 5427; x_wconf 84' lang='grc' dir='ltr'>μου,</span> <span class='ocrx_word' id='word_1_891' title='bbox 3617 5344 3755 5441; x_wconf 48' lang='grc' dir='ltr'><strong>ἔλεξεν</strong></span> 
     </span>
    </p>
   </div>
   <div class='ocr_carea' id='block_1_115' title="bbox 2227 5438 3756 5530">
    <p class='ocr_par' dir='ltr' id='par_1_115' title="bbox 2227 5438 3756 5530">
     <span class='ocr_line' id='line_1_115' title="bbox 2227 5438 3756 5530; baseline -0.01 -13"><span class='ocrx_word' id='word_1_892' title='bbox 2227 5464 2327 5517; x_wconf 72' lang='grc' dir='ltr'><strong>καί</strong></span> <span class='ocrx_word' id='word_1_893' title='bbox 2362 5438 2511 5517; x_wconf 77' lang='grc' dir='ltr'>Θεὸν</span> <span class='ocrx_word' id='word_1_894' title='bbox 2531 5460 2720 5530; x_wconf 63' lang='grc' dir='ltr'>ὑμῶν,</span> <span class='ocrx_word' id='word_1_895' title='bbox 2753 5461 2846 5513; x_wconf 77' lang='grc' dir='ltr'><strong>καὶ</strong></span> <span class='ocrx_word' id='word_1_896' title='bbox 2867 5459 3096 5527; x_wconf 81' lang='grc' dir='ltr'>Πατέρα</span> <span class='ocrx_word' id='word_1_897' title='bbox 3118 5476 3238 5528; x_wconf 83' lang='grc' dir='ltr'>μου</span> <span class='ocrx_word' id='word_1_898' title='bbox 3265 5457 3361 5511; x_wconf 82' lang='grc' dir='ltr'><strong>καὶ</strong></span> <span class='ocrx_word' id='word_1_899' title='bbox 3381 5446 3593 5514; x_wconf 80' lang='grc' dir='ltr'>Πατέρα</span> <span class='ocrx_word' id='word_1_900' title='bbox 3608 5438 3756 5504; x_wconf 65' lang='grc' dir='ltr'><strong>ῧ’μί¹””</strong></span> 
     </span>
    </p>
   </div>
   <div class='ocr_carea' id='block_1_116' title="bbox 571 5617 3750 5726">
    <p class='ocr_par' dir='ltr' id='par_1_116' title="bbox 571 5617 3750 5726">
     <span class='ocr_line' id='line_1_116' title="bbox 571 5617 3750 5726; baseline -0.01 -14"><span class='ocrx_word' id='word_1_901' title='bbox 571 5667 583 5678; x_wconf 85' lang='lat'><strong>&#39;</strong></span> <span class='ocrx_word' id='word_1_902' title='bbox 617 5657 633 5688; x_wconf 76' lang='lat'><strong>‘</strong></span> <span class='ocrx_word' id='word_1_903' title='bbox 672 5655 832 5711; x_wconf 78' lang='lat' dir='ltr'><strong>Joan.</strong></span> <span class='ocrx_word' id='word_1_904' title='bbox 864 5675 977 5721; x_wconf 78' lang='lat' dir='ltr'><strong>xiv,</strong></span> <span class='ocrx_word' id='word_1_905' title='bbox 1011 5656 1125 5726; x_wconf 54' lang='lat'><strong>95._</strong></span> <span class='ocrx_word' id='word_1_906' title='bbox 1149 5655 1168 5684; x_wconf 82' lang='grc'>²</span> <span class='ocrx_word' id='word_1_907' title='bbox 1202 5653 1332 5709; x_wconf 91' lang='lat' dir='ltr'><strong>ibid.</strong></span> <span class='ocrx_word' id='word_1_908' title='bbox 1366 5656 1417 5710; x_wconf 84' lang='lat'><strong>6.</strong></span> <span class='ocrx_word' id='word_1_909' title='bbox 1466 5659 1484 5689; x_wconf 85' lang='grc'><strong>³</strong></span> <span class='ocrx_word' id='word_1_910' title='bbox 1512 5656 1670 5712; x_wconf 85' lang='lat' dir='ltr'><strong>Joan.</strong></span> <span class='ocrx_word' id='word_1_911' title='bbox 1696 5673 1770 5714; x_wconf 74' lang='lat' dir='ltr'><strong>rt.</strong></span> <span class='ocrx_word' id='word_1_912' title='bbox 1798 5659 1882 5712; x_wconf 72' lang='grc' dir='ltr'><strong>Η.</strong></span> <span class='ocrx_word' id='word_1_913' title='bbox 1962 5661 1978 5691; x_wconf 70' lang='grc'><strong>⁵</strong></span> <span class='ocrx_word' id='word_1_914' title='bbox 2009 5660 2168 5713; x_wconf 77' lang='lat' dir='ltr'><strong>Joan.</strong></span> <span class='ocrx_word' id='word_1_915' title='bbox 2202 5677 2292 5720; x_wconf 87' lang='lat' dir='ltr'><strong>xx,</strong></span> <span class='ocrx_word' id='word_1_916' title='bbox 2327 5659 2410 5713; x_wconf 79' lang='lat' dir='ltr'><strong>i7.</strong></span> <span class='ocrx_word' id='word_1_917' title='bbox 2488 5661 2506 5691; x_wconf 72' lang='grc' dir='ltr'><strong>δ</strong></span> <span class='ocrx_word' id='word_1_918' title='bbox 2532 5657 2688 5712; x_wconf 81' lang='lat' dir='ltr'><strong>Joan.</strong></span> <span class='ocrx_word' id='word_1_919' title='bbox 2711 5671 2764 5721; x_wconf 86' lang='lat' dir='ltr'><strong>x,</strong></span> <span class='ocrx_word' id='word_1_920' title='bbox 2798 5657 2888 5710; x_wconf 89' lang='grc'><strong>55.</strong></span> <span class='ocrx_word' id='word_1_921' title='bbox 2967 5655 2986 5684; x_wconf 82' lang='grc'><strong>⁶</strong></span> <span class='ocrx_word' id='word_1_922' title='bbox 3011 5651 3147 5726; x_wconf 58' lang='lat' dir='ltr'><strong>gen.</strong></span> <span class='ocrx_word' id='word_1_923' title='bbox 3192 5668 3231 5726; x_wconf 79' lang='lat' dir='ltr'><strong>t_,</strong></span> <span class='ocrx_word' id='word_1_924' title='bbox 3265 5651 3379 5726; x_wconf 36' lang='lat'><strong>26.“</strong></span> <span class='ocrx_word' id='word_1_925' title='bbox 3428 5640 3592 5726; x_wconf 60' lang='lat' dir='ltr'><strong>&quot;Gen.</strong></span> <span class='ocrx_word' id='word_1_926' title='bbox 3628 5617 3750 5686; x_wconf 70' lang='lat'><strong>&quot;1.3-</strong></span> 
     </span>
    </p>
   </div>
   <div class='ocr_carea' id='block_1_117' title="bbox 544 5721 2118 5804">
    <p class='ocr_par' dir='ltr' id='par_1_117' title="bbox 544 5723 2092 5804">
     <span class='ocr_line' id='line_1_117' title="bbox 544 5723 2092 5804; baseline 0.003 -21"><span class='ocrx_word' id='word_1_927' title='bbox 544 5727 565 5758; x_wconf 85' lang='grc'>⁸</span> <span class='ocrx_word' id='word_1_928' title='bbox 598 5727 735 5784; x_wconf 83' lang='lat' dir='ltr'><strong>Gen.</strong></span> <span class='ocrx_word' id='word_1_929' title='bbox 767 5743 838 5798; x_wconf 72' lang='grc' dir='ltr'>γι,</span> <span class='ocrx_word' id='word_1_930' title='bbox 874 5732 957 5786; x_wconf 73' lang='lat' dir='ltr'><strong>l4.</strong></span> <span class='ocrx_word' id='word_1_931' title='bbox 1037 5729 1058 5759; x_wconf 71' lang='lat'><strong>9</strong></span> <span class='ocrx_word' id='word_1_932' title='bbox 1087 5723 1227 5804; x_wconf 67' lang='lat' dir='ltr'><strong>Gen.</strong></span> <span class='ocrx_word' id='word_1_933' title='bbox 1268 5741 1341 5790; x_wconf 78' lang='lat' dir='ltr'><strong>Ix,</strong></span> <span class='ocrx_word' id='word_1_934' title='bbox 1371 5727 1460 5782; x_wconf 66' lang='grc' dir='ltr'><strong>Ἡ.</strong></span> <span class='ocrx_word' id='word_1_935' title='bbox 1540 5731 1582 5760; x_wconf 85' lang='grc'><strong>¹⁰</strong></span> <span class='ocrx_word' id='word_1_936' title='bbox 1610 5727 1778 5782; x_wconf 78' lang='lat' dir='ltr'><strong>Exod.</strong></span> <span class='ocrx_word' id='word_1_937' title='bbox 1809 5745 1887 5797; x_wconf 88' lang='grc' dir='ltr'>ιιι,</span> <span class='ocrx_word' id='word_1_938' title='bbox 1924 5729 1976 5785; x_wconf 85' lang='grc'><strong>6.</strong></span> <span class='ocrx_word' id='word_1_939' title='bbox 2057 5732 2092 5762; x_wconf 85' lang='grc'><strong>¹¹</strong></span> 
     </span>
    </p>
   </div>
   <div class='ocr_carea' id='block_1_118' title="bbox 2219 5721 3524 5804">
    <p class='ocr_par' dir='ltr' id='par_1_118' title="bbox 2219 5721 3524 5792">
     <span class='ocr_line' id='line_1_118' title="bbox 2219 5721 3524 5792; baseline -0.01 -9"><span class='ocrx_word' id='word_1_940' title='bbox 2219 5731 2265 5784; x_wconf 65' lang='grc' dir='ltr'>ιΙι</span> <span class='ocrx_word' id='word_1_941' title='bbox 2293 5745 2404 5792; x_wconf 76' lang='lat' dir='ltr'><strong>cu,</strong></span> <span class='ocrx_word' id='word_1_942' title='bbox 2440 5729 2490 5786; x_wconf 80' lang='grc'><strong>1.</strong></span> <span class='ocrx_word' id='word_1_943' title='bbox 2573 5729 2614 5759; x_wconf 84' lang='grc'><strong>¹²</strong></span> <span class='ocrx_word' id='word_1_944' title='bbox 2653 5726 2865 5780; x_wconf 74' lang='lat' dir='ltr'><strong>llarnch</strong></span> <span class='ocrx_word' id='word_1_945' title='bbox 2895 5742 2976 5788; x_wconf 90' lang='grc' dir='ltr'>ιιι,</span> <span class='ocrx_word' id='word_1_946' title='bbox 3010 5724 3098 5778; x_wconf 88' lang='grc'><strong>58.</strong></span> <span class='ocrx_word' id='word_1_947' title='bbox 3182 5723 3223 5754; x_wconf 79' lang='grc'><strong>’³</strong></span> <span class='ocrx_word' id='word_1_948' title='bbox 3261 5722 3320 5776; x_wconf 63' lang='grc' dir='ltr'><strong>ιδ.</strong></span> <span class='ocrx_word' id='word_1_949' title='bbox 3355 5721 3431 5773; x_wconf 78' lang='grc' dir='ltr'>ὅτι</span> <span class='ocrx_word' id='word_1_950' title='bbox 3454 5721 3524 5766; x_wconf 77' lang='grc' dir='ltr'><strong>ἐνο</strong></span> 
     </span>
    </p>
   </div>
  </div>
