3994 6444
1011 350 1379 453 Αυνειιδυε
1414 350 1765 411 ΗᾸΕΒΕ8Ε5
1801 352 1865 409 LI

1972 352 2035 409 Il.
2082 350 2245 441 ἸᾯΜ.
2289 352 2352 409 ll.
2389 384 2460 396 —-
2499 355 2774 416 HASBES.
2808 355 2997 414 LXIX.

3446 362 3558 419 Μ

263 465 487 538 Πατέρα
524 483 629 535 μου
686 452 817 537 μὲν,
852 467 994 522 κατὰ
1027 465 1190 536 φύσιν
1248 469 1307 521 ὲν
1332 469 1399 539 τῇ
1462 466 1700 539 θεότητι,
1767 469 1861 522 καὶ

1968 486 2159 535 meum,
2217 480 2268 525 et
2304 470 2519 526 Patrem
2547 481 2798 527 uestrum.
2838 471 3059 530 Patrem
3093 487 3299 543 meum,
3357 485 3555 534 natura

262 560 495 631 Πατέρα
547 560 726 630 ὑμῶν,
781 560 871 614 διὰ
914 561 1073 631 χάριν
1117 560 1187 613 δι’
1232 559 1334 630 ἐμὲ
1365 562 1424 613 ὲν
1478 562 1545 631 τῇ
1578 558 1871 637 υἱοθεσίαοῆ

260 653 419 715 Θεόν
441 667 563 719 μου
596 651 679 715 δὲ,
706 652 791 704 ὅτι
832 652 893 704 τὸ
941 651 1206 722 ὑμέτερον
1236 650 1463 722 σαρκίον
1508 650 1728 720 εἴληφα,
1763 651 1871 715 καὶ,

259 741 420 797 Θεὸν
447 740 640 810 ὑμῶν,
695 740 1028 810 κατὰφύσιν
1074 740 1173 796 καὶ
1233 739 1515 811 ἀλήθειαν.
1559 739 1672 795 Καὶ
1715 738 1860 794 οὕτω

258 832 446 893 πάντα
479 832 599 886 ἐστὶ
631 833 780 904 σαφῆ
847 833 942 886 καὶ
981 832 1202 902 διαυγῆ,
1256 831 1353 885 καὶ
1400 831 1557 886 οὐδὲν
1594 831 1856 897 ἐναντίον,

232 920 390 981 ίοὺδὲ
416 925 653 981 θανάτου
682 924 1047 996 παραπλοκῆς
1076 923 1200 994 ἔχον
1227 919 1366 989 εἶδος
1399 924 1459 977 ὲν
1478 925 1546 995 τῇ
1574 923 1695 993 θείᾳ
1723 924 1861 995 Γρα-

261 1020 366 1087 φῇ,
390 1017 467 1081 ὡς
482 1009 629 1070 οὗτοι
644 1014 1092 1087 προφασίζονται,
1113 1014 1327 1087 πονηρὰ
1350 1017 1563 1079 ἑαυτοῖς
1589 1014 1865 1069 ἐπινοοῦν-

262 1123 381 1171 τες.
404 1104 630 1175 Νομίζω
684 1105 742 1158 δὲ
794 1104 953 1158 πάλιν
985 1104 1080 1156 καὶ
1133 1102 1271 1173 πρὸς
1303 1103 1462 1155 τοῦτο
1488 1101 1689 1165 ἱκανῶς
1711 1101 1860 1172 ἔχειν

265 1197 367 1267 τὴν
407 1195 609 1266 φράσιν
629 1212 643 1225 ·
673 1196 766 1248 ἐπὶ
794 1195 850 1248 δὲ
878 1194 949 1248 τὰ
974 1194 1112 1248 ἄλλα
1139 1193 1326 1247 λοιπὸν
1349 1191 1733 1263 ἐπελεύσομαι.

1963 561 2176 617 scilicet
2204 577 2269 619 ac
2296 565 2623 630 divinitate;
2651 564 2869 633 Patrem
2898 555 3166 635 vestrum,
3205 570 3383 639 gratia
3410 571 3556 627 dun-

1963 657 2147 716 taxat,
2202 668 2301 723 per
2358 670 2483 720 me,
2551 656 2976 730 adoptionisque
3040 660 3329 719 beneﬂcio.
3381 664 3556 720 Deum

1964 755 2158 807 meum,
2209 743 2469 812 quoniam
2524 755 2764 801 vestram
2816 762 3039 805 carnem
3074 753 3329 824 suscepi;
3383 753 3557 811 Deum

1964 839 2216 896 vestrum,
2271 835 2576 891 secundum
2624 846 2907 906 naturam,
2961 847 3016 897 et
3068 857 3136 899 ex
3181 844 3265 898 rei
3302 846 3555 903 veritate.

1963 920 2083 989 Qua
2128 924 2342 981 ratione
2384 926 2677 984 manifesta
2716 930 2900 985 omnia
2953 945 3020 986 ac
3065 935 3361 1005 perspicua
3399 944 3557 1002 sunt,

1963 1028 2142 1083 neque
2192 1017 2494 1087 quidquam
2541 1021 2881 1076 contrarium
2932 1032 3038 1089 est,
3093 1041 3159 1080 ac
3203 1042 3554 1098 repugnans;

1964 1120 2068 1161 nec
2096 1107 2244 1161 ullus
2273 1109 2328 1163 iu
2360 1107 2648 1179 Scriptura
2681 1112 2835 1168 locus
2863 1114 3207 1171 mortiferum
3228 1117 3553 1189 quidquam,

1968 1206 2025 1253 et
2073 1198 2367 1255 exitiosum
2444 1202 2608 1259 habet
2656 1204 2978 1271 admistum,
3012 1215 3075 1260 ut
3125 1208 3218 1263 isti
3270 1210 3556 1279 captanda:

262 1293 582 1347 occasionis
609 1291 785 1360 gratia
822 1290 992 1345 videri
1025 1290 1236 1352 volunt,
1266 1288 1359 1359 qui
1390 1288 1491 1345 sibi
1519 1289 1656 1359 ipsis
1690 1290 2000 1358 perniciosa
2024 1296 2273 1364 quzedam
2307 1298 2622 1369 excogitare
2648 1300 2847 1357 solent.
2883 1301 2989 1358 Sed
3019 1318 3147 1358 cum
3174 1304 3463 1371 hactenus,
3494 1311 3557 1359 ut

271 1388 503 1457 opinor,
530 1386 598 1443 de
629 1385 716 1440 bis
751 1384 968 1439 abunde
1004 1385 1079 1439 sit
1105 1384 1332 1447 dictum,
1368 1398 1516 1438 nunc
1553 1384 1624 1438 ad
1649 1384 1757 1438 alia
1792 1387 2172 1457 transibimus.

330 1477 485 1544 Νςσ.
517 1475 592 1529 Τὸ
627 1474 781 1540 ἅγιον
811 1474 927 1546 γὰρ,
948 1473 1176 1545 Πνεῦμα
1198 1473 1405 1544 κτίσμα
1430 1473 1591 1529 πάλιν
1620 1474 1857 1546 κτίσμα-

258 1570 356 1633 ·ιός
389 1586 553 1638 φασιν
576 1564 738 1635 εἶναι,
794 1567 881 1622 διὰ
908 1568 990 1634 τὸ,
1041 1567 1133 1621 διὰ
1158 1565 1255 1620 τοῦ
1301 1565 1431 1621 Υἱοῦ
1460 1567 1531 1620 τὰ
1562 1565 1741 1620 πάντα
1764 1583 1859 1635 γε-

1988 1476 2171 1538 _LVI.
2234 1478 2499 1551 Spiritum
2556 1485 2742 1554 itaque
2793 1494 3046 1541 sanctum
3110 1496 3378 1544 creaturae
3430 1503 3557 1546 esse

1967 1580 2276 1626 creaturam
2305 1581 2565 1628 asserunt
2596 1594 2609 1630 :
2646 1576 2790 1646 quod
2818 1592 2914 1647 per
2940 1576 3142 1633 Filium
3191 1581 3378 1635 omnia
3406 1580 3555 1636 facta

261 1661 559 1733 γενῆσθαι,
614 1661 690 1725 ὡς
720 1656 873 1714 εἴπεν
899 1662 934 1732 ἡ
972 1660 1187 1732 Γραφὴ,
1225 1660 1497 1723 ἀσυνέτως
1525 1658 1679 1722 τινὰς
1703 1659 1858 1731 διαρ-

1968 1659 2096 1723 sint,
2125 1669 2184 1715 ut
2216 1660 2503 1733 Scriptura
2541 1673 2775 1721 testatur
2803 1668 2846 1720 ⁵.
2878 1668 2941 1722 In
2971 1684 3083 1738 quo
3114 1671 3282 1726 stulte
3310 1671 3554 1726 nonnul-

264 1753 562 1823 πάζοντες,
591 1752 653 1804 οὒ
687 1750 871 1816 καθὼς
910 1751 1127 1823 εἴρηται
1158 1746 1232 1804 ’τὸ
1263 1751 1425 1823 ῥητὸν
1456 1750 1689 1820 ἔχοντες,
1726 1750 1863 1806 ἀλλὰ

264 1845 455 1907 κακῶς
483 1843 856 1907 ὑπονοοῦντες,
886 1842 980 1896 καὶ
1005 1842 1114 1911 ἀπὸ
1146 1842 1310 1913 ῥητοῦ
1340 1842 1401 1896 τὸ
1424 1842 1606 1906 καλῶς
1639 1842 1864 1915 είρημέρ-

263 1954 359 1991 νον
392 1936 537 1990 κατὰ
571 1935 670 2007 τὴν
707 1930 882 2006 κακὴν
914 1935 1094 1990 αὐτῶν
1115 1936 1372 1989 ὑπόνοιαν
1405 1935 1861 2008 παρερμηνεύονο

261 2045 383 2090 τες.
408 2028 484 2080 οὐ
511 2026 621 2097 γὰρ
651 2026 714 2079 τὸ
765 2026 906 2080 θεῖον
936 2025 1266 2096 Εὑαγγέλιον
1298 2027 1432 2099 περὶ
1468 2026 1567 2081 τοῦ
1603 2027 1859 2098 Πνεῦμα-

262 2135 362 2183 τος
403 2118 532 2189 ἔφη,
566 2118 705 2172 ἀλλὰ
733 2119 863 2190 περὶ
890 2118 1110 2191 πάντων
1138 2118 1250 2172 τῶν
1285 2118 1643 2189 ἐκτισμένων,
1672 2119 1757 2173 ὅτι
1792 2119 1862 2174 El'

263 2229 323 2265 τι
350 2211 592 2275 nte-coxo,
646 2210 737 2264 διὰ
778 2208 875 2264 τοῦ
905 2210 1081 2281 Λόγου
1113 2201 1409 2281 γεγένηται
1466 2211 1561 2264 καὶ
1600 2210 1705 2265 ὑπὸ
1763 2210 1861 2264 τοῦ

267 2302 473 2370 Λόγου.
507 2300 587 2356 Τὰ
609 2301 724 2371 τὰρ
767 2301 967 2356 πάντα
995 2301 1069 2355 δι’
1099 2301 1286 2357 αὑτοῦ
1311 2301 1549 2372 ἐγένετο
1563 2318 1577 2333 ·
1623 2302 1723 2356 καὶ
1750 2319 1863 2371 χω-

265 2393 365 2461 ρὶς
391 2392 579 2447 αὑτοῦ
622 2391 859 2463 ἐγένετο
893 2392 1038 2448 οὐδὲ
1096 2393 1185 2448 ἓν.
1219 2392 1724 2466 Παρεκτεινομένης
1760 2392 1861 2462 τῆς

269 2482 657 2552 ἀναγνώσεως,
699 2483 815 2554 ἔχει
852 2485 894 2549 ⁸,
927 2483 957 2537 ὃ
1008 2483 1263 2553 γέγονεν·
1319 2485 1407 2555 ἴνα
1427 2482 1573 2539 οὕτω
1619 2482 1859 2555 γνωσθῇ,

268 2578 354 2631 ὂτι
386 2576 566 2631 πάντα
595 2576 661 2630 δι’
684 2575 851 2631 αὐτοῦ
874 2577 1112 2646 ἐγένετο,
1141 2577 1239 2630 καὶ⁵
1263 2576 1436 2647 χωρὶς
1456 2575 1624 2632 αὐτοῦ
1644 2556 1873 2646 ἐγένετο.

267 2667 397 2723 οὸδδ
427 2669 522 2721 Ξν·
568 2662 688 2722 εἶτα
715 2667 879 2723 πάλιν
898 2684 916 2700 ο
956 2669 1059 2723 Ἐν
1082 2667 1247 2735 αὐτῷ
1271 2667 1386 2738 ζωὴ
1418 2664 1519 2738 ἦν.
1560 2667 1710 2722 Ἔδει
1751 2667 1861 2740 γὰρ

269 2757 372 2813 καὶ
412 2760 476 2812 ὲν
508 2757 683 2829 τούτῳ
712 2757 1068 2831 πληρωθῆναι
1113 2757 1215 2830 τὴν
1263 2756 1360 2811 τοῦ
1409 2756 1569 2826 ἁγίου
1610 2756 1858 2837 Ἰωάννου

270 2848 619 2916 ἀκολουθίαν,
644 2852 705 2904 ἐν
724 2849 803 2921 τῷ
834 2850 949 2904 ὄντι
987 2849 1058 2904 τὰ
1080 2849 1213 2904 ὅντα
1235 2852 1257 2882 ³
1310 2847 1746 2919 πεπληρωμένος
1770 2846 1861 2900 ἀεὶ

1966 1752 2049 1808 los
2077 1753 2132 1808 in
2184 1769 2428 1811 errorem
2460 1756 2760 1823 abducunt,
2807 1759 2939 1814 dum
2986 1758 3286 1831 Scriptura:
3335 1768 3565 1821 sentem.

1965 1843 2121 1908 tiam,
2146 1860 2257 1900 non
2280 1854 2342 1901 ut
2367 1856 2637 1919 concepta
2664 1857 2771 1911 est,
2808 1850 3119 1920 proferunt,
3146 1852 3243 1909 sed
3269 1866 3555 1923 perperam

1963 1932 2352 2004 intelligentes,
2403 1937 2553 2007 quod
2603 1938 2866 2008 praeclare
2913 1949 3242 2014 conceptum
3293 1947 3381 1998 est
3414 1940 3558 1997 male

1964 2026 2288 2096 accipiendo
2362 2028 2884 2103 interpretandoque
2962 2032 3282 2103 depravant.
3364 2030 3559 2101 Neque

1963 2116 2113 2171 enim
2150 2117 2508 2189 Evangeiium
2537 2121 2610 2176 de
2638 2122 2849 2191 Spiritu
2885 2124 3146 2193 loquitur,
3176 2121 3274 2178 sed
3301 2122 3371 2178 de
3397 2136 3555 2177 crea-

1962 2208 2035 2264 tis
2078 2210 2249 2265 rebus
2295 2212 2588 2281 omnibus;
2648 2212 2815 2282 idque
2855 2229 3023 2268 unum
3073 2213 3316 2268 declarat
3347 2231 3361 2266 :
3391 2212 3554 2281 quid-

1962 2297 2097 2366 quid
2132 2306 2378 2352 creatum
2424 2309 2531 2366 est,
2567 2315 2664 2370 per
2699 2300 2935 2357 Verbum
2979 2301 3145 2371 779
3181 2309 3237 2356 et
3288 2315 3322 2356 a
3371 2298 3558 2365 Verbo

1963 2386 2137 2444 fuisse
2182 2388 2532 2459 productum.
2589 2392 2784 2446 Omnia
2857 2392 2999 2446 enim
3042 2407 3135 2461 per
3184 2392 3357 2459 ipsum
3407 2391 3556 2461 facta

1961 2486 2108 2543 sunt,
2136 2486 2187 2532 et
2218 2479 2333 2533 sine
2378 2481 2494 2549 ipso
2522 2481 2725 2549 factum
2765 2491 2842 2537 est
2882 2481 3015 2536 nihil
3049 2481 3092 2535 ⁸.
3132 2480 3235 2536 Ubi
3282 2482 3556 2538 sententia

1962 2565 2031 2621 ad
2063 2567 2181 2622 haec
2229 2584 2406 2640 usque
2444 2572 2633 2635 verba,
2665 2571 2803 2641 quod
2847 2572 3053 2641 factum
3087 2581 3188 2636 est,
3233 2571 3557 2643 continuari,

1961 2659 2155 2723 debet,
2212 2669 2272 2715 ut.
2323 2662 2398 2716 ita
2445 2663 2747 2726 discamus,
2799 2666 2983 2720 omnia
3043 2679 3142 2735 per
3188 2664 3367 2734 ipsum
3430 2678 3556 2721 esse

1963 2751 2126 2816 facta,
2159 2759 2215 2806 et
2249 2754 2369 2808 sine
2422 2754 2543 2824 ipso
2586 2754 2789 2811 factum
2832 2756 2989 2812 nihil.
3045 2755 3251 2810 Deinde
3285 2773 3299 2809 :
3330 2754 3399 2809 In
3438 2755 3554 2825 ipso

1961 2845 2071 2898 rita
2105 2854 2219 2901 erat
2242 2845 2284 2898 ⁸.
2324 2844 2534 2916 Quippe
2569 2848 2625 2902 in
2664 2848 2767 2903 hoc
2814 2848 3079 2903 instituta
3118 2862 3151 2902 a
3188 2845 3398 2901 Joanne
3425 2861 3557 2902 ora-

270 2940 706 3012 ὁμολογούμενα.
768 2942 871 2996 Ἐν
897 2939 1057 3011 ἀρχῇ
1112 2941 1222 3013 γὰρ
1251 2937 1332 3012 ἦν
1380 2943 1414 2995 ὁ
1446 2941 1656 3010 Λόγος,
1688 2939 1787 2993 καὶ
1825 2942 1860 2993 ὁ

1968 2934 2130 2991 tionis
2168 2939 2618 3018 consequentiam
2651 2938 2864 3008 impleri
2883 2939 3152 3009 Oportuit,
3184 2946 3245 2993 ut
3274 2939 3332 2993 in
3364 2937 3552 2993 Verbo

273 3033 470 3102 Λόγος
499 3028 580 3103 ἦν
621 3032 775 3102 πρὸς
814 3030 921 3087 τὸν
950 3032 1120 3096 Θεὸν,
1171 3032 1272 3100 καὶ
1307 3032 1452 3099 Θεὸς
1478 3028 1558 3103 ἦν
1594 3034 1628 3086 ό
1650 3031 1863 3103 Λόγος.

1968 3026 2116 3097 quod
2146 3035 2253 3090 est,
2278 3042 2401 3097 qua:
2426 3037 2555 3095 sunt
2585 3029 2768 3084 omnia
2795 3031 3038 3100 perfecte
3065 3030 3250 3085 inesse
3273 3031 3555 3085 communi

287 3121 508 3191 Ἐπειδὴ
543 3117 644 3192 ἦν,
696 3121 792 3174 καὶ
830 3117 926 3193 ἦν,
977 3121 1071 3175 καὶ
1101 3116 1216 3192 ἦν’
1255 3122 1348 3174 καὶ
1389 3119 1458 3175 τὰ
1484 3122 1544 3174 ὲν
1567 3120 1718 3192 αὐτῷ
1750 3119 1863 3191 ζωὴ

269 3207 378 3283 ἦν,
430 3212 529 3269 καὶ
554 3207 637 3283 ἦν
663 3212 732 3267 τὸ
790 3212 917 3282 φῶς
947 3213 1016 3268 τὸ
1062 3213 1376 3281 ἀληθινὸν,
1431 3214 1527 3267 καὶ
1579 3212 1645 3266 τὸ
1677 3214 1749 3267 ἐν
1786 3211 1868 3278 τῷ

270 3305 489 3373 κόσμῳ
516 3300 617 3376 ἦν,
671 3304 767 3357 καὶ
809 3305 909 3359 ὅσα
943 3304 1073 3377 περὶ
1095 3305 1287 3359 τούτου
1327 3300 1417 3377 ἦν,
1457 3306 1524 3359 ὲκ
1548 3303 1868 3375 Πνεῦματος

272 3394 439 3462 ἁγίου
478 3392 761 3467 σαφηνίζει
803 3395 832 3448 6
876 3395 1146 3468 μακάριος
1178 3396 1455 3467 Ἰωάννης,
1508 3393 1571 3447 τὸ
1594 3394 1773 3449 πάντα
1799 3392 1868 3448 δι’

273 3484 444 3539 αὑτοῦ
480 3487 694 3555 ἐγένετο
714 3486 783 3541 τὰ
803 3487 1091 3559 γενόμενα.
1134 3487 1408 3561 Ἀνώτερα
1435 3488 1457 3519 ⁸
1499 3487 1556 3542 δὲ
1575 3486 1684 3541 τῶν
1716 3503 1868 3557 γενφ

284 3577 467 3649 μένων
516 3576 680 3641 αὐτὸς
707 3579 737 3631 ὁ
763 3578 834 3632 τὰ
866 3578 1046 3633 πάντα
1097 3581 1349 3651 ποιήσας.
1380 3579 1543 3649 Λέγει
1573 3579 1628 3633 δὲ
1656 3580 1689 3649 ἠ
1724 3579 1870 3649 Γρα-

281 3668 358 3739 φὴ
417 3668 487 3721 δι’
538 3666 703 3722 αὐτοῦ
756 3669 934 3724 πάντα
992 3670 1309 3741 γεγονέναι·
1366 3670 1468 3723 οὐκ
1511 3669 1763 3739 ὠνόμασε
1811 3667 1870 3722 δὲ

278 3760 413 3814 ποῖά
433 3761 549 3814 ἐστι
573 3762 639 3814 τὰ
665 3763 948 3831 γεγονότα.
1002 3762 1256 3816 ’Υπόνοια
1282 3761 1391 3834 γὰρ
1417 3760 1655 3833 οὐδαμοῦ
1672 3756 1741 3832 ἦν
1775 3777 1872 3819 ποτ

274 3851 498 3923 νηρίας,
538 3852 626 3906 ἵνα
673 3855 749 3925 μή
799 3871 946 3919 τινες
1000 3853 1342 3924 ὑπονοήσωσι
1367 3854 1437 3907 τὰ
1487 3853 1562 3924 μὴ
1596 3851 1747 3916 ὄντα,
1775 3851 1871 3913 καὶ

280 3943 721 4016 βλασφημήσωσι
778 3946 840 3999 τὸ
882 3946 1150 4018 ἄτρεπτον
1204 3944 1301 4000 καὶ
1325 3944 1680 3999 ἀναλλοίωτον
1717 3944 1873 4023 ἆγιον

276 4033 419 4087 Θεοῦ
462 4032 703 4104 Πνεῦμα.
752 4034 832 4087 Δι’
882 4034 1080 4099 αὐτοὺς
1112 4035 1222 4107 γάρ
1274 4052 1440 4107 φησιν
1478 4036 1507 4088 6
1532 4034 1757 4106 Κύριος,
1790 4034 1872 4086 ὅτι

274 4124 443 4193 ,Ἐάν
477 4143 566 4193 τις
592 4126 732 4196 εἴπῃ
752 4127 940 4198 λόγον
965 4130 1054 4195 εἰς
1082 4129 1191 4183 τὸν
1232 4128 1369 4183 Υὶόν
1398 4127 1508 4182 τοῦ
1534 4123 1871 4194 ἀνθρώπουὶ

277 4215 650 4287 ἀφεθήσεται
682 4214 860 4282 αὐτῷ.
902 4216 1057 4290 Ἐὰν,
1070 4216 1138 4272 δέ
1174 4234 1231 4272 τι
1289 4217 1447 4272 stato;
1474 4219 1562 4283 εὶς
1593 4215 1661 4271 τὸ
1703 4215 1876 4286 ἅγιον

281 4307 550 4377 Πνεῦμα,
588 4311 698 4363 οὐκ
739 4309 1107 4378 ἀφεθήσεται
1156 4308 1341 4375 αὐτῷ,
1376 4307 1520 4363 οὐδὲ
1555 4303 1694 4371 ὧδε,
1729 4306 1872 4362 οὐδὲ

279 4400 358 4453 ἐν
380 4397 463 4464 τῷ
479 4397 767 4468 μέλλοντι
788 4399 977 4454 αιῶνι.
1015 4399 1247 4454 Ἠλίθιον
1275 4399 1386 4472 γάρ
1415 4398 1607 4453 ὲστιτδ
1641 4400 1748 4453 πᾶν
1775 4397 1871 4453 τοῦ

279 4489 452 4543 αὑτοῦ
484 4489 663 4560 λόγου.
715 4489 877 4545 Κατὰ
926 4490 984 4543 δὲ
1011 4490 1111 4561 τὴν
1161 4489 1481 4562 βλάσφημον
1528 4489 1705 4542 αὐτῶν
1741 4488 1875 4542 ὑπό-

283 4598 437 4635 νοιαν
492 4581 784 4650 ἀντιλέξειέ
818 4599 903 4647 τις
932 4582 1138 4647 αὐτοῖς,
1184 4582 1278 4636 καὶ
1315 4582 1461 4635 εἴποι
1485 4598 1499 4611 '
1543 4577 1616 4634 Ὦ
1638 4582 1874 4650 γενναῖοι

283 4672 562 4742 σοφισταὶ,
590 4673 682 4725 καὶ
731 4671 840 4725 τῶν
891 4671 1064 4742 λόγων
1097 4671 1467 4743 διαστροφεῖςῐ
1523 4671 1573 4722 οἱ
1619 4668 1878 4740 βουλόμε-

283 4782 369 4818 νοι
416 4763 512 4817 σὺν
557 4763 668 4827 τοῖς
717 4763 997 4832 γεγονόσιν
1035 4762 1291 4834 ἀριθμεῖν
1342 4763 1403 4814 τὸ
1443 4762 1598 4831 ἅγιον
1649 4758 1876 4832 Πνεῦμα

280 4853 383 4910 τοῦ
432 4854 589 4927 Θεοῦ,
622 4854 709 4908 διὰ
758 4851 819 4907 τὸ
866 4853 1028 4926 ῥητὸν
1076 4854 1159 4921 τὸ,
1201 4854 1282 4907 Δι’
1323 4853 1510 4908 αὑτοῦ
1552 4852 1627 4907 τὰ
1672 4851 1869 4906 πάντα

283 4944 550 5015 ἐγένετο,
595 4942 702 4997 ἀπὸ
757 4942 850 4996 τοῦ
890 4945 1086 5008 εἰπεῖν,
1114 4944 1197 4996 ὅτι
1246 4941 1459 5006 πάντα,
1487 4940 1739 5014 μηδαμοῦ
1778 4941 1869 4995 ὅν-

284 5052 381 5098 τος
432 5035 528 5088 σὺν
569 5036 733 5088 πᾶσιν
760 5033 1162 5104 ἀριθμουμένου
1211 5031 1306 5085 τοῦ
1341 5033 1495 5101 ἁγίου
1532 5032 1870 5102 Πνεύματος.

291 5128 437 5198 Ἀρα
479 5125 609 5195 γοῦν
660 5128 755 5181 καὶ
793 5125 1137 5197 διανοηθῆναι
1177 5124 1417 5194 ὀφείλετε
1444 5165 1459 5189 ,
1497 5123 1532 5195 ἢ
1575 5123 1670 5178 καὶ
1716 5123 1875 5188 ἄλλος

289 5239 373 5286 τις
427 5222 622 5295 χείρων
656 5220 810 5292 ὑμῶν
863 5221 1071 5294 ἔτερος,
1123 5218 1336 5274 καὶτὸν
1366 5218 1587 5290 Πατέρα
1630 5216 1720 5270 διὰ
1779 5214 1875 5270 τοῦ

290 5312 422 5368 Tia-3
472 5313 772 5381 γεγονέναι,
818 5311 961 5367 κατὰ
1019 5312 1117 5385 τὴν
1165 5310 1483 5382 βλάσφημον
1532 5309 1686 5381 ὑμῶν
1737 5307 1872 5363 ὑπό-

290 5421 461 5462 νοιαν.
514 5400 677 5477 Ἑμοῦ
736 5404 845 5477 γὰρ
899 5403 1404 5475 συμπεριληπτικός
1451 5405 1598 5457 ὲστιν
1637 5404 1666 5455 6
1717 5400 1875 5470 λόγος

287 5502 515 5572 φάσκων
553 5500 623 5555 τά
651 5500 828 5557 πάντα
861 5498 926 5553 δι’
950 5496 1117 5552 αὐτοῦ
1175 5497 1478 5567 γεγονέναι.
1530 5497 1594 5550 Et
1622 5496 1680 5550 δὲ
1715 5495 1877 5566 βλάσ-

357 5680 376 5713 ¹
405 5677 464 5735 F-
519 5678 767 5750 μέχριςσῖ

851 5677 872 5707 ²
906 5673 967 5729 F.
990 5672 1454 5745 πεπληρῳμὲνως.

281 5745 305 5779 ⁸
324 5749 455 5812 ibid.
491 5745 547 5808 9.

1564 5670 1684 5743 ‘j‘.
1715 5671 1997 5743 ἀνωτέρω.
2085 5670 2108 5703 ⁸
2130 5669 2297 5729 .Joan.
2330 5686 2368 5739 ι,
2402 5671 2455 5726 3.

673 5745 812 5804 ibid.
844 5747 931 5801 to.
1010 5746 1054 5779 ¹⁶
1085 5741 1278 5800 manu.
1317 5759 1415 5814 xu,
1449 5742 1513 5800 51
1544 5759 1559 5810 ;
1594 5741 1761 5798 Marc.
1806 5741 2009 5809 ιιι,“28.

1971 3118 2321 3174 confessione
2352 3128 2652 3176 constaret.
2705 3120 2774 3174 In
2812 3122 3051 3190 principe
3088 3121 3234 3178 enim
3272 3131 3387 3176 erat
3430 3120 3556 3175 Ver-

1969 3210 2114 3275 bum,
2142 3221 2193 3264 et
2236 3212 2457 3265 Verbum
2487 3222 2603 3267 erat
2632 3212 2773 3282 apud
2800 3213 2992 3278 Deum,
3021 3223 3071 3268 et
3108 3213 3247 3268 Deus
3279 3222 3393 3267 erat
3429 3211 3557 3267 Ver-

1968 3303 2091 3358 bum
2113 3304 2157 3356 τ.
2214 3301 2664 3374 Quandoquidem
2711 3315 2847 3371 erat,
2914 3312 2968 3360 et
3012 3313 3149 3370 erat,
3205 3313 3262 3361 et
3310 3314 3469 3359 erat:
3500 3312 3558 3360 et

1966 3396 2074 3450 vita
2098 3407 2273 3460 erant,
2304 3411 2426 3465 quae
2450 3396 2504 3450 in
2535 3396 2656 3466 ipso
2688 3405 2817 3451 sunt
2849 3416 2861 3451 :
2896 3404 2950 3453 et
2982 3409 3099 3451 erat
3126 3398 3221 3451 tua:
3249 3415 3373 3452 uera
3412 3400 3458 3463 ⁸,
3496 3407 3552 3453 et

1968 3472 2024 3539 in
2067 3485 2267 3541 mundo
2323 3487 2499 3550 erat”,
2543 3486 2759 3557 aequae
2793 3488 2861 3541 ad
2897 3488 2999 3542 hoc
3044 3488 3223 3557 ipsum
3254 3488 3557 3544 attinebant

1969 3578 2161 3634 sancti.
2217 3575 2457 3648 Spiritus
2507 3576 2688 3632 afﬂatu
2753 3578 2945 3634 beatus
2996 3578 3236 3635 Joannes
3289 3580 3554 3637 declarat.

1970 3667 2189 3733 Omnia,
2225 3668 2423 3737 inquit,
2478 3684 2573 3738 per
2628 3669 2808 3738 ipsum
2861 3667 3004 3722 facta
3058 3676 3205 3732 sunt,
3239 3684 3361 3739 qua:
3412 3667 3557 3722 facta

1972 3766 2123 3815 Sunt.
2158 3757 2332 3814 Porro
2373 3774 2539 3829 supra
2574 3774 2635 3814 ea
2671 3775 2792 3829 qua:
2824 3759 2964 3812 facta
3009 3769 3137 3815 sunt
3170 3761 3261 3815 ille
3288 3762 3559 3817 constitu-

1972 3852 2064 3905 tus
2091 3855 2196 3913 est,
2226 3864 2256 3903 a
2286 3864 2395 3919 quo
2422 3849 2562 3903 facta
2598 3858 2728 3904 sunt
2769 3852 2977 3904 omnia.
3009 3849 3165 3917 Quod
3192 3858 3371 3907 autem
3409 3851 3560 3905 Scri—
3659 3902 3669 3909 .

1971 3932 2134 4012 ptura
2171 3955 2297 3996 cum
2344 3940 2577 3997 dixisset
2628 3940 2773 3994 facta
2813 3956 2936 3997 esse
2981 3943 3295 4012 peripsum
3337 3943 3556 4015 onmia;

1973 4048 2223 4104 quaenam
2244 4033 2332 4087 illa
2355 4032 2532 4088 forent
2556 4033 2880 4087 nominatim
2906 4034 3052 4088 haud
3071 4036 3425 4105 expresserit,
3440 4036 3557 4090 lucc

1974 4138 2097 4179 esse
2126 4137 2294 4178 causa
2333 4124 2571 4191 videtur,
2604 4126 2748 4195 quod
2782 4125 2931 4179 nulla
2972 4134 3086 4180 tum
3118 4133 3265 4181 esset
3289 4125 3558 4197 ejusmodi

1975 4204 2345 4289 improbitatis
2407 4217 2672 4287 suspicio,
2708 4224 2770 4271 ut
2830 4216 3074 4289 nonnulli
3120 4216 3255 4272 falsa
3311 4219 3560 4287 quaedam

1977 4308 2083 4363 sibi
2118 4308 2379 4377 opinione
2429 4308 2694 4379 tingentes
2750 4309 3011 4365 adversus
3067 4309 3461 4363 immutabilem
3494 4324 3560 4364 ac

1928 4398 1951 4467 .’
1981 4409 2233 4457 sanctum
2269 4399 2362 4454 Dei
2394 4398 2659 4471 Spiritum
2690 4401 3101 4456 contumeliosis
3125 4400 3357 4455 vocibus
3386 4400 3558 4454 aude-

1976 4498 2099 4546 rent
2152 4487 2456 4557 insurgere.
2506 4487 2581 4542 De
2620 4489 2730 4545 illis
2780 4490 2925 4543 enim
2981 4488 3296 4559 accipienda
3341 4496 3427 4546 est
3469 4489 3560 4543 illa

1976 4579 2193 4636 Domini
2227 4578 2531 4633 sententia:
2564 4576 2625 4632 Si
2654 4579 2770 4649 quis
2817 4578 3013 4633 dixerit
3034 4580 3243 4633 verbum
3272 4581 3325 4633 in
3359 4577 3561 4633 Filium

1977 4672 2227 4739 hominis,
2267 4671 2565 4725 remittetur
2594 4672 2716 4741 ipsi.
2749 4670 2845 4727 Sin
2890 4681 3065 4726 autem
3107 4672 3300 4728 dixerit
3324 4675 3397 4727 in
3436 4671 3561 4742 Spi-

1976 4762 2141 4815 ritum
2173 4770 2437 4825 sanctum,
2480 4778 2585 4815 non
2623 4764 2920 4816 remittetur
2957 4763 3084 4833 ipsi,
3135 4779 3297 4832 neque
3325 4764 3431 4831 hic,
3471 4782 3564 4819 ne-

1966 4870 2064 4925 que
2097 4852 2151 4908 in
2181 4853 2363 4921 futuro
2402 4852 2598 4907 δαίουιο
2626 4854 2692 4910 ¹⁰.
2742 4853 2811 4907 Ει
2836 4870 2968 4910 vero
3003 4855 3355 4910 stolidissima
3386 4868 3473 4911 est
3497 4856 3566 4911 il-

1971 4946 2151 5000 lurum
2206 4946 2366 4999 ratio.
2401 4944 2515 4999 lmo
2560 4961 2693 5001 vero
2727 4962 2794 5002 ex
2827 4947 2930 5001 bac
2981 4947 3226 5017 ipsorum
3278 4948 3561 5020 opinione,

1979 5051 2101 5107 quae
2134 5050 2259 5093 cum
2307 5050 2523 5092 summa
2577 5036 2633 5090 in
2678 5034 2847 5090 Deum
2886 5036 3219 5092 contumelia
3266 5038 3564 5109 conjuncta

1981 5144 2086 5196 est,
2118 5131 2199 5186 sic
2226 5145 2322 5186 eos
2352 5144 2687 5201 Oppugnare,
2719 5138 2774 5184 et
2829 5127 2895 5183 ad
2925 5144 3048 5183 eum
3083 5128 3306 5183 modum
3355 5129 3566 5185 instare

1984 5224 2109 5278 licet
2136 5241 2150 5277 :
2181 5220 2226 5278 Ο
2250 5222 2497 5293 praeclari
2530 5220 2789 5290 sephistae
2812 5236 2877 5275 ac
2907 5220 3409 5291 detorquendorum
3445 5236 3566 5275 ver-

1982 5314 2175 5369 borum
2207 5314 2466 5378 artiﬁces,
2488 5312 2690 5385 quibus
2717 5321 3006 5384 propterea
3031 5322 3283 5368 sanctum
3314 5312 3407 5366 Dei
3440 5312 3565 5380 Spi-

1983 5408 2147 5461 ritum
2181 5406 2249 5461 iis
2280 5406 2444 5461 rebus
2471 5420 2592 5476 qua:
2619 5405 2779 5460 facta:
2825 5414 2954 5461 sunt
3007 5404 3355 5460 annumerari
3408 5402 3562 5468 libet,

1981 5496 2127 5568 quod
2161 5496 2236 5550 ita
2269 5496 2532 5568 scriptum
2562 5494 2669 5553 sit:
2697 5495 2805 5552 Per
2831 5496 3004 5566 ipsum
3033 5494 3214 5549 omnia
3240 5495 3387 5563 facta
3416 5503 3562 5547 sunt.

2566 5671 2587 5703 ⁵
2616 5669 2747 5727 ibid.
2788 5671 2843 5727 4.
2939 5672 2960 5707 ⁸
3008 5667 3144 5727 ibid.
3275 5665 3296 5699 ⁷
3335 5665 3471 5723 ibid.
3507 5666 3564 5724 l.
