3994 6410
560 319 659 380 ενι
1144 362 1153 369 -
1984 335 2040 392 S.
2081 335 2128 388 E

2240 333 2428 390 ΙΙΛΝΙΙ
3049 372 3052 375 -
3711 348 3804 406 201

565 449 927 520 ϐοηειειιυοηε
956 451 1120 521 igitur
1165 450 1248 507 est
1280 459 1340 508 ut
1386 451 1576 508 eadem
1632 465 1730 507 vos
1763 452 1997 518 ratione,
2051 451 2128 504 vel

2254 466 2435 520 φημον
2461 450 2592 521 περὶ
2625 450 2718 503 τοῦ
2763 451 2976 523 Πατρδς
3020 452 3330 522 λογίζεσθαι
3361 453 3424 512 τὸ
3444 459 3687 525 τοιοῦτον,
3720 471 3799 519 καὶ

570 542 715 596 alius
746 543 871 612 quis
901 544 1056 598 vobis
1081 543 1322 600 deterior
1349 544 1420 598 ita
1453 546 1638 599 animo
1679 543 1995 613 concipiat:
2038 541 2128 596 Pa~

2257 538 2462 610 μωρὸν,
2491 538 2554 591 τὸ
2599 539 2787 609 ὅμοιον
2810 542 2906 595 καὶ
2937 543 3031 596 ἐπὶ
3057 548 3170 607 τοῖς
3201 546 3594 618 διανοουμένοις
3621 552 3704 605 ἐπὶ
3723 557 3803 612 τοῦ

567 641 707 688 trem
735 633 910 703 ipsﬁm
930 641 1027 703 per
1045 627 1244 690 Filium
1264 627 1388 691 esse
1421 633 1649 699 iactum,
1669 649 1736 690 ex
1766 634 1937 704 impia
1960 641 2128 688 vestra

2253 629 2412 698 ἁγίου
2439 629 2772 702 Πνεῦματος,
2830 633 2926 686 τοῦ
2967 636 3068 688 σὺν
3104 633 3280 708 Πατρὶ
3316 639 3700 712 ἀριθμουμένου
3725 650 3802 702 καὶ

564 725 856 779 sententia.
893 724 1204 781 Generatim
1236 726 1438 797 quippe
1469 734 1734 796 concepta
1787 733 1872 780 est
1917 725 2128 779 oratio‘

2254 719 2387 790 Υίῷ.
2415 720 2478 773 Ei
2510 717 2622 790 γὰρ
2652 717 2721 792 ἦν
2779 722 2889 776 τῶν
2920 726 3242 794 γεγονότων,
3273 728 3376 781 οὐκ
3394 729 3461 782 ἂν
3487 730 3564 801 τῷ
3597 734 3802 809 ἁκτίστῳ

563 812 750 867 omnia
801 819 899 884 pct-
946 815 1129 884 ipsum
1185 829 1311 872 esse
1365 815 1530 870 facta.
1587 815 1800 882 Quodsi
1853 815 1963 869 tale
2006 814 2128 884 quid

2253 811 2430 881 Ιιιιτρὶ⁵
2459 811 2552 864 καὶ
2581 811 2696 882 Υίῷ
2718 813 2962 885 ἀκτίστῳ
2989 818 3392 888 συνηριθμεῖτο.
3435 821 3568 874 Ἀλλ’
3587 823 3662 876 ὅτι
3682 825 3804 880 ἀκτι-

563 904 635 958 de
675 903 837 959 Patre
884 907 1157 976 sospitari
1212 909 1441 977 impium
1499 907 1878 962 acswlidum
1913 913 2038 970 est;
2091 905 2128 960 ii

2254 903 2380 955 στόν
2404 905 2573 968 ἐστιν,
2617 905 3056 976 συναριθμεξται.
3092 907 3228 962 Eine
3261 910 3372 983 γάρ
3398 928 3412 943 ·
3461 913 3804 985 Ἀπελθόντες

565 995 746 1064 ipsum
769 1005 823 1052 et
845 999 912 1053 de
938 999 1049 1055 illis
1077 999 1509 1055 existimandum
1535 1000 1727 1068 estqui
1751 999 1856 1052 hoc
1879 999 1944 1052 ad
1977 996 2128 1067 Spiri

2246 996 2589 1060 ,ϐαπτίσατε
2615 999 2704 1063 εις
2732 999 2921 1068 ὄνομα
2945 1002 3196 1068 Πατρός,
3227 1003 3326 1055 καί
3357 1004 3513 1070 Υιοῦ,
3539 1007 3632 1058 καί
3659 1009 3803 1078 ἁγίου

557 1099 672 1144 tum
707 1094 965 1145 sanctum
1005 1090 1370 1157 transferunt,
1405 1092 1498 1162 qui
1535 1106 1659 1144 eum
1690 1089 1853 1144 Patre
1902 1089 2128 1160 Filioqm

2251 1089 2618 1157 Πνεύματος.
2659 1089 2786 1153 Πῶς
2815 1089 2870 1142 δὲ
2899 1091 3118 1144 κτιστὸν
3151 1093 3236 1164 εἴη
3271 1093 3336 1146 τὸ
3370 1093 3590 1164 Πνεῦμα
3609 1097 3666 1150 τὸ
3691 1116 3806 1170 μαρ-

554 1188 905 1233 numeratur.
942 1177 1077 1232 Nam
1126 1181 1173 1234 si
1208 1194 1392 1234 rerum
1431 1179 1701 1233 factarum
1743 1177 1936 1231 ordine
1964 1178 2128 1232 conti-

2249 1178 2603 1250 τυρούμενον,
2638 1180 2721 1232 ὅτι
2769 1180 2872 1233 Ἐκ
2903 1179 3010 1234 τοῦ
3043 1182 3276 1250 Πατρός
3304 1182 3695 1254 ἐκπορεύεται,
3722 1190 3802 1242 καί

559 1277 810 1336 seretur,
840 1284 969 1325 cum
1008 1271 1252 1326 increato
1304 1271 1465 1326 Patre
1493 1279 1547 1324 et
1597 1271 1843 1324 increato
1871 1268 2013 1322 Filio
2052 1284 2128 1325 ne

2249 1267 2320 1320 ἐκ
2347 1267 2453 1322 τοῦ
2485 1267 2634 1336 ἐμοῦ
2669 1268 2998 1336 λαμϐάνευ
3035 1270 3103 1324 δι’
3131 1266 3192 1325 οῦ
3220 1273 3370 1343 καὶὴ
3397 1273 3577 1328 τελεία
3608 1275 3708 1328 τῶν
3728 1278 3804 1331 ἁν-

553 1357 834 1430 quaquam
878 1361 1257 1418 numerandus
1288 1371 1475 1428 esset;
1528 1361 1625 1416 sed
1671 1360 1818 1431 quod
1869 1361 2128 1414 iucreatut

2250 1357 2487 1430 θρώπων
2515 1360 2781 1430 σωτηρία,
2834 1361 2930 1414 καὶ
2967 1360 3230 1434 ενσαρκος
3285 1366 3587 1436 οίκονομία,
3625 1370 3695 1431 είς
3717 1371 3802 1422 πᾶ-

553 1451 649 1516 sit,
685 1451 894 1508 idcirco
924 1461 1264 1510 numeratur.
1295 1455 1465 1524 780
1487 1454 1746 1511 Christus
1777 1452 1929 1508 enim
1964 1452 2104 1506 dixit

2251 1465 2351 1503 σαν
2379 1450 2664 1504 δικαίωσιν
2689 1451 3003 1524 ἐπληρώθη.
3034 1455 3284 1544 Ἕχριςγε
3322 1455 3435 1525 γὰρ
3459 1457 3640 1512 αὑτὸν
3655 1463 3802 1514 11νεὺ-

551 1541 756 1598 Εαηεοε
793 1543 1061 1612 baptizata
1091 1545 1145 1598 ἔτι
1173 1546 1384 1599 nomine
1413 1545 1619 1610 Patris,
1655 1554 1707 1599 et
1735 1543 1889 1609 Filii,
1932 1553 1984 1598 et
2015 1544 2128 1610 Spi-

2246 1557 2390 1611 ματι
2414 1542 2581 1610 ἁγίῳ,
2612 1543 2778 1614 φησὶν
2801 1543 2835 1614 ἡ
2869 1543 3061 1616 Γραφὴ
3094 1541 3222 1617 περὶ
3245 1545 3343 1600 τοῦ
3383 1549 3601 1620 Κυρίου.
3629 1552 3729 1604 Οὐκ
3749 1553 3802 1606 ἂν

550 1637 689 1689 ritus
735 1635 911 1690 sancti
950 1637 990 1690 '.
1035 1635 1272 1701 Quinam
1318 1651 1481 1706 porro
1529 1644 1750 1691 creatus
1795 1651 1919 1691 esse
1967 1642 2128 1704 potes

2245 1633 2304 1686 δὲ
2337 1633 2435 1706 τὴν
2469 1634 2734 1705 ἐνσαρκον
2766 1637 3082 1706 οἰκονομίαν
3112 1637 3210 1690 σῦν
3232 1638 3312 1709 τῷ
3339 1638 3461 1710 Θεῷ
3493 1641 3644 1710 Λόγῳ
3691 1644 3800 1712 ἠνω-

553 1725 794 1798 Spiritus
833 1727 946 1793 ilie,
980 1729 1050 1782 de
1093 1743 1206 1798 quo
1247 1728 1323 1782 ita
1369 1735 1604 1783 testatur
1637 1747 1648 1783 :
1683 1730 1726 1781 Α
1765 1726 1930 1781 Patre
1967 1741 2128 1795 proca

2253 1724 2422 1796 μένην
2458 1727 2540 1789 είς
2594 1726 2725 1797 μίαν
2776 1726 3009 1798 θεότητα
3040 1727 3258 1797 ἔχρισεν
3281 1730 3313 1781 ὀ
3345 1731 3535 1802 Πατὴρ
3560 1733 3797 1802 κτίσματι.

549 1819 634 1873 dit
661 1821 706 1884 ⁸,
741 1828 794 1874 et
835 1823 901 1874 de
945 1833 1060 1873 meo
1096 1819 1290 1888 acn'pt't
1328 1819 1388 1872 ’ἲ
1434 1834 1530 1888 per
1559 1834 1722 1889 quem
1760 1827 1816 1874 et
1861 1818 2128 1873 hominm:

2261 1811 2401 1868 uxr
2447 1815 2637 1888 ἐπειδὴ
2673 1816 2772 1887 μία
2806 1818 2954 1870 ἐστὶν
3007 1818 3263 1890 ήΤριὰς,
3320 1820 3454 1889 τρία
3490 1801 3688 1886 τέλεια,
3725 1823 3800 1891 μία

552 1911 796 1983 perfecta
843 1913 1004 1968 salus
1021 1921 1078 1968 et
1121 1913 1430 1966 iucarnatio
1456 1911 1524 1965 ad
1551 1926 1768 1966 omnem
1793 1911 2128 1981 justiticatio

2245 1907 2460 1979 Θεότης,
2484 1908 2593 1962 seu
2621 1910 2680 1961 ὲν
2705 1907 2783 1979 τῷ
2817 1908 2934 1980 Υίῷ
2972 1911 3332 1980 οἰκονομικῶς
3359 1911 3520 1965 τοῦτο
3565 1913 3797 1981 γενέσθαι,

556 2019 682 2058 nem
725 2013 812 2059 est
849 2005 1109 2074 impleta?
1145 2002 1310 2057 Unxit
1335 2005 1475 2058 enim
1503 2002 1656 2057 illum
1686 2001 1891 2073 Spiritu
1933 2013 2128 2058 sancto.

2245 1999 2354 2064 ἵνα,
2374 1999 2691 2054 παντάπασι
2710 1999 3068 2072 δοξαζομένη,
3090 2001 3150 2054 ὲν
3171 2001 3382 2055 ἅπασιν
3403 2002 3567 2074 νοηθῇ
3596 2002 3799 2074 “pug,

555 2096 633 2150 ait
677 2095 960 2167 Scriptura
988 2097 1058 2152 de
1087 2096 1373 2153 Domino‘.
1417 2095 1707 2166 Nunquam
1735 2103 1916 2150 autem
1945 2095 2128 2150 buma-

2243 2089 2519 2163 καθὰπερ,
2552 2090 2694 2144 κατὰ
2731 2091 2921 2146 πασῶν
2949 2091 3057 2145 τῶν
3081 2093 3352 2163 αἱρέσεων
3372 2094 3502 2164 περὶ
3528 2093 3800 2164 Πνεῦματος

557 2199 685 2240 nam
727 2182 881 2243 illam
926 2194 1179 2242 naturam
1213 2187 1268 2240 in
1297 2199 1460 2242 unam
1494 2185 1834 2240 divinitatem
1865 2201 1992 2240 eum
2031 2185 2128 2242 Det

2245 2181 2619 2253 διηγούμενοι,
2649 2185 2712 2236 οὐ
2751 2185 2903 2256 μίαν,
2949 2183 3012 2236 οὐ
3041 2182 3135 2236 δύο
3179 2183 3492 2255 μαρτυρίας
3523 2183 3799 2250 εἰσενέγκαι

549 2273 732 2332 Verb'o
767 2277 1120 2348 coniunctam
1165 2286 1424 2334 creatura
1467 2277 1654 2348 aliqua
1710 2276 1870 2332 Pater
1907 2277 2128 2347 inunge-

2251 2291 2368 2345 μεν,
2397 2273 2481 2328 ὅτι
2511 2275 2648 2329 Θεοῦ
2679 2277 2794 2329 ἐστι
2833 2273 3057 2344 Πνεῦμα
3090 2276 3186 2328 σὺν
3224 2275 3406 2348 lla-cpi.
3435 2275 3528 2328 καὶ
3545 2273 3650 2344 Υίῷ
3671 2272 3798 2339 δοξα-

550 2372 652 2422 ret.
695 2363 851 2421 Nunc
878 2383 1003 2421 cum
1047 2383 1154 2422 una
1202 2368 1274 2424 sit
1307 2367 1572 2433 Trinitas,
1614 2367 1831 2437 triaque
1875 2365 2128 2437 perfecta,

2248 2366 2499 2436 ζόμενον,
2536 2367 2812 2434 ἄκτιστον,
2855 2366 2951 2420 καὶ
2994 2367 3269 2437 ἄτρεπτον
3291 2407 3311 2433 ,
3352 2367 3450 2420 καὶ
3471 2365 3682 2420 τέλειον.
3707 2364 3800 2429 Ἐξο

546 2467 603 2512 et
631 2471 738 2512 una
767 2458 1051 2524 divinitas,
1085 2458 1494 2529 dispensatione
1518 2457 1754 2529 quadam
1789 2458 1906 2513 fieri
1943 2457 2050 2512 hoc
2082 2459 2128 2512 in

2246 2458 2412 2510 ἑπεσε
2443 2456 2502 2510 δὲ
2530 2457 2625 2512 καὶ
2651 2459 2823 2530 ὸπερὶ
2846 2457 3036 2512 τούτου
3069 2456 3178 2511 τῶν
3204 2455 3647 2526 φιλονεικούντων
3673 2454 3799 2523 λόγος

551 2546 690 2603 Filio
725 2547 934 2614 debuit,
977 2556 1037 2604 ut
1084 2550 1141 2604 in
1171 2549 1428 2605 omnibus
1467 2549 1629 2605 laude
1671 2564 1738 2604 ac
1783 2550 1956 2621 gloria
1989 2551 2128 2606 cele-

2245 2550 2275 2603 ό
2293 2549 2416 2602 καθ’
2439 2548 2666 2603 ἑαυτῶν.

549 2645 707 2698 brata
739 2651 1165 2716 cognosceretur
1194 2642 1457 2700 Trinitas.
1499 2643 1970 2711 Quemadmodum
2005 2660 2130 2700 cum
2162 2642 2425 2700 adversus
2458 2643 2694 2700 haereses
2729 2657 2921 2699 omnes
2961 2644 3031 2700 de
3064 2642 3271 2715 Spiritu
3305 2648 3502 2700 sancto
3537 2641 3798 2711 disputare-

550 2737 697 2800 i'nus,
730 2752 840 2792 non
866 2726 1099 2793 uno'aut
1133 2739 1304 2794 altero
1334 2739 1649 2794 testimonio
1680 2740 2034 2809 probavimus
2076 2739 2168 2796 Dei
2195 2745 2319 2796 esse
2351 2739 2633 2809 Spiritum,
2661 2740 2756 2809 qui
2786 2753 2914 2793 cum
2939 2738 3100 2795 Patre
3129 2747 3185 2794 et
3211 2739 3355 2793 Filio
3385 2736 3795 2792 collaudeturino

547 2833 794 2894 ereatus,
825 2830 1187 2886 immutabilis
1210 2841 1264 2886 et
1294 2831 1590 2902 perfectus.
1609 2831 1977 2899 Quamobrem
2007 2833 2111 2888 hac
2139 2831 2194 2888 in
2219 2840 2374 2903 parte
2397 2833 2872 2889 contentiosorum
2905 2832 3287 2888 hereticorum
3313 2832 3538 2887 exclusa
3570 2829 3696 2884 ratio
3713 2833 3794 2890 est,

557 2931 679 2990 quae
701 2921 757 2974 in
790 2921 915 2977 illos
951 2923 1097 2993 ipsos
1132 2923 1348 2979 recidit.

620 3035 778 3092 LVII.
834 3038 1064 3110 Reliqua
1107 3041 1271 3096 modo
1313 3057 1436 3112 qua:
1487 3041 1682 3098 alierre
1735 3043 1915 3100 solent
1954 3043 2128 3100 consi-

2313 3034 2440 3097 NZ’.
2474 3042 2643 3097 Πάλιν
2669 3041 2727 3096 δὲ
2751 3043 2832 3106 εἰς
2860 3041 2961 3106 τὰς
2989 3041 3155 3106 ἄλλας
3193 3042 3380 3095 αὐτῶν
3407 3040 3579 3106 λέξεις
3607 3034 3794 3097 ἑαυτοὺς

547 3128 824 3199 deremus.
864 3129 1018 3200 Hanc
1051 3133 1197 3187 enim
1231 3143 1496 3203 praeterea
1546 3132 1760 3188 Domini
1803 3135 2136 3191 sententiam

551 3221 886 3290 perabsurde
939 3222 1246 3291 proferunt,
1328 3240 1438 3295 qua
1486 3225 1707 3296 quidem
1785 3227 1902 3296 ipse
1950 3227 2134 3283 dixit:

551 3309 694 3378 Quid
738 3327 818 3365 me
863 3312 997 3368 dicis
1040 3314 1278 3370 bonum?
1326 3312 1470 3369 Unus
1501 3324 1580 3369 est
1623 3314 1787 3371 bonus
1822 3315 1960 3371 Deus
1989 3317 2030 3371 '.
2075 3314 2135 3372 In

549 3415 659 3469 quo
699 3401 1054 3471 semetipsum
1101 3403 1170 3456 ab
1195 3403 1435 3460 essentia
1479 3403 1662 3460 Patris
1701 3415 1755 3461 et
1792 3421 2024 3476 persona
2055 3421 2139 3462 se-

551 3505 781 3560 parasse
814 3491 1050 3548 videtur.
1085 3493 1289 3551 Verum
1323 3497 1616 3553 ridiculum
1652 3499 1756 3554 hoc
1789 3499 2008 3554 illorum
2039 3514 2135 3553 ar-

547 3591 866 3650 gumentum
914 3594 1018 3639 est.
1069 3583 1203 3639 Nam
1253 3587 1347 3656 qui
1394 3596 1504 3640 tam
1551 3589 1721 3642 multa
1766 3589 1823 3643 in
1861 3605 1963 3646 nos
1993 3590 2137 3646 bona

547 3672 801 3735 contulit,
833 3673 1061 3730 minime
1087 3676 1306 3731 illorum
1338 3679 1596 3747 opinione
1641 3680 1819 3735 bonus
1850 3679 2136 3737 habendus

547 3771 653 3818 est.
709 3762 842 3828 Quis
896 3765 1023 3837 litigi
1072 3777 1253 3836 potest
1301 3769 1640 3839 improbior?
1690 3770 2135 3842 quandoquidem

549 3854 643 3924 qui
675 3870 774 3924 pro
819 3855 1015 3913 ovibus
1058 3859 1174 3914 suis
1208 3860 1446 3915 animam
1489 3863 1771 3932 profudit;
1806 3864 1900 3934 qui
1941 3863 2008 3919 ad
2041 3879 2136 3935 pa-

548 3947 794 4003 tiendum
837 3957 1034 4020 sponte
1065 3951 1370 4018 descendit,
1399 3968 1524 4009 cum
1576 3955 1838 4012 immunis
1881 3953 1950 4011 ab
1982 3954 2134 4010 omni

552 4039 808 4108 passione
838 4039 982 4096 Deus
1025 4051 1192 4107 esset,
1232 4045 1323 4114 qni
1355 4045 1681 4102 delictorum
1716 4046 1876 4104 nobis
1901 4047 2133 4118 gratiam

547 4130 696 4198 fecit,
720 4133 812 4203 qui
844 4133 900 4188 in
927 4135 1076 4190 omni
1107 4133 1407 4192 Israelitico
1429 4139 1630 4209 populo
1655 4140 2010 4210 aegritudines
2043 4153 2133 4193 sa-

544 4221 713 4287 navit,
738 4223 829 4292 qui
865 4239 966 4294 pro
995 4239 1094 4280 sua
1127 4225 1368 4280 bonitate
1401 4235 1510 4281 tam
1537 4227 1811 4283 inﬁnitum
1845 4228 2128 4284 hominum

541 4325 715 4380 genus
747 4313 984 4384 collegit,
1030 4315 1124 4386 qui
1158 4316 1420 4372 bonitatis
1449 4316 1865 4374 administrator
1892 4331 1948 4374 et
1975 4320 2130 4390 pacis

2239 3134 2537 3206 ὲπιδῶμεν.
2583 3135 2722 3188 Φασὶ
2756 3135 2866 3206 γὰρ
2907 3134 3070 3188 πάλιν
3112 3134 3172 3186 τὸ
3225 3134 3394 3206 ῥητὸν
3449 3134 3548 3185 οὐκ
3599 3128 3794 3194 εὐλόγως

2239 3225 2581 3298 κατέχοντες,
2631 3226 2901 3289 ὃτιαῦτὸς
2951 3225 3055 3296 ἔφη
3112 3227 3394 3296 ὁΣωτὴρ·
3443 3225 3504 3278 Τί
3534 3239 3608 3292 με
3631 3221 3792 3288 λέγεις

2238 3317 2500 3390 ἀγιιθόιπ
2529 3314 2617 3385 εἷς
2652 3319 2825 3372 ἐστιν
2881 3318 3103 3387 ἀγαθὸς
3134 3321 3166 3372 ὀ
3203 3320 3384 3385 Θεός·
3420 3313 3523 3371 ’καὶ
3559 3313 3792 3385 ἀφώρισεν

2239 3409 2430 3463 ἑαυτὸν
2475 3409 2725 3464 ἐντεῦθεν
2783 3408 2892 3463 ἀπὸ
2937 3410 3036 3481 τῆς
3057 3407 3152 3462 τοῦ
3184 3411 3403 3480 Πατρὸς
3428 3409 3609 3471 οὐςίας
3645 3421 3695 3458 τε
3721 3401 3791 3456 καὶ

2237 3502 2609 3567 ὑποστάσεως.
2630 3503 2702 3555 Τὸ
2729 3495 2786 3554 δὲ
2815 3501 2922 3555 πᾶν
2955 3502 3067 3554 ἐστι
3097 3500 3407 3570 γελοιῶδες.
3433 3503 3494 3554 Εἰ
3519 3501 3619 3570 γὰρ
3645 3501 3670 3551 ὁ
3694 3511 3790 3548 τοσ-

2238 3591 2376 3646 αῦτα
2422 3595 2554 3664 ἡμῖν
2603 3592 2788 3662 ἀγαθὰ
2820 3593 3137 3666 πεποιηκὼς
3187 3595 3289 3648 οὐκ
3337 3591 3539 3664 ἀγαθὸς
3573 3591 3686 3660 παρ’
3712 3587 3790 3639 αὖ·

2237 3687 2348 3750 τοῖς
2373 3685 2638 3757 κρίνεται,
2667 3684 2759 3738 καὶ
2787 3685 2871 3749 τίς
2901 3685 2982 3739 ἔτι
3011 3685 3203 3739 τούτου
3265 3686 3659 3759 μοχθηρότερος
3685 3680 3787 3750 εἴηὶ

2236 3777 2320 3831 ὅτι
2345 3780 2374 3832 ὁ
2403 3777 2656 3843 δεδωκὼς
2688 3778 2788 3851 τὴν
2810 3778 2990 3850 ψυχὴν
3013 3778 3178 3832 αὑτοῦ
3215 3779 3361 3851 ὑπὲρ
3393 3779 3500 3833 τῶν
3524 3775 3786 3849 προϐάτων,

2233 3869 2265 3923 ὁ
2295 3873 2362 3941 τῇ
2393 3869 2618 3944 ἑκουσίᾳ
2641 3870 2836 3945 γνώμῃ
2884 3870 3056 3924 ἐλθὼν
3103 3871 3184 3935 εἰς
3217 3872 3278 3924 τὸ
3304 3871 3521 3935 παθεῖν,
3548 3871 3575 3923 ὁ
3611 3863 3788 3932 ἀπαθὴς

2236 3959 2368 4024 Θεὸς
2419 3957 2516 4027 ὣν,
2565 3961 2648 4016 ὃτι
2698 3959 2726 4016 ὅ
2751 3963 2851 4034 τὴν
2899 3962 3108 4035 δωρεὰν
3157 3963 3289 4034 ἡμῖν
3321 3963 3676 4034 ποιησάμενος
3700 3953 3786 4007 τῶν

2237 4049 2672 4123 ἁμαρτημάτων,
2705 4053 2787 4106 ὅτι
2819 4054 2848 4106 ὁ
2884 4052 2984 4116 τὰς
3022 4053 3194 4116 ἰάσεις
3231 4053 3551 4114 ἐπιτελέσας
3577 4051 3629 4104 ὲν
3655 4042 3786 4100 παντὶ

2248 4140 2484 4212 Ἰσραὴλ,
2510 4143 2538 4195 6
2571 4145 2636 4197 ἐκ
2665 4145 2765 4217 τῆς
2797 4145 2965 4198 αὑτοῦ
2995 4144 3338 4216 ἀγαθότητος
3375 4143 3616 4199 τοσοῦτον
3660 4139 3785 4208 γένος

2234 4231 2344 4287 τῶν
2391 4233 2695 4306 ἀνθρώπων
2743 4237 3203 4310 περισυναγαγὼν
3244 4238 3302 4292 ὲν
3324 4237 3632 4308 ἀγαθὸτητι,
3663 4228 3784 4299 ὁτῆς

2235 4325 2572 4398 ἀγαθότητος
2603 4327 2870 4399 πρύτανις
2925 4330 3021 4384 καὶ
3053 4326 3152 4400 τῆς
3203 4328 3430 4401 εἰρήνης
3460 4319 3728 4390 δεσπόζων,
3760 4319 3784 4370 ό

545 4402 805 4458 Dominus
839 4414 944 4472 est,
983 4406 1208 4472 bonum,
1247 4408 1495 4479 inquam,
1541 4409 1674 4466 illud
1713 4409 1950 4466 Verbum
1981 4411 2127 4481 quod

2235 4411 2348 4470 ἄνω
2379 4419 2444 4470 ὲκ
2465 4418 2682 4491 Πατρὸς
2711 4414 2915 4490 ἄγαθὸς
2937 4421 3131 4492 Λόγος,
3159 4425 3222 4474 ἐκ
3250 4421 3344 4475 τοῦ
3375 4420 3573 4490 ἀγαθοῦ
3606 4412 3782 4484 Πατρὸς

539 4495 610 4550 ab
653 4506 860 4552 aeterno
901 4497 1048 4553 bono
1093 4515 1160 4554 ex
1215 4498 1377 4556 Patre
1415 4503 1663 4573 genitum
1709 4511 1794 4558 est
1826 4523 1839 4558 :
1875 4502 1984 4569 Qui
2031 4502 2127 4556 dat

539 4598 716 4635 escam
750 4585 895 4638 omni
934 4587 1083 4641 curui
1110 4589 1152 4652 ⁸,
1206 4589 1302 4659 qui
1349 4591 1404 4646 in
1447 4593 1766 4650 hominibus
1801 4595 2128 4666 ceterisque

541 4687 570 4725 a
637 4689 696 4728 se
761 4677 1048 4744 productis
1112 4681 1373 4736 omnibus
1451 4682 1753 4738 bonitatem
1825 4685 2122 4756 impertiit,

541 4760 721 4818 bonus
751 4766 821 4820 ab
867 4767 978 4822 illis
1025 4779 1137 4823 non
1165 4771 1470 4841 judicatur.
1518 4771 1644 4828 Haec
1689 4775 1836 4829 enim
1871 4777 2125 4847 ignorant

542 4854 653 4919 isti,
701 4860 793 4927 qui
850 4861 995 4917 ultro
1049 4863 1154 4918 sibi
1207 4863 1541 4920 oblivionem
1596 4867 1896 4935 asciscunt,
1951 4868 2118 4924 Chri~

542 4953 687 5003 Stum
736 4949 1029 5008 Dominum
1089 4955 1136 5009 ei
1188 4957 1280 5026 qui
1333 4955 1401 5011 de
1440 4972 1500 5011 se
1535 4968 1886 5027 percontatus
1919 4960 2118 5032 fuerat,

534 5055 863 5108 responsum
927 5038 1061 5102 illud
1125 5047 1271 5116 quod
1329 5056 1491 5102 antea
1559 5055 2118 5112 commemoravimus

535 5131 777 5196 dedisse,
829 5143 887 5188 ut
925 5137 1048 5205 ejus
1096 5139 1297 5192 lastum
1355 5143 1841 5215 arrogantiamque
1890 5162 2115 5217 compe-
2169 5201 2194 5230 Ι

532 5233 732 5278 sceret.
785 5223 922 5279 Nam
977 5244 1109 5282 cum
1154 5229 1240 5286 hic
1280 5248 1310 5286 e
1355 5235 1662 5289 scribarum
1708 5253 1940 5293 numero
1995 5241 2116 5310 glo-
2169 5223 2200 5258 ³

529 5313 810 5383 riaretur,
866 5316 1028 5390 781
1086 5324 1229 5388 quod
1291 5337 1558 5396 praecepta
1600 5328 1732 5397 legis
1771 5331 1954 5384 omnia
2012 5346 2107 5386 ac-

529 5405 882 5466 curatissime
912 5420 1228 5478 servasset;
1271 5429 1440 5484 seque
1465 5417 1695 5486 justitite
1741 5434 1806 5475 ac
1841 5419 2108 5475 bonitatis

602 5641 618 5671 ¹
647 5639 831 5722 διελιιίι.
865 5663 1056 5713 xxvut,
1091 5649 1176 5702 l9.
1253 5653 1272 5682 ³
1295 5654 1451 5708 Joau.
1486 5673 1570 5722 xv,
1597 5660 1688 5715 9.6.

530 5717 848 5774 caaxv,25.

1791 5665 1810 5697 ³
1846 5661 2005 5722 Joan.
2041 5684 2152 5738 xvi,
2183 5669 2271 5742 it,
2311 5673 2391 5730 l5.

2231 4509 2650 4580 γεγεννημένος,
2667 4511 2721 4564 Ὀ
2752 4503 2957 4579 διδοὺς
2977 4515 3210 4583 τροφὴν
3225 4514 3394 4582 πάσῃ
3417 4510 3644 4581 σαρκὶ,ὁ
3660 4509 3781 4574 ἐνερ-

2229 4598 2405 4668 γήσας
2438 4598 2746 4671 ἀνθρώποις
2775 4599 2870 4654 καὶ
2897 4603 3029 4655 πᾶσι
3049 4600 3160 4666 τοῖς
3185 4601 3277 4656 ὑπ’
3299 4602 3461 4656 αὑτοῦ
3491 4590 3776 4669 γεγεννημέ-

2228 4704 2339 4751 νοις
2370 4683 2537 4744 πᾶσιν
2566 4691 2896 4764 ἁγαθότητα,
2922 4694 3024 4746 οὐκ
3048 4693 3255 4762 ἀγαθὸς
3290 4697 3420 4766 παρ’
3437 4693 3608 4752 αὐτοῖς
3630 4685 3778 4757 κρίνε’

2226 4796 2335 4833 ται.
2366 4771 2477 4834 Καὶ
2500 4783 2599 4835 οὐκ
2629 4783 2808 4838 ἴσασιν
2840 4786 2889 4838 οἰ
2912 4785 3082 4858 λήθην
3115 4788 3330 4852 ἑαυτοῖς
3353 4780 3773 4858 περιποιούμενοι,

2223 4873 2306 4924 δτι
2330 4873 2466 4945 πρὸς
2483 4875 2572 4928 τὸν
2592 4877 2949 4948 ἐρωτήσαντα
2971 4877 3350 4950 ἀνθυπήνεγκε
3372 4878 3460 4931 τὸν
3475 4875 3638 4942 λόγον.
3655 4871 3774 4926 ὅπως

2223 4965 2424 5038 καθέλῃ
2445 4968 2545 5038 τῆς
2563 4971 2621 5022 ἐν
2636 4969 2785 5040 αὐτῷ
2809 4971 3097 5041 ὲπάρσεως
3119 4971 3180 5024 τὸ
3200 4971 3482 5043 φρύαγμα.
3499 4964 3673 5036 Αὐχῶν
3685 4959 3772 5027 γάρ

2222 5043 2288 5119 ἦν
2309 5059 2417 5112 ἀπὸ
2439 5061 2813 5132 γραμματέων
2828 5063 3168 5136 ὁρμώμενος,
3182 5063 3258 5129 ὡς
3273 5065 3339 5118 τὰ
3359 5061 3677 5131 δικαιώματα
3694 5047 3769 5102 τοῦ

2223 5148 2392 5220 νόμου
2417 5151 2662 5223 ἀκριϐῶς
2686 5152 2948 5224 φυλάξας,
2976 5155 3322 5227 δικαιοσύνην
3343 5172 3402 5208 τε
3428 5153 3516 5207 καὶ
3538 5145 3768 5217 ἀγαθότη·

2224 5257 2293 5293 τα
2319 5243 2445 5314 περὶ
2468 5244 2664 5298 ἑαυτοῦ
2697 5247 3112 5317 σεμνυνόμενος,
3138 5249 3232 5300 καὶ
3265 5247 3414 5316 ἔλεγε
3431 5261 3444 5275 ·
3469 5235 3767 5297 Διδάσκαλε

2227 5333 2434 5403 ἀγαθὲ,
2484 5339 2542 5388 τί
2561 5337 2835 5405 ’ποιήσας
2863 5337 3015 5407 ζωὴν
3044 5340 3287 5393 αἰώνιον
3331 5329 3761 5406 κληρονομήσωὶ

2223 5423 2334 5478 Καὶ
2390 5427 2580 5498 ἐπειδὴ
2635 5423 2750 5499 εἶχε
2806 5431 2936 5500 περὶ
2974 5430 3174 5483 ἑαυτοῦ
3204 5431 3280 5495 ὡς
3313 5430 3438 5502 περὶ
3472 5416 3762 5496 τηλικαύτης

3597 5677 3614 5707 ⁸
3630 5668 3754 5728 Psal.

2492 5678 2510 5709 ⁸
2559 5679 2678 5734 Act.
2722 5698 2773 5748 Χ,
2799 5679 2886 5736 58.
2991 5684 3010 5714 ⁸
3040 5681 3228 5738 Matth.
3267 5701 3376 5749 χιιι,
3418 5679 3496 5736 i6.
