3994 6406
181 344 288 404 293
856 339 1229 430 Αργῑιιδυδ
1266 340 1614 399 Il/ERESES
1653 342 1778 398 LIB.
1821 341 1884 398 ll.
1927 343 2093 401 TOM.
2126 345 2190 399 ll.
2231 375 2296 386 -—
2339 343 2618 402 HERES.
2655 343 2843 403 LXIX.
3391 352 3496 408 99%

178 457 561 529 δικαιοσύνης.
581 459 613 511 ὁ
642 455 863 529 Κύριος,
888 455 1210 529 βουλόμενος
1222 455 1342 529 Θεῷ
1363 459 1656 530 ἀναφέρειν
1684 459 1785 530 τὴν

1899 462 2114 514 nomine
2145 458 2471 522 venditaret,
2519 467 2684 529 atque
2710 457 2784 513 ita
2806 457 3027 515 loeutus
3051 463 3197 514 esset
3228 475 3242 512 :
3280 455 3492 513 Prme-

179 553 371 606 πᾶσαν
400 549 741 620 ἁγαθότητα,
767 549 848 601 ὅτι
878 545 1054 612 οὐδεὶς
1077 547 1283 615 ἀγαθὸς
1311 548 1450 620 πλὴν
1487 551 1674 611 αὐτοῦ,
1695 551 1782 603 ἵνα

1899 561 2008 607 utor
2042 553 2190 617 bone,
2231 551 2358 622 quid
2381 549 2625 620 faciendo
2669 551 2827 604 vitam
2859 559 3110 604 uernam
3138 549 3410 619 possidebo
3431 550 3446 580 ¹
3467 542 3493 595 ?

181 643 382 713 μηδεὶς
419 639 607 712 σάρκα
635 641 819 712 φορῶν
843 640 1012 711 τῦφόν
1035 653 1156 694 τινα
1183 639 1362 711 ἑαυτῷ
1387 641 1780 711 ἐπισπάσηται,

180 733 387 786 τούτου
420 731 610 786 ἕνεκεν
632 730 783 798 ἔλεγε
803 746 818 761 ο
847 731 908 784 Τί
930 747 1008 801 με
1047 729 1246 801 λέγεις
1269 731 1533 800 ἀγαθόν;
1570 731 1782 798 Οὐδεὶς

177 821 416 892 ἀγαθὸς
442 822 492 874 εί
516 818 603 888 μὴ
627 814 714 886 εἷς
745 822 778 872 ό
809 819 953 886 Θεός
974 837 988 851 ο
1015 819 1103 872 ἵνα
1132 821 1161 872 δ
1198 819 1442 881 τοιοῦτος
1465 818 1560 871 καὶ
1591 817 1784 871 τοσοῦ-

178 929 278 974 τος
329 909 424 962 τὸν
456 908 702 962 τοιοῦτον
748 907 904 976 λόγον
947 907 1120 960 είπὼν
1143 948 1158 972 ,
1208 906 1413 979 καθέλῃ
1457 907 1557 978 τὴν
1605 909 1663 960 ὲν
1705 906 1785 978 τῷ

184 1003 397 1056 εἰπόντι
432 1000 698 1070 φυσίωσιν
728 1000 856 1070 περὶ
884 998 1232 1069 δικαιοσύνης
1254 997 1352 1069 τὴν
1373 998 1552 1068 οἴησιν
1579 1015 1782 1069 κεκτη-

194 1095 385 1165 μένουο
432 1092 526 1143 καὶ
573 1090 660 1142 ἵνα
704 1088 898 1162 ἐλέγξῃ
947 1089 1110 1142 αὑτοῦ
1143 1088 1243 1159 τὴν
1295 1087 1546 1158 καρδίαν,
1581 1086 1784 1155 ἀγαθὸν

194 1184 293 1254 μὲν
311 1181 630 1236 διδάσκαλον
658 1181 889 1252 χείλεσιν
915 1181 1076 1234 αὐτὸν
1096 1180 1341 1249 λέγοντα,
1375 1181 1450 1252 μὴ
1477 1180 1784 1250 ἐμμένοντα

183 1273 244 1327 δὲ
266 1274 329 1326 ὲν
354 1274 423 1343 τῇ
452 1271 632 1342 άγαθῇ
668 1269 831 1324 αὑτοῦ
859 1269 1197 1342 διδασκαλίᾳ.
1223 1271 1334 1324 Καὶ
1347 1271 1428 1323 ὅτι
1451 1271 1550 1341 μὲν
1581 1268 1786 1338 ἀγαθὸς

181 1364 489 1435 τυγχάνει,
558 1361 721 1426 αὐτὸς
769 1361 1012 1416 διδάσκει
1071 1362 1247 1432 λέγων
1283 1377 1297 1393 ο
1358 1361 1568 1416 Πολλὰ
1625 1360 1786 1416 καλὰ

181 1458 454 1524 ἐποίησα
490 1455 563 1510 ἐν
599 1454 775 1525 ἡμῖν’
816 1454 949 1523 περὶ
991 1455 1169 1509 ποίου
1212 1449 1327 1508 οὖν
1364 1453 1566 1508 αὐτῶν
1595 1452 1787 1522 ἔργων

184 1549 455 1610 λιθάζετέ
471 1563 584 1618 με;
619 1546 739 1598 Τίνι
769 1545 879 1618 γὰρ
907 1544 1067 1599 τοῦτο
1095 1545 1197 1599 οὐκ
1223 1543 1340 1598 ἐστι
1370 1544 1537 1615 σαφὲς
1573 1544 1669 1598 καὶ
1685 1561 1787 1612 φα-

186 1639 546 1712 νερώτατον;
621 1637 856 1710 μάλιστα
908 1635 1119 1690 πολλῶν
1173 1635 1397 1706 ἀγαθῶν
1451 1637 1562 1690 τῶν
1616 1634 1784 1689 αὐτοῦ

186 1732 509 1803 κτισμάτων
542 1731 710 1784 ὄντων
751 1729 848 1783 καὶ
891 1728 1265 1800 καλουμένων,
1292 1728 1369 1791 ὥς
1408 1743 1573 1801 φησιν
1597 1727 1632 1798 ἡ
1661 1725 1784 1780 θεία

1889 647 2051 708 Cum,
2082 644 2326 714 inquam,
2356 643 2430 696 ita
2477 642 2544 697 de
2595 658 2652 696 se
2703 657 3026 712 persuasum
3055 643 3282 699 haberet
3318 650 3488 700 tanta

1891 751 1951 790 se
1977 734 2205 805 justitia’:
2240 749 2500 790 numeros
2529 749 2720 789 omnes
2762 733 3074 804 explevisse
3102 751 3117 788 :
3147 733 3272 789 ideo
3295 733 3489 789 Domi-

1891 843 1997 882 nus
2020 827 2319 881 bonitatem
2362 840 2579 880 omnem
2613 824 2681 880 ad
2712 823 2950 890 Patrem,
2983 833 3244 895 tanquam
3281 825 3346 879 ad
3389 840 3489 878 au-

1890 925 2096 970 ctorem
2143 913 2347 968 referre
2384 915 2634 984 cupiens,
2683 912 2830 984 quod
2875 928 3037 968 nemo
3072 923 3269 984 praeter
3305 915 3487 984 ipsum

1891 1008 2071 1063 bonus
2117 1008 2207 1074 sit,
2239 1021 2308 1060 ne
2343 1007 2469 1077 quis
2493 1021 2659 1061 carne
2697 1005 2982 1075 praeditus,
3011 1006 3272 1076 superbia
3325 1021 3487 1060 arro-

1891 1102 2190 1170 gantiaque
2222 1115 2281 1153 se
2318 1099 2549 1152 nimium
2589 1097 2830 1162 elIerret,
2865 1098 3188 1168 respondit:
3222 1097 3363 1164 Quid
3393 1113 3484 1150 me

1891 1191 2026 1244 dicis
2065 1189 2300 1246 bonum?
2337 1187 2505 1244 Nemo
2543 1190 2709 1243 bonus
2747 1199 2822 1242 est
2861 1190 2965 1243 nisi
2993 1189 3138 1244 solus
3171 1189 3312 1244 Deus
3336 1193 3358 1222 ³
3387 1208 3399 1242 :
3429 1196 3490 1245 υι

1893 1295 2018 1334 cum
2053 1288 2240 1335 tantus
2272 1295 2337 1334 ac
2369 1281 2496 1336 talis
2543 1280 2650 1334 hoc
2692 1279 2856 1334 modo
2891 1282 3208 1352 loqueretur
3250 1282 3490 1337 interro-

1892 1372 2074 1444 gantis
2107 1371 2252 1426 illius
2281 1371 2374 1441 qui
2415 1372 2646 1442 justitire
2678 1371 2936 1442 Opinione
2973 1383 3094 1427 erat
3135 1371 3363 1430 inﬂatus
3409 1372 3517 1442 fa-q

1893 1471 2037 1518 stum
2085 1478 2150 1518 ac
2197 1463 2426 1533 spiritus
2473 1463 2768 1534 frangeret.
2798 1461 2939 1518 Tum
2993 1471 3052 1518 ut
3097 1465 3322 1521 intimos
3367 1465 3490 1536 ejus

1894 1553 2135 1625 pectoris
2180 1549 2378 1610 sensus
2412 1554 2790 1625 redargueret,
2827 1571 2894 1611 eo
2915 1554 3062 1626 quod
3107 1571 3232 1610 cum
3283 1556 3490 1612 bonum

1895 1647 2073 1716 ipsum
2119 1646 2351 1702 summis
2384 1646 2650 1702 duntaxat
2709 1647 2868 1704 labiis
2919 1647 3214 1715 fateretur,
3264 1648 3492 1705 minime

1893 1745 2076 1792 tamen
2109 1738 2248 1792 bona
2290 1737 2346 1792 in
2375 1739 2522 1795 illius
2551 1739 2797 1794 doctrina
2839 1740 3238 1811 acquiesceret.
3258 1738 3492 1796 Verum-

187 1825 403 1896 Γραφή.
423 1821 554 1875 Ἰδοὺ
593 1819 701 1893 γὰρ
760 1818 887 1891 περὶ
928 1818 1140 1873 πολλῶν
1169 1819 1392 1889 ἀγαθῶν
1429 1818 1700 1891 διηγεῖται
1729 1818 1790 1872 τὸ

1899 1825 2176 1880 enimvero
2207 1826 2409 1880 bonum
2445 1842 2506 1882 se
2544 1843 2668 1883 esse
2708 1835 2940 1883 testatur
2967 1829 3201 1901 ipsemet
3246 1829 3337 1886 his
3361 1845 3491 1885 ver-

186 1918 333 1970 θεῖον
361 1915 618 1987 γράμμα.
632 1909 768 1992 λἮν
798 1913 1040 1982 ἀγαθὸς,
1061 1912 1216 1985 φησὶ,
1247 1909 1469 1975 Σαοὺλ,
1491 1911 1622 1978 υίὸς
1649 1905 1782 1978 Κίζι,

187 2012 255 2064 ἐκ
296 2008 505 2081 φυλῆς
539 2007 848 2076 Βενιαμίν·
879 2007 1260 2075 ὑψηλότερος
1292 2003 1374 2059 δὲ’
1415 2003 1642 2070 παντὸς
1679 2003 1788 2058 τοῦ

187 2101 373 2166 λαοῦ,
412 2099 569 2169 ὑπὲρ
612 2099 799 2169 ὠμίαν
841 2097 942 2150 καί
982 2096 1214 2150 ἐπάνω·
1263 2095 1380 2158 καὶ,
1413 2092 1535 2149 Ἦν
1565 2085 1790 2165 ἀγαθὸς

175 2191 481 2264 Σαμουὴλ
494 2191 645 2261 μετὰ
662 2189 769 2244 τοῦ
785 2189 934 2243 Θεοῦ
957 2189 1054 2242 καί
1080 2186 1426 2256 ἀνθρώπων·
1448 2187 1562 2253 καὶ,
1577 2183 1786 2255 Ἀγαθὴ

190 2283 428 2355 ἐσχάτη
481 2283 668 2352 λόγου
709 2278 862 2348 ὑπὲρ
902 2279 1018 2348 τὴν
1063 2278 1296 2350 ἀρχήνο
1340 2278 1458 2345 καὶ,
1510 2277 1790 2342 Ἅνοιξόν

193 2395 311 2432 σου
355 2376 466 2429 τὸν
507 2371 819 2442 θησαυρὸν
859 2373 968 2426 τὸν
1003 2371 1231 2442 ἀγαθὸν
1251 2411 1268 2436 ,
1325 2372 1434 2444 τὸν
1475 2369 1784 2438 οὐράνιον.

191 2470 415 2523 Τούτων
448 2467 504 2520 δὲ
539 2467 857 2537 κτισμάτων
891 2465 1086 2529 ὄντων,
1115 2465 1210 2518 καὶ
1252 2463 1477 2534 ἀγαθῶν
1514 2464 1784 2536 δηλουμέ-

192 2577 321 2624 νων,
356 2559 424 2611 δι’
449 2558 614 2611 αὐτοῦ
639 2574 699 2609 τε
727 2556 822 2614 καὶ
859 2555 950 2608 ὑπ’
985 2554 1150 2609 αὑτοῦ
1181 2556 1506 2624 γεγονότων,
1536 2554 1655 2618 πῶς
1687 2555 1790 2607 οὐκ

191 2650 583 2721 ἀναμφιϐόλως
621 2651 772 2705 ἐστὶν
807 2651 1015 2720 ἀγαθὸν
1048 2645 1190 2704 εἶναι
1217 2649 1504 2720 ὁμολογεῖν
1541 2648 1634 2702 τὸν
1659 2647 1788 2702 τού-

189 2759 286 2794 του
315 2743 708 2814 γενεσιάρχην;
756 2743 896 2798 Ἀλλ’
927 2743 1016 2796 ἵνα
1043 2742 1118 2813 μὴ
1145 2741 1376 2814 μηκὺνω
1397 2742 1491 2795 τὸν
1514 2742 1644 2812 περὶ⁵
1661 2741 1790 2794 τού-

191 2853 288 2887 του
319 2837 476 2903 λόγον
499 2835 694 2908 (πάντη
728 2835 838 2908 γάρ
865 2835 952 2890 διὰ
976 2835 1211 2898 πλάτους
1235 2835 1365 2906 περ).
1407 2833 1600 2887 τούτου
1639 2834 1792 2905 εἰρή-

202 2926 438 2995 καμεν).
467 2921 622 2990 αὖθις
649 2924 812 2978 πάλιν
844 2926 924 2988 είς
954 2924 1056 2988 τὰς
1079 2923 1206 2995 ἑξῆς
1235 2923 1664 2996 παρελεύσομαι,
1689 2922 1791 2995 τὴν

173 3019 449 3084 ⁴ἐπίλυσιν
479 3019 720 3088 ἑκάστης
750 3016 951 3082 λέξεως
986 3015 1326 3087 ποιούμενος.

1891 1917 1977 1972 bis
2011 1937 2023 1973 :
2055 1917 2231 1972 Multa
2266 1919 2404 1973 bona
2441 1919 2541 1988 feci
2585 1921 2639 1972 in
2685 1919 2864 1985 vobis;
2894 1932 3108 1992 propter
3145 1921 3284 1992 quod
3326 1923 3493 1994 igitur

1890 2021 1956 2061 ea:
1979 2008 2089 2063 illis
2120 2005 2363 2078 operibus
2393 2010 2652 2080 lapidatis
2678 2011 2831 2065 me'?
2853 2011 2988 2077 Quis
3016 2021 3103 2068 est
3131 2013 3300 2070 hebes
3329 2013 3492 2078 adeo,

1891 2101 1982 2155 cui
2009 2113 2116 2155 non
2151 2097 2286 2155 illud
2315 2104 2605 2172 perspicue
2637 2102 3041 2175 manifesteque
3066 2106 3318 2162 constet?
3352 2121 3494 2176 prae-

1892 2193 2081 2248 sertim
2111 2207 2236 2247 cum
2261 2201 2572 2248 ereatarum
2615 2192 2686 2247 ab
2711 2192 2804 2248 illo
2841 2209 3026 2248 rerum
3066 2194 3494 2266 quamplurima:

1891 2291 1947 2337 et
1980 2285 2092 2338 sint
2116 2289 2171 2338 et
2198 2284 2541 2354 appellentur
2568 2282 2748 2347 home,
2784 2291 2845 2338 ut
2886 2299 2952 2339 ex
2985 2281 3286 2353 Scripturze
3335 2284 3492 2340 testi-

1891 2376 2078 2430 monio
2107 2374 2405 2445 colligitur.
2437 2374 2570 2441 Qua:
2607 2375 2832 2445 quidem
2873 2375 3145 2430 bonorum
3188 2374 3490 2429 multorum

1891 2463 2226 2520 mentionem
2289 2463 2440 2519 facit.
2502 2463 2580 2518 Ita
2614 2483 2626 2519 :
2661 2463 2862 2531 Bonus,
2927 2465 3134 2534 inquit,
3189 2475 3306 2518 erat
3355 2464 3493 2520 Saul

1891 2557 2039 2626 ﬁlius
2086 2554 2178 2611 Cis
2222 2554 2287 2609 de
2322 2557 2462 2610 tribu
2509 2555 2842 2626 Benjamim;
2887 2556 3169 2610 sublimior
3207 2558 3350 2610 omni
3392 2573 3493 2626 po—

1891 2647 2018 2716 pulo
2081 2645 2146 2698 ab
2188 2646 2424 2702 humeris
2463 2661 2512 2704 et
2557 2650 2776 2716 ultra‘;
2825 2651 2998 2703 item:
3033 2645 3215 2703 Bonus
3269 2648 3495 2703 Samuel

1891 2745 2012 2793 cum
2049 2739 2154 2793 Des
2182 2748 2233 2792 et
2281 2741 2582 2794 hominibus
2603 2739 2662 2805 ';
2701 2746 2854 2796 tum:
2891 2739 3088 2795 Melior
3115 2751 3194 2795 est
3226 2742 3496 2796 orationis

1892 2825 2016 2894 ﬁnis
2048 2839 2208 2894 quam
2237 2825 2628 2893 principium“;
2661 2825 2790 2880 item
2817 2844 2832 2880 :
2859 2824 3017 2894 Aperi
3064 2825 3371 2881 thesaurum
3400 2826 3496 2880 bo-

1893 2930 2019 2968 num
2062 2924 2208 2967 tuum
2254 2915 2513 2970 calestem
2554 2915 2597 2968 ⁷.
2631 2914 2764 2981 Qua:
2821 2929 2947 2970 cum
2999 2917 3184 2971 omnia
3229 2927 3497 2972 creatum

1891 3005 2141 3076 quasdam
2195 3007 2329 3070 sint,
2382 3020 2448 3060 ac
2490 3006 2647 3061 home
2678 3021 2802 3061 esse
2852 3005 3132 3074 dicantur,
3171 3021 3269 3078 per
3311 3008 3494 3078 ipsum

1893 3100 2085 3170 utique
2117 3100 2172 3154 et
2208 3098 2278 3153 ab
2311 3099 2432 3169 ipso
2473 3099 2776 3170 producta,
2811 3115 2996 3154 nonne
3040 3109 3320 3155 auctorem
3368 3101 3494 3156 illo-

202 3217 330 3256 rum
358 3215 423 3255 ac
453 3199 790 3254 conditorem
819 3197 1022 3253 bonum
1053 3205 1175 3252 esse
1205 3194 1453 3250 confiteri
1483 3195 1603 3251 sine
1630 3195 1740 3250 ulla
1772 3192 2124 3248 dubitatione
2143 3193 2308 3248 licet?
2336 3191 2536 3246 Verum
2562 3207 2630 3248 ne
2657 3193 2874 3263 longius
2901 3199 3066 3263 quam
3104 3208 3204 3263 par
3237 3193 3309 3248 sit
3341 3193 3395 3249 in
3429 3208 3496 3249 ea

200 3293 575 3364 disputatione
597 3301 846 3346 versetur
874 3290 1048 3344 oratio
1066 3289 1306 3359 (abunde
1331 3270 1478 3344 enim
1505 3288 1573 3344 de
1597 3301 1664 3343 co
1693 3287 1813 3343 loco
1841 3285 2049 3342 dictum
2073 3285 2354 3357 arbitror),
2387 3286 2596 3353 reliqua
2624 3285 2930 3351 videamus,
2959 3294 3014 3340 et
3041 3286 3254 3356 singula
3285 3287 3354 3342 ab
3385 3286 3496 3343 illis

197 3387 422 3457 objecta
454 3386 750 3440 diluamus.

271 3497 408 3551 Nll'.
427 3495 777 3567 Ἐπιφέρουσι
795 3495 853 3549 δὲ
883 3493 1044 3548 πάλιν
1067 3493 1193 3548 ’τινὰ
1225 3491 1365 3566 ῥητὰ
1394 3494 1446 3547 oi
1476 3493 1798 3566 πάντολμοι,

1977 3489 2160 3548 LVlll.
2199 3470 2440 3564 Pergunt
2477 3492 2624 3547 enim
2667 3490 3023 3546 audacissimi
3077 3483 3330 3545 homines
3377 3489 3497 3544 cui-

208 3589 611 3658 ἐλαττωμάτων
638 3589 895 3652 ὑπονοίας
914 3587 1348 3657 ὑποσπείροντες
1373 3587 1453 3649 εἰς
1490 3585 1581 3639 τὸν
1607 3585 1795 3648 αὐτοὺς

1907 3587 2036 3642 dam
2066 3585 2366 3658 Scriptura:
2401 3587 2686 3640 sententiae
2716 3584 2998 3650 insistere,
3030 3600 3095 3640 ex
3122 3599 3230 3654 qua
3259 3577 3495 3639 Redem-

209 3680 576 3751 ἀγοράσαντα,
623 3680 779 3751 εἴπερ
803 3677 1210 3750 ἠγοράσθησαν.
1256 3677 1344 3730 Ἐν
1378 3677 1488 3748 γάρ
1516 3676 1596 3748 τῷ
1625 3693 1798 3746 προσ-

201 3771 381 3824 ελθεῖν
432 3771 532 3842 τὴν
575 3771 787 3841 μητέρα
817 3769 926 3823 τῶν
972 3769 1106 3822 υἱῶν
1152 3767 1460 3834 Ζεϐεδαίου,
1493 3769 1588 3821 καὶ
1624 3770 1806 3840 παρα-

201 3862 436 3918 καλέσαι
461 3861 550 3915 τὸν
571 3862 664 3915 ἕνα
705 3861 930 3917 καθίσαι
964 3861 1080 3915 υἱὸν
1112 3861 1177 3914 ὲκ
1198 3857 1412 3925 δεξιῶν,
1453 3860 1549 3914 καὶ
1579 3859 1670 3912 τὸν
1697 3859 1798 3914 ἕνα

204 3957 264 4021 ἐξ
303 3953 619 4023 εὐωνύμων,
651 3953 782 4006 ὅταν
815 3950 946 4024 ἔλθῃ
979 3952 1038 4006 ὲν
1066 3955 1134 4023 τῇ
1169 3949 1418 4022 βασιλείᾳ
1463 3948 1652 4014 αὐτοῦ,
1689 3948 1796 4020 ἔφη

202 4049 346 4120 πρὸς
392 4045 616 4111 αὐτούς·
661 4047 783 4100 Οὐκ
834 4045 1036 4099 οἴδατε
1085 4045 1143 4098 τί
1192 4043 1476 4098 αἰτεῖσθε.
1526 4043 1800 4097 Δύνασθε

203 4139 368 4194 πιεῖν
401 4138 467 4191 τὸ
496 4137 784 4207 ποτήριον
821 4135 854 4190 ὃ
882 4134 1090 4206 μέλλω
1122 4135 1360 4198 alr-etv;
1399 4136 1464 4188 Ol
1497 4132 1566 4187 δὲ
1585 4127 1760 4187 εἶπον
1781 4147 1798 4165 ο

1900 3680 2044 3750 ptori
2070 3696 2192 3745 suo,
2228 3679 2273 3735 si
2300 3687 2484 3734 tamen
2515 3679 2586 3734 ab
2613 3693 2679 3734 eo
2716 3678 2982 3748 redempti
3007 3687 3154 3742 sunt,
3185 3679 3376 3734 falsum
3400 3680 3498 3732 im-

1902 3773 2225 3829 minutionis
2250 3787 2314 3827 ac
2336 3771 2585 3827 deiectus
2605 3771 2915 3840 opinionem
2938 3755 3252 3842 aspergant.
3284 3770 3496 3825 Etenim

1901 3878 2028 3919 cum
2057 3863 2126 3918 ad
2155 3862 2434 3918 Christum
2471 3859 2720 3916 Zebedmi
2751 3860 2985 3916 ﬁliorum
3022 3871 3196 3917 mater
3227 3862 3498 3918 accessis-

1900 3963 2004 4020 set,
2053 3970 2259 4028 rogans
2291 3965 2349 4011 ut
2399 3955 2635 4010 alterum
2677 3953 2744 4008 ad
2791 3953 3098 4018 dexteram,
3146 3955 3378 4010 alterum
3427 3955 3499 4010 ad

1899 4046 2182 4104 sinistram
2209 4043 2400 4102 sedere
2431 4054 2545 4100 tum
2566 4046 2785 4116 iuberet
2815 4062 2940 4102 cum
2981 4045 3049 4100 ad
3085 4063 3311 4118 regnum
3334 4063 3498 4103 suum

1903 4138 2268 4210 pervenisset,
2310 4138 2387 4192 ita
2423 4139 2532 4194 illis
2563 4135 2887 4208 respondit:
2925 4137 3161 4194 Nescitis
3191 4140 3318 4210 quid
3347 4150 3500 4209 pcta-

201 4232 344 4294 Nat,
376 4228 701 4298 δυνάμεθα.
727 4224 877 4282 Eine
902 4226 970 4281 δὲ
1003 4226 1208 4294 αὐτοῖς
1228 4242 1242 4257 ο
1280 4224 1351 4280 Τὸ
1372 4225 1491 4296 μὲν
1513 4224 1795 4294 ποτήριόν

1909 4229 1999 4284 tis.
2029 4228 2263 4282 Potestis
2296 4226 2468 4283 bibere
2494 4229 2717 4282 calicem
2751 4245 2900 4298 quem
2934 4228 3199 4284 bibiturus
3229 4234 3388 4287 sum?
3426 4232 3498 4285 At

202 4342 326 4395 μου
369 4295 616 4386 πίεσθε,
659 4321 725 4375 τὸ
765 4321 835 4375 δὲ
878 4321 1122 4374 καθίσαι
1149 4319 1219 4373 ἐκ
1239 4295 1455 4385 δεξιῶν
1480 4335 1623 4388 μου,
1659 4317 1700 4387 ἢ
1728 4313 1795 4384 ἐξ

1906 4319 1988 4374 illi
2017 4318 2268 4372 dixerunt
2302 4333 2321 4372 :
2344 4316 2662 4372 Possumus.
2696 4295 2844 4372 Dixit
2869 4327 3045 4373 autem
3082 4319 3190 4372 illis
3216 4335 3234 4372 :
3262 4316 3499 4372 Calicem

204 4417 550 4485 εὐωνύμων,
575 4417 687 4469 οὐκ
715 4415 886 4469 ἐστιν
908 4413 1055 4484 ἐμὸν
1078 4411 1312 4480 δοῦναι,
1335 4409 1473 4467 ἀλλ’
1521 4405 1611 4477 οἷς
1633 4409 1799 4487 ἡτοί-

206 4523 433 4578 μασται
459 4507 619 4575 παρὰ
654 4505 762 4560 τοῦ
799 4505 1032 4574 Πατρός
1060 4522 1202 4573 μου.
1269 4503 1454 4574 Ὁρᾷς,
1489 4502 1648 4573 φησὶ,
1681 4499 1801 4565 πῶς

209 4603 310 4654 οὐκ
335 4599 448 4670 ἔχει
469 4596 720 4663 ἐξουσίαν
748 4596 927 4669 παρὲξ
949 4594 1046 4650 τοῦ
1076 4594 1313 4667 Πατρδς,
1341 4592 1435 4647 τοῦ
1467 4592 1684 4664 ἔχοντος
1698 4591 1800 4664 τὴν

211 4692 461 4754 ἐξουσίαν
492 4688 754 4762 παρέχειν
782 4687 811 4741 ὃ
848 4687 1136 4758 βούλεταις
1183 4686 1298 4740 Καὶ
1348 4685 1433 4751 τίς
1483 4684 1658 4749 οὕτως
1689 4681 1800 4739 τῶν

211 4781 620 4854 εὐφρονούντων
635 4782 911 4853 νοήσειεν;
945 4781 994 4835 εί
1023 4779 1134 4852 γὰρ
1154 4778 1183 4831 ὁ
1209 4777 1338 4842 Υἱὸς
1365 4779 1465 4831 οὐκ
1497 4776 1609 4848 ἔχει
1644 4773 1799 4842 ἐξου-

211 4879 361 4938 σίαν,
393 4877 491 4930 καὶ
525 4875 610 4939 τίς
641 4873 757 4947 ἔχει
795 4873 1078 4941 ἐξουσίανς
1117 4873 1181 4926 '0
1216 4871 1327 4943 ⁸γὰρ
1360 4866 1594 4941 Πατὴρ,
1629 4871 1800 4943 φησι,

213 4966 494 5038 (morare?
514 4966 657 5034 τοὺς
682 4965 961 5036 νεκροὺς,
997 4963 1098 5019 καί
1124 4963 1316 5030 οὕτως
1353 4960 1540 5017 ἔδωκε
1581 4963 1679 5016 καὶ
1723 4959 1804 5027 τῷ

217 5061 354 5127 Υιῷ,
386 5061 489 5114 ἵνα
522 5059 597 5114 ὃν
627 5060 784 5115 θέλει
828 5055 1089 5130 ζωοτονῇ
1111 5071 1125 5086 ⁸
1151 5055 1270 5124 καὶ,
1318 5055 1396 5111 Τὰ
1426 5055 1535 5110 τοῦ
1573 5057 1807 5124 Πατρὸς

218 5153 330 5225 ἐμά
357 5154 487 5207 ἐστι
508 5169 523 5183 ο
547 5152 660 5218 καὶ,
703 5149 908 5205 Πάντα
943 5147 1242 5219 παρεδόθη
1271 5146 1391 5203 ὑπὸ
1427 5146 1535 5201 τοῦ
1574 5147 1807 5215 Πατρός

222 5268 350 5317 μου.
372 5248 470 5312 Τίς
498 5243 592 5302 οὖν
620 5247 1082 5318 ἔτιάμφιὸάλλοι;
1110 5244 1284 5299 Τοῦτο
1304 5245 1362 5298 δὲ
1386 5244 1634 5316 βούλεται
1663 5261 1807 5316 παρ-

220 5343 374 5413 ιστᾷν
415 5343 443 5394 ὁ
488 5340 631 5405 θεῖος
678 5337 845 5393 αὑτοῦ
878 5338 975 5393 καὶ
1015 5337 1180 5407 σοφὸς
1227 5336 1405 5405 λόγος,
1439 5337 1523 5390 ὅτι
1565 5335 1628 5391 οὐ
1666 5335 1808 5390 κατὰ

216 5431 684 5506 προσωποληψίαν
720 5429 931 5500 γίνεται
977 5430 1237 5501 πρᾶγμα,
1265 5427 1404 5483 ἀλλὰ
1435 5426 1578 5482 κατὰ
1621 5427 1804 5494 ἀξίαν.

291 5675 308 5708 ⁵
349 5673 536 5732 Matth.
566 5689 686 5732 xix.
714 5669 769 5727 6.
843 5674 864 5706 ’
895 5671 1031 5728 ibid.
1055 5670 1144 5725 l7.
1221 5669 1242 5703 ³
1274 5668 1508 5733 Joan.x,
1532 5665 1622 5727 32.
1690 5667 1763 5738 ,⁸1
1800 5666 1914 5738 Reg

1905 4410 2116 4482 quidem
2148 4426 2321 4464 meum
2376 4409 2582 4475 bibetis,
2622 4408 2802 4463 sedere
2833 4409 2997 4480 782
3030 4418 3206 4463 autem
3245 4410 3314 4462 ad
3369 4409 3500 4464 dex-

1909 4510 2049 4554 tram
2079 4517 2268 4566 meam,
2292 4500 2371 4554 vel
2391 4498 2460 4554 ad
2481 4500 2779 4562 sinistram,
2812 4515 2916 4552 non
2945 4508 3022 4553 est
3045 4515 3215 4552 meum
3239 4500 3389 4564 dare,
3407 4499 3498 4553 sed

1906 4592 2096 4666 quibus
2118 4601 2370 4662 paratum
2399 4599 2478 4645 est
2508 4608 2542 4644 a
2579 4589 2743 4644 Patre
2792 4607 2907 4645 meo
2931 4591 2974 4646 ⁸.
3014 4589 3176 4646 Vides
3204 4591 3388 4661 igitur,
3417 4592 3502 4652 ine
3616 4586 3618 4588 ’

1907 4685 2129 4757 quiunt,
2165 4686 2314 4741 omni
2339 4685 2492 4739 illum
2530 4691 2801 4756 potestate
2834 4698 3024 4738 carere
3043 4683 3162 4738 sine
3189 4682 3372 4749 Patre,
3405 4700 3501 4755 pe-

1909 4796 2008 4836 nes
2043 4795 2204 4852 quem
2234 4787 2321 4835 est
2352 4779 2441 4834 cui
2483 4780 2612 4834 velit
2643 4777 2922 4834 deferendi
2951 4777 3208 4834 facultas:
3247 4777 3384 4844 Quis
3413 4779 3501 4834 sui

1910 4891 2138 4948 compos
2163 4890 2227 4930 ac
2257 4876 2500 4946 prudens
2531 4876 2648 4931 haec
2673 4875 2742 4932 de
2767 4875 2994 4930 Christo
3017 4875 3263 4946 cogitare
3291 4875 3505 4946 possit?

1914 4966 2050 5021 Nam
2097 4967 2144 5024 si
2206 4965 2375 5024 Filius
2413 4974 2684 5038 potestate
2730 4973 2902 5034 caret,
2941 4966 3068 5036 quis
3123 4981 3244 5022 eam
3285 4967 3503 5022 tandem

1913 5059 2216 5116 obtinebit?
2247 5059 2415 5114 Pater
2445 5060 2606 5124 enim,
2648 5059 2851 5130 inquit,
2893 5059 3122 5130 viviﬁcat
3153 5069 3410 5126 mortuos,
3455 5068 3505 5116 et

1913 5153 1993 5206 ita
2027 5150 2171 5206 dedit
2203 5159 2253 5204 et
2281 5148 2448 5214 Filio,
2490 5159 2550 5203 ut
2581 5165 2733 5220 quem
2774 5149 2886 5204 vult
2916 5150 3138 5219 vivi/iret
3158 5150 3212 5218 ’;
3243 5160 3297 5207 et
3332 5171 3344 5206 :
3374 5151 3507 5218 Quae

1914 5243 2101 5298 Patris
2145 5251 2290 5304 sunt,
2324 5257 2441 5294 mea
2491 5252 2616 5294 sunt
2635 5241 2721 5304 ¹⁰ς
2763 5247 2818 5295 et
2849 5259 2862 5294 :
2893 5239 3088 5296 Omnia
3132 5240 3340 5295 tradita
3383 5249 3504 5295 sunt

1913 5335 2045 5389 mihi
2090 5351 2124 5388 ιι
2168 5333 2334 5388 Patre
2371 5333 2574 5387 meo“.
2606 5331 2743 5398 Quis
2772 5333 2841 5387 de
2878 5346 2946 5387 eo
2984 5332 3236 5388 dubitare
3272 5332 3505 5400 amplius

1912 5427 2129 5500 potest?
2154 5425 2525 5493 Quamobrem
2571 5425 2680 5482 hoc
2719 5425 2939 5483 divinus
2965 5427 3143 5499 ipsius
3181 5439 3247 5480 ac
3286 5423 3504 5494 sapiens

1920 5709 1934 5722 .
1975 5684 2052 5731 ix,
2081 5667 2138 5722 2.
2215 5667 2236 5700 ⁸
2277 5667 2452 5736 chg.
2488 5683 2551 5729 ιι,
2591 5666 2682 5723 96.
2759 5667 2782 5699 ⁸
2827 5667 3008 5721 Ecele.
3039 5681 3114 5721 νι.
3145 5666 3201 5722 9.
3281 5665 3302 5698 τ
3342 5663 3501 5722 Num.

213 5761 311 5818 xx,
337 5749 390 5805 6.
466 5748 489 5780 '
518 5745 716 5802 llatth.
760 5757 850 5812 xx,
875 5742 982 5813 22;
1022 5739 1193 5798 Marc.
1231 5757 1286 5810 ι,
1317 5742 1387 5797 38
1420 5757 1543 5814 sqq.
1620 5743 1641 5773 '
1670 5737 1795 5795 Joar

1899 5735 1930 5809 ι,
1955 5741 2048 5794 Si.
2129 5738 2172 5772 ⁸⁸
2210 5735 2372 5794 Joan.
2409 5735 2520 5802 m,
2555 5739 2641 5792 l5.
2723 5739 2763 5770 “
2796 5738 2987 5793 Matth.
3017 5753 3094 5804 XI,
3126 5737 3218 5793 27.
