  <div class='ocr_page' id='page_1' title='image "/cluster/home/n/w/nwhite01/storage/ocr_20150623/42:no.2/coo.31924054869403/154.png"; bbox 0 0 3994 6412; ppageno 0'>
   <div class='ocr_carea' id='block_1_1' title="bbox 294 318 406 401">
    <p class='ocr_par' dir='ltr' id='par_1_1' title="bbox 294 318 406 401">
     <span class='ocr_line' id='line_1_1' title="bbox 294 318 406 401; baseline 0 -1"><span class='ocrx_word' id='word_1_1' title='bbox 294 318 406 401; x_wconf 64' lang='grc' dir='ltr'>τοι</span> 
     </span>
    </p>
   </div>
   <div class='ocr_carea' id='block_1_2' title="bbox 975 341 1891 428">
    <p class='ocr_par' dir='ltr' id='par_1_2' title="bbox 975 341 1891 401">
     <span class='ocr_line' id='line_1_2' title="bbox 975 341 1891 401; baseline -0.002 -1"><span class='ocrx_word' id='word_1_2' title='bbox 975 342 1346 401; x_wconf 72' lang='lat' dir='ltr'><strong>ADVERSUS</strong></span> <span class='ocrx_word' id='word_1_3' title='bbox 1386 341 1726 400; x_wconf 64' lang='lat' dir='ltr'><strong>HERESES</strong></span> <span class='ocrx_word' id='word_1_4' title='bbox 1768 342 1891 399; x_wconf 80' lang='lat' dir='ltr'><strong>LIB.</strong></span> 
     </span>
    </p>
   </div>
   <div class='ocr_carea' id='block_1_3' title="bbox 1995 341 2978 428">
    <p class='ocr_par' dir='ltr' id='par_1_3' title="bbox 1998 341 2978 428">
     <span class='ocr_line' id='line_1_3' title="bbox 1998 341 2978 428; baseline -0.003 -28"><span class='ocrx_word' id='word_1_5' title='bbox 1998 387 2013 400; x_wconf 92' lang='lat'><strong>.</strong></span> <span class='ocrx_word' id='word_1_6' title='bbox 2052 341 2219 400; x_wconf 77' lang='grc' dir='ltr'><strong>τοιι.</strong></span> <span class='ocrx_word' id='word_1_7' title='bbox 2263 343 2327 401; x_wconf 86' lang='grc' dir='ltr'><strong>ιι.</strong></span> <span class='ocrx_word' id='word_1_8' title='bbox 2360 377 2439 428; x_wconf 26' lang='grc'><strong>’.-</strong></span> <span class='ocrx_word' id='word_1_9' title='bbox 2477 342 2757 413; x_wconf 56' lang='lat' dir='ltr'><strong>amnes.</strong></span> <span class='ocrx_word' id='word_1_10' title='bbox 2793 342 2978 399; x_wconf 75' lang='lat' dir='ltr'><strong>Lm.</strong></span> 
     </span>
    </p>
   </div>
   <div class='ocr_carea' id='block_1_4' title="bbox 307 456 1891 533">
    <p class='ocr_par' dir='ltr' id='par_1_4' title="bbox 307 456 1886 533">
     <span class='ocr_line' id='line_1_4' title="bbox 307 456 1886 533; baseline 0 -16"><span class='ocrx_word' id='word_1_11' title='bbox 307 461 588 529; x_wconf 74' lang='grc' dir='ltr'><strong>Ἀνέστη,</strong></span> <span class='ocrx_word' id='word_1_12' title='bbox 614 463 738 517; x_wconf 78' lang='grc' dir='ltr'><strong>ὀὐκ</strong></span> <span class='ocrx_word' id='word_1_13' title='bbox 765 460 938 516; x_wconf 76' lang='grc' dir='ltr'><strong>ἔστιν</strong></span> <span class='ocrx_word' id='word_1_14' title='bbox 966 456 1120 527; x_wconf 79' lang='grc' dir='ltr'>ὧδε;</span> <span class='ocrx_word' id='word_1_15' title='bbox 1149 462 1243 516; x_wconf 73' lang='grc' dir='ltr'><strong>καὶ</strong></span> <span class='ocrx_word' id='word_1_16' title='bbox 1273 462 1373 515; x_wconf 85' lang='grc' dir='ltr'>οὐκ</span> <span class='ocrx_word' id='word_1_17' title='bbox 1403 460 1557 528; x_wconf 72' lang='grc' dir='ltr'>εἶπεν</span> <span class='ocrx_word' id='word_1_18' title='bbox 1575 474 1590 488; x_wconf 89' lang='grc'><strong>·</strong></span> <span class='ocrx_word' id='word_1_19' title='bbox 1626 461 1886 533; x_wconf 71' lang='grc' dir='ltr'>Ἤγειρεν</span> 
     </span>
    </p>
   </div>
   <div class='ocr_carea' id='block_1_5' title="bbox 1995 456 3571 533">
    <p class='ocr_par' dir='ltr' id='par_1_5' title="bbox 1995 456 3571 533">
     <span class='ocr_line' id='line_1_5' title="bbox 1995 456 3571 533; baseline -0.001 -18"><span class='ocrx_word' id='word_1_20' title='bbox 1995 460 2106 515; x_wconf 87' lang='lat' dir='ltr'><strong>bat.</strong></span> <span class='ocrx_word' id='word_1_21' title='bbox 2144 458 2258 514; x_wconf 83' lang='lat' dir='ltr'><strong>Cur</strong></span> <span class='ocrx_word' id='word_1_22' title='bbox 2296 468 2478 516; x_wconf 87' lang='lat' dir='ltr'><strong>autem</strong></span> <span class='ocrx_word' id='word_1_23' title='bbox 2513 460 2585 515; x_wconf 84' lang='lat' dir='ltr'><strong>ita</strong></span> <span class='ocrx_word' id='word_1_24' title='bbox 2634 459 2849 515; x_wconf 89' lang='lat' dir='ltr'><strong>locutus</strong></span> <span class='ocrx_word' id='word_1_25' title='bbox 2890 464 2973 512; x_wconf 88' lang='lat' dir='ltr'><strong>est</strong></span> <span class='ocrx_word' id='word_1_26' title='bbox 3006 478 3017 512; x_wconf 90' lang='lat'><strong>:</strong></span> <span class='ocrx_word' id='word_1_27' title='bbox 3053 456 3320 526; x_wconf 73' lang='lat' dir='ltr'><strong>Surrexit,</strong></span> <span class='ocrx_word' id='word_1_28' title='bbox 3354 473 3458 521; x_wconf 73' lang='lat' dir='ltr'><strong>non</strong></span> <span class='ocrx_word' id='word_1_29' title='bbox 3493 471 3571 533; x_wconf 70' lang='lat' dir='ltr'><strong>est</strong></span> 
     </span>
    </p>
   </div>
   <div class='ocr_carea' id='block_1_6' title="bbox 291 547 1886 624">
    <p class='ocr_par' dir='ltr' id='par_1_6' title="bbox 291 547 1886 624">
     <span class='ocr_line' id='line_1_6' title="bbox 291 547 1886 624; baseline -0.001 -16"><span class='ocrx_word' id='word_1_30' title='bbox 291 554 465 608; x_wconf 66' lang='grc' dir='ltr'><strong>αὐτὸν</strong></span> <span class='ocrx_word' id='word_1_31' title='bbox 484 554 514 607; x_wconf 99' lang='lat'><strong>6</strong></span> <span class='ocrx_word' id='word_1_32' title='bbox 536 554 691 618; x_wconf 79' lang='grc' dir='ltr'>Θεὸς,</span> <span class='ocrx_word' id='word_1_33' title='bbox 719 553 815 611; x_wconf 78' lang='grc' dir='ltr'><strong>καὶ</strong></span> <span class='ocrx_word' id='word_1_34' title='bbox 841 553 944 618; x_wconf 82' lang='grc' dir='ltr'>οὐκ</span> <span class='ocrx_word' id='word_1_35' title='bbox 976 554 1125 613; x_wconf 77' lang='grc' dir='ltr'><strong>ἐστιν</strong></span> <span class='ocrx_word' id='word_1_36' title='bbox 1154 547 1261 611; x_wconf 78' lang='grc' dir='ltr'>ὦδε</span> <span class='ocrx_word' id='word_1_37' title='bbox 1275 572 1296 624; x_wconf 80' lang='lat'><strong>;</strong></span> <span class='ocrx_word' id='word_1_38' title='bbox 1325 553 1441 609; x_wconf 79' lang='grc' dir='ltr'>ἀλλ’</span> <span class='ocrx_word' id='word_1_39' title='bbox 1472 554 1561 608; x_wconf 83' lang='grc' dir='ltr'>ἶνα</span> <span class='ocrx_word' id='word_1_40' title='bbox 1580 552 1799 618; x_wconf 77' lang='grc' dir='ltr'>δείξωσι</span> <span class='ocrx_word' id='word_1_41' title='bbox 1823 552 1886 607; x_wconf 76' lang='grc' dir='ltr'>τὸ</span> 
     </span>
    </p>
   </div>
   <div class='ocr_carea' id='block_1_7' title="bbox 286 645 1883 720">
    <p class='ocr_par' dir='ltr' id='par_1_7' title="bbox 286 645 1883 720">
     <span class='ocr_line' id='line_1_7' title="bbox 286 645 1883 720; baseline -0.002 -19"><span class='ocrx_word' id='word_1_42' title='bbox 286 646 548 712; x_wconf 78' lang='grc' dir='ltr'>δυνατὸν,</span> <span class='ocrx_word' id='word_1_43' title='bbox 571 647 652 700; x_wconf 84' lang='grc' dir='ltr'><strong>ὃτι</strong></span> <span class='ocrx_word' id='word_1_44' title='bbox 681 648 775 701; x_wconf 76' lang='grc' dir='ltr'>καὶ</span> <span class='ocrx_word' id='word_1_45' title='bbox 808 647 916 715; x_wconf 81' lang='grc' dir='ltr'><strong>ζῶν</strong></span> <span class='ocrx_word' id='word_1_46' title='bbox 945 647 1169 720; x_wconf 75' lang='grc' dir='ltr'><strong>ἀνέστη.</strong></span> <span class='ocrx_word' id='word_1_47' title='bbox 1194 649 1303 702; x_wconf 79' lang='grc' dir='ltr'><strong>Καὶ</strong></span> <span class='ocrx_word' id='word_1_48' title='bbox 1329 646 1492 709; x_wconf 79' lang='grc' dir='ltr'>αὐτὸς</span> <span class='ocrx_word' id='word_1_49' title='bbox 1514 646 1681 701; x_wconf 80' lang='grc' dir='ltr'>πάλιν</span> <span class='ocrx_word' id='word_1_50' title='bbox 1706 645 1883 715; x_wconf 73' lang='grc' dir='ltr'>ἔλεγε,</span> 
     </span>
    </p>
   </div>
   <div class='ocr_carea' id='block_1_8' title="bbox 290 736 1884 810">
    <p class='ocr_par' dir='ltr' id='par_1_8' title="bbox 290 736 1884 810">
     <span class='ocr_line' id='line_1_8' title="bbox 290 736 1884 810; baseline -0.001 -17"><span class='ocrx_word' id='word_1_51' title='bbox 290 736 408 808; x_wconf 72' lang='grc' dir='ltr'><strong>πρὸ</strong></span> <span class='ocrx_word' id='word_1_52' title='bbox 451 739 549 792; x_wconf 80' lang='grc' dir='ltr'><strong>τοῦ</strong></span> <span class='ocrx_word' id='word_1_53' title='bbox 588 739 784 810; x_wconf 66' lang='grc' dir='ltr'>παθεῖν</span> <span class='ocrx_word' id='word_1_54' title='bbox 821 739 1007 800; x_wconf 84' lang='grc' dir='ltr'>αὐτὸν,</span> <span class='ocrx_word' id='word_1_55' title='bbox 1039 742 1153 803; x_wconf 83' lang='grc' dir='ltr'>τοῖς</span> <span class='ocrx_word' id='word_1_56' title='bbox 1193 739 1359 794; x_wconf 81' lang='grc' dir='ltr'>αὑτοῦ</span> <span class='ocrx_word' id='word_1_57' title='bbox 1388 737 1691 810; x_wconf 57' lang='grc' dir='ltr'><strong>μαθηταῖς</strong></span> <span class='ocrx_word' id='word_1_58' title='bbox 1737 737 1884 793; x_wconf 83' lang='grc' dir='ltr'>Ἰδοὺ</span> 
     </span>
    </p>
   </div>
   <div class='ocr_carea' id='block_1_9' title="bbox 287 829 1887 901">
    <p class='ocr_par' dir='ltr' id='par_1_9' title="bbox 287 829 1887 901">
     <span class='ocr_line' id='line_1_9' title="bbox 287 829 1887 901; baseline -0.001 -16"><span class='ocrx_word' id='word_1_59' title='bbox 287 829 701 901; x_wconf 76' lang='grc' dir='ltr'>ἀναϐαίνομεν</span> <span class='ocrx_word' id='word_1_60' title='bbox 731 832 820 898; x_wconf 83' lang='grc' dir='ltr'>είς</span> <span class='ocrx_word' id='word_1_61' title='bbox 860 830 1248 900; x_wconf 74' lang='grc' dir='ltr'>Ἰεροσόλυμα</span> <span class='ocrx_word' id='word_1_62' title='bbox 1265 871 1280 896; x_wconf 90' lang='grc'><strong>,</strong></span> <span class='ocrx_word' id='word_1_63' title='bbox 1325 830 1425 885; x_wconf 77' lang='grc' dir='ltr'><strong>καὶ</strong></span> <span class='ocrx_word' id='word_1_64' title='bbox 1472 830 1887 900; x_wconf 75' lang='grc' dir='ltr'>παραδοθήσε-</span> 
     </span>
    </p>
   </div>
   <div class='ocr_carea' id='block_1_10' title="bbox 290 921 1884 992">
    <p class='ocr_par' dir='ltr' id='par_1_10' title="bbox 290 921 1884 992">
     <span class='ocr_line' id='line_1_10' title="bbox 290 921 1884 992; baseline -0.001 -16"><span class='ocrx_word' id='word_1_65' title='bbox 290 938 392 976; x_wconf 78' lang='grc' dir='ltr'><strong>ται</strong></span> <span class='ocrx_word' id='word_1_66' title='bbox 413 925 449 977; x_wconf 85' lang='grc' dir='ltr'><strong><em>ό</em></strong></span> <span class='ocrx_word' id='word_1_67' title='bbox 491 922 625 990; x_wconf 71' lang='grc' dir='ltr'><strong>Υἱὸς</strong></span> <span class='ocrx_word' id='word_1_68' title='bbox 641 922 751 979; x_wconf 81' lang='grc' dir='ltr'><strong>τοῦ</strong></span> <span class='ocrx_word' id='word_1_69' title='bbox 772 922 1087 992; x_wconf 74' lang='grc' dir='ltr'><strong>ἀνθρώπου</strong></span> <span class='ocrx_word' id='word_1_70' title='bbox 1114 925 1203 990; x_wconf 80' lang='grc' dir='ltr'>είς</span> <span class='ocrx_word' id='word_1_71' title='bbox 1229 923 1295 977; x_wconf 84' lang='grc' dir='ltr'><strong>τὸ</strong></span> <span class='ocrx_word' id='word_1_72' title='bbox 1322 921 1766 992; x_wconf 74' lang='grc' dir='ltr'><strong>σταυρωθῆναι,</strong></span> <span class='ocrx_word' id='word_1_73' title='bbox 1786 921 1884 976; x_wconf 76' lang='grc' dir='ltr'><strong>καὶ</strong></span> 
     </span>
    </p>
   </div>
   <div class='ocr_carea' id='block_1_11' title="bbox 294 1010 1883 1088">
    <p class='ocr_par' dir='ltr' id='par_1_11' title="bbox 294 1010 1883 1088">
     <span class='ocr_line' id='line_1_11' title="bbox 294 1010 1883 1088; baseline 0 -21"><span class='ocrx_word' id='word_1_74' title='bbox 294 1011 374 1083; x_wconf 72' lang='grc' dir='ltr'><strong>τῇ</strong></span> <span class='ocrx_word' id='word_1_75' title='bbox 422 1015 594 1084; x_wconf 74' lang='grc' dir='ltr'><strong>τρίτῃ</strong></span> <span class='ocrx_word' id='word_1_76' title='bbox 640 1015 824 1085; x_wconf 76' lang='grc' dir='ltr'><strong>ἡμέρᾳ</strong></span> <span class='ocrx_word' id='word_1_77' title='bbox 876 1014 1468 1082; x_wconf 74' lang='grc' dir='ltr'><strong>ἁναστήσεται.·Καὶ</strong></span> <span class='ocrx_word' id='word_1_78' title='bbox 1517 1015 1621 1072; x_wconf 86' lang='grc' dir='ltr'>οὐκ</span> <span class='ocrx_word' id='word_1_79' title='bbox 1694 1010 1849 1088; x_wconf 58' lang='grc' dir='ltr'>εἷπεν</span> <span class='ocrx_word' id='word_1_80' title='bbox 1870 1029 1883 1040; x_wconf 89' lang='grc'>·</span> 
     </span>
    </p>
   </div>
   <div class='ocr_carea' id='block_1_12' title="bbox 310 1105 1888 1179">
    <p class='ocr_par' dir='ltr' id='par_1_12' title="bbox 310 1105 1888 1179">
     <span class='ocr_line' id='line_1_12' title="bbox 310 1105 1888 1179; baseline -0.001 -18"><span class='ocrx_word' id='word_1_81' title='bbox 310 1108 638 1177; x_wconf 79' lang='grc' dir='ltr'>’Δναστήσει</span> <span class='ocrx_word' id='word_1_82' title='bbox 679 1108 864 1162; x_wconf 84' lang='grc' dir='ltr'><strong>αὐτόν.</strong></span> <span class='ocrx_word' id='word_1_83' title='bbox 906 1106 1105 1178; x_wconf 81' lang='grc' dir='ltr'><strong>Σαφῶς</strong></span> <span class='ocrx_word' id='word_1_84' title='bbox 1140 1107 1199 1161; x_wconf 82' lang='grc' dir='ltr'><strong>δὲ</strong></span> <span class='ocrx_word' id='word_1_85' title='bbox 1225 1109 1356 1179; x_wconf 79' lang='grc' dir='ltr'>περὶ</span> <span class='ocrx_word' id='word_1_86' title='bbox 1382 1106 1575 1179; x_wconf 71' lang='grc' dir='ltr'><strong>τοῷτου</strong></span> <span class='ocrx_word' id='word_1_87' title='bbox 1626 1107 1690 1169; x_wconf 81' lang='grc' dir='ltr'><strong>τὸ</strong></span> <span class='ocrx_word' id='word_1_88' title='bbox 1734 1105 1888 1172; x_wconf 70' lang='grc' dir='ltr'>ἔξου-</span> 
     </span>
    </p>
   </div>
   <div class='ocr_carea' id='block_1_13' title="bbox 302 1199 1883 1273">
    <p class='ocr_par' dir='ltr' id='par_1_13' title="bbox 302 1199 1883 1273">
     <span class='ocr_line' id='line_1_13' title="bbox 302 1199 1883 1273; baseline 0.001 -21"><span class='ocrx_word' id='word_1_89' title='bbox 302 1199 581 1255; x_wconf 78' lang='grc' dir='ltr'>σιαστικὺν</span> <span class='ocrx_word' id='word_1_90' title='bbox 615 1199 716 1271; x_wconf 85' lang='grc' dir='ltr'><strong>τῆς</strong></span> <span class='ocrx_word' id='word_1_91' title='bbox 759 1199 922 1257; x_wconf 80' lang='grc' dir='ltr'><strong>αὐτοῦ</strong></span> <span class='ocrx_word' id='word_1_92' title='bbox 964 1201 1253 1273; x_wconf 84' lang='grc' dir='ltr'>δυνάμεως</span> <span class='ocrx_word' id='word_1_93' title='bbox 1289 1201 1643 1273; x_wconf 79' lang='grc' dir='ltr'>προεδείκνυε</span> <span class='ocrx_word' id='word_1_94' title='bbox 1667 1199 1844 1269; x_wconf 80' lang='grc' dir='ltr'>λέγων</span> <span class='ocrx_word' id='word_1_95' title='bbox 1868 1212 1883 1225; x_wconf 90' lang='grc'><strong>·</strong></span> 
     </span>
    </p>
   </div>
   <div class='ocr_carea' id='block_1_14' title="bbox 312 1289 1889 1365">
    <p class='ocr_par' dir='ltr' id='par_1_14' title="bbox 312 1289 1889 1365">
     <span class='ocr_line' id='line_1_14' title="bbox 312 1289 1889 1365; baseline 0 -20"><span class='ocrx_word' id='word_1_96' title='bbox 312 1289 640 1355; x_wconf 77' lang='grc' dir='ltr'><strong>Ἐξουσίαν</strong></span> <span class='ocrx_word' id='word_1_97' title='bbox 661 1291 779 1360; x_wconf 75' lang='grc' dir='ltr'><strong>ἔχω</strong></span> <span class='ocrx_word' id='word_1_98' title='bbox 808 1290 925 1361; x_wconf 79' lang='grc' dir='ltr'><strong>τὴν</strong></span> <span class='ocrx_word' id='word_1_99' title='bbox 943 1291 1160 1365; x_wconf 74' lang='grc' dir='ltr'><strong>ψυχήν</strong></span> <span class='ocrx_word' id='word_1_100' title='bbox 1174 1308 1297 1363; x_wconf 80' lang='grc' dir='ltr'><strong>μου</strong></span> <span class='ocrx_word' id='word_1_101' title='bbox 1325 1291 1536 1357; x_wconf 87' lang='grc' dir='ltr'><strong>θεῖναι,</strong></span> <span class='ocrx_word' id='word_1_102' title='bbox 1562 1291 1660 1345; x_wconf 79' lang='grc' dir='ltr'><strong>καὶ</strong></span> <span class='ocrx_word' id='word_1_103' title='bbox 1678 1290 1889 1345; x_wconf 78' lang='grc' dir='ltr'><strong>λαϐεῖν</strong></span> 
     </span>
    </p>
   </div>
   <div class='ocr_carea' id='block_1_15' title="bbox 294 1383 1889 1457">
    <p class='ocr_par' dir='ltr' id='par_1_15' title="bbox 294 1383 1889 1457">
     <span class='ocr_line' id='line_1_15' title="bbox 294 1383 1889 1457; baseline -0.001 -18"><span class='ocrx_word' id='word_1_104' title='bbox 294 1384 516 1453; x_wconf 80' lang='grc' dir='ltr'><strong>αὐτήν.</strong></span> <span class='ocrx_word' id='word_1_105' title='bbox 535 1386 593 1437; x_wconf 85' lang='grc' dir='ltr'><strong>ὐ</strong></span> <span class='ocrx_word' id='word_1_106' title='bbox 613 1383 669 1437; x_wconf 82' lang='grc' dir='ltr'>δὲ</span> <span class='ocrx_word' id='word_1_107' title='bbox 697 1383 948 1450; x_wconf 77' lang='grc' dir='ltr'><strong>ἐξουσίαν</strong></span> <span class='ocrx_word' id='word_1_108' title='bbox 975 1384 1135 1456; x_wconf 76' lang='grc' dir='ltr'><strong>ἔχων,</strong></span> <span class='ocrx_word' id='word_1_109' title='bbox 1167 1384 1286 1449; x_wconf 80' lang='grc' dir='ltr'>πῶς</span> <span class='ocrx_word' id='word_1_110' title='bbox 1314 1383 1505 1438; x_wconf 76' lang='grc' dir='ltr'>ἑαυτὸν</span> <span class='ocrx_word' id='word_1_111' title='bbox 1530 1384 1766 1457; x_wconf 81' lang='grc' dir='ltr'><strong>ἐγείρειν</strong></span> <span class='ocrx_word' id='word_1_112' title='bbox 1787 1383 1889 1438; x_wconf 86' lang='grc' dir='ltr'><strong>οὐκ</strong></span> 
     </span>
    </p>
   </div>
   <div class='ocr_carea' id='block_1_16' title="bbox 293 1468 1888 1549">
    <p class='ocr_par' dir='ltr' id='par_1_16' title="bbox 293 1468 1888 1549">
     <span class='ocr_line' id='line_1_16' title="bbox 293 1468 1888 1549; baseline 0 -20"><span class='ocrx_word' id='word_1_113' title='bbox 293 1476 570 1545; x_wconf 53' lang='lat' dir='ltr'><strong>habita-to;</strong></span> <span class='ocrx_word' id='word_1_114' title='bbox 609 1477 667 1530; x_wconf 83' lang='grc' dir='ltr'><strong>ὐ</strong></span> <span class='ocrx_word' id='word_1_115' title='bbox 707 1475 1029 1540; x_wconf 80' lang='grc' dir='ltr'>’Δπόστολος</span> <span class='ocrx_word' id='word_1_116' title='bbox 1047 1476 1106 1529; x_wconf 73' lang='grc' dir='ltr'>δὲ</span> <span class='ocrx_word' id='word_1_117' title='bbox 1132 1476 1381 1549; x_wconf 82' lang='grc' dir='ltr'>γράφων,</span> <span class='ocrx_word' id='word_1_118' title='bbox 1417 1477 1505 1532; x_wconf 82' lang='grc' dir='ltr'><strong>ἴνα</strong></span> <span class='ocrx_word' id='word_1_119' title='bbox 1530 1468 1682 1549; x_wconf 79' lang='grc' dir='ltr'>δείξῃ</span> <span class='ocrx_word' id='word_1_120' title='bbox 1720 1475 1888 1546; x_wconf 77' lang='grc' dir='ltr'>μηδὲν</span> 
     </span>
    </p>
   </div>
   <div class='ocr_carea' id='block_1_17' title="bbox 295 1568 1887 1642">
    <p class='ocr_par' dir='ltr' id='par_1_17' title="bbox 295 1568 1887 1642">
     <span class='ocr_line' id='line_1_17' title="bbox 295 1568 1887 1642; baseline -0.002 -18"><span class='ocrx_word' id='word_1_121' title='bbox 295 1570 428 1624; x_wconf 78' lang='grc' dir='ltr'>ἄνευ</span> <span class='ocrx_word' id='word_1_122' title='bbox 465 1569 766 1641; x_wconf 79' lang='grc' dir='ltr'><strong>θελήματος</strong></span> <span class='ocrx_word' id='word_1_123' title='bbox 796 1569 1010 1642; x_wconf 84' lang='grc' dir='ltr'><strong>Πατρὸς</strong></span> <span class='ocrx_word' id='word_1_124' title='bbox 1038 1571 1095 1623; x_wconf 81' lang='grc' dir='ltr'>ὲν</span> <span class='ocrx_word' id='word_1_125' title='bbox 1126 1572 1193 1641; x_wconf 82' lang='grc' dir='ltr'><strong>τῇ</strong></span> <span class='ocrx_word' id='word_1_126' title='bbox 1240 1568 1342 1639; x_wconf 81' lang='grc' dir='ltr'><strong>τῆς</strong></span> <span class='ocrx_word' id='word_1_127' title='bbox 1375 1568 1651 1640; x_wconf 80' lang='grc' dir='ltr'><strong>σωτηρίας</strong></span> <span class='ocrx_word' id='word_1_128' title='bbox 1679 1569 1887 1621; x_wconf 73' lang='grc' dir='ltr'>οἰκονο-</span> 
     </span>
    </p>
   </div>
   <div class='ocr_carea' id='block_1_18' title="bbox 299 1660 1890 1735">
    <p class='ocr_par' dir='ltr' id='par_1_18' title="bbox 299 1660 1890 1735">
     <span class='ocr_line' id='line_1_18' title="bbox 299 1660 1890 1735; baseline -0.002 -19"><span class='ocrx_word' id='word_1_129' title='bbox 299 1663 405 1735; x_wconf 80' lang='grc' dir='ltr'><strong>μίᾳ</strong></span> <span class='ocrx_word' id='word_1_130' title='bbox 440 1661 799 1733; x_wconf 75' lang='grc' dir='ltr'>γεγενῆσθαι,</span> <span class='ocrx_word' id='word_1_131' title='bbox 834 1662 940 1733; x_wconf 79' lang='grc' dir='ltr'><strong>ἔφη</strong></span> <span class='ocrx_word' id='word_1_132' title='bbox 961 1679 976 1695; x_wconf 91' lang='grc'><strong>·</strong></span> <span class='ocrx_word' id='word_1_133' title='bbox 1026 1663 1090 1716; x_wconf 88' lang='lat' dir='ltr'><strong>&#39;O</strong></span> <span class='ocrx_word' id='word_1_134' title='bbox 1125 1661 1270 1729; x_wconf 83' lang='grc' dir='ltr'><strong>Θεὸς</strong></span> <span class='ocrx_word' id='word_1_135' title='bbox 1308 1661 1548 1732; x_wconf 75' lang='grc' dir='ltr'><strong>ἤγειρεν</strong></span> <span class='ocrx_word' id='word_1_136' title='bbox 1589 1660 1777 1715; x_wconf 83' lang='grc' dir='ltr'>αὐτὸν</span> <span class='ocrx_word' id='word_1_137' title='bbox 1820 1660 1890 1713; x_wconf 82' lang='grc' dir='ltr'><strong><em>ἐκ</em></strong></span> 
     </span>
    </p>
   </div>
   <div class='ocr_carea' id='block_1_19' title="bbox 294 1752 1888 1827">
    <p class='ocr_par' dir='ltr' id='par_1_19' title="bbox 294 1752 1888 1827">
     <span class='ocr_line' id='line_1_19' title="bbox 294 1752 1888 1827; baseline -0.003 -18"><span class='ocrx_word' id='word_1_138' title='bbox 294 1754 555 1825; x_wconf 79' lang='grc' dir='ltr'><strong>νεκρῶν.</strong></span> <span class='ocrx_word' id='word_1_139' title='bbox 587 1756 700 1810; x_wconf 79' lang='grc' dir='ltr'><strong>Καὶ</strong></span> <span class='ocrx_word' id='word_1_140' title='bbox 731 1754 840 1827; x_wconf 85' lang='grc' dir='ltr'><strong>γὰρ</strong></span> <span class='ocrx_word' id='word_1_141' title='bbox 881 1754 980 1809; x_wconf 81' lang='grc' dir='ltr'><strong>καὶ</strong></span> <span class='ocrx_word' id='word_1_142' title='bbox 1010 1754 1070 1815; x_wconf 80' lang='grc' dir='ltr'>ὲν</span> <span class='ocrx_word' id='word_1_143' title='bbox 1112 1754 1260 1826; x_wconf 72' lang='grc' dir='ltr'>ἄλλῳ</span> <span class='ocrx_word' id='word_1_144' title='bbox 1294 1756 1448 1825; x_wconf 86' lang='grc' dir='ltr'>τόπῳ</span> <span class='ocrx_word' id='word_1_145' title='bbox 1481 1752 1632 1822; x_wconf 80' lang='grc' dir='ltr'><strong>λέγει</strong></span> <span class='ocrx_word' id='word_1_146' title='bbox 1661 1752 1826 1816; x_wconf 76' lang='grc' dir='ltr'><strong>αὐτὸς</strong></span> <span class='ocrx_word' id='word_1_147' title='bbox 1858 1754 1888 1806; x_wconf 90' lang='lat'><strong>6</strong></span> 
     </span>
    </p>
   </div>
   <div class='ocr_carea' id='block_1_20' title="bbox 1986 533 3574 618">
    <p class='ocr_par' dir='ltr' id='par_1_20' title="bbox 1986 533 3574 618">
     <span class='ocr_line' id='line_1_20' title="bbox 1986 533 3574 618; baseline 0.003 -15"><span class='ocrx_word' id='word_1_148' title='bbox 1986 533 2149 612; x_wconf 74' lang='lat' dir='ltr'><strong>hic”.</strong></span> <span class='ocrx_word' id='word_1_149' title='bbox 2184 566 2294 607; x_wconf 90' lang='lat' dir='ltr'><strong>non</strong></span> <span class='ocrx_word' id='word_1_150' title='bbox 2334 559 2517 607; x_wconf 85' lang='lat' dir='ltr'><strong>autem</strong></span> <span class='ocrx_word' id='word_1_151' title='bbox 2546 552 2623 606; x_wconf 90' lang='lat' dir='ltr'><strong>ita</strong></span> <span class='ocrx_word' id='word_1_152' title='bbox 2653 551 2828 605; x_wconf 84' lang='lat' dir='ltr'><strong>dixit:</strong></span> <span class='ocrx_word' id='word_1_153' title='bbox 2860 549 3132 606; x_wconf 71' lang='lat' dir='ltr'><strong>Excitavit</strong></span> <span class='ocrx_word' id='word_1_154' title='bbox 3166 565 3293 615; x_wconf 81' lang='lat' dir='ltr'><strong>eum</strong></span> <span class='ocrx_word' id='word_1_155' title='bbox 3323 548 3492 618; x_wconf 85' lang='lat' dir='ltr'><strong>Deus,</strong></span> <span class='ocrx_word' id='word_1_156' title='bbox 3520 562 3574 607; x_wconf 79' lang='lat' dir='ltr'><strong>et</strong></span> 
     </span>
    </p>
   </div>
   <div class='ocr_carea' id='block_1_21' title="bbox 1987 640 3573 714">
    <p class='ocr_par' dir='ltr' id='par_1_21' title="bbox 1987 640 3573 714">
     <span class='ocr_line' id='line_1_21' title="bbox 1987 640 3573 714; baseline 0.003 -16"><span class='ocrx_word' id='word_1_157' title='bbox 1987 658 2097 698; x_wconf 92' lang='lat' dir='ltr'><strong>non</strong></span> <span class='ocrx_word' id='word_1_158' title='bbox 2143 652 2228 700; x_wconf 87' lang='lat' dir='ltr'><strong>est</strong></span> <span class='ocrx_word' id='word_1_159' title='bbox 2270 643 2393 710; x_wconf 87' lang='lat' dir='ltr'><strong>hic,</strong></span> <span class='ocrx_word' id='word_1_160' title='bbox 2439 642 2546 701; x_wconf 83' lang='lat' dir='ltr'><strong>nisi</strong></span> <span class='ocrx_word' id='word_1_161' title='bbox 2580 640 2997 714; x_wconf 56' lang='lat' dir='ltr'><strong>ut’potcstatem</strong></span> <span class='ocrx_word' id='word_1_162' title='bbox 3043 642 3194 710; x_wconf 75' lang='lat' dir='ltr'><strong>illius</strong></span> <span class='ocrx_word' id='word_1_163' title='bbox 3235 642 3573 703; x_wconf 77' lang='lat' dir='ltr'><strong>ostenderet.</strong></span> 
     </span>
    </p>
   </div>
   <div class='ocr_carea' id='block_1_22' title="bbox 1986 732 3575 811">
    <p class='ocr_par' dir='ltr' id='par_1_22' title="bbox 1986 732 3575 811">
     <span class='ocr_line' id='line_1_22' title="bbox 1986 732 3575 811; baseline 0.002 -22"><span class='ocrx_word' id='word_1_164' title='bbox 1986 736 2247 806; x_wconf 81' lang='lat' dir='ltr'><strong>quoniam</strong></span> <span class='ocrx_word' id='word_1_165' title='bbox 2302 742 2359 791; x_wconf 88' lang='lat' dir='ltr'><strong>et</strong></span> <span class='ocrx_word' id='word_1_166' title='bbox 2413 734 2573 807; x_wconf 66' lang='lat' dir='ltr'><strong>vivus</strong></span> <span class='ocrx_word' id='word_1_167' title='bbox 2604 733 2882 808; x_wconf 48' lang='lat' dir='ltr'><strong>sun-egit?</strong></span> <span class='ocrx_word' id='word_1_168' title='bbox 2911 732 3217 799; x_wconf 88' lang='lat' dir='ltr'><strong>Quinetiam</strong></span> <span class='ocrx_word' id='word_1_169' title='bbox 3251 733 3575 811; x_wconf 73' lang='lat' dir='ltr'><strong>priusquam</strong></span> 
     </span>
    </p>
   </div>
   <div class='ocr_carea' id='block_1_23' title="bbox 1989 824 3573 908">
    <p class='ocr_par' dir='ltr' id='par_1_23' title="bbox 1989 824 3573 908">
     <span class='ocr_line' id='line_1_23' title="bbox 1989 824 3573 908; baseline -0.004 -28"><span class='ocrx_word' id='word_1_170' title='bbox 1989 827 2108 896; x_wconf 88' lang='lat' dir='ltr'><strong>ipse</strong></span> <span class='ocrx_word' id='word_1_171' title='bbox 2150 833 2448 907; x_wconf 80' lang='lat' dir='ltr'><strong>pateretur,</strong></span> <span class='ocrx_word' id='word_1_172' title='bbox 2497 824 2803 908; x_wconf 77' lang='lat' dir='ltr'><strong>discipulos</strong></span> <span class='ocrx_word' id='word_1_173' title='bbox 2846 839 2980 880; x_wconf 88' lang='lat' dir='ltr'><strong>suos</strong></span> <span class='ocrx_word' id='word_1_174' title='bbox 3014 825 3096 882; x_wconf 89' lang='lat' dir='ltr'><strong>sic</strong></span> <span class='ocrx_word' id='word_1_175' title='bbox 3142 824 3415 884; x_wconf 89' lang='lat' dir='ltr'><strong>allocutus</strong></span> <span class='ocrx_word' id='word_1_176' title='bbox 3448 829 3573 877; x_wconf 88' lang='lat' dir='ltr'><strong>est:</strong></span> 
     </span>
    </p>
   </div>
   <div class='ocr_carea' id='block_1_24' title="bbox 1989 914 3575 991">
    <p class='ocr_par' dir='ltr' id='par_1_24' title="bbox 1989 914 3575 991">
     <span class='ocr_line' id='line_1_24' title="bbox 1989 914 3575 991; baseline -0.003 -19"><span class='ocrx_word' id='word_1_177' title='bbox 1989 919 2127 991; x_wconf 63' lang='lat' dir='ltr'><strong>Ecce</strong></span> <span class='ocrx_word' id='word_1_178' title='bbox 2152 918 2487 989; x_wconf 66' lang='lat' dir='ltr'><strong>ascendimus</strong></span> <span class='ocrx_word' id='word_1_179' title='bbox 2535 917 2986 987; x_wconf 69' lang='lat' dir='ltr'><strong>Hierosolymam,</strong></span> <span class='ocrx_word' id='word_1_180' title='bbox 3032 928 3082 971; x_wconf 88' lang='lat' dir='ltr'><strong>et</strong></span> <span class='ocrx_word' id='word_1_181' title='bbox 3124 916 3365 971; x_wconf 76' lang='lat' dir='ltr'><strong>tradetur</strong></span> <span class='ocrx_word' id='word_1_182' title='bbox 3403 914 3575 975; x_wconf 71' lang='lat' dir='ltr'><strong>Filius</strong></span> 
     </span>
    </p>
   </div>
   <div class='ocr_carea' id='block_1_25' title="bbox 1986 1005 3573 1081">
    <p class='ocr_par' dir='ltr' id='par_1_25' title="bbox 1986 1005 3573 1081">
     <span class='ocr_line' id='line_1_25' title="bbox 1986 1005 3573 1081; baseline -0.004 -16"><span class='ocrx_word' id='word_1_183' title='bbox 1986 1010 2215 1077; x_wconf 66' lang='lat' dir='ltr'><strong>hominis</strong></span> <span class='ocrx_word' id='word_1_184' title='bbox 2258 1019 2317 1065; x_wconf 82' lang='lat' dir='ltr'><strong>ut</strong></span> <span class='ocrx_word' id='word_1_185' title='bbox 2380 1008 2748 1079; x_wconf 66' lang='lat' dir='ltr'><strong>cruci/ﬁgatur,</strong></span> <span class='ocrx_word' id='word_1_186' title='bbox 2809 1016 2860 1060; x_wconf 88' lang='lat' dir='ltr'><strong>et</strong></span> <span class='ocrx_word' id='word_1_187' title='bbox 2905 1006 3064 1060; x_wconf 87' lang='lat' dir='ltr'><strong>tertia</strong></span> <span class='ocrx_word' id='word_1_188' title='bbox 3119 1005 3205 1061; x_wconf 80' lang='lat' dir='ltr'><strong>die</strong></span> <span class='ocrx_word' id='word_1_189' title='bbox 3269 1016 3505 1081; x_wconf 81' lang='lat' dir='ltr'><strong>resurget</strong></span> <span class='ocrx_word' id='word_1_190' title='bbox 3532 1006 3573 1069; x_wconf 78' lang='grc'><strong>³,</strong></span> 
     </span>
    </p>
   </div>
   <div class='ocr_carea' id='block_1_26' title="bbox 1987 1097 3575 1169">
    <p class='ocr_par' dir='ltr' id='par_1_26' title="bbox 1987 1097 3575 1169">
     <span class='ocr_line' id='line_1_26' title="bbox 1987 1097 3575 1169; baseline -0.002 -12"><span class='ocrx_word' id='word_1_191' title='bbox 1987 1100 2109 1157; x_wconf 74' lang='lat' dir='ltr'><strong>Non</strong></span> <span class='ocrx_word' id='word_1_192' title='bbox 2142 1101 2326 1156; x_wconf 76' lang='lat' dir='ltr'><strong>dixit:</strong></span> <span class='ocrx_word' id='word_1_193' title='bbox 2364 1098 2642 1155; x_wconf 81' lang='lat' dir='ltr'><strong>Excitabit</strong></span> <span class='ocrx_word' id='word_1_194' title='bbox 2669 1099 2886 1169; x_wconf 85' lang='lat' dir='ltr'><strong>ipsum;</strong></span> <span class='ocrx_word' id='word_1_195' title='bbox 2916 1097 3013 1155; x_wconf 88' lang='lat' dir='ltr'><strong>sed</strong></span> <span class='ocrx_word' id='word_1_196' title='bbox 3063 1107 3272 1168; x_wconf 89' lang='lat' dir='ltr'><strong>aperte,</strong></span> <span class='ocrx_word' id='word_1_197' title='bbox 3317 1100 3465 1169; x_wconf 88' lang='lat' dir='ltr'><strong>quod</strong></span> <span class='ocrx_word' id='word_1_198' title='bbox 3508 1098 3575 1159; x_wconf 84' lang='lat' dir='ltr'><strong>ad</strong></span> 
     </span>
    </p>
   </div>
   <div class='ocr_carea' id='block_1_27' title="bbox 1987 1191 3575 1272">
    <p class='ocr_par' dir='ltr' id='par_1_27' title="bbox 1987 1191 3575 1272">
     <span class='ocr_line' id='line_1_27' title="bbox 1987 1191 3575 1272; baseline 0.001 -25"><span class='ocrx_word' id='word_1_199' title='bbox 1987 1205 2108 1247; x_wconf 88' lang='lat' dir='ltr'><strong>eam</strong></span> <span class='ocrx_word' id='word_1_200' title='bbox 2137 1198 2252 1248; x_wconf 80' lang='lat' dir='ltr'><strong>rem</strong></span> <span class='ocrx_word' id='word_1_201' title='bbox 2279 1193 2496 1260; x_wconf 75' lang='lat' dir='ltr'><strong>attinet,</strong></span> <span class='ocrx_word' id='word_1_202' title='bbox 2526 1206 2642 1248; x_wconf 75' lang='lat' dir='ltr'><strong>sua:</strong></span> <span class='ocrx_word' id='word_1_203' title='bbox 2660 1191 2772 1247; x_wconf 86' lang='lat' dir='ltr'><strong>vim</strong></span> <span class='ocrx_word' id='word_1_204' title='bbox 2798 1191 3088 1272; x_wconf 87' lang='lat' dir='ltr'><strong>potestatis</strong></span> <span class='ocrx_word' id='word_1_205' title='bbox 3109 1192 3325 1267; x_wconf 84' lang='lat' dir='ltr'><strong>aperuit</strong></span> <span class='ocrx_word' id='word_1_206' title='bbox 3347 1191 3575 1250; x_wconf 80' lang='lat' dir='ltr'><strong>dicens:</strong></span> 
     </span>
    </p>
   </div>
   <div class='ocr_carea' id='block_1_28' title="bbox 1992 1282 3582 1359">
    <p class='ocr_par' dir='ltr' id='par_1_28' title="bbox 1992 1282 3582 1359">
     <span class='ocr_line' id='line_1_28' title="bbox 1992 1282 3582 1359; baseline 0.002 -22"><span class='ocrx_word' id='word_1_207' title='bbox 1992 1282 2315 1338; x_wconf 79' lang='lat' dir='ltr'><strong>Potestatem</strong></span> <span class='ocrx_word' id='word_1_208' title='bbox 2348 1284 2512 1339; x_wconf 85' lang='lat' dir='ltr'><strong>habeo</strong></span> <span class='ocrx_word' id='word_1_209' title='bbox 2540 1285 2776 1345; x_wconf 80' lang='lat' dir='ltr'><strong>animum</strong></span> <span class='ocrx_word' id='word_1_210' title='bbox 2817 1299 2990 1340; x_wconf 78' lang='lat' dir='ltr'><strong>meam</strong></span> <span class='ocrx_word' id='word_1_211' title='bbox 3018 1298 3234 1359; x_wconf 83' lang='lat' dir='ltr'><strong>ponere,</strong></span> <span class='ocrx_word' id='word_1_212' title='bbox 3281 1293 3333 1339; x_wconf 85' lang='lat' dir='ltr'><strong>et</strong></span> <span class='ocrx_word' id='word_1_213' title='bbox 3375 1299 3582 1347; x_wconf 72' lang='lat' dir='ltr'><strong>samera</strong></span> 
     </span>
    </p>
   </div>
   <div class='ocr_carea' id='block_1_29' title="bbox 1989 1374 3581 1447">
    <p class='ocr_par' dir='ltr' id='par_1_29' title="bbox 1989 1374 3581 1447">
     <span class='ocr_line' id='line_1_29' title="bbox 1989 1374 3581 1447; baseline 0.004 -20"><span class='ocrx_word' id='word_1_214' title='bbox 1989 1375 2164 1444; x_wconf 80' lang='lat' dir='ltr'><strong>ipsam</strong></span> <span class='ocrx_word' id='word_1_215' title='bbox 2184 1375 2228 1430; x_wconf 72' lang='grc'><strong>⁸.</strong></span> <span class='ocrx_word' id='word_1_216' title='bbox 2257 1374 2362 1443; x_wconf 83' lang='lat' dir='ltr'><strong>Qui</strong></span> <span class='ocrx_word' id='word_1_217' title='bbox 2390 1376 2559 1447; x_wconf 77' lang='lat' dir='ltr'><strong>igitur</strong></span> <span class='ocrx_word' id='word_1_218' title='bbox 2586 1382 2915 1447; x_wconf 86' lang='lat' dir='ltr'><strong>potestatem</strong></span> <span class='ocrx_word' id='word_1_219' title='bbox 2940 1375 3196 1440; x_wconf 78' lang='lat' dir='ltr'><strong>habebat,</strong></span> <span class='ocrx_word' id='word_1_220' title='bbox 3222 1377 3581 1447; x_wconf 79' lang='lat' dir='ltr'><strong>semetipsum</strong></span> 
     </span>
    </p>
   </div>
   <div class='ocr_carea' id='block_1_30' title="bbox 1989 1450 3583 1539">
    <p class='ocr_par' dir='ltr' id='par_1_30' title="bbox 1989 1450 3583 1539">
     <span class='ocr_line' id='line_1_30' title="bbox 1989 1450 3583 1539; baseline 0 -17"><span class='ocrx_word' id='word_1_221' title='bbox 1989 1469 2232 1523; x_wconf 79' lang='lat' dir='ltr'><strong>excitare</strong></span> <span class='ocrx_word' id='word_1_222' title='bbox 2279 1481 2390 1522; x_wconf 93' lang='lat' dir='ltr'><strong>non</strong></span> <span class='ocrx_word' id='word_1_223' title='bbox 2431 1450 2642 1538; x_wconf 80' lang='lat' dir='ltr'><strong>potuit?</strong></span> <span class='ocrx_word' id='word_1_224' title='bbox 2676 1467 2980 1539; x_wconf 79' lang='lat' dir='ltr'><strong>Apostolus</strong></span> <span class='ocrx_word' id='word_1_225' title='bbox 3017 1482 3150 1523; x_wconf 87' lang='lat' dir='ltr'><strong>vero</strong></span> <span class='ocrx_word' id='word_1_226' title='bbox 3197 1467 3335 1527; x_wconf 83' lang='lat' dir='ltr'><strong>nihil</strong></span> <span class='ocrx_word' id='word_1_227' title='bbox 3369 1469 3583 1537; x_wconf 79' lang='lat' dir='ltr'><strong>absque</strong></span> 
     </span>
    </p>
   </div>
   <div class='ocr_carea' id='block_1_31' title="bbox 1990 1555 3583 1619">
    <p class='ocr_par' dir='ltr' id='par_1_31' title="bbox 1990 1555 3583 1619">
     <span class='ocr_line' id='line_1_31' title="bbox 1990 1555 3583 1619; baseline 0.002 -8"><span class='ocrx_word' id='word_1_228' title='bbox 1990 1555 2174 1617; x_wconf 78' lang='lat' dir='ltr'><strong>Patris</strong></span> <span class='ocrx_word' id='word_1_229' title='bbox 2206 1559 2487 1616; x_wconf 82' lang='lat' dir='ltr'><strong>voluntate</strong></span> <span class='ocrx_word' id='word_1_230' title='bbox 2521 1559 2576 1617; x_wconf 90' lang='lat' dir='ltr'><strong>in</strong></span> <span class='ocrx_word' id='word_1_231' title='bbox 2615 1558 3052 1615; x_wconf 82' lang='lat' dir='ltr'><strong>administranda</strong></span> <span class='ocrx_word' id='word_1_232' title='bbox 3087 1557 3368 1619; x_wconf 84' lang='lat' dir='ltr'><strong>hominum</strong></span> <span class='ocrx_word' id='word_1_233' title='bbox 3403 1560 3583 1614; x_wconf 83' lang='lat' dir='ltr'><strong>salute</strong></span> 
     </span>
    </p>
   </div>
   <div class='ocr_carea' id='block_1_32' title="bbox 1990 1648 3586 1726">
    <p class='ocr_par' dir='ltr' id='par_1_32' title="bbox 1990 1648 3586 1726">
     <span class='ocr_line' id='line_1_32' title="bbox 1990 1648 3586 1726; baseline -0.001 -22"><span class='ocrx_word' id='word_1_234' title='bbox 1990 1657 2205 1721; x_wconf 72' lang='lat' dir='ltr'><strong>gestum</strong></span> <span class='ocrx_word' id='word_1_235' title='bbox 2236 1650 2619 1707; x_wconf 87' lang='lat' dir='ltr'><strong>demonstrare</strong></span> <span class='ocrx_word' id='word_1_236' title='bbox 2636 1651 2885 1721; x_wconf 78' lang='lat' dir='ltr'><strong>cupiens,</strong></span> <span class='ocrx_word' id='word_1_237' title='bbox 2912 1650 2989 1721; x_wconf 88' lang='lat' dir='ltr'><strong>ita</strong></span> <span class='ocrx_word' id='word_1_238' title='bbox 3023 1648 3435 1726; x_wconf 79' lang='lat' dir='ltr'><strong>scripsitzbeus</strong></span> <span class='ocrx_word' id='word_1_239' title='bbox 3464 1665 3586 1705; x_wconf 84' lang='lat' dir='ltr'><strong>sus-</strong></span> 
     </span>
    </p>
   </div>
   <div class='ocr_carea' id='block_1_33' title="bbox 1992 1733 3582 1801">
    <p class='ocr_par' dir='ltr' id='par_1_33' title="bbox 1992 1733 3582 1801">
     <span class='ocr_line' id='line_1_33' title="bbox 1992 1733 3582 1801; baseline 0.001 -5"><span class='ocrx_word' id='word_1_240' title='bbox 1992 1743 2174 1797; x_wconf 79' lang='lat' dir='ltr'><strong>citavit</strong></span> <span class='ocrx_word' id='word_1_241' title='bbox 2210 1733 2367 1797; x_wconf 82' lang='lat' dir='ltr'><strong>illum</strong></span> <span class='ocrx_word' id='word_1_242' title='bbox 2412 1760 2446 1797; x_wconf 90' lang='lat' dir='ltr'><strong>a</strong></span> <span class='ocrx_word' id='word_1_243' title='bbox 2493 1744 2719 1799; x_wconf 79' lang='lat' dir='ltr'><strong>mortuis</strong></span> <span class='ocrx_word' id='word_1_244' title='bbox 2742 1745 2787 1797; x_wconf 85' lang='grc'><strong>⁸.</strong></span> <span class='ocrx_word' id='word_1_245' title='bbox 2833 1741 2971 1801; x_wconf 81' lang='lat' dir='ltr'><strong>Nam</strong></span> <span class='ocrx_word' id='word_1_246' title='bbox 3009 1752 3065 1798; x_wconf 90' lang='lat' dir='ltr'><strong>et</strong></span> <span class='ocrx_word' id='word_1_247' title='bbox 3114 1742 3222 1797; x_wconf 88' lang='lat' dir='ltr'><strong>alio</strong></span> <span class='ocrx_word' id='word_1_248' title='bbox 3264 1742 3387 1797; x_wconf 85' lang='lat' dir='ltr'><strong>loco</strong></span> <span class='ocrx_word' id='word_1_249' title='bbox 3438 1742 3582 1798; x_wconf 90' lang='lat' dir='ltr'><strong>idem</strong></span> 
     </span>
    </p>
   </div>
   <div class='ocr_carea' id='block_1_34' title="bbox 309 1835 1891 1913">
    <p class='ocr_par' dir='ltr' id='par_1_34' title="bbox 309 1843 1891 1913">
     <span class='ocr_line' id='line_1_34' title="bbox 309 1843 1891 1913; baseline -0.004 -11"><span class='ocrx_word' id='word_1_250' title='bbox 309 1848 656 1913; x_wconf 79' lang='grc' dir='ltr'>’Δπόστολος,</span> <span class='ocrx_word' id='word_1_251' title='bbox 674 1848 849 1909; x_wconf 83' lang='grc' dir='ltr'><strong>ὄτι,Εἰ</strong></span> <span class='ocrx_word' id='word_1_252' title='bbox 861 1849 960 1903; x_wconf 72' lang='grc' dir='ltr'><strong>καὶ</strong></span> <span class='ocrx_word' id='word_1_253' title='bbox 981 1848 1283 1903; x_wconf 67' lang='grc' dir='ltr'><strong>ἀπέθανεν</strong></span> <span class='ocrx_word' id='word_1_254' title='bbox 1299 1846 1370 1912; x_wconf 78' lang='grc' dir='ltr'><strong>ἐξ</strong></span> <span class='ocrx_word' id='word_1_255' title='bbox 1389 1846 1729 1912; x_wconf 76' lang='grc' dir='ltr'><strong>ἀσθενείας,</strong></span> <span class='ocrx_word' id='word_1_256' title='bbox 1743 1844 1811 1913; x_wconf 76' lang='grc' dir='ltr'><em>ζῇ</em></span> <span class='ocrx_word' id='word_1_257' title='bbox 1823 1843 1891 1897; x_wconf 79' lang='grc' dir='ltr'>δὲ</span> 
     </span>
    </p>
   </div>
   <div class='ocr_carea' id='block_1_35' title="bbox 1995 1835 3583 1913">
    <p class='ocr_par' dir='ltr' id='par_1_35' title="bbox 1995 1835 3583 1907">
     <span class='ocr_line' id='line_1_35' title="bbox 1995 1835 3583 1907; baseline 0 -20"><span class='ocrx_word' id='word_1_258' title='bbox 1995 1836 2331 1904; x_wconf 75' lang='lat' dir='ltr'><strong>Apostolus:</strong></span> <span class='ocrx_word' id='word_1_259' title='bbox 2376 1835 2634 1905; x_wconf 83' lang='lat' dir='ltr'><strong>Tametsi,</strong></span> <span class='ocrx_word' id='word_1_260' title='bbox 2672 1836 2873 1907; x_wconf 85' lang='lat' dir='ltr'><strong>inquit,</strong></span> <span class='ocrx_word' id='word_1_261' title='bbox 2902 1845 3145 1893; x_wconf 81' lang='lat' dir='ltr'><strong>mortuus</strong></span> <span class='ocrx_word' id='word_1_262' title='bbox 3190 1844 3271 1893; x_wconf 82' lang='lat' dir='ltr'><strong>est</strong></span> <span class='ocrx_word' id='word_1_263' title='bbox 3306 1850 3374 1890; x_wconf 79' lang='lat' dir='ltr'><strong>ea:</strong></span> <span class='ocrx_word' id='word_1_264' title='bbox 3416 1835 3583 1891; x_wconf 68' lang='lat' dir='ltr'><strong>imbe.</strong></span> 
     </span>
    </p>
   </div>
   <div class='ocr_carea' id='block_1_36' title="bbox 294 1936 1891 2017">
    <p class='ocr_par' dir='ltr' id='par_1_36' title="bbox 294 1936 1891 2017">
     <span class='ocr_line' id='line_1_36' title="bbox 294 1936 1891 2017; baseline -0.002 -23"><span class='ocrx_word' id='word_1_265' title='bbox 294 1942 369 1994; x_wconf 77' lang='grc' dir='ltr'><strong>ἐκ</strong></span> <span class='ocrx_word' id='word_1_266' title='bbox 394 1940 725 2013; x_wconf 75' lang='grc' dir='ltr'>δυνάμεῳς.</span> <span class='ocrx_word' id='word_1_267' title='bbox 753 1939 982 2017; x_wconf 74' lang='grc' dir='ltr'>Ἤθελον</span> <span class='ocrx_word' id='word_1_268' title='bbox 1008 1941 1067 1995; x_wconf 81' lang='grc' dir='ltr'>δὲ</span> <span class='ocrx_word' id='word_1_269' title='bbox 1106 1940 1375 1995; x_wconf 83' lang='grc' dir='ltr'>πυθέσθαι</span> <span class='ocrx_word' id='word_1_270' title='bbox 1396 1939 1491 1994; x_wconf 80' lang='grc' dir='ltr'>τὸν</span> <span class='ocrx_word' id='word_1_271' title='bbox 1527 1938 1654 1996; x_wconf 79' lang='grc' dir='ltr'>νοῦν</span> <span class='ocrx_word' id='word_1_272' title='bbox 1690 1937 1798 1993; x_wconf 84' lang='grc' dir='ltr'>τῶν</span> <span class='ocrx_word' id='word_1_273' title='bbox 1820 1936 1891 1991; x_wconf 85' lang='grc' dir='ltr'><strong>τὰ</strong></span> 
     </span>
    </p>
   </div>
   <div class='ocr_carea' id='block_1_37' title="bbox 294 2031 1890 2116">
    <p class='ocr_par' dir='ltr' id='par_1_37' title="bbox 294 2031 1890 2116">
     <span class='ocr_line' id='line_1_37' title="bbox 294 2031 1890 2116; baseline -0.004 -27"><span class='ocrx_word' id='word_1_274' title='bbox 294 2034 506 2116; x_wconf 68' lang='grc' dir='ltr'><strong>ἀκριβῆ</strong></span> <span class='ocrx_word' id='word_1_275' title='bbox 550 2034 658 2088; x_wconf 82' lang='grc' dir='ltr'>τῶν</span> <span class='ocrx_word' id='word_1_276' title='bbox 690 2033 923 2105; x_wconf 82' lang='grc' dir='ltr'>Γραφῶν</span> <span class='ocrx_word' id='word_1_277' title='bbox 962 2035 1363 2104; x_wconf 86' lang='grc' dir='ltr'><strong>γινωσκόντων,</strong></span> <span class='ocrx_word' id='word_1_278' title='bbox 1421 2032 1581 2088; x_wconf 84' lang='grc' dir='ltr'>ποίαν</span> <span class='ocrx_word' id='word_1_279' title='bbox 1603 2031 1890 2089; x_wconf 81' lang='grc' dir='ltr'>ἀσθένειαν</span> 
     </span>
    </p>
   </div>
   <div class='ocr_carea' id='block_1_38' title="bbox 296 2120 1889 2206">
    <p class='ocr_par' dir='ltr' id='par_1_38' title="bbox 296 2120 1889 2206">
     <span class='ocr_line' id='line_1_38' title="bbox 296 2120 1889 2206; baseline -0.003 -26"><span class='ocrx_word' id='word_1_280' title='bbox 296 2122 453 2205; x_wconf 72' lang='grc' dir='ltr'>εἶχεν</span> <span class='ocrx_word' id='word_1_281' title='bbox 477 2130 506 2185; x_wconf 87' lang='lat'><strong>6</strong></span> <span class='ocrx_word' id='word_1_282' title='bbox 537 2127 872 2199; x_wconf 83' lang='grc' dir='ltr'>Μονογενὴς,</span> <span class='ocrx_word' id='word_1_283' title='bbox 902 2126 971 2182; x_wconf 87' lang='grc' dir='ltr'><strong>δι’</strong></span> <span class='ocrx_word' id='word_1_284' title='bbox 999 2120 1062 2181; x_wconf 74' lang='grc' dir='ltr'><strong>οὗ</strong></span> <span class='ocrx_word' id='word_1_285' title='bbox 1085 2130 1115 2182; x_wconf 91' lang='lat'><strong>6</strong></span> <span class='ocrx_word' id='word_1_286' title='bbox 1142 2127 1372 2199; x_wconf 71' lang='grc' dir='ltr'>οὐρανὸς</span> <span class='ocrx_word' id='word_1_287' title='bbox 1387 2126 1662 2206; x_wconf 75' lang='grc' dir='ltr'><strong>ἦπλωται,</strong></span> <span class='ocrx_word' id='word_1_288' title='bbox 1696 2122 1730 2194; x_wconf 79' lang='grc' dir='ltr'>ἢ</span> <span class='ocrx_word' id='word_1_289' title='bbox 1756 2123 1889 2196; x_wconf 78' lang='grc' dir='ltr'><strong>παρ’</strong></span> 
     </span>
    </p>
   </div>
   <div class='ocr_carea' id='block_1_39' title="bbox 296 2209 1889 2293">
    <p class='ocr_par' dir='ltr' id='par_1_39' title="bbox 296 2209 1889 2293">
     <span class='ocr_line' id='line_1_39' title="bbox 296 2209 1889 2293; baseline -0.005 -16"><span class='ocrx_word' id='word_1_290' title='bbox 296 2216 368 2277; x_wconf 74' lang='grc' dir='ltr'>οὗ</span> <span class='ocrx_word' id='word_1_291' title='bbox 395 2224 425 2275; x_wconf 97' lang='lat'><strong>6</strong></span> <span class='ocrx_word' id='word_1_292' title='bbox 457 2209 684 2293; x_wconf 79' lang='grc' dir='ltr'>οὐρανδς</span> <span class='ocrx_word' id='word_1_293' title='bbox 722 2220 988 2287; x_wconf 80' lang='grc' dir='ltr'><strong>ἔκτισται,</strong></span> <span class='ocrx_word' id='word_1_294' title='bbox 1025 2221 1092 2279; x_wconf 82' lang='grc' dir='ltr'><strong>δι’</strong></span> <span class='ocrx_word' id='word_1_295' title='bbox 1121 2213 1184 2281; x_wconf 72' lang='grc' dir='ltr'>οὗ</span> <span class='ocrx_word' id='word_1_296' title='bbox 1213 2224 1239 2275; x_wconf 88' lang='lat'><strong>6</strong></span> <span class='ocrx_word' id='word_1_297' title='bbox 1260 2220 1413 2292; x_wconf 77' lang='grc' dir='ltr'>ἥλιος</span> <span class='ocrx_word' id='word_1_298' title='bbox 1456 2216 1789 2288; x_wconf 79' lang='grc' dir='ltr'><strong>ὲστιλὸώοη,</strong></span> <span class='ocrx_word' id='word_1_299' title='bbox 1818 2214 1889 2269; x_wconf 83' lang='grc' dir='ltr'><strong>δι’</strong></span> 
     </span>
    </p>
   </div>
   <div class='ocr_carea' id='block_1_40' title="bbox 297 2307 1892 2384">
    <p class='ocr_par' dir='ltr' id='par_1_40' title="bbox 297 2307 1892 2384">
     <span class='ocr_line' id='line_1_40' title="bbox 297 2307 1892 2384; baseline -0.003 -18"><span class='ocrx_word' id='word_1_300' title='bbox 297 2307 367 2367; x_wconf 75' lang='grc' dir='ltr'><strong>οὗ</strong></span> <span class='ocrx_word' id='word_1_301' title='bbox 403 2312 653 2383; x_wconf 77' lang='grc' dir='ltr'><strong>ἔλαμψαν</strong></span> <span class='ocrx_word' id='word_1_302' title='bbox 683 2311 752 2366; x_wconf 82' lang='grc' dir='ltr'><strong>τὰ</strong></span> <span class='ocrx_word' id='word_1_303' title='bbox 783 2313 978 2384; x_wconf 76' lang='grc' dir='ltr'><strong>ἄστρα,</strong></span> <span class='ocrx_word' id='word_1_304' title='bbox 1000 2312 1068 2366; x_wconf 83' lang='grc' dir='ltr'><strong>δι’</strong></span> <span class='ocrx_word' id='word_1_305' title='bbox 1096 2307 1159 2367; x_wconf 72' lang='grc' dir='ltr'>οὗ</span> <span class='ocrx_word' id='word_1_306' title='bbox 1197 2311 1256 2379; x_wconf 79' lang='grc' dir='ltr'><strong>ἐξ</strong></span> <span class='ocrx_word' id='word_1_307' title='bbox 1276 2313 1377 2366; x_wconf 81' lang='grc' dir='ltr'><strong>οὐκ</strong></span> <span class='ocrx_word' id='word_1_308' title='bbox 1414 2311 1585 2365; x_wconf 72' lang='grc' dir='ltr'>ὄντων</span> <span class='ocrx_word' id='word_1_309' title='bbox 1621 2309 1691 2363; x_wconf 86' lang='grc' dir='ltr'><strong>τὰ</strong></span> <span class='ocrx_word' id='word_1_310' title='bbox 1714 2309 1892 2363; x_wconf 85' lang='grc' dir='ltr'>πάντα</span> 
     </span>
    </p>
   </div>
   <div class='ocr_carea' id='block_1_41' title="bbox 300 2396 1893 2479">
    <p class='ocr_par' dir='ltr' id='par_1_41' title="bbox 300 2396 1893 2479">
     <span class='ocr_line' id='line_1_41' title="bbox 300 2396 1893 2479; baseline 0 -24"><span class='ocrx_word' id='word_1_311' title='bbox 300 2401 618 2475; x_wconf 78' lang='grc' dir='ltr'><strong>γεγένηται.</strong></span> <span class='ocrx_word' id='word_1_312' title='bbox 647 2397 794 2474; x_wconf 75' lang='grc' dir='ltr'><strong>τΑρα</strong></span> <span class='ocrx_word' id='word_1_313' title='bbox 837 2402 935 2474; x_wconf 79' lang='grc' dir='ltr'>τὴν</span> <span class='ocrx_word' id='word_1_314' title='bbox 974 2403 1261 2457; x_wconf 81' lang='grc' dir='ltr'>ἀσθένειαν</span> <span class='ocrx_word' id='word_1_315' title='bbox 1306 2402 1468 2457; x_wconf 83' lang='grc' dir='ltr'>ποίαν</span> <span class='ocrx_word' id='word_1_316' title='bbox 1510 2401 1699 2470; x_wconf 56' lang='lat' dir='ltr'><strong>levet;</strong></span> <span class='ocrx_word' id='word_1_317' title='bbox 1744 2396 1893 2479; x_wconf 66' lang='grc' dir='ltr'><strong>Ἄρα</strong></span> 
     </span>
    </p>
   </div>
   <div class='ocr_carea' id='block_1_42' title="bbox 298 2492 1888 2568">
    <p class='ocr_par' dir='ltr' id='par_1_42' title="bbox 298 2492 1888 2568">
     <span class='ocr_line' id='line_1_42' title="bbox 298 2492 1888 2568; baseline -0.001 -19"><span class='ocrx_word' id='word_1_318' title='bbox 298 2498 372 2567; x_wconf 73' lang='grc' dir='ltr'>ἦν</span> <span class='ocrx_word' id='word_1_319' title='bbox 417 2492 703 2562; x_wconf 79' lang='grc' dir='ltr'><strong>ἀνεδέξατο</strong></span> <span class='ocrx_word' id='word_1_320' title='bbox 736 2494 909 2551; x_wconf 67' lang='grc' dir='ltr'>ἐλθὼν</span> <span class='ocrx_word' id='word_1_321' title='bbox 950 2498 980 2550; x_wconf 88' lang='lat'><strong>6</strong></span> <span class='ocrx_word' id='word_1_322' title='bbox 1014 2496 1187 2566; x_wconf 81' lang='grc' dir='ltr'><strong>Λόγος</strong></span> <span class='ocrx_word' id='word_1_323' title='bbox 1219 2497 1278 2560; x_wconf 74' lang='grc' dir='ltr'>ἐν</span> <span class='ocrx_word' id='word_1_324' title='bbox 1306 2495 1653 2568; x_wconf 73' lang='grc' dir='ltr'><strong>τῇ’ήμετέρᾳ</strong></span> <span class='ocrx_word' id='word_1_325' title='bbox 1700 2494 1888 2567; x_wconf 76' lang='grc' dir='ltr'><strong>σαρκὶ,</strong></span> 
     </span>
    </p>
   </div>
   <div class='ocr_carea' id='block_1_43' title="bbox 296 2586 1893 2669">
    <p class='ocr_par' dir='ltr' id='par_1_43' title="bbox 296 2586 1893 2669">
     <span class='ocr_line' id='line_1_43' title="bbox 296 2586 1893 2669; baseline -0.001 -26"><span class='ocrx_word' id='word_1_326' title='bbox 296 2589 668 2660; x_wconf 79' lang='grc' dir='ltr'><strong>ἐνδυσάμενος</strong></span> <span class='ocrx_word' id='word_1_327' title='bbox 701 2589 940 2660; x_wconf 82' lang='grc' dir='ltr'><strong>ταύτην,</strong></span> <span class='ocrx_word' id='word_1_328' title='bbox 994 2588 1082 2647; x_wconf 79' lang='grc' dir='ltr'><strong>ἵνα</strong></span> <span class='ocrx_word' id='word_1_329' title='bbox 1108 2589 1209 2661; x_wconf 77' lang='grc' dir='ltr'><strong>τὴν</strong></span> <span class='ocrx_word' id='word_1_330' title='bbox 1264 2590 1422 2666; x_wconf 79' lang='grc' dir='ltr'>ἡμῶν</span> <span class='ocrx_word' id='word_1_331' title='bbox 1476 2587 1763 2645; x_wconf 80' lang='grc' dir='ltr'>ἀσθένειαν</span> <span class='ocrx_word' id='word_1_332' title='bbox 1793 2586 1893 2669; x_wconf 72' lang='grc' dir='ltr'><strong>βαε-</strong></span> 
     </span>
    </p>
   </div>
   <div class='ocr_carea' id='block_1_44' title="bbox 300 2681 1888 2755">
    <p class='ocr_par' dir='ltr' id='par_1_44' title="bbox 300 2681 1888 2755">
     <span class='ocr_line' id='line_1_44' title="bbox 300 2681 1888 2755; baseline -0.001 -18"><span class='ocrx_word' id='word_1_333' title='bbox 300 2683 514 2755; x_wconf 72' lang='grc' dir='ltr'>στάσῃς</span> <span class='ocrx_word' id='word_1_334' title='bbox 549 2683 624 2746; x_wconf 82' lang='grc' dir='ltr'><strong>ὼς</strong></span> <span class='ocrx_word' id='word_1_335' title='bbox 650 2682 744 2737; x_wconf 72' lang='grc' dir='ltr'><strong>καὶ</strong></span> <span class='ocrx_word' id='word_1_336' title='bbox 776 2682 890 2755; x_wconf 80' lang='grc' dir='ltr'>ᾄδει</span> <span class='ocrx_word' id='word_1_337' title='bbox 923 2683 1053 2755; x_wconf 77' lang='grc' dir='ltr'>περὶ</span> <span class='ocrx_word' id='word_1_338' title='bbox 1094 2681 1260 2737; x_wconf 77' lang='grc' dir='ltr'>αὐτοῦ</span> <span class='ocrx_word' id='word_1_339' title='bbox 1298 2684 1327 2736; x_wconf 94' lang='lat'><strong>6</strong></span> <span class='ocrx_word' id='word_1_340' title='bbox 1367 2684 1653 2755; x_wconf 80' lang='grc' dir='ltr'><strong>προφήτης</strong></span> <span class='ocrx_word' id='word_1_341' title='bbox 1677 2682 1854 2751; x_wconf 83' lang='grc' dir='ltr'>λέγων</span> <span class='ocrx_word' id='word_1_342' title='bbox 1874 2698 1888 2713; x_wconf 87' lang='grc'><strong>·</strong></span> 
     </span>
    </p>
   </div>
   <div class='ocr_carea' id='block_1_45' title="bbox 304 2774 1884 2845">
    <p class='ocr_par' dir='ltr' id='par_1_45' title="bbox 304 2774 1884 2845">
     <span class='ocr_line' id='line_1_45' title="bbox 304 2774 1884 2845; baseline 0 -16"><span class='ocrx_word' id='word_1_343' title='bbox 304 2778 419 2841; x_wconf 74' lang='grc' dir='ltr'><strong>Τὰς</strong></span> <span class='ocrx_word' id='word_1_344' title='bbox 461 2775 781 2841; x_wconf 78' lang='grc' dir='ltr'><strong>ἀσθενείας</strong></span> <span class='ocrx_word' id='word_1_345' title='bbox 810 2775 981 2845; x_wconf 76' lang='grc' dir='ltr'>ἡμῶν</span> <span class='ocrx_word' id='word_1_346' title='bbox 1011 2776 1212 2841; x_wconf 74' lang='grc' dir='ltr'><strong>ἔλαϐε,</strong></span> <span class='ocrx_word' id='word_1_347' title='bbox 1240 2775 1470 2842; x_wconf 77' lang='grc' dir='ltr'><strong>καὶτὰς</strong></span> <span class='ocrx_word' id='word_1_348' title='bbox 1504 2776 1733 2842; x_wconf 80' lang='grc' dir='ltr'><strong>νόσους</strong></span> <span class='ocrx_word' id='word_1_349' title='bbox 1753 2774 1884 2829; x_wconf 80' lang='grc' dir='ltr'><strong>ἐσά-</strong></span> 
     </span>
    </p>
   </div>
   <div class='ocr_carea' id='block_1_46' title="bbox 298 2861 1891 2938">
    <p class='ocr_par' dir='ltr' id='par_1_46' title="bbox 298 2861 1891 2938">
     <span class='ocr_line' id='line_1_46' title="bbox 298 2861 1891 2938; baseline 0 -19"><span class='ocrx_word' id='word_1_350' title='bbox 298 2879 557 2919; x_wconf 82' lang='grc' dir='ltr'>στασεν.</span> <span class='ocrx_word' id='word_1_351' title='bbox 585 2864 880 2920; x_wconf 79' lang='grc' dir='ltr'>Ἀπέθανεν</span> <span class='ocrx_word' id='word_1_352' title='bbox 898 2861 993 2919; x_wconf 80' lang='grc' dir='ltr'>οὖν</span> <span class='ocrx_word' id='word_1_353' title='bbox 1019 2864 1109 2919; x_wconf 85' lang='grc' dir='ltr'><strong>διὰ</strong></span> <span class='ocrx_word' id='word_1_354' title='bbox 1121 2865 1219 2938; x_wconf 82' lang='grc' dir='ltr'>τὴν</span> <span class='ocrx_word' id='word_1_355' title='bbox 1244 2865 1399 2937; x_wconf 82' lang='grc' dir='ltr'>ἡμῶν</span> <span class='ocrx_word' id='word_1_356' title='bbox 1419 2864 1704 2936; x_wconf 79' lang='grc' dir='ltr'>ἀσθένειαν</span> <span class='ocrx_word' id='word_1_357' title='bbox 1727 2866 1755 2920; x_wconf 92' lang='lat'><strong>6</strong></span> <span class='ocrx_word' id='word_1_358' title='bbox 1776 2864 1891 2938; x_wconf 81' lang='grc' dir='ltr'><strong>ζωὴ</strong></span> 
     </span>
    </p>
   </div>
   <div class='ocr_carea' id='block_1_47' title="bbox 299 2955 1894 3029">
    <p class='ocr_par' dir='ltr' id='par_1_47' title="bbox 299 2955 1894 3029">
     <span class='ocr_line' id='line_1_47' title="bbox 299 2955 1894 3029; baseline 0.004 -22"><span class='ocrx_word' id='word_1_359' title='bbox 299 2956 382 3008; x_wconf 82' lang='grc' dir='ltr'>ῶν</span> <span class='ocrx_word' id='word_1_360' title='bbox 428 2956 526 3009; x_wconf 77' lang='grc' dir='ltr'><strong>καὶ</strong></span> <span class='ocrx_word' id='word_1_361' title='bbox 580 2955 797 3028; x_wconf 82' lang='grc' dir='ltr'><strong>ἀπαθὴς</strong></span> <span class='ocrx_word' id='word_1_362' title='bbox 824 2957 958 3021; x_wconf 77' lang='grc' dir='ltr'>θεὸς</span> <span class='ocrx_word' id='word_1_363' title='bbox 999 2958 1057 3011; x_wconf 82' lang='grc' dir='ltr'>ὲν</span> <span class='ocrx_word' id='word_1_364' title='bbox 1094 2960 1162 3029; x_wconf 78' lang='grc' dir='ltr'><strong>τῇ</strong></span> <span class='ocrx_word' id='word_1_365' title='bbox 1221 2956 1281 3022; x_wconf 77' lang='grc' dir='ltr'><strong>ἐξ</strong></span> <span class='ocrx_word' id='word_1_366' title='bbox 1324 2956 1482 3029; x_wconf 76' lang='grc' dir='ltr'>ἡμῶν</span> <span class='ocrx_word' id='word_1_367' title='bbox 1526 2956 1894 3028; x_wconf 71' lang='grc' dir='ltr'>ἀσθενεστέρα</span> 
     </span>
    </p>
   </div>
   <div class='ocr_carea' id='block_1_48' title="bbox 301 3048 1889 3123">
    <p class='ocr_par' dir='ltr' id='par_1_48' title="bbox 301 3048 1889 3123">
     <span class='ocr_line' id='line_1_48' title="bbox 301 3048 1889 3123; baseline 0.001 -21"><span class='ocrx_word' id='word_1_368' title='bbox 301 3050 476 3121; x_wconf 81' lang='grc' dir='ltr'>σαρκί</span> <span class='ocrx_word' id='word_1_369' title='bbox 499 3070 507 3076; x_wconf 70' lang='grc'><em>’</em></span> <span class='ocrx_word' id='word_1_370' title='bbox 529 3049 598 3118; x_wconf 78' lang='grc' dir='ltr'><strong>ζῇ</strong></span> <span class='ocrx_word' id='word_1_371' title='bbox 619 3048 761 3104; x_wconf 70' lang='grc' dir='ltr'><strong>δὲέκ</strong></span> <span class='ocrx_word' id='word_1_372' title='bbox 776 3049 1108 3120; x_wconf 78' lang='grc' dir='ltr'>δυνάμεως.</span> <span class='ocrx_word' id='word_1_373' title='bbox 1131 3049 1262 3115; x_wconf 80' lang='grc' dir='ltr'><strong>Ζῶν</strong></span> <span class='ocrx_word' id='word_1_374' title='bbox 1298 3048 1411 3123; x_wconf 84' lang='grc' dir='ltr'><strong>γάρ</strong></span> <span class='ocrx_word' id='word_1_375' title='bbox 1434 3050 1656 3107; x_wconf 77' lang='grc' dir='ltr'><strong>ἐστινό</strong></span> <span class='ocrx_word' id='word_1_376' title='bbox 1686 3049 1889 3118; x_wconf 74' lang='grc' dir='ltr'><strong>λόγος,</strong></span> 
     </span>
    </p>
   </div>
   <div class='ocr_carea' id='block_1_49' title="bbox 301 3129 1891 3211">
    <p class='ocr_par' dir='ltr' id='par_1_49' title="bbox 301 3129 1891 3211">
     <span class='ocr_line' id='line_1_49' title="bbox 301 3129 1891 3211; baseline -0.002 -15"><span class='ocrx_word' id='word_1_377' title='bbox 301 3141 406 3196; x_wconf 77' lang='grc' dir='ltr'>καί</span> <span class='ocrx_word' id='word_1_378' title='bbox 443 3140 715 3211; x_wconf 78' lang='grc' dir='ltr'><strong>ἐνεργὴς,</strong></span> <span class='ocrx_word' id='word_1_379' title='bbox 761 3140 861 3195; x_wconf 79' lang='grc' dir='ltr'><strong>καὶ</strong></span> <span class='ocrx_word' id='word_1_380' title='bbox 897 3129 1223 3211; x_wconf 73' lang='grc' dir='ltr'>τομώτερος</span> <span class='ocrx_word' id='word_1_381' title='bbox 1249 3140 1406 3211; x_wconf 78' lang='grc' dir='ltr'><strong>ὑπὲρ</strong></span> <span class='ocrx_word' id='word_1_382' title='bbox 1432 3140 1642 3197; x_wconf 79' lang='grc' dir='ltr'>πᾶσαν</span> <span class='ocrx_word' id='word_1_383' title='bbox 1671 3138 1891 3211; x_wconf 68' lang='grc' dir='ltr'>μάχαιδ</span> 
     </span>
    </p>
   </div>
   <div class='ocr_carea' id='block_1_50' title="bbox 1989 1926 3585 2000">
    <p class='ocr_par' dir='ltr' id='par_1_50' title="bbox 1989 1926 3585 2000">
     <span class='ocr_line' id='line_1_50' title="bbox 1989 1926 3585 2000; baseline 0.004 -20"><span class='ocrx_word' id='word_1_384' title='bbox 1989 1926 2238 1995; x_wconf 76' lang='lat' dir='ltr'><strong>ciuitate,</strong></span> <span class='ocrx_word' id='word_1_385' title='bbox 2280 1928 2404 1982; x_wconf 79' lang='lat' dir='ltr'><strong>vivit</strong></span> <span class='ocrx_word' id='word_1_386' title='bbox 2438 1942 2505 1983; x_wconf 73' lang='lat' dir='ltr'><strong>ea:</strong></span> <span class='ocrx_word' id='word_1_387' title='bbox 2550 1929 2811 1985; x_wconf 79' lang='lat' dir='ltr'><strong>virtute‘.</strong></span> <span class='ocrx_word' id='word_1_388' title='bbox 2854 1927 2969 1999; x_wconf 73' lang='lat' dir='ltr'><strong>Ego</strong></span> <span class='ocrx_word' id='word_1_389' title='bbox 3017 1943 3149 1984; x_wconf 88' lang='lat' dir='ltr'><strong>vero</strong></span> <span class='ocrx_word' id='word_1_390' title='bbox 3187 1929 3450 2000; x_wconf 85' lang='lat' dir='ltr'><strong>quidnam</strong></span> <span class='ocrx_word' id='word_1_391' title='bbox 3491 1929 3585 1987; x_wconf 83' lang='lat' dir='ltr'><strong>isti</strong></span> 
     </span>
    </p>
   </div>
   <div class='ocr_carea' id='block_1_51' title="bbox 1990 2018 3585 2081">
    <p class='ocr_par' dir='ltr' id='par_1_51' title="bbox 1990 2018 3585 2081">
     <span class='ocr_line' id='line_1_51' title="bbox 1990 2018 3585 2081; baseline 0.004 -11"><span class='ocrx_word' id='word_1_392' title='bbox 1990 2018 2240 2081; x_wconf 81' lang='lat' dir='ltr'><strong>homines</strong></span> <span class='ocrx_word' id='word_1_393' title='bbox 2270 2027 2380 2075; x_wconf 80' lang='lat' dir='ltr'><strong>tam</strong></span> <span class='ocrx_word' id='word_1_394' title='bbox 2414 2028 2671 2075; x_wconf 87' lang='lat' dir='ltr'><strong>accurata</strong></span> <span class='ocrx_word' id='word_1_395' title='bbox 2703 2032 2987 2075; x_wconf 88' lang='lat' dir='ltr'><strong>sacrarum</strong></span> <span class='ocrx_word' id='word_1_396' title='bbox 3019 2018 3351 2076; x_wconf 84' lang='lat' dir='ltr'><strong>Litterarum</strong></span> <span class='ocrx_word' id='word_1_397' title='bbox 3398 2023 3585 2079; x_wconf 63' lang='lat' dir='ltr'><strong>scienv</strong></span> 
     </span>
    </p>
   </div>
   <div class='ocr_carea' id='block_1_52' title="bbox 1993 2109 3579 2185">
    <p class='ocr_par' dir='ltr' id='par_1_52' title="bbox 1993 2109 3579 2185">
     <span class='ocr_line' id='line_1_52' title="bbox 1993 2109 3579 2185; baseline 0.007 -22"><span class='ocrx_word' id='word_1_398' title='bbox 1993 2110 2067 2170; x_wconf 78' lang='lat' dir='ltr'><strong>tia</strong></span> <span class='ocrx_word' id='word_1_399' title='bbox 2097 2109 2309 2180; x_wconf 66' lang='lat' dir='ltr'><strong>praediti</strong></span> <span class='ocrx_word' id='word_1_400' title='bbox 2346 2111 2402 2167; x_wconf 92' lang='lat' dir='ltr'><strong>in</strong></span> <span class='ocrx_word' id='word_1_401' title='bbox 2429 2111 2615 2167; x_wconf 91' lang='lat' dir='ltr'><strong>animo</strong></span> <span class='ocrx_word' id='word_1_402' title='bbox 2644 2111 2905 2176; x_wconf 86' lang='lat' dir='ltr'><strong>habeant,</strong></span> <span class='ocrx_word' id='word_1_403' title='bbox 2937 2112 3173 2169; x_wconf 87' lang='lat' dir='ltr'><strong>libenter</strong></span> <span class='ocrx_word' id='word_1_404' title='bbox 3204 2111 3579 2185; x_wconf 61' lang='lat' dir='ltr'><strong>interrogent:</strong></span> 
     </span>
    </p>
   </div>
   <div class='ocr_carea' id='block_1_53' title="bbox 1990 2200 3586 2277">
    <p class='ocr_par' dir='ltr' id='par_1_53' title="bbox 1990 2200 3586 2277">
     <span class='ocr_line' id='line_1_53' title="bbox 1990 2200 3586 2277; baseline 0.002 -20"><span class='ocrx_word' id='word_1_405' title='bbox 1990 2200 2136 2268; x_wconf 86' lang='lat' dir='ltr'><strong>Quid</strong></span> <span class='ocrx_word' id='word_1_406' title='bbox 2175 2204 2231 2258; x_wconf 89' lang='lat' dir='ltr'><strong>in</strong></span> <span class='ocrx_word' id='word_1_407' title='bbox 2271 2204 2437 2258; x_wconf 92' lang='lat' dir='ltr'><strong>unico</strong></span> <span class='ocrx_word' id='word_1_408' title='bbox 2477 2202 2573 2259; x_wconf 87' lang='lat' dir='ltr'><strong>Dei</strong></span> <span class='ocrx_word' id='word_1_409' title='bbox 2619 2202 2758 2258; x_wconf 76' lang='lat' dir='ltr'><strong>Filio</strong></span> <span class='ocrx_word' id='word_1_410' title='bbox 2801 2204 3194 2261; x_wconf 84' lang='lat' dir='ltr'><strong>imbecillitatis</strong></span> <span class='ocrx_word' id='word_1_411' title='bbox 3246 2205 3430 2273; x_wconf 82' lang='lat' dir='ltr'><strong>fuerit,</strong></span> <span class='ocrx_word' id='word_1_412' title='bbox 3488 2221 3586 2277; x_wconf 76' lang='lat' dir='ltr'><strong>per</strong></span> 
     </span>
    </p>
   </div>
   <div class='ocr_carea' id='block_1_54' title="bbox 1992 2286 3587 2381">
    <p class='ocr_par' dir='ltr' id='par_1_54' title="bbox 1992 2286 3587 2381">
     <span class='ocr_line' id='line_1_54' title="bbox 1992 2286 3587 2381; baseline 0.004 -31"><span class='ocrx_word' id='word_1_413' title='bbox 1992 2311 2155 2366; x_wconf 86' lang='lat' dir='ltr'><strong>quem</strong></span> <span class='ocrx_word' id='word_1_414' title='bbox 2200 2297 2403 2352; x_wconf 66' lang='lat' dir='ltr'><strong>caelum</strong></span> <span class='ocrx_word' id='word_1_415' title='bbox 2465 2310 2769 2366; x_wconf 75' lang='lat' dir='ltr'><strong>expansum</strong></span> <span class='ocrx_word' id='word_1_416' title='bbox 2815 2307 2900 2352; x_wconf 90' lang='lat' dir='ltr'><strong>est</strong></span> <span class='ocrx_word' id='word_1_417' title='bbox 2949 2305 3003 2363; x_wconf 85' lang='lat' dir='ltr'><strong>et</strong></span> <span class='ocrx_word' id='word_1_418' title='bbox 3060 2286 3389 2366; x_wconf 80' lang='lat' dir='ltr'><strong>productum</strong></span> <span class='ocrx_word' id='word_1_419' title='bbox 3417 2339 3433 2365; x_wconf 90' lang='lat'><strong>,</strong></span> <span class='ocrx_word' id='word_1_420' title='bbox 3486 2315 3587 2381; x_wconf 77' lang='lat' dir='ltr'><strong>per</strong></span> 
     </span>
    </p>
   </div>
   <div class='ocr_carea' id='block_1_55' title="bbox 1966 2388 3584 2477">
    <p class='ocr_par' dir='ltr' id='par_1_55' title="bbox 1966 2388 3584 2477">
     <span class='ocr_line' id='line_1_55' title="bbox 1966 2388 3584 2477; baseline 0.003 -33"><span class='ocrx_word' id='word_1_421' title='bbox 1966 2404 2156 2477; x_wconf 31' lang='lat' dir='ltr'><strong>.quem</strong></span> <span class='ocrx_word' id='word_1_422' title='bbox 2189 2390 2271 2447; x_wconf 92' lang='lat' dir='ltr'><strong>sol</strong></span> <span class='ocrx_word' id='word_1_423' title='bbox 2298 2390 2589 2464; x_wconf 74' lang='lat' dir='ltr'><strong>splendore</strong></span> <span class='ocrx_word' id='word_1_424' title='bbox 2618 2388 2875 2471; x_wconf 80' lang='lat' dir='ltr'><strong>perfusus</strong></span> <span class='ocrx_word' id='word_1_425' title='bbox 2904 2402 3008 2456; x_wconf 86' lang='lat' dir='ltr'><strong>est,</strong></span> <span class='ocrx_word' id='word_1_426' title='bbox 3040 2406 3138 2467; x_wconf 87' lang='lat' dir='ltr'><strong>per</strong></span> <span class='ocrx_word' id='word_1_427' title='bbox 3163 2407 3325 2471; x_wconf 79' lang='lat' dir='ltr'><strong>quem</strong></span> <span class='ocrx_word' id='word_1_428' title='bbox 3352 2393 3584 2451; x_wconf 82' lang='lat' dir='ltr'><strong>illuxere</strong></span> 
     </span>
    </p>
   </div>
   <div class='ocr_carea' id='block_1_56' title="bbox 1994 2480 3585 2561">
    <p class='ocr_par' dir='ltr' id='par_1_56' title="bbox 1994 2480 3585 2561">
     <span class='ocr_line' id='line_1_56' title="bbox 1994 2480 3585 2561; baseline -0.001 -22"><span class='ocrx_word' id='word_1_429' title='bbox 1994 2482 2198 2548; x_wconf 82' lang='lat' dir='ltr'><strong>sidera,</strong></span> <span class='ocrx_word' id='word_1_430' title='bbox 2250 2497 2348 2555; x_wconf 90' lang='lat' dir='ltr'><strong>per</strong></span> <span class='ocrx_word' id='word_1_431' title='bbox 2391 2497 2555 2554; x_wconf 87' lang='lat' dir='ltr'><strong>quem</strong></span> <span class='ocrx_word' id='word_1_432' title='bbox 2608 2496 2639 2537; x_wconf 90' lang='lat' dir='ltr'><strong>e</strong></span> <span class='ocrx_word' id='word_1_433' title='bbox 2677 2480 2851 2543; x_wconf 85' lang='lat' dir='ltr'><strong>nihilo</strong></span> <span class='ocrx_word' id='word_1_434' title='bbox 2887 2492 3013 2538; x_wconf 87' lang='lat' dir='ltr'><strong>sunt</strong></span> <span class='ocrx_word' id='word_1_435' title='bbox 3055 2483 3243 2539; x_wconf 89' lang='lat' dir='ltr'><strong>omnia</strong></span> <span class='ocrx_word' id='word_1_436' title='bbox 3292 2483 3585 2561; x_wconf 79' lang='lat' dir='ltr'><strong>producta.</strong></span> 
     </span>
    </p>
   </div>
   <div class='ocr_carea' id='block_1_57' title="bbox 1993 2572 3590 2647">
    <p class='ocr_par' dir='ltr' id='par_1_57' title="bbox 1993 2572 3590 2647">
     <span class='ocr_line' id='line_1_57' title="bbox 1993 2572 3590 2647; baseline 0.001 -18"><span class='ocrx_word' id='word_1_437' title='bbox 1993 2574 2169 2642; x_wconf 90' lang='lat' dir='ltr'><strong>Quam</strong></span> <span class='ocrx_word' id='word_1_438' title='bbox 2235 2575 2401 2647; x_wconf 79' lang='lat' dir='ltr'><strong>igitur</strong></span> <span class='ocrx_word' id='word_1_439' title='bbox 2456 2574 2888 2630; x_wconf 86' lang='lat' dir='ltr'><strong>imbecillitatem</strong></span> <span class='ocrx_word' id='word_1_440' title='bbox 2940 2573 2992 2635; x_wconf 80' lang='lat' dir='ltr'><strong>ei</strong></span> <span class='ocrx_word' id='word_1_441' title='bbox 3049 2573 3340 2631; x_wconf 87' lang='lat' dir='ltr'><strong>tribuunt?</strong></span> <span class='ocrx_word' id='word_1_442' title='bbox 3383 2572 3590 2636; x_wconf 81' lang='lat' dir='ltr'><strong>Eamne</strong></span> 
     </span>
    </p>
   </div>
   <div class='ocr_carea' id='block_1_58' title="bbox 1992 2667 3589 2741">
    <p class='ocr_par' dir='ltr' id='par_1_58' title="bbox 1992 2667 3589 2741">
     <span class='ocr_line' id='line_1_58' title="bbox 1992 2667 3589 2741; baseline 0.001 -19"><span class='ocrx_word' id='word_1_443' title='bbox 1992 2684 2157 2740; x_wconf 85' lang='lat' dir='ltr'><strong>quam</strong></span> <span class='ocrx_word' id='word_1_444' title='bbox 2186 2668 2355 2741; x_wconf 66' lang='grc'><strong>’184</strong></span> <span class='ocrx_word' id='word_1_445' title='bbox 2382 2670 2438 2723; x_wconf 93' lang='lat' dir='ltr'><strong>in</strong></span> <span class='ocrx_word' id='word_1_446' title='bbox 2479 2677 2667 2729; x_wconf 86' lang='lat' dir='ltr'><strong>nostra</strong></span> <span class='ocrx_word' id='word_1_447' title='bbox 2711 2681 2900 2732; x_wconf 87' lang='lat' dir='ltr'><strong>carne,</strong></span> <span class='ocrx_word' id='word_1_448' title='bbox 2938 2667 3030 2723; x_wconf 88' lang='lat' dir='ltr'><strong>ubi</strong></span> <span class='ocrx_word' id='word_1_449' title='bbox 3066 2668 3214 2725; x_wconf 73' lang='lat' dir='ltr'><strong>illum</strong></span> <span class='ocrx_word' id='word_1_450' title='bbox 3246 2667 3446 2732; x_wconf 89' lang='lat' dir='ltr'><strong>induit,</strong></span> <span class='ocrx_word' id='word_1_451' title='bbox 3492 2668 3589 2731; x_wconf 85' lang='lat' dir='ltr'><strong>Dei</strong></span> 
     </span>
    </p>
   </div>
   <div class='ocr_carea' id='block_1_59' title="bbox 1995 2756 3589 2829">
    <p class='ocr_par' dir='ltr' id='par_1_59' title="bbox 1995 2756 3589 2829">
     <span class='ocr_line' id='line_1_59' title="bbox 1995 2756 3589 2829; baseline -0.001 -12"><span class='ocrx_word' id='word_1_452' title='bbox 1995 2760 2236 2829; x_wconf 68' lang='lat' dir='ltr'><strong>Verbum</strong></span> <span class='ocrx_word' id='word_1_453' title='bbox 2283 2756 2337 2816; x_wconf 83' lang='lat' dir='ltr'><strong>iri</strong></span> <span class='ocrx_word' id='word_1_454' title='bbox 2389 2776 2513 2817; x_wconf 88' lang='lat' dir='ltr'><strong>sese</strong></span> <span class='ocrx_word' id='word_1_455' title='bbox 2557 2759 2866 2824; x_wconf 88' lang='lat' dir='ltr'><strong>transtulit,</strong></span> <span class='ocrx_word' id='word_1_456' title='bbox 2904 2774 3016 2829; x_wconf 89' lang='lat' dir='ltr'><strong>quo</strong></span> <span class='ocrx_word' id='word_1_457' title='bbox 3062 2758 3435 2813; x_wconf 79' lang='lat' dir='ltr'><strong>inﬁrmitatem</strong></span> <span class='ocrx_word' id='word_1_458' title='bbox 3488 2774 3589 2821; x_wconf 80' lang='lat' dir='ltr'><strong>no—</strong></span> 
     </span>
    </p>
   </div>
   <div class='ocr_carea' id='block_1_60' title="bbox 1995 2850 3592 2929">
    <p class='ocr_par' dir='ltr' id='par_1_60' title="bbox 1995 2850 3592 2929">
     <span class='ocr_line' id='line_1_60' title="bbox 1995 2850 3592 2929; baseline -0.003 -17"><span class='ocrx_word' id='word_1_459' title='bbox 1995 2864 2164 2912; x_wconf 84' lang='lat' dir='ltr'><strong>stram</strong></span> <span class='ocrx_word' id='word_1_460' title='bbox 2217 2855 2337 2929; x_wconf 86' lang='lat' dir='ltr'><strong>ipse</strong></span> <span class='ocrx_word' id='word_1_461' title='bbox 2375 2852 2667 2925; x_wconf 86' lang='lat' dir='ltr'><strong>portaret?</strong></span> <span class='ocrx_word' id='word_1_462' title='bbox 2697 2850 3169 2919; x_wconf 84' lang='lat' dir='ltr'><strong>Quemadmodum</strong></span> <span class='ocrx_word' id='word_1_463' title='bbox 3218 2850 3286 2906; x_wconf 88' lang='lat' dir='ltr'><strong>de</strong></span> <span class='ocrx_word' id='word_1_464' title='bbox 3328 2851 3424 2915; x_wconf 86' lang='lat' dir='ltr'><strong>illo</strong></span> <span class='ocrx_word' id='word_1_465' title='bbox 3464 2866 3592 2925; x_wconf 74' lang='lat' dir='ltr'><strong>prn—</strong></span> 
     </span>
    </p>
   </div>
   <div class='ocr_carea' id='block_1_61' title="bbox 1995 2944 3592 3021">
    <p class='ocr_par' dir='ltr' id='par_1_61' title="bbox 1995 2944 3592 3021">
     <span class='ocr_line' id='line_1_61' title="bbox 1995 2944 3592 3021; baseline -0.006 -20"><span class='ocrx_word' id='word_1_466' title='bbox 1995 2948 2160 3021; x_wconf 89' lang='lat' dir='ltr'><strong>pbeta</strong></span> <span class='ocrx_word' id='word_1_467' title='bbox 2189 2946 2425 3004; x_wconf 82' lang='lat' dir='ltr'><strong>cecinit:</strong></span> <span class='ocrx_word' id='word_1_468' title='bbox 2451 2944 2807 3014; x_wconf 80' lang='lat' dir='ltr'><strong>Inﬁrmitates</strong></span> <span class='ocrx_word' id='word_1_469' title='bbox 2838 2954 3052 3010; x_wconf 84' lang='lat' dir='ltr'><strong>nostras</strong></span> <span class='ocrx_word' id='word_1_470' title='bbox 3079 2944 3329 3011; x_wconf 84' lang='lat' dir='ltr'><strong>suscepit,</strong></span> <span class='ocrx_word' id='word_1_471' title='bbox 3369 2952 3419 3001; x_wconf 73' lang='lat' dir='ltr'><strong>et</strong></span> <span class='ocrx_word' id='word_1_472' title='bbox 3448 2959 3592 3006; x_wconf 69' lang='lat' dir='ltr'><strong>mor.</strong></span> 
     </span>
    </p>
   </div>
   <div class='ocr_carea' id='block_1_62' title="bbox 1997 3033 3590 3110">
    <p class='ocr_par' dir='ltr' id='par_1_62' title="bbox 1997 3033 3590 3110">
     <span class='ocr_line' id='line_1_62' title="bbox 1997 3033 3590 3110; baseline 0 -17"><span class='ocrx_word' id='word_1_473' title='bbox 1997 3040 2089 3094; x_wconf 90' lang='lat' dir='ltr'><strong>bos</strong></span> <span class='ocrx_word' id='word_1_474' title='bbox 2132 3038 2255 3093; x_wconf 80' lang='lat' dir='ltr'><strong>tulit</strong></span> <span class='ocrx_word' id='word_1_475' title='bbox 2279 3039 2322 3093; x_wconf 81' lang='grc'><strong>⁷.</strong></span> <span class='ocrx_word' id='word_1_476' title='bbox 2370 3037 2543 3110; x_wconf 74' lang='lat' dir='ltr'><strong>Igitur</strong></span> <span class='ocrx_word' id='word_1_477' title='bbox 2570 3045 2826 3093; x_wconf 89' lang='lat' dir='ltr'><strong>mortuus</strong></span> <span class='ocrx_word' id='word_1_478' title='bbox 2854 3043 2938 3092; x_wconf 89' lang='lat' dir='ltr'><strong>est</strong></span> <span class='ocrx_word' id='word_1_479' title='bbox 2962 3043 3187 3107; x_wconf 86' lang='lat' dir='ltr'><strong>propter</strong></span> <span class='ocrx_word' id='word_1_480' title='bbox 3216 3033 3590 3098; x_wconf 78' lang='lat' dir='ltr'><strong>inﬁrmitatem</strong></span> 
     </span>
    </p>
   </div>
   <div class='ocr_carea' id='block_1_63' title="bbox 1997 3128 3592 3205">
    <p class='ocr_par' dir='ltr' id='par_1_63' title="bbox 1997 3128 3592 3205">
     <span class='ocr_line' id='line_1_63' title="bbox 1997 3128 3592 3205; baseline 0.001 -18"><span class='ocrx_word' id='word_1_481' title='bbox 1997 3142 2245 3188; x_wconf 89' lang='lat' dir='ltr'><strong>nostram</strong></span> <span class='ocrx_word' id='word_1_482' title='bbox 2281 3131 2335 3185; x_wconf 91' lang='lat' dir='ltr'><strong>in</strong></span> <span class='ocrx_word' id='word_1_483' title='bbox 2367 3131 2639 3203; x_wconf 83' lang='lat' dir='ltr'><strong>imbecilla</strong></span> <span class='ocrx_word' id='word_1_484' title='bbox 2669 3144 2837 3200; x_wconf 83' lang='lat' dir='ltr'><strong>carne</strong></span> <span class='ocrx_word' id='word_1_485' title='bbox 2867 3129 2960 3184; x_wconf 92' lang='lat' dir='ltr'><strong>ille</strong></span> <span class='ocrx_word' id='word_1_486' title='bbox 2985 3129 3125 3205; x_wconf 87' lang='lat' dir='ltr'><strong>ipse,</strong></span> <span class='ocrx_word' id='word_1_487' title='bbox 3161 3128 3256 3200; x_wconf 83' lang='lat' dir='ltr'><strong>qui</strong></span> <span class='ocrx_word' id='word_1_488' title='bbox 3286 3129 3399 3185; x_wconf 83' lang='lat' dir='ltr'><strong>vita</strong></span> <span class='ocrx_word' id='word_1_489' title='bbox 3424 3138 3509 3184; x_wconf 86' lang='lat' dir='ltr'><strong>est</strong></span> <span class='ocrx_word' id='word_1_490' title='bbox 3539 3139 3592 3188; x_wconf 89' lang='lat' dir='ltr'><strong>et</strong></span> 
     </span>
    </p>
   </div>
   <div class='ocr_carea' id='block_1_64' title="bbox 290 3188 1891 3306">
    <p class='ocr_par' dir='ltr' id='par_1_64' title="bbox 290 3188 1891 3306">
     <span class='ocr_line' id='line_1_64' title="bbox 290 3188 1891 3306; baseline 0.001 -19"><span class='ocrx_word' id='word_1_491' title='bbox 290 3250 422 3302; x_wconf 78' lang='grc' dir='ltr'><strong>ραν</strong></span> <span class='ocrx_word' id='word_1_492' title='bbox 446 3188 756 3304; x_wconf 50' lang='grc' dir='ltr'><strong>δίσῖὲῥὲξρ.</strong></span> <span class='ocrx_word' id='word_1_493' title='bbox 805 3188 1222 3303; x_wconf 44' lang='grc' dir='ltr'>Ἀπέθένενδοῦν</span> <span class='ocrx_word' id='word_1_494' title='bbox 1266 3234 1326 3302; x_wconf 82' lang='grc' dir='ltr'><strong>ἐξ</strong></span> <span class='ocrx_word' id='word_1_495' title='bbox 1364 3188 1798 3306; x_wconf 47' lang='grc' dir='ltr'>άσθενείαςῗζῇ</span> <span class='ocrx_word' id='word_1_496' title='bbox 1835 3234 1891 3288; x_wconf 83' lang='grc' dir='ltr'>δὲ</span> 
     </span>
    </p>
   </div>
   <div class='ocr_carea' id='block_1_65' title="bbox 1995 3188 3588 3306">
    <p class='ocr_par' dir='ltr' id='par_1_65' title="bbox 1999 3221 3588 3293">
     <span class='ocr_line' id='line_1_65' title="bbox 1999 3221 3588 3293; baseline -0.002 -15"><span class='ocrx_word' id='word_1_497' title='bbox 1999 3224 2262 3280; x_wconf 83' lang='lat' dir='ltr'><strong>immunis</strong></span> <span class='ocrx_word' id='word_1_498' title='bbox 2292 3238 2323 3278; x_wconf 91' lang='lat' dir='ltr'><strong>a</strong></span> <span class='ocrx_word' id='word_1_499' title='bbox 2366 3224 2625 3293; x_wconf 86' lang='lat' dir='ltr'><strong>passione</strong></span> <span class='ocrx_word' id='word_1_500' title='bbox 2673 3221 2850 3288; x_wconf 84' lang='lat' dir='ltr'><strong>Deus;</strong></span> <span class='ocrx_word' id='word_1_501' title='bbox 2885 3221 3010 3275; x_wconf 81' lang='lat' dir='ltr'><strong>vivit</strong></span> <span class='ocrx_word' id='word_1_502' title='bbox 3065 3228 3248 3275; x_wconf 88' lang='lat' dir='ltr'><strong>autem</strong></span> <span class='ocrx_word' id='word_1_503' title='bbox 3289 3236 3355 3275; x_wconf 78' lang='lat' dir='ltr'><strong>ea:</strong></span> <span class='ocrx_word' id='word_1_504' title='bbox 3381 3222 3588 3275; x_wconf 74' lang='grc' dir='ltr'><strong>ιιὶνιιιιε.</strong></span> 
     </span>
    </p>
   </div>
   <div class='ocr_carea' id='block_1_66' title="bbox 301 3325 1897 3400">
    <p class='ocr_par' dir='ltr' id='par_1_66' title="bbox 301 3325 1897 3400">
     <span class='ocr_line' id='line_1_66' title="bbox 301 3325 1897 3400; baseline 0.002 -21"><span class='ocrx_word' id='word_1_505' title='bbox 301 3327 374 3380; x_wconf 75' lang='grc' dir='ltr'><strong>ὲκ</strong></span> <span class='ocrx_word' id='word_1_506' title='bbox 411 3325 695 3397; x_wconf 88' lang='grc' dir='ltr'>δυνάμεως</span> <span class='ocrx_word' id='word_1_507' title='bbox 738 3329 839 3400; x_wconf 71' lang='grc' dir='ltr'><strong>τῆς</strong></span> <span class='ocrx_word' id='word_1_508' title='bbox 871 3327 1038 3381; x_wconf 79' lang='grc' dir='ltr'>αὑτοῦ</span> <span class='ocrx_word' id='word_1_509' title='bbox 1073 3326 1350 3400; x_wconf 79' lang='grc' dir='ltr'>θεότητος.</span> <span class='ocrx_word' id='word_1_510' title='bbox 1391 3327 1457 3400; x_wconf 78' lang='grc' dir='ltr'>ζῇ</span> <span class='ocrx_word' id='word_1_511' title='bbox 1487 3327 1545 3381; x_wconf 81' lang='grc' dir='ltr'>δὲ</span> <span class='ocrx_word' id='word_1_512' title='bbox 1572 3328 1632 3382; x_wconf 85' lang='grc' dir='ltr'><strong>ὲν</strong></span> <span class='ocrx_word' id='word_1_513' title='bbox 1657 3330 1723 3399; x_wconf 76' lang='grc' dir='ltr'><strong>τῇ</strong></span> <span class='ocrx_word' id='word_1_514' title='bbox 1755 3329 1897 3399; x_wconf 78' lang='grc' dir='ltr'>ἡμε-</span> 
     </span>
    </p>
   </div>
   <div class='ocr_carea' id='block_1_67' title="bbox 298 3414 1896 3496">
    <p class='ocr_par' dir='ltr' id='par_1_67' title="bbox 298 3414 1896 3496">
     <span class='ocr_line' id='line_1_67' title="bbox 298 3414 1896 3496; baseline 0 -22"><span class='ocrx_word' id='word_1_515' title='bbox 298 3420 444 3492; x_wconf 72' lang='grc' dir='ltr'><strong>τέρᾳ</strong></span> <span class='ocrx_word' id='word_1_516' title='bbox 477 3420 657 3491; x_wconf 84' lang='grc' dir='ltr'><strong>σαρκὶ,</strong></span> <span class='ocrx_word' id='word_1_517' title='bbox 709 3423 769 3474; x_wconf 79' lang='grc' dir='ltr'>ὲν</span> <span class='ocrx_word' id='word_1_518' title='bbox 869 3421 932 3474; x_wconf 73' lang='grc' dir='ltr'><strong>τὸ</strong></span> <span class='ocrx_word' id='word_1_519' title='bbox 958 3420 1131 3485; x_wconf 83' lang='grc' dir='ltr'>πάθος</span> <span class='ocrx_word' id='word_1_520' title='bbox 1163 3419 1472 3489; x_wconf 81' lang='grc' dir='ltr'>ἀνεδέξατο.</span> <span class='ocrx_word' id='word_1_521' title='bbox 1528 3421 1638 3476; x_wconf 80' lang='grc' dir='ltr'><strong>Καὶ</strong></span> <span class='ocrx_word' id='word_1_522' title='bbox 1678 3419 1767 3475; x_wconf 81' lang='grc' dir='ltr'><strong>διὰ</strong></span> <span class='ocrx_word' id='word_1_523' title='bbox 1797 3417 1896 3490; x_wconf 74' lang='grc' dir='ltr'><strong>τὴν</strong></span> 
     </span>
    </p>
   </div>
   <div class='ocr_carea' id='block_1_68' title="bbox 300 3512 1896 3586">
    <p class='ocr_par' dir='ltr' id='par_1_68' title="bbox 300 3512 1896 3586">
     <span class='ocr_line' id='line_1_68' title="bbox 300 3512 1896 3586; baseline -0.001 -19"><span class='ocrx_word' id='word_1_524' title='bbox 300 3512 567 3583; x_wconf 77' lang='grc' dir='ltr'><strong>τοιαύτην</strong></span> <span class='ocrx_word' id='word_1_525' title='bbox 586 3513 904 3585; x_wconf 76' lang='grc' dir='ltr'>οἰκονομίαν</span> <span class='ocrx_word' id='word_1_526' title='bbox 937 3514 1036 3586; x_wconf 82' lang='grc' dir='ltr'>τὴν</span> <span class='ocrx_word' id='word_1_527' title='bbox 1073 3514 1324 3570; x_wconf 80' lang='grc' dir='ltr'>εὐδοκίαν</span> <span class='ocrx_word' id='word_1_528' title='bbox 1357 3514 1570 3586; x_wconf 86' lang='grc' dir='ltr'><strong>Πατρὸς</strong></span> <span class='ocrx_word' id='word_1_529' title='bbox 1610 3512 1896 3586; x_wconf 81' lang='grc' dir='ltr'>σημαίνων</span> 
     </span>
    </p>
   </div>
   <div class='ocr_carea' id='block_1_69' title="bbox 305 3604 1897 3680">
    <p class='ocr_par' dir='ltr' id='par_1_69' title="bbox 305 3604 1897 3680">
     <span class='ocr_line' id='line_1_69' title="bbox 305 3604 1897 3680; baseline -0.001 -20"><span class='ocrx_word' id='word_1_530' title='bbox 305 3608 335 3660; x_wconf 91' lang='lat'><strong>6</strong></span> <span class='ocrx_word' id='word_1_531' title='bbox 377 3606 700 3670; x_wconf 81' lang='grc' dir='ltr'>Ἀπόστολος</span> <span class='ocrx_word' id='word_1_532' title='bbox 744 3605 870 3680; x_wconf 73' lang='grc' dir='ltr'><strong>ἔφη,</strong></span> <span class='ocrx_word' id='word_1_533' title='bbox 903 3608 983 3662; x_wconf 81' lang='grc' dir='ltr'><strong>ὅτι</strong></span> <span class='ocrx_word' id='word_1_534' title='bbox 1028 3607 1092 3660; x_wconf 90' lang='lat'><strong>&#39;0</strong></span> <span class='ocrx_word' id='word_1_535' title='bbox 1139 3607 1283 3674; x_wconf 83' lang='grc' dir='ltr'><strong>Θεὸς</strong></span> <span class='ocrx_word' id='word_1_536' title='bbox 1324 3607 1563 3678; x_wconf 76' lang='grc' dir='ltr'><strong>ἤγειρεν</strong></span> <span class='ocrx_word' id='word_1_537' title='bbox 1608 3604 1796 3660; x_wconf 80' lang='grc' dir='ltr'>αὐτὸν</span> <span class='ocrx_word' id='word_1_538' title='bbox 1826 3605 1897 3659; x_wconf 80' lang='grc' dir='ltr'><em>ἐκ</em></span> 
     </span>
    </p>
   </div>
   <div class='ocr_carea' id='block_1_70' title="bbox 305 3713 556 3769">
    <p class='ocr_par' dir='ltr' id='par_1_70' title="bbox 305 3713 556 3769">
     <span class='ocr_line' id='line_1_70' title="bbox 305 3713 556 3769; baseline 0.008 -20"><span class='ocrx_word' id='word_1_539' title='bbox 305 3713 556 3769; x_wconf 82' lang='grc' dir='ltr'><strong>νεκρων.</strong></span> 
     </span>
    </p>
   </div>
   <div class='ocr_carea' id='block_1_71' title="bbox 366 3959 1896 4033">
    <p class='ocr_par' dir='ltr' id='par_1_71' title="bbox 366 3959 1896 4033">
     <span class='ocr_line' id='line_1_71' title="bbox 366 3959 1896 4033; baseline 0.002 -19"><span class='ocrx_word' id='word_1_540' title='bbox 366 3959 473 4014; x_wconf 81' lang='grc' dir='ltr'><strong>ΝΘ⁰</strong></span> <span class='ocrx_word' id='word_1_541' title='bbox 481 3965 518 4013; x_wconf 87' lang='grc'><strong>⁸.</strong></span> <span class='ocrx_word' id='word_1_542' title='bbox 536 3962 959 4033; x_wconf 79' lang='grc' dir='ltr'>Ἐπιφέρουσιδὲ</span> <span class='ocrx_word' id='word_1_543' title='bbox 973 3962 1068 4016; x_wconf 78' lang='grc' dir='ltr'>καὶ</span> <span class='ocrx_word' id='word_1_544' title='bbox 1080 3960 1208 4016; x_wconf 82' lang='grc' dir='ltr'>ἄλλο</span> <span class='ocrx_word' id='word_1_545' title='bbox 1229 3964 1391 4033; x_wconf 79' lang='grc' dir='ltr'>ῥητὸν</span> <span class='ocrx_word' id='word_1_546' title='bbox 1408 3965 1472 4017; x_wconf 80' lang='grc' dir='ltr'><strong>ἐκ</strong></span> <span class='ocrx_word' id='word_1_547' title='bbox 1492 3963 1586 4017; x_wconf 86' lang='grc' dir='ltr'><strong>τοῦ</strong></span> <span class='ocrx_word' id='word_1_548' title='bbox 1609 3965 1751 4022; x_wconf 72' lang='grc' dir='ltr'>κατὰ</span> <span class='ocrx_word' id='word_1_549' title='bbox 1764 3966 1896 4020; x_wconf 83' lang='grc' dir='ltr'>Λου-</span> 
     </span>
    </p>
   </div>
   <div class='ocr_carea' id='block_1_72' title="bbox 306 4052 1892 4131">
    <p class='ocr_par' dir='ltr' id='par_1_72' title="bbox 306 4052 1892 4131">
     <span class='ocr_line' id='line_1_72' title="bbox 306 4052 1892 4131; baseline 0.004 -27"><span class='ocrx_word' id='word_1_550' title='bbox 306 4053 414 4105; x_wconf 82' lang='grc' dir='ltr'>κᾶν</span> <span class='ocrx_word' id='word_1_551' title='bbox 445 4052 800 4122; x_wconf 78' lang='grc' dir='ltr'>Εὑαγγελίου,</span> <span class='ocrx_word' id='word_1_552' title='bbox 839 4054 977 4127; x_wconf 80' lang='grc' dir='ltr'>ὅπερ</span> <span class='ocrx_word' id='word_1_553' title='bbox 999 4054 1114 4108; x_wconf 72' lang='grc' dir='ltr'><strong>ἐστὶ</strong></span> <span class='ocrx_word' id='word_1_554' title='bbox 1141 4054 1432 4109; x_wconf 81' lang='grc' dir='ltr'>θεσπέσιον</span> <span class='ocrx_word' id='word_1_555' title='bbox 1461 4058 1555 4110; x_wconf 81' lang='grc' dir='ltr'>καὶ</span> <span class='ocrx_word' id='word_1_556' title='bbox 1582 4056 1892 4131; x_wconf 73' lang='grc' dir='ltr'>ἐξαίρετον,</span> 
     </span>
    </p>
   </div>
   <div class='ocr_carea' id='block_1_73' title="bbox 305 4145 1892 4222">
    <p class='ocr_par' dir='ltr' id='par_1_73' title="bbox 305 4145 1892 4222">
     <span class='ocr_line' id='line_1_73' title="bbox 305 4145 1892 4222; baseline 0.002 -21"><span class='ocrx_word' id='word_1_557' title='bbox 305 4145 407 4201; x_wconf 74' lang='grc' dir='ltr'><strong>καὶ</strong></span> <span class='ocrx_word' id='word_1_558' title='bbox 428 4145 509 4208; x_wconf 79' lang='grc' dir='ltr'><strong>εις</strong></span> <span class='ocrx_word' id='word_1_559' title='bbox 529 4147 705 4200; x_wconf 88' lang='grc' dir='ltr'>πάντα</span> <span class='ocrx_word' id='word_1_560' title='bbox 726 4147 1165 4219; x_wconf 82' lang='grc' dir='ltr'><strong>χρησιμώτατον.</strong></span> <span class='ocrx_word' id='word_1_561' title='bbox 1200 4150 1360 4203; x_wconf 87' lang='grc' dir='ltr'>Ποῖον</span> <span class='ocrx_word' id='word_1_562' title='bbox 1380 4149 1437 4202; x_wconf 77' lang='grc' dir='ltr'>δέ</span> <span class='ocrx_word' id='word_1_563' title='bbox 1461 4150 1577 4204; x_wconf 82' lang='grc' dir='ltr'><strong>ἐστι</strong></span> <span class='ocrx_word' id='word_1_564' title='bbox 1606 4153 1669 4204; x_wconf 74' lang='grc' dir='ltr'><strong>τὸ</strong></span> <span class='ocrx_word' id='word_1_565' title='bbox 1692 4151 1855 4222; x_wconf 78' lang='grc' dir='ltr'><strong>ῥητόν</strong></span> <span class='ocrx_word' id='word_1_566' title='bbox 1877 4167 1892 4217; x_wconf 88' lang='grc'>;</span> 
     </span>
    </p>
   </div>
   <div class='ocr_carea' id='block_1_74' title="bbox 305 4238 1896 4316">
    <p class='ocr_par' dir='ltr' id='par_1_74' title="bbox 305 4238 1896 4316">
     <span class='ocr_line' id='line_1_74' title="bbox 305 4238 1896 4316; baseline 0.004 -23"><span class='ocrx_word' id='word_1_567' title='bbox 305 4239 427 4294; x_wconf 79' lang='grc' dir='ltr'>ἀλλ’</span> <span class='ocrx_word' id='word_1_568' title='bbox 454 4238 500 4316; x_wconf 49' lang='grc' dir='ltr'><strong>,ἦ</strong></span> <span class='ocrx_word' id='word_1_569' title='bbox 533 4239 769 4311; x_wconf 85' lang='grc' dir='ltr'>ὁπηνίκα</span> <span class='ocrx_word' id='word_1_570' title='bbox 799 4241 908 4312; x_wconf 85' lang='grc' dir='ltr'><strong>γὰρ</strong></span> <span class='ocrx_word' id='word_1_571' title='bbox 938 4240 1165 4312; x_wconf 74' lang='grc' dir='ltr'>ἔμελλεν</span> <span class='ocrx_word' id='word_1_572' title='bbox 1193 4244 1222 4296; x_wconf 90' lang='lat'><strong>6</strong></span> <span class='ocrx_word' id='word_1_573' title='bbox 1248 4240 1455 4314; x_wconf 83' lang='grc' dir='ltr'><strong>Κύριος</strong></span> <span class='ocrx_word' id='word_1_574' title='bbox 1504 4243 1611 4314; x_wconf 68' lang='grc' dir='ltr'>ἰδίᾳ</span> <span class='ocrx_word' id='word_1_575' title='bbox 1643 4242 1896 4316; x_wconf 83' lang='grc' dir='ltr'><strong>βουλήσει</strong></span> 
     </span>
    </p>
   </div>
   <div class='ocr_carea' id='block_1_75' title="bbox 305 4304 1896 4410">
    <p class='ocr_par' dir='ltr' id='par_1_75' title="bbox 305 4304 1896 4410">
     <span class='ocr_line' id='line_1_75' title="bbox 305 4304 1896 4410; baseline 0.005 -26"><span class='ocrx_word' id='word_1_576' title='bbox 305 4332 406 4385; x_wconf 66' lang='grc' dir='ltr'><strong>ἰπὶ</strong></span> <span class='ocrx_word' id='word_1_577' title='bbox 429 4304 500 4385; x_wconf 42' lang='lat'>1/6-</span> <span class='ocrx_word' id='word_1_578' title='bbox 514 4304 686 4397; x_wconf 74' lang='grc' dir='ltr'>πάθος</span> <span class='ocrx_word' id='word_1_579' title='bbox 722 4304 902 4405; x_wconf 56' lang='grc' dir='ltr'>ἥκειν,</span> <span class='ocrx_word' id='word_1_580' title='bbox 947 4304 1283 4406; x_wconf 78' lang='grc' dir='ltr'>παραλαϐὼν</span> <span class='ocrx_word' id='word_1_581' title='bbox 1298 4304 1705 4409; x_wconf 25' lang='grc' dir='ltr'>τοὺςνμαθτξτάς</span> <span class='ocrx_word' id='word_1_582' title='bbox 1730 4304 1896 4410; x_wconf 39' lang='grc' dir='ltr'><strong>ὲνιτῷ</strong></span> 
     </span>
    </p>
   </div>
   <div class='ocr_carea' id='block_1_76' title="bbox 311 4426 1897 4500">
    <p class='ocr_par' dir='ltr' id='par_1_76' title="bbox 311 4426 1897 4500">
     <span class='ocr_line' id='line_1_76' title="bbox 311 4426 1897 4500; baseline 0.004 -21"><span class='ocrx_word' id='word_1_583' title='bbox 311 4426 432 4495; x_wconf 80' lang='grc' dir='ltr'><strong>ὄρει</strong></span> <span class='ocrx_word' id='word_1_584' title='bbox 473 4426 612 4481; x_wconf 73' lang='grc' dir='ltr'><strong>κατὰ</strong></span> <span class='ocrx_word' id='word_1_585' title='bbox 653 4426 752 4500; x_wconf 77' lang='grc' dir='ltr'>τὴν</span> <span class='ocrx_word' id='word_1_586' title='bbox 795 4426 946 4499; x_wconf 79' lang='grc' dir='ltr'><strong>ὥραν</strong></span> <span class='ocrx_word' id='word_1_587' title='bbox 996 4429 1235 4500; x_wconf 66' lang='grc' dir='ltr'>ἐκείνην,</span> <span class='ocrx_word' id='word_1_588' title='bbox 1283 4429 1494 4498; x_wconf 84' lang='grc' dir='ltr'><strong>διέστη</strong></span> <span class='ocrx_word' id='word_1_589' title='bbox 1536 4432 1637 4486; x_wconf 78' lang='grc' dir='ltr'><strong>ἀπ’</strong></span> <span class='ocrx_word' id='word_1_590' title='bbox 1694 4430 1897 4485; x_wconf 80' lang='grc' dir='ltr'>αὐτῶν</span> 
     </span>
    </p>
   </div>
   <div class='ocr_carea' id='block_1_77' title="bbox 2007 3312 3593 3382">
    <p class='ocr_par' dir='ltr' id='par_1_77' title="bbox 2007 3312 3593 3382">
     <span class='ocr_line' id='line_1_77' title="bbox 2007 3312 3593 3382; baseline 0 -15"><span class='ocrx_word' id='word_1_591' title='bbox 2007 3314 2166 3369; x_wconf 65' lang='lat' dir='ltr'><strong>Vives</strong></span> <span class='ocrx_word' id='word_1_592' title='bbox 2196 3324 2276 3369; x_wconf 86' lang='lat' dir='ltr'><strong>est</strong></span> <span class='ocrx_word' id='word_1_593' title='bbox 2308 3316 2450 3369; x_wconf 87' lang='lat' dir='ltr'><strong>enim</strong></span> <span class='ocrx_word' id='word_1_594' title='bbox 2480 3330 2653 3368; x_wconf 87' lang='lat' dir='ltr'><strong>sermo</strong></span> <span class='ocrx_word' id='word_1_595' title='bbox 2683 3312 2801 3378; x_wconf 85' lang='lat' dir='ltr'><strong>Dei,</strong></span> <span class='ocrx_word' id='word_1_596' title='bbox 2830 3322 2879 3366; x_wconf 87' lang='lat' dir='ltr'><strong>et</strong></span> <span class='ocrx_word' id='word_1_597' title='bbox 2905 3313 3111 3382; x_wconf 59' lang='lat' dir='ltr'><strong>enicas,</strong></span> <span class='ocrx_word' id='word_1_598' title='bbox 3137 3320 3188 3364; x_wconf 87' lang='lat' dir='ltr'><strong>et</strong></span> <span class='ocrx_word' id='word_1_599' title='bbox 3212 3312 3593 3381; x_wconf 72' lang='lat' dir='ltr'><strong>penetrabilfor</strong></span> 
     </span>
    </p>
   </div>
   <div class='ocr_carea' id='block_1_78' title="bbox 1996 3404 3577 3477">
    <p class='ocr_par' dir='ltr' id='par_1_78' title="bbox 1996 3404 3577 3477">
     <span class='ocr_line' id='line_1_78' title="bbox 1996 3404 3577 3477; baseline -0.003 -16"><span class='ocrx_word' id='word_1_600' title='bbox 1996 3407 2140 3461; x_wconf 85' lang='lat' dir='ltr'><strong>onmi</strong></span> <span class='ocrx_word' id='word_1_601' title='bbox 2168 3405 2351 3477; x_wconf 84' lang='lat' dir='ltr'><strong>gladio</strong></span> <span class='ocrx_word' id='word_1_602' title='bbox 2387 3405 2610 3471; x_wconf 82' lang='lat' dir='ltr'><strong>ancipiti</strong></span> <span class='ocrx_word' id='word_1_603' title='bbox 2624 3406 2667 3459; x_wconf 80' lang='grc'><strong>⁸.</strong></span> <span class='ocrx_word' id='word_1_604' title='bbox 2696 3404 2880 3471; x_wconf 87' lang='lat' dir='ltr'><strong>Quare</strong></span> <span class='ocrx_word' id='word_1_605' title='bbox 2923 3412 3176 3459; x_wconf 86' lang='lat' dir='ltr'><strong>mortuus</strong></span> <span class='ocrx_word' id='word_1_606' title='bbox 3207 3411 3292 3460; x_wconf 88' lang='lat' dir='ltr'><strong>est</strong></span> <span class='ocrx_word' id='word_1_607' title='bbox 3331 3419 3397 3458; x_wconf 81' lang='lat' dir='ltr'><strong>cx</strong></span> <span class='ocrx_word' id='word_1_608' title='bbox 3439 3404 3577 3459; x_wconf 78' lang='lat' dir='ltr'><strong>inﬁr-</strong></span> 
     </span>
    </p>
   </div>
   <div class='ocr_carea' id='block_1_79' title="bbox 1995 3494 3700 3566">
    <p class='ocr_par' dir='ltr' id='par_1_79' title="bbox 1995 3494 3700 3566">
     <span class='ocr_line' id='line_1_79' title="bbox 1995 3494 3700 3566; baseline -0.006 -13"><span class='ocrx_word' id='word_1_609' title='bbox 1995 3499 2214 3566; x_wconf 86' lang='lat' dir='ltr'><strong>mitate,</strong></span> <span class='ocrx_word' id='word_1_610' title='bbox 2245 3498 2379 3554; x_wconf 83' lang='lat' dir='ltr'><strong>vivit</strong></span> <span class='ocrx_word' id='word_1_611' title='bbox 2402 3507 2587 3553; x_wconf 86' lang='lat' dir='ltr'><strong>autem</strong></span> <span class='ocrx_word' id='word_1_612' title='bbox 2615 3512 2682 3553; x_wconf 81' lang='lat' dir='ltr'><strong>ex</strong></span> <span class='ocrx_word' id='word_1_613' title='bbox 2712 3494 3019 3552; x_wconf 81' lang='lat' dir='ltr'><strong>divinitatis</strong></span> <span class='ocrx_word' id='word_1_614' title='bbox 3045 3508 3160 3557; x_wconf 65' lang='lat' dir='ltr'><strong>suae</strong></span> <span class='ocrx_word' id='word_1_615' title='bbox 3187 3496 3409 3559; x_wconf 83' lang='lat' dir='ltr'><strong>virtute,</strong></span> <span class='ocrx_word' id='word_1_616' title='bbox 3444 3503 3502 3551; x_wconf 89' lang='lat' dir='ltr'><strong>et</strong></span> <span class='ocrx_word' id='word_1_617' title='bbox 3535 3496 3590 3561; x_wconf 73' lang='lat' dir='ltr'><strong>in</strong></span> <span class='ocrx_word' id='word_1_618' title='bbox 3692 3531 3700 3543; x_wconf 83' lang='grc'><strong><em>,</em></strong></span> 
     </span>
    </p>
   </div>
   <div class='ocr_carea' id='block_1_80' title="bbox 1997 3588 3589 3660">
    <p class='ocr_par' dir='ltr' id='par_1_80' title="bbox 1997 3588 3589 3660">
     <span class='ocr_line' id='line_1_80' title="bbox 1997 3588 3589 3660; baseline -0.003 -14"><span class='ocrx_word' id='word_1_619' title='bbox 1997 3607 2166 3647; x_wconf 83' lang='lat' dir='ltr'><strong>carne</strong></span> <span class='ocrx_word' id='word_1_620' title='bbox 2201 3600 2393 3647; x_wconf 87' lang='lat' dir='ltr'><strong>nostra</strong></span> <span class='ocrx_word' id='word_1_621' title='bbox 2424 3590 2580 3654; x_wconf 87' lang='lat' dir='ltr'><strong>vivit,</strong></span> <span class='ocrx_word' id='word_1_622' title='bbox 2620 3591 2676 3646; x_wconf 92' lang='lat' dir='ltr'><strong>in</strong></span> <span class='ocrx_word' id='word_1_623' title='bbox 2712 3604 2822 3660; x_wconf 87' lang='lat' dir='ltr'><strong>qua</strong></span> <span class='ocrx_word' id='word_1_624' title='bbox 2856 3588 3172 3659; x_wconf 85' lang='lat' dir='ltr'><strong>passionem</strong></span> <span class='ocrx_word' id='word_1_625' title='bbox 3219 3588 3369 3642; x_wconf 86' lang='lat' dir='ltr'><strong>illam</strong></span> <span class='ocrx_word' id='word_1_626' title='bbox 3421 3589 3589 3643; x_wconf 86' lang='lat' dir='ltr'><strong>susti-</strong></span> 
     </span>
    </p>
   </div>
   <div class='ocr_carea' id='block_1_81' title="bbox 1995 3678 3583 3747">
    <p class='ocr_par' dir='ltr' id='par_1_81' title="bbox 1995 3678 3583 3747">
     <span class='ocr_line' id='line_1_81' title="bbox 1995 3678 3583 3747; baseline -0.005 -5"><span class='ocrx_word' id='word_1_627' title='bbox 1995 3684 2139 3747; x_wconf 85' lang='lat' dir='ltr'><strong>nuit.</strong></span> <span class='ocrx_word' id='word_1_628' title='bbox 2174 3682 2260 3743; x_wconf 89' lang='lat' dir='ltr'><strong>.0b</strong></span> <span class='ocrx_word' id='word_1_629' title='bbox 2308 3683 2451 3738; x_wconf 84' lang='lat' dir='ltr'><strong>hanc</strong></span> <span class='ocrx_word' id='word_1_630' title='bbox 2486 3680 2911 3738; x_wconf 83' lang='lat' dir='ltr'><strong>administrandi</strong></span> <span class='ocrx_word' id='word_1_631' title='bbox 2953 3680 3225 3735; x_wconf 86' lang='lat' dir='ltr'><strong>rationem</strong></span> <span class='ocrx_word' id='word_1_632' title='bbox 3270 3678 3451 3735; x_wconf 81' lang='lat' dir='ltr'><strong>Patris</strong></span> <span class='ocrx_word' id='word_1_633' title='bbox 3498 3695 3583 3734; x_wconf 78' lang='lat' dir='ltr'><strong>vo-</strong></span> 
     </span>
    </p>
   </div>
   <div class='ocr_carea' id='block_1_82' title="bbox 1999 3772 3596 3844">
    <p class='ocr_par' dir='ltr' id='par_1_82' title="bbox 1999 3772 3596 3844">
     <span class='ocr_line' id='line_1_82' title="bbox 1999 3772 3596 3844; baseline -0.003 -13"><span class='ocrx_word' id='word_1_634' title='bbox 1999 3779 2265 3832; x_wconf 86' lang='lat' dir='ltr'><strong>luntatem</strong></span> <span class='ocrx_word' id='word_1_635' title='bbox 2299 3789 2365 3830; x_wconf 88' lang='lat' dir='ltr'><strong>ac</strong></span> <span class='ocrx_word' id='word_1_636' title='bbox 2397 3774 2678 3831; x_wconf 82' lang='lat' dir='ltr'><strong>decretum</strong></span> <span class='ocrx_word' id='word_1_637' title='bbox 2717 3772 3031 3844; x_wconf 78' lang='lat' dir='ltr'><strong>signiﬁcare</strong></span> <span class='ocrx_word' id='word_1_638' title='bbox 3066 3772 3259 3828; x_wconf 90' lang='lat' dir='ltr'><strong>volens</strong></span> <span class='ocrx_word' id='word_1_639' title='bbox 3299 3772 3596 3843; x_wconf 85' lang='lat' dir='ltr'><strong>Apostolus</strong></span> 
     </span>
    </p>
   </div>
   <div class='ocr_carea' id='block_1_83' title="bbox 1997 3861 3198 3923">
    <p class='ocr_par' dir='ltr' id='par_1_83' title="bbox 1997 3861 3198 3923">
     <span class='ocr_line' id='line_1_83' title="bbox 1997 3861 3198 3923; baseline -0.004 0"><span class='ocrx_word' id='word_1_640' title='bbox 1997 3868 2134 3923; x_wconf 84' lang='lat' dir='ltr'><strong>dixit</strong></span> <span class='ocrx_word' id='word_1_641' title='bbox 2169 3886 2183 3923; x_wconf 90' lang='lat'><strong>:</strong></span> <span class='ocrx_word' id='word_1_642' title='bbox 2222 3866 2365 3922; x_wconf 86' lang='lat' dir='ltr'><strong>Deus</strong></span> <span class='ocrx_word' id='word_1_643' title='bbox 2402 3867 2676 3922; x_wconf 81' lang='lat' dir='ltr'><strong>suscitavit</strong></span> <span class='ocrx_word' id='word_1_644' title='bbox 2712 3868 2864 3921; x_wconf 85' lang='lat' dir='ltr'><strong>illum</strong></span> <span class='ocrx_word' id='word_1_645' title='bbox 2892 3883 2925 3920; x_wconf 91' lang='lat' dir='ltr'><strong>a</strong></span> <span class='ocrx_word' id='word_1_646' title='bbox 2953 3861 3198 3920; x_wconf 83' lang='lat' dir='ltr'><strong>mortuis.</strong></span> 
     </span>
    </p>
   </div>
   <div class='ocr_carea' id='block_1_84' title="bbox 2068 3959 3595 4033">
    <p class='ocr_par' dir='ltr' id='par_1_84' title="bbox 2068 3959 3595 4033">
     <span class='ocr_line' id='line_1_84' title="bbox 2068 3959 3595 4033; baseline -0.001 -17"><span class='ocrx_word' id='word_1_647' title='bbox 2068 3961 2227 4020; x_wconf 69' lang='lat' dir='ltr'><strong>LIX“.</strong></span> <span class='ocrx_word' id='word_1_648' title='bbox 2268 3962 2432 4018; x_wconf 85' lang='lat' dir='ltr'><strong>Aliud</strong></span> <span class='ocrx_word' id='word_1_649' title='bbox 2473 3962 2702 4033; x_wconf 84' lang='lat' dir='ltr'><strong>insuper</strong></span> <span class='ocrx_word' id='word_1_650' title='bbox 2740 3977 2805 4017; x_wconf 86' lang='lat' dir='ltr'><strong>ex</strong></span> <span class='ocrx_word' id='word_1_651' title='bbox 2838 3960 3134 4032; x_wconf 80' lang='lat' dir='ltr'><strong>Evangelia</strong></span> <span class='ocrx_word' id='word_1_652' title='bbox 3158 3959 3320 4017; x_wconf 76' lang='lat' dir='ltr'><strong>Luca:</strong></span> <span class='ocrx_word' id='word_1_653' title='bbox 3342 3960 3595 4024; x_wconf 76' lang='lat' dir='ltr'><strong>testium-</strong></span> 
     </span>
    </p>
   </div>
   <div class='ocr_carea' id='block_1_85' title="bbox 1998 4052 3593 4124">
    <p class='ocr_par' dir='ltr' id='par_1_85' title="bbox 1998 4052 3593 4124">
     <span class='ocr_line' id='line_1_85' title="bbox 1998 4052 3593 4124; baseline 0.001 -14"><span class='ocrx_word' id='word_1_654' title='bbox 1998 4055 2149 4110; x_wconf 91' lang='lat' dir='ltr'><strong>nium</strong></span> <span class='ocrx_word' id='word_1_655' title='bbox 2182 4052 2484 4119; x_wconf 87' lang='lat' dir='ltr'><strong>adducunt,</strong></span> <span class='ocrx_word' id='word_1_656' title='bbox 2526 4054 2687 4124; x_wconf 88' lang='lat' dir='ltr'><strong>plane</strong></span> <span class='ocrx_word' id='word_1_657' title='bbox 2720 4052 2988 4119; x_wconf 85' lang='lat' dir='ltr'><strong>divinum,</strong></span> <span class='ocrx_word' id='word_1_658' title='bbox 3038 4063 3092 4109; x_wconf 91' lang='lat' dir='ltr'><strong>et</strong></span> <span class='ocrx_word' id='word_1_659' title='bbox 3122 4053 3409 4118; x_wconf 77' lang='lat' dir='ltr'><strong>eximium,</strong></span> <span class='ocrx_word' id='word_1_660' title='bbox 3439 4065 3494 4109; x_wconf 91' lang='lat' dir='ltr'><strong>et</strong></span> <span class='ocrx_word' id='word_1_661' title='bbox 3526 4055 3593 4112; x_wconf 92' lang='lat' dir='ltr'><strong>ad</strong></span> 
     </span>
    </p>
   </div>
   <div class='ocr_carea' id='block_1_86' title="bbox 1997 4146 3593 4217">
    <p class='ocr_par' dir='ltr' id='par_1_86' title="bbox 1997 4146 3593 4217">
     <span class='ocr_line' id='line_1_86' title="bbox 1997 4146 3593 4217; baseline 0.001 -13"><span class='ocrx_word' id='word_1_662' title='bbox 1997 4148 2180 4204; x_wconf 86' lang='lat' dir='ltr'><strong>omnia</strong></span> <span class='ocrx_word' id='word_1_663' title='bbox 2212 4148 2375 4216; x_wconf 78' lang='lat' dir='ltr'><strong>longe</strong></span> <span class='ocrx_word' id='word_1_664' title='bbox 2418 4147 2973 4217; x_wconf 85' lang='lat' dir='ltr'><strong>opportunissimum.</strong></span> <span class='ocrx_word' id='word_1_665' title='bbox 3009 4146 3300 4215; x_wconf 87' lang='lat' dir='ltr'><strong>Quodnam</strong></span> <span class='ocrx_word' id='word_1_666' title='bbox 3353 4163 3485 4204; x_wconf 82' lang='lat' dir='ltr'><strong>vero</strong></span> <span class='ocrx_word' id='word_1_667' title='bbox 3525 4148 3593 4207; x_wconf 83' lang='lat' dir='ltr'><strong>il-</strong></span> 
     </span>
    </p>
   </div>
   <div class='ocr_carea' id='block_1_87' title="bbox 1998 4239 3590 4311">
    <p class='ocr_par' dir='ltr' id='par_1_87' title="bbox 1998 4239 3590 4311">
     <span class='ocr_line' id='line_1_87' title="bbox 1998 4239 3590 4311; baseline -0.001 -15"><span class='ocrx_word' id='word_1_668' title='bbox 1998 4241 2090 4296; x_wconf 87' lang='lat' dir='ltr'><strong>lud</strong></span> <span class='ocrx_word' id='word_1_669' title='bbox 2136 4239 2258 4295; x_wconf 83' lang='lat' dir='ltr'><strong>est?</strong></span> <span class='ocrx_word' id='word_1_670' title='bbox 2287 4239 2556 4296; x_wconf 80' lang='lat' dir='ltr'><strong>Nimirum</strong></span> <span class='ocrx_word' id='word_1_671' title='bbox 2605 4254 2732 4295; x_wconf 90' lang='lat' dir='ltr'><strong>cum</strong></span> <span class='ocrx_word' id='word_1_672' title='bbox 2784 4240 2852 4295; x_wconf 90' lang='lat' dir='ltr'><strong>ad</strong></span> <span class='ocrx_word' id='word_1_673' title='bbox 2894 4239 3237 4305; x_wconf 83' lang='lat' dir='ltr'><strong>subeundam</strong></span> <span class='ocrx_word' id='word_1_674' title='bbox 3278 4241 3590 4311; x_wconf 84' lang='lat' dir='ltr'><strong>passionem</strong></span> 
     </span>
    </p>
   </div>
   <div class='ocr_carea' id='block_1_88' title="bbox 1998 4329 3591 4403">
    <p class='ocr_par' dir='ltr' id='par_1_88' title="bbox 1998 4329 3591 4403">
     <span class='ocr_line' id='line_1_88' title="bbox 1998 4329 3591 4403; baseline -0.002 -14"><span class='ocrx_word' id='word_1_675' title='bbox 1998 4340 2190 4403; x_wconf 87' lang='lat' dir='ltr'><strong>suapte</strong></span> <span class='ocrx_word' id='word_1_676' title='bbox 2220 4337 2415 4403; x_wconf 87' lang='lat' dir='ltr'><strong>sponte</strong></span> <span class='ocrx_word' id='word_1_677' title='bbox 2449 4329 2713 4386; x_wconf 90' lang='lat' dir='ltr'><strong>Dominus</strong></span> <span class='ocrx_word' id='word_1_678' title='bbox 2747 4344 3075 4388; x_wconf 86' lang='lat' dir='ltr'><strong>accessurus</strong></span> <span class='ocrx_word' id='word_1_679' title='bbox 3100 4338 3270 4396; x_wconf 88' lang='lat' dir='ltr'><strong>esset,</strong></span> <span class='ocrx_word' id='word_1_680' title='bbox 3304 4329 3591 4401; x_wconf 85' lang='lat' dir='ltr'><strong>discipulis</strong></span> 
     </span>
    </p>
   </div>
   <div class='ocr_carea' id='block_1_89' title="bbox 1999 4424 3592 4496">
    <p class='ocr_par' dir='ltr' id='par_1_89' title="bbox 1999 4424 3592 4496">
     <span class='ocr_line' id='line_1_89' title="bbox 1999 4424 3592 4496; baseline -0.001 -14"><span class='ocrx_word' id='word_1_681' title='bbox 1999 4427 2066 4482; x_wconf 88' lang='lat' dir='ltr'><strong>ad</strong></span> <span class='ocrx_word' id='word_1_682' title='bbox 2097 4435 2335 4481; x_wconf 88' lang='lat' dir='ltr'><strong>montem</strong></span> <span class='ocrx_word' id='word_1_683' title='bbox 2377 4425 2680 4496; x_wconf 88' lang='lat' dir='ltr'><strong>perductis,</strong></span> <span class='ocrx_word' id='word_1_684' title='bbox 2710 4424 2900 4480; x_wconf 87' lang='lat' dir='ltr'><strong>eadem</strong></span> <span class='ocrx_word' id='word_1_685' title='bbox 2944 4424 3037 4478; x_wconf 90' lang='lat' dir='ltr'><strong>illa</strong></span> <span class='ocrx_word' id='word_1_686' title='bbox 3072 4426 3231 4488; x_wconf 87' lang='lat' dir='ltr'><strong>hora,</strong></span> <span class='ocrx_word' id='word_1_687' title='bbox 3263 4425 3482 4479; x_wconf 86' lang='lat' dir='ltr'><strong>avulsus</strong></span> <span class='ocrx_word' id='word_1_688' title='bbox 3512 4434 3592 4480; x_wconf 89' lang='lat' dir='ltr'><strong>est</strong></span> 
     </span>
    </p>
   </div>
   <div class='ocr_carea' id='block_1_90' title="bbox 309 4514 1891 4601">
    <p class='ocr_par' dir='ltr' id='par_1_90' title="bbox 309 4514 1891 4593">
     <span class='ocr_line' id='line_1_90' title="bbox 309 4514 1891 4593; baseline 0.007 -26"><span class='ocrx_word' id='word_1_689' title='bbox 309 4514 459 4568; x_wconf 77' lang='grc' dir='ltr'>ὡσεὶ</span> <span class='ocrx_word' id='word_1_690' title='bbox 493 4516 667 4572; x_wconf 74' lang='grc' dir='ltr'>,λίθου</span> <span class='ocrx_word' id='word_1_691' title='bbox 691 4517 928 4587; x_wconf 71' lang='grc' dir='ltr'><strong>βολὴν,</strong></span> <span class='ocrx_word' id='word_1_692' title='bbox 969 4520 1066 4573; x_wconf 80' lang='grc' dir='ltr'><strong>καὶ</strong></span> <span class='ocrx_word' id='word_1_693' title='bbox 1104 4520 1386 4574; x_wconf 76' lang='grc' dir='ltr'><strong>ἀπελθὼν</strong></span> <span class='ocrx_word' id='word_1_694' title='bbox 1409 4521 1652 4591; x_wconf 81' lang='grc' dir='ltr'>ηὔχετο,</span> <span class='ocrx_word' id='word_1_695' title='bbox 1685 4522 1857 4593; x_wconf 75' lang='grc' dir='ltr'>ἔλεγε</span> <span class='ocrx_word' id='word_1_696' title='bbox 1879 4542 1891 4554; x_wconf 91' lang='grc'><strong>·</strong></span> 
     </span>
    </p>
   </div>
   <div class='ocr_carea' id='block_1_91' title="bbox 1995 4514 3592 4601">
    <p class='ocr_par' dir='ltr' id='par_1_91' title="bbox 2001 4515 3592 4586">
     <span class='ocr_line' id='line_1_91' title="bbox 2001 4515 3592 4586; baseline 0.001 -15"><span class='ocrx_word' id='word_1_697' title='bbox 2001 4519 2066 4571; x_wconf 88' lang='lat' dir='ltr'><strong>ab</strong></span> <span class='ocrx_word' id='word_1_698' title='bbox 2104 4518 2214 4572; x_wconf 83' lang='lat' dir='ltr'><strong>illis</strong></span> <span class='ocrx_word' id='word_1_699' title='bbox 2256 4515 2447 4586; x_wconf 85' lang='lat' dir='ltr'><strong>lapidis</strong></span> <span class='ocrx_word' id='word_1_700' title='bbox 2486 4516 2595 4586; x_wconf 77' lang='lat' dir='ltr'><strong>fere</strong></span> <span class='ocrx_word' id='word_1_701' title='bbox 2620 4516 2795 4586; x_wconf 82' lang='lat' dir='ltr'><strong>jactu,</strong></span> <span class='ocrx_word' id='word_1_702' title='bbox 2827 4523 2880 4571; x_wconf 88' lang='lat' dir='ltr'><strong>et</strong></span> <span class='ocrx_word' id='word_1_703' title='bbox 2914 4516 3093 4571; x_wconf 86' lang='lat' dir='ltr'><strong>abiens</strong></span> <span class='ocrx_word' id='word_1_704' title='bbox 3125 4515 3315 4571; x_wconf 85' lang='lat' dir='ltr'><strong>orabat</strong></span> <span class='ocrx_word' id='word_1_705' title='bbox 3362 4516 3444 4572; x_wconf 85' lang='lat' dir='ltr'><strong>Itis</strong></span> <span class='ocrx_word' id='word_1_706' title='bbox 3479 4533 3592 4583; x_wconf 75' lang='lat' dir='ltr'><strong>ver-</strong></span> 
     </span>
    </p>
   </div>
   <div class='ocr_carea' id='block_1_92' title="bbox 310 4605 1900 4684">
    <p class='ocr_par' dir='ltr' id='par_1_92' title="bbox 310 4605 1900 4684">
     <span class='ocr_line' id='line_1_92' title="bbox 310 4605 1900 4684; baseline 0.008 -24"><span class='ocrx_word' id='word_1_707' title='bbox 310 4605 526 4676; x_wconf 75' lang='grc' dir='ltr'><strong>Πιίτερ,</strong></span> <span class='ocrx_word' id='word_1_708' title='bbox 556 4611 607 4663; x_wconf 82' lang='grc' dir='ltr'>εὶ</span> <span class='ocrx_word' id='word_1_709' title='bbox 629 4609 910 4673; x_wconf 78' lang='grc' dir='ltr'>δυνατὸν,</span> <span class='ocrx_word' id='word_1_710' title='bbox 942 4612 1281 4681; x_wconf 81' lang='grc' dir='ltr'><strong>παρελθέτω</strong></span> <span class='ocrx_word' id='word_1_711' title='bbox 1310 4612 1377 4667; x_wconf 79' lang='grc' dir='ltr'><strong>τὸ</strong></span> <span class='ocrx_word' id='word_1_712' title='bbox 1409 4614 1696 4684; x_wconf 75' lang='grc' dir='ltr'>ποτήριον</span> <span class='ocrx_word' id='word_1_713' title='bbox 1723 4617 1900 4677; x_wconf 77' lang='grc' dir='ltr'>τοῦτο</span> 
     </span>
    </p>
   </div>
   <div class='ocr_carea' id='block_1_93' title="bbox 305 4702 1897 4780">
    <p class='ocr_par' dir='ltr' id='par_1_93' title="bbox 305 4702 1897 4780">
     <span class='ocr_line' id='line_1_93' title="bbox 305 4702 1897 4780; baseline 0.006 -25"><span class='ocrx_word' id='word_1_714' title='bbox 305 4703 413 4755; x_wconf 80' lang='grc' dir='ltr'><strong>ἀπ’</strong></span> <span class='ocrx_word' id='word_1_715' title='bbox 436 4702 603 4771; x_wconf 81' lang='grc' dir='ltr'>ἐμοῦ,</span> <span class='ocrx_word' id='word_1_716' title='bbox 634 4704 737 4757; x_wconf 81' lang='grc' dir='ltr'><strong>ἵνα</strong></span> <span class='ocrx_word' id='word_1_717' title='bbox 752 4704 839 4774; x_wconf 79' lang='grc' dir='ltr'>μὴ</span> <span class='ocrx_word' id='word_1_718' title='bbox 861 4705 1006 4759; x_wconf 78' lang='grc' dir='ltr'><strong>αὐτὸ</strong></span> <span class='ocrx_word' id='word_1_719' title='bbox 1026 4705 1159 4759; x_wconf 83' lang='grc' dir='ltr'>πίω.</span> <span class='ocrx_word' id='word_1_720' title='bbox 1187 4705 1363 4776; x_wconf 77' lang='grc' dir='ltr'><em>Πλὴν</em></span> <span class='ocrx_word' id='word_1_721' title='bbox 1382 4709 1495 4777; x_wconf 81' lang='grc' dir='ltr'><strong>οὐχ</strong></span> <span class='ocrx_word' id='word_1_722' title='bbox 1527 4707 1559 4761; x_wconf 85' lang='grc' dir='ltr'>ὃ</span> <span class='ocrx_word' id='word_1_723' title='bbox 1586 4709 1701 4780; x_wconf 75' lang='grc' dir='ltr'><strong>ἐγὼ</strong></span> <span class='ocrx_word' id='word_1_724' title='bbox 1722 4709 1897 4778; x_wconf 81' lang='grc' dir='ltr'><em>θέλω,</em></span> 
     </span>
    </p>
   </div>
   <div class='ocr_carea' id='block_1_94' title="bbox 305 4792 1900 4869">
    <p class='ocr_par' dir='ltr' id='par_1_94' title="bbox 305 4792 1900 4869">
     <span class='ocr_line' id='line_1_94' title="bbox 305 4792 1900 4869; baseline 0.004 -22"><span class='ocrx_word' id='word_1_725' title='bbox 305 4793 452 4847; x_wconf 70' lang='grc' dir='ltr'><strong>ἀλλ’</strong></span> <span class='ocrx_word' id='word_1_726' title='bbox 485 4792 516 4845; x_wconf 84' lang='grc' dir='ltr'>ὃ</span> <span class='ocrx_word' id='word_1_727' title='bbox 555 4794 657 4848; x_wconf 84' lang='grc' dir='ltr'><strong>σύ.</strong></span> <span class='ocrx_word' id='word_1_728' title='bbox 686 4796 798 4849; x_wconf 79' lang='grc' dir='ltr'><strong>Καὶ</strong></span> <span class='ocrx_word' id='word_1_729' title='bbox 827 4795 1041 4866; x_wconf 78' lang='grc' dir='ltr'>πρῶτον</span> <span class='ocrx_word' id='word_1_730' title='bbox 1076 4796 1178 4867; x_wconf 81' lang='grc' dir='ltr'>μὲν</span> <span class='ocrx_word' id='word_1_731' title='bbox 1207 4796 1370 4852; x_wconf 80' lang='grc' dir='ltr'>πάλιν</span> <span class='ocrx_word' id='word_1_732' title='bbox 1397 4799 1823 4869; x_wconf 78' lang='grc' dir='ltr'>προφασίζονται</span> <span class='ocrx_word' id='word_1_733' title='bbox 1848 4802 1900 4853; x_wconf 78' lang='grc' dir='ltr'>οἱ</span> 
     </span>
    </p>
   </div>
   <div class='ocr_carea' id='block_1_95' title="bbox 306 4881 1899 4959">
    <p class='ocr_par' dir='ltr' id='par_1_95' title="bbox 306 4881 1899 4959">
     <span class='ocr_line' id='line_1_95' title="bbox 306 4881 1899 4959; baseline 0.004 -23"><span class='ocrx_word' id='word_1_734' title='bbox 306 4881 468 4936; x_wconf 71' lang='grc' dir='ltr'>αὐτοὶ</span> <span class='ocrx_word' id='word_1_735' title='bbox 490 4881 760 4951; x_wconf 76' lang='grc' dir='ltr'>λέγοντες,</span> <span class='ocrx_word' id='word_1_736' title='bbox 783 4886 866 4943; x_wconf 80' lang='grc' dir='ltr'><strong>ὅτι</strong></span> <span class='ocrx_word' id='word_1_737' title='bbox 881 4886 1047 4959; x_wconf 77' lang='grc' dir='ltr'><strong>Ὁρᾷς</strong></span> <span class='ocrx_word' id='word_1_738' title='bbox 1064 4886 1181 4950; x_wconf 83' lang='grc' dir='ltr'>πῶς</span> <span class='ocrx_word' id='word_1_739' title='bbox 1195 4887 1566 4958; x_wconf 84' lang='grc' dir='ltr'><strong>ὑποκριτικῶς</strong></span> <span class='ocrx_word' id='word_1_740' title='bbox 1583 4890 1595 4920; x_wconf 83' lang='grc'><strong><em>’</em></strong></span> <span class='ocrx_word' id='word_1_741' title='bbox 1618 4889 1786 4958; x_wconf 74' lang='grc' dir='ltr'><strong>λέγει,</strong></span> <span class='ocrx_word' id='word_1_742' title='bbox 1804 4891 1899 4947; x_wconf 80' lang='grc' dir='ltr'><strong>καὶ</strong></span> 
     </span>
    </p>
   </div>
   <div class='ocr_carea' id='block_1_96' title="bbox 311 4973 1900 5051">
    <p class='ocr_par' dir='ltr' id='par_1_96' title="bbox 311 4973 1900 5051">
     <span class='ocr_line' id='line_1_96' title="bbox 311 4973 1900 5051; baseline 0.006 -25"><span class='ocrx_word' id='word_1_743' title='bbox 311 4973 561 5046; x_wconf 75' lang='grc' dir='ltr'>βούλημα</span> <span class='ocrx_word' id='word_1_744' title='bbox 587 4976 980 5048; x_wconf 77' lang='grc' dir='ltr'>διηλλαγμένον</span> <span class='ocrx_word' id='word_1_745' title='bbox 1017 4978 1307 5051; x_wconf 78' lang='grc' dir='ltr'>ὑποφαίνει</span> <span class='ocrx_word' id='word_1_746' title='bbox 1332 4979 1506 5049; x_wconf 83' lang='grc' dir='ltr'>λέγων</span> <span class='ocrx_word' id='word_1_747' title='bbox 1531 4999 1544 5013; x_wconf 79' lang='grc' dir='ltr'><strong>ο</strong></span> <span class='ocrx_word' id='word_1_748' title='bbox 1571 4982 1695 5049; x_wconf 84' lang='grc' dir='ltr'><strong>Οὐχ</strong></span> <span class='ocrx_word' id='word_1_749' title='bbox 1718 4980 1752 5034; x_wconf 81' lang='grc' dir='ltr'><em>ὃ</em></span> <span class='ocrx_word' id='word_1_750' title='bbox 1784 4980 1900 5050; x_wconf 76' lang='grc' dir='ltr'><strong>ἐγὼ</strong></span> 
     </span>
    </p>
   </div>
   <div class='ocr_carea' id='block_1_97' title="bbox 307 5066 1895 5143">
    <p class='ocr_par' dir='ltr' id='par_1_97' title="bbox 307 5066 1895 5143">
     <span class='ocr_line' id='line_1_97' title="bbox 307 5066 1895 5143; baseline 0.003 -21"><span class='ocrx_word' id='word_1_751' title='bbox 307 5066 486 5131; x_wconf 75' lang='grc' dir='ltr'><em>θέλω,</em></span> <span class='ocrx_word' id='word_1_752' title='bbox 512 5069 649 5123; x_wconf 69' lang='grc' dir='ltr'><strong>ἀλλ’</strong></span> <span class='ocrx_word' id='word_1_753' title='bbox 685 5069 718 5122; x_wconf 84' lang='grc' dir='ltr'>ὃ</span> <span class='ocrx_word' id='word_1_754' title='bbox 741 5071 823 5124; x_wconf 85' lang='grc' dir='ltr'><em>σύ</em></span> <span class='ocrx_word' id='word_1_755' title='bbox 847 5088 866 5136; x_wconf 85' lang='grc'><em>;</em></span> <span class='ocrx_word' id='word_1_756' title='bbox 898 5070 1023 5134; x_wconf 84' lang='grc' dir='ltr'><strong>Πῶς</strong></span> <span class='ocrx_word' id='word_1_757' title='bbox 1052 5067 1146 5125; x_wconf 82' lang='grc' dir='ltr'><strong>οὖν</strong></span> <span class='ocrx_word' id='word_1_758' title='bbox 1177 5073 1210 5142; x_wconf 84' lang='grc' dir='ltr'><strong>ἡ</strong></span> <span class='ocrx_word' id='word_1_759' title='bbox 1238 5071 1377 5143; x_wconf 79' lang='grc' dir='ltr'><strong>αὑτὴ</strong></span> <span class='ocrx_word' id='word_1_760' title='bbox 1414 5072 1575 5129; x_wconf 79' lang='grc' dir='ltr'>οὐσία</span> <span class='ocrx_word' id='word_1_761' title='bbox 1599 5072 1860 5143; x_wconf 85' lang='grc' dir='ltr'>τυγχάνει</span> <span class='ocrx_word' id='word_1_762' title='bbox 1881 5114 1895 5140; x_wconf 88' lang='grc'><em>,</em></span> 
     </span>
    </p>
   </div>
   <div class='ocr_carea' id='block_1_98' title="bbox 310 5160 1895 5239">
    <p class='ocr_par' dir='ltr' id='par_1_98' title="bbox 310 5160 1895 5239">
     <span class='ocr_line' id='line_1_98' title="bbox 310 5160 1895 5239; baseline 0.006 -28"><span class='ocrx_word' id='word_1_763' title='bbox 310 5160 508 5229; x_wconf 70' lang='grc' dir='ltr'>φασὶν,</span> <span class='ocrx_word' id='word_1_764' title='bbox 530 5161 613 5214; x_wconf 79' lang='grc' dir='ltr'><strong>ὅτι</strong></span> <span class='ocrx_word' id='word_1_765' title='bbox 644 5163 702 5217; x_wconf 83' lang='grc' dir='ltr'>ὲν</span> <span class='ocrx_word' id='word_1_766' title='bbox 726 5162 878 5233; x_wconf 81' lang='grc' dir='ltr'><strong>αὐτῷ</strong></span> <span class='ocrx_word' id='word_1_767' title='bbox 898 5163 1086 5236; x_wconf 73' lang='grc' dir='ltr'><strong>ἔτερόν</strong></span> <span class='ocrx_word' id='word_1_768' title='bbox 1107 5166 1225 5218; x_wconf 78' lang='grc' dir='ltr'><strong>ἐστι</strong></span> <span class='ocrx_word' id='word_1_769' title='bbox 1253 5164 1525 5237; x_wconf 80' lang='grc' dir='ltr'>βούλημα,</span> <span class='ocrx_word' id='word_1_770' title='bbox 1550 5167 1608 5218; x_wconf 82' lang='grc' dir='ltr'>ὲν</span> <span class='ocrx_word' id='word_1_771' title='bbox 1631 5165 1687 5222; x_wconf 81' lang='grc' dir='ltr'><strong>δὲ</strong></span> <span class='ocrx_word' id='word_1_772' title='bbox 1716 5167 1895 5239; x_wconf 71' lang='grc' dir='ltr'><strong>Πατρὶ</strong></span> 
     </span>
    </p>
   </div>
   <div class='ocr_carea' id='block_1_99' title="bbox 310 5252 1898 5328">
    <p class='ocr_par' dir='ltr' id='par_1_99' title="bbox 310 5252 1898 5328">
     <span class='ocr_line' id='line_1_99' title="bbox 310 5252 1898 5328; baseline 0.005 -23"><span class='ocrx_word' id='word_1_773' title='bbox 310 5252 529 5323; x_wconf 69' lang='grc' dir='ltr'>ἓτερονς</span> <span class='ocrx_word' id='word_1_774' title='bbox 561 5255 670 5309; x_wconf 82' lang='grc' dir='ltr'><strong>Καὶ</strong></span> <span class='ocrx_word' id='word_1_775' title='bbox 686 5256 946 5326; x_wconf 82' lang='grc' dir='ltr'>ἀγνοοῦσι</span> <span class='ocrx_word' id='word_1_776' title='bbox 976 5256 1074 5328; x_wconf 79' lang='grc' dir='ltr'>τὴν</span> <span class='ocrx_word' id='word_1_777' title='bbox 1107 5259 1289 5315; x_wconf 75' lang='grc' dir='ltr'>πᾶσαν</span> <span class='ocrx_word' id='word_1_778' title='bbox 1318 5257 1570 5328; x_wconf 83' lang='grc' dir='ltr'>δύναμιν.</span> <span class='ocrx_word' id='word_1_779' title='bbox 1602 5257 1702 5311; x_wconf 85' lang='grc' dir='ltr'><strong>Διὰ</strong></span> <span class='ocrx_word' id='word_1_780' title='bbox 1738 5259 1898 5313; x_wconf 82' lang='grc' dir='ltr'><strong>τοῦτο</strong></span> 
     </span>
    </p>
   </div>
   <div class='ocr_carea' id='block_1_100' title="bbox 310 5344 1896 5420">
    <p class='ocr_par' dir='ltr' id='par_1_100' title="bbox 310 5344 1896 5420">
     <span class='ocr_line' id='line_1_100' title="bbox 310 5344 1896 5420; baseline 0.004 -21"><span class='ocrx_word' id='word_1_781' title='bbox 310 5344 420 5415; x_wconf 69' lang='grc' dir='ltr'><strong>γὰρ</strong></span> <span class='ocrx_word' id='word_1_782' title='bbox 452 5349 545 5401; x_wconf 75' lang='grc' dir='ltr'><strong>καὶ</strong></span> <span class='ocrx_word' id='word_1_783' title='bbox 582 5350 609 5402; x_wconf 92' lang='lat'><strong>6</strong></span> <span class='ocrx_word' id='word_1_784' title='bbox 652 5349 973 5413; x_wconf 85' lang='grc' dir='ltr'>Ἀπόστολος</span> <span class='ocrx_word' id='word_1_785' title='bbox 1005 5350 1108 5420; x_wconf 78' lang='grc' dir='ltr'><strong>ἔφη</strong></span> <span class='ocrx_word' id='word_1_786' title='bbox 1133 5367 1144 5379; x_wconf 91' lang='grc'><strong>·</strong></span> <span class='ocrx_word' id='word_1_787' title='bbox 1178 5345 1456 5416; x_wconf 62' lang='grc' dir='ltr'><strong>Ὧβιὶθος</strong></span> <span class='ocrx_word' id='word_1_788' title='bbox 1488 5352 1896 5416; x_wconf 75' lang='grc' dir='ltr'><strong>πλούτοι),καὶ</strong></span> 
     </span>
    </p>
   </div>
   <div class='ocr_carea' id='block_1_101' title="bbox 306 5441 1896 5516">
    <p class='ocr_par' dir='ltr' id='par_1_101' title="bbox 306 5441 1896 5516">
     <span class='ocr_line' id='line_1_101' title="bbox 306 5441 1896 5516; baseline 0.003 -24"><span class='ocrx_word' id='word_1_789' title='bbox 306 5441 555 5509; x_wconf 70' lang='grc' dir='ltr'>σοφίας,</span> <span class='ocrx_word' id='word_1_790' title='bbox 588 5443 686 5495; x_wconf 81' lang='grc' dir='ltr'><strong>καὶ</strong></span> <span class='ocrx_word' id='word_1_791' title='bbox 715 5442 991 5513; x_wconf 75' lang='grc' dir='ltr'><strong>γνώσεως</strong></span> <span class='ocrx_word' id='word_1_792' title='bbox 1022 5443 1171 5498; x_wconf 84' lang='grc' dir='ltr'>Θεοῦ</span> <span class='ocrx_word' id='word_1_793' title='bbox 1191 5444 1211 5495; x_wconf 89' lang='lat'><strong><em>!</em></strong></span> <span class='ocrx_word' id='word_1_794' title='bbox 1245 5444 1371 5508; x_wconf 74' lang='grc' dir='ltr'><strong>Πῶς</strong></span> <span class='ocrx_word' id='word_1_795' title='bbox 1401 5444 1510 5516; x_wconf 87' lang='grc' dir='ltr'><strong>γὰρ</strong></span> <span class='ocrx_word' id='word_1_796' title='bbox 1541 5445 1673 5499; x_wconf 83' lang='grc' dir='ltr'>ἴδιον</span> <span class='ocrx_word' id='word_1_797' title='bbox 1704 5445 1896 5516; x_wconf 80' lang='grc' dir='ltr'>βούλη-</span> 
     </span>
    </p>
   </div>
   <div class='ocr_carea' id='block_1_102' title="bbox 311 5531 1895 5611">
    <p class='ocr_par' dir='ltr' id='par_1_102' title="bbox 311 5531 1895 5611">
     <span class='ocr_line' id='line_1_102' title="bbox 311 5531 1895 5611; baseline 0.006 -28"><span class='ocrx_word' id='word_1_798' title='bbox 311 5547 394 5605; x_wconf 81' lang='grc' dir='ltr'>μα</span> <span class='ocrx_word' id='word_1_799' title='bbox 421 5531 527 5611; x_wconf 73' lang='grc' dir='ltr'><strong>ἔφη</strong></span> <span class='ocrx_word' id='word_1_800' title='bbox 555 5533 703 5604; x_wconf 75' lang='grc' dir='ltr'>παρὰ</span> <span class='ocrx_word' id='word_1_801' title='bbox 742 5533 804 5586; x_wconf 74' lang='grc' dir='ltr'><strong>τὸ</strong></span> <span class='ocrx_word' id='word_1_802' title='bbox 831 5533 926 5587; x_wconf 70' lang='grc' dir='ltr'><strong>τοῦ</strong></span> <span class='ocrx_word' id='word_1_803' title='bbox 958 5534 1171 5602; x_wconf 79' lang='grc' dir='ltr'><strong>Πατρδς</strong></span> <span class='ocrx_word' id='word_1_804' title='bbox 1207 5534 1475 5607; x_wconf 72' lang='grc' dir='ltr'><strong>βούλημα,</strong></span> <span class='ocrx_word' id='word_1_805' title='bbox 1532 5537 1696 5591; x_wconf 80' lang='grc' dir='ltr'>ὁπότε</span> <span class='ocrx_word' id='word_1_806' title='bbox 1733 5538 1895 5599; x_wconf 77' lang='grc' dir='ltr'>αὐτὸς</span> 
     </span>
    </p>
   </div>
   <div class='ocr_carea' id='block_1_103' title="bbox 386 5706 926 5774">
    <p class='ocr_par' dir='ltr' id='par_1_103' title="bbox 386 5706 926 5774">
     <span class='ocr_line' id='line_1_103' title="bbox 386 5706 926 5774; baseline 0.002 -11"><span class='ocrx_word' id='word_1_807' title='bbox 386 5709 400 5740; x_wconf 88' lang='grc'><strong>¹</strong></span> <span class='ocrx_word' id='word_1_808' title='bbox 440 5706 505 5764; x_wconf 87' lang='lat' dir='ltr'><strong>F.</strong></span> <span class='ocrx_word' id='word_1_809' title='bbox 531 5707 926 5774; x_wconf 81' lang='grc' dir='ltr'><strong>ἀποκριτικῶς.</strong></span> 
     </span>
    </p>
   </div>
   <div class='ocr_carea' id='block_1_104' title="bbox 312 5762 718 5843">
    <p class='ocr_par' dir='ltr' id='par_1_104' title="bbox 312 5762 718 5843">
     <span class='ocr_line' id='line_1_104' title="bbox 312 5762 718 5843; baseline -0.005 -8"><span class='ocrx_word' id='word_1_810' title='bbox 312 5781 335 5812; x_wconf 89' lang='grc'><strong>⁷</strong></span> <span class='ocrx_word' id='word_1_811' title='bbox 362 5762 469 5835; x_wconf 72' lang='lat' dir='ltr'><strong>lea.</strong></span> <span class='ocrx_word' id='word_1_812' title='bbox 490 5762 625 5843; x_wconf 61' lang='lat' dir='ltr'><strong>tiu,</strong></span> <span class='ocrx_word' id='word_1_813' title='bbox 663 5762 718 5833; x_wconf 61' lang='grc' dir='ltr'>ί.</span> 
     </span>
    </p>
   </div>
   <div class='ocr_carea' id='block_1_105' title="bbox 592 5891 1258 5966">
    <p class='ocr_par' dir='ltr' id='par_1_105' title="bbox 592 5891 1258 5966">
     <span class='ocr_line' id='line_1_105' title="bbox 592 5891 1258 5966; baseline 0.011 -12"><span class='ocrx_word' id='word_1_814' title='bbox 592 5891 866 5961; x_wconf 56' lang='lat' dir='ltr'><strong>Peraea.</strong></span> <span class='ocrx_word' id='word_1_815' title='bbox 906 5896 1027 5956; x_wconf 83' lang='lat' dir='ltr'><strong>Gn.</strong></span> <span class='ocrx_word' id='word_1_816' title='bbox 1066 5894 1258 5966; x_wconf 70' lang='lat' dir='ltr'><strong>XLI].</strong></span> 
     </span>
    </p>
   </div>
   <div class='ocr_carea' id='block_1_106' title="bbox 2003 4609 3590 4679">
    <p class='ocr_par' dir='ltr' id='par_1_106' title="bbox 2003 4609 3590 4679">
     <span class='ocr_line' id='line_1_106' title="bbox 2003 4609 3590 4679; baseline 0 -15"><span class='ocrx_word' id='word_1_817' title='bbox 2003 4612 2080 4666; x_wconf 88' lang='lat' dir='ltr'><strong>bis</strong></span> <span class='ocrx_word' id='word_1_818' title='bbox 2106 4629 2124 4664; x_wconf 86' lang='lat'><strong><em>:</em></strong></span> <span class='ocrx_word' id='word_1_819' title='bbox 2162 4610 2347 4676; x_wconf 83' lang='lat' dir='ltr'><strong>Pater,</strong></span> <span class='ocrx_word' id='word_1_820' title='bbox 2385 4611 2431 4665; x_wconf 86' lang='lat' dir='ltr'><strong>si</strong></span> <span class='ocrx_word' id='word_1_821' title='bbox 2472 4609 2589 4679; x_wconf 78' lang='lat' dir='ltr'><strong>ﬁeri</strong></span> <span class='ocrx_word' id='word_1_822' title='bbox 2618 4618 2810 4679; x_wconf 83' lang='lat' dir='ltr'><strong>potest,</strong></span> <span class='ocrx_word' id='word_1_823' title='bbox 2844 4619 3081 4665; x_wconf 84' lang='lat' dir='ltr'><strong>transeat</strong></span> <span class='ocrx_word' id='word_1_824' title='bbox 3114 4627 3147 4664; x_wconf 87' lang='lat' dir='ltr'><strong>a</strong></span> <span class='ocrx_word' id='word_1_825' title='bbox 3185 4625 3266 4665; x_wconf 81' lang='lat' dir='ltr'><strong>me</strong></span> <span class='ocrx_word' id='word_1_826' title='bbox 3298 4610 3441 4663; x_wconf 73' lang='lat' dir='ltr'><strong>calix</strong></span> <span class='ocrx_word' id='word_1_827' title='bbox 3471 4611 3590 4675; x_wconf 83' lang='lat' dir='ltr'><strong>iste,</strong></span> 
     </span>
    </p>
   </div>
   <div class='ocr_carea' id='block_1_107' title="bbox 2003 4701 3590 4772">
    <p class='ocr_par' dir='ltr' id='par_1_107' title="bbox 2003 4701 3590 4772">
     <span class='ocr_line' id='line_1_107' title="bbox 2003 4701 3590 4772; baseline -0.003 -14"><span class='ocrx_word' id='word_1_828' title='bbox 2003 4714 2059 4759; x_wconf 81' lang='lat' dir='ltr'><strong>ut</strong></span> <span class='ocrx_word' id='word_1_829' title='bbox 2085 4721 2187 4759; x_wconf 86' lang='lat' dir='ltr'><strong>non</strong></span> <span class='ocrx_word' id='word_1_830' title='bbox 2219 4705 2394 4759; x_wconf 87' lang='lat' dir='ltr'><strong>bibam</strong></span> <span class='ocrx_word' id='word_1_831' title='bbox 2423 4704 2599 4757; x_wconf 84' lang='lat' dir='ltr'><strong>illum.</strong></span> <span class='ocrx_word' id='word_1_832' title='bbox 2638 4701 3007 4757; x_wconf 80' lang='lat' dir='ltr'><strong>Verumtamen</strong></span> <span class='ocrx_word' id='word_1_833' title='bbox 3038 4720 3143 4757; x_wconf 83' lang='lat' dir='ltr'><strong>non</strong></span> <span class='ocrx_word' id='word_1_834' title='bbox 3169 4703 3308 4772; x_wconf 83' lang='lat' dir='ltr'><strong>quod</strong></span> <span class='ocrx_word' id='word_1_835' title='bbox 3334 4719 3426 4772; x_wconf 86' lang='lat' dir='ltr'><strong>ego</strong></span> <span class='ocrx_word' id='word_1_836' title='bbox 3452 4702 3590 4765; x_wconf 84' lang='lat' dir='ltr'><strong>volo,</strong></span> 
     </span>
    </p>
   </div>
   <div class='ocr_carea' id='block_1_108' title="bbox 2002 4792 3591 4865">
    <p class='ocr_par' dir='ltr' id='par_1_108' title="bbox 2002 4792 3591 4865">
     <span class='ocr_line' id='line_1_108' title="bbox 2002 4792 3591 4865; baseline 0.001 -16"><span class='ocrx_word' id='word_1_837' title='bbox 2002 4795 2092 4851; x_wconf 63' lang='lat' dir='ltr'><strong>sed</strong></span> <span class='ocrx_word' id='word_1_838' title='bbox 2134 4794 2273 4865; x_wconf 84' lang='lat' dir='ltr'><strong>quod</strong></span> <span class='ocrx_word' id='word_1_839' title='bbox 2326 4795 2434 4850; x_wconf 80' lang='lat' dir='ltr'><strong>tu’.</strong></span> <span class='ocrx_word' id='word_1_840' title='bbox 2487 4792 2563 4852; x_wconf 77' lang='lat' dir='ltr'><strong>Ex</strong></span> <span class='ocrx_word' id='word_1_841' title='bbox 2608 4809 2719 4863; x_wconf 88' lang='lat' dir='ltr'><strong>quo</strong></span> <span class='ocrx_word' id='word_1_842' title='bbox 2752 4794 2825 4847; x_wconf 77' lang='lat' dir='ltr'><strong>ita</strong></span> <span class='ocrx_word' id='word_1_843' title='bbox 2876 4793 3195 4864; x_wconf 85' lang='lat' dir='ltr'><strong>disputandi</strong></span> <span class='ocrx_word' id='word_1_844' title='bbox 3237 4794 3591 4851; x_wconf 71' lang='lat' dir='ltr'><strong>occasionem</strong></span> 
     </span>
    </p>
   </div>
   <div class='ocr_carea' id='block_1_109' title="bbox 2001 4870 3594 4959">
    <p class='ocr_par' dir='ltr' id='par_1_109' title="bbox 2001 4870 3594 4959">
     <span class='ocr_line' id='line_1_109' title="bbox 2001 4870 3594 4959; baseline -0.001 -17"><span class='ocrx_word' id='word_1_845' title='bbox 2001 4898 2263 4959; x_wconf 78' lang='lat' dir='ltr'><strong>captant:</strong></span> <span class='ocrx_word' id='word_1_846' title='bbox 2296 4870 2482 4950; x_wconf 75' lang='lat' dir='ltr'><strong>Vides,</strong></span> <span class='ocrx_word' id='word_1_847' title='bbox 2517 4887 2793 4957; x_wconf 88' lang='lat' dir='ltr'><strong>inquiunt.</strong></span> <span class='ocrx_word' id='word_1_848' title='bbox 2818 4897 2880 4942; x_wconf 91' lang='lat' dir='ltr'><strong>ut</strong></span> <span class='ocrx_word' id='word_1_849' title='bbox 2910 4886 2977 4941; x_wconf 89' lang='lat' dir='ltr'><strong>ad</strong></span> <span class='ocrx_word' id='word_1_850' title='bbox 3007 4884 3435 4943; x_wconf 86' lang='lat' dir='ltr'><strong>discernendum</strong></span> <span class='ocrx_word' id='word_1_851' title='bbox 3468 4896 3594 4958; x_wconf 88' lang='lat' dir='ltr'><strong>apte</strong></span> 
     </span>
    </p>
   </div>
   <div class='ocr_carea' id='block_1_110' title="bbox 2001 4976 3594 5042">
    <p class='ocr_par' dir='ltr' id='par_1_110' title="bbox 2001 4976 3594 5042">
     <span class='ocr_line' id='line_1_110' title="bbox 2001 4976 3594 5042; baseline 0.001 -11"><span class='ocrx_word' id='word_1_852' title='bbox 2001 4977 2219 5033; x_wconf 87' lang='lat' dir='ltr'><strong>locutus</strong></span> <span class='ocrx_word' id='word_1_853' title='bbox 2253 4977 2346 5042; x_wconf 89' lang='lat' dir='ltr'><strong>sit,</strong></span> <span class='ocrx_word' id='word_1_854' title='bbox 2379 4984 2433 5031; x_wconf 85' lang='lat' dir='ltr'><strong>et</strong></span> <span class='ocrx_word' id='word_1_855' title='bbox 2456 4976 2732 5031; x_wconf 84' lang='lat' dir='ltr'><strong>diversam</strong></span> <span class='ocrx_word' id='word_1_856' title='bbox 2764 4976 2951 5031; x_wconf 90' lang='lat' dir='ltr'><strong>abillo</strong></span> <span class='ocrx_word' id='word_1_857' title='bbox 2981 4976 3317 5032; x_wconf 88' lang='lat' dir='ltr'><strong>voluntatem</strong></span> <span class='ocrx_word' id='word_1_858' title='bbox 3343 4977 3594 5033; x_wconf 73' lang='lat' dir='ltr'><strong>indicet?</strong></span> 
     </span>
    </p>
   </div>
   <div class='ocr_carea' id='block_1_111' title="bbox 1999 5068 3591 5141">
    <p class='ocr_par' dir='ltr' id='par_1_111' title="bbox 1999 5068 3591 5141">
     <span class='ocr_line' id='line_1_111' title="bbox 1999 5068 3591 5141; baseline 0 -17"><span class='ocrx_word' id='word_1_859' title='bbox 1999 5070 2116 5129; x_wconf 82' lang='lat' dir='ltr'><strong>Non</strong></span> <span class='ocrx_word' id='word_1_860' title='bbox 2139 5070 2278 5139; x_wconf 77' lang='lat' dir='ltr'><strong>quod</strong></span> <span class='ocrx_word' id='word_1_861' title='bbox 2310 5085 2403 5139; x_wconf 85' lang='lat' dir='ltr'><strong>ego</strong></span> <span class='ocrx_word' id='word_1_862' title='bbox 2424 5068 2562 5132; x_wconf 82' lang='lat' dir='ltr'><strong>volo,</strong></span> <span class='ocrx_word' id='word_1_863' title='bbox 2597 5068 2688 5123; x_wconf 85' lang='lat' dir='ltr'><strong>sed</strong></span> <span class='ocrx_word' id='word_1_864' title='bbox 2718 5068 2856 5140; x_wconf 83' lang='lat' dir='ltr'><strong>quod</strong></span> <span class='ocrx_word' id='word_1_865' title='bbox 2884 5079 2961 5123; x_wconf 86' lang='grc' dir='ltr'><strong>ιιι.</strong></span> <span class='ocrx_word' id='word_1_866' title='bbox 2988 5068 3206 5126; x_wconf 83' lang='lat' dir='ltr'><strong>Fierine</strong></span> <span class='ocrx_word' id='word_1_867' title='bbox 3234 5085 3364 5125; x_wconf 82' lang='lat' dir='ltr'><strong>vero</strong></span> <span class='ocrx_word' id='word_1_868' title='bbox 3386 5079 3591 5141; x_wconf 87' lang='lat' dir='ltr'><strong>potest,</strong></span> 
     </span>
    </p>
   </div>
   <div class='ocr_carea' id='block_1_112' title="bbox 1997 5162 3594 5233">
    <p class='ocr_par' dir='ltr' id='par_1_112' title="bbox 1997 5162 3594 5233">
     <span class='ocr_line' id='line_1_112' title="bbox 1997 5162 3594 5233; baseline -0.001 -15"><span class='ocrx_word' id='word_1_869' title='bbox 1997 5174 2061 5227; x_wconf 83' lang='lat' dir='ltr'><strong>ut</strong></span> <span class='ocrx_word' id='word_1_870' title='bbox 2101 5166 2289 5219; x_wconf 86' lang='lat' dir='ltr'><strong>eadem</strong></span> <span class='ocrx_word' id='word_1_871' title='bbox 2338 5163 2622 5221; x_wconf 87' lang='lat' dir='ltr'><strong>amborum</strong></span> <span class='ocrx_word' id='word_1_872' title='bbox 2675 5162 2739 5216; x_wconf 89' lang='lat' dir='ltr'><strong>sit</strong></span> <span class='ocrx_word' id='word_1_873' title='bbox 2790 5163 3055 5225; x_wconf 88' lang='lat' dir='ltr'><strong>essentia,</strong></span> <span class='ocrx_word' id='word_1_874' title='bbox 3103 5178 3230 5218; x_wconf 87' lang='lat' dir='ltr'><strong>cum</strong></span> <span class='ocrx_word' id='word_1_875' title='bbox 3272 5163 3328 5218; x_wconf 88' lang='lat' dir='ltr'><strong>in</strong></span> <span class='ocrx_word' id='word_1_876' title='bbox 3360 5171 3594 5233; x_wconf 86' lang='lat' dir='ltr'><strong>utroque</strong></span> 
     </span>
    </p>
   </div>
   <div class='ocr_carea' id='block_1_113' title="bbox 1999 5256 3592 5325">
    <p class='ocr_par' dir='ltr' id='par_1_113' title="bbox 1999 5256 3592 5325">
     <span class='ocr_line' id='line_1_113' title="bbox 1999 5256 3592 5325; baseline -0.004 -11"><span class='ocrx_word' id='word_1_877' title='bbox 1999 5260 2104 5314; x_wconf 87' lang='lat' dir='ltr'><strong>alia</strong></span> <span class='ocrx_word' id='word_1_878' title='bbox 2132 5260 2389 5316; x_wconf 85' lang='lat' dir='ltr'><strong>voluntas</strong></span> <span class='ocrx_word' id='word_1_879' title='bbox 2422 5259 2594 5314; x_wconf 87' lang='lat' dir='ltr'><strong>insit?</strong></span> <span class='ocrx_word' id='word_1_880' title='bbox 2628 5256 2735 5315; x_wconf 86' lang='lat' dir='ltr'><strong>Sed</strong></span> <span class='ocrx_word' id='word_1_881' title='bbox 2770 5259 2876 5313; x_wconf 79' lang='lat' dir='ltr'><strong>vim</strong></span> <span class='ocrx_word' id='word_1_882' title='bbox 2913 5274 3133 5314; x_wconf 88' lang='lat' dir='ltr'><strong>omnem</strong></span> <span class='ocrx_word' id='word_1_883' title='bbox 3160 5257 3454 5313; x_wconf 89' lang='lat' dir='ltr'><strong>verborum</strong></span> <span class='ocrx_word' id='word_1_884' title='bbox 3493 5268 3592 5325; x_wconf 81' lang='lat' dir='ltr'><strong>pe-</strong></span> 
     </span>
    </p>
   </div>
   <div class='ocr_carea' id='block_1_114' title="bbox 1998 5349 3595 5423">
    <p class='ocr_par' dir='ltr' id='par_1_114' title="bbox 1998 5349 3595 5423">
     <span class='ocr_line' id='line_1_114' title="bbox 1998 5349 3595 5423; baseline -0.004 -17"><span class='ocrx_word' id='word_1_885' title='bbox 1998 5353 2150 5419; x_wconf 76' lang='lat' dir='ltr'><strong>nitus</strong></span> <span class='ocrx_word' id='word_1_886' title='bbox 2202 5353 2477 5423; x_wconf 78' lang='lat' dir='ltr'><strong>ignorant.</strong></span> <span class='ocrx_word' id='word_1_887' title='bbox 2528 5351 2660 5406; x_wconf 76' lang='lat' dir='ltr'><strong>Nam</strong></span> <span class='ocrx_word' id='word_1_888' title='bbox 2709 5363 2761 5407; x_wconf 89' lang='lat' dir='ltr'><strong>et</strong></span> <span class='ocrx_word' id='word_1_889' title='bbox 2798 5361 3087 5423; x_wconf 85' lang='lat' dir='ltr'><strong>propterea</strong></span> <span class='ocrx_word' id='word_1_890' title='bbox 3135 5351 3408 5407; x_wconf 85' lang='lat' dir='ltr'><strong>exclamat</strong></span> <span class='ocrx_word' id='word_1_891' title='bbox 3446 5349 3595 5415; x_wconf 84' lang='lat' dir='ltr'><strong>Apo-</strong></span> 
     </span>
    </p>
   </div>
   <div class='ocr_carea' id='block_1_115' title="bbox 1999 5440 3593 5514">
    <p class='ocr_par' dir='ltr' id='par_1_115' title="bbox 1999 5440 3593 5514">
     <span class='ocr_line' id='line_1_115' title="bbox 1999 5440 3593 5514; baseline -0.002 -14"><span class='ocrx_word' id='word_1_892' title='bbox 1999 5446 2173 5501; x_wconf 82' lang='lat' dir='ltr'><strong>stolus</strong></span> <span class='ocrx_word' id='word_1_893' title='bbox 2211 5466 2222 5500; x_wconf 89' lang='lat'><strong>:</strong></span> <span class='ocrx_word' id='word_1_894' title='bbox 2260 5444 2305 5501; x_wconf 92' lang='grc' dir='ltr'><em>Ο</em></span> <span class='ocrx_word' id='word_1_895' title='bbox 2329 5445 2559 5500; x_wconf 82' lang='lat' dir='ltr'><strong>altitudo</strong></span> <span class='ocrx_word' id='word_1_896' title='bbox 2599 5445 2991 5502; x_wconf 72' lang='lat' dir='ltr'><strong>divitiarumet</strong></span> <span class='ocrx_word' id='word_1_897' title='bbox 3026 5445 3301 5514; x_wconf 82' lang='lat' dir='ltr'><strong>sapientia:</strong></span> <span class='ocrx_word' id='word_1_898' title='bbox 3332 5457 3395 5494; x_wconf 83' lang='lat' dir='ltr'><strong>ac</strong></span> <span class='ocrx_word' id='word_1_899' title='bbox 3417 5440 3593 5497; x_wconf 71' lang='lat' dir='ltr'><strong>scien-</strong></span> 
     </span>
    </p>
   </div>
   <div class='ocr_carea' id='block_1_116' title="bbox 2000 5530 3597 5606">
    <p class='ocr_par' dir='ltr' id='par_1_116' title="bbox 2000 5530 3597 5606">
     <span class='ocr_line' id='line_1_116' title="bbox 2000 5530 3597 5606; baseline -0.003 -16"><span class='ocrx_word' id='word_1_900' title='bbox 2000 5540 2087 5595; x_wconf 73' lang='grc' dir='ltr'><strong>ιὶίυ</strong></span> <span class='ocrx_word' id='word_1_901' title='bbox 2117 5538 2299 5592; x_wconf 77' lang='lat' dir='ltr'><strong>Dei&quot;!</strong></span> <span class='ocrx_word' id='word_1_902' title='bbox 2343 5536 2630 5605; x_wconf 88' lang='lat' dir='ltr'><strong>Quomodo</strong></span> <span class='ocrx_word' id='word_1_903' title='bbox 2682 5538 2828 5592; x_wconf 89' lang='lat' dir='ltr'><strong>enim</strong></span> <span class='ocrx_word' id='word_1_904' title='bbox 2864 5537 3200 5599; x_wconf 84' lang='lat' dir='ltr'><strong>voluntatem</strong></span> <span class='ocrx_word' id='word_1_905' title='bbox 3235 5530 3520 5606; x_wconf 86' lang='lat' dir='ltr'><strong>propriam</strong></span> <span class='ocrx_word' id='word_1_906' title='bbox 3563 5542 3597 5586; x_wconf 69' lang='grc' dir='ltr'><strong>δ</strong></span> 
     </span>
    </p>
   </div>
   <div class='ocr_carea' id='block_1_117' title="bbox 1004 5710 1891 5780">
    <p class='ocr_par' dir='ltr' id='par_1_117' title="bbox 1004 5710 1888 5777">
     <span class='ocr_line' id='line_1_117' title="bbox 1004 5710 1888 5777; baseline 0.007 -14"><span class='ocrx_word' id='word_1_907' title='bbox 1004 5710 1217 5765; x_wconf 75' lang='lat' dir='ltr'><strong>&#39;Mare.</strong></span> <span class='ocrx_word' id='word_1_908' title='bbox 1254 5730 1362 5777; x_wconf 76' lang='lat' dir='ltr'><strong>XVI,</strong></span> <span class='ocrx_word' id='word_1_909' title='bbox 1400 5714 1453 5769; x_wconf 85' lang='lat'>6.</span> <span class='ocrx_word' id='word_1_910' title='bbox 1531 5714 1552 5745; x_wconf 87' lang='grc'><em>³</em></span> <span class='ocrx_word' id='word_1_911' title='bbox 1591 5713 1781 5769; x_wconf 78' lang='lat' dir='ltr'><strong>Matth.</strong></span> <span class='ocrx_word' id='word_1_912' title='bbox 1819 5731 1888 5769; x_wconf 81' lang='lat' dir='ltr'><strong>xx</strong></span> 
     </span>
    </p>
   </div>
   <div class='ocr_carea' id='block_1_118' title="bbox 1995 5710 3587 5780">
    <p class='ocr_par' dir='ltr' id='par_1_118' title="bbox 1995 5711 3587 5780">
     <span class='ocr_line' id='line_1_118' title="bbox 1995 5711 3587 5780; baseline 0.001 -11"><span class='ocrx_word' id='word_1_913' title='bbox 1995 5714 2032 5769; x_wconf 72' lang='grc' dir='ltr'><strong>Ξ.</strong></span> <span class='ocrx_word' id='word_1_914' title='bbox 2111 5712 2313 5769; x_wconf 73' lang='lat' dir='ltr'><strong>‘Jean.</strong></span> <span class='ocrx_word' id='word_1_915' title='bbox 2352 5733 2410 5777; x_wconf 80' lang='grc' dir='ltr'><strong>ι,</strong></span> <span class='ocrx_word' id='word_1_916' title='bbox 2440 5717 2529 5771; x_wconf 89' lang='grc'>18.</span> <span class='ocrx_word' id='word_1_917' title='bbox 2608 5717 2628 5746; x_wconf 83' lang='grc'>⁸</span> <span class='ocrx_word' id='word_1_918' title='bbox 2659 5717 2755 5771; x_wconf 80' lang='lat' dir='ltr'><strong>Act</strong></span> <span class='ocrx_word' id='word_1_919' title='bbox 2816 5731 2900 5780; x_wconf 86' lang='grc' dir='ltr'><strong>ιιι,</strong></span> <span class='ocrx_word' id='word_1_920' title='bbox 2935 5715 3021 5772; x_wconf 75' lang='grc'>15.</span> <span class='ocrx_word' id='word_1_921' title='bbox 3100 5715 3121 5745; x_wconf 86' lang='grc'><strong><em>⁸</em></strong></span> <span class='ocrx_word' id='word_1_922' title='bbox 3151 5712 3196 5771; x_wconf 84' lang='lat' dir='ltr'><strong>ll</strong></span> <span class='ocrx_word' id='word_1_923' title='bbox 3232 5711 3363 5769; x_wconf 85' lang='lat' dir='ltr'><strong>Cor.</strong></span> <span class='ocrx_word' id='word_1_924' title='bbox 3390 5720 3514 5778; x_wconf 72' lang='lat' dir='ltr'><strong>sui,</strong></span> <span class='ocrx_word' id='word_1_925' title='bbox 3537 5712 3587 5773; x_wconf 73' lang='lat'><strong>4.</strong></span> 
     </span>
    </p>
   </div>
   <div class='ocr_carea' id='block_1_119' title="bbox 798 5780 1917 5859">
    <p class='ocr_par' dir='ltr' id='par_1_119' title="bbox 798 5780 1917 5859">
     <span class='ocr_line' id='line_1_119' title="bbox 798 5780 1917 5859; baseline 0.004 -26"><span class='ocrx_word' id='word_1_926' title='bbox 798 5780 819 5809; x_wconf 82' lang='lat'><strong><em>&quot;</em></strong></span> <span class='ocrx_word' id='word_1_927' title='bbox 846 5781 1010 5836; x_wconf 89' lang='lat' dir='ltr'><strong>Hebr.</strong></span> <span class='ocrx_word' id='word_1_928' title='bbox 1044 5797 1119 5847; x_wconf 80' lang='lat' dir='ltr'><strong>tv,</strong></span> <span class='ocrx_word' id='word_1_929' title='bbox 1148 5782 1234 5836; x_wconf 71' lang='grc'><strong>12.</strong></span> <span class='ocrx_word' id='word_1_930' title='bbox 1312 5786 1334 5815; x_wconf 85' lang='grc'><strong>⁹</strong></span> <span class='ocrx_word' id='word_1_931' title='bbox 1366 5784 1499 5839; x_wconf 88' lang='lat' dir='ltr'><strong>Luc.</strong></span> <span class='ocrx_word' id='word_1_932' title='bbox 1525 5801 1663 5852; x_wconf 55' lang='grc' dir='ltr'><strong>χιιι,</strong></span> <span class='ocrx_word' id='word_1_933' title='bbox 1690 5786 1750 5840; x_wconf 74' lang='grc'><strong>41</strong></span> <span class='ocrx_word' id='word_1_934' title='bbox 1797 5802 1917 5859; x_wconf 85' lang='lat' dir='ltr'><strong>sqq.</strong></span> 
     </span>
    </p>
   </div>
   <div class='ocr_carea' id='block_1_120' title="bbox 1996 5784 2458 5857">
    <p class='ocr_par' dir='ltr' id='par_1_120' title="bbox 1996 5784 2458 5857">
     <span class='ocr_line' id='line_1_120' title="bbox 1996 5784 2458 5857; baseline 0.002 -17"><span class='ocrx_word' id='word_1_935' title='bbox 1996 5785 2042 5816; x_wconf 84' lang='lat'><strong>&#39;°</strong></span> <span class='ocrx_word' id='word_1_936' title='bbox 2066 5784 2227 5843; x_wconf 77' lang='lat' dir='ltr'><strong>Rom.</strong></span> <span class='ocrx_word' id='word_1_937' title='bbox 2260 5802 2337 5857; x_wconf 74' lang='grc' dir='ltr'><strong>χι,</strong></span> <span class='ocrx_word' id='word_1_938' title='bbox 2367 5787 2458 5847; x_wconf 74' lang='grc'><strong>55.</strong></span> 
     </span>
    </p>
   </div>
   <div class='ocr_carea' id='block_1_121' title="bbox 3188 5894 3262 5969">
    <p class='ocr_par' dir='ltr' id='par_1_121' title="bbox 3188 5894 3262 5969">
     <span class='ocr_line' id='line_1_121' title="bbox 3188 5894 3262 5969; baseline 0.081 -6"><span class='ocrx_word' id='word_1_939' title='bbox 3188 5894 3262 5969; x_wconf 75' lang='grc' dir='ltr'><strong>ιο</strong></span> 
     </span>
    </p>
   </div>
  </div>
