3994 6430
572 347 677 404 299

1951 342 2010 398 S.
2053 340 2150 398 EPI

2253 339 2399 395 AN"
3726 351 3813 406 sua

572 476 795 536 paterna
817 465 1090 520 diversam
1125 478 1248 518 esse
1269 463 1429 530 dixit,
1467 478 1592 519 rum
1622 462 1729 518 hoc
1751 464 2014 534 apostolis
2044 465 2150 533 ipse

2267 460 2524 533 σημαίνει
2572 461 2711 534 πρὸς
2761 462 2890 525 τοὺς
2938 461 3217 534 μαθητὰς,
3269 463 3352 517 ὅτι
3404 465 3740 534 Τετάρακται
3773 475 3805 540 ἠ

569 556 930 613 declaraverit
962 576 974 612 :
1001 556 1244 610 Turbata
1288 564 1389 620 est,
1441 557 1638 627 inquit,
1680 556 1863 610 anima
1911 573 2045 611 mea.
2087 555 2158 609 Et

567 648 694 716 quid
731 649 1152 711 dicam,Paler?
1186 648 1351 704 Salva
1399 667 1479 705 nte
1513 666 1577 704 ea:
1616 650 1714 704 hac
1745 651 1879 704 hora
1901 651 1920 683 ⁸
1950 669 1963 705 :
2009 649 2157 721 quod

572 739 716 792 velut
750 741 1093 809 praeparandi
1148 741 1325 809 gratia
1376 740 1633 810 ambigue
1670 750 1999 810 conceptum
2028 749 2109 797 est
2139 756 2152 791 :

568 828 709 893 Quid
733 830 935 894 dicam,
976 831 1171 901 inquit,
1212 830 1421 886 Pater?
1456 830 1617 886 Salva
1643 848 1725 887 me
1757 848 1824 887 ea:
1855 833 1955 886 hac
1985 832 2158 891 hora!

568 921 706 985 lloc,
743 923 943 993 inquit,
978 924 1158 979 dicam
1194 943 1206 979 :
1243 924 1347 979 Sed
1367 934 1647 992 propterea
1677 925 1791 979 veni
1816 925 1871 979 in
1893 931 2031 980 hanc
2058 925 2157 980 Ito-

564 1031 706 1070 ram.
755 1014 966 1086 Sponte
1014 1030 1207 1087 porro,
1250 1032 1357 1071 non
1402 1017 1607 1072 invitus
1654 1017 1928 1084 accessit;
1988 1032 2155 1087 supra

563 1108 711 1161 enim
762 1108 982 1162 dixerat
1015 1127 1027 1162 :
1060 1107 1300 1163 Calicem
1347 1108 1512 1162 habeo
1561 1108 1865 1165 bibendum.
1919 1109 1989 1163 Et
2027 1111 2154 1181 quid

566 1199 760 1266 festino
790 1200 956 1254 donec
979 1200 1153 1253 bibam
1187 1202 1362 1255 illum.
1403 1200 1472 1255 Et
1508 1202 1769 1271 baptismo
1797 1202 2153 1272 baptizandus

564 1308 704 1355 sum,
737 1301 785 1345 et
820 1291 947 1361 quid
977 1292 1092 1346 volo
1123 1292 1229 1347 nisi
1258 1302 1316 1346 ut
1336 1293 1454 1361 jam
1477 1291 1713 1361 baptizer
1734 1294 1800 1348 ’ἲ
1826 1292 2009 1360 Quare
2028 1295 2075 1349 si
2101 1302 2156 1349 et

565 1382 701 1447 vult,
743 1389 798 1436 et
829 1381 1073 1444 festinat,
1123 1388 1179 1437 et
1216 1380 1382 1451 hujus
1418 1380 1497 1434 rei
1532 1382 1706 1451 gratia
1730 1380 1953 1435 venisse
1980 1394 2040 1435 se
2066 1378 2157 1433 di—

564 1476 659 1540 cit,
696 1474 918 1545 quinam
965 1474 1129 1528 aliam
1161 1489 1341 1539 suam,
1391 1473 1554 1527 aliam
1594 1472 1774 1529 Patris
1814 1473 2154 1527 voluntatem

560 1581 681 1621 esse
743 1565 1120 1620 demonstrat?
1171 1564 1277 1621 Sed
1327 1566 1590 1637 quoniam
1643 1580 1743 1636 per
1800 1564 2155 1621 lsraeliticam

558 1667 772 1728 gentem
823 1656 1126 1712 tradendus
1156 1656 1322 1729 785
1360 1664 1502 1721 erat,
1547 1670 1673 1711 cum
1719 1655 2155 1712 humanissimus

558 1757 730 1811 esset,
777 1757 834 1804 et
881 1749 1181 1804 Abrahami
1225 1751 1389 1818 stirpi
1449 1749 1743 1804 consulere
1791 1749 1979 1808 vellet.
2028 1748 2151 1815 ejus

2258 554 2434 623 ψυχή
2453 571 2595 623 μου.
2636 554 2749 608 Καὶ
2781 554 2839 607 τί
2864 553 3034 620 εἴπω,
3068 553 3297 623 Πάτερ;
3326 555 3541 610 Σῶσόν
3558 559 3713 627 paea:
3725 561 3813 630 τῆς

2257 642 2410 712 ὥρας
2444 645 2705 712 ταύτης·
2763 644 2838 708 ὡς
2892 647 3525 717 προκατασκευαστικῶς
3569 649 3631 702 τὸ
3681 652 3815 722 ῥητὸν

2257 734 2639 806 διηγούμενος,
2675 736 2771 789 καὶ
2794 736 3191 807 ἐπαμφιδόλως
3217 741 3281 810 τῇ
3303 740 3449 804 λέξει
3476 743 3812 813 κεχρημένος·

2262 824 2334 878 Ὅ
2350 842 2406 878 τι
2420 825 2443 857 ⁸
2463 826 2631 891 εἴπω,
2648 826 2838 895 Πάτερ
2855 842 2874 891 ;
2898 827 3109 883 Σῶσόν
3118 845 3196 899 με
3216 830 3284 883 ἐκ
3304 830 3588 899 τῆςῶρας
3597 836 3813 905 meum

2259 916 2448 980 Τοῦτο,
2465 918 2654 989 φησὶν,
2674 918 2815 972 εἴπω
2832 935 2847 949 ⁸
2879 919 3067 975 Ἀλλὰ
3089 920 3189 976 διὰ
3218 920 3397 998 τοῦτο
3414 918 3607 994 ἦλθον
3628 928 3709 994 είς
3723 928 3817 997 τὴν

2256 1008 2419 1077 ὤραν
2442 1012 2692 1079 ταύτην.
2720 1007 2896 1065 Ἦλθε
2944 1012 3003 1066 δὲ
3031 1014 3133 1067 οὐκ
3153 1014 3323 1080 ἀκων,
3358 1016 3477 1070 ἀλλ’
3505 1017 3645 1072 ἑκών
3666 1036 3679 1050 ο
3700 1021 3816 1075 ἀνωι

2255 1101 2401 1172 τέρω
2440 1102 2552 1173 γὰρ
2582 1102 2754 1172 λέγει,
2813 1104 2897 1157 ὅτι
2929 1105 3226 1173 Ποτήριον
3269 1106 3391 1177 ἔχω
3433 1108 3609 1164 πιεῖν.
3645 1110 3743 1166 Καὶ
3770 1114 3817 1167 τί

2256 1194 2502 1248 σπεύδω
2549 1195 2661 1263 ἕως
2709 1190 2782 1252 οὗ
2821 1198 2937 1251 πίω
2980 1199 3163 1263 αἰετό;
3209 1201 3320 1253 Kal
3366 1201 3681 1273 βάπτισμα
3718 1206 3814 1275 ἔχω

2250 1285 2696 1354 βαπτισθῆναι·
2745 1288 2844 1344 καί
2882 1290 2942 1343 τί
2985 1289 3143 1345 θέλω
3183 1295 3234 1348 εί
3279 1292 3400 1363 ἤδη
3437 1295 3815 1365 ἐϐαπτίσθην;

2257 1377 2321 1431 Εἰ
2349 1377 2529 1433 τοίνυν
2579 1378 2725 1433 θέλει
2771 1381 2871 1435 καὶ
2920 1383 3163 1446 σπεύδει,
3207 1385 3304 1437 καὶ
3352 1385 3510 1454 λέγει
3559 1388 3636 1450 είς
3682 1387 3815 1442 τοῦτο

2257 1467 2436 1537 ἥκειν,
2476 1467 2595 1532 πῶς
2632 1468 2761 1523 ἄλλο
2809 1469 3058 1543 βούλημα
3098 1472 3159 1526 τὸ
3200 1472 3366 1528 αὐτοῦ
3409 1474 3711 1544 ὑποφαίνει,
3739 1464 3821 1530 καί

2255 1557 2385 1611 ἄλλο
2404 1558 2500 1612 τοῦ
2516 1559 2762 1630 Πατρόςς
2791 1560 3132 1635 Ἀλλ’ὲπειδὴ
3164 1564 3369 1635 ἤμελλε
3385 1564 3478 1618 διά
3503 1565 3596 1618 τοῦ
3631 1566 3809 1639 Ἰσραὴλ

2255 1652 2667 1723 παραδίδοσθαι,
2712 1655 3098 1729 φιλάνθρωπος
3128 1656 3206 1710 ὢν
3249 1657 3347 1711 καὶ
3389 1657 3698 1729 φείδομενος
3731 1658 3806 1712 :05

2258 1741 2578 1814 σπέρματος
2628 1744 2905 1818 Ἀϐραὰμ,
2938 1748 3177 1801 ἐποιεῖτο
3203 1746 3349 1818 ὑπὲρ
3369 1748 3469 1801 τοῦ
3516 1748 3643 1802 λαοῦ
3662 1748 3805 1818 λόγον.

558 1844 738 1913 gratia
774 1841 850 1896 ita
881 1841 1100 1896 locutus
1149 1847 1258 1895 est.
1290 1838 1467 1895 Porro
1519 1840 1635 1895 haec
1671 1848 1791 1894 erat
1829 1838 2010 1895 Patris
2057 1854 2150 1893 νος

2257 1833 2332 1887 Τὸ
2375 1833 2433 1887 δὲ
2472 1833 2723 1908 βούλημα
2761 1832 2832 1909 ἦν
2870 1837 2963 1891 τοῦ
3008 1838 3246 1911 Πατρὺς,
3290 1839 3357 1893 τὸ
3391 1840 3494 1912 τὴν
3539 1841 3809 1912 οἰκονομίαν

561 1929 768 1993 luntas,
807 1934 864 1984 ut
895 1927 999 1982 hoc
1039 1927 1203 1983 modo
1229 1927 1755 1984 administrarentur
1781 1928 1987 1991 omnia,
2025 1943 2151 1983 cum

561 2018 896 2089 proditionis
918 2017 1045 2074 Filii
1075 2033 1242 2075 causa
1273 2019 1635 2089 sibimetipsis
1661 2018 1921 2076 lsraelitae
1951 2019 2149 2086 forent,

558 2127 737 2183 neque
777 2128 809 2166 a
848 2110 960 2181 Deo
1001 2120 1353 2182 cogerentur,
1391 2127 1492 2168 nec
1523 2109 1647 2167 Filii
1670 2112 1924 2167 voluntas
1969 2122 2154 2169 erata

560 2210 789 2273 paterna
814 2201 1055 2258 diversa.
1100 2200 1208 2257 Sed
1243 2202 1297 2256 in
1329 2202 1433 2256 hoc
1473 2201 1904 2259 demonstranda
1936 2204 2007 2259 ab
2031 2205 2153 2275 ipso

560 2296 651 2351 illa
685 2294 1027 2360 l‘uerunt,.ut
1081 2294 1522 2366 singularitatem
1556 2310 1777 2352 omnem
1823 2295 1891 2351 ad
1933 2293 2152 2352 Patrem

563 2389 708 2445 velut
747 2388 814 2442 ad
841 2386 1173 2458 principium
1216 2386 1469 2454 referret,
1504 2403 1572 2442 ne
1602 2390 1785 2443 unitas
1827 2387 1942 2455 illa,
1975 2396 2029 2443 et
2054 2388 2152 2442 ad-

561 2480 897 2536 ministratio
929 2481 1113 2557 aliqua
1145 2496 1212 2535 ex
1253 2488 1406 2550 parte
1437 2479 1794 2534 divideretur.

627 2572 768 2629 [ΛΚ.
807 2573 1014 2630 Praeter
1060 2572 1197 2637 haec,
1234 2572 1367 2628 illud
1410 2573 1577 2626 etiam
1612 2571 1805 2641 objicit
1838 2570 2148 2635 haereticus,

557 2663 704 2734 quod
748 2664 805 2717 in
840 2663 1137 2734 Evangelio
1186 2663 1345 2717 Lucae
1389 2661 1659 2731 scriptum
1702 2670 1808 2725 est,
1854 2661 2148 2726 nimirum,

555 2755 688 2810 dum
720 2762 901 2810 oraret
928 2755 1181 2811 Christus
1200 2761 1257 2809 et
1297 2755 1350 2808 in
1376 2753 1576 2824 agonia
1610 2753 1951 2809 constitutus
1979 2760 2147 2816 esset,

557 2848 810 2905 sudasse.
845 2846 911 2901 Et
941 2846 1116 2916 factus
1154 2853 1256 2910 est,
1289 2845 1490 2917 inquit,
1525 2844 1689 2898 sudor
1714 2844 1851 2914 ejus,
1897 2853 2149 2914 tanquam

557 2951 721 3013 gutta:
777 2940 1054 3011 sanguinis
1102 2937 1399 2993 decidentes
1434 2937 1494 2991 in
1538 2946 1759 2991 terram.
1795 2934 1867 2990 Et
1900 2936 2149 3005 apparuit

556 3033 776 3105 angelus
811 3032 1026 3087 Domini
1065 3030 1374 3101 confortans
1410 3030 1583 3100 ipsum
1608 3028 1650 3084 ³.
1685 3027 1763 3081 Ex
1786 3043 1897 3099 quo
1928 3027 2148 3083 vocula-

557 3140 680 3181 rum
710 3123 803 3180 isti
835 3130 1169 3195 captatores,
1200 3122 1351 3176 velut
1384 3120 1731 3176 occasionem
1756 3118 2017 3176 adversus
2040 3119 2148 3172 ini-

2255 1923 2400 2021 οὕτω
2413 1927 2790 2021 μπληρωθῆναι
2819 1930 2930 1984 τῶν
2951 1930 3085 1986 υῑῶν
3113 1932 3357 2021 Ἰσραὴλ,
3384 1933 3684 2005 παραιτίων
3712 1935 3808 1987 ἑαυ-

2255 2019 2369 2081 τοῖς
2409 2018 2581 2074 ὄντων
2629 2021 2731 2091 τῆς
2774 2020 2869 2075 τοῦ
2905 2022 3038 2075 Υίοῦ
3071 2018 3393 2096 προδοσίας,
3446 2024 3541 2078 καὶ
3594 2025 3686 2096 οὐχ
3727 2025 3808 2077 ὑπὸ

2254 2108 2392 2163 Θεοῦ
2423 2111 2889 2185 ἀναγκαζομένων
2913 2132 2926 2146 ·
2961 2116 3056 2169 καὶ
3087 2116 3186 2185 οὐχ
3218 2115 3411 2188 ἕτερον
3436 2115 3673 2189 βούλημα
3692 2113 3807 2187 ἦντὸ

2253 2200 2351 2255 τοῦ
2382 2201 2514 2257 Υίοῦ
2552 2204 2708 2277 παρὰ
2745 2205 2839 2259 τὸν
2864 2206 3108 2279 Πατέρα.
3153 2206 3295 2260 Ἀλλ’
3327 2207 3443 2262 ἔδει
3466 2209 3626 2262 αὐτὸν
3661 2208 3742 2261 καὶ
3762 2209 3806 2260 ὲν

2254 2293 2432 2366 τούτῳ
2472 2294 2650 2350 ταῦτα
2688 2296 2995 2367 δεικνύειν,
3038 2299 3128 2354 ἵνα
3182 2299 3244 2354 τὸ
3282 2302 3399 2354 πᾶν
3454 2301 3557 2371 τῆς
3619 2302 3807 2372 μονότη·

2253 2402 2349 2449 τος
2377 2385 2473 2439 ἐπὶ
2505 2386 2598 2441 τὸν
2627 2388 2851 2461 Πατέρα
2871 2390 3162 2459 ἀναγάγοι,
3196 2389 3337 2462 πρὸς
3377 2391 3440 2445 τὸ
3481 2392 3555 2463 μὴ
3589 2390 3808 2464 μερισθῆ-

2253 2478 2341 2533 ναί
2369 2496 2422 2533 τι
2454 2479 2555 2549 τῆς
2593 2482 2729 2551 μιᾶς
2764 2480 3011 2546 ἑνώσεως
3038 2484 3136 2536 καὶ
3182 2485 3526 2556 οἰκονομίας.

2322 2570 2446 2627 NB’.
2479 2572 2587 2625 Kal.
2624 2572 2859 2645 καθεξῆς
2896 2572 2953 2627 δὲ
2981 2573 3236 2647 ἐπιφέρει
3274 2575 3476 2645 λέγων,
3508 2579 3566 2630 ὲν
3587 2576 3659 2648 τῷ
3680 2575 3802 2647 εὔχε-

2252 2661 2377 2717 σθαι
2427 2664 2613 2729 αὐτὸν,
2655 2665 2731 2730 ὡς
2755 2666 3046 2737 γενόμενος
3073 2669 3131 2721 ἐν
3165 2669 3380 2742 ἀγωνίᾳ
3417 2671 3802 2744 ὲμφέρεται⁸ἐν

2249 2754 2328 2826 τῷ
2380 2755 2521 2810 κατὰ
2554 2758 2770 2811 Δουκᾶν
2824 2758 3162 2830 Εὑαγγελίῳ*
3195 2761 3475 2829 ”Ιδρωσε,
3532 2764 3676 2835 φησὶ,
3724 2762 3800 2816 καὶ

2249 2848 2487 2919 ἐγένετο
2508 2850 2695 2905 αὐτοῦ
2714 2854 2747 2905 ό
2776 2852 2951 2920 ἱδρὼς
2983 2853 3128 2906 ὡσεὶ
3161 2855 3408 2924 θρόμϐοι
3436 2857 3672 2927 αἵματος
3695 2870 3797 2908 κατ-

2248 2943 2558 3010 ερχόμενοι
2581 2941 2680 2995 ἐπὶ
2699 2941 2811 3013 τῆς
2833 2941 2967 3013 γῆς.
3007 2944 3328 3016 Kaleng
3349 2947 3603 3019 ἄγγελος
3622 2947 3798 3017 Κυρίου

2247 3032 2553 3102 ἐνισχύων
2573 3034 2780 3089 αὐτόν.
2807 3037 3269 3109 Προπηδήσαντες
3288 3039 3472 3093 τοίνυν
3504 3043 3550 3093 οί
3567 3039 3797 3109 λεξίθηρες

2248 3122 2412 3187 εὐθὺς
2476 3123 2553 3187 ὡς
2581 3124 2857 3195 πρόφασιν
2890 3128 3035 3182 κατά
3064 3128 3261 3198 ἐχθροῦ
3299 3131 3613 3202 εὑράμενοι,
3645 3126 3796 3196 ἐπιφέ-

558 3218 764 3273 micum
800 3216 981 3283 nacti,
1016 3229 1082 3270 ac
1115 3213 1414 3285 gestientes
1445 3219 1501 3266 et
1544 3210 1889 3267 exsultantes
1924 3208 2000 3263 ita
2045 3224 2150 3264 nos

2256 3230 2408 3285 ρουσι
2438 3213 2709 3284 λέγοντες·
2756 3216 2940 3289 Ὁρᾷς,
2979 3219 3063 3273 ὅτι
3107 3200 3381 3276 ἐπεδέετσ
3405 3200 3500 3277 καὶ
3542 3221 3706 3292 ἰσχύος
3722 3221 3788 3286 ἀγ·

556 3314 877 3378 oppugnant
911 3323 924 3360 :
962 3303 1199 3359 Videsne
1247 3301 1411 3357 etiam
1457 3315 1598 3371 opus
1648 3299 1725 3353 illi
1773 3298 1943 3354 fuisse
1987 3306 2047 3353 ut
2081 3299 2151 3353 ab

555 3400 768 3471 angelis
812 3394 1310 3453 corroboraretur?
1352 3393 1744 3449 Corroboravit
1790 3393 1936 3448 enim
1996 3392 2150 3446 illunt

553 3493 804 3565 angelus,
858 3506 984 3546 cum
1032 3489 1088 3544 in
1123 3488 1400 3543 anxietate
1448 3487 1539 3541 illa
1588 3494 1920 3540 versaretur.
1963 3481 2151 3554 Neque

559 3586 764 3649 vident,
802 3582 908 3640 nisi
943 3584 1059 3637 haec
1087 3581 1273 3635 omnia
1323 3578 1581 3634 Christus
1632 3576 1997 3647 suscepisset,
2043 3575 2150 3629 nisi

558 3680 674 3732 haec
706 3677 825 3746 ipsa
856 3676 1019 3729 verba
1045 3713 1061 3738 ,
1103 3671 1229 3727 Non
1254 3687 1370 3726 mea
1416 3672 1683 3734 voluntas,
1714 3668 1805 3723 sed
1837 3679 1951 3733 tua,
1998 3682 2152 3722 usur-

559 3774 781 3837 passet;
816 3764 923 3819 nisi
955 3776 1215 3834 angorem
1247 3763 1399 3815 illum
1431 3759 1600 3813 animi
1624 3757 1911 3819 subiisset,
1945 3772 2010 3810 ac
2044 3756 2148 3810 nisi

558 3858 794 3928 denique
829 3854 1085 3912 sudorem
1114 3870 1144 3908 e
1170 3868 1402 3924 corpore
1433 3851 1777 3913 distillasset,
1810 3856 1983 3902 totum
2017 3846 2150 3901 illud

558 3953 858 4016 assumpta:
884 3944 1069 3999 carnis
1101 3943 1421 4020 mysterium
1451 3940 1585 3994 nihil
1613 3950 1809 4011 praeter
1836 3938 2148 4009 opinionem

556 4053 618 4093 ac
672 4038 910 4108 speciem
945 4035 1263 4091 habiturum
1305 4033 1506 4100 fuisse;
1544 4031 1788 4103 adeoque
1818 4031 2151 4086 Manichzeo-

559 4147 680 4187 rum
713 4139 771 4186 et
807 4128 1282 4185 Marcionistarum
1324 4127 1529 4181 larvam
1579 4126 1725 4179 illam
1757 4135 1811 4180 et
1853 4124 2152 4179 adumbra-

559 4234 669 4278 tam
714 4222 1029 4291 imaginem,
1075 4235 1239 4291 quam
1286 4219 1355 4274 de
1393 4218 1774 4273 incarnatione
1822 4217 2145 4288 praedicant,

559 4319 702 4371 haud
740 4315 1037 4371 absurdam
1076 4317 1351 4379 l‘uturam;
1404 4325 1581 4381 neque
1622 4309 1920 4380 quidquam
1960 4309 2015 4361 in
2061 4308 2149 4361 in-

558 4411 877 4467 carnatione
906 4409 1023 4480 ipsa
1065 4409 1242 4464 visum
1286 4406 1353 4460 iri
1394 4419 1459 4459 ex
1504 4404 1581 4457 rei
1626 4401 1858 4457 veritate
1909 4409 2145 4472 gestum.

558 4502 928 4570 Quamobrem
978 4500 1234 4554 Christus
1267 4496 1555 4561 Dominus,
1592 4501 1653 4549 ut
1682 4493 1851 4546 vitam
1902 4499 2148 4548 nostram

558 4612 621 4650 ac
646 4595 878 4650 salutem
910 4592 1171 4655 muniret,
1202 4589 1388 4644 omnia
1425 4588 1517 4643 illa
1549 4586 1814 4658 singulari
1851 4585 2146 4654 providen-

556 4688 648 4743 tia:
678 4702 792 4743 suae
812 4684 1210 4757 gubernatione
1240 4680 1503 4750 suscepit,
1523 4688 1577 4735 et
1593 4694 1659 4734 ex
1684 4678 1924 4732 humano
1949 4676 2147 4730 affectu

559 4793 667 4832 non
700 4778 977 4841 simulate,
1012 4774 1108 4830 sed
1140 4774 1283 4829 bona
1319 4771 1423 4827 ﬁde
1450 4770 1732 4826 disseruit.
1781 4768 1982 4833 Veluti,
2023 4766 2148 4821 Non

560 4884 674 4924 mea
708 4869 972 4934 voluntas,
997 4877 1056 4921 ut
1088 4881 1311 4922 carnem
1341 4879 1532 4920 revera
1562 4862 1866 4919 subsistere
1893 4862 2146 4928 doceret;

561 4976 626 5016 ac
658 4969 766 5016 tam
795 4976 891 5027 eos
917 4959 1208 5023 refelleret,
1248 4959 1338 5027 qui
1383 4956 1678 5010 humanam
1709 4955 1863 5009 illum
1908 4960 2144 5008 mentem

561 5051 819 5107 habuisse
853 5061 1137 5123 negarent,
1178 5065 1342 5121 quant
1381 5051 1470 5118 qui
1504 5062 1726 5103 carnem
1771 5046 2143 5101 detraherent.

561 5143 733 5210 Quam
760 5143 905 5196 enim
938 5141 1331 5198 admirabiliter
1363 5141 1586 5198 divinus
1614 5156 1796 5197 sermo
1825 5140 1879 5194 in
1910 5138 2144 5192 filiorum

560 5234 816 5305 caliginis
850 5233 1030 5287 medio
1063 5234 1409 5297 consistens,
1442 5248 1632 5290 eorum
1672 5232 1926 5288 tenebras
1953 5228 2146 5285 redar~

559 5326 695 5399 guit,
728 5339 793 5378 ac
815 5323 1063 5381 veritatis
1104 5323 1243 5379 lilios
1269 5325 1542 5382 illustrat!
1577 5324 1969 5379 Animadverte
2001 5322 2148 5377 enim

560 5433 725 5489 quam
757 5418 926 5471 multa
948 5416 1007 5471 in
1036 5416 1127 5470 illa
1150 5418 1399 5471 oratione
1425 5418 1711 5472 commoda
1739 5417 1872 5473 sint.
1904 5415 2148 5469 Primum

2252 3305 2458 3374 γέλωνς
2505 3306 2786 3380 Ἐνίσχυσε
2822 3309 2929 3381 γὰρ
2976 3310 3141 3366 αὐτὸν
3180 3313 3209 3366 ὁ
3261 3312 3515 3384 ἄγγελος·
3547 3316 3602 3367 ὲν
3630 3310 3798 3381 ἀγωνίᾳ

2252 3396 2362 3468 γὰρ
2393 3396 2557 3462 αὐτὸς
2583 3398 2819 3467 ἐγένετο.
2857 3401 2968 3454 Καὶ
3004 3402 3104 3457 οὐκ
3150 3403 3352 3468 ἴσασιν,
3380 3407 3484 3470 ὅτι,
3520 3407 3609 3459 ἐὰν
3635 3404 3699 3475 μὴ
3722 3402 3796 3472 ἔχει

2253 3486 2430 3539 πάντα
2459 3486 2652 3552 ταῦτα,
2700 3487 2795 3541 καὶ
2835 3489 2918 3553 τὸ,
2945 3490 3043 3559 Μὴ
3070 3491 3219 3561 ἐμὸν
3238 3493 3549 3564 βούλημα,
3586 3491 3728 3547 ἀλλὰ
3747 3488 3796 3541 τὲ

2252 3577 2390 3642 σὸν,
2423 3578 2516 3631 καὶ
2548 3579 2644 3633 ἐὰν
2683 3578 2759 3651 μὴ
2793 3581 3099 3654 ὰγωνιάσῃ,
3139 3583 3233 3638 καὶ
3274 3585 3373 3639 ἐὰν
3405 3587 3479 3658 μὴ
3515 3584 3662 3657 ἱδρὼς
3679 3578 3795 3650 αὖτῷ

2252 3668 2574 3745 γένηται-ὲκ
2603 3669 2857 3742 σώματος
2889 3674 3276 3745 προχεόμενος,
3313 3679 3426 3749 ἄρα
3463 3678 3667 3748 δόκησις
3689 3669 3743 3743 ἦν
3769 3671 3794 3740 ἦ

2252 3760 2518 3833 ἕνσαρκος
2546 3764 2784 3834 Χριστοῦ
2826 3766 3121 3837 παρουσία,
3154 3769 3249 3822 καὶ
3282 3770 3502 3840 εὔλογος
3532 3768 3667 3839 παρὰ
3702 3765 3795 3819 Μα-

2253 3855 2478 3925 νιχαίων
2499 3855 2591 3909 καὶ
2618 3843 3056 3929 Μαρκιωνιστῶν
3085 3861 3118 3931 ἡ
3149 3862 3278 3933 περὶ
3296 3862 3591 3932 φαντασίας
3616 3858 3794 3926 δόκησις

2251 3946 2352 4017 τῆς
2384 3949 2653 4020 ὲνσάρκου
2693 3952 2994 4022 παρουσίας
3046 3952 3305 4019 ὑπόθεσις
3348 3955 3551 4028 ᾄδεται,
3593 3951 3674 4006 καὶ
3715 3946 3793 3998 οὐκ

2252 4039 2617 4111 ἀληθεστάτη.
2640 4041 2825 4095 Ταῦτα
2850 4043 2906 4097 δὲ
2936 4045 3135 4109 πάντα,
3153 4046 3646 4118 ὲπασφαλιζόμενος
3669 4035 3792 4111 ἡμῶν

2251 4130 2351 4202 τὴν
2383 4129 2552 4203 ζωὴν,
2585 4132 2655 4187 τὰ
2686 4133 2784 4187 ὅλα
2827 4135 3114 4201 ἀνεδέξατο
3146 4138 3527 4211 οἰκονομικῶς,
3556 4135 3791 4205 ἀνθρωπο-

2252 4221 2398 4294 παθῆ
2428 4240 2550 4277 τινα
2584 4223 2900 4296 διηγήματα
2928 4226 3089 4297 έχων,
3118 4229 3220 4283 οὐκ
3251 4229 3524 4302 εἰρωνείᾳ,
3552 4224 3656 4280 ἀλλ’
3683 4219 3789 4287 ἀλη⁸

2253 4314 2393 4386 θείᾳ,
2427 4315 2509 4377 τὸ,
2544 4318 2665 4369 Οὐκ
2699 4317 2847 4386 ἐμὸν
2868 4318 3119 4388 θέλημα,
3154 4321 3242 4374 ἴνα
3276 4322 3427 4393 δείξῃ
3468 4317 3655 4390 σαρκὸς
3683 4308 3788 4364 ὐττύ⁸

2254 4421 2439 4458 στασιν
2468 4404 2747 4478 ἀληθινὴν,
2771 4406 2862 4461 καί
2889 4408 2974 4462 ἵνα
2990 4409 3186 4484 ἐλέγξῃ
3200 4412 3327 4475 τοὺς
3349 4414 3597 4481 λέγοντας
3610 4403 3714 4457 νοῦν
3731 4397 3787 4466 μὴ

2254 4497 2547 4568 ἐσχηκέναι
2569 4500 2736 4553 αὑτὸν
2757 4490 3124 4573 ἀνθρώπινον,
3149 4504 3245 4557 καὶ
3264 4504 3458 4576 ἐλέγξῃ
3487 4504 3604 4563 τοὺς
3625 4497 3690 4570 μὴ
3719 4490 3787 4543 λέ-

2252 4605 2448 4657 γοντας
2470 4589 2649 4661 σάρκα
2670 4590 2831 4644 αὑτὸν
2865 4593 3179 4667 ἐσχηκέναι.
3203 4595 3329 4659 Πῶς
3358 4596 3464 4665 γὰρ
3496 4593 3626 4652 θεῖος
3649 4585 3786 4650 Λόγος

2253 4678 2356 4732 ἀνα
2363 4678 2525 4749 μέσον
2537 4679 2645 4733 τῶν
2656 4679 2789 4732 υἱῶν
2800 4680 2895 4734 τοῦ
2907 4682 3133 4747 σκότους
3150 4682 3321 4748 ἑστὼς
3333 4685 3539 4754 ἐλέγχει
3551 4677 3609 4760 "CQ
3617 4673 3784 4730 σκότος,

2256 4772 2481 4841 φωτίζει
2505 4772 2562 4826 δὲ
2591 4774 2718 4837 τοὺς
2752 4774 2901 4839 υἱοὺς
2934 4778 3034 4847 τῆς
3062 4775 3352 4849 ἀληθείας;
3384 4777 3521 4848 Ὅρα
3550 4768 3648 4839 γὰρ
3677 4760 3787 4849 πάσᾳ

2254 4864 2499 4935 Χρήσιμα
2554 4865 2613 4917 ὲν
2659 4864 2735 4935 τῷ
2796 4865 2941 4937 λόγῳ
2991 4846 3186 4939 τούτω.
3254 4869 3385 4922 Ἀπὸ
3428 4846 3709 4933 ἀσωμάτων
3737 4846 3786 4902 οὐ

2253 4956 2581 5029 προέρχεται
2615 4955 2794 5028 ἱδρώς.
2829 4958 2916 5011 Ἐν
2945 4958 3008 5038 δε
3033 4959 3111 5030 τῷ
3130 4960 3305 5032 τούτῳ
3338 4954 3598 5029 γενέσθαι,
3621 4941 3784 5038 ἐδεξξῗν

2253 5027 2513 5118 ἀληθινὴν
2564 5046 2763 5120 σάρκα,
2801 5048 2895 5102 καὶ
2930 5027 3008 5103 οὐι
3025 5027 3247 5122 δόκησιν
3410 5043 3597 5118 σαρκὸς
3618 5039 3669 5090 ὲν
3689 5027 3780 5122 Θεδζ

2251 5116 2376 5209 τητι
2434 5116 2845 5211 συνηνωμένης.
2904 5142 3089 5212 Χωρὶς
3117 5116 3226 5214 γὰρ
3263 5142 3438 5212 ψυχῆς
3480 5116 3567 5189 καὶ
3597 5116 3779 5214 νοὸς-οὑ

2253 5229 2463 5298 γίνεται
2493 5230 2721 5298 ἀγωνία.
2758 5230 3217 5298 Ἀγωνιεύσαντος
3240 5232 3295 5285 δὲ
3329 5226 3506 5290 αὐτοῦ,
3536 5217 3683 5283 ἔδειξε
3699 5209 3779 5279 ψυ⁶

2251 5320 2374 5390 χὴν,
2415 5321 2510 5373 καὶ
2552 5319 2732 5389 σῶμα,
2774 5320 2869 5373 καὶ
2908 5320 3032 5374 νοῦν
3062 5322 3154 5375 ἐπὶ
3191 5322 3252 5375 τὸ
3277 5321 3404 5375 αὐτὸ
3440 5303 3775 5383 πεφορηκέναι,

2251 5411 2374 5464 ὅθεν
2413 5413 2446 5481 ἡ
2487 5411 2695 5480 ἀγωνία
2746 5412 3015 5480 φαίνεται.
3076 5415 3187 5468 Καὶ
3230 5416 3389 5470 πάλιν
3430 5414 3484 5464 ὲν
3520 5403 3588 5473 τῷ
3618 5392 3772 5481 εἰπεῖν’

564 5510 630 5565 ab
674 5510 766 5575 iis,
794 5524 916 5579 qua:
947 5508 1201 5579 corporis
1237 5509 1480 5580 expertia
1521 5518 1671 5572 sunt,
1713 5522 1940 5561 manare
1984 5506 2150 5561 sudor

2254 5504 2350 5572 Μὴ
2385 5480 2450 5556 τὸ
2479 5505 2626 5575 ἐμὸν
2660 5507 2908 5576 θέλημα,
2941 5508 3102 5562 ἀλλὰ
3123 5509 3190 5562 τὸ
3220 5508 3356 5571 σὸν,
3390 5502 3573 5568 ἔδειξεν
3600 5480 3774 5580 ἀλη-θώς

565 5615 671 5653 non
710 5607 911 5667 petest.
953 5598 1136 5666 Quare
1168 5598 1270 5653 hoc
1313 5601 1452 5669 ipso,
1480 5598 1626 5670 quod
1657 5599 1859 5653 sudore
1884 5595 2148 5660 difﬂuxit,

640 5756 655 5786 '
682 5756 841 5813 Joan.
876 5770 979 5820 xu,
1005 5754 1099 5809 27.
1176 5756 1195 5785 ¹
1232 5754 1363 5814 Luc.
1394 5772 1494 5824 xu,
1517 5757 1606 5812 50.
1687 5755 1707 5786 ³
1728 5752 1864 5809 Luc.
1899 5768 2032 5815 χχιι,
2063 5752 2152 5806 Η.

2256 5596 2380 5651 νοῦν
2426 5595 2788 5666 ἀνθρώπινον,
2828 5598 2944 5651 ἀλλ’
2977 5600 3379 5672 ἀναμάρτητον.
3418 5596 3477 5648 Ἠ
3500 5590 3595 5659 γὰρ
3621 5577 3774 5639 θεόπης

2259 5751 2279 5781 ⁸
2312 5750 2436 5819 ch.
2466 5751 2539 5806 τί.
2621 5753 2641 5784 ⁸
2671 5751 2801 5827 Leg.
2840 5757 2917 5820 ὡς
2946 5756 3090 5827 ,ὲμᾳ
