3994 6478
447 368 553 430 503
1838 362 1895 418 3.
1938 361 2040 417 EPI

2147 357 2283 415 ΑΝΠ
3626 350 3723 411 3οἰ

447 507 510 545 ac
535 490 644 545 Deo
670 489 1044 545 fortitudinem
1066 487 1416 548 ascribimus.
1446 486 1649 543 Eodem
1679 485 1845 558 igitur
1867 485 2028 539 modo

2147 480 2269 534 θεοῦ
2294 477 2394 551 τὴν
2420 475 2650 548 δύναμιν
2678 474 3136 546 ὡμολογήσαμεν,
3167 473 3259 527 καὶ
3282 470 3417 543 Θεῷ
3447 471 3552 543 τὴν
3582 473 3730 544 ἰσχὺν

447 586 674 655 angelus
720 601 817 655 per
864 586 995 638 illud
1028 593 1244 654 trmpus
1291 583 1644 639 excellentem
1675 580 1892 635 Domini
1938 579 2024 634 sui

2147 570 2573 641 ίποδεδώκαμεψ
2600 566 2744 622 οὕτω
2771 566 2867 620 καὶ
2903 568 2933 619 ὁ
2961 564 3213 635 ἅγγελος,
3237 566 3368 618 κατ’
3388 564 3614 636 ἐκείνην
3638 566 3732 637 τὴν

448 680 711 733 adversus
754 678 1004 733 homines
1050 677 1440 747 benignitatem
1474 676 1772 731 admirans.
1820 680 1875 728 et
1922 672 2024 727 ob-

2147 664 2279 734 ἷ›ραν
2315 662 2624 732 θαυμάσας,
2653 664 2750 714 καὶ
2787 657 3227 730 ἐκπληττόμενος
3274 657 3387 729 τὴν
3421 655 3730 729 ὑπερϐολήν

448 783 792 840 stnpescens,
827 771 991 842 787
1030 770 1180 840 quod
1228 785 1354 824 cum
1413 770 1556 825 Deus
1607 774 1773 832 esset,
1797 774 1852 822 et
1901 780 2025 819 cum

2147 756 2231 825 τῆς
2260 754 2356 808 τοῦ
2390 755 2520 808 ἰδίου
2552 754 2822 807 Δεσπότου
2853 751 3284 824 φιλανθρωπίας,
3319 751 3433 813 ὅτι,
3474 749 3611 813 Θεὸς
3638 750 3733 808 ὢν,

447 862 608 917 Patre
659 841 986 916 adoraretur
1034 865 1087 916 in
1132 863 1294 924 cmlo,
1326 869 1490 931 atque
1540 860 1610 915 al)
1662 859 1872 929 angelis
1913 856 2028 911 suis

2147 850 2225 902 cal.
2259 850 2356 902 σὺν
2407 849 2583 920 Πατρὶ
2622 846 3105 919 προσκυνούμενος
3151 845 3211 898 ὲν
3242 841 3497 915 οὐρανῷ,
3526 843 3625 896 καὶ
3648 841 3733 895 θε-

444 954 860 1019 observaretur,
893 969 960 1008 eo
1001 968 1173 1023 usque
1204 952 1443 1021 abjlcere
1472 964 1532 1005 se
1565 964 1665 1006 sua
1700 956 1895 1018 sponte
1932 960 2029 1000 vo-

445 1046 662 1115 luisset,
690 1052 751 1101 ut
776 1045 843 1101 ad
868 1047 984 1101 haec
1008 1045 1391 1109 descenderet,
1415 1058 1479 1099 ac
1497 1056 1720 1098 carnem
1754 1040 2027 1095 indueret.

517 1222 708 1294 Neque
747 1226 849 1278 hoc
894 1232 1105 1277 tantum
1141 1241 1154 1277 :
1185 1220 1281 1277 sed
1323 1221 1407 1276 vel
1452 1213 1654 1291 opiﬁeii
1708 1217 1792 1272 sui
1838 1230 2028 1280 causa,

447 1316 555 1370 hoc
583 1324 669 1371 est
699 1314 960 1378 hominis,
991 1316 1274 1369 cruciatus
1299 1312 1530 1384 perpeti,
1562 1319 1616 1366 et
1641 1310 1695 1364 in
1720 1322 1888 1363 cruce
1922 1307 2032 1363 sul-

450 1408 541 1478 ligi
593 1422 703 1461 non
735 1406 1031 1470 dubitaret,
1062 1421 1124 1460 ac
1162 1413 1397 1460 mortem
1443 1403 1779 1475 degustaret,
1810 1408 2032 1456 mortem

449 1508 627 1553 autem
668 1498 840 1552 crucis
871 1500 926 1564 ¹;
970 1505 1027 1552 ιιι
1068 1514 1166 1568 per
1204 1500 1382 1568 ipsum
1424 1497 1592 1552 homo
1656 1505 1926 1567 tropteum
1964 1492 2035 1548 de

450 1600 626 1645 morte
653 1597 921 1646 statueret
954 1606 1234 1660 :eumque,
1259 1589 1351 1660 qui
1372 1589 1561 1644 mortis
1583 1588 1861 1657 imperium
1889 1584 2032 1639 obti-

448 1680 622 1746 nebat,
642 1681 923 1737 diabolum
945 1681 1221 1749 videlicet,
1252 1682 1543 1748 aboleret',
1582 1696 1646 1733 ac
1675 1679 2035 1748 principatum

448 1791 653 1831 clunem
681 1784 733 1830 et
766 1784 1077 1845 potestatem
1104 1775 1241 1829 velut
1285 1776 1342 1828 in
1367 1772 1628 1838 triumpho
1670 1770 1969 1824 traduceret
1992 1770 2033 1821 ³.

2135 942 2507 1013 ραπευόμενος
2532 940 2638 994 ὑπὸ
2676 940 2823 993 ἰδίων
2867 938 3120 1007 ἀγγέλων
3144 936 3333 1001 αὐτοῦ,
3362 937 3450 999 εἰς
3482 933 3733 989 τοσοῦτον
3776 978 3785 983 -

2134 1032 2425 1103 ὑπέμεινεν
2467 1032 2572 1104 ἰδίᾳ
2608 1030 2863 1103 βουλήσει
2910 1028 3178 1092 ἑκουσίως
3214 1026 3421 1092 ἐλθεῖν,
3460 1027 3560 1080 καὶ
3592 1025 3735 1080 ἐνδύ-

2134 1123 2329 1179 σασθαι
2351 1123 2554 1196 σάρκα.
3756 1130 3765 1139 ’

2207 1216 2320 1269 Kal
2345 1215 2406 1268 οὐ
2438 1217 2620 1287 μόνον,
2656 1214 2796 1270 ἀλλὰ
2820 1213 2917 1270 καὶ
2944 1214 3074 1285 ἄχρι
3101 1211 3196 1267 τοῦ
3231 1211 3438 1265 παθεῖν
3470 1212 3616 1283 ὑπὲρ
3646 1211 3737 1265 τοῦ

2136 1308 2268 1362 ἰδίου
2321 1308 2638 1379 πλάσματος
2677 1308 2779 1379 τῆς
2813 1307 3161 1379 ἀνθρωπείας
3189 1304 3433 1376 φύσεως,
3478 1306 3737 1376 ὑπομένει

2134 1402 2227 1454 καὶ
2264 1400 2393 1473 ἄχρι
2435 1401 2670 1474 σταυροῦ
2714 1401 3111 1474 παραδοθῆναι,
3147 1400 3501 1472 γευσάμενος
3553 1416 3615 1451 τε
3648 1399 3738 1452 θαι

2133 1493 2317 1557 νάτου,
2354 1493 2613 1548 θανάτου
2656 1493 2725 1546 δὲ
2767 1492 3056 1562 σταιῃοοῦ,
3098 1493 3248 1558 ὅπως
3282 1493 3356 1547 δι’
3404 1491 3580 1546 αὐτοῦ
3617 1490 3734 1562 τρό-

2136 1603 2299 1640 παιον
2332 1585 2431 1657 μὲν
2484 1585 2629 1640 κατὰ
2669 1583 2764 1639 τοῦ
2799 1584 3037 1639 θανάτου
3070 1586 3103 1656 ή
3150 1583 3529 1657 ἀνθρωπότης
3569 1583 3733 1647 λάϐοι,

2137 1678 2487 1749 καταργήσῃ
2508 1676 2577 1731 δὲ
2600 1678 2707 1731 τὸν
2733 1676 2800 1731 τὸ
2827 1676 3046 1746 κράτος
3069 1676 3291 1745 ἔχοντα
3323 1674 3442 1731 τοῦ
3461 1673 3734 1739 θανάτου,

2136 1769 2413 1827 τουτέστι
2436 1770 2545 1824 τὸν
2558 1769 2863 1835 διάϐολον,
2886 1768 2985 1822 καὶ
3002 1767 3381 1838 θριαμϐεὐσῃ
3412 1765 3626 1821 πᾶσαν
3646 1766 3736 1833 dp-

449 1867 633 1934 Qnare
665 1867 895 1938 angelus
937 1867 1028 1922 ille
1064 1866 1432 1923 admiratione
1466 1879 1531 1919 ac
1561 1870 1785 1934 stupore
1818 1860 2029 1933 percul-

2147 1860 2262 1932 ζὴν
2308 1862 2409 1917 καὶ
2441 1861 2754 1927 ἐξουσίαν.
2791 1858 2884 1913 Διὸ
2911 1858 3007 1913 καὶ
3035 1857 3337 1931 θαυμάζων
3366 1857 3471 1911 καὶ
3511 1856 3738 1928 ἐκπλήτρ

452 1972 571 2024 sus,
600 1966 655 2013 et
686 1956 978 2011 Dominum
1022 1971 1183 2013 suum
1224 1955 1546 2011 eollaudans
1587 1967 1653 2008 ac
1690 1952 2030 2022 praedicans,

450 2051 542 2118 qui
584 2050 636 2103 in
666 2049 762 2103 tali
798 2057 1115 2114 scammate,
1146 2056 1202 2103 et
1232 2047 1301 2102 ad
1334 2055 1444 2101 tam
1482 2046 1804 2102 inusitatum
1826 2048 2030 2114 'opus,

450 2141 598 2195 velut
643 2141 696 2195 in
731 2140 1022 2209 procinctu
1063 2149 1314 2202 steterat,
1361 2140 1442 2194 sic
1492 2138 1643 2191 illum
1697 2136 2031 2207 corripellat:

453 2229 571 2287 Tua
611 2241 691 2286 est
734 2232 1004 2295 adoratio,
1049 2240 1196 2285 tuum
1239 2231 1540 2300 imperium,
1583 2245 1676 2285 tua
1716 2231 1905 2290 virtus,
1943 2239 2035 2283 tua

452 2325 732 2395 fortitudo,
767 2332 825 2377 ut
853 2322 1000 2395 quod
1035 2338 1066 2377 a
1096 2322 1283 2395 Moyse
1304 2324 1570 2393 scriptum
1618 2328 1703 2378 est
1742 2321 2031 2392 impleret:

451 2415 764 2486 Confortpnt
788 2416 962 2484 ipsum
1006 2431 1185 2470 omnes
1220 2416 1392 2486 angeli
1414 2414 1512 2468 Dei
1532 2414 1574 2469 ⁸.
1611 2412 1802 2469 Videte
1828 2414 2035 2483 itaque,

449 2508 654 2565 Christi
697 2507 917 2576 famuli,
966 2524 1032 2564 ac
1066 2516 1270 2565 sanctae
1315 2507 1408 2563 Dei
1454 2507 1709 2564 Ecclesiae
1750 2516 1806 2563 et
1844 2506 2037 2576 ortho-

450 2603 606 2658 doxa:
646 2602 929 2674 religionis
969 2602 1085 2666 lilii,
1121 2617 1285 2673 quam
1323 2602 1458 2656 nihil
1499 2601 1552 2656 in
1597 2599 1881 2672 Scriptura
1917 2613 2040 2669 per-

453 2692 672 2763 plexum
718 2706 783 2746 ac
821 2690 1124 2750 ﬂexuosum
1175 2692 1268 2752 sit,
1324 2691 1420 2746 sed
1456 2691 1637 2745 onmia
1687 2690 1754 2745 ad
1792 2698 2037 2745 nostram

452 2781 683 2837 salutem
730 2783 932 2851 scripta
971 2783 1080 2835 sint
1123 2782 1519 2838 admirabiliter
1561 2793 1616 2838 et
1659 2782 1920 2853 perfecte.
1970 2784 2041 2839 At

454 2875 545 2930 Isti
581 2874 729 2929 unici
777 2874 869 2929 Dei
919 2874 1035 2939 lilii,
1078 2887 1131 2931 et
1176 2877 1351 2931 sancti
1389 2875 1629 2946 Spiritus
1662 2877 1868 2933 inimici
1905 2876 2041 2932 nihil

455 2978 565 3019 non
613 2965 795 3019 hostili
842 2965 1028 3018 animo
1071 2967 1335 3036 cogitant,
1380 2966 1687 3036 callideque
1715 2967 2038 3022 moliuntur.

454 3057 612 3113 Absit
661 3072 792 3112 vero
834 3067 890 3111 ut
935 3071 1038 3112 nos
1083 3059 1328 3112 anilnum
1366 3060 1696 3114 commentis
1755 3059 2039 3114 hominum

453 3148 813 3205 adhibeamus
835 3172 847 3204 :
872 3149 1005 3219 quin
1030 3149 1211 3220 potius
1233 3148 1525 3205 Dominum
1550 3160 1798 3207 nostrum
1824 3152 2037 3206 ﬁrmata

453 3241 917 3310 corroborataque
947 3248 1128 3295 mente
1157 3239 1531 3308 celebremus,
1578 3255 1681 3296 nec
1714 3241 1768 3295 in
1792 3256 1860 3296 eo
1882 3256 2037 3295 man-
2065 3215 2110 3273 δ

453 3348 583 3388 cum
637 3334 844 3403 aliquid
899 3349 1023 3389 esse
1066 3333 1437 3405 suspicemur.
1474 3330 1611 3387 Nam
1662 3334 1708 3390 si
1760 3333 1809 3389 is
1841 3333 1936 3404 qui
1971 3333 2040 3389 ad

455 3426 954 3497 repraesentandam
988 3427 1234 3481 omnium
1268 3427 1498 3482 salutem
1540 3426 1782 3490 advenit,
1820 3428 1902 3482 vel
1940 3427 2042 3481 mi-

455 3517 662 3572 nimum
724 3517 779 3571 in
822 3532 884 3573 se
919 3516 1193 3573 delectum
1231 3518 1420 3581 habet,
1457 3518 1682 3588 quinam
1724 3534 1754 3573 a
1790 3520 1907 3575 suis
1940 3517 2041 3572 de-

456 3609 697 3666 fectibus
720 3608 991 3664 vindicari
1018 3616 1276 3664 creatura
1310 3609 1549 3679 poterit?

479 3812 487 3822 ι
526 3787 664 3843 LXI.
705 3786 812 3843 Sed
843 3789 1056 3844 instant
1096 3789 1538 3845 adversariorum
1568 3804 1721 3846 more
1748 3790 1911 3859 (nam
1958 3804 2048 3845 re-

454 3892 588 3935 vera
616 3878 859 3935 Judaicis
898 3878 1253 3949 opinionibus
1290 3878 1482 3933 imbuti
1518 3886 1669 3943 sunt,
1701 3893 1802 3934 nec
1838 3879 1908 3933 ab
1932 3878 2046 3935 illis

458 3979 821 4042 praterquam
856 3970 1228 4039 appellatione
1249 3969 1578 4039 dissident).
1608 3968 1767 4033 Novi,
1796 3969 2045 4040 inquam,

460 4061 550 4117 isti
573 4059 742 4115 Judaei
769 4069 960 4116 contra
979 4060 1294 4117 Catholieos
1317 4061 1687 4133 insurgentes,
1705 4071 1759 4118 et
1779 4062 2046 4120 adversus

462 4155 800 4210 Salvatorem
843 4155 1095 4226 quzedam
1140 4155 1311 4211 verba
1356 4156 1706 4220 meditantes,
1762 4164 1823 4211 ιιι
1865 4157 2044 4226 ipsum

459 4261 774 4301 sermonum
807 4261 1032 4302 suorum
1060 4247 1556 4317 laqueisirretiant,
1588 4234 1649 4301 ut
1676 4248 1729 4301 in
1753 4246 2048 4319 Erangelio

461 4339 725 4410 scriptum
762 4349 846 4396 est
877 4342 921 4407 ⁸,
948 4342 1078 4397 illud
1123 4341 1299 4412 ipsum
1341 4340 1503 4398 nobis
1530 4341 1817 4413 objiciunt
1850 4360 1863 4395 :
1906 4340 2050 4395 Dixit

461 4433 704 4502 pendens
731 4434 786 4489 in
821 4449 985 4490 cruce
1024 4434 1322 4500 Christus:
1359 4433 1467 4498 Eli,
1505 4432 1615 4498 Eli,
1648 4433 1843 4489 lemma
1888 4432 2050 4487 saba-

458 4526 641 4581 cthoni
660 4527 685 4580 ?
714 4527 815 4581 hoc
847 4536 954 4592 est,
995 4527 1131 4583 Deus
1174 4545 1339 4595 meus,
1394 4528 1531 4583 Deus
1564 4544 1731 4590 meus,
1763 4543 1927 4596 quare
1968 4542 2051 4582 me

458 4618 785 4689 dereliquisti
810 4620 869 4674 ‘?
897 4619 1084 4683 Vides,
1115 4621 1393 4692 inquiunt,
1427 4630 1486 4676 ut
1515 4620 1909 4676 miserabiliter
1937 4620 2043 4674 im—

459 4711 656 4778 ploret,
704 4724 768 4765 ae
813 4711 1012 4782 lugeat,
1043 4721 1097 4766 et
1142 4711 1324 4766 dicat:
1360 4712 1539 4776 Quare
1570 4727 1648 4765 me
1680 4710 2049 4781 dereliquisti?

458 4798 646 4871 Neque
681 4800 784 4856 hoc
818 4803 1001 4856 animo
1038 4804 1366 4873 percipiunt,
1397 4804 1568 4875 788
1606 4804 1856 4858 homines
1897 4803 2047 4857 viru-

460 4892 606 4946 lenta
631 4892 736 4947 hac
771 4895 883 4948 Arii
919 4896 1157 4960 insania,
1196 4899 1347 4953 velut
1386 4898 1619 4969 quadam
1655 4897 1900 4969 crapula,
1931 4912 2050 4969 gra-

461 4984 590 5045 vati,
628 4998 692 5037 ac
724 4982 813 5039 Dei
862 4987 1191 5056 cognitionis
1231 4997 1519 5059 espertes;
1551 4988 1823 5043 humanos
1853 5002 2047 5043 omnes

461 5072 795 5128 allectus‘in
844 5076 1067 5133 Christo
1100 5077 1334 5137 Domino
1390 5081 1774 5152 agnoscendos
1816 5082 1872 5135 in
1918 5095 2046 5135 vera

462 5165 611 5220 illius
659 5165 1037 5223 incarnatione
1088 5186 1152 5225 ac
1188 5173 1529 5230 confitendos
1564 5190 1707 5230 esse.
1760 5174 1940 5246 Atque
1992 5175 2046 5229 in

463 5256 657 5325 primis
683 5257 752 5309 ab
777 5272 886 5309 uno
908 5258 960 5310 in
986 5260 1130 5313 aliud
1160 5260 1458 5319 desultorio
1491 5280 1641 5320 more
1672 5274 2044 5330 transeuntes,

462 5347 595 5418 quid
639 5348 706 5403 de
744 5363 810 5403 eo
852 5350 1198 5405 sentiendum
1231 5353 1574 5411 decreverint
1622 5358 2047 5437 obliviscuntur.

465 5454 565 5494 nec
599 5440 652 5493 in
679 5454 790 5494 uno
822 5448 967 5494 statu
1001 5441 1333 5515 consistunt.
1369 5443 1553 5515 Neque
1592 5448 1736 5501 enim
1770 5448 1928 5502 aliter
1969 5450 2051 5502 fa-

464 5545 590 5586 cere
620 5541 871 5602 possunt,
906 5532 998 5602 qui
1022 5514 1227 5586 \mcnte
1254 5534 1550 5605 desipiunt.
1582 5537 1752 5609 Igitur
1790 5555 2050 5595 nonnun—

465 5632 627 5687 quam
665 5625 1001 5678 Salvatorem
1040 5622 1184 5677 hunc.
1212 5638 1486 5691 asserunt,
1537 5639 1591 5682 et
1638 5630 1949 5697 Dominum,
1986 5649 2050 5688 ac

544 5736 559 5766 ¹
588 5736 813 5814 Philipp.
855 5759 911 5805 ll,
951 5742 1003 5797 8.
1115 5742 1135 5770 ⁹
1160 5721 1321 5799 iicbr.
1356 5763 1415 5811 tt,
1449 5751 1531 5805 Μ.

472 5820 639 5871 xxvu,
670 5811 753 5862 47.

1642 5752 1661 5784 ³
1694 5752 1907 5810 (Ioloss.
1943 5773 2004 5817 ιι,
2037 5758 2123 5811 15.

2133 1955 2363 2027 τόμενος
2382 1954 2411 2007 ὁ
2434 1952 2666 2022 ἄγγελος
2694 1952 2882 2022 ἔλεγεν
2916 1950 3087 2023 αὐτῷ,
3117 1950 3427 2021 δοξολογῶν
3444 1950 3545 2004 καὶ
3573 1949 3737 2019 εὐφη-

2139 2047 2256 2117 μῶν
2282 2047 2373 2101 τὸν
2406 2047 2537 2100 ἴδιον
2559 2047 2837 2116 Δεσπότην
2859 2046 2954 2098 ἐπὶ
2979 2044 3058 2115 τῷ
3084 2042 3313 2115 τοιούτῳ
3343 2045 3635 2113 σκάμματι
3652 2041 3736 2095 καὶ

2136 2140 2560 2213 παραδοξοποιίᾳ
2586 2139 2820 2207 ἑστῶτα,
2850 2140 2933 2193 ὅτι
2977 2139 3062 2208 Σή
3095 2139 3267 2193 ἐστιν
3306 2139 3349 2205 ἡ
3398 2135 3734 2204 προσκύνη-

2135 2249 2257 2299 mc.
2284 2236 2404 2288 σόν
2449 2234 2580 2287 ἐστι
2611 2233 2675 2287 τὸ
2707 2232 2943 2301 κράτος,
2971 2232 3055 2303 σή
3098 2233 3270 2286 ἐστιν
3290 2230 3633 2299 ἡδύν-ειυς,
3662 2224 3735 2294 σή

2136 2326 2365 2393 ἐστινὴ
2391 2327 2594 2394 ἰσχύς·
2620 2325 2708 2379 ἵνα
2736 2324 3004 2398 πληρώσῃ
3030 2318 3119 2377 τὸ
3174 2324 3334 2395 παρὰ
3386 2322 3613 2377 Μωῦσεῖ
3651 2336 3735 2388 γε-

2137 2416 2481 2488 γραμμένον,
2510 2418 2591 2471 ὅτι
2632 2416 3176 2510 Ἐνιρνχυσάτωσαν
3194 2414 3365 2481 αὐτῷ
3399 2412 3628 2479 πάντες
3652 2410 3737 2480 dr-

2139 2514 2305 2581 τελοι
2361 2509 2532 2564 Θεοῦ.
2564 2508 2676 2563 Καὶ
2720 2503 2907 2581 δρᾶτε,
2962 2506 3200 2579 Χριστοῦ
3233 2504 3601 2578 θεράποντες,
3652 2503 3734 2556 καὶ

2140 2601 2250 2655 υἰοὶ
2288 2601 2389 2671 τῆς
2438 2599 2602 2669 ἁγίας
2633 2600 2730 2654 τοῦ
2768 2599 2907 2654 Θεοῦ
2958 2597 3297 2667 Ἔκκλησίας
3327 2597 3430 2651 καὶ
3464 2593 3732 2667 ὁρθοδόξου

2142 2693 2401 2757 πίστεως,
2455 2693 2533 2747 ὅτι
2568 2691 2726 2746 οὐδὲν
2755 2693 2813 2746 ὲν
2844 2694 2913 2763 τῇ
2956 2689 3078 2763 θείᾳ
3122 2690 3318 2762 Γραφῇ
3359 2686 3599 2753 σκολιὸν,
3627 2682 3730 2738 οὐδὲ

2143 2782 2604 2854 στραγγαλιῶδες*
2645 2782 2784 2838 ἀλλὰ
2814 2783 2883 2837 τὰ
2935 2784 3113 2838 πάντα
3162 2779 3500 2854 θαυμασίως
3538 2780 3617 2844 εἰς
3646 2776 3732 2848 τὴν

2143 2877 2418 2949 ἡμετέραν
2459 2877 2737 2950 σωτηρίαν
2766 2877 3100 2949 γέγραπται,
3142 2875 3238 2930 καὶ
3266 2873 3635 2929 τετελείωται.
3676 2869 3731 2923 Oi

2140 2970 2196 3023 δὲ
2231 2971 2647 3041 προειρημένοι,
2692 2972 2752 3023 ὲν
2783 2969 2956 3042 ἔχθρα
2988 2969 3144 3033 ὄντες
3176 2966 3317 3039 πρὸς
3347 2966 3445 3021 τὸν
3484 2959 3730 3036 μονογενῆ

2144 3061 2273 3113 Υίδν
2303 3060 2398 3113 τοῦ
2426 3050 2694 3114 Θεοῦκαί
2723 3059 2862 3132 πρὸς
2900 3058 2962 3113 τδ
2993 3058 3148 3127 ἃγιον
3173 3057 3428 3129 Πνεῦμα,
3465 3054 3637 3110 πάντα
3663 3050 3757 3112 ὡς’

2142 3148 2329 3222 ἐχθροί
2382 3149 2723 3205 διανοοῦνταί
2778 3166 2838 3202 τε
2874 3149 2969 3202 καὶ
3010 3147 3348 3218 σοφίζονται.
3388 3147 3554 3217 Ἡμῖν
3584 3142 3637 3196 δὲ
3666 3139 3731 3210 μὴ

2140 3242 2354 3311 γένοιτο
2401 3240 2771 3313 ἀνθρωπίνοις
2828 3242 3132 3311 σοφίσμασι
3193 3239 3585 3310 προσανέχειν,
3627 3227 3731 3287 ἀλλ’

2140 3333 2286 3405 ἔχειν
2307 3333 2402 3387 τὸν
2435 3333 2626 3386 ἑαυτὸν
2652 3332 2779 3387 νοῦν
2798 3332 3137 3405 ἐρρωμένον,
3163 3332 3320 3397 ὅπως
3349 3332 3446 3386 τδν
3468 3330 3563 3403 μὲν
3586 3324 3727 3399 ἡμῶν

2146 3425 2423 3497 Δεσπότην
2465 3425 2803 3496 δοξάσωμεν,
2843 3425 3011 3497 μηδὲν
3050 3425 3110 3478 δέ
3162 3442 3221 3479 τι
3270 3421 3650 3496 ἠλαττωμένον
3676 3417 3727 3469 ἐν

2141 3516 2290 3588 αὐτῷ
2312 3516 2710 3588 διανοηθῶμεν.
2745 3518 2811 3571 Εἰ
2844 3517 2954 3589 γὰρ
2984 3518 3014 3570 ὁ
3035 3517 3105 3570 τὰ
3151 3519 3337 3572 πάντα
3369 3515 3544 3572 ἐλθὼν
3573 3512 3727 3566 σῶσαι

2142 3607 2255 3679 ἔχει
2304 3606 2691 3679 ἐλαττώματος
2743 3624 2797 3661 τι
2830 3609 2889 3661 ὲν
2935 3606 3138 3678 ἐαυτῷ,
3182 3606 3313 3672 πῶς’
3365 3599 3723 3677 σωθήσεταιή

2143 3700 2318 3764 κτίσις
2351 3700 2459 3753 ἀπὸ
2489 3699 2599 3753 τῶν
2635 3699 2783 3754 ἰδίων
2814 3700 3246 3772 ὲλαττωμάτωνς

2214 3792 2337 3848 ΞΑν.
2371 3793 2546 3849 Πάλιν
2595 3792 2655 3846 δὲ
2698 3792 3167 3864 ἐπιλαμϐάνονται
3224 3790 3419 3863 ὥσπερ
3460 3785 3723 3844 ἀντίδικον

2146 3883 2268 3954 (καὶ
2301 3885 2410 3957 γάρ
2448 3884 2588 3938 εἰσιν
2634 3881 2909 3954 Ἰουδαῖκῷ
2938 3882 3253 3955 φρονήματι
3277 3879 3608 3950 ἐγκείμενοι,
3642 3869 3723 3926 καί

2150 3976 2318 4048 μηδὲν
2366 3975 2592 4029 ἐκείνων
2622 3973 3006 4037 διαλάττοντες
3038 3971 3178 4045 πλὴν
3210 3971 3309 4026 τοῦ
3343 3970 3606 4041 ὀνόματος
3645 3958 3722 4032 μέν

2145 4071 2259 4139 νον)
2292 4070 2343 4124 οἰ
2394 4067 2561 4123 πάλιν
2585 4068 2719 4139 ήμίν
2750 4066 3078 4137 ὲπιφύοντες
3093 4066 3208 4121 νέοι
3241 4052 3723 4126 ’1ουδαίοι,ζητοῦν-

2145 4177 2239 4225 τες
2269 4158 2413 4214 κατὰ
2432 4157 2525 4213 τοῦ
2555 4158 2808 4229 Σωτῆρος
2837 4157 3011 4224 λέξεις
3030 4155 3203 4221 τινας,
3229 4156 3383 4218 ὅπως
3408 4147 3719 4219 παγιδεύσω-

2150 4272 2235 4309 σιν
2267 4252 2431 4306 αὐτδν
2462 4253 2522 4305 ὲν
2563 4249 2728 4321 λόγῳ,
2774 4249 2960 4313 καθὼς
2985 4248 3090 4321 ἔφη
3120 4245 3184 4301 τὸ
3206 4246 3366 4331 αγιον
3392 4238 3718 4331 Εὑαγγέλιονὶ

2149 4346 2259 4402 Καί
2276 4362 2462 4415 φασιν·
2491 4343 2719 4414 Ἔλεγεν
2744 4345 2803 4398 ὲν
2837 4342 2914 4414 τῷ
2933 4339 3174 4413 παυρῷο
3219 4340 3370 4405 Ἠλὶ,
3403 4334 3548 4392 Ἠλὶ.
3574 4333 3719 4395 uirum

2151 4441 2508 4510 σαϐαχθανί’
2547 4438 2823 4504 τουτέστι,
2856 4437 2963 4493 Θεέ
2991 4455 3135 4508 μου,
3172 4435 3281 4491 Θεέ
3305 4452 3448 4506 μου,
3476 4431 3572 4484 ἵνα
3587 4425 3635 4479 τί
3651 4435 3718 4491 με

2152 4533 2579 4604 ἐγκατέλιπες
2630 4534 2740 4587 Καὶ
2770 4534 2922 4605 ὁρᾷς,
2963 4532 3148 4601 φασιν,
3175 4528 3408 4613 οἰκτρῶς
3438 4521 3717 4613 aurove}?

2158 4624 2522 4697 ρακαλοῦντα,
2582 4626 2678 4679 καὶ
2730 4624 3158 4697 ἀποδυρόμενον,
3202 4609 3301 4676 καί
3329 4621 3567 4689 λέγοντα⁶
3602 4609 3716 4663 Ἵνα

2154 4718 2212 4772 τί
2231 4735 2308 4787 με
2336 4717 2768 4787 ἑτκατέ.ἰιπες;
2802 4717 2912 4771 Καὶ
2937 4718 3038 4770 οὐκ
3071 4717 3250 4771 ἴσασιν
3282 4715 3332 4769 οἰ
3377 4710 3484 4767 ἀπὸ
3516 4703 3602 4760 τοῦ
3630 4700 3712 4765 δη·

2154 4809 2414 4882 λητηρίου
2472 4811 2660 4865 τούτου
2708 4811 2810 4880 τῆς
2865 4809 2960 4864 τοῦ
3010 4811 3219 4882 Ἀρείου
3275 4806 3467 4880 μανίας
3502 4791 3713 4867 3:191:54“-

2158 4901 2398 4973 ροῦντες,
2445 4904 2538 4957 καὶ
2566 4905 2631 4974 τῇ
2682 4901 2893 4974 διανοίᾳ
2926 4902 3026 4973 τῆς
3063 4901 3159 4955 τοῦ
3189 4900 3323 4955 Θεοῦ
3354 4895 3595 4967 γνώσεως
3620 4884 3712 4936 λει⁶

2155 4992 2403 5061 πόμενοι,
2438 4994 2521 5047 ὅτι
2550 4993 2633 5048 δεῖ
2662 4995 2729 5047 τὰ
2754 4993 3161 5065 άνθρωποπαθῆ
3215 4992 3392 5047 πάντα
3424 4990 3480 5040 ὲν
3512 4980 3584 5051 τῷ
3612 4976 3708 5028 Κ⁰’

2158 5085 2258 5156 ρίῳ
2286 5085 2664 5156 ὁμολογεῖσθαι
2694 5088 2753 5139 ἐν
2783 5088 2849 5156 τῇ
2876 5085 3129 5156 ὲνσάρκῳ
3143 5083 3309 5137 αὐτοῦ
3345 5075 3558 5150 ἀληθινῇ
3585 5080 3707 5133 παρ’

2155 5175 2332 5248 ουσία.
2360 5177 2471 5230 Καὶ
2494 5176 2708 5248 πρῶτοι
2745 5176 2843 5247 μὲν
2864 5175 2932 5230 τὰ
2958 5176 3087 5244 περί
3110 5174 3276 5228 αὐτοῦ
3320 5173 3393 5236 ὡς
3429 5158 3702 5239 φρονοῦσιν,

2157 5269 2265 5323 ἀπὸ
2287 5269 2490 5341 ἑτέρων
2511 5270 2589 5333 εἰς
2621 5268 2785 5340 ’ἔτερα
2823 5267 3242 5340 μεταπηδῶντες
3276 5258 3700 5346 ἐπιλανθάνονται,

2163 5361 2291 5432 μίαν
2334 5360 2407 5433 μὴ
2442 5362 2657 5431 ἔχοντες
2688 5361 3046 5416 κατάστασιν.
3097 5358 3221 5423 Πῶς
3263 5359 3370 5429 γὰρ
3396 5352 3623 5408 δύνανται
3659 5349 3699 5387 οι

2156 5459 2223 5528 τῇ
2277 5457 2485 5528 διανοίᾳ
2537 5455 2610 5527 μὴ
2643 5453 3082 5526 σωφρονοῦντες;
3116 5454 3253 5509 Ποτὲ
3291 5452 3386 5524 μὲν
3431 5445 3529 5516 γὰρ
3549 5438 3700 5528 λέγειν

2159 5549 2390 5618 Σωτῆρα
2425 5548 2704 5618 βούλονται
2754 5547 2939 5611 αὑτὸν,
2969 5547 3063 5601 καὶ
3088 5546 3312 5619 Κύριον,
3361 5540 3449 5597 καὶ
3481 5525 3694 5619 Χριστδνς

2159 5639 2255 5693 καὶ
2282 5641 2387 5709 πρὸ
2417 5641 2634 5693 πάντων
2666 5640 2899 5705 αἰώνων,
2936 5641 3030 5693 καὶ
3063 5640 3327 5708 δεσπότην
3370 5629 3594 5701 ἀγγέλων
3619 5610 3696 5669 και

2228 5759 2247 5788 ’⁵
2279 5759 2435 5813 Deut.
2464 5774 2641 5819 xxxii,
2676 5759 2764 5812 I45.
2868 5761 2888 5792 ⁵
2924 5758 3113 5814 Matth.
3147 5775 3276 5822 xxu,
3322 5756 3401 5811 l5.
3489 5747 3506 5777 '
3533 5731 3689 5795 Matth.
