3994 6406
224 403 340 460 305

937 406 1307 468 ADVERSUS
1342 409 1687 468 ιιΑειιΕεΕδ
1723 410 1850 470 LIB.
1889 413 1953 472 ll.
1994 413 2157 471 ΤΟΜ.
2202 413 2264 469 ll.
2306 447 2373 457 —
2412 411 2686 469 lleRES.
2719 409 2903 467 LXIX.

3400 405 3504 460 5υῦ

225 523 611 599 ἀρχαγγέλων,
638 527 707 582 διὶ
735 519 796 583 οὗ
832 527 904 581 τά
929 528 1026 583 ὅλα
1058 529 1366 599 γεγένηται,
1409 529 1576 601 ἀρχαί
1621 547 1682 584 τε
1728 533 1823 586 καὶ

1955 534 2229 598 :hristum,
2274 532 2639 602 omnibusque
2671 529 3009 599 superiorum
3051 525 3286 593 saeculis,
3320 533 3374 579 et
3404 541 3499 579 an-

222 614 498 682 ἑξουσίαι,
532 618 755 687 ἄγγελοί
784 637 844 673 τε
867 621 961 673 καὶ
988 620 1338 691 ἁρχάγγελοι,
1361 620 1601 692 οὐρανοὶ,
1634 623 1730 676 καὶ
1755 623 1826 677 τά

1955 628 2170 693 ;e|orum
2203 635 2366 696 atque
2412 623 2864 693 archangelorum
2891 621 3192 684 dominum,
3218 636 3314 692 per
3340 634 3506 689 quem

226 706 436 771 πάντα,
474 710 545 779 γῆ
593 726 656 763 τε
692 711 786 764 καὶ
832 712 1033 776 πάντες
1076 711 1375 784 ἄνθρωποι,
1405 714 1499 766 καὶ
1526 713 1704 768 πάντα
1756 714 1827 767 τὰ

1955 716 2112 771 mmia
2141 715 2363 772 condita
2402 722 2553 780 sunt,
2595 713 2933 784 principatus
2956 698 3164 768 scilicet
3187 721 3240 767 et
3266 719 3503 782 potesta~

226 799 329 851 ἐπὶ
353 801 477 870 γῆς,
518 800 765 856 θάλασσά
816 820 877 857 τε
902 804 996 857 καὶ
1027 803 1095 857 τὰ
1117 806 1173 857 ὲν
1217 805 1377 876 αὐτῇ.
1417 806 1529 858 Καὶ
1551 803 1597 858 ὣ
1625 805 1828 875 πολλῆς

226 890 579 963 ⁴ἤλιθιότητος
607 893 715 947 τῶν
739 893 811 947 τὰ
844 894 1072 950 τοιαῦτα
1106 897 1233 967 περὶ
1264 895 1432 950 αὐτοῦ
1473 895 1825 961 δοξαζόντων,

232 987 333 1035 καὶ
365 982 603 1038 ἐνταῦθα
639 985 715 1056 μὴ
744 986 1026 1052 νοούντων,
1057 986 1138 1040 ὅτι
1171 988 1232 1041 οὐ
1274 987 1497 1043 δύναται
1530 987 1560 1040 6
1586 987 1694 1061 πρὸ
1721 988 1829 1041 τῶν

1932 814 2033 869 tes,
2076 804 2253 876 angeli
2290 811 2346 859 et
2379 802 2713 874 archangeli,
2757 802 2882 857 caeli
2926 812 2982 856 et
3024 818 3143 872 quan
3177 802 3231 855 in
3268 801 3335 854 iis
3378 806 3508 853 sunt

1934 897 2210 957 universa,
2257 910 2469 949 necnon
2507 902 2562 948 et
2605 902 2756 947 terra
2804 908 2930 947 cum
2976 893 3232 947 omnibus
3270 889 3508 944 homini-

1936 991 2058 1054 bus,
2097 989 2273 1059 iisque
2296 1003 2423 1058 quae
2457 988 2512 1041 in
2542 995 2686 1041 terra
2714 997 2875 1046 sunt;
2913 1000 2976 1039 ac
3005 984 3242 1054 denique
3268 996 3417 1037 mare
3454 990 3509 1036 et

240 1073 455 1128 αἰώνων
487 1076 628 1131 κατὰ
653 1077 751 1149 τὴν
783 1078 945 1133 αὑτοῦ
970 1080 1218 1151 Θεότητα,
1250 1079 1318 1134 δι’
1351 1076 1411 1136 οὗ
1436 1083 1465 1136 6
1494 1080 1722 1151 οὐρανὸς
1738 1080 1833 1135 καὶ

1955 1098 2055 1152 mae
2085 1080 2222 1135 mari
2263 1079 2636 1135 continentur.
2677 1076 2723 1133 Ο
2752 1077 3124 1133 incredibilem
3156 1090 3343 1130 eorum
3373 1074 3510 1128 stul-

246 1169 317 1237 γῆ
342 1168 657 1240 γεγένηται,
690 1172 908 1240 ἄγγελοι
938 1190 997 1225 τε
1028 1173 1123 1226 καὶ
1146 1174 1496 1246 ἀρχάγγελοι,
1522 1176 1615 1228 καὶ
1649 1174 1829 1239 απαξ-

244 1257 434 1322 απλῶς
470 1259 538 1312 τὰ
567 1259 878 1331 σύμπαντα,
904 1262 1095 1334 -όρατά
1123 1280 1185 1316 τε
1220 1264 1316 1317 καὶ
1364 1264 1574 1335 ἀόρατα
1627 1264 1831 1334 ταύτην

241 1352 348 1420 τὴν
375 1351 559 1423 φωνὴν
586 1352 651 1406 ἐκ
676 1352 967 1425 προσώπου
997 1355 1097 1426 τῆς
1125 1355 1289 1408 αὑτοῦ
1326 1355 1580 1426 θεότητος
1611 1355 1791 1425 λέγειν
1815 1373 1833 1387 τ

244 1442 356 1497 Θεέ
378 1462 519 1513 μου,
538 1444 645 1498 Θεέ
666 1463 811 1514 μου,
838 1447 940 1501 ἵνα
960 1447 1106 1516 τιμε
1129 1446 1551 1517 ἐγκατέλιπες;

1936 1175 2129 1239 titiam,
2163 1173 2256 1244 qui
2291 1188 2417 1227 cum
2450 1172 2524 1226 ita
2566 1171 2634 1227 de
2676 1171 2770 1226 illo
2807 1170 3069 1230 sentiant,
3102 1168 3156 1222 in
3189 1169 3361 1221 altero
3400 1181 3512 1219 non

1937 1265 2143 1329 vident,
2176 1264 2289 1320 ﬁeri
2313 1278 2422 1319 non
2451 1277 2637 1333 posse,
2669 1262 2841 1332 utqui
2871 1260 3155 1317 divinitate
3187 1273 3287 1313 sua
3311 1258 3513 1313 szecula

1937 1354 2223 1410 antecedat
2247 1353 2452 1417 omnia,
2484 1352 2579 1423 qui
2612 1352 2815 1408 cmlum
2873 1360 3189 1419 terramque
3212 1348 3513 1407 fabricavit,

1935 1454 1990 1500 et
2040 1445 2264 1517 angelos
2289 1484 2305 1513 ,
2336 1450 2501 1514 atque
2537 1441 2919 1513 archangelos,
2959 1448 3036 1508 et,
3086 1448 3147 1494 ut
3197 1453 3307 1493 uno
3354 1437 3517 1492 verbo

236 1533 455 1601 dicam,
504 1538 687 1592 omnia
726 1545 836 1592 tam
879 1554 1001 1609 qua
1047 1541 1400 1611 aspectabilia
1454 1551 1605 1602 sunt.
1658 1556 1824 1611 quam
1858 1555 1981 1610 qua:
2001 1547 2283 1609 aspectum
2316 1536 2552 1610 fugiunt,
2585 1537 2631 1591 is
2662 1542 2740 1599 ut,
2801 1534 3048 1604 inquam,
3103 1528 3378 1602 ejusmodi
3425 1542 3517 1584 vo—

242 1638 369 1679 cem
387 1640 450 1680 ex
474 1641 703 1696 persona
736 1642 850 1683 suae
875 1629 1179 1684 divinitatis
1199 1630 1471 1686 ediderit:
1517 1631 1865 1697 Deus'meus,
1922 1629 2066 1685 Deus
2113 1646 2282 1695 meus,
2324 1638 2384 1683 ut
2429 1627 2555 1698 quid
2599 1626 2928 1697 dereliquisti
2977 1625 3099 1679 me?

322 1717 461 1769 Πότε
490 1717 599 1788 γὰρ
628 1719 1022 1792 ἐγκατελείφθη
1050 1721 1176 1784 Υἱὸς
1205 1722 1311 1776 ἀπὸ
1336 1722 1578 1794 Πατρός
1616 1722 1746 1775 πότε
1774 1720 1833 1774 δὲ

246 1810 351 1877 οὐχ
380 1809 409 1860 6
458 1808 583 1871 Υἱὸς
612 1810 669 1862 ὲν
706 1809 783 1879 τῷ
816 1810 1012 1882 Πατρὶ,
1043 1813 1138 1866 καὶ
1163 1813 1191 1865 6
1223 1812 1410 1885 Πατὴρ
1434 1814 1491 1866 ὲν
1523 1812 1669 1883 Υἱῷς
1717 1812 1840 1866 Ἐπὶ

390 1898 491 1967 μὲν
516 1869 623 1969 γάρ
642 1901 671 1952 6
696 1869 839 1965 Υἱός,
872 1869 1014 1957 κοὶιό
1042 1902 1173 1967 Θεὸς
1199 1869 1843 1976 Λόγοέβεϐήκειξοὺρα-
1873 1869 1913 1924 Β

248 1988 347 2041 νοῦ
384 1988 440 2041 δὲ
461 1989 684 2059 ἥπτετο,
722 1993 817 2045 καὶ
836 1991 1039 2056 πάντες
1060 1993 1245 2065 ἐχθροὶ
1270 1993 1606 2066 ἐπληροῦντο
1631 1996 1727 2065 τῆς
1748 1994 1839 2046 αὐ-

248 2079 349 2133 τοῦ
376 2080 554 2151 δόξης.
605 2082 715 2135 Καὶ
748 2085 805 2137 ἐν
847 2084 1037 2156 Μαρίᾳ
1080 2084 1370 2154 ἐτύγχανε,
1419 2085 1514 2139 καὶ
1558 2085 1845 2157 ἄνθρωπος

250 2173 496 2240 ἐγένετο,
543 2172 680 2251 ἀλλὰ
718 2178 787 2245 τῇ
820 2175 1049 2245 δυνάμει
1098 2176 1265 2229 αὐτοῦ
1313 2175 1553 2246 ἐπλήρου
1585 2174 1842 2243 τὰίσύμ-

252 2280 458 2319 παντα.
489 2265 614 2329 Πῶς
648 2261 741 2319 οὖν
769 2268 796 2319 ό
828 2266 1070 2330 τοιοῦτος
1095 2267 1188 2321 καὶ
1219 2268 1536 2337 τηλικοῦτος
1562 2268 1703 2321 κατὰ
1747 2266 1847 2336 τὴν

251 2356 425 2410 αὑτοῦ
455 2357 706 2427 Θεότητα,
754 2357 988 2428 οἰκτρῶς
1034 2357 1240 2426 ἔλεγεν·
1294 2359 1435 2423 Ἠλὶ,
1479 2358 1631 2423 Ἠλὶ,
1683 2358 1850 2428 λημᾶ

249 2448 631 2517 σαϐαχθανί;
667 2449 934 2510 τουτέστι,
990 2449 1095 2503 Θεέ
1144 2467 1286 2518 μου,
1344 2449 1451 2504 Θεέ
1487 2468 1628 2519 μου,
1667 2450 1768 2503 ἵνα
1791 2448 1850 2502 τι

250 2535 651 2602 ἐγκατέλιπές
692 2552 771 2605 με
788 2552 807 2600 ;
863 2537 1039 2590 καίτοι
1104 2536 1272 2592 αὐτοῦ
1331 2538 1598 2607 λέγοντοςσ
1656 2537 1850 2593 Πάλιν

252 2627 613 2696 ἀπέρχομαι,
668 2627 765 2681 καὶ
810 2630 921 2682 οὐκ
948 2629 1102 2697 rip/co
1150 2628 1305 2699 ὑμᾶς
1336 2630 1657 2699 ὀρφανοὺς,
1708 2631 1848 2685 ἀλλ’

252 2720 511 2785 ἔρχομαι
551 2718 702 2786 πρὸς
734 2718 910 2787 ὑμᾶς.
942 2719 1053 2773 Καὶ
1083 2719 1246 2774 πάλιν
1281 2720 1453 2792 ἑτέρῳ
1495 2719 1645 2792 τόπῳ
1677 2722 1845 2791 λέγει·

272 2804 468 2873 Ἀμὴν
484 2805 643 2875 λέγω
670 2806 832 2876 ῠμῒνσ
855 2807 1085 2876 Πάντες
1123 2809 1294 2879 ὑμεῖς
1318 2809 1848 2880 σκανδαλισθήσε-

258 2898 377 2950 σθε
398 2896 469 2948 ὲν
498 2894 573 2965 τῇ
600 2898 772 2952 νυκτὶ
802 2901 989 2969 ταύτῃ
1032 2901 1101 2955 ἐν
1147 2901 1297 2970 ἐμοὶ,
1327 2901 1428 2956 καὶ
1455 2902 1851 2971 καταλείψετέ

257 3005 342 3058 με
383 2989 606 3057 πάντες
648 2992 858 3060 μόνον.
910 2992 1074 3048 Ἀλλ’
1119 2996 1231 3049 οὐκ
1290 2994 1409 3063 εἰμὶ
1452 2996 1663 3065 μόνος,
1713 2994 1850 3049 ἀλλ’

261 3078 401 3132 ἐστι
425 3081 551 3147 μετ’
584 3080 730 3148 ἐμοῦ
771 3084 803 3135 ό
841 3081 1143 3152 γεννήσας
1166 3101 1242 3154 με
1272 3084 1493 3154 Πατήρ·
1524 3086 1619 3138 καὶ
1666 3086 1849 3140 πάλιν⁶

2007 1719 2364 1787 Quandonam
2379 1719 2524 1773 eiiim
2544 1733 2572 1771 a
2590 1716 2749 1771 Patre
2769 1715 3063 1773 derelictus
3078 1721 3163 1769 est
3191 1710 3401 1766 Filius?
3430 1723 3527 1769 aut

1942 1811 2160 1883 quando
2181 1826 2288 1867 non
2316 1810 2370 1864 in
2389 1809 2550 1863 Patre
2566 1806 2740 1863 Filius
2777 1807 3010 1870 exstitit,
3027 1815 3083 1861 et
3097 1804 3260 1860 Pater
3281 1804 3334 1857 in
3355 1801 3531 1855 Filio?

1941 1903 2152 1958 Etenim
2169 1917 2294 1957 cum
2313 1902 2403 1956 ille
2432 1902 2549 1970 ipse
2576 1898 2770 1963 Filius,
2790 1915 2859 1954 ac
2881 1897 3025 1954 Deus
3051 1896 3286 1952 Verbum
3308 1895 3361 1948 iu
3381 1902 3522 1948 terra

1941 1994 2301 2061 consisteret,
2333 1993 2533 2049 coelum
2571 1992 2789 2047 interim
2835 1990 3158 2060 attingebat,
3194 1994 3249 2043 et
3273 1986 3522 2040 inimicos

1941 2102 2132 2142 omnes
2164 2085 2350 2156 gloria:
2369 2099 2483 2140 sua:
2498 2083 2792 2155 splendore
2812 2082 3140 2152 complebat.
3173 2078 3237 2133 Et
3268 2079 3322 2132 in
3345 2076 3526 2130 Maria

1942 2178 2163 2249 quidem
2203 2185 2361 2232 utero
2388 2176 2688 2231 conclusus
2718 2183 2859 2236 erat,
2904 2188 2970 2228 ac
2999 2179 3251 2227 naturam
3288 2168 3526 2223 hominis

1944 2271 2226 2337 induebat,
2267 2269 2365 2327 sed
2393 2270 2596 2326 virtute
2619 2285 2719 2325 sua
2744 2268 2984 2337 replebat
3013 2266 3291 2321 universa.
3320 2263 3524 2317 Potuit.-

1946 2378 2015 2416 ne
2052 2362 2178 2416 talis
2208 2376 2273 2416 ac
2317 2368 2506 2416 tantus
2539 2361 2656 2416 hate
2693 2376 2759 2416 ex
2793 2358 3101 2414 divinitatis
3149 2371 3386 2427 persona
3415 2363 3526 2409 tam

1946 2455 2195 2526 lugubria
2242 2454 2459 2510 dicere:
2502 2452 2611 2519 Eli,
2650 2452 2757 2516 Eli,
2803 2453 2998 2507 lemma
3025 2449 3383 2506 sabacthani!
3427 2448 3529 2503 hoc

1946 2556 2053 2613 cst,
2095 2546 2229 2600 Deus
2260 2562 2429 2610 meus,
2471 2545 2615 2600 Deus
2643 2561 2811 2608 meus,
2841 2560 3005 2614 quare
3032 2543 3362 2613 dereliquisti
3410 2542 3530 2596 me!

1948 2639 2256 2695 Prmserlim
2286 2653 2411 2693 cum
2443 2639 2535 2693 ille
2583 2640 2699 2708 ipse
2735 2636 3002 2693 dixisset:
3029 2635 3234 2689 Iterum
3268 2634 3427 2698 vado,
3482 2643 3531 2689 et

1950 2748 2054 2786 non
2093 2732 2389 2801 relinquam
2433 2746 2521 2785 vos
2578 2729 2879 2798 orphanos;
2932 2730 3022 2783 sed
3069 2728 3216 2783 venio
3261 2726 3330 2781 ad
3375 2742 3461 2781 vos
3486 2727 3528 2779 ³.

1950 2822 2089 2877 Tum
2128 2824 2236 2877 alio
2264 2823 2421 2878 loco:
2457 2821 2619 2876 Amen
2650 2821 2772 2875 dico
2805 2820 2947 2874 vobis
2971 2835 2989 2875 :
3016 2819 3212 2875 Omnes
3247 2836 3336 2873 vos
3379 2835 3531 2872 scan-

1948 2913 2134 2968 dalum
2169 2914 2442 2982 patiemini
2498 2912 2597 2967 hac
2635 2922 2784 2967 nocte
2813 2913 2868 2966 in
2899 2929 2997 2978 me,
3027 2922 3077 2967 et
3108 2913 3411 2982 relinquetis
3454 2928 3534 2965 me

1950 3006 2169 3061 solum‘.
2191 3005 2311 3076 Ego
2341 3014 2519 3060 autem
2549 3022 2652 3059 non
2694 3021 2812 3060 sum
2855 3004 3002 3059 solus
3025 3044 3040 3067 ,
3074 3005 3163 3058 sed
3191 3012 3269 3058 est
3300 3018 3497 3057 mecum
3518 3044 3533 3067 ,

1952 3097 2042 3165 qui
2076 3098 2250 3167 genuit
2280 3113 2360 3151 me
2392 3096 2554 3151 Pater
2575 3098 2618 3151 ⁸.
2652 3096 2785 3151 Item
2814 3112 2833 3152 :
2876 3095 3046 3158 Vada,
3075 3108 3123 3150 et
3153 3096 3363 3150 mittam
3392 3094 3534 3150 vobis

282 3169 659 3240 ’Arzépxoyaz,
690 3173 789 3227 καὶ
842 3174 1161 3229 ἀποστελῶ
1212 3175 1355 3246 ὑμῖν
1392 3175 1459 3229 τὸ
1485 3175 1731 3246 Πνεῦμα
1782 3177 1849 3241 τὸ

1958 3186 2217 3256 Spiritum
2259 3199 2525 3252 sanctum,
2558 3192 2649 3260 qui
2677 3207 2708 3244 a
2746 3189 2910 3244 Patre
2939 3189 3194 3258 procedit,
3237 3198 3287 3243 et
3330 3191 3394 3242 de
3425 3203 3536 3240 meo

262 3261 462 3331 ἅγιον,
506 3262 571 3314 τὸ
605 3263 672 3316 ἐκ
706 3264 811 3318 τοῦ
855 3265 1086 3334 Πατρός
1134 3266 1629 3337 ἐκπορευόμενον,
1654 3268 1751 3321 καὶ
1785 3267 1849 3322 τὸ

1955 3279 2145 3345 accipit
2170 3280 2209 3333 °.
2239 3278 2370 3334 item
2402 3280 2527 3334 alibi
2555 3299 2568 3333 :
2600 3279 2708 3349 Ego
2755 3280 2928 3348 pulso,
2960 3290 3009 3334 et
3040 3280 3086 3333 si
3113 3280 3231 3349 quis
3273 3280 3536 3346 aperuerit

269 3354 420 3423 ἐμοῦ
469 3355 798 3426 λαμϐάνον-⁸
841 3356 936 3411 καὶ
995 3357 1154 3412 πάλιν
1207 3360 1265 3411 ὲν
1306 3359 1450 3429 ἄλλῳ
1494 3358 1665 3429 τόπῳ·
1714 3360 1855 3429 Ἐγὼ

269 3444 487 3512 κρούω,
537 3446 635 3499 καὶ
680 3445 789 3500 ἐάν
829 3448 921 3514 τίς
957 3466 1060 3518 μοι
1113 3449 1360 3518 ἀνοίξῃ,
1391 3450 1858 3519 εὶσελεύσόμεθα

268 3536 426 3604 πρὸς
461 3538 647 3593 αὑτὸν
706 3538 822 3608 ἐγὼ
858 3541 957 3595 καὶ
1010 3545 1043 3596 d
1091 3541 1292 3613 Πατήρ
1336 3560 1471 3611 μου,
1525 3543 1624 3597 καὶ
1656 3542 1859 3613 μονὴν

272 3627 610 3697 ποιήσομεν
641 3630 972 3701 παράὺτῷο
1001 3631 1077 3697 ὡς
1108 3634 1273 3688 αὐτοῦ
1326 3637 1390 3688 ὲκ
1414 3634 1507 3688 τοῦ
1533 3636 1742 3708 Πατρὸς
1782 3637 1857 3707 μὴ

274 3719 910 3792 ὲγκαταλιμπανομένου,
962 3724 1037 3788 ὼς
1082 3726 1176 3778 καὶ
1234 3727 1262 3778 ὁ
1305 3726 1495 3797 Πατὴρ
1526 3728 1612 3782 ἀεὶ
1654 3728 1749 3780 σὺν
1781 3726 1860 3798 τῷ

280 3808 414 3879 Υἱῷ,
447 3807 522 3870 ὡς
543 3811 638 3863 τοῦ
663 3811 818 3881 ἁγίου
856 3812 1175 3884 Πνεύματος
1204 3815 1299 3869 σὺν
1320 3817 1495 3889 Πατρὶ
1527 3816 1621 3871 καὶ
1652 3815 1786 3887 Υὶῷ.

345 3901 464 3956 EB’.
498 3903 563 3955 Τί
597 3899 713 3969 οὖν,
760 3906 946 3973 φασιν,
990 3904 1139 3958 ἔστιν
1163 3906 1191 3958 6
1232 3905 1388 3975 λόγος
1413 3900 1567 3972 οὗτος
1594 3908 1653 3961 ὃν
1683 3905 1859 3977 εἶπεν,

272 3994 362 4047 ὅτι
391 3995 499 4048 Θεέ
522 4013 658 4064 μου,
695 3997 801 4051 Θεέ
818 4016 961 4067 μου,
991 3998 1094 4051 ἵνα
1116 3999 1172 4052 τι
1193 4016 1271 4069 με
1296 4000 1719 4070 ἐγκατέλιπες;
1740 4002 1860 4056 Τίνι

274 4085 337 4138 δὲ
361 4085 424 4137 οὐ
462 4086 629 4155 σαφὲς
669 4089 775 4159 εἴη,
802 4089 883 4143 ὅτι
911 4089 1021 4143 ἀπὸ
1060 4089 1354 4162 προσώπου
1388 4092 1487 4163 τῆς
1512 4093 1679 4147 αὐτοῦ
1707 4095 1861 4148 levav-

274 4178 474 4249 ορωπή
485 4196 616 4244 σεως
642 4181 1085 4251 ἀνθρωποπαοῶς
1109 4183 1473 4253 προϐάλλεται
1491 4185 1553 4238 τὸ
1574 4185 1757 4256 (Ripa;
1797 4186 1861 4239 Ἡ

277 4267 392 4338 γάρ
416 4269 580 4322 αὐτοῦ
621 4271 1034 4343 ὲνανθρώπησις
1069 4274 1131 4327 οὐ
1172 4276 1291 4327 κατ’
1324 4274 1460 4328 ἰδίαν
1490 4292 1576 4339 τις
1607 4271 1759 4330 οὖσα.
1786 4277 1860 4329 Οὐ

280 4358 390 4430 γὰρ
415 4360 937 4433 ἀποκεχωρισμένης
961 4361 1062 4433 τῆς
1088 4363 1359 4436 θεότητος,
1386 4367 1479 4419 καὶ
1500 4367 1668 4436 χωρὶς
1695 4364 1861 4437 οὔσης

277 4448 382 4518 τῆς
424 4450 892 4523 ὲνανῦρωπήσεως
941 4454 1149 4523 ἔλεγεν,
1204 4455 1280 4516 ὡς
1328 4456 1490 4510 ἄλλου
1536 4458 1630 4510 καὶ
1676 4456 1858 4510 ἄλλου·

1957 3364 2084 3417 mihi
2110 3364 2155 3426 ",
2184 3363 2537 3433 iugrediemur
2583 3364 2651 3417 ad
2694 3365 2868 3433 ipsum
2914 3379 3007 3433 ego
3054 3372 3104 3417 et
3156 3362 3319 3416 Pater
3370 3377 3535 3425 meus,

1953 3464 2003 3509 et
2034 3455 2361 3509 mansionem
2390 3454 2529 3523 apud
2561 3454 2715 3509 illum
2763 3454 3020 3522 Iaciemus
3053 3454 3110 3505 8:
3139 3453 3306 3523 789
3346 3461 3402 3504 ut
3434 3453 3537 3507 hoc

1959 3546 2352 3617 intelligamus,
2377 3561 2650 3617 nusquam
2680 3547 2832 3601 illum
2863 3562 2893 3601 a
2927 3545 3090 3601 Patre
3116 3546 3318 3608 deseri,
3349 3560 3531 3613 quem-

1962 3637 2257 3692 admodum
2290 3646 2345 3695 ει
2375 3637 2535 3691 Pater
2559 3653 2683 3691 cum
2721 3636 2883 3701 Filio,
2913 3647 2965 3692 et
2993 3653 3117 3690 cum
3148 3644 3379 3707 utroque
3412 3650 3536 3706 per-

1962 3738 2125 3799 petuo
2169 3727 2406 3798 Spiritus
2435 3739 2660 3784 sanctus
2689 3740 2794 3785 est.

2034 3902 2189 3957 ΙιΧΙΙ.
2232 3903 2376 3970 Quid
2423 3903 2611 3975 igitur,
2667 3905 2949 3974 inquiunt,
3002 3903 3222 3958 tandem
3273 3900 3377 3957 sibi
3426 3900 3541 3955 vult

1962 4012 2065 4050 vox
2109 3996 2255 4051 illius
2289 4014 2303 4051 :
2336 3994 2476 4049 Deus
2512 4011 2678 4059 meus,
2711 3995 2847 4049 Deus
2865 4012 3032 4058 meus,
3054 4010 3215 4064 quare
3248 4010 3328 4047 me
3354 3992 3545 4047 dereli-

1961 4089 2163 4156 φάεα-2
2202 4086 2268 4140 Et
2317 4088 2443 4157 quis
2481 4103 2592 4142 non
2633 4088 2781 4143 videt
2810 4105 2879 4143 ex
2909 4088 3147 4143 hominis
3176 4100 3410 4156 persona
3460 4095 3544 4138 at-

1963 4193 2069 4246 que
2112 4177 2354 4231 humano
2396 4192 2551 4231 more
2574 4184 2630 4233 et
2655 4176 2849 4232 all‘eetu
2887 4184 3210 4246 usurpatum
3240 4175 3388 4230 hunc
3420 4188 3545 4229 esse

1964 4268 2315 4325 sermonem?
2352 4269 2602 4325 Humana
2625 4270 2827 4339 quippe
2857 4268 3061 4323 Christi
3095 4275 3291 4322 natura
3322 4264 3545 4319 minime

1963 4371 2212 4433 separata
2241 4378 2337 4432 per
2370 4377 2494 4417 sese
2522 4370 2628 4416 est.
2684 4359 2875 4430 Neque
2920 4361 3064 4414 enim
3112 4359 3259 4413 velut
3302 4372 3365 4412 ex
3420 4371 3546 4426 per-

1965 4471 2099 4509 sona
2131 4454 2360 4511 seorsim
2395 4452 2715 4509 cxsistentis
2749 4451 3053 4516 divinitatis
3083 4458 3180 4504 aut
3238 4447 3545 4502 humanita-

280 4540 422 4593 ἀλλὰ
464 4542 851 4614 συνηνωμένης
881 4545 984 4616 τῆς
1019 4545 1482 4618 ὲνανθρωπήσεως
1514 4549 1581 4619 τῇ
1621 4547 1849 4617 θεότητι1

1969 4546 2040 4601 tis
2069 4544 2173 4601 ista
2201 4544 2441 4608 dicebat,
2467 4542 2626 4612 quasi
2659 4540 2806 4595 aliud
2836 4548 2891 4595 et
2919 4539 3066 4593 aliud
3096 4537 3353 4608 quiddam
3384 4537 3544 4591 ambo

284 4633 417 4701 μιᾶς
446 4628 611 4702 οὔσης
634 4633 940 4701 άγιαστέας,
972 4634 1065 4687 καὶ
1086 4635 1186 4706 ἤδη
1214 4636 1273 4688 ὲν
1301 4636 1437 4705 αὐτῇ
1463 4636 1532 4689 τὰ
1551 4636 1864 4690 τελειότατα

282 4722 671 4793 ἐπισταμένης,
708 4718 796 4777 οἷα
835 4725 899 4795 δὴ
938 4726 996 4778 ἐν
1040 4724 1159 4795 Θεῷ
1197 4728 1611 4799 συνηνωμένῃ¹,
1658 4728 1751 4781 καὶ⁹
1780 4728 1862 4793 εἰς

266 4813 400 4882 μίαν
430 4808 658 4881 θεότητα
697 4804 1042 4883 συνημμένη,
1074 4810 1261 4882 ὁρῶσα
1290 4813 1392 4884 ἤδη
1433 4813 1534 4884 τὴν
1579 4813 1814 4888 θεότητα
1836 4819 1858 4850 ⁸

263 4902 384 4979 (99)
417 4903 517 4958 σὺν
552 4907 619 4977 τῇ
670 4904 818 4976 ψυχῆ
867 4904 1195 4976 κινουμένην
1224 4906 1319 4959 ἐπὶ
1347 4906 1407 4959 τὸ
1437 4907 1764 4979 καταλεῖψαι
1796 4908 1860 4965 τὸ

284 4991 443 5055 ἅγιον
471 4988 631 5059 σῶμα
662 4992 771 5045 ἀπὸ
810 4992 1100 5062 προσώπου
1120 4994 1286 5048 αὐτοῦ
1317 4996 1414 5050 τοῦ
1451 4998 1730 5068 Κυριακοῦ
1766 4999 1860 5053 ἀν·

284 5078 529 5148 θρώπου,
556 5083 801 5137 τουτέστι
824 5085 921 5155 τῆς
943 5086 1106 5140 αὐτοῦ
1130 5088 1864 5162 ὲνανθρωπήσεως.Ἥμελλε

284 5172 392 5241 γὰρ
421 5172 456 5241 ἠ
481 5171 671 5243 οεότης
702 5174 942 5231 τελειοῦν
973 5177 1044 5232 τὰ
1072 5178 1271 5243 πάντα,
1304 5180 1374 5234 τὰ
1402 5181 1543 5235 κατὰ
1570 5183 1631 5235 τὸ
1657 5185 1852 5256 μυστή·

287 5278 401 5330 ριον
434 5261 530 5316 τοῦ
564 5264 791 5331 πάθους,
826 5268 921 5321 καὶ
950 5269 1047 5322 σὺν
1070 5271 1136 5342 τῇ
1169 5270 1317 5343 ψυχῇ
1356 5272 1635 5326 κατελθεῖν
1670 5275 1765 5327 ἐπὶ
1791 5273 1861 5327 τὰ

374 5417 388 5446 ¹
424 5414 551 5498 [:eg.
576 5422 986 5498 συνηνωμένου-
1005 5431 1061 5498 et
1102 5424 1446 5498 suvqppévg.
1520 5425 1541 5498 ξ
1573 5425 1633 5480 F.
1663 5425 1848 5497 ὁρῶσα
1873 5426 1931 5481 δὲ
1964 5405 2087 5498 ἤδη.

1970 4635 2182 4697 forent,
2218 4635 2313 4688 sed
2345 4634 2426 4688 sic
2452 4642 2714 4702 tanquam
2766 4646 2892 4684 cum
2935 4628 3221 4683 divinitate
3252 4627 3545 4693 conjuncta

1965 4733 2112 4782 esset
2136 4725 2372 4781 hominis
2411 4732 2604 4779 natura
2635 4744 2648 4778 :
2684 4723 2822 4777 adeo
2851 4732 2908 4777 ut
2942 4736 3047 4775 una
3086 4720 3374 4788 utriusque
3410 4734 3539 4773 san-

1966 4817 2179 4874 ctitudo
2210 4816 2372 4883 foret,
2413 4816 2645 4886 ipsaque
2676 4813 2916 4869 hominis
2946 4820 3142 4866 natura
3175 4812 3227 4865 in
3260 4810 3545 4864 divinitate

1967 4909 2362 4980 perfectissima
2424 4924 2653 4980 qumque
2716 4913 3099 4978 cognosceret,
3164 4910 3353 4974 utpote
3419 4917 3543 4956 rum

1967 4999 2077 5056 Deo
2104 5002 2378 5071 copulata,
2424 5009 2480 5055 et
2522 5001 2576 5054 in
2620 5014 2786 5053 unam
2822 4997 3142 5051 consociata
3171 4995 3539 5050 divinitatem.

1965 5091 2099 5158 Quae
2131 5108 2256 5147 cum
2291 5092 2433 5146 hanc
2460 5093 2634 5162 ipsam
2662 5089 3009 5145 divinitatem
3037 5103 3161 5143 cum
3191 5088 3371 5142 anima
3398 5086 3550 5141 velut

1963 5183 2020 5237 in
2071 5185 2354 5252 procinctu
2413 5184 2652 5253 quodam
2708 5197 2833 5238 esse
2883 5181 3115 5246 videret,
3158 5190 3217 5235 ut
3260 5176 3545 5236 sanctissi-

1967 5292 2115 5331 mum
2180 5292 2383 5347 corpus
2459 5276 2813 5344 relinqueret,
2868 5289 2934 5328 ex
2980 5272 3254 5344 Dominici
3309 5267 3547 5324 hominis

2193 5429 2214 5460 ³
2235 5408 2393 5481 Joan.
2427 5444 2536 5495 xw,
2569 5426 2656 5483 18.
2732 5428 2754 5460 ⁸
2783 5426 2973 5482 Matth.
3002 5443 3146 5489 sxw,
3171 5425 3257 5479 5|.
3336 5423 3357 5454 ⁸
3386 5420 3547 5475 Joan.

282 5500 395 5552 xvi,
435 5482 526 5543 52:
598 5491 620 5520 ‘
644 5482 806 5544 Joau:
844 5508 931 5558 xv,
959 5492 1058 5560 26;
1095 5482 1434 5559 xv1,'l£,l§i'.
1509 5497 1529 5529 ⁷
1563 5482 1731 5566 Apoc.
1763 5513 1847 5565 ιιι,

1988 5482 1999 5498 ’
2036 5482 2065 5529 θ’
2087 5498 2247 5555 Joan.
2280 5515 2389 5563 χιν,
2419 5499 2509 5553 ‘25.

354 5667 466 5737 (99)
517 5666 742 5734 Ὁρῶσα
787 5668 903 5736 ἤδη
947 5670 1060 5737 τὴν
1100 5670 1370 5736 θδίττητα.
1421 5670 1727 5727 Prudenter
1770 5672 1859 5725 hic

274 5741 436 5794 locus
474 5737 836 5819 euphraudus
887 5749 989 5793 est.
1037 5739 1153 5819 Non
1186 5743 1346 5819 _eu‘im
1390 5743 1571 5819 Saluta
1612 5752 1696 5795 est
1737 5753 1860 5813 post

281 5819 510 5866 mortem
558 5811 812 5879 corporis
852 5825 975 5864 cum
1027 5811 1314 5867 divinitate
1365 5811 1860 5879 conjum-tiu;'sed

1971 5674 2114 5797 rluod
2148 5675 2585 5755 animavitaquc
2625 5673 2949 5728 destitutum
2992 5676 3098 5749 est,
3141 5668 3211 5720 ab
3265 5666 3383 5737 ipsa
3410 5678 3548 5736 quo»

1971 5745 2266 5797 (ammodo
2300 5745 2585 5797 dmmtatc
2623 5758 2826 5797 corpus
2863 5749 2948 5797 est
2989 5740 3259 5794 relictum.

1971 5740 2266 5800 dammodo
2300 5740 2585 5800 divinitate
2623 5758 2826 5813 corpus
2863 5749 2948 5797 est
2989 5740 3259 5794 relictum.
