3994 6412
174 370 281 432 30‘.)

909 378 1278 440 ADVERSUS
1316 381 1661 438 IidiRESES
1693 380 1822 439 LIB.
1866 381 1935 439 ll.
1974 380 2139 437 TOM.
2175 381 2241 439 ll.
2281 412 2351 425 —
2389 379 2666 437 "IERES.
2707 378 2894 437 LXIX.

3393 381 3496 436 5ΐο

194 492 500 548 ἀνάστασιν
531 495 599 550 ὲν
626 499 694 570 τῇ
728 497 865 569 αὐτῇ
901 497 1137 569 θεότητι,
1172 498 1232 551 ἐν
1265 499 1332 569 τῇ
1376 497 1517 568 αὐτῇ
1557 496 1728 568 ψυχῇ,
1755 499 1815 552 ὲν

1929 498 1987 553 ab
2025 496 2217 554 inferis
2257 496 2504 554 emersit.
2548 494 2862 551 Secundum
2908 509 3032 564 qum
3078 492 3415 549 consociatis
3443 495 3500 547 in

201 585 277 657 τῷ
310 584 470 657 αὐτῷ
497 587 653 660 ἁγίῳ
688 588 920 659 σώματι,
953 587 1262 651 συνενώσας
1293 586 1480 640 λοιπὸν
1508 587 1609 657 τὴν
1629 588 1811 639 πᾶσαν

206 679 527 749 οἰκονομίαν
574 681 659 745 είς
708 680 839 751 μίαν
875 679 1068 734 ἕνωσιν
1110 678 1513 750 πνευματικὴν,
1557 679 1639 742 εἰς
1683 677 1811 749 μίαν

209 773 407 826 ἕνωσιν
423 771 703 844 θεότητος,
731 774 812 832 είς
831 773 958 843 μίαν
982 771 1317 842 οἰκονομίαν,
1344 771 1426 835 εἰς
1452 768 1580 842 μίαν
1607 770 1810 824 τελειό-

208 881 373 935 τητα·
419 864 496 928 ὡς
545 863 697 933 λέγει
738 865 798 917 ἐν
856 863 930 934 τῷ
971 863 1077 935 ιπβυ
1105 863 1328 935 ψαλμῷ-
1355 863 1576 932 Κύριος
1611 863 1811 918 ἐϐασί-

210 961 461 1020 λευσεν,
487 957 853 1027 εὐπρέπειαν
880 956 1233 1012 ἐνεδύσατο·
1258 957 1347 1010 ἵνα
1397 955 1547 1027 δείξῃ
1571 956 1672 1026 τὴν
1696 956 1812 1008 εἴσ-

215 1049 336 1105 οδον
365 1048 465 1103 τοῦ
494 1049 634 1104 Θεοῦ
664 1051 838 1119 Λόγου
876 1049 984 1103 ἀπὸ
1016 1051 1126 1104 τῶν
1155 1048 1498 1119 ἐπουρανίων
1523 1050 1602 1112 εἰς
1617 1047 1707 1102 τὸν
1722 1047 1814 1101 κό-

223 1158 357 1212 σμον
393 1141 726 1213 ἐνδυομένην
769 1141 1126 1212 εὐπρέπειαν,
1169 1139 1419 1194 τουτέστι
1461 1138 1562 1211 τὴν
1611 1139 1813 1211 σάρκα,

219 1234 321 1305 τὴν
343 1232 455 1287 ἀπὸ
488 1233 770 1306 Παρθένου
800 1233 1231 1305 γεγεννημένην.
1262 1231 1483 1304 Ἐπειδὴ
1503 1230 1612 1303 γὰρ
1639 1231 1815 1285 ἐδόκει

212 1324 447 1394 εὐτελής
474 1341 560 1388 τις
584 1326 699 1387 τοῖς
727 1324 926 1394 ὁρῶσιν
947 1323 1221 1387 ἀπίστοις,
1249 1320 1399 1393 αὐτῷ
1426 1339 1485 1375 τε
1514 1320 1817 1392 εὐπρέπεια

210 1414 570 1485 λογιζομένη,
616 1414 707 1469 ἵνα
746 1413 896 1487 δείξῃ
928 1413 988 1466 τὸ
1027 1411 1194 1467 αὐτοῦ
1229 1411 1450 1485 ἰσχυρὸν
1488 1411 1580 1479 διὰ
1608 1414 1708 1483 τῆς
1731 1411 1819 1464 δο-

210 1502 426 1575 κούσης
454 1503 740 1569 ἀσθενείας
761 1504 865 1575 τῆς
886 1503 1113 1573 σαρκὸς,
1147 1502 1460 1577 καταργοῢν
1483 1503 1576 1557 τὸν
1596 1502 1657 1557 τὸ
1681 1502 1818 1574 κρά-

210 1613 309 1659 τος
342 1595 541 1668 ἔχοντα
574 1595 673 1666 τῆς
706 1596 1016 1667 άμαρτίας¹
1049 1594 1270 1667 [λύσας]
1310 1596 1563 1649 τουτέστι
1598 1594 1688 1648 τὸν
1719 1592 1818 1646 θά·

1919 605 2089 644 unum
2141 590 2419 652 omnibus,
2475 587 2773 659 perfectam
2820 586 3067 641 numeris
3112 585 3368 640 omnibus
3416 586 3521 640 τοί

1916 685 2320 741 surrectionem
2372 682 2647 754 implevit,
2691 680 2879 737 eadem
2939 680 3249 744 divinitate,
3308 677 3502 733 eadem

1918 772 2119 835 anima,
2149 772 2454 842 eodemque
2481 770 2836 827 sanctissimo
2866 785 3095 841 corpore
3125 776 3501 835 constantem;

1919 874 1972 919 et
2020 870 2196 918 totum
2252 864 2390 919 illud
2438 862 2839 918 incarnationis
2886 863 3209 934 mysterium
3239 862 3295 915 in
3338 876 3504 915 unam

1922 953 2226 1025 spiritalem
2274 955 2743 1026 coniunctionem,
2789 962 2844 1008 et
2890 955 2944 1009 in
2994 968 3158 1008 unam
3204 953 3508 1008 divinitatis

1921 1046 2371 1116 copulationem,
2421 1057 2587 1117 atque
2647 1049 2702 1104 in
2750 1061 2916 1102 unam
2975 1044 3504 1101 administrationem

1921 1136 2427 1208 perfectionemque
2454 1137 2736 1192 conﬂavit.
2772 1136 2894 1204 Quo
2925 1136 3060 1191 illud
3093 1151 3125 1190 e
3162 1136 3372 1204 psalmo
3399 1149 3507 1189 xcu

1922 1231 2202 1301 pertinet:
2237 1230 2497 1286 Dominus
2556 1233 2814 1302 regnavit,
2860 1230 3100 1285 decorem
3151 1228 3368 1283 indutus
3393 1236 3508 1292 est;

1924 1333 1983 1378 ut
2012 1324 2182 1378 divini
2207 1321 2370 1379 Verbi
2405 1323 2459 1377 in
2488 1331 2665 1376 terras
2693 1322 3006 1393 ingressum
3041 1335 3072 1375 e
3100 1320 3243 1375 coelo
3268 1318 3509 1390 quodam

1922 1424 2180 1471 ornatum
2229 1415 2430 1470 decore
2476 1413 2836 1484 significaret,
2883 1413 2990 1468 hoc
3035 1419 3120 1469 est
3168 1426 3389 1466 carnem
3443 1410 3512 1466 de

1926 1507 2095 1563 Maria
2126 1506 2351 1579 Virgine
2373 1517 2711 1579 susceptam.
2745 1505 2879 1573 Quae
2909 1503 3131 1576 quidem
3155 1520 3278 1558 cum
3316 1501 3503 1558 intide-

1927 1601 2057 1654 Iium
2109 1602 2287 1657 Oculis
2323 1601 2449 1657 vilis
2481 1608 2647 1671 atque
2681 1599 2894 1669 abiecta
2926 1596 3227 1661 videretur,
3263 1593 3510 1650 divinum

213 1706 401 1751 νατον,
448 1688 547 1760 τὴν
600 1690 780 1743 πᾶσαν
828 1688 1142 1758 οἰκονομίαν
1192 1690 1294 1760 τῆς
1338 1688 1615 1760 σωτηρίας
1660 1686 1819 1757 ἡμῶν

1929 1702 2104 1747 tamen
2138 1691 2376 1748 Verbum
2415 1709 2514 1763 pro
2556 1694 2757 1750 decore
2789 1701 2844 1748 et
2871 1697 3197 1747 ornamento
3228 1689 3377 1743 illam
3414 1688 3513 1742 ha-

214 1780 517 1851 εῡπρεπῶς
564 1781 819 1850 ποιήσας,
868 1780 968 1834 καὶ
1008 1779 1109 1852 τὴν
1152 1778 1359 1851 φθορὰν
1387 1778 1677 1848 ἀφανίσας,
1724 1778 1819 1831 καὶ

1930 1785 2067 1846 butt,
2094 1792 2154 1839 ut
2174 1800 2238 1840 ea
2271 1801 2330 1841 re
2363 1787 2472 1842 vim
2504 1800 2663 1841 suam
2699 1801 2763 1841 ac
2805 1792 3132 1857 potestatem
3178 1781 3511 1846 ostenderet,

214 1872 317 1942 τὴν
342 1871 596 1943 κατάραν
628 1870 938 1941 ἐξαλείψας,
970 1872 1066 1926 καὶ
1095 1871 1158 1925 τὸ
1184 1871 1305 1925 καθ’
1339 1870 1499 1942 ἡμῶν
1528 1870 1815 1942 χειρόγρα-

1929 1889 2039 1943 quae
2091 1889 2188 1944 per
2246 1883 2530 1929 externam
2604 1876 2750 1930 illam
2816 1872 3001 1929 carnis
3064 1869 3499 1926 imbecillitatem

217 1979 346 2032 φον,
382 1964 482 2016 καὶ
512 1963 613 2034 τὴν
658 1962 935 2033 πρὸς¹τὸν
980 1962 1114 2035 ᾅδην
1162 1962 1429 2035 διαθήκην
1475 1960 1664 2026 λύσας,
1715 1961 1812 2015 καὶ⁵

1929 1973 2151 2020 mortem
2189 1966 2452 2030 aboleret,
2506 1982 2628 2037 quae
2678 1966 2888 2036 peccati
2959 1963 3301 2019 dominatum
3349 1967 3515 2030 atque

217 2053 403 2108 πάντα
442 2054 809 2123 οἰκονομήσας
847 2053 1157 2125 ἀνθρώποις
1196 2056 1280 2118 εἰς
1318 2054 1611 2125 σωτηρίαν·
1648 2052 1811 2115 εὐθὺς

1929 2057 2207 2127 imperium
2240 2056 2553 2124 obtinebat;
2589 2057 2749 2127 791
2787 2070 2853 2111 ac
2882 2052 3150 2125 quidquid
3185 2052 3251 2106 ad
3280 2052 3513 2107 salutem

216 2145 331 2214 γάρ
358 2143 500 2215 μετά
520 2144 582 2196 τὸ
607 2145 805 2209 εἰπεῖν,
841 2144 895 2198 '0
916 2147 1132 2214 Κύριος
1149 2145 1571 2208 ἐϐασίλευσεν,
1598 2144 1811 2212 εὐπρέ-

217 2251 402 2289 πειαν
427 2234 781 2300 ἐνεδύσατο,
829 2236 1156 2308 προστίθησι
1200 2236 1384 2304 πάλιν,
1427 2238 1522 2292 καὶ
1565 2236 1810 2307 δευτεροῖ

217 2326 420 2395 λέγων·
468 2326 827 2382 Ἐνεδὺσατο
859 2329 1076 2397 Κύριος
1108 2328 1387 2399 δύναμιν,
1421 2328 1519 2383 καὶ
1548 2326 1814 2398 περιεζώ·

220 2430 395 2470 σατσ·
427 2417 518 2470 ἵνα
546 2417 717 2491 δείξῃ,
748 2417 812 2471 τὺ
841 2417 1059 2489 πρῶτον
1083 2418 1288 2490 ἔνδυμα
1318 2419 1427 2473 ἀπὸ
1452 2418 1684 2491 Μαρίας·
1713 2420 1814 2491 τὴν

221 2507 278 2561 δὲ
307 2507 838 2581 ὲπιδευτερουμένην
868 2509 1031 2564 πάλιν
1054 2509 1264 2564 ἔνδυσιν
1304 2510 1413 2565 ἀπὸ
1462 2511 1561 2582 τῆς
1586 2511 1818 2566 ἀναστά·

222 2615 367 2663 σεως
408 2599 521 2652 τῶν
563 2599 795 2671 νεκρῶν.
831 2601 943 2654 Καὶ
986 2601 1096 2673 γὰρ
1142 2602 1513 2670 πρωτότοκος
1556 2602 1729 2656 ἐστιν
1753 2602 1824 2656 ἐκ

220 2689 347 2745 τῶν
373 2690 629 2760 νεκρὼ,
681 2692 758 2757 ὡς
808 2688 963 2747 εἶπεν
1010 2696 1044 2764 ἡ
1095 2693 1217 2747 θεία
1256 2694 1473 2765 Γραφὴ.
1520 2694 1620 2749 Διά
1662 2693 1824 2750 τοῦτο

222 2781 557 2857 προστίθησι
590 2782 763 2857 ταύτῃ
801 2787 869 2856 τῇ
900 2784 1131 2857 δευτέρᾳ
1171 2786 1380 2840 ὲνδύσει
1426 2788 1824 2860 περισσοτέραν

223 2872 350 2927 τινὰ
378 2872 704 2941 ἀσφάλειαν,
748 2873 945 2943 λέγων·
1007 2875 1364 2931 Ἐνεδύσατο
1395 2878 1613 2947 Κύριος
1639 2878 1820 2935 δύνα-

225 2980 352 3032 μιν,
380 2964 481 3018 καὶ
514 2963 928 3033 περιεζώσατο.

1917 2156 2163 2201 nostram
2188 2149 2493 2219 spectabat,
2532 2149 2637 2203 rite
2674 2147 2984 2218 perﬁceret,
3027 2145 3393 2215 corruptelam
3425 2159 3515 2199 ex-

1920 2236 2244 2306 stingueret,
2276 2246 2331 2293 et
2351 2239 2784 2295 exsecrationem
2808 2252 2915 2293 una
2941 2251 3065 2292 cum
3097 2236 3303 2307 scripto
3331 2234 3517 2290 adven

1922 2342 2018 2382 sus
2061 2343 2166 2384 nos
2210 2329 2578 2402 chirographo
2628 2329 2837 2385 deleret
2871 2331 2915 2395 ³,
2977 2334 3031 2383 et
3082 2327 3276 2381 initum
3332 2325 3515 2382 fmdus

1921 2433 2047 2474 cum
2085 2420 2278 2477 inferis
2308 2420 2655 2485 dissolveret,
2696 2421 2990 2489 omniaque
3021 2418 3088 2471 ad
3120 2417 3401 2472 hominum
3425 2430 3515 2471 sa-

1923 2512 2088 2568 lutem
2116 2512 2311 2568 idonee
2343 2513 2865 2584 acconunodateque
2899 2509 3249 2582 gubernaret.
3301 2507 3514 2563 Etenim

1922 2605 2092 2665 simul
2126 2612 2287 2676 atque
2322 2605 2503 2661 dixit:
2554 2604 2812 2659 Dominus
2848 2602 3105 2671 regnavit,
3147 2599 3387 2654 decorem
3435 2598 3516 2651 in-

1926 2696 2087 2750 dutus
2107 2688 2206 2759 est,
2230 2695 2465 2752 subinde
2488 2695 2621 2750 illud
2653 2693 2845 2766 adjicit
2871 2712 2884 2749 :
2906 2690 3092 2747 Induit
3125 2690 3384 2745 Dominus
3412 2688 3518 2758 [or-

1924 2787 2226 2853 titudinem,
2261 2795 2309 2841 et
2344 2786 2623 2854 pra'cinmit
2672 2801 2747 2839 se.
2804 2783 2907 2839 Ubi
2956 2782 3192 2853 primum
3228 2780 3518 2835 indumen-

1922 2885 2041 2932 tum
2095 2892 2162 2932 ex
2218 2874 2385 2931 Maria
2420 2883 2720 2947 sumptum,
2764 2874 3062 2945 posterius,
3094 2871 3185 2927 ubi
3223 2884 3252 2924 a
3284 2868 3519 2926 mortuis

1922 2968 2198 3026 excitatus
2253 2975 2376 3036 est,
2439 2968 2724 3039 accepisse
2775 2967 3142 3023 demonstrat.
3201 2964 3301 3021 Est
3347 2963 3516 3029 enim,

230 3057 521 3128 Scriptura
559 3068 716 3123 teste,
750 3062 1129 3134 primogenitus
1159 3078 1225 3118 ex
1257 3065 1482 3119 mortuis
1510 3065 1552 3121 ⁸.
1598 3063 1893 3137 Propterea
1934 3064 2239 3121 secundum
2275 3064 2425 3120 hunc
2475 3065 2737 3121 vestitum
2806 3064 3119 3120 accuratius
3178 3060 3503 3130 ﬁrmiusque

228 3150 536 3205 communit
565 3150 650 3208 his
684 3153 865 3208 verbis
907 3172 921 3208 :

990 3151 1175 3208 Induit
1229 3154 1490 3212 Dominus
1549 3158 1814 3226 virtutem,
1858 3167 1908 3211 et
1955 3157 2236 3226 praecinxit
2278 3173 2354 3211 se.

300 3242 422 3300 ΞΕ’.
471 3246 680 3319 ’Ὠσπερ
720 3247 831 3321 γὰρ
878 3250 908 3302 ὁ
943 3249 1038 3303 ἐπὶ
1075 3252 1144 3322 τῇ
1178 3250 1345 3321 ὀσφύϊ
1387 3251 1823 3324 διαζωννύμενος

2000 3250 2162 3306 LXV.
2212 3250 2687 3318 Quemadmodum
2748 3250 2895 3305 enim
2944 3248 3037 3319 qui
3099 3248 3317 3303 lumbos
3388 3259 3520 3302 suos

227 3337 558 3407 ἑπισφίγγει
585 3340 646 3393 τὸ
679 3339 886 3411 ἔνδυμα
927 3342 1022 3394 ἐπὶ
1060 3342 1162 3415 τὴν
1199 3345 1394 3413 ὀσφὺν,
1439 3345 1824 3416 περισσότερον

231 3430 477 3500 στερεῶν
510 3431 571 3484 τὸ
614 3427 778 3497 εἶδος,
828 3435 925 3488 καὶ
971 3435 1210 3490 συνενῶν
1239 3432 1320 3505 τῷ
1365 3436 1539 3506 χρωτὶ
1578 3434 1658 3506 τῷ
1687 3434 1822 3505 ἰδίῳ·

229 3520 378 3575 οὕτω
400 3522 464 3576 τὸ
492 3522 709 3595 πρῶτον
738 3525 1074 3597 εὐπρέπειαν
1099 3526 1188 3582 διὰ
1217 3527 1317 3599 τὴν
1349 3525 1615 3599 ἔνσαρκον
1643 3527 1829 3581 ἐνταῦ-

234 3612 307 3666 θα
330 3614 617 3685 ὲνδημίαν,
649 3617 712 3671 τὸ
734 3617 792 3671 δὲ
818 3618 1094 3691 δεύτερον,
1131 3619 1288 3689 φησι,
1319 3618 1549 3690 δύναμιν
1574 3617 1828 3671 ἐνεδύσα-

238 3721 319 3767 το,
344 3705 587 3771 ἀναστὰς
612 3708 676 3762 ἐκ
698 3707 810 3762 τῶν
837 3708 1065 3780 νεκρῶν·
1092 3710 1276 3763 οὐκέτι
1302 3711 1382 3773 εἰς
1410 3709 1582 3773 πάθος
1609 3710 1643 3781 ἡ
1673 3711 1826 3762 ἐναν-

234 3793 525 3868 θρώπησις
548 3798 713 3853 αὐτοῦ
736 3799 977 3872 ἔρχεται,
1005 3801 1189 3855 οὐκέτι
1221 3804 1301 3866 εἰς
1330 3803 1619 3873 μάστιγας,
1647 3803 1828 3856 οὐκέτι

234 3887 587 3958 σταυροῦται,
617 3890 693 3954 ὡς
722 3885 844 3944 εἷπε
876 3890 1006 3963 περὶ
1031 3891 1197 3947 αὐτοῦ
1243 3893 1273 3944 ό
1328 3892 1670 3958 ’Δπόστολος·
1707 3893 1829 3948 'Ar-

233 3975 410 4046 έστη·
426 3977 625 4033 οὐκέτι
640 3980 1035 4049 ἀποθνήσκει,
1050 3982 1307 4050 θάνατος
1316 3984 1504 4040 αὐτοῦ
1518 3984 1715 4040 οὐκέτι
1731 4004 1830 4041 κυ-

233 4071 449 4138 ριεύει.
477 4070 578 4125 Διὰ
603 4071 763 4127 τοῦτο
786 4076 921 4145 φησί
943 4074 1026 4140 τὸ,
1048 4073 1388 4140 διεζώσατο,
1407 4075 1715 4142 συνενώσας
1729 4055 1830 4150 τὴν

236 4163 408 4217 αὑτοῦ
447 4164 624 4237 σάρκα
641 4167 722 4230 εἰς
749 4166 879 4237 μίαν
908 4167 1159 4244 θερτητα,
1190 4170 1271 4233 εἰς
1306 4168 1436 4237 μίαν
1459 4168 1710 4241 ἑνότητα,
1746 4171 1828 4232 εἰς

235 4253 468 4325 Πνεῦμα
495 4254 557 4309 τὸ
585 4255 764 4309 θεῖκδν
795 4257 889 4310 καὶ
920 4257 1251 4328 σωματικὸν,
1269 4260 1350 4323 εἰς
1365 4257 1427 4313 ἓν
1458 4261 1829 4329 πνευματικὸν

234 4345 581 4416 τελούμενον,
615 4348 710 4401 καὶ
737 4349 812 4419 μὴ
841 4348 980 4420 ἔχων
1006 4348 1273 4412 διάλυσιν,
1294 4351 1371 4414 ὼς
1398 4349 1617 4421 εἰσῆλθε
1644 4351 1831 4405 λοιπὸν

239 4435 424 4505 θυρῶν
462 4437 858 4509 κεκλεισμένων
908 4439 969 4493 τὸ
999 4441 1338 4511 παχυμερὲς,
1381 4441 1735 4513 λεπτομερὲς.
1770 4442 1832 4495 τὸ

240 4526 508 4597 παθητὸν,
558 4528 788 4594 ἀπαθὲς,
824 4531 883 4583 ὲν
921 4530 1087 4603 σαρκὶ
1130 4530 1399 4595 πεπονθὸς
1421 4572 1436 4598 ,
1479 4531 1654 4603 μένων
1682 4531 1738 4584 δὲ
1774 4533 1833 4585 ὲν

1932 3342 2242 3414 praecingit,
2284 3352 2492 3398 vestem
2542 3342 2610 3395 ad
2658 3341 2806 3395 illam
2857 3340 3109 3411 corporis
3150 3348 3357 3408 partem
3389 3336 3518 3391 dili—

1931 3432 2151 3504 gentius
2179 3432 2462 3501 astringit,
2491 3441 2551 3485 ut
2580 3431 2647 3486 ad
2675 3445 2878 3500 corpus
2905 3444 3065 3485 suum
3100 3425 3309 3482 ari-tius
3335 3426 3521 3480 adhae-

1932 3532 2112 3581 rescat
2161 3542 2175 3579 :
2216 3525 2292 3578 ita
2343 3522 2606 3579 Christus
2669 3522 2902 3594 primum
2951 3521 3206 3575 decorem
3274 3517 3522 3573 induisse

1934 3620 2154 3684 propter
2203 3613 2637 3668 incarnationem
2686 3611 2931 3677 dicitur;
2969 3617 3158 3679 postea
3192 3623 3321 3663 vero
3347 3608 3522 3661 virtu-

1939 3716 2070 3773 tem,
2112 3720 2237 3761 cum
2271 3706 2529 3761 videlicet
2572 3720 2603 3759 a
2651 3704 2887 3759 mortuis
2919 3702 3184 3766 surrexit,
3213 3701 3286 3755 ita
3319 3708 3378 3753 ut
3409 3714 3519 3753 non

1930 3796 2043 3866 jam
2077 3795 2144 3851 ad
2177 3797 2462 3851 cruciatus
2502 3795 2780 3858 ferendos,
2814 3802 2910 3849 aut
2936 3793 3187 3858 verbera,
3220 3794 3304 3850 vel
3339 3793 3524 3850 crucis

1934 3886 2264 3957 supplicium
2300 3887 2540 3941 humana
2578 3884 2670 3940 illa
2696 3893 2893 3939 natura
2917 3882 3239 3948 descendat,
3273 3892 3333 3937 ut
3364 3883 3431 3937 de
3457 3897 3524 3937 eo

1935 3986 2171 4033 testatur
2239 3977 2574 4048 Apostolus:
2634 3976 2914 4042 Surrexit;
2949 3976 3068 4047 jam
3116 3994 3221 4031 non
3269 3976 3523 4037 moritur,

1936 4086 2078 4124 mors
2132 4070 2215 4124 illi
2257 4070 2404 4125 ultra
2454 4088 2557 4126 non
2605 4069 2972 4125 dominabitur
3019 4070 3064 4124 ⁸.
3096 4069 3181 4126 Ob
3211 4069 3288 4132 id,
3321 4067 3521 4139 inquit,

1935 4163 2214 4232 prwcirtxit
2244 4179 2321 4227 se,
2355 4177 2482 4217 cum
2511 4162 2773 4217 nimirum
2802 4178 3025 4218 carnem
3063 4177 3218 4218 suam
3257 4176 3382 4215 cum
3415 4174 3525 4215 una

1937 4253 2222 4309 divinitate
2272 4254 2544 4317 sociavit;
2579 4254 2744 4324 idque
2774 4254 2828 4307 in
2860 4269 3026 4308 unam
3063 4252 3525 4324 singularemque

1939 4359 2252 4415 personam,
2286 4343 2342 4399 in
2376 4342 2646 4414 Spiritum
2691 4344 2936 4399 divinum
2990 4345 3195 4414 pariter
3238 4351 3292 4398 et
3321 4357 3522 4411 corpoo

1941 4451 2115 4501 reum,
2148 4437 2203 4491 in
2238 4452 2404 4491 unum
2436 4436 2700 4506 quiddam
2742 4436 2991 4507 spiritale
3026 4436 3348 4506 perfectum,
3376 4431 3525 4505 quod

1939 4528 2165 4584 dissolvi
2204 4529 2345 4582 ultra
2380 4537 2636 4598 nequeat.
2688 4527 2762 4581 Ita
2807 4527 3069 4597 deinceps
3100 4526 3342 4581 occlusis
3390 4524 3526 4578 fori—

239 4618 500 4692 ἀπαθείᾳ·
515 4621 738 4692 καίπερ,
755 4622 894 4692 μετὰ
910 4622 970 4676 τὸ
986 4623 1122 4676 sies)
1135 4622 1266 4677 θεῖν.
1281 4623 1541 4677 δεικνύων
1557 4624 1718 4677 ὀστέα
1734 4625 1823 4678 καὶ

1933 4618 2036 4675 bus
2064 4619 2370 4689 ingressum
2394 4626 2479 4674 est
2500 4620 2522 4650 ⁸
2559 4619 2700 4673 idem
2730 4618 2863 4673 illud
2889 4624 3206 4674 concretum
3255 4616 3422 4672 simul
3447 4620 3527 4680 ac

243 4709 449 4781 σάρκα,
474 4711 641 4765 τύπον
670 4712 889 4785 λόγχης,
917 4715 1011 4768 καὶ
1037 4715 1206 4768 τύπον
1228 4717 1392 4786 ἥλων,
1428 4715 1823 4787 ψηλαφώμενος

1939 4710 2182 4777 subtile;
2234 4710 2480 4782 passioni
2522 4710 2846 4776 obnoxium,
2887 4726 3199 4783 expersque
3227 4709 3524 4781 passionis,

246 4800 354 4853 ὑπὸ
388 4799 484 4854 τοῦ
518 4801 707 4873 Θωμᾶ,
747 4804 1023 4875 ὁρώμενος
1057 4805 1162 4859 ὑπὸ
1201 4805 1308 4860 τῶν
1337 4805 1616 4878 μαθητῶν·
1653 4807 1834 4878 εἰσερα

242 4892 478 4963 χόμενος
509 4892 567 4946 δὲ
607 4893 788 4966 θυρῶν
826 4894 1252 4968 κεκλεισμένων,
1296 4898 1383 4952 ἴνα
1419 4897 1593 4969 δείξῃ,
1627 4898 1709 4952 ὅτι
1752 4899 1834 4962 εἰς

246 4983 380 5053 μίαν
406 4983 598 5037 ἕνωσιν
622 4988 1000 5057 πνευματικὴν
1022 4988 1084 5041 τὸ
1119 4991 1227 5043 πᾶν
1256 4990 1575 5061 ᾠκονόμησε
1609 4990 1707 5060 τῆς
1736 4990 1834 5042 αὐ-

241 5074 345 5129 τοῦ
374 5075 511 5148 πρὸς
536 5078 683 5149 ἡμᾶς
711 5080 838 5143 τοὺς
860 5080 1184 5151 ἀνθρώπους
1206 5082 1502 5154 σωτηρίας.
1531 5082 1642 5135 Καὶ
1667 5082 1718 5134 τί
1743 5099 1834 5153 μοι

249 5171 378 5242 περὶ
426 5171 518 5225 τὸν
558 5172 810 5225 τοσοῦτον
854 5173 1010 5243 λόγον
1053 5173 1517 5246 κατατρίϐεσθαιις
1564 5173 1834 5237 Πολλάκις

250 5262 359 5333 γάρ
384 5262 455 5316 τὰ
480 5263 620 5316 αὐτὰ
658 5263 836 5332 λέγειν
866 5267 999 5336 ἡμῖν
1049 5267 1147 5337 μὲν
1190 5266 1293 5319 οὐκ
1333 5265 1587 5337 ὀκνηρὸν,
1634 5267 1749 5329 τοῖς
1778 5265 1837 5318 δὲ

247 5353 671 5423 ἐντυγχάνουσιν
700 5353 997 5423 ἀσφαλείας
1027 5354 1186 5426 χάριν
1221 5354 1607 5425 φροντίσαντες
1636 5353 1837 5407 πολλάς

246 5462 340 5508 κις
378 5445 783 5517 διηγησάμεθα,
819 5446 885 5500 ἶν’
924 5448 1074 5511 ὅπως
1118 5447 1549 5519 διαπεράσαντες
1593 5445 1693 5517 τὴν
1739 5446 1836 5500 τοῦ

258 5533 476 5603 ’Δρείου
511 5533 877 5607 θηριοόολίαν,
906 5536 1017 5590 τῶν
1051 5538 1415 5609 φρονημάτων
1441 5553 1501 5590 τε
1534 5537 1629 5591 καὶ
1662 5536 1838 5607 λόγων

244 5622 347 5676 καὶ
372 5621 771 5695 διανοημάτων.

1936 4804 1995 4857 in
2040 4819 2207 4859 carne
2247 4819 2494 4876 passum,
2534 4811 2587 4857 ct
2621 4813 2774 4859 extra
2807 4819 3025 4859 omnem
3060 4801 3301 4873 patiendi
3334 4802 3526 4857 condi-

1937 4891 2144 4948 tionem
2174 4892 2525 4959 consistens;
2560 4907 2875 4964 quanquam
2910 4900 3033 4964 post
3066 4893 3376 4963 ingressum
3398 4907 3527 4949 ossa

1935 4996 2269 5055 carnemque
2321 4992 2674 5052 monstraret,
2757 4992 2812 5040 et
2862 4985 3065 5040 lancem
3134 4985 3528 5056 clavorumque

1938 5079 2210 5150 vestigia;
2244 5079 2356 5134 imo
2390 5086 2447 5132 et
2476 5096 2504 5131 a
2540 5076 2752 5134 Thoma
2795 5085 3256 5140 contrectaretur,
3299 5086 3356 5134 et
3381 5095 3410 5132 a
3440 5077 3527 5132 di—

1945 5172 2172 5243 scipulis
2205 5179 2544 5227 cerneretur.
2581 5170 2854 5226 Craterum
2887 5171 3128 5227 occlusis
3181 5171 3393 5229 foribus
3441 5173 3527 5228 in—

1943 5277 2169 5332 gressus
2201 5268 2307 5325 est,
2337 5273 2397 5317 ut
2426 5262 2481 5316 in
2517 5276 2683 5317 unam
2733 5261 3036 5332 spiritalem
3081 5263 3526 5333 coniunctionem

1943 5361 2180 5424 utraque
2210 5362 2404 5408 natura
2431 5353 2771 5414 consociata,
2802 5367 3021 5408 omnem
3050 5353 3244 5407 salutis
3276 5355 3528 5406 humanae

1944 5442 2388 5512 procurationem
2417 5448 2732 5512 susceptam
2769 5456 2800 5494 a
2834 5456 2894 5496 se
2923 5449 3277 5498 monstraret.
3326 5438 3527 5493 Verum

1942 5534 2077 5604 quid
2141 5534 2330 5590 tandiu
2387 5535 2443 5589 in
2492 5550 2558 5590 ca
2618 5533 2869 5589 oratione
2925 5531 3258 5589 conﬂictor?
3319 5529 3522 5584 Eadem

1943 5628 2091 5683 enim
2122 5634 2369 5698 repetere
2419 5627 2619 5697 sacpius
2665 5640 2766 5681 nos
2809 5625 3029 5695 quidem
3074 5622 3299 5679 minime
3348 5620 3524 5692 pigra—
3590 5606 3607 5617 ’

325 5777 340 5809 ⁸
374 5775 540 5836 Deest
571 5779 805 5851 aiiquid.
884 5784 903 5814 ⁸
939 5782 1149 5862 Culuss.
1186 5796 1248 5845 ιι,
1290 5783 1369 5837 14.
1448 5785 1466 5815 ³
1494 5783 1707 5839 Coloss.
1744 5801 1782 5848 ι,
1816 5786 1823 5835 ἱ

1951 5785 2119 5856 Apoc.
2152 5801 2188 5850 l,
2225 5783 2277 5838 5.
2357 5783 2378 5816 ⁸
2407 5783 2565 5841 ἰὶοιη.
2600 5783 2739 5845 vr,9.
2814 5783 2834 5814 ⁵
2868 5781 3024 5837 Joan.
3050 5795 3141 5844 xx,
3167 5779 3230 5834 i9
3258 5792 3380 5849 sqq.
