3994 6482
445 328 549 381 525

1864 327 1925 385 S.
1967 329 2309 387 EPIPIIANH

3623 333 3715 391 516

447 447 651 516 impetu
683 447 947 519 sophista}
987 447 1254 514 feruntur,
1285 449 1613 521 cxcogitatis
1643 450 1974 521 quibusdam
2002 469 2032 508 a

2141 456 2421 527 ρίσκοντες
2447 456 2496 508 si
2531 455 2806 524 σοφισταὶ,
2840 456 2966 526 περὶ
3000 452 3395 524 συλλογισμοὺς
3443 452 3722 524 ἐσχολακό-

445 555 507 596 se
557 541 863 597 rationibus
900 543 1045 608 freti,
1090 558 1323 615 quorum
1361 545 1605 600 studium
1642 561 1802 602 «Inlue
1835 546 1888 601 in
1922 547 2035 619 syl-

447 631 694 703 logismis
732 641 788 688 et
842 643 1291 704 argumentorum
1323 636 1770 696 cavillationibus
1796 656 2037 710 occupa—

446 733 552 775 tur.
590 724 645 776 ln
683 737 793 793 quo
820 723 1039 778 ridiculi
1076 725 1303 779 omnino
1326 738 1478 794 sunt,
1509 726 1606 798 qui
1643 742 1768 783 cum
1804 730 2029 785 homun-

445 814 634 870 ciones
678 816 788 885 sint
837 814 1008 870 Deum
1064 817 1582 875 ratiocinationibus
1615 821 1732 876 suis
1782 837 2036 892 compre-

396 898 405 908 “
449 907 685 961 I.endere
740 918 1034 962 conantur.
1085 906 1331 974 Quorum
1385 911 1657 966 insaniam
1719 911 1804 965 his
1854 912 2037 968 verbis

445 1000 713 1070 propheta
788 1000 1125 1071 redarguit:
1174 1001 1318 1055 Num
1380 1003 1764 1072 .supplantabit
1840 1005 2037 1075 aliquis

448 1087 636 1155 Dauni,
671 1093 925 1161 quoniam
961 1109 1048 1146 vos
1086 1093 1446 1162 supplantatis
1489 1110 1570 1148 me
1601 1095 1657 1147 ‘?
1695 1094 1837 1161 Quid
1874 1096 2039 1166 igitur

446 1183 686 1239 audaces
721 1185 798 1239 illi
847 1199 912 1239 ac
957 1184 1295 1242 conﬁdentes
1333 1187 1585 1243 homines
1615 1186 1893 1242 aderunt?
1926 1187 2036 1244 Nos

447 1275 613 1329 aliam
656 1276 798 1331 hanc
838 1276 1056 1330 illorum
1124 1278 1491 1347 objectionem
1536 1285 1694 1333 antea
1744 1279 2037 1350 proposui-

446 1380 593 1430 mus,
630 1375 796 1436 atque
819 1368 1239 1438 explicavimus,
1274 1385 1437 1440 quam
1469 1369 1860 1442 interrogando
1891 1372 2039 1441 ejus-

446 1460 595 1514 modi
630 1461 789 1517 nobis
824 1463 1002 1518 solent
1032 1478 1331 1534 opponere.
1364 1464 1472 1519 Aut
1502 1465 1712 1531 volens,
1752 1465 2033 1537 inquiunt,

446 1547 646 1604 Filium
679 1566 839 1606 suum
865 1555 1056 1624 genuit
1093 1553 1256 1619 Deus,
1293 1562 1389 1610 aut
1428 1555 1643 1612 nolens.
1685 1554 1794 1612 Sed
1834 1557 2036 1611 ibidem

445 1640 557 1696 Deo
586 1644 887 1712 opitulante
922 1647 1393 1711 monstravimus,
1445 1646 1582 1701 nihil
1632 1648 1688 1702 in
1738 1647 1860 1718 ipso
1891 1648 2036 1719 quod

2137 566 2227 613 τες
2266 548 2361 602 καὶ
2392 548 2687 619 λογισμοὺς
2731 545 3227 619 ματαιοφροσύνης,
3259 544 3548 615 ἄνθρωποι
3581 545 3721 611 ὅντες

2135 643 2229 697 τὸν
2258 622 2399 695 Θεὸν,
2423 640 2845 710 συλλογίσασθαι
2889 638 3243 711 πειρώμενοι,
3273 638 3355 703 ὡς
3398 640 3497 691 καὶ
3532 641 3561 692 6
3601 656 3724 712 προ-

2140 736 2315 805 φήτης
2342 733 2541 797 αὐτοὺς
2556 731 2770 802 ἐλέγχει
2790 731 3016 800 φάσκων
3041 745 3053 758 ·
3079 730 3149 782 Ei
3168 726 3441 797 πτερνιεῖ
3453 744 3546 792 τις
3562 726 3723 796 Θεὸν,

2139 823 2225 878 ὅτι
2270 822 2434 893 ὑμεῖς
2479 819 2812 891 πτερνιζετέ
2843 835 2956 890 ys;
2986 818 3052 871 Τί
3094 817 3204 888 γὰρ
3250 817 3420 872 πάλιν
3478 817 3641 886 φασὶν
3680 819 3725 870 οἱ

2137 914 2421 984 γεννάδαι;
2456 914 2547 977 Ὠς
2590 912 2684 967 καὶ
2709 912 2809 984 τὴν
2841 911 3005 983 ἄλλην
3046 908 3194 976 λέξιν
3223 909 3335 964 άνω
3371 908 3725 980 ἐρμηνευθεῖ·

2140 1021 2238 1058 σαν
2267 1000 2558 1074 ἐτάξαμεν,
2585 1004 2679 1056 ὑπ’
2704 1001 2885 1055 αὐτῶν
2916 1001 2972 1054 δὲ
3001 1001 3131 1072 ἡμῖν
3161 998 3296 1071 πρὸς
3330 998 3533 1051 πεῦσιν
3562 999 3728 1051 ἐκτει-

2137 1097 2392 1168 νομένην,
2429 1096 2511 1162 τὸ,
2542 1095 2724 1149 Θέλων
2757 1094 3016 1165 ἐγέννησε
3044 1092 3136 1145 τὸν
3160 1090 3305 1152 Υἱὸν,
3344 1089 3380 1161 ἦ
3414 1089 3492 1160 μὴ
3528 1088 3691 1141 θέλων
3712 1106 3726 1120 ’

2138 1191 2215 1256 ὡς
2250 1192 2309 1246 ἐν
2344 1189 2464 1261 Θεῷ
2508 1188 2813 1258 ἐδείξαμεν,
2844 1185 2926 1239 ὅτι
2962 1184 3115 1238 οὐδέν
3143 1201 3194 1237 τι
3244 1182 3576 1255 μελλητικὸν
3602 1200 3726 1250 τυγς

2139 1283 2291 1354 χάνει
2312 1281 2481 1353 αὐτῷ,
2506 1280 2621 1334 ἀλλ’
2649 1281 2766 1351 ἄμα
2788 1278 2967 1332 πάντα
2992 1277 3049 1329 ἐν
3072 1275 3221 1346 αὐτῷ
3248 1277 3367 1327 ἐστι
3392 1273 3596 1327 τέλεια.
3634 1271 3730 1326 Καὶ

2137 1375 2200 1428 ού
2236 1372 2451 1445 πρῶτον
2483 1371 2730 1443 βούλεται
2775 1368 2942 1442 πρινὴ
2986 1367 3234 1438 ποιῆσαι,
3271 1364 3398 1418 οὐδὲ
3434 1364 3582 1417 ποιεί
3608 1363 3729 1417 ἄνευ

2142 1465 2527 1537 βουλεύματος,
2576 1463 2671 1516 καὶ
2714 1462 2775 1516 ού
2833 1459 3161 1532 βουλεύεται,
3204 1457 3290 1511 ἵνα
3336 1474 3394 1509 τι
3445 1453 3726 1525 ἑτοιμάσῃ,

2138 1558 2258 1612 ούδέ
2288 1559 2322 1629 ἡ
2350 1557 2638 1628 ἐτοιμασία
2672 1553 2839 1609 αὐτοῦ
2874 1552 3068 1625 βουλῆς
3101 1550 3413 1605 ἐπιδέεταισ
3437 1547 3582 1601 ὥστε
3607 1548 3726 1618 παρ’

2139 1648 2290 1721 αὐτῷ
2323 1650 2383 1703 τὸ
2420 1650 2665 1719 γέννημα
2696 1646 2787 1701 άεϊ
2822 1645 3178 1716 γεγέννηται’
3216 1641 3310 1696 καὶ
3355 1639 3436 1712 μὴ
3476 1641 3538 1691 ἐν
3564 1636 3728 1708 χρόνῳ

442 1733 756 1791 tarditatem
810 1744 907 1791 aut
954 1752 1165 1791 moram
1205 1737 1455 1812 haberet,
1492 1737 1678 1795 inesse
1717 1753 1899 1809 posse,
1942 1739 2032 1795 sed

2141 1739 2467 1812 ἀρξάμενον,
2507 1739 2620 1793 ἀλλ’
2655 1737 2742 1793 ἀεὶ
2772 1737 2870 1790 σὺν
2900 1734 3078 1808 Πατρὶ
3107 1730 3517 1804 γεγεννημένον
3559 1728 3724 1799 ὑπάρ-

443 1825 630 1880 omnia
685 1827 852 1881 simul
908 1829 965 1882 in
1015 1843 1081 1883 eo
1127 1843 1251 1885 esse
1300 1808 1563 1899 perfecta.
1630 1828 1813 1896 Quare
1860 1846 2032 1901 neque

2144 1808 2249 1902 χει,
2282 1808 2377 1885 καὶ
2418 1830 2675 1884 οὐδέποτε
2705 1827 3005 1883 διαλείπει·
3038 1826 3113 1889 ὡς
3162 1824 3257 1878 καὶ
3292 1822 3540 1878 ἐνταῦθα
3579 1820 3727 1873 πάλιν

445 1917 598 1987 prius
626 1919 743 1973 vult
770 1934 934 1990 quam
973 1918 1190 1985 fecerit,
1234 1936 1415 1991 neque
1446 1921 1566 1977 sine
1595 1922 1829 1978 consilio
1869 1923 2033 1993 quid.

444 2010 590 2078 piam
628 2011 874 2075 molitur,
911 2027 1090 2082 neque
1128 2012 1196 2066 ad
1227 2014 1644 2082 praeparandum
1688 2013 1898 2089 aliquid
1933 2012 2030 2068 de-

444 2098 655 2163 liberat,
671 2115 773 2155 nec
809 2100 955 2157 illius
988 2101 1315 2172 prazparatio
1344 2102 1805 2158 consultationem
1836 2102 2021 2172 requi-

440 2189 533 2245 rit.
575 2190 938 2257 Quamobrem
979 2193 1072 2262 qui
1116 2193 1186 2247 ab
1236 2208 1302 2248 eo
1350 2193 1652 2263 productus
1701 2200 1788 2249 est
1836 2191 2031 2258 Filius,

2141 1918 2481 1992 δευτερὼσας
2520 1919 2619 1990 τὴν
2664 1917 2807 1982 λέξιν
2837 1915 3001 1970 πάλιν
3038 1912 3250 1985 τίθημι,
3286 1913 3373 1966 ὅτι
3401 1909 3538 1975 Ϊούτε
3572 1908 3726 1963 θέλων

2133 2011 2451 2084 ἐγέννησεν,
2495 2010 2619 2063 οὒτε
2650 2011 2725 2080 μὴ
2775 2008 2946 2061 θέλων
2971 2022 2985 2035 ⁸
3015 2005 3150 2061 ἀλλὰ
3182 2006 3239 2059 ἐν
3262 2007 3333 2076 τῇ
3368 2003 3517 2074 ὑπὲρ
3547 2000 3727 2072 βουλὴν

2136 2104 2319 2173 φύσει.
2366 2101 2583 2166 Φύσεως
2634 2101 2743 2171 γάρ
2780 2100 2926 2152 ἐστιν
2957 2098 2986 2150 6
3017 2097 3149 2161 Θεὸς
3182 2095 3325 2167 ὑπὲρ
3379 2092 3600 2165 βουλὴν,
3643 2091 3726 2145 καὶ

2137 2196 2319 2247 πᾶσαν
2351 2192 2581 2256 ἔννοιαν,
2611 2191 2706 2244 καὶ
2741 2188 3019 2243 ὑπόνοιαν.

441 2297 658 2352 semper
691 2293 778 2338 est
824 2284 1081 2354 genitus;
1132 2300 1234 2340 nec
1276 2286 1390 2340 ullo
1448 2295 1695 2357 tempore
1735 2287 1925 2357 coepit,
1962 2285 2059 2342 sed
2127 2301 2157 2341 a
2213 2285 2375 2342 Patre
2420 2287 2640 2357 genitus
2692 2298 2817 2338 cum
2876 2281 3068 2338 eodem
3124 2279 3273 2334 nulla
3334 2275 3725 2344 interruptione

440 2376 705 2446 temporis
736 2377 974 2433 exsistit.
1011 2376 1196 2449 Itaque
1222 2379 1364 2436 idem
1392 2382 1540 2451 quod
1574 2387 1738 2435 antea
1771 2380 2022 2436 dixeram
2059 2380 2165 2437 hoc
2194 2383 2317 2436 loco
2374 2389 2639 2451 repetam.
2687 2376 2874 2448 Neque
2938 2375 3203 2431 volentem
3261 2371 3529 2443 genuisse
3566 2384 3727 2438 neque

440 2466 739 2534 nolentem,
775 2468 871 2523 sed
915 2469 969 2523 iu
1012 2485 1077 2524 ea
1127 2471 1289 2542 795
1343 2486 1563 2539 natura,
1630 2489 1755 2544 qua:
1799 2474 1949 2529 omni
2001 2481 2088 2530 est
2145 2473 2547 2530 deliberatione
2603 2470 2877 2542 superior.
2934 2464 3223 2538 Ejusmodi
3282 2464 3498 2536 quippe
3543 2468 3726 2516 natura

441 2561 534 2617 Dei
582 2570 687 2628 est,
741 2573 799 2618 ut
829 2580 991 2621 omne
1025 2568 1320 2622 consilium
1353 2575 1409 2625 et
1441 2584 1664 2625 omnem
1715 2570 2136 2642 intelligentiam
2200 2572 2685 2643 cognitionemque
2715 2564 3091 2623 transcendat.
3274 2567 3287 2577 '

510 2653 697 2709 LXIX.
738 2654 879 2710 lluic
926 2666 1253 2728 argumento
1283 2676 1393 2716 non
1440 2661 1710 2718 dissimile
1752 2670 1839 2718 est
1879 2662 2029 2717 aliud

2204 2665 2327 2722 ΞΘ’.
2360 2663 2595 2736 Ὁμοίως
2623 2662 2681 2717 δέ
2713 2660 2888 2732 ταύτῃ
2912 2657 3077 2722 λέξει,
3105 2655 3182 2720 ὡς
3214 2655 3380 2726 ἔφην,
3411 2652 3582 2724 ἄλλην
3601 2651 3723 2722 ἡμῖν

442 2742 514 2797 ab
562 2746 719 2801 novis
770 2746 881 2802 illis
916 2748 1288 2806 Aristotelicis
1337 2752 1643 2809 inventum.
1697 2752 1833 2808 Nam
1870 2755 2032 2826 hujus

2137 2755 2558 2829 ἐφευρίσκουσιν
2603 2753 2653 2807 οί
2702 2751 2813 2805 νέοι
2859 2745 3300 2819 Ἀριστοτελικοί.
3351 2744 3595 2798 Ἐκείνου
3628 2739 3724 2813 γὰρ

442 2833 753 2906 philoSOphi
789 2837 944 2894 virus
975 2855 1139 2896 omne
1170 2841 1224 2895 in
1274 2843 1475 2915 seipsis
1528 2857 1949 2917 expresserunt,
1981 2858 2032 2905 et

2138 2847 2494 2921 ἁπεμάξαντο
2524 2844 2623 2917 τὴν
2669 2842 2925 2906 ίοόολίαν,
2969 2840 3065 2894 καὶ
3112 2838 3411 2893 κατέλιπον
3446 2835 3543 2890 τοῦ
3581 2832 3720 2902 ἁγίου

441 2927 789 2983 innocentem
845 2928 1088 3001 Spiritus
1143 2935 1321 2989 sancti
1401 2936 1811 3007 simplicitatem
1883 2941 2032 2995 beni-

2139 2942 2457 3013 Πνεύματος
2484 2939 2544 2993 τὸ
2577 2938 2785 2993 ἄκακον
2831 2934 2929 2989 καὶ⁵
2965 2932 3027 2988 τὸ
3056 2934 3254 3005 πρᾶον,
3280 2930 3361 2994 ὡς
3390 2929 3543 2999 λέγει
3565 2930 3592 2983 6
3622 2925 3721 2979 Κύ-

441 3018 813 3091 gnitatemque
866 3022 1229 3092 reliquerunt.
1282 3026 1359 3082 De
1406 3030 1609 3099 quibus
1639 3029 1713 3084 ita
1768 3030 2032 3088 Dominus

2143 3051 2288 3107 pto;'
2333 3032 2563 3088 Μάθετε
2615 3030 2717 3085 ἀπ’
2749 3029 2920 3099 ἐμοῦ,
2957 3028 3047 3081 ὅτι
3086 3023 3274 3118 πρᾶός
3320 3026 3442 3092 ειμι
3487 3020 3599 3118 καίΔ
3633 3033 3720 3118 τει-

442 3109 730 3180 loquitur:
771 3112 964 3168 Discite
1009 3132 1042 3169 a
1078 3133 1157 3171 me
1204 3119 1333 3189 quia
1380 3121 1526 3175 mitis
1568 3139 1684 3176 sum
1728 3132 1777 3177 et
1821 3124 2032 3180 humilis

2141 3124 2346 3190 πεινὸς
2370 3121 2445 3192 τῇ
2465 3120 2678 3191 καρδίᾳ
2698 3137 2711 3150 ·
2735 3119 2833 3173 καί
2855 3116 3144 3186 εὑρήσετε
3168 3112 3295 3180 ταῖς
3316 3111 3552 3182 ψυχαῖς
3570 3109 3721 3179 ὑμῶν

442 3202 629 3266 (οι-(ιε,
670 3212 720 3258 et
754 3204 1027 3261 invenietis
1063 3211 1290 3277 requiem
1333 3212 1614 3268 animabus
1651 3218 1836 3270 vestris
1869 3218 1910 3271 ¹.
1965 3219 2032 3273 At

2137 3216 2506 3274 ἀνάπαυσιν.
2531 3207 2690 3268 Οὗτοι
2713 3212 2790 3276 δὲ,
2822 3210 2922 3282 τὴν
2948 3209 3235 3283 πραότητα
3258 3201 3717 3263 καταλελοιπότες,

447 3290 544 3357 illi,
581 3298 1006 3355 mansurtudine
1041 3303 1256 3361 relicta.
1290 3303 1649 3361 calliditatem
1698 3308 1882 3378 potius
1918 3324 2036 3362 am-

443 3385 583 3453 plexi
634 3395 800 3453 sunt,
836 3404 1005 3460 seque
1056 3400 1111 3447 et
1154 3393 1224 3447 ad
1277 3393 1626 3450 Aristotelem
1684 3411 1749 3451 ac
1805 3408 2035 3453 caeteros

441 3477 629 3532 mundi
661 3478 828 3550 hujus
862 3480 1186 3540 dialecticos
1215 3488 1631 3543 accommodare
1680 3490 2031 3545 maluerunt:

442 3585 674 3640 quorum
706 3572 918 3630 fructus
946 3575 1022 3630 ita
1049 3586 1459 3645 consecuntur,
1486 3581 1694 3635 nullam
1733 3590 1792 3636 ut
1810 3583 2039 3651 justitia’.

441 3659 651 3732 frugem
680 3664 982 3733 proferant,
1009 3682 1110 3723 nec
1146 3668 1315 3724 ullum
1344 3669 1582 3741 Spiritus
1624 3674 1802 3727 sancti
1831 3673 2038 3730 beneﬁ-

442 3754 611 3820 cium,
637 3765 826 3824 utpote
871 3761 1239 3817 contentionis
1271 3762 1393 3832 plus
1423 3778 1582 3834 aequo
1605 3765 1813 3834 cupidi,
1852 3766 2023 3837 impe-

442 3852 592 3901 trare
621 3857 939 3904 meruerint.
973 3849 1113 3921 Ergo
1149 3851 1223 3905 ita
1259 3867 1359 3908 nos
1387 3855 1609 3925 aggredi
1659 3857 1859 3925 solent,
1897 3872 2024 3913 cum

443 3936 700 4003 dicimus,
745 3939 1100 3997 exsistentem
1137 3939 1334 3998 Filium
1367 3946 1508 4014 apud
1536 3946 1890 4003 exsistentem
1937 3949 2040 4004 Pa-

445 4035 582 4081 trem
600 4026 792 4095 l‘uisse,
811 4031 1251 4104 quandoquidem
1268 4035 1340 4089 ita
1362 4034 1522 4092 Pater
1538 4037 1709 4108 Moysi
1727 4039 2033 4095 mandavit:

447 4117 578 4172 llaec
622 4119 764 4176 dices
804 4121 873 4175 ad
906 4124 1043 4193 ipsos
1074 4140 1091 4179 :
1124 4126 1242 4189 Qui-
1277 4136 1356 4181 est
1397 4128 1542 4183 misit
1594 4143 1675 4185 me
1729 4129 1786 4197 ';
1842 4130 2038 4188 deinde

446 4211 528 4264 sic
574 4210 924 4285 Evangeliunt
953 4217 1019 4271 de
1049 4216 1188 4272 Filio
1221 4227 1457 4274 testatur
1486 4239 1499 4275 ε
1540 4219 1609 4276 I‘n
1644 4223 1903 4290 principio
1922 4234 2038 4279 erat

460 4303 699 4369 Verbum,
737 4316 787 4361 et
827 4307 1051 4362 Verbum
1095 4321 1211 4365 erat
1248 4313 1388 4380 apud
1428 4312 1619 4377 Deum,
1659 4323 1710 4369 et
1754 4314 1896 4369 Deus
1921 4324 2038 4370 erat

457 4395 679 4450 Verbum
717 4397 760 4451 ⁸.
797 4397 877 4453 Ex
908 4402 1111 4470 quibus
1140 4403 1530 4475 colligentibus
1558 4405 1741 4471 nobis,
1764 4408 2033 4463 exsisten-

2135 3310 2401 3380 δεινότητι
2435 3305 2637 3379 μᾶλλον
2678 3303 2903 3366 ἐαυτοὺς
2952 3298 3339 3363 ὲκδεδὼκασιν,
3383 3294 3719 3364 ἐνδυσάμενοι

2149 3399 2528 3473 Ἀριστοτέλην
2555 3415 2612 3451 τε
2637 3397 2731 3451 καὶ
2766 3394 2895 3458 τοὺς
2919 3392 3111 3454 ἄλλους
3140 3389 3237 3442 τοῦ
3280 3388 3497 3459 κόσμου
3562 3382 3720 3438 διαλε-

2136 3494 2381 3559 κτικοὺς,
2419 3486 2494 3546 ὧν
2528 3490 2623 3545 καὶ
2659 3489 2787 3551 τοὺς
2822 3485 3068 3556 καρποὺς
3110 3481 3351 3553 μετίασι,
3375 3479 3576 3550 μηδένα
3600 3490 3716 3545 καρ-

2137 3587 2238 3639 πὸν
2264 3582 2614 3653 δικαιοσύνης
2655 3579 2877 3641 εἰδότες,
2917 3576 3051 3648 μηδὲ
3101 3573 3427 3644 Πνεύματος
3462 3567 3716 3632 καταξιω-

2138 3678 2323 3740 θέντες
2344 3674 2553 3746 δωρεὰν
2581 3671 2727 3743 ἔχειν
2751 3671 2808 3724 ἐν
2834 3670 3047 3731 ἑαυτοῖς
3069 3666 3118 3718 oi
3150 3665 3472 3735 φιλόνεικοι.
3504 3660 3714 3746 Λέγουσι

2136 3767 2269 3840 γοῦν
2308 3745 2443 3837 πρὸς
2474 3764 2643 3835 ἡμᾶς,
2669 3762 2796 3815 ὅταν
2823 3757 3067 3828 εἴπωμεν
3099 3755 3304 3818 αὐτοῖς,
3329 3754 3415 3807 ὅτι
3446 3754 3475 3806 6
3506 3750 3580 3802 ὣν
3605 3745 3714 3840 Υἱὸς

2139 3835 2278 3932 πρὸς
2312 3835 2404 3911 τδν
2435 3856 2564 3909 ὄντα
2596 3852 2821 3923 Πατέρα
2863 3845 2960 3921 ἦν·
2999 3846 3189 3918 ἐπειδὴ
3251 3845 3362 3917 γὰρ
3406 3842 3485 3915 τῷ
3526 3835 3713 3932 Μωῦξῇ

2138 3925 2289 4003 εἶπεν
2328 3950 2357 4003 6
2409 3944 2624 4016 Πατὴρ,
2669 3944 2753 3996 ὅτι
2798 3938 2989 4010 Ἐρεῖς
3046 3937 3198 4006 πρὸς
3250 3936 3502 4000 αὐτούς·
3641 3925 3716 4024 ὣς

2139 4035 2487 4096 ἀπέσταλκέ
2510 4052 2589 4106 με
2622 4050 2637 4064 ο
2674 4033 2773 4087 καὶ
2823 4030 2986 4085 πάλιν
3011 4028 3073 4082 τὸ
3106 4025 3444 4095 Εὐαγγέλιον
3483 4019 3603 4093 περὶ
3629 4019 3712 4069 τοῦ

2139 4130 2270 4187 Υἱοῦ
2305 4130 2525 4200 φάσκει,
2565 4128 2648 4182 ὅτι
2687 4127 2791 4179 Ἐν
2818 4120 2977 4193 ἀρχῇ
3014 4117 3094 4192 ἦν
3122 4123 3155 4174 ό
3186 4121 3403 4189 Λόγος,
3438 4115 3534 4170 καὶ
3560 4115 3591 4167 ό
3614 4107 3712 4200 Λό-

2138 4242 2245 4293 γος
2376 4219 2527 4290 πρὸς
2551 4218 2660 4272 τὸν
2691 4215 2861 4281 Θεὸν,
2892 4213 2991 4268 καὶ
3026 4211 3172 4278 Θεὸς
3212 4206 3292 4283 ἦν
3323 4213 3357 4263 d
3387 4209 3600 4278 Λόγος·
3629 4197 3710 4295 bi"

2138 4292 2404 4385 εἴπωμεν,
2443 4312 2525 4365 ὅτι
2554 4309 2583 4361 6
2615 4307 2691 4363 ὣν
2724 4303 2794 4381 ἦν
2843 4305 2981 4378 πρὸς
3018 4304 3109 4359 τὸν
3136 4304 3289 4368 ὄντα,
3330 4303 3547 4372 λέγουσι
3595 4292 3709 4364 πρὸς

2138 4408 2287 4479 ἡμᾶς
2310 4422 2323 4435 '
2355 4404 2429 4459 Τὸ
2466 4402 2525 4458 ὃν
2547 4402 2727 4456 τοίνυν
2759 4398 3050 4471 ἐγεννήθη,
3082 4396 3115 4468 ἢ
3144 4396 3204 4451 τὸ
3234 4397 3310 4469 μὴ
3345 4396 3405 4450 ὃν
3428 4386 3703 4479 ἐγεννήθης

445 4496 554 4542 tem
598 4487 797 4546 Filium
851 4491 998 4563 apud
1052 4494 1409 4552 exsistentem
1460 4496 1681 4554 Patrem
1738 4498 1913 4554 l‘uisse
1960 4500 2032 4553 ita

2236 4499 2345 4570 γὰρ
2370 4492 2460 4569 ἦν,
2491 4496 2609 4560 πῶς
2631 4493 2931 4566 ἐγεννήθη;
2968 4493 3031 4545 Ei
3069 4491 3127 4545 δέ
3157 4490 3446 4562 ἐγεννήθη,
3480 4485 3590 4547 πῶς
3609 4476 3704 4552 ἦν;

443 4584 839 4639 ratiocinantur
870 4605 883 4641 :
926 4594 1242 4644 utrumnam
1278 4591 1423 4660 quod
1455 4593 1567 4661 jam
1604 4599 1743 4659 erat,
1772 4607 1842 4647 an
1890 4593 2035 4662 quod

443 4675 685 4729 nondum
718 4685 837 4731 erat
869 4686 955 4735 est
986 4681 1270 4750 genitum?
1295 4681 1434 4737 Nam
1475 4683 1522 4738 si
1564 4683 1678 4754 jam
1711 4693 1853 4751 erat,
1898 4699 2035 4755 quo-

443 4766 602 4822 modo
629 4769 870 4839 genitum
901 4772 1025 4827 est?
1059 4772 1118 4828 Si
1153 4788 1284 4829 vero
1328 4775 1573 4846 genitum
1606 4783 1712 4843 est,
1744 4777 2027 4848 quomodo

440 4855 553 4926 jam
602 4861 762 4915 erat?
789 4861 969 4933 Atque
1000 4864 1103 4921 hoc
1132 4866 1202 4920 ab
1232 4866 1423 4921 eadem
1451 4866 1693 4925 vanitate
1722 4867 2030 4938 profectum

444 4955 551 5013 est,
585 4964 708 5018 quas
756 4951 810 5006 in
862 4955 1286 5024 quaestiunculis
1337 4956 1640 5021 volutatur,
1697 4942 1755 5009 ἑῖ
1775 4956 2030 5012 sublimia

446 5046 791 5105 consectans,
823 5057 889 5098 ac
938 5045 1181 5099 cmlestia
1231 5045 1453 5102 curiose
1489 5054 1867 5114 perscrutans,
1899 5045 2029 5100 boni

445 5124 612 5181 elIicit
636 5128 794 5182 nihil.
830 5130 938 5187 Nos
963 5142 1142 5189 autem
1173 5136 1254 5190 sic
1285 5151 1381 5193 eos
1412 5136 1756 5206 alloQuemur
1789 5153 1802 5190 :
1840 5134 2029 5192 Unde-

447 5234 571 5271 nam
626 5220 741 5273 haec
780 5222 980 5297 animis
1012 5227 1211 5282 vestris
1243 5227 1443 5297 injecta
1490 5228 1747 5298 cogitatio
1796 5228 1919 5283 est?
1970 5226 2028 5283 Si

446 5308 689 5364 dixerint
734 5311 877 5367 hanc
927 5314 1237 5383 inquirendi
1268 5322 1411 5373 viam
1450 5335 1574 5374 eum
1611 5326 1760 5373 recta
1815 5319 2028 5376 ratione

448 5411 876 5458 consentanea":
923 5407 1120 5470 videri,
1168 5415 1283 5463 tum
1316 5427 1417 5466 nos
1447 5422 1638 5465 contra
1679 5410 1761 5467 sic
1804 5412 2024 5483 urgebi-

449 5505 571 5547 mus
608 5511 623 5548 :
664 5495 870 5552 Audire
916 5513 982 5551 ex
1023 5498 1180 5554 vobis
1226 5503 1500 5571 cupimus,
1554 5517 1683 5557 num
1745 5502 1813 5557 de
1862 5505 2025 5561 rebus

2138 4593 2251 4647 Kal
2282 4591 2399 4645 ἐστι
2421 4590 2521 4661 τῆς
2551 4587 2727 4659 αὐτῆς
2763 4583 3241 4659 ματαιοφροσύνης
3274 4586 3374 4655 τῆς
3411 4579 3533 4650 περὶ
3558 4571 3703 4643 ζητή-

2137 4699 2252 4746 σεις
2280 4680 2710 4753 ἀσχολουμένης,
2756 4677 2855 4732 καὶ
2889 4676 2957 4731 τὰ
3006 4676 3257 4748 μετέωρα
3297 4666 3700 4746 ἐμϐατευούσηςν

2134 4776 2228 4829 καὶ
2258 4775 2325 4829 τὰ
2353 4775 2467 4829 ἄνω
2498 4769 3028 4844 περιεργαζομένης,
3077 4769 3171 4822 καὶ
3211 4766 3381 4838 μηδὲν
3414 4760 3606 4856 ἀγαθὸν
3625 4755 3701 4856 ἐς-

2135 4866 2463 4937 γαζομὲνης.
2501 4860 2765 4936 Ἐροῦμεν
2796 4863 2906 4933 γὰρ
2940 4860 3079 4932 πρὸς
3114 4857 3313 4922 αὐτούς
3334 4876 3348 4890 ·
3392 4854 3554 4910 Πόθεν
3587 4847 3700 4937 ὑμῖν

2138 4931 2171 5030 ἦ
2202 4931 2429 5012 ὑπόνοια
2458 4956 2597 5027 αὕτη
2630 4953 2726 5009 τοῦ
2769 4952 2942 5008 ταῦτα
2978 4951 3367 5022 διανοηθῆναι;
3414 4945 3533 5000 Ἐὰν
3552 4939 3603 5030 δὲ
3630 4931 3697 4986 εἷ·

2137 5027 2333 5115 πωσιν,
2366 5049 2448 5102 ὅτι
2492 5045 2679 5109 Οὕτως
2729 5045 2952 5099 ἀπαιτεῖ
2991 5042 3053 5096 τὸ
3105 5041 3364 5113 φρόνημα
3412 5027 3691 5115 ἐξετάζεινξ

2134 5112 2366 5213 λέγομεν
2394 5140 2489 5195 καὶ
2517 5139 2672 5193 αὐτοί
2692 5154 2705 5167 ·
2736 5135 2945 5192 Οὐκοῦν
2976 5112 3165 5205 λέγετε
3200 5136 3352 5225 ἡμῖν,
3386 5127 3431 5185 ὦ
3458 5112 3692 5225 οὖτοιβξ

2134 5210 2346 5286 ἑαυτῶν
2392 5230 2696 5301 λογίζεσθε,
2735 5230 2768 5302 ἢ
2799 5229 2868 5282 τὰ
2902 5227 2996 5282 τοῦ
3036 5226 3213 5293 Θεοῦ;
3261 5221 3394 5280 Εἶτά
3426 5232 3576 5314 φασιν

2134 5322 2367 5385 ἑαυτῶν,
2414 5300 2489 5387 ὡς
2523 5300 2767 5390 λογικοίλ
2805 5319 2887 5372 Τὰ
2931 5316 3025 5371 τοῦ
3060 5316 3195 5370 Θεοῦ
3242 5307 3572 5385 λογιζόμεθα.
3601 5300 3687 5352 0'5-

2130 5415 2219 5469 δὲν
2252 5411 2346 5469 οὖν
2377 5413 2682 5469 διαλλάττει
2715 5411 2847 5474 Θεὸς
2877 5409 2976 5479 τῆς
3021 5408 3173 5479 ὑμῶν
3198 5407 3385 5473 ἕξεως,
3419 5393 3612 5472 φύσεώς
3636 5400 3695 5440 τε

2134 5508 2227 5560 καὶ
2259 5507 2480 5573 οὐσίας;
2514 5506 2643 5571 Ναὶ,
2680 5504 2865 5575 φασίν.

452 5590 669 5651 vestris,
703 5605 771 5645 an
802 5592 869 5648 de
921 5594 1030 5658 his,
1087 5610 1208 5662 qua:
1268 5567 1332 5652 ad
1396 5567 1564 5651 Deum
1610 5595 1885 5668 pertinent
1938 5601 2012 5654 ita
2049 5601 2321 5673 cogitetis.
2369 5600 2800 5671 Respondebant
2850 5607 3036 5671 utpote
3082 5596 3296 5653 ratione
3349 5579 3581 5664 praedi“,
3622 5567 3678 5624 dc

534 5746 549 5775 ‘
574 5745 811 5817 Malarlt.
844 5768 923 5812 Ill,
959 5752 1010 5804 8.

1091 5754 1109 5782 ³
1142 5752 1327 5810 Matth.
1369 5771 1445 5817 XI,
1485 5757 1571 5813 ‘29.
1654 5756 1870 5813 ’Exod.
1904 5759 2101 5824 1H,”.
2182 5755 2381 5814 "Joan.
2415 5774 2452 5823 ι,
2488 5758 2533 5810 1.
