3994 6498
457 345 556 402 519
1865 352 1929 408 S.
1960 350 2034 408 EF

2209 350 2301 409 NII
3415 329 3421 335 ’
3685 359 3785 418 seu

452 461 633 532 ipsum
669 461 816 532 quod
850 472 954 527 est,
992 463 1134 519 sicut
1163 459 1380 537 Moyses
1413 466 1554 522 dixit
1584 485 1598 522 :
1635 468 1741 536 Qui
1766 479 1866 536 est,
1894 469 2029 524 misit

2210 489 2246 524 ι.
2284 471 2360 524 Τὸ
2401 470 2458 524 δὲ
2495 471 2630 544 ὁμοῦ
2657 473 2755 543 οὐχ
2797 471 2896 528 ἕνα
2926 471 3087 528 πάλιν
3133 471 3455 546 σημαίνει,
3485 472 3633 526 ἀλλὰ
3682 475 3787 531 ἀπὺ

455 569 536 607 me
566 553 608 620 ³,
635 555 811 624 inquit
838 553 904 608 ad
933 554 1072 610 ﬁlios
1105 553 1294 612 Israel.
1319 554 1508 628 Itaque
1537 559 1628 629 qui
1660 567 1769 626 est,
1802 576 1902 616 ens
1933 568 2032 625 est,

2206 560 2242 614 ιῢ
2276 561 2568 632 ὁμοουσίου
2595 561 2691 616 δύο
2719 563 2976 634 σημαίνει
3006 563 3188 618 τέλεια
3207 582 3222 595 ⁸
3271 562 3409 617 ἀλλ’
3451 563 3564 616 οὐκ
3599 562 3783 618 ἀλλοῖα

456 652 518 698 ιιι
565 645 640 698 ita
693 644 913 702 dicam:
950 646 1056 702 hoc
1104 655 1285 704 autem
1332 651 1470 705 nihil
1522 651 1668 705 aliud
1723 661 1829 716 est,
1869 667 2033 722 quam

2208 651 2393 724 ,λήλων
2427 653 2596 716 ἐστὶν,
2621 651 2744 706 οὐδὲ
2769 653 3026 725 ἀλλότρια
3043 654 3144 724 τῆς
3169 651 3377 706 αὐτῶν
3400 652 3699 723 ὲνότητος.
3724 654 3785 707 Et

454 735 784 793 substantia.
821 735 940 792 Jam
988 739 1258 809 particula
1292 739 1382 796 illa
1415 740 1552 813 ὁμοῦ
1584 756 1692 796 non
1720 758 1888 797 unum
1943 741 2031 796 ali-

2249 741 2608 815 ἐχρησάμεθα
2656 742 2937 808 εὐσεϐείας
2983 743 3144 816 χάριν
3189 743 3315 797 τινὶ
3369 740 3536 808 λέξει
3571 741 3668 796 διὰ
3697 743 3785 796 τὸν

451 843 616 898 quem
670 835 724 884 et
777 827 1114 900 singularem
1159 833 1451 902 exprimit,
1492 832 1589 890 sed
1643 833 1698 888 iu
1743 834 2028 904 ὁμοουσίοι

2210 835 2444 906 ινδεσμον
2482 839 2585 908 τῆς
2627 833 2908 906 ἀληθείας.
2943 835 3106 888 Ἀνευ
3159 835 3278 908 γὰρ
3325 835 3438 888 τοῦ
3493 833 3787 904 ὁμολογεῖν

453 936 587 976 voce
603 921 713 976 duo
729 923 978 993 quaedam
1016 923 1068 978 in
1099 925 1290 980 eadem
1315 926 1555 982 essentia
1587 923 1834 996 perfecta
1867 925 2030 998 signi-

2209 929 2450 992 Looﬁotov,
2481 929 2705 983 ’πάντων
2738 928 2761 960 ⁸
2793 927 3058 1000 αῖρέσεων
3086 927 3150 981 οὐ
3174 927 3433 982 δύναται
3459 921 3613 982 εἶναι
3637 927 3786 995 ἐλεγ-

451 1014 600 1081 lieat,
635 1030 759 1086 quae
795 1028 895 1072 nec
928 1030 959 1070 a
989 1032 1050 1071 se
1099 1017 1332 1072 invicem
1369 1017 1607 1084 diversa,
1657 1033 1760 1072 nec
1807 1018 1876 1073 ab
1919 1017 2028 1073 uni-

2211 1036 2256 1083 ς.
2287 1019 2498 1090 ’Ὠσπερ
2538 1016 2650 1090 γὰρ
2682 1016 2834 1089 μισεῖ
2861 1017 2896 1070 6
2928 1016 3052 1088 ὄφις
3077 1017 3176 1090 τὴν
3201 1017 3410 1089 ὀσμὴν
3436 1018 3551 1088 τῆς
3581 1017 3787 1087 ἀσφάλ-

455 1119 566 1166 tate
593 1127 692 1166 sua
722 1111 834 1166 sint
871 1111 1070 1167 aliena.
1104 1111 1242 1178 Quid
1285 1113 1329 1169 si
1375 1113 1594 1185 pietatis
1638 1113 1834 1184 gratia,
1872 1119 2032 1184 atque

2297 1111 2390 1164 καὶ
2414 1089 2517 1182 τὴν
2548 1089 2719 1181 πνοὴν
2741 1109 2844 1179 τῆς
2885 1108 3107 1178 ἐλάφου,
3134 1089 3236 1163 imi.
3261 1109 3336 1162 τὺ
3381 1106 3663 1178 θυμίαμα
3694 1107 3787 1162 τοῦ
3817 1089 3842 1117 ⁸

453 1199 525 1257 ad
583 1205 1012 1260 consociandam
1079 1205 1328 1261 veritatis
1380 1204 1777 1276 professionem
1837 1219 2030 1260 novum

2210 1203 2389 1274 ιγάτου
2415 1201 2590 1267 λίθου,
2621 1199 2715 1256 καὶ
2739 1201 2802 1254 τὸ
2826 1201 3114 1273 κάπνισμα
3145 1198 3241 1254 τοῖ
3270 1199 3582 1272 στύρακος
3604 1219 3618 1230 ·
3645 1199 3787 1252 οὕτω

456 1294 678 1366 aliquod
713 1297 1040 1356 vocabulum
1073 1313 1342 1369 usurpare
1373 1297 1686 1354 voluimus?
1735 1296 1850 1353 Nisi
1894 1297 2033 1353 enim

2208 1295 2241 1352 Li.
2269 1298 2486 1370 ’Ἄρειος
2501 1296 2594 1350 καὶ
2613 1293 2899 1360 susum;
2926 1295 3074 1367 μισεῖ
3097 1294 3188 1348 τὸν
3210 1293 3397 1363 λόγον
3427 1293 3541 1365 τῆς
3571 1295 3634 1348 ὲν
3663 1293 3785 1364 ἁλη-

455 1390 928 1447 consubstantiale
957 1391 1087 1447 illud
1118 1393 1528 1453 retinuerimus.
1561 1407 1628 1448 ea
1655 1391 1914 1448 omnibus
1939 1390 2032 1446 hae-

2213 1389 2269 1462 ίᾳ
2320 1385 2614 1462 ὁμολογίας
2655 1386 2754 1442 τοῦ
2797 1387 3148 1458 ὀμοουσίου.
3186 1385 3371 1439 Ἀλλὰ
3429 1384 3540 1438 καὶ
3601 1384 3782 1450 αὐτοῖς

455 1482 674 1538 resibus
710 1483 935 1540 refutari
972 1485 1120 1542 nulla
1166 1493 1364 1556 potest.
1407 1483 1546 1540 Nam
1585 1493 1646 1540 ut
1690 1499 1920 1558 serpens
1958 1482 2032 1540 bi'

2202 1482 2380 1555 ιοῦμεν
2402 1497 2418 1512 ·
2451 1481 2514 1535 Ei
2541 1479 2636 1535 xui.
2671 1480 2748 1552 μὴ
2776 1472 2847 1551 ἦν
2875 1482 2909 1552 ἡ
2947 1479 3096 1544 λέξις
3132 1479 3192 1534 ὲν
3222 1479 3362 1542 ταῖς
3409 1475 3606 1541 θείαις
3644 1477 3779 1549 Γρα-

451 1574 684 1630 tuminis
735 1577 960 1632 odorem
1011 1577 1231 1649 refugit,
1284 1585 1378 1632 aut
1424 1593 1601 1634 cerva!
1650 1575 1903 1643 halitum,
1948 1587 2028 1631 anl

2204 1576 2271 1640 ιῖς
2317 1573 2456 1646 (ἐστι
2500 1572 2582 1638 δὲ,
2655 1573 2750 1627 καὶ
2801 1571 2989 1642 σαφῶς
3029 1570 3279 1640 ἔγκειται
3335 1571 3404 1624 ὲν
3449 1570 3644 1640 νόμῳ,
3693 1569 3781 1622 καὶ

451 1675 664 1736 gagaten
703 1667 902 1738 lapidis
955 1669 1220 1731 sumtum,
1274 1677 1370 1722 aut
1419 1668 1654 1741 styracis
1684 1669 1916 1736 l’umum,
1961 1667 2028 1724 sit

2205 1664 2300 1738 ιρὰ
2325 1662 2644 1729 ἀποστόλοις
2669 1664 2765 1718 καὶ
2809 1665 2922 1721 τοῖς
2956 1663 3302 1732 προφήταις.
3352 1661 3474 1715 Ἐκ
3525 1663 3641 1733 γὰρ
3679 1660 3782 1715 δύο

451 1757 616 1814 Arius
645 1767 699 1815 et
728 1759 997 1817 Sabellius
1026 1761 1504 1816 consubstantith
1553 1775 1741 1816 vocem
1778 1759 1924 1815 illam
1977 1775 2028 1814 at

1977 1774 2039 1814 ac
2137 1759 2457 1830 μαρτύρων
2489 1757 2529 1829 ἢ
2559 1756 2736 1828 τριῶν
2759 1756 3127 1826 σταθήσεται
3153 1753 3283 1811 πᾶν
3299 1753 3541 1824 ῥῆμα).

454 1851 852 1920 professionem
882 1854 1235 1910 Vehementer
1274 1853 1534 1910 oderunt.
1581 1852 1690 1908 Sed
1737 1852 1810 1908 ita
1840 1851 2111 1910 adversus
2161 1853 2284 1908 illos
2334 1867 2606 1924 agemus:
2671 1850 2934 1919 Quamvis
2986 1865 3262 1921 nusquam
3295 1848 3362 1903 in
3418 1847 3613 1902 sacris
3671 1845 3775 1901 Lit-

452 1947 587 2002 teris
633 1963 696 2002 ea
765 1963 871 2004 vox
911 1956 1157 2004 exstaret
1204 1949 1357 2020 (qua:
1433 1964 1624 2004 revera
1685 1960 1865 2006 tamen
1916 1957 2095 2006 exstat
2149 1959 2316 2020 atque
2363 1949 2418 2005 in
2474 1951 2610 2022 lege,
2657 1958 2714 2004 et
2771 1947 3181 2019 apostolorum,
3231 1961 3308 2000 ac
3370 1943 3773 2016 prophetarum

452 2041 678 2110 scriptis
709 2042 998 2098 uianifeste
1028 2045 1341 2115 reperitur:
1379 2043 1592 2100 Duobus
1624 2061 1789 2116 [οτι-ο
1815 2045 1894 2100 vel
1926 2046 2093 2102 tribus
2127 2046 2344 2103 testibus
2369 2055 2476 2102 stat
2503 2057 2656 2100 omne
2684 2044 2892 2100 verbum
2924 2043 2988 2118 ⁸).

526 2131 633 2188 Sed
663 2141 719 2188 ut
777 2135 923 2188 nulla
955 2135 1076 2204 ejus
1109 2139 1314 2194 mentio
1347 2138 1533 2204 ﬁeret,
1567 2139 1780 2209 liceret,
1815 2141 2035 2212 opinor,
2070 2151 2103 2208 1]

2215 2143 2408 2214 Ὅμως
2439 2141 2560 2208 ἐξὸν
2589 2136 2658 2212 ἦν
2686 2141 2818 2212 ἡμῖν
2845 2139 2914 2194 δι’
2942 2138 3226 2194 εὐσέϐειαν
3249 2134 3602 2209 χρήσασθαι
3635 2133 3771 2199 λέξει

451 2223 521 2279 ad
577 2223 736 2280 (idern
783 2228 1292 2296 con-roborandam,
1375 2241 1740 2303 opportunam
1801 2235 2028 2304 aliquam

2194 2231 2420 2307 ρησίμῃ,
2446 2230 2975 2302 ὲπασφαλιζομένοις
2993 2229 3091 2302 τὴν
3123 2229 3287 2299 ἁγίαν
3325 2227 3556 2281 πίστιν.
3593 2225 3771 2298 Ὑμεῖς

448 2325 616 2388 atque
647 2317 837 2373 utilem
895 2335 1081 2376 vocem
1125 2321 1314 2377 studio
1343 2325 1564 2394 pictatis
1605 2339 1894 2394 usurpare.
1933 2322 2025 2378 Vo.

2194 2343 2202 2380 ἰ
2229 2326 2283 2379 τί
2321 2343 2491 2396 φατε;
2527 2325 2732 2394 Λέγετε
2759 2326 2870 2396 γὰρ
2903 2317 3308 2396 ἡμῖν,ὦο’ὐτοι,
3341 2322 3402 2375 τί
3427 2321 3628 2390 λέγετε
3651 2317 3771 2390 περὶ

453 2417 634 2464 autem
669 2409 804 2480 quid
865 2413 1087 2468 tandem
1118 2413 1348 2470 dicitis?
1404 2414 1580 2473 Velim
1630 2416 1766 2473 illud
1798 2417 1931 2471 mihi
1959 2431 2030 2472 re-

2188 2414 2244 2469 οὗ
2297 2415 2546 2487 Πατρὸς;
2585 2416 2872 2481 Ἀκτιστος
2913 2415 2942 2468 ὁ
2978 2415 3198 2486 Πατήρ;
3246 2413 3502 2476 Πάντως
3554 2411 3640 2464 ὅτι
3667 2409 3765 2463 ναί.

453 2498 810 2570 spondeatis,
866 2517 989 2572 quae
1039 2503 1112 2559 sit
1169 2513 1354 2560 vestra
1411 2505 1480 2561 de
1530 2503 1695 2560 Patre
1745 2505 2030 2561 sententia.

2188 2507 2244 2572 ’ίς
2303 2509 2414 2579 γὰρ
2470 2506 2712 2578 ἠλίθιος,
2779 2507 2866 2562 ἵνα
2921 2505 3254 2578 ἀμφιϐάλλοι
3331 2505 3480 2577 περὶ
3543 2501 3765 2568 τούτους

453 2593 621 2651 Estne
645 2602 706 2650 ut
727 2595 1030 2652 incrcatum
1069 2597 1224 2652 illum
1242 2599 1624 2656 existimemus
1653 2599 1677 2654 ‘l
1700 2597 1938 2656 Omnino
1972 2599 2030 2652 it:

2188 2598 2306 2662 [οῖος
2341 2597 2400 2652 δὲ
2444 2596 2813 2669 ὲμόρόντητος
2841 2595 3162 2666 λογίσασθαι
3193 2595 3268 2669 μὴ
3325 2589 3486 2649 εἶναι
3518 2594 3765 2648 ἅκτιστον

454 2699 578 2740 esse
609 2684 888 2740 fatendum
918 2694 1022 2742 est.
1051 2685 1187 2754 Quis
1219 2689 1368 2743 enim
1423 2689 1564 2745 adeo
1615 2689 1820 2748 stultus
1854 2697 1957 2750 est.
1989 2699 2031 2744 ιιι

2183 2690 2240 2745 δν
2295 2688 2466 2755 Θεὸν,
2515 2689 2611 2743 καὶ
2663 2689 2886 2761 Πατέρα
2934 2687 3028 2743 τοῦ
3083 2687 3294 2758 Κυρίου
3355 2685 3530 2759 ἡμῶν
3597 2682 3760 2755 Ἰησοῦ

453 2791 519 2830 ea
545 2775 612 2831 de
646 2791 704 2832 rc
731 2777 983 2832 dubitet?
1010 2777 1168 2845 Quis,
1218 2781 1469 2852 inquam,
1509 2781 1592 2837 sic
1617 2781 1802 2836 animo
1831 2781 2019 2852 percul

2184 2781 2422 2854 ἱριστοῦ,
2474 2781 2700 2846 Πάντως
2751 2780 2861 2854 γὰρ
2909 2780 3005 2836 καὶ
3055 2779 3212 2834 αὐτοὶ
3262 2778 3628 2850 ὁμολογεῖτε,
3689 2775 3761 2829 ὅτι

455 2882 553 2922 sus
579 2881 643 2921 ac
659 2883 896 2926 vesanus
923 2882 1028 2936 est,
1050 2879 1110 2925 ut
1129 2871 1297 2928 Deum
1324 2881 1378 2929 et
1402 2872 1618 2928 Patrem
1633 2871 1848 2930 Domini
1873 2875 2032 2929 nostr

2180 2872 2473 2943 ιγέννητος,
2507 2871 2602 2925 καὶ
2632 2870 2906 2934 ἄκτιστος,
2937 2871 3031 2925 καὶ
3060 2869 3356 2944 ἀγένητος.
3404 2870 3488 2924 Οὐ
3518 2867 3632 2940 γὰρ
3659 2865 3757 2936 ἔχει

460 2955 593 3014 Jcsu
628 2959 833 3016 Christi
867 2963 1169 3018 increatum
1197 2980 1320 3021 esse
1355 2980 1464 3020 non
1487 2965 1734 3036 judicet?
1758 2963 1868 3022 Vos
1901 2965 2037 3021 enim

2182 2963 2256 3036 τρὸ
2284 2961 2452 3017 αὐτοῦ
2483 2961 2723 3033 Πατέρα,
2745 2961 2868 3016 οὐδὲ
2894 2962 3148 3033 ὁρισμὸν
3176 2960 3354 3025 ἐτῶν,
3382 2959 3541 3016 οὐδὲ
3572 2957 3759 3028 ἀρχὴν

459 3049 650 3121 utique
713 3068 824 3108 non
859 3054 1070 3124 negatis
1099 3054 1403 3126 ingenitum
1463 3055 1643 3124 ipsum
1691 3071 1836 3121 esse,
1873 3065 1928 3110 et
1971 3057 2036 3109 in-

2178 3053 2405 3125 ἷμερῶνο
2439 3053 2590 3108 κατᾶ
2623 3053 2684 3106 τὸ
2718 3053 3124 3126 γεγραμμένον.
3165 3053 3230 3106 El
3260 3051 3462 3106 τοίνυν
3492 3049 3623 3104 οὐτε
3667 3049 3755 3116 ἀρ·

457 3148 728 3212 creatum,
759 3151 973 3216 atquea
993 3147 1147 3201 nullo
1172 3145 1524 3218 productum.
1557 3144 1745 3218 Neque
1778 3147 1922 3203 enim
1952 3145 2034 3201 Pa

2176 3143 2220 3216 [ἡ
2235 3145 2427 3217 χρόνου
2450 3143 2622 3215 αὐτῷ,
2639 3142 2762 3198 οὐτε
2782 3142 2956 3208 τέλος,
2979 3143 3350 3215 ὁμολογεῖται,
3377 3144 3466 3198 ὅτι
3491 3141 3753 3201 ἄκτιστος,

461 3240 603 3288 trem
634 3233 816 3300 habet,
852 3237 948 3308 qui
969 3238 1044 3293 sit
1069 3237 1190 3309 ipso
1219 3239 1374 3310 prior
1393 3281 1410 3306 ,
1441 3254 1616 3310 neque
1642 3239 1925 3295 definitum
1952 3255 2038 3293 an-

2176 3239 2244 3292 ιαὶ
2272 3237 2643 3310 ἁναμφίόολόν
2669 3239 2837 3292 ἐστιν.
2872 3236 3124 3309 Οὐδαμοῧ
3147 3237 3205 3290 δὲ
3235 3238 3376 3312 περὶ
3400 3235 3578 3291 αὐτοῦ
3607 3233 3753 3288 τοῦτο

458 3339 657 3380 norum
684 3327 945 3396 spatium,
981 3335 1077 3383 aut
1107 3330 1277 3384 ullum
1305 3329 1520 3385 dierum
1553 3329 1794 3394 initium.
1823 3337 1884 3386 ut
1907 3329 2035 3384 Scri

2175 3332 2482 3405 νέγραπται.
2523 3331 2822 3398 Εὐσεὸείας
2859 3331 2918 3388 δὲ
2941 3332 3102 3404 χάριν
3127 3319 3574 3404 ἀναγιιαξόμεθα
3598 3327 3752 3383 ταῦτα

459 3427 621 3488 ptura
659 3419 902 3490 loquitur
936 3421 978 3478 ⁸.
1022 3421 1078 3478 Si
1115 3423 1283 3496 igitur
1310 3439 1490 3495 neque
1517 3422 1850 3496 principium
1884 3423 2036 3479 habet

2171 3424 2392 3490 ιύσεϐὦς
2425 3425 2554 3497 περὶ
2605 3423 2772 3478 αὐτοῦ
2825 3426 3041 3497 φρονεῖν
3073 3441 3134 3478 τε
3177 3425 3274 3477 καὶ
3307 3425 3527 3494 λέγειν,
3571 3420 3668 3476 κᾶν
3696 3435 3748 3470 τε

457 3512 724 3581 temporis
753 3513 946 3582 ullum,
981 3531 1159 3587 neque
1189 3515 1374 3583 ﬁnem,
1399 3516 1452 3572 in
1469 3515 1727 3574 confesso
1747 3524 1855 3582 est,
1887 3527 2034 3587 atqui

2170 3516 2232 3588 ιὴ
2327 3513 2734 3587 γεγραμμένον.
2769 3511 2957 3577 Οὕτως
2989 3512 3052 3567 τὸ
3093 3513 3224 3582 περὶ
3253 3511 3358 3566 τοῦ
3404 3508 3747 3582 ὀμοουσίου,

456 3610 612 3658 extra
665 3620 884 3662 omnem
951 3609 1420 3678 controversiam,
1493 3609 1748 3666 eumdem
1808 3625 1840 3665 a
1896 3611 2033 3665 nullc

2169 3606 2580 3679 ἱναγκαζόμεθα
2633 3601 2832 3674 λέγειν,
2891 3607 2938 3660 εί
2984 3606 3080 3659 καὶ
3127 3603 3204 3676 μὴ
3247 3597 3316 3676 ἦν
3369 3597 3746 3674 γεγραμμένον

458 3705 706 3752 creatum
767 3699 962 3757 fuisse.
995 3702 1158 3774 Atqui
1193 3717 1464 3774 nusquam
1507 3703 1576 3759 de
1605 3717 1672 3759 eo
1711 3710 1796 3760 est
1827 3702 2035 3774 scripti:

2166 3700 2296 3757 κατὰ
2321 3701 2422 3773 τὴν
2456 3699 2594 3754 ἰδίαν
2628 3697 2917 3768 γλῶσσαν,
2939 3696 3078 3768 μετὰ
3102 3697 3394 3770 στενωπῆς
3423 3694 3538 3748 τῶν
3567 3691 3743 3758 λόγων,

462 3787 600 3844 illud
632 3805 979 3862 expressum.
1024 3793 1260 3852 Verbum
1309 3796 1553 3866 pietatis,
1592 3809 1654 3853 ut
1679 3795 1817 3861 dixi,
1845 3795 2039 3860 studio,

2164 3796 2202 3849 εί
2243 3793 2335 3848 καὶ
2375 3791 2543 3860 δόξειε
2585 3789 2744 3844 τοῦτο
2775 3785 2918 3846 εἶναι
2951 3788 3093 3862 ὑπὲρ
3127 3785 3296 3860 ἡμᾶς,
3339 3788 3442 3842 καὶ
3475 3785 3616 3854 ὑπὲρ
3658 3779 3741 3849 τὴν

461 3880 719 3950 religiose
743 3882 858 3938 haec
885 3885 954 3940 de
1001 3886 1122 3957 ipso
1167 3894 1221 3942 et
1255 3889 1461 3944 sentire
1485 3897 1540 3944 et
1567 3887 1870 3959 praedicare
1890 3887 2038 3959 cogi-

2165 3883 2308 3957 ημῶν
2337 3881 2502 3970 φύσιν
2549 3880 2612 3935 τὸ
2667 3879 2764 3936 ἐπὶ
2799 3877 2937 3934 Θεοῦ
2991 3878 3364 3948 διαλέγεσθαι.
3414 3875 3560 3930 Ἀλλ’
3609 3871 3742 3970 δμως

462 3990 607 4040 mur,
634 3976 763 4034 licet
785 3977 919 4034 nihil
946 3979 1021 4036 sit
1041 3980 1314 4051 ejusmodi
1339 3982 1630 4054 scriptum.
1656 3980 1858 4037 Eodem
1889 3979 2039 4036 modc

2164 3975 2314 4041 ιύτὸς
2359 3976 2389 4028 ὁ
2421 3963 2626 4046 Κύριος
2655 3973 3172 4043 συγγνωμονὴσειεν
3205 3973 3365 4043 ἡμῖν,
3410 3963 3741 4054 βουλομένοις

461 4071 683 4122 tametsi
720 4069 872 4122 nullo
894 4071 947 4125 in
981 4068 1416 4142 Scripturzeloco
1445 4051 1550 4127 vox
1585 4073 1676 4126 illa
1709 4071 2038 4127 consubslau‘

2162 4073 2250 4144 nix
2283 4070 2422 4144 ὑπὲρ
2468 4067 2722 4140 θεότητος
2765 4065 3173 4134 ἀπολογεῖσθαι,
3207 4065 3308 4136 τῆς
3340 4059 3628 4120 ἀνενδεοῦς
3657 4051 3739 4106 οὖα

465 4159 632 4223 tiatis,
665 4159 874 4217 diserte
905 4171 1067 4234 atque
1099 4164 1378 4234 expressis
1424 4163 1622 4220 litteris
1651 4163 2042 4227 contineretur,

2157 4179 2254 4234 σης
2283 4163 2383 4232 τῆς
2409 4157 2567 4231 ἡμῶν
2596 4155 2942 4219 συστάσεωςι
2989 4151 3152 4207 Ἀλλὰ
3175 4153 3258 4206 δεῖ
3279 4149 3528 4213 εὐσεϐῶς
3553 4145 3734 4212 λέγειν.

463 4265 568 4307 nos
599 4252 676 4306 uti
706 4263 887 4308 tamen
920 4255 1018 4332 illa.
1049 4271 1280 4313 necesse
1313 4264 1656 4327 putaremus,
1694 4255 2040 4328 quantumvis

1756 4255 2053 4312 tantumvis
2153 4253 2248 4308 καὶ
2279 4249 2522 4314 εὐσεϐῶς
2555 4249 2719 4314 νοεῖν,
2753 4247 2840 4301 ἵνα
2873 4246 2949 4318 μὴ
2981 4243 3333 4318 ἀπολώμεθα.

463 4347 530 4402 de
565 4347 673 4404 Deo
699 4348 986 4420 disputare
1014 4367 1181 4423 supra
1206 4367 1308 4407 nos
1336 4367 1402 4407 ac
1438 4361 1650 4408 natura:
1701 4360 1906 4409 nostra:
1965 4349 2340 4407 conditionem
2392 4365 2517 4406 esse
2573 4349 2875 4404 videretur.
2931 4345 3307 4404 Nihilominus
3348 4353 3534 4400 tamen
3591 4332 3734 4391 facile

463 4439 631 4512 798
661 4443 821 4498 nobis
844 4428 1275 4515 benignissimus
1306 4443 1572 4507 Dominus
1601 4445 1819 4501 veniam
1873 4441 2228 4506 concederet.
2258 4443 2354 4514 qui
2381 4457 2490 4497 non
2543 4441 2596 4496 id
2645 4439 3056 4506 aﬂectaremus,
3123 4448 3185 4494 ut
3227 4437 3560 4497 divinitatis,
3619 4439 3730 4498 qui!“

467 4532 724 4603 praesidio
750 4544 944 4590 nostro
985 4551 1052 4592 ac
1083 4535 1502 4611 conﬁrmatione
1546 4551 1656 4591 non
1687 4545 1832 4607 eget,
1895 4535 2268 4606 patrocinium
2333 4534 2770 4605 susciperemus.
2827 4530 2938 4588 Sed
2983 4531 3246 4588 nimirum
3290 4531 3360 4587 de
3409 4525 3608 4584 divinis
3657 4535 3728 4572 rc-

465 4628 572 4686 hus
617 4631 702 4694 pie
735 4631 886 4702 loqui
944 4646 1010 4687 ac
1043 4633 1250 4688 sentire
1285 4647 1388 4689 nos
1431 4641 1668 4704 Oportet.
1699 4647 1770 4688 ne
1813 4631 2057 4704 pessime
2098 4645 2410 4702 pereamus.

535 4719 722 4776 LXXI.
782 4721 1152 4789 Quamobrem
1204 4723 1557 4794 respondete,
1623 4738 1834 4795 quaeso,
1867 4723 2052 4790 nobis,

2233 4724 2358 4780 ΟΧ.
2399 4721 2594 4777 Τοίνυν
2621 4719 2960 4794 ἀποκρίθητε
2991 4721 3149 4792 ἡμῖν,
3183 4717 3235 4772 οἱ
3255 4715 3352 4772 τοῦ
3400 4712 3604 4786 ’Δρεῖου
3634 4721 3722 4776 μαι

468 4818 583 4874 Arii
620 4817 864 4877 fautores
895 4834 961 4874 ac
982 4819 1264 4890 discipuli,
1295 4834 1420 4875 cum
1461 4819 1765 4891 ingenitum
1795 4833 1863 4874 ex
1885 4819 2045 4890 teque

2162 4815 2357 4887 θηταίο
2393 4815 2690 4886 ἀγέννητον
2716 4813 2954 4884 λέγομεν
2981 4811 3184 4876 πάντες
3224 4807 3362 4881 ὁμοῦ
3391 4807 3483 4862 τὸν
3508 4799 3723 4895 Πατέρα]

471 4909 688 4966 Patrem
733 4926 925 4968 omnes
951 4911 1366 4982 increatumque
1406 4911 1698 4976 fateamur,
1745 4909 1928 4981 sitque
1959 4909 2048 4964 ad-

2156 4909 2252 4964 κα).
2291 4909 2570 4970 ἄκτιστον.
2606 4907 2700 4962 καὶ
2727 4905 3018 4978 θαυμαστὴ
3059 4907 3094 4977 ἠ
3127 4904 3277 4972 λέξις
3323 4897 3590 4972 δηλονότι’
3634 4905 3722 4982 που

473 4999 744 5056 mirabilis
791 5001 884 5056 illa
936 5001 1185 5072 profecto
1227 4980 1419 5070 dictio,
1464 5003 1688 5058 ubinam
1719 5009 1807 5060 est
1839 4980 2050 5073 scripto

2156 5001 2338 5056 τοίνυν
2369 5000 2685 5072 γέγραπται
2729 4997 2922 5066 τοῦτο;
2971 4997 3188 5062 Δείξατε
3233 4996 3326 5050 τὸν
3373 4993 3553 5048 τόπον.
3602 4980 3721 5038 Οὔτε

473 5092 798 5149 nominatim
853 5097 1151 5165 expressa?
1201 5093 1450 5152 Proferte
1479 5095 1681 5160 locum,
1729 5095 1774 5152 si
1806 5095 2050 5167 potestis.

2158 5091 2268 5164 γὰρ
2297 5092 2461 5164 νόμος
2488 5092 2732 5164 εἴρηκεν,
2756 5088 2882 5144 οὐτε
2910 5089 3212 5162 προφῆται,
3237 5087 3364 5141 οὐτε
3395 5075 3715 5167 Εὐαγγέλιογι

475 5183 663 5255 Neque
689 5184 834 5238 enim
873 5193 968 5240 aut
1016 5187 1071 5241 in
1118 5187 1236 5259 lege
1273 5197 1761 5252 commemoratur,
1795 5197 1890 5242 aut
1913 5187 2052 5260 apud

2159 5163 2285 5241 οὐτε
2329 5163 2640 5241 ἀσιόστολοι.
2679 5185 2745 5239 Εἰ
2768 5185 2949 5239 τοίνυν
2976 5183 3216 5246 εὐσεϐῶς,
3247 5183 3474 5252 λέγομεν
3499 5172 3634 5264 λέξιγ
3655 5163 3717 5264 μὴ

477 5279 794 5348 prophetas,
825 5285 919 5331 aut
975 5276 1031 5331 in
1057 5279 1376 5350 Evangelia,
1424 5287 1520 5335 aut
1570 5280 1625 5335 in
1684 5279 2054 5350 apostolorum

2163 5281 2580 5352 γεγραμμένην,
2622 5279 2716 5333 καὶ
2764 5277 2912 5331 ἔστιν
2936 5275 3213 5347 emaequ
3245 5275 3386 5345 ὑπὲρ
3411 5267 3561 5338 δόξης
3584 5262 3715 5352 eeo?

476 5344 714 5441 denique
769 5367 1160 5426 monumentis.
1200 5344 1368 5437 Quod
1396 5374 1443 5429 si
1485 5344 1812 5430 vocabulum
1841 5374 2053 5444 aliquod

2160 5344 2434 5442 λεγομένη
2459 5389 2473 5402 υ
2508 5344 2594 5434 τίς
2645 5371 2776 5441 ἡμῖν
2823 5344 3276 5436 ἐγκαλέσειενίεί
3320 5344 3414 5419 καὶ
3465 5358 3536 5432 μὴ
3667 5344 3715 5452 τὲ

479 5477 750 5532 nusquam
807 5460 1032 5532 scriptis
1065 5476 1386 5531 expressum
1421 5480 1692 5534 usurpare
1726 5465 1872 5530 licet,
1899 5465 2056 5536 idque

2160 5462 2444 5533 ὁμοούσιον
2471 5461 2880 5534 γεγραμμένον,
2898 5460 3171 5532 εὑρόντων
3205 5459 3362 5530 ἡμῶν
3393 5454 3561 5520 λόγον,
3585 5443 3642 5541 ξε
3659 5443 3713 5541 :19

481 5561 702 5620 propter
721 5551 962 5608 divinam
1021 5551 1250 5620 gloriam
1295 5563 1618 5625 usurpatum
1651 5557 2058 5625 amplectuntur

2159 5557 2316 5626 λόγου
2349 5556 2697 5628 δυνησόμεθα
2729 5555 2791 5610 τὸ
2822 5554 3060 5624 ἀσφαλὲς
3090 5553 3422 5624 ὁμολογῆσαι
3453 5546 3544 5615 τῆς
3580 5539 3710 5628 ἡμῶν

475 5656 668 5697 υιιιιιοδ
737 5653 793 5696 ct
838 5641 1166 5713 approbant,
1218 5643 1342 5712 quis
1388 5660 1490 5702 nos
1544 5661 1810 5702 accusare
1862 5647 2052 5704 merito

2162 5647 2434 5720 σωτηρίας
2458 5626 2490 5715 ;γ’
2527 5647 2640 5701 ἀλλ’
2689 5649 2796 5700 εἰσὶ
2835 5646 3135 5718 μαρτυρίαι
3179 5645 3315 5718 μετὰ
3357 5641 3448 5696 καὶ
3473 5631 3560 5691 τοῦ
3585 5626 3707 5682 εὐσε-

551 5795 571 5828 ¹
611 5794 784 5852 Exod.
820 5812 906 5861 ιιι,
946 5795 1027 5850 ιι.
1109 5799 1126 5826 ¹
1159 5795 1312 5854 Deut.
1352 5817 1461 5865 xu,
1498 5801 1595 5869 ~15;
1630 5801 1816 5856 Matth.
1845 5818 1995 5868 xvnl,
2035 5802 2118 5858 lG.

1531 5802 1595 5869 5;
1630 5801 1816 5856 Matth.
1845 5818 1995 5868 xvnl,
2035 5802 2118 5858 lG.
2201 5803 2220 5832 ³
2261 5800 2426 5858 Hebr.
2462 5783 2558 5868 γιι,
2590 5801 2642 5856 3.
2718 5803 2739 5834 "
2773 5801 2832 5855 F.
2866 5801 3103 5864 πάντως.
