3994 6404
187 351 299 409 Si!
830 354 1203 414 ADVERSUS
1240 357 1402 414 [LER
1414 358 1584 415 ESES
1622 358 1746 415 LIB.

1895 357 2059 414 ΤΟΜ.
2105 358 2165 413 ll.
2207 390 2275 399 —
2316 355 2588 413 lllEllES.
2630 355 2823 415 LXIX.

182 466 331 530 ϐοῦς
388 465 648 539 λογισμοῦ
672 510 684 533 ,
741 470 803 524 ατ
859 489 919 525 τε
986 475 1425 545 προτεταγμέναι
1489 477 1583 530 καὶ
1638 476 1782 531 ἄλλαι

1894 476 2089 546 possit,
2137 476 2181 530 si
2219 490 2343 530 cum
2376 490 2478 529 vox
2514 476 2603 529 Illa
2648 472 3122 529 consubstantiaiis
3176 471 3365 526 nnllibi
3396 471 3479 525 di-

179 559 450 625 πλείους.
486 560 898 634 Παρελεύσομαι
931 564 987 617 δὲ
1017 569 1111 619 καὶ
1144 567 1349 638 ταύτην
1373 567 1472 638 τὴν
1501 567 1666 631 λέξιν,
1699 569 1782 621 καῖ

1897 575 2041 622 serte
2106 566 2309 636 scripta
2349 565 2642 631 videretur,
2703 580 2804 620 nos
2841 565 3113 634 ejusmodi
3150 563 3481 618 vocabulum

177 650 295 714 τὰς
323 651 497 714 ἄλλας
526 653 705 709 αὐτῶν
735 655 829 708 τοῦ
855 656 1154 728 δελεασμοῦ
1198 659 1339 713 κατά
1372 659 1480 712 τῶν
1516 660 1782 731 ἀκεραίων

1896 659 2239 729 excogitasse
2269 655 2601 718 diceremus,
2636 670 2731 724 per
2767 656 2913 725 quod
2947 657 3243 711 salutarem
3274 654 3478 709 doctri-

175 741 506 815 λεγομένας
528 746 595 798 ’ὲν
642 746 762 818 Θεῷ
791 747 1041 815 ἀναξανῶ
1085 752 1273 822 ῥήσεις
1296 768 1356 803 τε
1390 753 1483 805 καὶ
1523 751 1782 815 ἐπινοίας.

1898 765 2045 813 nam,
2082 750 2151 804 ab
2194 748 2343 803 ornni
2377 747 2622 817 periculo
2656 747 2862 803 erroris
2895 747 3191 801 immunem
3228 745 3482 827 p-oiiteri

176 838 539 907 possemus?
582 837 783 895 Verum
837 843 903 897 ad
961 844 1111 914 pium
1163 846 1317 900 illum
1396 847 1825 917 religiosumque
1883 861 2105 900 sensum
2157 843 2458 915 Scripturaa
2510 843 2736 913 insuper
2774 841 3131 897 auctoritates
3183 842 3475 904 accedunt,

180 946 324 986 cum
360 947 394 986 a
431 948 520 989 me
557 947 1001 992 commemorata:
1031 938 1453 1006 hactenus,tum
1490 942 1802 1010 complures
1829 941 1966 993 alim.
2012 937 2117 994 Sed
2153 938 2264 1008 jam
2300 937 2369 992 ab
2423 937 2586 1007 hujus
2646 936 2750 991 loei
2811 939 3133 992 tractatione
3173 936 3472 998 discedam,

188 1038 258 1081 ut
285 1026 354 1082 ad
385 1027 526 1083 alias
559 1026 856 1099 Scriptura:
898 1036 1200 1089 sententias
1234 1042 1287 1091 ct
1325 1045 1648 1107 argumenta
1708 1034 2058 1092 discutienda
2092 1050 2177 1090 me
2233 1034 2536 1098 conferam,
2598 1048 2738 1103 quas
2778 1034 2925 1089 velut
2987 1033 3275 1088 illecebras
3333 1032 3478 1086 nuli-

191 1121 305 1177 bus
330 1137 399 1177 ac
433 1123 776 1194 simplicibus
805 1127 1096 1197 objiciunt.

3368 365 3473 420 δέει

269 1217 393 1271 OB'.
434 1219 668 1288 Λέγουσι
702 1223 812 1293 γὰρ
855 1221 1018 1276 πάλιν
1042 1224 1118 1295 (2)
1147 1226 1195 1278 ol
1222 1224 1377 1280 αὐτοὶ
1425 1225 1563 1296 μετά
1598 1224 1782 1279 πασῶν

1965 1214 2175 1270 LXXII.
2228 1216 2441 1271 Etenim
2502 1217 2646 1272 inter
2689 1217 2795 1271 alia
2828 1217 3476 1275 sacrarumLitterarum

183 1305 272 1364 ὧν
318 1310 432 1365 ἀπὸ
476 1310 570 1365 τοῦ
622 1313 943 1368 Ἀποστόλου
979 1315 1073 1369 καὶ
1107 1316 1217 1369 τῶν
1250 1316 1600 1386 Εὐαγγελίων
1646 1317 1782 1368 κατά

1894 1307 2229 1374 testimonia,
2253 1323 2373 1378 qua:
2392 1322 2457 1361 ex
2482 1307 2745 1377 Apostolo
2779 1318 2832 1363 et
2863 1307 3172 1379 Evangeliis
3214 1313 3282 1366 ad
3316 1328 3477 1367 suum

179 1403 288 1455 τὸν
319 1402 448 1456 νοῦν
480 1403 662 1456 αὐτῶν
704 1404 1161 1478 παραφθείρουσι,
1214 1405 1400 1471 κακῶς
1434 1406 1782 1470 ὑπονοοῦντες

1894 1413 2116 1454 sensum
2174 1399 2488 1470 depravata,
2543 1414 2608 1455 ac
2638 1415 2921 1472 perperam
2971 1401 3243 1457 intellecta
3298 1403 3479 1474 profe-

182 1493 395 1559 λέξεις,
423 1496 518 1549 xal
545 1496 747 1567 ταύτην
778 1499 857 1561 είς
892 1497 1055 1567 μέσον
1084 1500 1341 1573 φέροντες
1366 1500 1474 1555 ἀπὸ
1500 1498 1593 1553 τοῦ
1623 1500 1782 1553 Ἀπο-

1891 1499 2043 1557 runt,
2096 1491 2202 1547 hoc
2256 1494 2489 1564 insuper
2525 1509 2593 1549 ex
2650 1494 2915 1564 Apostolo
2966 1495 3127 1550 nobis
3184 1496 3479 1566 objiciunt,

182 1584 414 1651 στόλου,
433 1584 509 1648 ὡς
532 1588 746 1658 εἴρηται
775 1589 834 1640 ὲν
858 1591 924 1659 τῇ
948 1590 1086 1662 πρὸς
1115 1589 1433 1661 Κορινθίους
1473 1588 1782 1662 Ἐπιστολῇ,

1893 1584 2039 1654 quod
2075 1584 2129 1638 in
2160 1584 2399 1656 Epistula
2429 1585 2498 1639 ad
2520 1584 2835 1641 Corinthios
2863 1586 3079 1657 legitur,
3113 1588 3205 1644 ubi
3235 1590 3304 1644 de
3327 1604 3477 1644 mor-

181 1677 247 1731 ὲν
278 1675 360 1748 τῷ
397 1677 525 1747 περὶ
559 1677 767 1749 νεκρῶν
802 1679 1152 1744 ἀναστάσεως
1184 1681 1481 1752 κεφαλαίῳ.
1518 1681 1606 1744 Ὠς
1651 1678 1782 1735 καθ-

1894 1681 2117 1729 tuorum
2151 1675 2561 1732 resurrectione
2590 1674 2857 1746 disputat.
2888 1676 2979 1732 Sic
3012 1681 3157 1732 enim
3194 1680 3474 1751 loquitur:

182 1768 323 1841 εξῆς
387 1786 589 1841 φησιν·
623 1766 768 1826 Εἶτα
800 1772 865 1826 τὸ
897 1772 1092 1841 τέλος,
1140 1774 1287 1828 ὅταν
1329 1751 1633 1843 παραδιδῷ
1671 1775 1782 1843 τὴν

1891 1763 2094 1821 Deinde
2140 1767 2288 1836 ﬁnis,
2346 1782 2466 1821 cum
2505 1765 2787 1820 tradiderit
2827 1784 3041 1840 regnum
3082 1769 3190 1823 Deo
3222 1780 3270 1823 et
3300 1769 3478 1837 Patri,

177 1859 524 1925 βασιλείαν
559 1858 640 1926 τῷ
678 1860 801 1927 Θεῷ
849 1860 950 1915 καὶ
994 1864 1200 1933 Πατρὶ,
1252 1863 1398 1918 ὅταν
1430 1863 1782 1935 καταργήσῃ

1888 1873 2005 1911 cum
2028 1855 2351 1911 destruxerit
2399 1873 2602 1911 omnem
2643 1858 3021 1929 principatum,
3056 1868 3105 1913 et
3146 1862 3350 1915 oﬁtnem
3382 1877 3477 1930 po-

182 1948 407 2005 πᾶσαν
424 1950 643 2020 ἀρχὴν,
674 1952 785 2006 καῖ
806 1951 1015 2009 πᾶσαν
1037 1955 1347 2022 ἐξουσίαν,
1382 1957 1479 2012 καί
1507 1958 1781 2027 δύναμιν.

176 2042 294 2099 Δεῖ
318 2044 431 2113 γὰρ
462 2044 651 2099 αὐτὸν
695 2046 1076 2116 βασιλεύειν,
1107 2048 1279 2119 ἄχρις
1321 2045 1393 2105 οὗ
1436 2048 1511 2120 θῇ
1560 2049 1787 2116 πάντας

178 2136 336 2203 τοὺς
390 2137 647 2207 ἐχθροὺς
700 2139 887 2194 αὐτοῦ
948 2139 1067 2196 ὑπὸ
1120 2141 1265 2209 τοὺς
1315 2142 1506 2209 πόδας
1561 2141 1782 2196 αὐτοῦ·

179 2231 459 2300 ἔσχατος
491 2230 708 2302 ἐχθρὸς
761 2232 1135 2304 καταργεῖται
1179 2237 1213 2289 ὁ
1262 2235 1540 2303 θάνατος.
1602 2238 1787 2290 Ὅταν

180 2322 255 2375 δὲ
294 2322 474 2391 dan,
529 2324 619 2379 ὅτι
671 2324 877 2380 Πάντα
909 2329 1070 2395 αὐτῷ
1109 2327 1525 2394 ὑποτέτακται,
1568 2328 1783 2398 δῆλον,

183 2415 275 2468 ὅτι
302 2416 485 2481 ἐκτὸς
507 2417 614 2472 τοῦ
636 2410 1053 2488 ὑποτάξαντος
1072 2421 1232 2488 αὐτῷ
1260 2423 1333 2477 τὰ
1363 2422 1579 2477 πάντα.
1600 2423 1788 2476 Ὅταν

181 2506 249 2560 δὲ
287 2507 568 2578 ὑποταγῇ
612 2510 774 2578 αὐτῷ
820 2512 895 2567 τὰ
933 2512 1151 2579 πάντα,
1185 2515 1319 2568 τότε
1366 2515 1467 2569 καὶ
1519 2513 1703 2580 αὐτὸς
1752 2517 1785 2568 ὀ

192 2601 334 2667 Υἱὸς
398 2602 842 2673 ὑποταγήσεται
908 2605 989 2671 τῷ
1043 2604 1409 2672 ὑποτάξαντι
1484 2603 1646 2673 αὐτῷ
1712 2605 1786 2660 τὰ

181 2693 412 2759 πάντα,
452 2696 555 2749 ἵνα
591 2690 631 2768 ᾖ
676 2699 710 2750 ό
743 2696 888 2765 Θεὸς
920 2698 991 2751 τὰ
1038 2699 1234 2752 πάντα
1265 2698 1335 2751 ἐν
1362 2698 1571 2755 πᾶσιν.
1634 2698 1787 2751 Ἐπι-

180 2786 564 2858 λαμϐάνονται
597 2787 779 2844 τοίνυν
806 2788 902 2843 τοῦ
946 2789 1133 2862 ῥητοῦ,
1161 2791 1257 2845 καὶ
1296 2790 1374 2862 τῷ
1416 2790 1528 2845 ἔθει
1558 2791 1657 2863 τῆς
1684 2791 1784 2844 αὐ-

180 2878 297 2933 τῶν
330 2878 535 2952 ἔχθρας
565 2881 702 2952 πρὸς
722 2881 814 2936 τὸν
831 2881 1103 2955 Μονογενῆ
1127 2884 1625 2949 κατασκευάζοντες
1652 2884 1669 2915 ¹
1686 2883 1786 2957 τὴν

184 2971 358 3025 αὑτοῦ
388 2974 669 3044 ἄφραστον
709 2973 804 3027 καὶ
839 2973 1046 3042 ἔνδοξον
1077 2975 1327 3049 θεότητα,
1357 2976 1433 3040 ὡς
1460 2977 1555 3032 καὶ
1584 2976 1785 3033 πολλά-

1888 1956 2131 2002 testutem
2190 1964 2257 2000 ac
2305 1947 2571 2002 virtutem.
2611 1946 2828 2016 Oportet
2874 1951 3011 2004 enim
3042 1952 3213 2020 ipsum
3237 1967 3482 2022 regnarc,

1885 2039 2048 2092 donec
2066 2047 2225 2107 ponat
2274 2053 2452 2091 omnes
2500 2038 2745 2093 inimicos
2776 2055 2900 2094 suos
2937 2040 3033 2094 sub
3083 2041 3302 2111 pedibus
3341 2044 3474 2098 suis.

1889 2126 2227 2181 Novissimus
2261 2127 2507 2181 inimicus
2526 2126 2828 2182 destruetur
2847 2146 3015 2186 mors.
3044 2130 3179 2186 Cum
3201 2141 3373 2190 autem
3396 2133 3478 2186 di-

1892 2222 1961 2273 cit
1990 2218 2320 2290 subjicienda
2351 2219 2450 2273 illa
2469 2220 2673 2287 omnia,
2694 2222 3035 2291 manifestum
3060 2233 3139 2278 est
3165 2240 3281 2278 eum
3304 2226 3479 2294 excipi

1885 2309 1976 2380 qui
2000 2308 2279 2379 subjecerit
2334 2309 2438 2389 ipsi
2488 2310 2687 2367 onmia.
2752 2310 2887 2367 Cum
2933 2322 3109 2367 autem
3152 2314 3388 2382 subjecta
3427 2316 3477 2371 ei

1885 2402 2085 2471 fuerint
2113 2404 2312 2469 omnia,
2349 2411 2472 2456 tunc
2501 2411 2551 2457 et
2600 2406 2710 2472 ipse
2732 2401 2907 2459 Filius
2938 2403 3255 2473 subjicietur
3276 2406 3349 2473 ei,
3384 2407 3478 2476 qui

1885 2498 1988 2553 sibi
2004 2498 2219 2567 subjicit
2253 2498 2455 2563 omnia,
2505 2505 2563 2551 ut
2594 2498 2662 2552 sit
2693 2496 2834 2553 Deus
2871 2499 3052 2552 omnia
3083 2498 3141 2554 in
3174 2498 3413 2554 omnibus
3428 2500 3477 2555 ⁸.

1886 2588 2045 2645 Hunc
2080 2604 2211 2660 ergo
2240 2588 2423 2645 locum
2485 2589 2778 2660 arripiunt,
2830 2598 2886 2645 et
2918 2606 3018 2661 pro
3049 2605 3116 2647 eo
3147 2606 3211 2647 ac
3239 2606 3478 2648 consue-

1883 2688 2104 2745 verunt,
2138 2687 2364 2751 propter
2395 2679 2619 2735 insitum
2642 2680 2696 2734 in
2716 2680 2805 2734 Dei
2836 2678 3034 2735 Filium
3061 2681 3247 2737 odium
3282 2682 3477 2737 adver-

1886 2789 1983 2830 sus
2007 2773 2447 2843 inexplicabilem
2503 2787 2567 2827 ac
2592 2772 2936 2842 magnificam
2962 2772 3110 2828 illius
3140 2773 3483 2829 divinitatem

1886 2872 2235 2936 comparant,
2271 2865 2603 2928 incredibili,
2634 2874 2693 2920 ut
2722 2880 2865 2936 saepe
2893 2865 3099 2920 dietutn
3129 2875 3233 2930 est,
3263 2866 3483 2922 insania

1886 2957 2101 3028 perciti.
2156 2956 2249 3012 Sic
2282 2956 2451 3029 igitur
2484 2957 2750 3027 objiciunt
2784 2975 2797 3012 :
2830 2957 2996 3028 799
3042 2956 3281 3013 Videsne
3310 2973 3473 3029 quam

184 3077 279 3125 κις
321 3056 498 3122 εἶπον,
534 3061 689 3135 ἀνοίᾳ
723 3063 1032 3137 φερόμενοι.
1071 3065 1180 3118 Καί
1212 3047 1375 3134 φασιν
1398 3081 1413 3097 ο
1470 3065 1653 3137 Ὁρᾷς,
1700 3066 1781 3119 ὅτι

1886 3050 2090 3105 diserte
2113 3048 2262 3103 dicat
2294 3065 2308 3104 :
2340 3047 2473 3103 Cum
2501 3057 2766 3117 postremo
2795 3048 3081 3103 tradiderit
3110 3065 3326 3121 regnum
3367 3048 3481 3103 Deo

186 3117 339 3220 λέγει
361 3168 376 3185 υ
416 3117 605 3206 ’όταν
640 3117 707 3208 τὸ
735 3117 930 3222 ’τέλος
962 3117 1421 3226 παραδιδξῖίτῆν
1453 3117 1782 3223 βάοῖιέείαν

1892 3140 2064 3207 Patri,
2096 3157 2214 3195 cum
2244 3141 2785 3196 destruxeritomnem
2800 3151 3110 3209 potestatem
3136 3153 3184 3198 et
3211 3143 3481 3198 virtutem.

183 3240 268 3307 τῷ
310 3241 435 3308 Θεῷ
466 3244 565 3295 καὶ
587 3242 789 3311 Πατρί,
815 3244 963 3298 ὅταν
990 3248 1341 3317 καταργήσῃ
1379 3246 1588 3302 πᾶσαν
1614 3246 1785 3313 ἐξσυ-

182 3336 344 3387 σίαν
387 3336 483 3389 καὶ
539 3335 813 3406 δύναμιν.
855 3337 950 3393 Δεῖ
996 3338 1108 3408 γὰρ
1166 3340 1354 3396 αὐτὸν
1401 3341 1781 3405 βασιλεύειν,

183 3425 373 3495 ἄχρις
419 3424 485 3483 οὗ
520 3427 593 3497 θῇ
630 3428 863 3495 πάντας
894 3430 1037 3495 τοὺς
1071 3432 1324 3501 ἐχθροὺς
1348 3431 1468 3486 ὑπὸ
1500 3432 1643 3497 τοὺς
1678 3433 1784 3487 πό-

183 3518 303 3585 δας
332 3521 543 3578 αὑτοῦ.
569 3522 641 3575 Τὸ
666 3523 744 3586 δὲ,
780 3521 887 3589 δεῖ,
916 3523 1031 3585 καὶ,
1079 3525 1236 3595 ἄχρι,
1268 3525 1382 3591 καὶ,
1420 3525 1565 3581 ὅταν
1593 3539 1782 3594 παρα-

191 3611 338 3677 διδῷ
388 3612 509 3681 τὴν
550 3614 899 3683 βασιλείαν,
945 3618 1137 3690 χρόνου
1190 3619 1339 3672 ἐστὶν
1382 3619 1629 3690 ὁρισμός.
1671 3618 1783 3672 Kal

194 3702 645 3775 βλασφημοῢντές
678 3723 809 3774 φασι
828 3724 845 3739 ο
876 3709 1138 3773 Παύσεως
1179 3711 1274 3764 καὶ
1302 3710 1655 3776 καταλύσεως
1684 3711 1780 3767 τοῦ

189 3797 579 3867 βασιλεύοντός
609 3800 724 3851 ἐστι
753 3799 925 3855 ταῦτα
964 3802 1258 3873 δηλωτικὰ,
1292 3804 1447 3870 Ἕως
1485 3799 1558 3860 οὗ
1597 3818 1783 3877 παρα-

184 3888 333 3956 διδῷ
367 3890 484 3958 τὴν
521 3891 852 3955 βασιλείαν
894 3893 974 3959 τῷ
1002 3893 1125 3960 Θεῷ
1154 3894 1253 3949 καὶ
1292 3896 1495 3964 Πατρί.
1530 3896 1643 3950 Kal
1680 3898 1782 3952 οὐκ

187 3981 372 4035 ἴσασιν
407 3982 468 4046 ἐξ
497 3982 746 4055 ὑπαρχῆς
781 3984 872 4038 τὸν
908 3984 1034 4039 νοῦν
1060 3986 1163 4057 τῆς
1187 3987 1463 4059 ἀληθείας,
1492 3989 1573 4042 ὅτι
1603 3988 1690 4043 διὰ
1720 3989 1783 4042 τὸ

190 4072 593 4143 μετεσληκὲναι
618 4075 710 4128 τὸν
743 4076 1027 4148 Μονογενῆ
1072 4077 1272 4149 σαρκὸς
1304 4080 1399 4133 καὶ
1430 4079 1681 4149 αἵματος,
1710 4079 1780 4133 τὰ

1890 3231 2105 3303 Oportet
2134 3233 2273 3286 enim
2308 3232 2480 3299 ipsum
2516 3248 2755 3302 regnare,
2781 3232 2946 3288 donec
2970 3244 3131 3302 ponat
3164 3250 3343 3295 omnes
3370 3233 3479 3290 ini-

1885 3326 2050 3379 micos
2108 3324 2203 3379 sub
2232 3322 2451 3391 pedibus
2487 3325 2698 3390 ipsius?
2738 3322 2840 3379 Ubi
2877 3324 2991 3379 lucc
3024 3326 3218 3392 verba,
3250 3333 3482 3393 oportet,

1883 3426 1959 3481 et,
1990 3416 2174 3484 donec,
2200 3423 2275 3482 et,
2306 3432 2425 3470 cum
2452 3416 2732 3470 tradiderit
2755 3433 2993 3488 regnum,
3023 3419 3306 3475 deﬁnitum
3338 3429 3480 3476 tem-

1884 3512 2037 3582 poris
2074 3509 2311 3580 spatium
2359 3508 2696 3579 signiﬁcant.
2732 3510 2911 3581 Atque
2952 3510 3067 3566 hmc
3104 3513 3222 3583 ipsa
3282 3512 3475 3580 verba,

1886 3602 2064 3658 Donec
2111 3602 2395 3657 tradiderit
2456 3618 2674 3672 regnum
2722 3601 2830 3658 Deo
2857 3614 2905 3658 et
2946 3602 3117 3669 Patri,
3146 3605 3352 3660 exitum
3374 3605 3476 3660 ali-

1884 3713 2068 3768 quem,
2104 3695 2374 3765 ﬁnemque
2422 3694 2571 3765 regni
2611 3694 2659 3750 ei
2697 3697 2794 3767 qui
2844 3705 3057 3769 regnat,
3100 3698 3350 3753 accidere
3380 3697 3480 3754 deo

1884 3798 2181 3845 monstrat.
2216 3787 2339 3844 Haec
2373 3787 2450 3842 illi
2481 3802 2578 3859 per
2600 3802 2874 3843 summam
2898 3790 2950 3843 in
2981 3787 3151 3847 Deum
3192 3798 3483 3846 continue»

1883 3883 2011 3938 liam
2045 3882 2325 3954 jactitant,
2380 3896 2557 3951 neque
2602 3881 2733 3953 quid
2778 3882 2986 3938 veritas
3039 3883 3158 3956 ipsa
3207 3883 3479 3955 signiﬁcet

1885 3976 1996 4031 ullo
2050 3976 2213 4031 modo
2268 3974 2580 4045 percipiunt
2613 3990 2627 4027 :
2656 3976 2911 4031 nimirum
2956 3976 3099 4045 quod
3149 3976 3348 4032 unicus
3378 3975 3481 4033 Dei

1884 4065 2058 4121 Filius
2079 4065 2262 4120 carnis
2279 4078 2344 4119 ac
2373 4064 2661 4135 sanguinis
2683 4067 2958 4133 particeps
2981 4064 3168 4129 fuerit,
3205 4065 3484 4122 humanas

186 4160 602 4234 ἀνθρωποπαθῆ
644 4164 770 4235 περὶ
812 4164 1001 4228 αὑτοῦ,
1042 4166 1135 4219 καὶ
1163 4165 1265 4237 τῆς
1310 4168 1578 4240 ὲνσάρκου
1614 4168 1778 4222 αὑτοῦ

1885 4159 2057 4215 eidem
2088 4156 2428 4221 atl‘cetiones,
2463 4172 2637 4227 eaque
2683 4172 2805 4226 quae
2838 4157 3027 4228 gloria:
3057 4158 3347 4227 quamdam
3390 4173 3480 4213 ac»

186 4252 495 4325 παρουσίας
530 4254 913 4327 προσληπτικὰ
955 4257 1054 4327 τῆς
1085 4257 1243 4329 δόξης
1271 4258 1456 4333 ᾄδεται
1501 4260 1596 4314 καὶ
1624 4259 1779 4329 λέγε-

186 4363 279 4400 ται
298 4363 311 4375 ·
353 4346 469 4399 ἀλλ’
502 4347 602 4400 οὐκ
634 4347 790 4413 ἐκτὸς
827 4348 926 4418 τῆς
952 4348 1162 4415 τελείας
1188 4351 1276 4404 ἀεὶ
1313 4352 1407 4405 καὶ
1436 4351 1648 4420 ἐνδόξου
1677 4353 1777 4407 αὐ-

1882 4251 2193 4308 cessioncm
2242 4247 2508 4313 indicant,
2559 4249 2813 4303 humana:
2853 4249 3001 4307 illius
3042 4260 3253 4304 naturae
3282 4249 3478 4316 tribui,

1883 4344 2149 4416 vulgoque
2170 4342 2456 4414 praedicari
2490 4360 2505 4397 :
2537 4342 2681 4413 quod
2727 4350 2910 4396 tamen
2939 4356 2969 4396 a
3000 4341 3238 4413 perfecta
3261 4341 3467 4411 gloriae-

188 4438 285 4492 τοῦ
337 4437 608 4509 Θεότητος,
639 4438 739 4510 τῆς
790 4440 953 4511 μηδὲν
996 4440 1317 4514 ὲνδεομένης
1364 4440 1730 4514 προλαϐέσθαι
1758 4445 1779 4476 ’

1885 4453 1992 4509 que
2059 4434 2380 4508 plenissima
2436 4432 2725 4489 divinitate
2766 4434 2989 4489 minime
3022 4434 3325 4504 putandum
3361 4442 3474 4489 est.

188 4529 368 4598 δὸξης,
405 4528 637 4600 ἐχούσης
665 4530 721 4584 δὲ
745 4530 806 4584 τὸ
838 4531 1355 4604 αὐτοδεδοξασμένον
1398 4533 1493 4589 καὶ
1526 4534 1588 4587 τὸ
1616 4535 1778 4590 αὐτο-

190 4621 417 4675 τελειον.
460 4621 733 4684 Ὡσαύτως
756 4620 777 4654 ⁸
796 4621 1053 4693 περὶτῶν
1071 4622 1167 4677 δύο
1197 4621 1544 4694 ἀπολογεῖται
1574 4625 1783 4697 μερῶν,

196 4714 422 4781 φάσκων
473 4711 602 4784 περὶ
652 4714 749 4783 μὲν
794 4712 891 4766 τοῦ
950 4714 1301 4787 προσφάτου·
1362 4715 1637 4781 Δόξασόν
1680 4734 1778 4787 με,

196 4805 408 4875 Πάτερ,
456 4806 526 4859 ὲν
553 4804 629 4872 τῇ
676 4804 850 4873 δόξῃ,
880 4798 920 4877 ᾖ
958 4801 1126 4875 εἶχον
1154 4806 1313 4876 παρὰ
1366 4808 1465 4861 σοί
1508 4810 1623 4877 πρὸ
1673 4810 1781 4865 τοῦ

194 4900 301 4950 τὸν
325 4898 558 4966 κόσμον
582 4897 880 4968 γενέσθαι.
919 4899 979 4952 '0
1014 4897 1072 4952 δὲ
1099 4898 1309 4969 Πατὴρ,
1347 4897 1370 4930 ⁸
1395 4900 1503 4952 τῶν
1535 4899 1629 4954 δύο
1658 4902 1783 4971 σχέ-

197 5007 335 5044 σεων
372 4990 733 5059 ἀπαγγέλλων
763 4990 862 5063 τὴν
906 4991 1084 5057 δόξαν,
1121 4992 1249 5061 περὶ
1302 4991 1400 5062 μὲν
1430 4991 1529 5063 τῆς
1557 4991 1783 5066 πρώτης

198 5082 338 5136 κατὰ
364 5083 428 5136 τὸ
470 5081 714 5153 Πνεῦμα,
744 5083 826 5136 ὅτι
867 5083 1183 5149 Ἐδόξασα,
1213 5084 1300 5137 ἴνα
1340 5080 1491 5159 δείξῃ
1522 5085 1585 5140 τι
1627 5085 1781 5157 ἀόρι-

204 5192 352 5229 στον
410 5176 539 5247 περὶ
591 5176 648 5229 δὲ
694 5175 787 5229 τοῦ
841 5177 1179 5250 προσφάτου,
1232 5177 1320 5232 διὰ
1375 5179 1473 5252 τὴν
1520 5180 1785 5254 ἔνσαρκον

207 5269 517 5339 παρουσίαν,
551 5268 633 5322 ὅτι
662 5268 760 5323 καί
787 5268 976 5323 πάλιν
1006 5268 1271 5336 δοξάσω.

1887 4522 2020 4597 Quin
2073 4528 2293 4600 quidem
2332 4526 2592 4581 divinitas
2649 4540 2774 4580 cum
2843 4526 2961 4598 ipsa
3009 4541 3106 4597 per
3142 4542 3264 4582 sese
3300 4525 3478 4598 gloria

1886 4624 2112 4697 praedita
2143 4638 2207 4679 ac
2228 4621 2467 4695 perfecta
2497 4621 2590 4685 sit,
2619 4634 2964 4691 nequaquam
2987 4629 3270 4674 externam
3308 4628 3481 4686 atque

1887 4717 2179 4773 aseititiam
2238 4713 2468 4785 gloriam
2516 4710 2766 4783 requirit.
2804 4709 2939 4767 Nam
2977 4717 3032 4765 et
3072 4709 3326 4765 Christus
3355 4710 3477 4780 ipse

1886 4827 1949 4867 ea
1971 4810 2155 4866 verbis
2186 4806 2480 4879 expressit,
2513 4821 2635 4877 qtue
2662 4804 2728 4861 ad
2761 4803 2951 4857 ambas
2981 4802 3105 4857 illas
3130 4810 3316 4872 partes
3344 4818 3473 4873 pro-

1883 4900 2211 4974 pugnandas
2257 4899 2535 4971 pertinere
2597 4904 2850 4968 possunt.
2892 4893 3081 4965 Itaque
3122 4895 3190 4950 de
3224 4910 3308 4961 ea,
3350 4911 3476 4967 quae

1884 4995 2159 5052 recentior
2199 5001 2305 5059 est,
2354 4992 2527 5063 accipi
2588 4992 2693 5047 ista
2744 4996 2975 5061 possunt
3008 5003 3021 5043 :
3049 4986 3312 5059 Cleri/ica
3360 5006 3476 5055 me,

1889 5088 2073 5153 Pater,
2124 5103 2187 5141 ea
2242 5085 2435 5157 gloria,
2475 5100 2635 5155 quam
2695 5082 2859 5136 habui
2902 5082 3043 5152 apud
3088 5093 3136 5136 te
3191 5093 3473 5152 antequam

1884 5179 2113 5236 mundus
2143 5181 2292 5249 fieret
2331 5179 2372 5233 ⁸.
2399 5176 2563 5234 Pater
2611 5185 2791 5232 autem
2832 5176 3064 5232 duarum
3096 5175 3320 5246 perinde
3343 5190 3474 5228 con-

1883 5274 2153 5329 ditionum
2209 5278 2263 5327 et
2331 5270 2717 5325 habitudinum
2781 5269 3011 5340 gloriam
3062 5267 3479 5328 demonstrans,

204 5361 269 5417 de
311 5363 489 5433 priore
552 5362 855 5417 secundum
899 5361 1153 5432 spiritum
1202 5363 1283 5419 sic
1338 5362 1585 5433 loquitur
1621 5363 1776 5436 :Ego
1809 5364 2127 5437 gloriﬁcavi,
2168 5372 2228 5419 ut
2257 5363 2531 5418 inﬁnitum
2556 5359 2817 5433 quiddam
2860 5359 3123 5417 declaret.
3162 5359 3239 5415 De
3268 5373 3479 5451 recen-

203 5458 336 5513 tiorc
366 5472 497 5512 vero
544 5464 601 5512 ut
646 5456 885 5512 hominis
926 5466 1183 5529 suscepta
1225 5465 1444 5527 natura,
1495 5470 1544 5516 et
1601 5463 1794 5517 iterum
1821 5462 2196 5534 gloriﬁcabo.’

272 5609 369 5667 εἶθ.
406 5610 897 5689 ἀνασκευάζοντες.
973 5613 995 5643 ’
1025 5611 1086 5667 F.
1109 5612 1538 5689 προσλαϐέσθαι.
1607 5616 1628 5650 ³
1650 5615 1726 5680 ὡς
1749 5634 1782 5669 α

1888 5634 1933 5681 ς.
2012 5615 2253 5672 ’δῡοεεεο
2284 5614 2533 5670 nonnihil
2554 5613 2828 5684 suspicor.
2908 5610 3120 5666 l'ltlor.
3152 5623 3243 5675 xv,
3279 5604 3479 5662 24-28.
3516 5680 3528 5689 .

212 5678 389 5740 'Joan.
425 5699 563 5749 xvu,
612 5680 664 5735 5.
743 5681 763 5713 "
790 5680 947 5737 Joau.
984 5699 1083 5747 xu,
1107 5678 1198 5737 28.

266 5831 331 5909 (Ξ)
362 5832 648 5904 Λέγουσι
695 5826 806 5897 γὰρ
848 5826 1055 5883 πάλιν.
1095 5826 1173 5884 De
1229 5824 1334 5883 hoc
1362 5824 1615 5897 Apostoli
1663 5825 1782 5881 loco

1885 5823 1945 5880 de
1980 5822 2250 5879 Hilarium
2291 5823 2389 5879 lib.
2414 5837 2474 5878 ιι
2509 5822 2589 5877 De
2624 5820 2813 5877 Trinit.
