3994 6434
242 395 355 452 525

974 389 1347 450 ADVERSUS
1386 388 1733 447 IIERESES
1773 388 1899 447 LIB.
1946 391 2010 449 ll.
2056 393 2224 451 TOM.
2276 395 2415 449 ll.-
2453 395 2733 453 BIERES.
2777 397 2970 459 LXIX.

3436 406 3538 461 5‘23

238 509 328 565 ὅτι
371 510 527 565 οὐδὲν
574 512 632 565 ὲν
672 511 748 583 τῷ
791 509 907 583 Υίῷ
954 510 1332 585 πεπλήρωται,
1365 510 1490 565 οὔτε
1536 510 1826 583 πληροῦται

1945 510 2014 565 Et
2041 514 2190 585 regni
2214 514 2328 584 ejus
2346 531 2448 570 non
2470 516 2568 570 erit
2590 517 2712 587 ﬁnis
2732 519 2758 573 ?
2786 517 2897 574 lloc
2922 519 3089 591 igitur
3106 520 3415 596 signiﬁcare
3443 540 3541 581 vo-

241 598 548 671 ἀφηνιάζον
627 601 721 656 καὶ
770 599 969 666 ίδιάζον
1017 602 1117 674 τῆς
1172 600 1265 656 τοῦ
1318 602 1529 673 Πατρὺς
1577 602 1843 668 ἐνώσεως.

239 691 339 744 καὶ
378 691 499 755 ἑνὸς
551 692 858 764 θελήματος
900 693 1137 765 Πατρδς,
1190 693 1283 746 καὶ
1339 692 1494 757 Υίοῦ,
1543 693 1641 747 καὶ
1688 694 1845 764 ἁγίου

221 781 585 873 ἓιΙνεύματος.
634 784 882 857 Ὀρῶμεν
926 784 1035 855 γὰρ
1064 784 1160 839 καὶ
1194 782 1429 838 ἐνταῦθα
1465 783 1542 848 ὡς
1573 784 1705 855 περὶ
1745 786 1844 838 αὐ-

238 873 338 927 τοῦ
369 874 465 928 τοῦ
498 873 626 929 Υίοῦ
656 875 948 948 εἰρημένου
984 877 1024 941 ⁸,
1080 876 1164 929 ὅτι
1195 875 1373 929 Ὅταν
1396 874 1698 944 παραδιδῷ
1729 875 1845 945 τὴν

235 963 574 1029 ,βασιλείαν
604 966 685 1033 τῷ
736 966 859 1033 Θεῷ
890 966 989 1020 καί
1036 968 1242 1035 Harp),
1292 967 1439 1021 ὅταν
1486 968 1839 1038 καταργήσῃ

246 1053 454 1109 πᾶσαν
494 1057 716 1126 ἀρχὴν,
760 1058 860 1112 καὶ
900 1058 1214 1124 ἐξουσίαν,
1275 1059 1372 1112 καὶ
1425 1058 1716 1129 δύναμινο
1765 1060 1841 1124 ὡς

246 1146 408 1199 αὐτοῦ
464 1147 559 1199 τοῦ
607 1147 738 1201 Υἱοῦ
788 1147 1175 1219 παραδιδόντος
1242 1151 1342 1220 τὴν
1391 1148 1691 1219 βασιλείαν,
1744 1154 1839 1206 καὶ

245 1238 646 1310 καταργοὼτος
679 1241 862 1294 πᾶσαν
896 1240 1092 1312 ἀρχὴν,
1141 1240 1239 1294 καὶ
1282 1240 1351 1294 τὰ
1399 1241 1563 1312 ἑξῆς·
1612 1241 1706 1296 καὶ
1753 1243 1834 1307 τὸ,

238 1331 341 1385 Δεῖ
365 1332 556 1386 αὑτὸν
585 1332 945 1397 βασιλεύειν
973 1332 1146 1401 ἄχρις
1174 1327 1247 1388 οὗ
1300 1331 1377 1402 θῇ
1420 1332 1653 1399 πάντας
1690 1335 1834 1402 τοὺς

236 1423 495 1492 ἐχθροὺς
545 1424 664 1478 ὑπὸ
704 1425 845 1490 τοὺς
876 1425 1068 1490 πόδας
1095 1424 1278 1479 αὑτοῦ
1298 1440 1314 1456 ⁸
1358 1425 1431 1489 ὡς
1480 1427 1576 1479 τοῦ
1603 1426 1736 1480 Υίοῦ
1764 1427 1835 1482 τὰ

236 1516 422 1570 πάντα
452 1516 753 1584 ποιοῦντος,
786 1517 885 1572 καὶ
932 1518 1341 1583 αὐθεντοῦντος,
1374 1520 1468 1572 καὶ
1502 1520 1835 1586 ἐξουσιάζον-

234 1625 352 1673 τος,
408 1609 501 1662 καὶ
537 1608 614 1679 τῷ
652 1611 827 1683 Πατρὶ
884 1611 1270 1682 παραδιδόντος
1323 1612 1420 1665 σὺν
1470 1615 1538 1683 τῇ
1585 1610 1833 1687 βασιλείᾳ

232 1700 366 1763 τοὺς
396 1699 892 1772 ὑποτασσομένους.

308 1791 427 1844 ΟΔ’.
461 1788 593 1845 Εἶτα
623 1792 809 1848 λοιπὸν
854 1791 1170 1865 μεταϐαίνει
1203 1794 1277 1856 είς
1320 1794 1610 1867 πρόσωπον
1643 1797 1830 1869 ἕτερον

1951 598 2053 653 luit
2102 600 2422 672 Apostolus,
2446 603 2585 659 nihil
2635 604 2915 677 impletum
2966 608 3019 662 in
3069 608 3226 676 Filio,
3260 613 3538 685 implerive

1949 692 2093 762 quod
2141 707 2171 747 a
2226 703 2454 764 paterna
2510 696 2671 766 θοι
2722 699 3152 766 conjunctione,
3204 710 3369 774 atque
3424 719 3536 760 una

1945 783 2247 854 eademque
2285 784 2488 850 Patris,
2518 795 2570 841 et
2594 784 2739 851 Filii,
2774 795 2827 842 et
2860 788 3097 860 Spiritus
3133 794 3312 847 sancti
3339 793 3532 849 volun-

1946 883 2058 931 tate
2083 876 2404 947 discrepans
2438 879 2529 943 sit,
2567 888 2661 933 aut
2693 881 3028 951 scjunctum.
3055 882 3336 954 Siquidem
3358 885 3535 942 ethoc

1943 966 2065 1022 loco
2107 968 2174 1024 de
2228 967 2368 1024 Filio
2398 972 2516 1040 ipso
2561 972 2767 1026 dictum
2817 973 3349 1031 animadvertimus:
3400 977 3532 1032 Cttm

1944 1055 2225 1111 tradiderit
2274 1075 2494 1129 regnum
2551 1059 2658 1115 Deo
2699 1070 2748 1115 et
2801 1060 2992 1126 Patri,
3052 1079 3172 1117 cum
3213 1064 3532 1120 destruxerit

1940 1162 2145 1201 omnem
2174 1148 2551 1218 principatum,
2590 1162 2641 1204 et
2669 1160 3002 1218 potestatem,
3038 1161 3087 1207 et
3115 1155 3382 1222 virtutem,
3407 1164 3533 1211 tan-

1937 1253 2101 1307 quam
2142 1237 2314 1295 Filius
2378 1240 2494 1310 ipse
2544 1257 2773 1312 regnum
2815 1245 3019 1309 tradat,
3048 1260 3113 1300 ac
3156 1247 3528 1317 principatum

1935 1342 2151 1383 omnem
2172 1331 2442 1396 destruat,
2467 1343 2573 1386 etc.
2602 1332 2680 1387 Ad
2706 1333 2842 1398 haec,
2869 1333 3106 1404 Oportet,
3135 1338 3334 1409 inquit,
3359 1341 3531 1409 ipsum

1935 1433 2177 1490 regnare,
2239 1422 2405 1476 donec
2448 1433 2611 1491 ponat
2669 1425 2912 1480 inimicos
2972 1427 3068 1483 sub
3134 1430 3353 1498 pedibus
3393 1435 3528 1501 suis,

1935 1512 2091 1582 quasi
2116 1511 2287 1569 Filius
2316 1514 2499 1569 omnia
2532 1516 2799 1585 perﬁciat,
2829 1532 2893 1573 ac
2921 1533 3023 1588 pro
3046 1524 3375 1580 auctoritate
3428 1541 3529 1581 sua

1932 1611 1987 1660 et
2045 1614 2319 1675 potestate
2360 1606 2695 1673 moderetur,
2731 1617 2786 1665 et
2835 1609 2985 1666 Patri
3009 1613 3244 1685 denique
3267 1633 3374 1671 una
3401 1633 3527 1673 cum

1930 1712 2101 1767 regno
2121 1697 2400 1767 subjectos
2428 1698 2641 1755 offerat.

2002 1788 2234 1845 LXXIV.
2279 1789 2410 1846 Post
2457 1791 2574 1846 haec
2619 1792 2780 1847 aliam
2823 1793 2891 1849 ad
2937 1808 3231 1865 personam
3271 1797 3521 1853 transit:

232 1884 403 1940 πάλιν
423 1902 438 1917 ο
474 1885 583 1940 Τοῦ
610 1884 843 1954 Πατρός
862 1885 1325 1954 ὐποτὰσσοντος
1354 1887 1552 1942 πάντα
1579 1889 1660 1955 τῷ
1694 1866 1824 1955 Υίῷ·

1937 1876 2104 1933 Patre
2148 1877 2294 1934 Filio
2330 1880 2643 1949 subjiciente
2675 1884 2886 1948 omnia;
2925 1893 3020 1939 et:
3054 1883 3249 1939 Omnia
3278 1886 3524 1955 subjecit,

231 1978 332 2030 καί
373 1994 541 2049 φησιο
574 1978 779 2033 Πάντα
823 1978 1128 2044 ὑπέταξεν
1173 1980 1294 2034 ὑπὸ
1326 1980 1473 2047 τοὺς
1502 1983 1694 2049 πόδας
1725 1985 1833 2037 αὺ-

229 2067 374 2123 τοῦ·
411 2070 674 2139 ἔσχατος
704 2068 920 2138 ἐχθρὸς
953 2070 1329 2140 καταργεῖται
1361 2074 1393 2124 ὀ
1422 2070 1699 2139 θάνατος.
1732 2074 1836 2127 Οὐ-

230 2160 354 2215 κέτι
385 2160 443 2214 δὲ
474 2162 584 2216 ἀπὸ
611 2159 908 2233 προσώπου
935 2161 1149 2235 [ἰατρὸς
1180 2163 1364 2233 μόνον,
1385 2163 1506 2218 οὐδὲ
1535 2165 1646 2219 ἀπὸ
1665 2182 1835 2236 προσ-

226 2249 387 2306 ώπου
426 2250 559 2306 Υἱοῦ
598 2252 780 2322 μόνον,
822 2252 960 2306 ἀλλὰ
995 2253 1303 2323 μεσαίτατα
1366 2253 1476 2308 τῶν
1523 2256 1833 2327 προσώπων

230 2343 449 2415 Πατρδς
478 2344 573 2398 καὶ
611 2342 769 2411 Υἱοῦ,
801 2343 970 2415 φησίν
990 2361 1003 2375 ο
1044 2346 1349 2413 Ἐσχατος
1374 2345 1590 2415 ἐχθρὸς
1617 2365 1835 2418 καταρ-

229 2434 420 2505 τεῖται
449 2439 483 2491 ὀ
507 2436 783 2502 θάνατος.
822 2437 1000 2491 Ὅταν
1031 2435 1100 2491 δὲ
1127 2437 1293 2506 circa,
1326 2436 1416 2491 ὅτι
1446 2438 1646 2493 πάντα
1671 2440 1832 2507 αὐτῷ
1873 2499 1885 2512 ,

226 2527 667 2594 ὑποτέτακται,
703 2526 896 2599 ἧθελον
940 2528 1219 2599 ἐρωτῆσαι
1274 2530 1401 2594 τοὺς
1450 2531 1675 2596 αὐτοὺς,
1723 2533 1832 2586 ἀπὸ

226 2618 526 2693 προσώπου
557 2619 703 2683 τίνος
739 2619 822 2684 τὸ,
858 2621 1025 2690 εἴπῃ,
1057 2620 1240 2690 λέγεις
1271 2622 1345 2675 Τὸ
1374 2622 1485 2694 γὰρ
1518 2622 1682 2693 βάθος
1718 2623 1829 2676 τῶν

132 2746 141 2753 ι
228 2711 554 2784 μυστηρίων
589 2710 687 2765 τοῦ
732 2710 868 2765 Θεοῦ
913 2713 1309 2783 πνευματικῶς
1345 2713 1475 2778 τοὺς
1529 2716 1829 2787 σαρκικοὺς

225 2804 429 2874 κρίνει.
467 2804 523 2856 '0
558 2802 669 2874 τὰρ
701 2804 993 2872 σαρκικὸς
1020 2805 1094 2860 οὐ
1120 2803 1357 2882 δέχεται
1389 2806 1462 2860 τὰ
1496 2805 1605 2860 τοῦ
1637 2806 1829 2860 Πνεύ-

217 2908 442 2963 ματος’
480 2893 661 2965 μωρία
692 2893 800 2965 γὰρ
825 2894 979 2965 αὐτῷ
1007 2895 1176 2952 ἐστιν.
1198 2894 1463 2950 Ἐνταῦθα
1482 2897 1613 2968 γὰρ,
1641 2897 1828 2952 Ὅταν

221 2984 396 3051 elata,
420 2983 514 3038 ὅτι
548 2984 746 3038 πάντα
775 2984 938 3051 αὐτῷ
971 2986 1394 3055 ρποτέτακται,
1440 2989 1488 3041 εί
1525 2988 1625 3060 μὲν
1655 2992 1685 3043 ὁ
1710 2990 1827 3043 Πα-

222 3075 330 3147 τὴρ
374 3076 523 3145 λέγει
550 3076 688 3147 πρὸς
718 3077 812 3131 τὸν
845 3076 1012 3143 Υίὸν,
1069 3078 1296 3151 ἐλλιπὴς
1350 3082 1385 3151 ἡ
1437 3082 1821 3153 πραγματεία·

1942 1972 2137 2042 inquit,
2155 1972 2253 2025 sub
2279 1971 2499 2042 pedibus
2525 1972 2662 2043 ejus,
2686 1975 3002 2030 novissimus
3024 1976 3269 2031 inimicus
3290 1979 3527 2032 destrue-

1939 2078 2027 2119 tur
2057 2082 2220 2121 mors.
2263 2065 2367 2122 Ubi
2394 2082 2507 2123 non
2539 2070 2776 2139 amplius
2804 2085 2868 2125 ex
2901 2086 3137 2139 persona
3171 2070 3352 2127 Patris
3381 2072 3526 2126 dun-

1946 2163 2118 2220 taxat,
2150 2173 2325 2228 neque
2357 2172 2422 2212 ex
2457 2157 2630 2214 solius
2664 2173 2899 2228 persona
2931 2157 3079 2224 Filii,
3121 2159 3217 2214 sed
3264 2168 3524 2231 tanquam

1933 2249 2004 2303 ab
2053 2249 2157 2302 alia
2190 2251 2333 2303 inter
2362 2258 2655 2318 utramque
2683 2249 2970 2319 interjecta
3016 2250 3309 2318 subjicitur
3352 2269 3366 2307 :
3410 2251 3525 2304 No-

1933 2341 2181 2395 vissimus
2223 2342 2472 2396 inimicus
2516 2340 2817 2396 destruitur
2859 2358 3024 2396 mors.
3068 2340 3204 2397 Cum
3234 2352 3412 2396 autem
3439 2342 3526 2396 di-

1933 2433 2026 2497 cit,
2057 2433 2240 2487 omnia
2264 2431 2385 2486 huic
2409 2450 2521 2488 esse
2543 2434 2803 2503 subjecta,
2838 2434 2970 2490 libet
3000 2436 3129 2490 illos
3157 2435 3521 2505 interrogare,

1932 2524 2092 2593 cujus
2125 2539 2189 2579 ex
2231 2539 2466 2594 persona
2516 2540 2622 2580 vox
2675 2526 2798 2590 illa,
2832 2524 2995 2591 dicit,
3032 2527 3380 2597 pronuntiata
3426 2529 3521 2585 sit.

1934 2613 2215 2683 Siquidem
2244 2613 2558 2670 divinorum
2585 2617 2974 2687 mysteriorum
3010 2617 3243 2672 altitudo
3271 2619 3524 2678 carnales

1931 2706 2184 2763 homines
2231 2707 2552 2777 spiritaliter
2603 2708 2915 2778 dijudicat:
2955 2708 3100 2763 Nam
3138 2711 3372 2765 carnalis
3418 2727 3525 2768 non

1928 2798 2144 2867 percipit
2185 2815 2249 2852 ea
2299 2815 2424 2869 qua:
2467 2798 2566 2854 Dei
2597 2801 2789 2867 sunt';
2822 2802 3055 2856 stultitia
3095 2802 3240 2856 enim
3271 2811 3355 2858 est
3391 2802 3523 2875 ipsi.

1930 2890 2057 2946 Hmc
2089 2892 2258 2954 enim,
2291 2890 2429 2946 Cum
2459 2892 2588 2946 dicit
2633 2893 2813 2947 omnia
2851 2893 2899 2947 ei
2925 2909 3038 2948 esse
3064 2894 3321 2964 subjecta,
3361 2897 3409 2951 si
3449 2896 3522 2951 ita

1928 2983 2292 3053 accipiantur,
2323 2984 2482 3053 quasi
2531 2983 2670 3040 Filio
2711 2984 2871 3040 Pater
2900 2985 3135 3051 dixerit,
3199 3001 3395 3040 manca
3437 2996 3524 3042 est

1927 3087 1993 3129 ac
2044 3074 2258 3131 defecta
2310 3078 2579 3132 narratio.
2628 3076 2843 3148 Quippe
2894 3076 3070 3134 Filius
3125 3079 3311 3133 omnia
3372 3078 3520 3135 Patri

226 3167 465 3232 ὑπέταξε
500 3170 606 3242 γὰρ
638 3170 668 3221 ὁ
698 3169 829 3233 Υίὸς
866 3169 936 3224 τὰ
968 3168 1147 3224 πάντα
1186 3165 1265 3242 τῷ
1294 3170 1507 3244 ’Πατρίο
1542 3173 1592 3227 ει
1623 3173 1681 3227 δὲ
1714 3173 1824 3228 ἀπὸ

1930 3163 2180 3235 subjecit.
2219 3165 2315 3220 Sin
2358 3181 2425 3221 ex
2470 3166 2593 3221 Filii
2642 3182 2879 3238 persona
2936 3178 3258 3238 usurpatum
3297 3178 3522 3239 putetur

219 3221 523 3329 προσώπου
544 3221 674 3313 fieri
1173 3221 1259 3317 Τᾶ
1274 3221 1470 3317 πάντα
1490 3264 1651 3330 αὐτῷ
1675 3269 1826 3321 ὐπο-

1936 3256 2081 3310 istud
2116 3258 2318 3327 ipsum,
2355 3257 2490 3313 Cum
2520 3259 2652 3314 dicit
2679 3276 2697 3314 :
2752 3260 2891 3315 Huic
2915 3262 3093 3314 omnia
3115 3263 3372 3330 subjecta,
3406 3277 3518 3317 non

221 3349 518 3419 τέτακται,
535 3352 771 3422 λέγεται,
794 3353 1011 3417 ἐλλιπὲς
1032 3353 1093 3407 τὺ
1115 3355 1370 3426 φρόνημα
1384 3395 1399 3419 ,
1423 3355 1501 3407 ὅτι
1529 3355 1826 3426 μελλητικά

1932 3350 2116 3404 minus
2144 3364 2343 3405 sensus
2378 3351 2496 3421 ipse
2525 3352 2729 3420 deﬁcit,
2779 3366 2846 3405 eo
2872 3352 3017 3422 quod
3052 3368 3204 3407 mora
3265 3353 3515 3422 quaedam

222 3459 354 3497 τινα
378 3445 436 3497 ὲν
470 3444 607 3517 Θεῷ,
638 3446 673 3517 ἧ
703 3447 762 3499 ὲν
786 3447 990 3518 Πατρὶ,
1019 3447 1052 3519 ἢ
1084 3449 1142 3501 ὲν
1174 3447 1287 3519 Υἱῴ
1323 3446 1620 3516 λογίζεται.
1648 3449 1745 3513 Τίς
1771 3448 1826 3501 δέ

1931 3454 1996 3493 ac
2043 3441 2274 3497 tarditas
2320 3442 2452 3503 Deo.
2503 3444 2619 3499 sive
2656 3442 2831 3508 Patri,
2887 3446 3004 3499 sive
3055 3442 3196 3498 Filio
3228 3446 3513 3501 tribuitur.

218 3537 376 3590 ἐστιν
390 3539 419 3590 ὁ
439 3538 636 3607 λέγων,
652 3540 734 3593 ὅτι
757 3538 954 3594 πάντα
972 3539 1398 3607 bacchantem;
1422 3541 1498 3594 οὺ
1518 3541 1627 3612 γὰρ
1652 3537 1824 3595 εἶπεν·

220 3628 397 3683 Ὅταν
417 3630 662 3685 εἴπωσιν.
682 3630 745 3684 Ei
771 3630 881 3704 γὰρ
899 3626 968 3703 ἦν
989 3630 1148 3685 τοῦτο
1170 3632 1262 3685 τοῦ
1284 3632 1525 3697 Υίοῦ,τδ,
1547 3630 1722 3687 Ὅταν
1750 3632 1828 3686 εί-

222 3738 394 3782 πωσι.
412 3721 721 3793 λεγόμενον,
733 3724 966 3794 ἠδύνατο
978 3724 1318 3797 πληροῦσθαι
1342 3726 1374 3798 ἢ
1400 3725 1494 3779 ἐπὶ
1513 3726 1642 3789 τοὺς
1667 3725 1826 3795 ἀγγέ-

217 3813 368 3878 λους,
388 3813 421 3884 ἢ
439 3815 531 3867 ἐπὶ
545 3816 672 3880 τοὺς
692 3816 1092 3885 ὑποταγέντας.
1124 3817 1342 3889 Ἐπειδὴ
1370 3817 1426 3871 δὲ
1448 3817 1562 3871 ἄνω
1582 3819 1678 3888 ὲσή
1688 3836 1823 3889 μανε

216 3904 317 3957 τὸν
358 3904 487 3957 Υἰὺν
522 3906 901 3961 ὑποτάσσοντα
925 3906 1004 3978 τῷ
1048 3907 1227 3978 Πατρὶ
1245 3948 1259 3973 ,
1298 3908 1392 3962 καὶ
1434 3909 1821 3981 παραδιδόντα,

218 3993 320 4047 καὶ
348 3993 442 4046 τὸν
470 3994 689 4067 Πατέρα
720 3997 1099 4052 ὑποτάσσοντα
1134 3997 1214 4069 τῷ
1238 3997 1352 4069 Υίῷ
1377 3999 1445 4052 τὰ
1472 4001 1682 4065 πάντα,
1716 4019 1820 4055 πε·-

220 4083 531 4161 ριελείπετο
551 4085 608 4138 δὲ
631 4088 744 4147 τοῖς
773 4084 1084 4160 λεξιθήρεσι
1107 4089 1173 4142 τὸ·
1196 4087 1292 4142 τοῦ
1319 4089 1460 4143 Πνεύ
1470 4106 1638 4161 ματος
1661 4089 1817 4159 ἁγίου

218 4175 552 4245 πρόςωπον·
608 4176 801 4231 τούτου
864 4178 1032 4232 ’ἕνεκα
1086 4178 1506 4251 ἀπαρεμφάτως
1566 4179 1706 4250 μετὰ
1758 4178 1819 4233 τὸ

218 4268 518 4338 πρόσωπον
548 4270 642 4324 τοῦ
681 4270 836 4336 Υίοῦ,
887 4271 984 4324 καὶ
1028 4272 1090 4325 τὸ
1116 4272 1409 4343 πρόσωπον
1445 4271 1543 4325 τοῦ
1576 4270 1815 4343 Πατρὺς,

215 4360 285 4413 τὸ
332 4360 624 4430 πρόσωπον
675 4363 943 4432 ὑπέφαινε
991 4362 1087 4417 τοῦ
1142 4364 1299 4432 ἁγίου
1334 4363 1689 4435 Πνεύματος,
1718 4361 1813 4417 τοῦ

216 4450 651 4518 ἀναγγέλλοντος
696 4452 785 4505 ἀεὶ
828 4452 901 4506 τὰ
944 4452 1160 4524 Πατρδς
1205 4454 1300 4507 καὶ
1347 4453 1512 4517 Υίοῦ,
1545 4455 1641 4509 καὶ
1672 4453 1815 4508 διδά-

219 4558 456 4606 σκοντος
484 4543 573 4597 ἵνα
619 4543 694 4614 μὴ
738 4543 930 4615 ἐλλιπῆ
964 4546 1166 4616 ποιήσῃ
1210 4544 1309 4615 τὴν
1355 4544 1571 4598 τελείαν
1610 4542 1813 4613 γνῶσιν
1844 4577 1887 4630 D

217 4633 322 4702 τῆς
352 4632 481 4703 περὶ
510 4633 529 4663 ε
564 4632 790 4704 Τριάδος
834 4634 1055 4704 καὶτῆς
1084 4634 1353 4704 ὲνσάρκου
1394 4633 1809 4705 προσληπτικῆς

215 4726 382 4796 δόξης
410 4721 910 4795 παρουσίας.Εἷτα,
928 4726 1116 4796 φησὶν,
1139 4726 1400 4793 ἔσχατος
1429 4725 1643 4796 ἐχθρὸς
1673 4742 1813 4780 κατ-

215 4817 485 4887 αργεῖται
513 4820 547 4872 ό
595 4817 872 4885 θάνατος.
912 4819 971 4872 ’0
1000 4817 1059 4872 δὲ
1085 4818 1460 4889 καταργηθεὶς
1483 4818 1809 4889 πεπέδηται,

216 4911 411 4964 οὐκέτι
442 4910 680 4980 ἐνεργῶν
720 4911 749 4964 δ
780 4914 1024 4981 ἐνεργεῖ,
1077 4911 1201 4965 οὐδὲ
1246 4911 1327 4965 ἔτι
1367 4911 1631 4984 ὑπάρχων
1658 4927 1673 4941 ’
1715 4912 1812 4967 καὶ

214 4997 331 5069 γὰρ
358 4999 721 5071 κατήργηται.

290 5267 412 5323 ΟΕ’.
430 5266 497 5319 Τί
541 5262 635 5322 οὖν
664 5268 715 5320 οἱ
752 5268 814 5320 τὸ
841 5269 1084 5323 συνιέναι
1107 5269 1207 5333 τὰς
1233 5270 1459 5340 Γραφὰς
1488 5270 1807 5339 ἀγνοοῦντες

217 5357 407 5429 ἔχουσι
446 5358 576 5430 περὶ
621 5359 815 5413 τούτου
854 5359 1065 5429 λέγειν;
1111 5364 1203 5415 Δεῖ
1243 5363 1391 5433 ἡμᾶς
1423 5363 1532 5433 ἄρα
1583 5363 1827 5431 λογίσα--

216 5446 346 5502 σθαι
398 5450 526 5521 περὶ
570 5447 666 5502 τοῦ
697 5448 859 5514 Υἱοῦ,
914 5451 997 5505 ὅτι
1049 5451 1284 5522 ἀργήσει
1322 5450 1417 5505 τοῦ
1478 5452 1802 5522 βασιλεύειν.

213 5540 283 5592 Et
312 5538 484 5603 οὕτως
518 5540 628 5611 ἄρα
666 5539 811 5609 εἶχεν
844 5542 877 5611 ἡ
921 5539 1086 5605 λέξις.
1136 5540 1298 5594 Ἀλλὰ
1340 5541 1684 5612 ἁσεϐἠσομεν
1712 5542 1804 5596 καὶ

210 5631 378 5686 αὑτὸν
421 5631 564 5703 μετὰ
605 5630 715 5685 τῶν
773 5632 1229 5703 ὑποτασσομένων
1285 5633 1651 5705 ἐναριθμῆσαι
1700 5635 1805 5705 μά-

282 5790 295 5822 ¹
329 5787 459 5861 Leg.
490 5786 806 5858 εἰρημένον.
886 5791 907 5820 ⁸
935 5788 996 5844 F.
1028 5790 1157 5867 περὶ
1182 5787 1300 5858 τῆς.
1380 5787 1442 5841 ³1
1466 5787 1594 5845 Cor.
1626 5804 1685 5856 ll,
1713 5790 1797 5845 14.

1930 3532 2064 3599 Quis
2099 3533 2264 3605 igitur
2291 3543 2376 3589 est
2401 3534 2496 3604 qui
2538 3534 2776 3604 subjecta
2822 3549 2935 3588 esse
2976 3533 3105 3587 dicit
3138 3534 3363 3589 omnia?
3392 3533 3512 3589 Non

1927 3624 2074 3678 enim
2105 3628 2369 3695 scripturn
2399 3635 2484 3681 est
2510 3641 2522 3679 :
2554 3626 2688 3681 Cum
2719 3625 2927 3681 dicunt.
2971 3623 3104 3679 Nam
3139 3625 3186 3680 si
3219 3624 3286 3678 ad
3315 3622 3513 3680 Filium

1928 3712 2118 3769 referri
2153 3713 2374 3770 deberet
2422 3714 2591 3781 istud,
2622 3715 2758 3769 Cum
2793 3715 3013 3780 dicunt;
3050 3716 3133 3769 vel
3164 3716 3233 3771 ad
3264 3716 3511 3786 angelos,

1925 3805 2009 3859 vel
2045 3805 2110 3860 ad
2137 3821 2254 3867 eos,
2278 3807 2370 3876 qui
2395 3807 2631 3877 subjecti
2665 3814 2814 3873 sunt,
2847 3808 3124 3877 pertinere
3153 3813 3363 3877 posset.
3388 3804 3508 3861 Jam

1923 3911 2055 3951 vero
2091 3913 2216 3951 cum
2247 3906 2408 3953 antea
2445 3897 2592 3952 Patri
2630 3897 2830 3954 Filium
2870 3899 3055 3954 omnia
3085 3900 3391 3970 subjecisse
3445 3915 3511 3956 ac

1925 3988 2221 4044 tradidisse
2247 3990 2551 4058 docuisset,
2584 4002 2651 4045 ac
2679 3991 2925 4046 vicissim
2955 3989 3095 4046 Filio
3132 3990 3349 4048 Patrem
3384 4007 3507 4048 om-

1920 4081 2010 4134 nia
2040 4081 2366 4151 subjecisse,
2399 4099 2595 4139 vocum
2630 4100 2796 4155 porro
2825 4085 3206 4155 captatoribus
3238 4088 3347 4140 'una
3380 4084 3505 4156 Spi-

1920 4171 2061 4226 ritus
2094 4172 2270 4225 sancti
2303 4188 2540 4243 persona
2572 4182 2832 4241 restaret,
2854 4176 2927 4230 ob
2972 4174 3027 4230 id
3068 4174 3194 4230 Filii
3230 4192 3295 4232 ac
3328 4174 3509 4230 Patris

1919 4264 2170 4334 personis
2213 4264 2453 4333 Spiritus
2485 4267 2665 4321 sancti
2711 4282 3004 4337 personam
3054 4282 3167 4321 non
3220 4281 3504 4335 expresse,

1917 4356 2014 4413 sed
2065 4358 2276 4412 inlinite
2320 4360 2624 4424 subtexuit,
2662 4361 2786 4429 ejus
2814 4359 3065 4413 videlicet
3110 4358 3370 4428 Spiritus,
3413 4358 3506 4426 qui

1916 4448 2098 4504 Patris
2147 4457 2201 4504 et
2235 4447 2358 4504 Filii
2417 4465 2621 4504 arcana
2655 4452 2875 4505 nuntiat
2922 4464 2987 4504 ac
3032 4450 3306 4519 perdocet.
3348 4451 3505 4515 Quod

1917 4541 2040 4597 ideo
2073 4540 2279 4598 factum
2306 4552 2390 4598 est
2411 4582 2426 4607 ,
2489 4560 2556 4599 ne
2586 4543 2752 4613 802
2783 4545 2849 4597 ad
2887 4541 3185 4611 perfectam
3215 4540 3505 4597 Trinitatis

1913 4641 1970 4689 et
2008 4634 2264 4691 humanae
2298 4644 2548 4702 naturae,
2601 4637 2669 4692 ad
2718 4652 2882 4708 quam
2927 4636 3116 4707 gloriae
3165 4634 3283 4690 ﬁeri
3325 4642 3504 4705 potest

1912 4728 2196 4792 accessio,
2257 4729 2631 4799 cognitionem
2683 4729 2965 4800 quidpiam
3011 4728 3252 4783 deesset.
3302 4725 3503 4779 Deinde

1911 4819 2257 4884 novissimus,
2290 4820 2491 4889 inquit,
2519 4820 2766 4875 inimicus
2795 4819 3094 4873 destruitur
3126 4833 3289 4870 mors.
3329 4814 3502 4871 Porro

1910 4912 2003 4980 qui
2035 4912 2342 4967 destruitur
2369 4913 2774 4982 quodammodo
2803 4912 3039 4969 detineri
3071 4911 3291 4965 vinctus
3333 4910 3497 4965 intel-

1911 5002 2121 5071 ligitur,
2168 5011 2230 5057 ut
2261 5005 2408 5075 quod
2448 5004 2629 5060 facere
2656 5004 2890 5069 solebat,
2935 5017 3045 5057 non
3079 5003 3339 5057 moliatur
3378 5017 3499 5055 am-

1916 5094 2082 5158 plius,
2133 5094 2379 5165 adeoque
2422 5111 2549 5150 cum
2592 5097 2913 5151 destructus
2960 5095 3068 5162 sit,
3108 5110 3220 5151 non
3261 5096 3499 5165 amplius

1913 5183 2170 5237 exsistat.
2840 5189 2845 5194 '

1984 5270 2197 5326 LXXV.
2238 5271 2379 5339 Quid
2417 5273 2584 5343 igitur
2619 5289 2905 5329 sacrarum
2940 5273 3275 5331 Litterarum
3326 5273 3500 5342 impe-

1912 5360 2003 5415 riti
2039 5378 2103 5417 ea
2135 5364 2202 5419 de
2238 5379 2299 5418 re
2340 5364 2528 5420 dicere
2562 5366 2832 5435 possunt?
2859 5367 2944 5420 An
2973 5367 3041 5422 de
3077 5364 3220 5420 Filio
3248 5362 3495 5433 cogitan-

1912 5452 2043 5508 dum
2075 5455 2237 5512 nobis
2270 5457 2403 5512 illud
2452 5466 2559 5523 est,
2606 5457 2871 5529 regnandi
2903 5458 3068 5513 ﬁnem
3097 5466 3332 5526 unquam
3372 5466 3494 5507 esse

1914 5544 2189 5601 facturum
2215 5548 2239 5602 ?
2274 5549 2331 5605 Si
2365 5550 2587 5620 quidem
2619 5552 2694 5605 ita
2725 5565 2849 5605 sese
2877 5550 2970 5604 illa
2996 5562 3100 5603 vox
3127 5546 3370 5600 haberet.
3392 5544 3492 5595 At-

1908 5639 2002 5709 qui
2055 5639 2280 5710 impium
2321 5642 2583 5712 quiddam
2610 5657 2641 5697 a
2673 5640 2833 5699 nobis
2866 5639 3206 5705 admittetur,
3243 5635 3291 5691 si
3335 5634 3490 5690 illum
