3994 6402
579 360 683 415 ξιτ

2005 346 2065 405 5.
2109 344 2453 404 EPlPiiANli

3732 352 3819 410 δικ

573 471 629 522 in
678 461 1025 521 subditorum
1077 459 1180 516 sibi
1213 458 1463 515 ordinem
1511 458 1764 530 redigere
1796 458 2155 522 voluerimus,

2283 475 2442 520 tiara.
2498 456 2637 529 μετά
2687 457 2749 510 τὸ
2805 458 3050 530 ἐνεργεῖν
3115 452 3177 515 οὗ
3236 459 3462 533 ἐνήργει
3524 464 3818 534 παυομένου.

572 566 633 612 ut
661 570 785 611 cunt
817 567 957 624 opus
988 566 1149 606 suum
1190 549 1535 620 praestiterit,
1576 548 1647 603 ab
1675 548 1888 619 agendo
1917 546 2166 602 desistat.

576 649 683 703 Sed
734 645 880 700 absit
908 660 937 698 a
973 642 1135 697 nobis
1166 650 1278 695 tam
1329 641 1495 711 impia
1525 640 1593 694 de
1620 639 1845 695 Christo
1877 638 2167 697 sententia.

563 738 746 797 Nemo
776 738 922 791 enim
946 776 960 801 ,
998 735 1091 806 qui
1129 733 1351 805 quidem
1387 733 1442 786 in
1475 733 1652 804 ipsum
1685 732 1891 795 credat,
1921 738 2016 784 aut
2049 745 2172 801 spe-

574 843 658 889 ret
693 849 758 887 ex
798 831 1006 897 animo,
1057 828 1343 899 indignum
1376 825 1674 897 quidquam
1710 826 1779 880 de
1811 825 1960 879 illius
1999 823 2170 894 gloria

574 924 878 997 prmdicare
921 931 1017 975 aut
1047 919 1240 975 audire
1279 918 1621 977 sustinebit:
1685 916 1999 987 cujusmodi
2040 930 2169 986 per-

576 1032 765 1088 peram
805 1016 930 1082 isti,
983 1021 1037 1069 et
1086 1011 1327 1068 absurde
1370 1010 1638 1066 sentiunt.
1673 1009 1947 1067 Caeterum
1986 1008 2173 1063 omnia

574 1109 752 1164 sacris
787 1108 841 1161 in
880 1106 1102 1161 Litteris
1136 1105 1404 1160 docentur
1435 1118 1449 1154 :
1486 1101 1620 1158 Cum
1643 1102 1814 1166 dicit,
1855 1102 2054 1158 Omnia
2088 1101 2173 1156 illi

576 1202 815 1271 subjecta
863 1209 1016 1264 sunt,
1068 1198 1212 1251 haud
1245 1196 1462 1249 dubium
1496 1196 1623 1266 quin
1654 1206 1848 1263 printer
1892 1194 2045 1248 illum
2083 1194 2176 1266 qui

578 1294 800 1364 subjecit
845 1292 930 1352 illi
960 1291 1161 1345 omnia.
1194 1288 1330 1344 Cum
1381 1297 1557 1342 autem
1602 1288 1839 1358 subjecta
1882 1288 1932 1342 ei
1976 1288 2174 1357 fuerint

578 1389 790 1451 omnia,
818 1397 942 1440 tunc
965 1392 1014 1438 et
1047 1382 1221 1437 Filius
1249 1384 1361 1452 ipse
1384 1382 1698 1452 subjicietur
1718 1384 1769 1438 ei
1796 1384 1886 1453 qui
1913 1381 2015 1437 sibi
2046 1380 2173 1439 sub-

574 1483 700 1551 Ῑεειι
729 1480 929 1534 omnia.
957 1477 1027 1532 Ut
1057 1476 1206 1547 quod
1251 1476 1409 1531 initio
1443 1476 1749 1531 declaravit
1781 1475 2033 1546 angelus,
2065 1482 2175 1529 est-

576 1589 686 1644 que
714 1588 743 1625 a
776 1573 933 1626 nobis
970 1570 1100 1624 huic
1137 1570 1257 1625 loco
1297 1576 1522 1640 propter
1546 1567 1865 1627 aﬂinitatem
1922 1582 1988 1622 ac
2020 1566 2176 1622 simi-

578 1665 866 1719 litudinem
904 1664 1226 1732 adjunctum
1257 1662 1363 1715 vim
1395 1675 1615 1715 omnem
1642 1659 1818 1713 divini
1850 1657 2011 1714 Verbi
2041 1672 2175 1713 con-

578 1766 842 1813 sentanee
889 1770 955 1810 ac
1007 1753 1298 1825 perspicue
1352 1750 1617 1807 declaret.
1660 1748 1798 1805 Nam
1845 1757 1900 1805 et
1951 1749 2175 1819 angelus

2286 548 2447 604 Ἀλλά
2486 549 2561 620 μὴ
2600 549 2845 618 γένοιτοί
2882 550 3073 614 Οὐδεὶς
3106 552 3216 623 γὰρ
3245 552 3351 606 τῶν
3384 554 3465 616 είς
3504 554 3724 626 Χριστὸν
3754 577 3823 613 πι-

2275 643 2574 697 στευόντων
2596 683 2611 706 ,
2652 644 2747 697 καὶ
2781 643 3111 709 ἐλπιζόντων
3151 646 3210 699 ὲν
3241 645 3491 728 ἀληθεία,
3513 648 3826 721 διανοηθήσεο

2271 751 2364 789 ται
2397 733 2663 806 ἀπρεπῶς
2699 735 2767 807 τῇ
2797 733 2965 797 αὑτοῦ
2996 735 3124 807 δόξῃ
3157 735 3366 804 λέγειν,
3408 737 3442 807 ἢ
3479 737 3721 803 ἀκούειν,
3765 741 3825 805 ὡς

2272 820 2418 888 οὗτοι
2451 825 2699 897 ματαίως
2730 826 3011 905 φρονοῦσι.
3051 826 3238 881 Πάντα
3266 828 3322 881 δὲ
3348 829 3383 899 ἡ
3419 828 3540 882 θεία
3570 829 3747 902 Γραφὴ
3767 832 3827 884 δι-

2274 918 2498 973 δάσκει⁹
2558 918 2748 972 Ὅταν
2777 919 2950 987 εἴπῃ·
2985 920 3191 974 Πάντα
3240 919 3402 986 αὑτῷ
3446 921 3824 987 ὑποτέτακται,

2275 1010 2559 1078 δηλονότι
2585 1011 2760 1077 ἐκτὸς
2786 1009 2894 1065 τοῦ
2924 1010 3341 1079 ὑποτάξαντος
3361 1010 3525 1077 αὐτῷ
3546 1013 3618 1067 τὰ
3644 1014 3825 1068 πάντα.

2278 1106 2456 1159 Ὅταν
2478 1104 2548 1158 δὲ
2574 1088 2849 1174 ὑποταγῇ
2875 1102 3036 1169 αὑτῷ
3062 1103 3136 1159 τὰ
3157 1102 3372 1169 πάντα,
3396 1105 3533 1158 τότε
3559 1105 3650 1158 καί
3677 1106 3827 1172 αὐτὸς

2274 1201 2310 1255 ὀ
2362 1197 2495 1265 Υἱὸς
2546 1196 2997 1267 ὑποταγήσεται
3044 1194 3125 1264 τῷ
3168 1196 3542 1262 ὑποτάξαντι
3591 1195 3739 1262 αὺτῷ
3773 1197 3826 1251 τὰ

2275 1290 2508 1345 πάντα’
2551 1290 2701 1353 ὅπως
2724 1290 2789 1343 τὸ
2832 1288 3089 1360 ἀπαρχῆς
3123 1288 3229 1342 ὑπὸ
3261 1287 3355 1342 τοῦ
3388 1289 3619 1359 ἀγγέλου
3652 1307 3824 1361 σημαν-

2277 1382 2369 1437 θὲν
2397 1383 2492 1439 καὶ
2528 1380 2765 1445 ἐνταῦθα
2794 1380 2883 1436 διὰ
2923 1379 3020 1434 τοῦ
3054 1380 3405 1452 ὁμοιώματος
3440 1381 3537 1436 τοῦ
3572 1382 3723 1450 λόγου
3755 1399 3826 1435 συ-

2276 1473 2524 1547 ζευχθὲν,
2567 1476 2667 1547 τὴν
2695 1474 2897 1547 φράσιν
2923 1475 3105 1528 πᾶσαν
3128 1473 3224 1544 τῆς
3251 1473 3539 1545 δυνάμεως
3571 1474 3659 1528 τοῦ
3684 1474 3823 1544 Λόγου

2276 1570 2549 1639 ἀποφάνΟι
2586 1569 2897 1635 ἀκολούθως
2952 1586 3014 1624 τε
3066 1569 3162 1623 uel.
3202 1568 3517 1641 τηλαυγῶς.
3581 1569 3662 1635 Ὧς
3705 1569 3822 1625 καὶὸ

2276 1664 2509 1733 ἄγγελος
2537 1663 2599 1716 τὸ
2625 1665 2811 1734 ὅμοιον
2850 1663 3039 1732 ἔλεγεν
3060 1702 3074 1725 ,
3118 1662 3324 1719 ἀνωθεν
3357 1662 3461 1733 μὲν
3493 1660 3728 1733 σημάνας
3754 1660 3822 1715 τὸν

2279 1755 2431 1820 Υίὸν,
2449 1750 2570 1809 εἶτα
2601 1754 2745 1826 μετὰ
2776 1754 3097 1827 προσθήκης
3126 1754 3257 1827 περὶ
3294 1754 3396 1825 τῆς
3427 1753 3685 1824 ὲνσάρκου
3712 1769 3823 1822 παρ·

580 1849 726 1904 idem
759 1846 1157 1919 prepemodum
1190 1843 1371 1908 dixit,
1399 1857 1525 1898 cum
1558 1842 1868 1914 signiﬁcato
1895 1840 1989 1901 Dei
2016 1839 2175 1906 Filio,

2283 1848 2470 1911 ουσίας
2498 1846 2597 1918 τὴν
2653 1847 2948 1903 συνένωσιν
3009 1847 3187 1919 δηλῶν
3210 1887 3226 1913 ,
3259 1847 3343 1902 ὅτι
3394 1845 3494 1901 Διὸ
3524 1845 3617 1899 καὶ
3642 1844 3702 1911 τὸ
3728 1860 3823 1914 τεν-

581 1938 818 1995 subinde
845 1936 1172 2008 quibusdam
1208 1934 1435 1999 additis,
1467 1943 1771 2005 assumpta:
1803 1927 2047 1989 hominis
2074 1947 2175 1986 na-

578 2042 719 2085 turae
767 2037 822 2084 et
853 2044 980 2084 cum
1009 2027 1189 2083 Verbo
1224 2026 1536 2097 conjunctae
1567 2027 1900 2082 mentionem
1939 2026 2129 2096 injecit
2160 2043 2173 2080 :

581 2125 872 2195 Propterea
895 2163 910 2186 ,
960 2120 1173 2191 inquit,
1209 2129 1257 2175 et
1286 2119 1426 2190 quod
1456 2129 1708 2181 nascetur
1732 2134 1799 2175 ea:
1827 2127 1876 2173 te
1908 2118 2022 2188 (ubi
2050 2135 2180 2174 san-

576 2228 722 2271 ctum
770 2215 1015 2285 adjecit),
1049 2213 1326 2269 vocabitur
1357 2213 1535 2268 Filius
1575 2212 1675 2269 Dei
1701 2215 1741 2267 ¹.
1771 2212 2055 2283 ρυωζουιη
2102 2213 2178 2267 ita

579 2311 712 2373 sint,
745 2323 810 2363 ac
842 2322 1004 2363 voces
1037 2306 1163 2369 illae,
1192 2314 1492 2376 propterea,
1530 2313 1606 2372 et,
1641 2306 1784 2377 quod
1812 2315 2061 2360 nascetur
2092 2321 2179 2358 oo-

577 2403 794 2458 cabitur
844 2397 1019 2454 Filius
1074 2397 1197 2461 Dei,
1252 2407 1530 2467 usurpata:
1581 2397 1652 2454 ab
1701 2398 1896 2467 angelo
1950 2396 2176 2461 fuerint,

580 2502 732 2549 recte
780 2490 954 2545 Filius
999 2490 1049 2547 ei
1101 2489 1481 2560 subjiciendus
1511 2487 1737 2554 dicitur,
1788 2490 1879 2560 qui
1913 2489 2018 2543 sibi
2053 2474 2179 2543 uni?

582 2604 732 2641 versa
763 2584 1020 2653 subjecit,
1054 2591 1114 2637 ut
1147 2599 1217 2639 ne
1244 2584 1389 2654 quod
1424 2582 1647 2638 carnale
1694 2591 1782 2639 est
1828 2581 2069 2653 amplius
2106 2581 2181 2637 sit

582 2680 790 2737 virtute
829 2676 1091 2743 carnale,
1145 2675 1242 2731 sed
1278 2690 1401 2729 cum
1435 2673 1720 2730 divinitate
1765 2672 2124 2747 coniunctum
2163 2689 2177 2726 :

585 2766 746 2830 illud,
784 2768 1032 2835 inquam,
1078 2765 1258 2836 ipsum
1291 2766 1515 2821 carnale
1555 2765 1607 2821 in
1660 2781 1829 2821 unum
1864 2766 2179 2836 copulatum

583 2873 711 2913 cum
748 2857 876 2923 Deo,
909 2864 964 2911 et
1002 2871 1127 2911 eum
1161 2855 1343 2920 Patre,
1388 2871 1454 2910 ac
1483 2854 1692 2927 Spiritu
1724 2866 1919 2913 sancto
1950 2872 2179 2928 regnum

587 2949 723 3008 illud
750 2949 1031 3013 obtinens,
1062 2948 1240 3018 Cujus
1283 2965 1387 3002 non
1413 2951 1518 3003 erit
1543 2949 1690 3018 ﬁnis.
1736 2949 1911 3019 Cujus
1935 2950 2179 3021 quidem,

585 3059 656 3099 ex
680 3059 789 3112 quo
816 3040 1141 3105 resurrexit,
1163 3041 1318 3101 velut
1346 3041 1565 3102 initium
1590 3042 1823 3113 accepit,
1849 3040 1916 3097 Ut
1946 3043 2016 3098 sit
2039 3041 2182 3097 Deus

587 3135 842 3193 omniain
870 3134 1115 3188 munibus
1136 3149 1155 3188 :
1174 3120 1328 3204 quod
1362 3133 1419 3188 in
1451 3149 1614 3189 unam
1644 3133 1984 3189 divinitatem
2021 3133 2184 3205 spiri—

2277 1939 2548 2008 νώμενον
2571 1940 2638 1993 ἐκ
2662 1939 2782 1995 σοῦ
2817 1939 2981 2012 (μετὰ
3007 1939 3330 2012 προσθήκης
3354 1938 3476 2003 τοῦ,
3530 1937 3624 1994 καὶ
3647 1936 3819 2004 ἁγίου).

2280 2030 2656 2099 κληθήσεται
2720 2030 2854 2097 Υἱὸς
2908 2030 3080 2086 Θεοῦ.
3130 2029 3232 2084 Διά
3296 2045 3383 2082 τοι
3447 2025 3606 2093 τοῦτο
3660 2024 3823 2079 καὶτὰ

2278 2121 2526 2190 τοιαῦτα,
2560 2122 2751 2192 ἐπειδὴ
2788 2121 2870 2189 τὺ,
2912 2122 3010 2177 καὶ
3054 2122 3170 2189 διὸ,
3216 2123 3346 2189 καὶ,
3388 2120 3455 2181 τὸ
3502 2118 3823 2191 γεννώμενον

2281 2214 2653 2285 κληθήσεται
2690 2215 2824 2283 Υἱὸς
2849 2215 3000 2271 Θεοῦ
3018 2255 3034 2280 ,
3071 2214 3265 2273 τούτου
3299 2215 3469 2275 ἕνεκα
3496 2212 3651 2275 αὐτὸς
3679 2211 3705 2264 ὁ
3730 2208 3823 2272 Υἱὸς

2283 2309 2688 2377 ὑποταγήσεται
2719 2305 2801 2374 τῷ
2828 2306 3199 2377 ὑποτάξαντι
3236 2304 3406 2372 αὐτῷ
3432 2304 3507 2360 τὰ
3533 2300 3738 2367 πάντα,
3760 2301 3821 2354 iw

2284 2396 2482 2469 μηκέτι
2519 2396 2581 2452 τὸ
2619 2398 2882 2469 σαρκικὸν
2921 2398 3187 2470 σαρκικδν
3216 2396 3304 2468 εἴη
3334 2399 3403 2469 τῇ
3449 2394 3668 2466 δυνάμει
3688 2432 3702 2457 ,
3723 2390 3823 2445 dm

2283 2488 2663 2561 συνηνωμένον
2694 2491 2761 2561 τῇ
2796 2489 3032 2561 θεότητι,
3082 2490 3144 2543 τὸ
3204 2486 3473 2561 σαρκικδν
3513 2489 3590 2551 είς
3631 2484 3742 2555 μίαν
3765 2482 3822 2535 ἓν·

2280 2598 2417 2635 ωσιν
2470 2582 2875 2653 συνηνωμένον,
2905 2583 3002 2636 σὺν
3041 2580 3219 2653 Πατρὶ
3265 2579 3554 2651 βασιλεῦον
3602 2577 3687 2631 καὶ
3716 2574 3821 2643 ἁγίῳ

2283 2672 2583 2745 Πνεύματι,
2600 2668 2691 2737 οὗ
2714 2671 2823 2742 τῆς
2846 2673 3173 2740 ,ϐασιλείας
3199 2674 3313 2728 οὐκ
3332 2672 3511 2729 ἔσται
3535 2669 3710 2735 telae;
3747 2663 3817 2720 Kal

2283 2766 2435 2833 ἐξότε
2471 2766 2572 2837 μὲν
2610 2766 2835 2836 ἀνέστη,
2882 2766 3059 2839 ἀρχὴν
3097 2765 3260 2821 λαϐὸν
3290 2765 3357 2820 τὸ
3377 2809 3393 2834 ,
3435 2766 3570 2821 Ἵνα
3598 2758 3636 2836 ᾖ
3659 2764 3688 2817 ὁ
3716 2757 3819 2822 Θεὸς

2282 2862 2357 2914 τὰ
2388 2858 2588 2914 πάντα
2629 2859 2699 2914 ἐν
2744 2859 2929 2914 πᾶσι·
2964 2860 3272 2931 συνήνωται
3309 2859 3425 2931 γὰρ
3467 2857 3597 2932 ὁμοῦ
3632 2856 3701 2917 εἰς
3724 2852 3816 2923 μίαν

2281 2951 2381 3024 τὴν
2404 2952 2569 3008 αὐτοῦ
2595 2951 2827 3022 θεότητα
2854 2950 3241 3022 πνευματικῶς
3271 2950 3332 3004 τὸ
3366 2948 3651 3022 σαρκικόν·
3678 2939 3815 3009 ἐπειδὴ

2283 3046 2432 3116 λέγει
2454 3059 2471 3076 ⁸
2512 3044 2695 3100 Τοῦτο
2748 3045 2970 3100 ποιεῖτε
3013 3047 3101 3109 εὶς
3149 3044 3264 3117 τὴν
3308 3043 3470 3113 ἐμὴν
3509 3040 3812 3109 ἀνάμνησινι

2284 3136 2397 3202 ἕως
2414 3134 2527 3203 τῆς
2560 3135 2900 3205 παρουσίας
2931 3133 3039 3188 τοῦ
3068 3133 3204 3189 Υιοῦ
3230 3132 3338 3187 τοῦ
3370 3133 3672 3200 ἀνθίώπου
3693 3140 3706 3156 ⁸
3733 3121 3815 3183 καὶ,

588 3232 772 3285 taliter
816 3229 889 3284 sit
924 3227 1061 3284 illud
1091 3229 1316 3285 carnale
1349 3226 1731 3298 coniunctum.
1779 3226 1885 3282 Sed
1917 3226 2066 3298 quod
2108 3226 2180 3280 ita

2283 3227 2478 3293 Οὕτως
2497 3227 2725 3296 ὄψεσθε
2751 3228 2960 3291 αὐτὸν,
2992 3224 3066 3280 ὃν
3083 3227 3309 3293 τρόπον
3333 3224 3492 3278 ἴδετε
3515 3220 3688 3276 αὑτὸν
3711 3218 3813 3271 dra-

589 3322 833 3391 loquitur
873 3339 887 3375 :
934 3320 1052 3375 Hoc
1091 3319 1252 3389 facite
1294 3321 1352 3377 in
1391 3336 1564 3375 meam
1605 3320 2179 3379 commemorationem,

585 3412 754 3468 donec
786 3414 959 3469 veniat
990 3410 1169 3467 Filius
1192 3411 1421 3473 hominis
1448 3413 1491 3473 ³,
1521 3410 1655 3467 Item
1690 3429 1705 3465 ε
1740 3412 1829 3467 Sic
1857 3410 2013 3465 illum
2040 3410 2184 3464 ride-

589 3505 734 3562 bitis.
754 3504 1198 3575 quemadmodum
1223 3505 1433 3560 vidistis
1461 3503 1829 3560 ascendentem
1852 3505 1908 3557 in
1933 3503 2120 3558 caelum
2139 3502 2183 3571 ³;

580 3594 752 3668 ⁸03
782 3604 898 3649 tum
928 3595 1150 3650 demum
1182 3594 1445 3665 perlectis
1488 3595 1749 3657 omnibus
1776 3634 1792 3657 ,
1835 3608 1940 3649 nec
1977 3594 2086 3650 ulla
2125 3608 2187 3648 re

591 3686 997 3754 praetermissa,
1029 3686 1098 3741 ad
1143 3686 1318 3758 ipsius
1363 3685 1713 3742 divinitatem
1759 3693 2077 3742 revocatum
2115 3685 2187 3741 iri

586 3777 779 3835 nittnia
812 3777 1008 3832 eadem
1041 3778 1134 3831 illa
1178 3777 1342 3833 verba
1380 3778 1768 3834 demonstrant
1797 3796 1810 3832 :
1841 3778 1912 3832 Ut
1945 3779 2015 3834 sit
2043 3777 2186 3833 Deus

590 3866 772 3925 amuia
801 3866 855 3920 in
886 3868 1167 3933 omnibus,
1220 3881 1290 3924 ne
1318 3881 1428 3938 qua
1464 3867 1538 3924 sit
1571 3868 1859 3925 divisionis
1900 3868 2144 3940 suspicio
2169 3861 2203 3936 ;'

586 3973 716 4028 qua:
759 3959 912 4014 nulla
944 3966 1064 4027 est,
1101 3966 1294 4015 utnon
1331 3959 1560 4017 deorum
1600 3960 1897 4017 multitudo
1928 3961 2184 4035 tingatur.

591 4051 730 4109 Nam
784 4068 892 4108 una
927 4062 1026 4109 ‘est
1073 4067 1438 4123 personarum
1473 4054 1720 4109 omnium
1776 4068 1843 4109 ac
1886 4053 2188 4126 singularis

588 4143 790 4215 gloria.
831 4142 897 4198 Et
919 4159 1048 4199 vero
1080 4160 1190 4200 non
1215 4145 1375 4216 quasi
1403 4145 1751 4217 tyrannidem
1787 4145 2069 4221 usurparit
2094 4146 2190 4204 Fi-

591 4238 700 4293 lius
736 4236 886 4291 Patri
943 4237 1108 4299 modo
1159 4252 1272 4293 non
1318 4239 1651 4309 subjicitur,
1700 4255 1879 4311 neque
1922 4248 2187 4310 tanquam

583 4346 785 4387 servus
835 4346 902 4387 ac
940 4331 1160 4403 propria
1204 4339 1475 4403 potestate
1504 4347 1701 4389 carens
1741 4333 1919 4388 eidem
1961 4332 2191 4409 subjici-

590 4434 710 4489 tur-,
740 4440 865 4480 cum
899 4424 972 4481 sit
1004 4440 1035 4479 a
1085 4423 1249 4481 Patre
1282 4424 1534 4497 genitus,
1563 4424 1866 4496 eademque
1904 4440 2031 4480 cum
2067 4424 2188 4494 ipso

2283 3321 2767 3390 λαμϐανόμενον·
2808 3318 2930 3371 τότε
2988 3316 3174 3370 λοιπὸν
3212 3317 3436 3372 πάντων
3463 3311 3814 3369 τελειωθέντων,

2286 3413 2381 3467 καὶ
2407 3411 2633 3482 μηδενὸς
2658 3410 2764 3465 τῶν
2787 3410 2925 3483 πρὸς
2952 3408 3234 3481 πλήρωσιν
3252 3406 3687 3478 ὑπολειπομένων
3702 3402 3719 3432 ⁸
3738 3395 3814 3452 τῶν

2286 3504 2379 3559 ἐπὶ
2404 3503 2504 3574 τὴν
2534 3501 2704 3557 αὐτοῦ
2735 3486 2968 3572 θεότητα
2994 3500 3292 3572 ἀναφέρειν
3322 3500 3410 3566 τὸ,
3452 3500 3576 3555 Ἵνα
3599 3492 3637 3569 ᾖ
3658 3497 3686 3549 ό
3710 3490 3813 3552 Θεὸς

2286 3596 2359 3652 τὰ
2380 3595 2580 3650 πάντα
2615 3597 2685 3650 ἐν
2712 3593 2925 3659 πᾶσιν,
2954 3593 3072 3647 ἔστι
3101 3594 3526 3665 σημαινόμενον,
3558 3591 3639 3646 ἵνα
3672 3584 3733 3657 μὴ
3754 3580 3812 3647 ετη

2286 3687 2555 3759 διαίρεσις
2576 3704 2589 3718 ·
2622 3688 2686 3743 ού
2721 3687 2831 3758 γάρ
2858 3687 3030 3751 ἐστιν,
3069 3686 3158 3753 ἵνα
3195 3686 3270 3758 μὴ
3317 3684 3547 3758 νομισθῇ
3595 3674 3811 3735 πλυθεῖα.

2289 3780 2405 3834 Μία
2447 3779 2557 3851 γάρ
2596 3781 2744 3835 ἐστιν
2774 3781 2808 3849 ἠ
2835 3777 3132 3854 δοξολογία.
3159 3777 3297 3831 Οὔτε
3325 3780 3440 3851 γὰρ
3464 3776 3556 3832 νῦν
3576 3775 3645 3836 ὡς
3672 3781 3811 3838 τυρανι

2289 3872 2398 3929 νῶν
2424 3874 2454 3926 ὁ
2488 3872 2616 3935 Υἱὸς
2642 3871 2740 3951 οὐχ
2782 3869 3153 3932 ὑποτέτακται
3181 3870 3262 3942 τῷ
3294 3871 3492 3943 Πατρὶ,
3529 3866 3641 3921 οὔτε

2288 3981 2491 4027 sumat
2558 3963 2636 4027 ὡς
2706 3946 2931 4027 δοῦλος,
2995 3961 3090 4016 καὶ
3151 3962 3405 4025 ἐξουσίαν
3465 3959 3539 4031 μὴ
3589 3956 3734 4027 ἔχων,
3767 3946 3811 3999 εκ

2288 4056 2505 4130 Πατρὺς
2560 4055 2959 4127 γεγεννημένος
3007 4055 3110 4126 τῆς
3147 4055 3320 4126 αὐτῆς
3366 4054 3597 4123 φύσεως,
3642 4044 3722 4098 καὶ
3741 4038 3809 4106 τῆς

2293 4149 2465 4219 αύτῆς
2520 4148 2775 4219 θεότητος
2801 4188 2816 4214 ,
2867 4146 2992 4205 οὔτε
3042 4147 3165 4201 τότε
3222 4147 3365 4202 τιατά
3421 4142 3676 4212 ἔλλειψιν,
3722 4130 3809 4219 οὔτε

2289 4217 2433 4295 κατά
2461 4217 2749 4305 ὑπόϐασιν,
2781 4238 2909 4295 οὔτε
2960 4239 3103 4294 κατά
3128 4240 3402 4309 ἀνάγκην,
3430 4239 3463 4310 ἦ
3507 4231 3638 4290 κατά
3668 4217 3809 4289 λέξιν⁸

2292 4335 2658 4389 ὑποτάσσεται
2725 4331 2804 4403 τῷ
2864 4332 3073 4405 Πατρί·
3144 4332 3260 4386 ἀλλ’
3327 4331 3401 4397 ὡς
3468 4328 3583 4392 Υἱὸς
3641 4319 3809 4390 γνήσιος

2294 4425 2588 4497 μονογενὴς
2615 4464 2630 4488 ,
2701 4426 2801 4479 σὺν
2870 4424 3043 4497 Πατρὶ
3116 4423 3419 4495 βασιλεύων
3481 4420 3564 4477 ἀεὶ
3601 4417 3673 4477 είς
3714 4406 3807 4497 μίαν

589 4525 790 4572 natura
827 4532 891 4572 ac
929 4517 1221 4573 divinitate
1250 4517 1535 4588 praeditus.
1568 4517 1757 4589 Neque
1794 4526 1929 4573 tunc
1958 4528 2180 4589 propter

2286 4496 2554 4589 ἑνότητα,
2624 4518 2720 4570 καὶ
2764 4517 2848 4580 είς
2909 4496 2997 4573 ivi
3032 4517 3201 4587 γέρας
3265 4516 3434 4587 τιμῆς
3483 4513 3680 4577 ἀνάγων
3736 4496 3808 4562 τὴν

498 4632 503 4647 ι
591 4611 764 4665 ullum
795 4609 1094 4673 deiectum,
1141 4616 1238 4667 aut
1279 4609 1430 4667 velut
1472 4608 1915 4665 imminutionem
1958 4606 2180 4678 capitis,

588 4712 655 4752 ac
689 4696 1095 4765 necessitatem,
1129 4696 1247 4753 sive
1269 4697 1564 4767 potestatis
1597 4697 2010 4770 abrogationem
2037 4698 2184 4753 Patri

591 4788 972 4858 subjiciendus
1004 4797 1123 4856 est;
1154 4789 1251 4846 sed
1282 4790 1511 4861 perinde
1534 4805 1602 4846 ac
1632 4806 1932 4862 germanus
1969 4799 2025 4848 et
2058 4790 2187 4846 uni-

590 4895 690 4937 cus
722 4880 912 4946 Filius,
962 4884 1058 4951 qui
1093 4899 1219 4939 cum
1249 4881 1416 4939 Patre
1459 4891 1724 4954 perpetuo
1755 4892 1980 4955 regnat,
2022 4891 2079 4939 et
2118 4883 2188 4945 ad

594 4986 757 5025 unam
786 4975 1223 5043 singularitatem
1244 5016 1260 5039 ,
1302 4983 1468 5046 atque
1498 4990 1666 5030 unum
1695 4974 1897 5041 decus,
1925 4984 1981 5031 et
2007 4976 2180 5032 bono—

591 5075 706 5114 rem
742 5073 957 5118 creatas
993 5081 1080 5121 res
1110 5082 1304 5123 omnes
1328 5074 1573 5130 revocat,
1604 5075 1658 5122 et
1687 5066 1991 5123 Ecclesiam
2019 5082 2178 5124 suam

592 5150 830 5204 instituit
860 5194 874 5216 ,
918 5152 985 5205 Ut
1026 5155 1093 5206 sit
1144 5154 1280 5210 Deus
1313 5158 1493 5213 omnia
1525 5158 1581 5211 in
1608 5157 1871 5212 cautibus.
1907 5156 2178 5225 Quoniam

591 5256 700 5295 una
729 5249 816 5296 est
849 5239 1049 5309 Patris,
1079 5253 1131 5299 et
1170 5246 1383 5315 Filii,et
1418 5249 1655 5319 Spiritus
1686 5249 1864 5305 sancti
1893 5248 2177 5317 divinitas,

591 5333 915 5389 dominatus
944 5352 1109 5402 unus,
1129 5338 1537 5409 singularisque
1556 5342 1760 5412 gloria;
1781 5357 1810 5395 a
1828 5341 1966 5398 Filio
1995 5359 2180 5412 porro,

592 5433 860 5497 tanquam
894 5428 962 5483 ab
989 5444 1252 5499 germano
1283 5429 1448 5496 Filio,
1481 5432 1651 5499 Patri,
1683 5443 1742 5489 ut
1770 5450 1869 5505 par
1895 5444 1981 5491 est
2010 5436 2186 5492 honor

602 5518 869 5573 tribuitur
900 5540 913 5574 :
950 5535 1053 5574 nec
1083 5535 1191 5576 non
1224 5532 1279 5578 et
1302 5537 1333 5577 a
1369 5522 1579 5594 Spiritu
1607 5534 1823 5589 sancto,
1865 5543 1991 5584 cum
2023 5543 2053 5582 ο
2083 5526 2186 5581 Pa-

592 5613 677 5662 tre
736 5619 788 5663 et
820 5610 959 5666 Filio
991 5612 1217 5670 minime
1250 5615 1320 5671 sit
1369 5616 1605 5672 alienus.
1650 5615 1949 5675 Facessant
2001 5620 2188 5690 itaque

668 5801 837 5861 ‘Luc.
880 5826 920 5877 ι,
954 5808 1047 5863 '55.
1124 5816 1142 5844 ²
1176 5812 1309 5869 Luc.
1345 5832 1480 5880 χιιι,
1513 5817 1614 5881 l9;
1642 5814 1662 5869 Ι
1691 5816 1819 5870 Cor.
1857 5834 1934 5885 il,
1971 5817 2062 5873 2i.

2178 5818 2197 5850 ⁸
2224 5818 2346 5873 Act.
2389 5820 2539 5884 1,“.

2288 4612 2475 4665 πᾶσαν
2503 4610 2703 4674 κτίσιν,
2736 4611 2831 4671 καὶ
2856 4609 3128 4671 διδάσκων
3163 4609 3328 4664 αὐτοῦ
3372 4610 3473 4680 τὴν
3521 4593 3804 4669 Ἐκκλησίινν

2292 4704 2428 4760 Ἵνα
2454 4698 2495 4775 ᾖ
2535 4705 2568 4757 δ
2603 4702 2748 4769 Θεὸς
2782 4702 2857 4759 τὰ
2899 4702 3099 4769 πάντα
3143 4702 3214 4761 ἐν
3246 4701 3454 4760 πᾶσιν.
3513 4690 3704 4759 Ἐπειδὴ
3736 4681 3805 4752 μία

2290 4794 2440 4851 ἐστὶν
2467 4796 2501 4865 ἡ
2537 4793 2729 4865 θεότης
2749 4836 2763 4857 ,
2799 4794 2896 4866 μία
2928 4797 2961 4866 ἡ
2998 4794 3285 4867 κυριότης,
3330 4795 3429 4867 μία
3450 4783 3695 4855 δοξολογία
3719 4776 3801 4829 Πα⁹

2283 4886 2437 4961 τρὸς.
2473 4885 2627 4951 “ob,
2659 4888 2754 4942 καί
2782 4888 2941 4956 ἁγίου
2974 4888 3320 4959 Πνεύματος,
3356 4884 3654 4960 πρεπόντως

2292 4978 2455 5049 μένου
2494 4978 2587 5031 τοῦ
2619 4979 2829 5049 Πατρὸς
2860 4979 2967 5033 ὑπὸ
2996 4978 3091 5033 τοῦ
3137 4978 3289 5044 Υεοῦ,
3331 4979 3407 5043 ὡς
3452 4971 3655 5045 γνησίου
3688 4962 3799 5015 Υίθῧι

2289 5075 2384 5127 καὶ
2436 5073 2529 5127 τοῦ
2579 5064 2736 5142 ἁγίου
2770 5073 3121 5145 Πνεύματος,
3157 5073 3232 5138 ὡς
3270 5075 3370 5134 οὐκ
3411 5064 3664 5138 ἀλλοτρίου
3689 5056 3800 5154 M0,;

2289 5166 2503 5238 Ματρὸς
2555 5166 2646 5219 καὶ
2700 5165 2852 5221 Tia-3.
2902 5167 3013 5231 Καὶ
3063 5167 3528 5221 ἀποκλειέσθωσαν
3563 5156 3656 5211 τῶν
3695 5158 3797 5201 κατα

2286 5254 2381 5309 τοῦ
2418 5255 2549 5309 Υἱοῦ
2598 5256 2693 5310 τοῦ
2732 5257 2869 5319 Θεοῦ
2930 5258 3024 5315 καὶ
3063 5259 3156 5312 τοῦ
3193 5259 3349 5327 ἁγίου
3392 5254 3675 5323 Πνεύματος
3706 5238 3797 5335 p13-

2286 5347 2650 5419 σφημούντων
2688 5350 2841 5403 αὐτοὶ
2867 5352 2915 5403 oi
2957 5351 3140 5420 λόγοι,
3173 5353 3267 5406 καὶ
3303 5352 3372 5404 τὰ
3401 5344 3699 5411 ἐπινοήματα
3724 5337 3796 5420 ἶηὲ

2452 5442 2544 5495 τὸν
2571 5442 2698 5496 Υἱδν
2731 5443 2824 5496 καὶ
2854 5444 2916 5497 τὸ
2949 5414 3105 5514 ἅγιον
3129 5414 3370 5516 Πνεῦμα
3396 5438 3604 5512 ἔχθραςκ
3628 5420 3716 5480 Καὶ
3738 5414 3792 5467 gn

2287 5532 2450 5585 πάλιν
2479 5532 2547 5585 τὰ
2582 5532 2767 5598 κακῶς
2796 5535 2889 5589 ὑπ’
2920 5535 3098 5589 αὐτῶν
3128 5536 3482 5607 ὲπινοούμενα
3509 5519 3791 5598 φωράσαντεί

2286 5623 2558 5695 ἀνατρέψο
2567 5641 2684 5695 μεν.

2635 5822 2655 5853 ⁸
2678 5820 2903 5881 Mutilus
2934 5828 3107 5882 locus.
3208 5829 3227 5859 ⁵
3254 5827 3313 5882 F.
3344 5825 3504 5891 λῆξιν.
