  <div class='ocr_page' id='page_1' title='image "/cluster/home/n/w/nwhite01/storage/ocr_20150623/42:no.2/coo.31924054869403/170.png"; bbox 0 0 3994 6404; ppageno 0'>
   <div class='ocr_carea' id='block_1_1' title="bbox 126 409 1784 477">
    <p class='ocr_par' dir='ltr' id='par_1_1' title="bbox 126 409 1771 477">
     <span class='ocr_line' id='line_1_1' title="bbox 126 409 1771 477; baseline 0.002 -14"><span class='ocrx_word' id='word_1_1' title='bbox 126 455 135 477; x_wconf 37' lang='grc' dir='ltr'>κ</span> <span class='ocrx_word' id='word_1_2' title='bbox 198 413 307 468; x_wconf 66' lang='grc' dir='ltr'>εει)</span> <span class='ocrx_word' id='word_1_3' title='bbox 340 432 351 441; x_wconf 71' lang='grc'><em>³</em></span> <span class='ocrx_word' id='word_1_4' title='bbox 842 410 1218 467; x_wconf 78' lang='lat' dir='ltr'><strong>ADVERSUS</strong></span> <span class='ocrx_word' id='word_1_5' title='bbox 1260 409 1603 465; x_wconf 64' lang='lat' dir='ltr'><strong>HIERESES</strong></span> <span class='ocrx_word' id='word_1_6' title='bbox 1642 411 1771 466; x_wconf 87' lang='lat' dir='ltr'><strong>LIB.</strong></span> 
     </span>
    </p>
   </div>
   <div class='ocr_carea' id='block_1_2' title="bbox 1886 409 2841 477">
    <p class='ocr_par' dir='ltr' id='par_1_2' title="bbox 1923 410 2841 468">
     <span class='ocr_line' id='line_1_2' title="bbox 1923 410 2841 468; baseline 0.001 -3"><span class='ocrx_word' id='word_1_7' title='bbox 1923 411 2085 468; x_wconf 61' lang='lat' dir='ltr'><strong>T031.</strong></span> <span class='ocrx_word' id='word_1_8' title='bbox 2127 410 2194 467; x_wconf 84' lang='grc'><strong>11.</strong></span> <span class='ocrx_word' id='word_1_9' title='bbox 2233 442 2303 450; x_wconf 90' lang='grc'><strong><em>-</em></strong></span> <span class='ocrx_word' id='word_1_10' title='bbox 2338 411 2617 467; x_wconf 70' lang='grc' dir='ltr'><strong>ΗᾹΞΠΕΒ.</strong></span> <span class='ocrx_word' id='word_1_11' title='bbox 2655 413 2841 467; x_wconf 77' lang='lat' dir='ltr'><strong>LXIX.</strong></span> 
     </span>
    </p>
   </div>
   <div class='ocr_carea' id='block_1_3' title="bbox 3361 410 3465 470">
    <p class='ocr_par' dir='ltr' id='par_1_3' title="bbox 3361 410 3465 470">
     <span class='ocr_line' id='line_1_3' title="bbox 3361 410 3465 470; baseline 0.029 -3"><span class='ocrx_word' id='word_1_12' title='bbox 3361 410 3465 470; x_wconf 72' lang='lat'><strong>550</strong></span> 
     </span>
    </p>
   </div>
   <div class='ocr_carea' id='block_1_4' title="bbox 129 526 3468 597">
    <p class='ocr_par' dir='ltr' id='par_1_4' title="bbox 129 526 3468 597">
     <span class='ocr_line' id='line_1_4' title="bbox 129 526 3468 597; baseline -0.001 -17"><span class='ocrx_word' id='word_1_13' title='bbox 129 586 134 591; x_wconf 51' lang='grc'><strong>,</strong></span> <span class='ocrx_word' id='word_1_14' title='bbox 197 526 722 584; x_wconf 85' lang='lat' dir='ltr'><strong>contumeliosorum</strong></span> <span class='ocrx_word' id='word_1_15' title='bbox 778 526 834 581; x_wconf 89' lang='lat' dir='ltr'><strong>in</strong></span> <span class='ocrx_word' id='word_1_16' title='bbox 891 527 984 581; x_wconf 81' lang='lat' dir='ltr'><strong>Dei</strong></span> <span class='ocrx_word' id='word_1_17' title='bbox 1039 526 1260 592; x_wconf 85' lang='lat' dir='ltr'><strong>Filium,</strong></span> <span class='ocrx_word' id='word_1_18' title='bbox 1312 541 1375 580; x_wconf 86' lang='lat' dir='ltr'><strong>ac</strong></span> <span class='ocrx_word' id='word_1_19' title='bbox 1435 526 1700 597; x_wconf 75' lang='lat' dir='ltr'><strong>Spiritum</strong></span> <span class='ocrx_word' id='word_1_20' title='bbox 1762 534 2015 581; x_wconf 89' lang='lat' dir='ltr'><strong>sanctum</strong></span> <span class='ocrx_word' id='word_1_21' title='bbox 2084 526 2264 594; x_wconf 76' lang='lat' dir='ltr'><strong>impia:</strong></span> <span class='ocrx_word' id='word_1_22' title='bbox 2306 541 2493 590; x_wconf 84' lang='lat' dir='ltr'><strong>voces,</strong></span> <span class='ocrx_word' id='word_1_23' title='bbox 2535 542 2601 581; x_wconf 90' lang='lat' dir='ltr'><strong>ac</strong></span> <span class='ocrx_word' id='word_1_24' title='bbox 2650 527 2971 596; x_wconf 67' lang='lat' dir='ltr'><strong>sacrilegae;</strong></span> <span class='ocrx_word' id='word_1_25' title='bbox 3035 532 3468 596; x_wconf 85' lang='lat' dir='ltr'><strong>argumentaque</strong></span> 
     </span>
    </p>
   </div>
   <div class='ocr_carea' id='block_1_5' title="bbox 130 602 3464 688">
    <p class='ocr_par' dir='ltr' id='par_1_5' title="bbox 130 602 3464 688">
     <span class='ocr_line' id='line_1_5' title="bbox 130 602 3464 688; baseline 0 -19"><span class='ocrx_word' id='word_1_26' title='bbox 130 602 137 615; x_wconf 70' lang='grc'><strong><em>’</em></strong></span> <span class='ocrx_word' id='word_1_27' title='bbox 198 619 348 672; x_wconf 83' lang='lat' dir='ltr'><strong>omni</strong></span> <span class='ocrx_word' id='word_1_28' title='bbox 386 619 443 672; x_wconf 89' lang='lat' dir='ltr'><strong>in</strong></span> <span class='ocrx_word' id='word_1_29' title='bbox 476 619 697 675; x_wconf 84' lang='lat' dir='ltr'><strong>eosdem</strong></span> <span class='ocrx_word' id='word_1_30' title='bbox 732 618 1031 675; x_wconf 85' lang='lat' dir='ltr'><strong>hostilitate</strong></span> <span class='ocrx_word' id='word_1_31' title='bbox 1079 617 1298 674; x_wconf 85' lang='lat' dir='ltr'><strong>referta.</strong></span> <span class='ocrx_word' id='word_1_32' title='bbox 1352 615 1462 674; x_wconf 86' lang='lat' dir='ltr'><strong>Nos</strong></span> <span class='ocrx_word' id='word_1_33' title='bbox 1495 625 1679 673; x_wconf 82' lang='lat' dir='ltr'><strong>autem</strong></span> <span class='ocrx_word' id='word_1_34' title='bbox 1712 624 1909 675; x_wconf 68' lang='lat' dir='ltr'><strong>caetera</strong></span> <span class='ocrx_word' id='word_1_35' title='bbox 1951 618 2091 672; x_wconf 86' lang='lat' dir='ltr'><strong>male</strong></span> <span class='ocrx_word' id='word_1_36' title='bbox 2146 619 2218 672; x_wconf 90' lang='lat' dir='ltr'><strong>ab</strong></span> <span class='ocrx_word' id='word_1_37' title='bbox 2264 617 2372 672; x_wconf 90' lang='lat' dir='ltr'><strong>illis</strong></span> <span class='ocrx_word' id='word_1_38' title='bbox 2411 617 2740 688; x_wconf 80' lang='lat' dir='ltr'><strong>excogitata,</strong></span> <span class='ocrx_word' id='word_1_39' title='bbox 2772 626 2825 674; x_wconf 90' lang='lat' dir='ltr'><strong>et</strong></span> <span class='ocrx_word' id='word_1_40' title='bbox 2866 618 2968 673; x_wconf 90' lang='lat' dir='ltr'><strong>hoc</strong></span> <span class='ocrx_word' id='word_1_41' title='bbox 3026 618 3150 673; x_wconf 90' lang='lat' dir='ltr'><strong>loco</strong></span> <span class='ocrx_word' id='word_1_42' title='bbox 3191 614 3464 688; x_wconf 83' lang='lat' dir='ltr'><strong>patefacta</strong></span> 
     </span>
    </p>
   </div>
   <div class='ocr_carea' id='block_1_6' title="bbox 196 713 494 768">
    <p class='ocr_par' dir='ltr' id='par_1_6' title="bbox 196 713 494 768">
     <span class='ocr_line' id='line_1_6' title="bbox 196 713 494 768; baseline 0.007 -4"><span class='ocrx_word' id='word_1_43' title='bbox 196 713 494 768; x_wconf 76' lang='lat' dir='ltr'><strong>diluemus.</strong></span> 
     </span>
    </p>
   </div>
   <div class='ocr_carea' id='block_1_7' title="bbox 269 801 1784 878">
    <p class='ocr_par' dir='ltr' id='par_1_7' title="bbox 269 805 1784 878">
     <span class='ocr_line' id='line_1_7' title="bbox 269 805 1784 878; baseline -0.001 -17"><span class='ocrx_word' id='word_1_44' title='bbox 269 807 409 873; x_wconf 71' lang='grc' dir='ltr'>οςι.</span> <span class='ocrx_word' id='word_1_45' title='bbox 442 807 612 861; x_wconf 82' lang='grc' dir='ltr'>Πάλιν</span> <span class='ocrx_word' id='word_1_46' title='bbox 642 806 860 876; x_wconf 75' lang='grc' dir='ltr'>λέγουσι</span> <span class='ocrx_word' id='word_1_47' title='bbox 880 807 956 878; x_wconf 77' lang='lat'><strong>(3)</strong></span> <span class='ocrx_word' id='word_1_48' title='bbox 990 807 1100 860; x_wconf 85' lang='grc' dir='ltr'><strong>τῶν</strong></span> <span class='ocrx_word' id='word_1_49' title='bbox 1124 809 1188 861; x_wconf 81' lang='grc' dir='ltr'>ὲκ</span> <span class='ocrx_word' id='word_1_50' title='bbox 1220 805 1315 861; x_wconf 80' lang='grc' dir='ltr'>τοῦ</span> <span class='ocrx_word' id='word_1_51' title='bbox 1343 806 1674 875; x_wconf 82' lang='grc' dir='ltr'>Εὑαγγελίου</span> <span class='ocrx_word' id='word_1_52' title='bbox 1696 805 1784 860; x_wconf 81' lang='grc' dir='ltr'>λέ-</span> 
     </span>
    </p>
   </div>
   <div class='ocr_carea' id='block_1_8' title="bbox 1886 801 3466 878">
    <p class='ocr_par' dir='ltr' id='par_1_8' title="bbox 1958 801 3466 873">
     <span class='ocr_line' id='line_1_8' title="bbox 1958 801 3466 873; baseline 0.003 -17"><span class='ocrx_word' id='word_1_53' title='bbox 1958 802 2193 858; x_wconf 75' lang='lat' dir='ltr'><strong>LXXVI.</strong></span> <span class='ocrx_word' id='word_1_54' title='bbox 2234 804 2372 859; x_wconf 85' lang='lat' dir='ltr'><strong>Aliis</strong></span> <span class='ocrx_word' id='word_1_55' title='bbox 2402 803 2567 873; x_wconf 91' lang='lat' dir='ltr'><strong>igitur</strong></span> <span class='ocrx_word' id='word_1_56' title='bbox 2595 817 2658 856; x_wconf 77' lang='lat' dir='ltr'><strong>ex</strong></span> <span class='ocrx_word' id='word_1_57' title='bbox 2691 801 2984 872; x_wconf 78' lang='lat' dir='ltr'><strong>Evangelia</strong></span> <span class='ocrx_word' id='word_1_58' title='bbox 3010 802 3241 872; x_wconf 73' lang='lat' dir='ltr'><strong>prolatis</strong></span> <span class='ocrx_word' id='word_1_59' title='bbox 3274 811 3466 860; x_wconf 87' lang='lat' dir='ltr'><strong>aucto-</strong></span> 
     </span>
    </p>
   </div>
   <div class='ocr_carea' id='block_1_9' title="bbox 198 897 1785 967">
    <p class='ocr_par' dir='ltr' id='par_1_9' title="bbox 198 897 1785 967">
     <span class='ocr_line' id='line_1_9' title="bbox 198 897 1785 967; baseline 0.002 -17"><span class='ocrx_word' id='word_1_60' title='bbox 198 898 312 964; x_wconf 80' lang='grc' dir='ltr'>ξεις</span> <span class='ocrx_word' id='word_1_61' title='bbox 357 897 532 960; x_wconf 72' lang='grc' dir='ltr'>τινὰς,</span> <span class='ocrx_word' id='word_1_62' title='bbox 573 899 668 960; x_wconf 75' lang='grc' dir='ltr'><strong>καί</strong></span> <span class='ocrx_word' id='word_1_63' title='bbox 707 915 899 967; x_wconf 80' lang='grc' dir='ltr'>φασιν·</span> <span class='ocrx_word' id='word_1_64' title='bbox 950 898 1049 952; x_wconf 84' lang='grc' dir='ltr'>Διὰ</span> <span class='ocrx_word' id='word_1_65' title='bbox 1087 899 1140 951; x_wconf 84' lang='grc' dir='ltr'><strong>τί</strong></span> <span class='ocrx_word' id='word_1_66' title='bbox 1170 900 1243 952; x_wconf 85' lang='grc' dir='ltr'>οὐ</span> <span class='ocrx_word' id='word_1_67' title='bbox 1284 898 1533 952; x_wconf 78' lang='grc' dir='ltr'>δύναται</span> <span class='ocrx_word' id='word_1_68' title='bbox 1592 897 1785 954; x_wconf 76' lang='grc' dir='ltr'>ποιεῖν</span> 
     </span>
    </p>
   </div>
   <div class='ocr_carea' id='block_1_10' title="bbox 203 988 1785 1060">
    <p class='ocr_par' dir='ltr' id='par_1_10' title="bbox 203 988 1785 1060">
     <span class='ocr_line' id='line_1_10' title="bbox 203 988 1785 1060; baseline -0.001 -16"><span class='ocrx_word' id='word_1_69' title='bbox 203 988 385 1044; x_wconf 76' lang='grc' dir='ltr'>οὐδὲν</span> <span class='ocrx_word' id='word_1_70' title='bbox 415 991 451 1043; x_wconf 88' lang='grc' dir='ltr'><strong><em>ό</em></strong></span> <span class='ocrx_word' id='word_1_71' title='bbox 472 989 601 1055; x_wconf 76' lang='grc' dir='ltr'><strong>Υἱὸς</strong></span> <span class='ocrx_word' id='word_1_72' title='bbox 628 990 727 1058; x_wconf 63' lang='grc' dir='ltr'><strong>ἀφ’</strong></span> <span class='ocrx_word' id='word_1_73' title='bbox 766 989 1005 1054; x_wconf 79' lang='grc' dir='ltr'>ἑαυτοῦ,</span> <span class='ocrx_word' id='word_1_74' title='bbox 1034 989 1143 1045; x_wconf 81' lang='grc' dir='ltr'><strong>ἐὰν</strong></span> <span class='ocrx_word' id='word_1_75' title='bbox 1160 989 1248 1060; x_wconf 74' lang='grc' dir='ltr'><strong>μὴ</strong></span> <span class='ocrx_word' id='word_1_76' title='bbox 1284 989 1385 1058; x_wconf 77' lang='grc' dir='ltr'><strong>ιδῃ</strong></span> <span class='ocrx_word' id='word_1_77' title='bbox 1416 989 1522 1044; x_wconf 78' lang='grc' dir='ltr'><strong>τὸν</strong></span> <span class='ocrx_word' id='word_1_78' title='bbox 1553 989 1785 1058; x_wconf 79' lang='grc' dir='ltr'><strong>Πατέρα</strong></span> 
     </span>
    </p>
   </div>
   <div class='ocr_carea' id='block_1_11' title="bbox 210 1078 1779 1152">
    <p class='ocr_par' dir='ltr' id='par_1_11' title="bbox 210 1078 1779 1152">
     <span class='ocr_line' id='line_1_11' title="bbox 210 1078 1779 1152; baseline -0.001 -19"><span class='ocrx_word' id='word_1_79' title='bbox 210 1078 530 1142; x_wconf 72' lang='grc' dir='ltr'>ποιοῦντα;</span> <span class='ocrx_word' id='word_1_80' title='bbox 574 1079 687 1135; x_wconf 77' lang='grc' dir='ltr'>Καὶ</span> <span class='ocrx_word' id='word_1_81' title='bbox 717 1079 780 1132; x_wconf 84' lang='grc' dir='ltr'><strong>ού</strong></span> <span class='ocrx_word' id='word_1_82' title='bbox 817 1080 1028 1134; x_wconf 84' lang='grc' dir='ltr'><strong>νοοῦσιν</strong></span> <span class='ocrx_word' id='word_1_83' title='bbox 1068 1080 1326 1152; x_wconf 61' lang='grc' dir='ltr'>ἀπρχῆς</span> <span class='ocrx_word' id='word_1_84' title='bbox 1360 1079 1441 1143; x_wconf 80' lang='grc' dir='ltr'>τὰ</span> <span class='ocrx_word' id='word_1_85' title='bbox 1490 1079 1779 1150; x_wconf 83' lang='grc' dir='ltr'>λεγόμενα,</span> 
     </span>
    </p>
   </div>
   <div class='ocr_carea' id='block_1_12' title="bbox 208 1166 1784 1240">
    <p class='ocr_par' dir='ltr' id='par_1_12' title="bbox 208 1166 1784 1240">
     <span class='ocr_line' id='line_1_12' title="bbox 208 1166 1784 1240; baseline -0.003 -17"><span class='ocrx_word' id='word_1_86' title='bbox 208 1170 285 1223; x_wconf 79' lang='grc' dir='ltr'>ὅτι</span> <span class='ocrx_word' id='word_1_87' title='bbox 304 1168 547 1235; x_wconf 78' lang='grc' dir='ltr'><strong>καίτοιγε</strong></span> <span class='ocrx_word' id='word_1_88' title='bbox 569 1168 598 1219; x_wconf 90' lang='lat'><strong>6</strong></span> <span class='ocrx_word' id='word_1_89' title='bbox 619 1168 807 1239; x_wconf 83' lang='grc' dir='ltr'>Πατὴρ</span> <span class='ocrx_word' id='word_1_90' title='bbox 832 1169 893 1222; x_wconf 86' lang='grc' dir='ltr'>οὐ</span> <span class='ocrx_word' id='word_1_91' title='bbox 938 1170 1202 1240; x_wconf 82' lang='grc' dir='ltr'>πρότερον</span> <span class='ocrx_word' id='word_1_92' title='bbox 1229 1168 1476 1239; x_wconf 76' lang='grc' dir='ltr'>ἐποίησε,</span> <span class='ocrx_word' id='word_1_93' title='bbox 1504 1169 1599 1223; x_wconf 73' lang='grc' dir='ltr'>καὶ</span> <span class='ocrx_word' id='word_1_94' title='bbox 1625 1166 1784 1221; x_wconf 80' lang='grc' dir='ltr'>ὓστε-</span> 
     </span>
    </p>
   </div>
   <div class='ocr_carea' id='block_1_13' title="bbox 210 1256 1781 1330">
    <p class='ocr_par' dir='ltr' id='par_1_13' title="bbox 210 1256 1781 1330">
     <span class='ocr_line' id='line_1_13' title="bbox 210 1256 1781 1330; baseline -0.001 -19"><span class='ocrx_word' id='word_1_95' title='bbox 210 1261 346 1320; x_wconf 80' lang='grc' dir='ltr'>ρονό</span> <span class='ocrx_word' id='word_1_96' title='bbox 375 1258 505 1321; x_wconf 64' lang='grc' dir='ltr'>Υἱὸς</span> <span class='ocrx_word' id='word_1_97' title='bbox 548 1256 888 1326; x_wconf 75' lang='grc' dir='ltr'>ἑτεχνάσατο.</span> <span class='ocrx_word' id='word_1_98' title='bbox 938 1259 1094 1312; x_wconf 87' lang='grc' dir='ltr'>Ποῖον</span> <span class='ocrx_word' id='word_1_99' title='bbox 1135 1258 1245 1330; x_wconf 83' lang='grc' dir='ltr'><strong>γὰρ</strong></span> <span class='ocrx_word' id='word_1_100' title='bbox 1285 1258 1510 1329; x_wconf 77' lang='grc' dir='ltr'>οὐρανὸν</span> <span class='ocrx_word' id='word_1_101' title='bbox 1558 1259 1781 1326; x_wconf 82' lang='grc' dir='ltr'>ἐποίησε</span> 
     </span>
    </p>
   </div>
   <div class='ocr_carea' id='block_1_14' title="bbox 205 1344 1783 1420">
    <p class='ocr_par' dir='ltr' id='par_1_14' title="bbox 205 1344 1783 1420">
     <span class='ocr_line' id='line_1_14' title="bbox 205 1344 1783 1420; baseline -0.001 -20"><span class='ocrx_word' id='word_1_102' title='bbox 205 1347 324 1400; x_wconf 85' lang='grc' dir='ltr'>καθ’</span> <span class='ocrx_word' id='word_1_103' title='bbox 353 1347 547 1399; x_wconf 76' lang='grc' dir='ltr'>ἑαυτὸν</span> <span class='ocrx_word' id='word_1_104' title='bbox 579 1350 606 1401; x_wconf 98' lang='lat'><strong>6</strong></span> <span class='ocrx_word' id='word_1_105' title='bbox 636 1348 847 1418; x_wconf 82' lang='grc' dir='ltr'>Πατὴρ,</span> <span class='ocrx_word' id='word_1_106' title='bbox 882 1348 1002 1411; x_wconf 86' lang='grc' dir='ltr'>ἵνα,</span> <span class='ocrx_word' id='word_1_107' title='bbox 1035 1348 1143 1401; x_wconf 80' lang='grc' dir='ltr'><strong>ἀπὸ</strong></span> <span class='ocrx_word' id='word_1_108' title='bbox 1174 1346 1269 1400; x_wconf 84' lang='grc' dir='ltr'>τοῦ</span> <span class='ocrx_word' id='word_1_109' title='bbox 1307 1350 1479 1401; x_wconf 91' lang='grc' dir='ltr'>τύπου</span> <span class='ocrx_word' id='word_1_110' title='bbox 1508 1347 1603 1400; x_wconf 83' lang='grc' dir='ltr'>τοῦ</span> <span class='ocrx_word' id='word_1_111' title='bbox 1634 1344 1783 1420; x_wconf 82' lang='grc' dir='ltr'>πρὼ-</span> 
     </span>
    </p>
   </div>
   <div class='ocr_carea' id='block_1_15' title="bbox 201 1438 1781 1510">
    <p class='ocr_par' dir='ltr' id='par_1_15' title="bbox 201 1438 1781 1510">
     <span class='ocr_line' id='line_1_15' title="bbox 201 1438 1781 1510; baseline 0.001 -20"><span class='ocrx_word' id='word_1_112' title='bbox 201 1455 296 1491; x_wconf 64' lang='lat' dir='ltr'><strong>sou</strong></span> <span class='ocrx_word' id='word_1_113' title='bbox 334 1438 565 1509; x_wconf 83' lang='grc' dir='ltr'>ούρανοῦ</span> <span class='ocrx_word' id='word_1_114' title='bbox 595 1439 773 1491; x_wconf 77' lang='grc' dir='ltr'>λαϐὼν</span> <span class='ocrx_word' id='word_1_115' title='bbox 807 1439 868 1491; x_wconf 76' lang='grc' dir='ltr'>τὸ</span> <span class='ocrx_word' id='word_1_116' title='bbox 894 1438 1145 1509; x_wconf 81' lang='grc' dir='ltr'>ὁμοίωμα</span> <span class='ocrx_word' id='word_1_117' title='bbox 1172 1441 1201 1493; x_wconf 91' lang='lat'><strong>6</strong></span> <span class='ocrx_word' id='word_1_118' title='bbox 1234 1439 1383 1504; x_wconf 77' lang='grc' dir='ltr'>Υἱὸς,</span> <span class='ocrx_word' id='word_1_119' title='bbox 1415 1439 1587 1504; x_wconf 74' lang='grc' dir='ltr'>οὕτως</span> <span class='ocrx_word' id='word_1_120' title='bbox 1615 1439 1781 1510; x_wconf 76' lang='grc' dir='ltr'>ἐργά-</span> 
     </span>
    </p>
   </div>
   <div class='ocr_carea' id='block_1_16' title="bbox 205 1526 1780 1600">
    <p class='ocr_par' dir='ltr' id='par_1_16' title="bbox 205 1526 1780 1600">
     <span class='ocr_line' id='line_1_16' title="bbox 205 1526 1780 1600; baseline 0.004 -21"><span class='ocrx_word' id='word_1_121' title='bbox 205 1544 399 1597; x_wconf 73' lang='grc' dir='ltr'>σηται;</span> <span class='ocrx_word' id='word_1_122' title='bbox 442 1526 580 1580; x_wconf 79' lang='grc' dir='ltr'>Ἀλλ’</span> <span class='ocrx_word' id='word_1_123' title='bbox 605 1528 777 1591; x_wconf 78' lang='grc' dir='ltr'>οὐδεὶς</span> <span class='ocrx_word' id='word_1_124' title='bbox 802 1528 960 1581; x_wconf 79' lang='grc' dir='ltr'>τοῦτο</span> <span class='ocrx_word' id='word_1_125' title='bbox 984 1526 1204 1581; x_wconf 89' lang='grc' dir='ltr'>δύναται</span> <span class='ocrx_word' id='word_1_126' title='bbox 1228 1528 1394 1594; x_wconf 81' lang='grc' dir='ltr'>δεῖξαι</span> <span class='ocrx_word' id='word_1_127' title='bbox 1418 1528 1528 1582; x_wconf 84' lang='grc' dir='ltr'>τῶν</span> <span class='ocrx_word' id='word_1_128' title='bbox 1554 1530 1653 1600; x_wconf 83' lang='grc' dir='ltr'>τὴν</span> <span class='ocrx_word' id='word_1_129' title='bbox 1681 1547 1780 1585; x_wconf 84' lang='grc' dir='ltr'>κα-</span> 
     </span>
    </p>
   </div>
   <div class='ocr_carea' id='block_1_17' title="bbox 204 1617 1784 1688">
    <p class='ocr_par' dir='ltr' id='par_1_17' title="bbox 204 1617 1784 1688">
     <span class='ocr_line' id='line_1_17' title="bbox 204 1617 1784 1688; baseline 0 -16"><span class='ocrx_word' id='word_1_130' title='bbox 204 1619 329 1672; x_wconf 69' lang='grc' dir='ltr'>κίαν</span> <span class='ocrx_word' id='word_1_131' title='bbox 364 1619 740 1674; x_wconf 76' lang='grc' dir='ltr'>ἐπινοούντων.</span> <span class='ocrx_word' id='word_1_132' title='bbox 774 1621 879 1674; x_wconf 83' lang='grc' dir='ltr'><strong>Ἑν</strong></span> <span class='ocrx_word' id='word_1_133' title='bbox 913 1617 1071 1688; x_wconf 72' lang='grc' dir='ltr'><strong>ἀρχῆ</strong></span> <span class='ocrx_word' id='word_1_134' title='bbox 1115 1619 1224 1688; x_wconf 75' lang='grc' dir='ltr'>γὰρ</span> <span class='ocrx_word' id='word_1_135' title='bbox 1249 1618 1539 1687; x_wconf 78' lang='grc' dir='ltr'>ἐποίησεν</span> <span class='ocrx_word' id='word_1_136' title='bbox 1580 1623 1613 1673; x_wconf 86' lang='grc' dir='ltr'><em>ὀ</em></span> <span class='ocrx_word' id='word_1_137' title='bbox 1638 1620 1784 1685; x_wconf 80' lang='grc' dir='ltr'>Θεὸς</span> 
     </span>
    </p>
   </div>
   <div class='ocr_carea' id='block_1_18' title="bbox 202 1702 1781 1782">
    <p class='ocr_par' dir='ltr' id='par_1_18' title="bbox 202 1702 1781 1782">
     <span class='ocr_line' id='line_1_18' title="bbox 202 1702 1781 1782; baseline 0 -21"><span class='ocrx_word' id='word_1_138' title='bbox 202 1709 309 1761; x_wconf 72' lang='grc' dir='ltr'><strong>τεν</strong></span> <span class='ocrx_word' id='word_1_139' title='bbox 333 1709 593 1778; x_wconf 75' lang='grc' dir='ltr'>οὐρανὸν</span> <span class='ocrx_word' id='word_1_140' title='bbox 625 1709 722 1763; x_wconf 79' lang='grc' dir='ltr'>καὶ</span> <span class='ocrx_word' id='word_1_141' title='bbox 746 1709 861 1777; x_wconf 77' lang='grc' dir='ltr'><strong>τὴν</strong></span> <span class='ocrx_word' id='word_1_142' title='bbox 880 1702 1031 1778; x_wconf 61' lang='grc' dir='ltr'><strong>τῆν’</strong></span> <span class='ocrx_word' id='word_1_143' title='bbox 1063 1709 1199 1761; x_wconf 77' lang='grc' dir='ltr'>Ἀλλ’</span> <span class='ocrx_word' id='word_1_144' title='bbox 1234 1709 1351 1780; x_wconf 75' lang='grc' dir='ltr'><strong>ἅμα</strong></span> <span class='ocrx_word' id='word_1_145' title='bbox 1378 1709 1437 1762; x_wconf 81' lang='grc' dir='ltr'>ἐν</span> <span class='ocrx_word' id='word_1_146' title='bbox 1465 1710 1607 1782; x_wconf 77' lang='grc' dir='ltr'>ἀρχῇ</span> <span class='ocrx_word' id='word_1_147' title='bbox 1635 1712 1693 1762; x_wconf 79' lang='grc' dir='ltr'>ὲν</span> <span class='ocrx_word' id='word_1_148' title='bbox 1714 1712 1781 1782; x_wconf 75' lang='grc' dir='ltr'>τῇ</span> 
     </span>
    </p>
   </div>
   <div class='ocr_carea' id='block_1_19' title="bbox 203 1796 1781 1870">
    <p class='ocr_par' dir='ltr' id='par_1_19' title="bbox 203 1796 1781 1870">
     <span class='ocr_line' id='line_1_19' title="bbox 203 1796 1781 1870; baseline 0.001 -19"><span class='ocrx_word' id='word_1_149' title='bbox 203 1800 532 1870; x_wconf 77' lang='grc' dir='ltr'>κοσμοποιίᾳ</span> <span class='ocrx_word' id='word_1_150' title='bbox 595 1799 827 1867; x_wconf 76' lang='grc' dir='ltr'>φάσκει·</span> <span class='ocrx_word' id='word_1_151' title='bbox 886 1796 1235 1867; x_wconf 81' lang='grc' dir='ltr'><strong>Ποιήσωμεν</strong></span> <span class='ocrx_word' id='word_1_152' title='bbox 1284 1796 1601 1866; x_wconf 74' lang='grc' dir='ltr'>ἄνθρωπον</span> <span class='ocrx_word' id='word_1_153' title='bbox 1651 1800 1781 1853; x_wconf 84' lang='grc' dir='ltr'>κατ’</span> 
     </span>
    </p>
   </div>
   <div class='ocr_carea' id='block_1_20' title="bbox 200 1882 1781 1957">
    <p class='ocr_par' dir='ltr' id='par_1_20' title="bbox 200 1882 1781 1957">
     <span class='ocr_line' id='line_1_20' title="bbox 200 1882 1781 1957; baseline 0 -15"><span class='ocrx_word' id='word_1_154' title='bbox 200 1890 410 1942; x_wconf 65' lang='grc' dir='ltr'>εἰκόνα</span> <span class='ocrx_word' id='word_1_155' title='bbox 439 1890 731 1957; x_wconf 75' lang='grc' dir='ltr'>ἡμετέραν</span> <span class='ocrx_word' id='word_1_156' title='bbox 761 1888 854 1941; x_wconf 72' lang='grc' dir='ltr'><strong>καί</strong></span> <span class='ocrx_word' id='word_1_157' title='bbox 890 1889 1015 1941; x_wconf 73' lang='grc' dir='ltr'>καθ’</span> <span class='ocrx_word' id='word_1_158' title='bbox 1042 1887 1346 1956; x_wconf 80' lang='grc' dir='ltr'>ὁμοίωσιν.</span> <span class='ocrx_word' id='word_1_159' title='bbox 1374 1887 1484 1941; x_wconf 80' lang='grc' dir='ltr'><strong>Καὶ</strong></span> <span class='ocrx_word' id='word_1_160' title='bbox 1512 1887 1612 1941; x_wconf 82' lang='grc' dir='ltr'>οὐκ</span> <span class='ocrx_word' id='word_1_161' title='bbox 1638 1882 1781 1942; x_wconf 75' lang='grc' dir='ltr'>εἴπεο</span> 
     </span>
    </p>
   </div>
   <div class='ocr_carea' id='block_1_21' title="bbox 199 1975 1783 2050">
    <p class='ocr_par' dir='ltr' id='par_1_21' title="bbox 199 1975 1783 2050">
     <span class='ocr_line' id='line_1_21' title="bbox 199 1975 1783 2050; baseline 0.001 -20"><span class='ocrx_word' id='word_1_162' title='bbox 199 1977 396 2048; x_wconf 76' lang='grc' dir='ltr'>Δεῦρο,</span> <span class='ocrx_word' id='word_1_163' title='bbox 448 1979 659 2048; x_wconf 82' lang='grc' dir='ltr'>ποιήσω</span> <span class='ocrx_word' id='word_1_164' title='bbox 702 1978 795 2030; x_wconf 75' lang='grc' dir='ltr'>καὶ</span> <span class='ocrx_word' id='word_1_165' title='bbox 840 1975 1101 2043; x_wconf 74' lang='grc' dir='ltr'><strong>ὑποδείξω</strong></span> <span class='ocrx_word' id='word_1_166' title='bbox 1134 1978 1251 2039; x_wconf 84' lang='grc' dir='ltr'><strong>πῶς</strong></span> <span class='ocrx_word' id='word_1_167' title='bbox 1282 1976 1511 2050; x_wconf 76' lang='grc' dir='ltr'>ἐργάσῃ.</span> <span class='ocrx_word' id='word_1_168' title='bbox 1551 1978 1783 2032; x_wconf 81' lang='grc' dir='ltr'>Ἔπειτα</span> 
     </span>
    </p>
   </div>
   <div class='ocr_carea' id='block_1_22' title="bbox 186 2065 1781 2135">
    <p class='ocr_par' dir='ltr' id='par_1_22' title="bbox 186 2065 1781 2135">
     <span class='ocr_line' id='line_1_22' title="bbox 186 2065 1781 2135; baseline -0.001 -15"><span class='ocrx_word' id='word_1_169' title='bbox 186 2069 279 2131; x_wconf 70' lang='grc' dir='ltr'>δὲ,</span> <span class='ocrx_word' id='word_1_170' title='bbox 315 2067 421 2123; x_wconf 80' lang='lat' dir='ltr'><strong>Kal</strong></span> <span class='ocrx_word' id='word_1_171' title='bbox 456 2068 746 2134; x_wconf 62' lang='grc' dir='ltr'>ἐποίησεν</span> <span class='ocrx_word' id='word_1_172' title='bbox 784 2070 817 2121; x_wconf 84' lang='lat' dir='ltr'><strong>d</strong></span> <span class='ocrx_word' id='word_1_173' title='bbox 853 2067 994 2132; x_wconf 77' lang='grc' dir='ltr'>Θεὸς</span> <span class='ocrx_word' id='word_1_174' title='bbox 1026 2067 1133 2120; x_wconf 83' lang='grc' dir='ltr'><strong>τὸν</strong></span> <span class='ocrx_word' id='word_1_175' title='bbox 1173 2065 1506 2135; x_wconf 79' lang='grc' dir='ltr'>ἄνθρωπον.</span> <span class='ocrx_word' id='word_1_176' title='bbox 1543 2068 1652 2121; x_wconf 80' lang='grc' dir='ltr'><strong>Καὶ</strong></span> <span class='ocrx_word' id='word_1_177' title='bbox 1680 2068 1781 2119; x_wconf 81' lang='grc' dir='ltr'>οὐκ</span> 
     </span>
    </p>
   </div>
   <div class='ocr_carea' id='block_1_23' title="bbox 199 2136 1861 2232">
    <p class='ocr_par' dir='ltr' id='par_1_23' title="bbox 199 2136 1861 2232">
     <span class='ocr_line' id='line_1_23' title="bbox 199 2136 1861 2232; baseline -0.001 -18"><span class='ocrx_word' id='word_1_178' title='bbox 199 2156 377 2223; x_wconf 74' lang='grc' dir='ltr'>εἶπεν,</span> <span class='ocrx_word' id='word_1_179' title='bbox 416 2159 692 2232; x_wconf 79' lang='grc' dir='ltr'>Ἐποίησε,</span> <span class='ocrx_word' id='word_1_180' title='bbox 728 2158 822 2212; x_wconf 74' lang='grc' dir='ltr'>καὶ</span> <span class='ocrx_word' id='word_1_181' title='bbox 846 2157 1013 2224; x_wconf 77' lang='grc' dir='ltr'>ἔδειξε</span> <span class='ocrx_word' id='word_1_182' title='bbox 1055 2157 1132 2229; x_wconf 85' lang='grc' dir='ltr'><strong>τῷ</strong></span> <span class='ocrx_word' id='word_1_183' title='bbox 1182 2157 1295 2229; x_wconf 80' lang='grc' dir='ltr'><strong>Υἱῷ</strong></span> <span class='ocrx_word' id='word_1_184' title='bbox 1349 2157 1466 2222; x_wconf 79' lang='grc' dir='ltr'><strong>πῶς</strong></span> <span class='ocrx_word' id='word_1_185' title='bbox 1494 2159 1574 2212; x_wconf 84' lang='grc' dir='ltr'><strong>δεῖ</strong></span> <span class='ocrx_word' id='word_1_186' title='bbox 1614 2160 1786 2212; x_wconf 85' lang='grc' dir='ltr'>ποιεῖν</span> <span class='ocrx_word' id='word_1_187' title='bbox 1818 2136 1861 2194; x_wconf 67' lang='grc' dir='ltr'><strong>θ</strong></span> 
     </span>
    </p>
   </div>
   <div class='ocr_carea' id='block_1_24' title="bbox 201 2243 1787 2324">
    <p class='ocr_par' dir='ltr' id='par_1_24' title="bbox 201 2243 1787 2324">
     <span class='ocr_line' id='line_1_24' title="bbox 201 2243 1787 2324; baseline -0.003 -17"><span class='ocrx_word' id='word_1_188' title='bbox 201 2254 294 2307; x_wconf 79' lang='grc' dir='ltr'><strong>τὸν</strong></span> <span class='ocrx_word' id='word_1_189' title='bbox 338 2252 640 2324; x_wconf 76' lang='grc' dir='ltr'>ἄνθρωπον.</span> <span class='ocrx_word' id='word_1_190' title='bbox 674 2250 811 2305; x_wconf 66' lang='grc' dir='ltr'>Οὔτε</span> <span class='ocrx_word' id='word_1_191' title='bbox 850 2250 958 2321; x_wconf 79' lang='grc' dir='ltr'><strong>γὰρ</strong></span> <span class='ocrx_word' id='word_1_192' title='bbox 1005 2252 1063 2303; x_wconf 82' lang='grc' dir='ltr'>ὲν</span> <span class='ocrx_word' id='word_1_193' title='bbox 1102 2248 1296 2320; x_wconf 76' lang='grc' dir='ltr'>ἀγνοίᾳ</span> <span class='ocrx_word' id='word_1_194' title='bbox 1329 2243 1396 2320; x_wconf 84' lang='grc' dir='ltr'>ἦν</span> <span class='ocrx_word' id='word_1_195' title='bbox 1439 2248 1469 2301; x_wconf 90' lang='lat'><strong>6</strong></span> <span class='ocrx_word' id='word_1_196' title='bbox 1509 2248 1663 2313; x_wconf 81' lang='grc' dir='ltr'>Υἱὸς,</span> <span class='ocrx_word' id='word_1_197' title='bbox 1697 2248 1787 2303; x_wconf 76' lang='grc' dir='ltr'>ἵνα</span> 
     </span>
    </p>
   </div>
   <div class='ocr_carea' id='block_1_25' title="bbox 208 2341 1782 2415">
    <p class='ocr_par' dir='ltr' id='par_1_25' title="bbox 208 2341 1782 2415">
     <span class='ocr_line' id='line_1_25' title="bbox 208 2341 1782 2415; baseline -0.002 -18"><span class='ocrx_word' id='word_1_198' title='bbox 208 2343 353 2415; x_wconf 80' lang='grc' dir='ltr'>μετὰ</span> <span class='ocrx_word' id='word_1_199' title='bbox 382 2344 442 2396; x_wconf 76' lang='grc' dir='ltr'>τὸ</span> <span class='ocrx_word' id='word_1_200' title='bbox 482 2344 670 2414; x_wconf 85' lang='grc' dir='ltr'>μαθεῖν</span> <span class='ocrx_word' id='word_1_201' title='bbox 695 2344 909 2414; x_wconf 80' lang='grc' dir='ltr'>τέχνην,</span> <span class='ocrx_word' id='word_1_202' title='bbox 936 2341 1059 2395; x_wconf 88' lang='grc' dir='ltr'>τότε</span> <span class='ocrx_word' id='word_1_203' title='bbox 1088 2341 1156 2395; x_wconf 84' lang='grc' dir='ltr'>τὰ</span> <span class='ocrx_word' id='word_1_204' title='bbox 1181 2341 1241 2409; x_wconf 75' lang='grc' dir='ltr'><strong>ἐξ</strong></span> <span class='ocrx_word' id='word_1_205' title='bbox 1267 2342 1434 2413; x_wconf 81' lang='grc' dir='ltr'>αὐτῆς</span> <span class='ocrx_word' id='word_1_206' title='bbox 1461 2341 1782 2413; x_wconf 76' lang='grc' dir='ltr'>ἐργάσηται,</span> 
     </span>
    </p>
   </div>
   <div class='ocr_carea' id='block_1_26' title="bbox 217 2432 1787 2508">
    <p class='ocr_par' dir='ltr' id='par_1_26' title="bbox 217 2432 1787 2508">
     <span class='ocr_line' id='line_1_26' title="bbox 217 2432 1787 2508; baseline -0.001 -19"><span class='ocrx_word' id='word_1_207' title='bbox 217 2436 360 2489; x_wconf 77' lang='grc' dir='ltr'><strong>⁹Αλλ⁹</strong></span> <span class='ocrx_word' id='word_1_208' title='bbox 392 2436 577 2508; x_wconf 74' lang='grc' dir='ltr'>ἐπειδὴ</span> <span class='ocrx_word' id='word_1_209' title='bbox 604 2434 766 2489; x_wconf 84' lang='grc' dir='ltr'>πάλιν</span> <span class='ocrx_word' id='word_1_210' title='bbox 798 2432 964 2488; x_wconf 79' lang='grc' dir='ltr'>ἐλθὼν</span> <span class='ocrx_word' id='word_1_211' title='bbox 995 2434 1024 2486; x_wconf 91' lang='lat'><strong>6</strong></span> <span class='ocrx_word' id='word_1_212' title='bbox 1055 2433 1258 2506; x_wconf 83' lang='grc' dir='ltr'>Κύριος</span> <span class='ocrx_word' id='word_1_213' title='bbox 1290 2434 1447 2506; x_wconf 82' lang='grc' dir='ltr'>ήμῶν</span> <span class='ocrx_word' id='word_1_214' title='bbox 1476 2434 1575 2504; x_wconf 70' lang='grc' dir='ltr'>τὴν</span> <span class='ocrx_word' id='word_1_215' title='bbox 1609 2434 1787 2505; x_wconf 82' lang='grc' dir='ltr'><strong>σάρκα</strong></span> 
     </span>
    </p>
   </div>
   <div class='ocr_carea' id='block_1_27' title="bbox 202 2528 1786 2600">
    <p class='ocr_par' dir='ltr' id='par_1_27' title="bbox 202 2528 1786 2600">
     <span class='ocr_line' id='line_1_27' title="bbox 202 2528 1786 2600; baseline 0 -18"><span class='ocrx_word' id='word_1_216' title='bbox 202 2528 520 2595; x_wconf 73' lang='grc' dir='ltr'>ἐνεδύσατο,</span> <span class='ocrx_word' id='word_1_217' title='bbox 555 2529 649 2582; x_wconf 75' lang='grc' dir='ltr'>καὶ</span> <span class='ocrx_word' id='word_1_218' title='bbox 693 2528 977 2600; x_wconf 79' lang='grc' dir='ltr'>ἄνθρωπος</span> <span class='ocrx_word' id='word_1_219' title='bbox 1009 2529 1256 2597; x_wconf 73' lang='grc' dir='ltr'>ἐγένετο,</span> <span class='ocrx_word' id='word_1_220' title='bbox 1286 2528 1380 2580; x_wconf 82' lang='grc' dir='ltr'>καὶ</span> <span class='ocrx_word' id='word_1_221' title='bbox 1407 2528 1466 2581; x_wconf 70' lang='grc' dir='ltr'>ἐν</span> <span class='ocrx_word' id='word_1_222' title='bbox 1503 2528 1635 2598; x_wconf 78' lang='grc' dir='ltr'>ἡμῖν</span> <span class='ocrx_word' id='word_1_223' title='bbox 1664 2544 1786 2582; x_wconf 89' lang='grc' dir='ltr'>συν-</span> 
     </span>
    </p>
   </div>
   <div class='ocr_carea' id='block_1_28' title="bbox 200 2616 1782 2692">
    <p class='ocr_par' dir='ltr' id='par_1_28' title="bbox 200 2616 1782 2692">
     <span class='ocr_line' id='line_1_28' title="bbox 200 2616 1782 2692; baseline -0.001 -19"><span class='ocrx_word' id='word_1_224' title='bbox 200 2620 522 2692; x_wconf 69' lang='grc' dir='ltr'>ανεστράφη</span> <span class='ocrx_word' id='word_1_225' title='bbox 541 2660 556 2685; x_wconf 92' lang='grc'><strong>,</strong></span> <span class='ocrx_word' id='word_1_226' title='bbox 587 2616 700 2691; x_wconf 81' lang='grc' dir='ltr'>εἶχε</span> <span class='ocrx_word' id='word_1_227' title='bbox 724 2620 780 2673; x_wconf 80' lang='grc' dir='ltr'>δὲ</span> <span class='ocrx_word' id='word_1_228' title='bbox 822 2621 957 2692; x_wconf 80' lang='grc' dir='ltr'>πρὸς</span> <span class='ocrx_word' id='word_1_229' title='bbox 996 2622 1121 2684; x_wconf 83' lang='grc' dir='ltr'>τοὺς</span> <span class='ocrx_word' id='word_1_230' title='bbox 1160 2618 1445 2683; x_wconf 78' lang='grc' dir='ltr'>Ἰουδαίους</span> <span class='ocrx_word' id='word_1_231' title='bbox 1484 2618 1576 2672; x_wconf 84' lang='grc' dir='ltr'>τὸν</span> <span class='ocrx_word' id='word_1_232' title='bbox 1606 2618 1782 2688; x_wconf 85' lang='grc' dir='ltr'>λόγον,</span> 
     </span>
    </p>
   </div>
   <div class='ocr_carea' id='block_1_29' title="bbox 198 2709 1785 2785">
    <p class='ocr_par' dir='ltr' id='par_1_29' title="bbox 198 2709 1785 2785">
     <span class='ocr_line' id='line_1_29' title="bbox 198 2709 1785 2785; baseline -0.003 -18"><span class='ocrx_word' id='word_1_233' title='bbox 198 2715 403 2776; x_wconf 79' lang='grc' dir='ltr'>οἵτινες</span> <span class='ocrx_word' id='word_1_234' title='bbox 426 2711 677 2783; x_wconf 77' lang='grc' dir='ltr'>ἐνόμιζον</span> <span class='ocrx_word' id='word_1_235' title='bbox 699 2713 860 2767; x_wconf 78' lang='grc' dir='ltr'>αὑτὸν</span> <span class='ocrx_word' id='word_1_236' title='bbox 882 2713 951 2767; x_wconf 81' lang='grc' dir='ltr'>τὰ</span> <span class='ocrx_word' id='word_1_237' title='bbox 970 2712 1062 2767; x_wconf 77' lang='grc' dir='ltr'>τοῦ</span> <span class='ocrx_word' id='word_1_238' title='bbox 1094 2712 1305 2785; x_wconf 83' lang='grc' dir='ltr'>Πατρδς</span> <span class='ocrx_word' id='word_1_239' title='bbox 1327 2709 1635 2775; x_wconf 75' lang='grc' dir='ltr'>καταλύειν,</span> <span class='ocrx_word' id='word_1_240' title='bbox 1661 2710 1785 2781; x_wconf 85' lang='grc' dir='ltr'>βου-</span> 
     </span>
    </p>
   </div>
   <div class='ocr_carea' id='block_1_30' title="bbox 198 2802 1780 2877">
    <p class='ocr_par' dir='ltr' id='par_1_30' title="bbox 198 2802 1780 2877">
     <span class='ocr_line' id='line_1_30' title="bbox 198 2802 1780 2877; baseline -0.002 -18"><span class='ocrx_word' id='word_1_241' title='bbox 198 2806 433 2877; x_wconf 80' lang='grc' dir='ltr'>λόμενος</span> <span class='ocrx_word' id='word_1_242' title='bbox 458 2806 751 2875; x_wconf 83' lang='grc' dir='ltr'>ἀναγαγεῖν</span> <span class='ocrx_word' id='word_1_243' title='bbox 777 2806 877 2876; x_wconf 77' lang='grc' dir='ltr'>τὴν</span> <span class='ocrx_word' id='word_1_244' title='bbox 918 2806 1154 2860; x_wconf 82' lang='grc' dir='ltr'>διάνοιαν</span> <span class='ocrx_word' id='word_1_245' title='bbox 1180 2803 1273 2858; x_wconf 74' lang='grc' dir='ltr'><strong>τοῦ</strong></span> <span class='ocrx_word' id='word_1_246' title='bbox 1304 2803 1379 2874; x_wconf 79' lang='grc' dir='ltr'><strong>μὴ</strong></span> <span class='ocrx_word' id='word_1_247' title='bbox 1406 2802 1693 2876; x_wconf 85' lang='grc' dir='ltr'>προσέχειν</span> <span class='ocrx_word' id='word_1_248' title='bbox 1715 2804 1780 2875; x_wconf 77' lang='grc' dir='ltr'><strong>τῇ</strong></span> 
     </span>
    </p>
   </div>
   <div class='ocr_carea' id='block_1_31' title="bbox 198 2893 1784 2968">
    <p class='ocr_par' dir='ltr' id='par_1_31' title="bbox 198 2893 1784 2968">
     <span class='ocr_line' id='line_1_31' title="bbox 198 2893 1784 2968; baseline -0.003 -18"><span class='ocrx_word' id='word_1_249' title='bbox 198 2896 368 2951; x_wconf 70' lang='grc' dir='ltr'>αὑτοῦ</span> <span class='ocrx_word' id='word_1_250' title='bbox 413 2896 825 2968; x_wconf 82' lang='grc' dir='ltr'>ὲνανθρωπήσει</span> <span class='ocrx_word' id='word_1_251' title='bbox 866 2897 1046 2968; x_wconf 82' lang='grc' dir='ltr'>μόνον,</span> <span class='ocrx_word' id='word_1_252' title='bbox 1082 2896 1293 2965; x_wconf 79' lang='grc' dir='ltr'>ἔλεγεν·</span> <span class='ocrx_word' id='word_1_253' title='bbox 1330 2893 1524 2949; x_wconf 82' lang='grc' dir='ltr'><strong>Οὐδὲν</strong></span> <span class='ocrx_word' id='word_1_254' title='bbox 1554 2893 1715 2948; x_wconf 81' lang='grc' dir='ltr'>ποιεῖ</span> <span class='ocrx_word' id='word_1_255' title='bbox 1749 2896 1784 2947; x_wconf 86' lang='grc' dir='ltr'><strong><em>ό</em></strong></span> 
     </span>
    </p>
   </div>
   <div class='ocr_carea' id='block_1_32' title="bbox 199 2986 1797 3061">
    <p class='ocr_par' dir='ltr' id='par_1_32' title="bbox 199 2986 1797 3061">
     <span class='ocr_line' id='line_1_32' title="bbox 199 2986 1797 3061; baseline 0.001 -18"><span class='ocrx_word' id='word_1_256' title='bbox 199 2989 353 3055; x_wconf 74' lang='grc' dir='ltr'>Υἱὸς,</span> <span class='ocrx_word' id='word_1_257' title='bbox 385 2989 494 3043; x_wconf 78' lang='grc' dir='ltr'><strong>ἐὰν</strong></span> <span class='ocrx_word' id='word_1_258' title='bbox 522 2988 609 3059; x_wconf 78' lang='grc' dir='ltr'><strong>μὴ</strong></span> <span class='ocrx_word' id='word_1_259' title='bbox 637 2988 736 3058; x_wconf 79' lang='grc' dir='ltr'><strong>ιδῃ</strong></span> <span class='ocrx_word' id='word_1_260' title='bbox 764 2989 872 3044; x_wconf 80' lang='grc' dir='ltr'><strong>τὸν</strong></span> <span class='ocrx_word' id='word_1_261' title='bbox 898 2989 1132 3057; x_wconf 84' lang='grc' dir='ltr'>Πατέρα</span> <span class='ocrx_word' id='word_1_262' title='bbox 1167 2987 1457 3041; x_wconf 78' lang='grc' dir='ltr'>ποιοῦντα</span> <span class='ocrx_word' id='word_1_263' title='bbox 1477 3003 1491 3018; x_wconf 88' lang='grc'><strong>·</strong></span> <span class='ocrx_word' id='word_1_264' title='bbox 1520 2987 1608 3041; x_wconf 78' lang='grc' dir='ltr'>ἵνα</span> <span class='ocrx_word' id='word_1_265' title='bbox 1633 2986 1797 3061; x_wconf 73' lang='grc' dir='ltr'>δείξῃ,</span> 
     </span>
    </p>
   </div>
   <div class='ocr_carea' id='block_1_33' title="bbox 199 3075 1782 3152">
    <p class='ocr_par' dir='ltr' id='par_1_33' title="bbox 199 3075 1782 3152">
     <span class='ocr_line' id='line_1_33' title="bbox 199 3075 1782 3152; baseline -0.002 -18"><span class='ocrx_word' id='word_1_266' title='bbox 199 3081 264 3135; x_wconf 74' lang='grc' dir='ltr'>τὸ</span> <span class='ocrx_word' id='word_1_267' title='bbox 296 3081 459 3152; x_wconf 74' lang='grc' dir='ltr'>ἔργον</span> <span class='ocrx_word' id='word_1_268' title='bbox 496 3081 590 3134; x_wconf 82' lang='grc' dir='ltr'>τοῦ</span> <span class='ocrx_word' id='word_1_269' title='bbox 630 3078 779 3135; x_wconf 70' lang='grc' dir='ltr'><strong>Υἱοῦ</strong></span> <span class='ocrx_word' id='word_1_270' title='bbox 800 3075 939 3134; x_wconf 78' lang='grc' dir='ltr'>εἶναι</span> <span class='ocrx_word' id='word_1_271' title='bbox 968 3081 1129 3151; x_wconf 75' lang='grc' dir='ltr'>ἔργον</span> <span class='ocrx_word' id='word_1_272' title='bbox 1157 3078 1252 3132; x_wconf 74' lang='grc' dir='ltr'><strong>τοῦ</strong></span> <span class='ocrx_word' id='word_1_273' title='bbox 1280 3079 1512 3151; x_wconf 83' lang='grc' dir='ltr'>Πατρὸς,</span> <span class='ocrx_word' id='word_1_274' title='bbox 1557 3077 1648 3133; x_wconf 79' lang='grc' dir='ltr'>καὶ</span> <span class='ocrx_word' id='word_1_275' title='bbox 1691 3078 1782 3132; x_wconf 62' lang='grc' dir='ltr'>τὸν</span> 
     </span>
    </p>
   </div>
   <div class='ocr_carea' id='block_1_34' title="bbox 201 3168 1783 3243">
    <p class='ocr_par' dir='ltr' id='par_1_34' title="bbox 201 3168 1783 3243">
     <span class='ocr_line' id='line_1_34' title="bbox 201 3168 1783 3243; baseline -0.003 -18"><span class='ocrx_word' id='word_1_276' title='bbox 201 3173 427 3242; x_wconf 84' lang='grc' dir='ltr'>Πατέρα</span> <span class='ocrx_word' id='word_1_277' title='bbox 450 3170 772 3225; x_wconf 80' lang='grc' dir='ltr'>εὐδοκοῦντα</span> <span class='ocrx_word' id='word_1_278' title='bbox 793 3172 886 3224; x_wconf 76' lang='grc' dir='ltr'><strong>ἐπὶ</strong></span> <span class='ocrx_word' id='word_1_279' title='bbox 910 3172 977 3243; x_wconf 76' lang='grc' dir='ltr'>τῇ</span> <span class='ocrx_word' id='word_1_280' title='bbox 998 3169 1165 3225; x_wconf 80' lang='grc' dir='ltr'>αὐτοῦ</span> <span class='ocrx_word' id='word_1_281' title='bbox 1194 3169 1293 3238; x_wconf 80' lang='grc' dir='ltr'><strong>τῆς</strong></span> <span class='ocrx_word' id='word_1_282' title='bbox 1319 3169 1498 3240; x_wconf 82' lang='grc' dir='ltr'>πάσης</span> <span class='ocrx_word' id='word_1_283' title='bbox 1519 3168 1783 3240; x_wconf 66' lang='grc' dir='ltr'>ἐργασίας</span> 
     </span>
    </p>
   </div>
   <div class='ocr_carea' id='block_1_35' title="bbox 144 3260 1783 3334">
    <p class='ocr_par' dir='ltr' id='par_1_35' title="bbox 144 3260 1783 3334">
     <span class='ocr_line' id='line_1_35' title="bbox 144 3260 1783 3334; baseline -0.002 -17"><span class='ocrx_word' id='word_1_284' title='bbox 144 3300 149 3307; x_wconf 62' lang='grc' dir='ltr'><strong>ε</strong></span> <span class='ocrx_word' id='word_1_285' title='bbox 198 3263 502 3334; x_wconf 60' lang='grc' dir='ltr'>οἰκονομίᾳ.</span> <span class='ocrx_word' id='word_1_286' title='bbox 533 3261 690 3316; x_wconf 78' lang='grc' dir='ltr'>Οὕτω</span> <span class='ocrx_word' id='word_1_287' title='bbox 718 3263 813 3315; x_wconf 78' lang='grc' dir='ltr'>καὶ</span> <span class='ocrx_word' id='word_1_288' title='bbox 837 3263 978 3317; x_wconf 81' lang='grc' dir='ltr'>κατά</span> <span class='ocrx_word' id='word_1_289' title='bbox 1005 3262 1327 3316; x_wconf 79' lang='grc' dir='ltr'>ἀκολουθίαν</span> <span class='ocrx_word' id='word_1_290' title='bbox 1373 3262 1468 3315; x_wconf 77' lang='grc' dir='ltr'>καὶ</span> <span class='ocrx_word' id='word_1_291' title='bbox 1489 3260 1590 3323; x_wconf 83' lang='grc' dir='ltr'>τὰς</span> <span class='ocrx_word' id='word_1_292' title='bbox 1616 3260 1783 3324; x_wconf 77' lang='grc' dir='ltr'>ἄλλας</span> 
     </span>
    </p>
   </div>
   <div class='ocr_carea' id='block_1_36' title="bbox 197 3351 1783 3425">
    <p class='ocr_par' dir='ltr' id='par_1_36' title="bbox 197 3351 1783 3425">
     <span class='ocr_line' id='line_1_36' title="bbox 197 3351 1783 3425; baseline -0.002 -19"><span class='ocrx_word' id='word_1_293' title='bbox 197 3353 382 3418; x_wconf 75' lang='grc' dir='ltr'>λέξεις</span> <span class='ocrx_word' id='word_1_294' title='bbox 420 3352 876 3425; x_wconf 80' lang='grc' dir='ltr'>προσκόπτοντες,</span> <span class='ocrx_word' id='word_1_295' title='bbox 924 3353 1001 3415; x_wconf 84' lang='grc' dir='ltr'>ὡς</span> <span class='ocrx_word' id='word_1_296' title='bbox 1054 3352 1252 3424; x_wconf 84' lang='grc' dir='ltr'>θῆρες,</span> <span class='ocrx_word' id='word_1_297' title='bbox 1303 3352 1396 3405; x_wconf 75' lang='grc' dir='ltr'>καὶ</span> <span class='ocrx_word' id='word_1_298' title='bbox 1434 3351 1783 3422; x_wconf 80' lang='grc' dir='ltr'>ἐλεγχόμενοι</span> 
     </span>
    </p>
   </div>
   <div class='ocr_carea' id='block_1_37' title="bbox 198 3442 1853 3534">
    <p class='ocr_par' dir='ltr' id='par_1_37' title="bbox 198 3442 1853 3534">
     <span class='ocr_line' id='line_1_37' title="bbox 198 3442 1853 3534; baseline 0.022 -45"><span class='ocrx_word' id='word_1_299' title='bbox 198 3444 316 3497; x_wconf 77' lang='grc' dir='ltr'><strong>ἀπὸ</strong></span> <span class='ocrx_word' id='word_1_300' title='bbox 358 3444 649 3515; x_wconf 83' lang='grc' dir='ltr'>προσώπου</span> <span class='ocrx_word' id='word_1_301' title='bbox 692 3443 793 3514; x_wconf 80' lang='grc' dir='ltr'><strong>τῆς</strong></span> <span class='ocrx_word' id='word_1_302' title='bbox 824 3442 918 3501; x_wconf 63' lang='grc' dir='ltr'><strong>τοῦ</strong></span> <span class='ocrx_word' id='word_1_303' title='bbox 956 3443 1117 3512; x_wconf 81' lang='grc' dir='ltr'>λόγου</span> <span class='ocrx_word' id='word_1_304' title='bbox 1165 3444 1474 3515; x_wconf 71' lang='grc' dir='ltr'><strong>ἀστραπῆςν</strong></span> <span class='ocrx_word' id='word_1_305' title='bbox 1504 3442 1622 3512; x_wconf 71' lang='grc' dir='ltr'><strong>τῆς·</strong></span> <span class='ocrx_word' id='word_1_306' title='bbox 1645 3443 1781 3534; x_wconf 58' lang='grc' dir='ltr'><strong>ἀληῗ</strong></span> <span class='ocrx_word' id='word_1_307' title='bbox 1810 3476 1853 3534; x_wconf 87' lang='lat' dir='ltr'><strong><em>C</em></strong></span> 
     </span>
    </p>
   </div>
   <div class='ocr_carea' id='block_1_38' title="bbox 199 3533 1782 3605">
    <p class='ocr_par' dir='ltr' id='par_1_38' title="bbox 199 3533 1782 3605">
     <span class='ocr_line' id='line_1_38' title="bbox 199 3533 1782 3605; baseline 0 -19"><span class='ocrx_word' id='word_1_308' title='bbox 199 3534 359 3597; x_wconf 83' lang='grc' dir='ltr'>θείας</span> <span class='ocrx_word' id='word_1_309' title='bbox 419 3534 829 3605; x_wconf 81' lang='grc' dir='ltr'>διωχθήσονται.</span> <span class='ocrx_word' id='word_1_310' title='bbox 888 3536 1253 3603; x_wconf 30' lang='grc' dir='ltr'>Ἀστραψον,</span> <span class='ocrx_word' id='word_1_311' title='bbox 1280 3534 1637 3602; x_wconf 79' lang='grc' dir='ltr'>ἀστραπὴν,</span> <span class='ocrx_word' id='word_1_312' title='bbox 1681 3533 1782 3586; x_wconf 74' lang='grc' dir='ltr'><strong>καί</strong></span> 
     </span>
    </p>
   </div>
   <div class='ocr_carea' id='block_1_39' title="bbox 198 3623 1785 3696">
    <p class='ocr_par' dir='ltr' id='par_1_39' title="bbox 198 3623 1785 3696">
     <span class='ocr_line' id='line_1_39' title="bbox 198 3623 1785 3696; baseline -0.001 -16"><span class='ocrx_word' id='word_1_313' title='bbox 198 3626 506 3694; x_wconf 75' lang='grc' dir='ltr'>σκορπιεῖς</span> <span class='ocrx_word' id='word_1_314' title='bbox 525 3627 766 3694; x_wconf 84' lang='grc' dir='ltr'>αὐτούς·</span> <span class='ocrx_word' id='word_1_315' title='bbox 787 3626 1222 3692; x_wconf 53' lang='lat' dir='ltr'><strong>Mandata-alar</strong></span> <span class='ocrx_word' id='word_1_316' title='bbox 1246 3627 1318 3681; x_wconf 86' lang='grc' dir='ltr'>τὰ</span> <span class='ocrx_word' id='word_1_317' title='bbox 1336 3625 1500 3696; x_wconf 74' lang='grc' dir='ltr'><strong>,βέλη</strong></span> <span class='ocrx_word' id='word_1_318' title='bbox 1522 3639 1661 3689; x_wconf 85' lang='grc' dir='ltr'>σου,</span> <span class='ocrx_word' id='word_1_319' title='bbox 1685 3623 1785 3680; x_wconf 80' lang='grc' dir='ltr'>καὶ</span> 
     </span>
    </p>
   </div>
   <div class='ocr_carea' id='block_1_40' title="bbox 198 3718 873 3787">
    <p class='ocr_par' dir='ltr' id='par_1_40' title="bbox 198 3718 873 3787">
     <span class='ocr_line' id='line_1_40' title="bbox 198 3718 873 3787; baseline 0.003 -15"><span class='ocrx_word' id='word_1_320' title='bbox 198 3718 598 3787; x_wconf 78' lang='grc' dir='ltr'>συνταράξεις</span> <span class='ocrx_word' id='word_1_321' title='bbox 632 3719 873 3784; x_wconf 84' lang='grc' dir='ltr'>αὐτούς.</span> 
     </span>
    </p>
   </div>
   <div class='ocr_carea' id='block_1_41' title="bbox 273 3890 1783 3971">
    <p class='ocr_par' dir='ltr' id='par_1_41' title="bbox 273 3890 1783 3971">
     <span class='ocr_line' id='line_1_41' title="bbox 273 3890 1783 3971; baseline 0.001 -25"><span class='ocrx_word' id='word_1_322' title='bbox 273 3893 388 3947; x_wconf 89' lang='lat' dir='ltr'><strong>OZ&#39;.</strong></span> <span class='ocrx_word' id='word_1_323' title='bbox 405 3891 735 3963; x_wconf 86' lang='grc' dir='ltr'>Πρόσκειται</span> <span class='ocrx_word' id='word_1_324' title='bbox 751 3892 864 3964; x_wconf 76' lang='grc' dir='ltr'><strong>γὰρ</strong></span> <span class='ocrx_word' id='word_1_325' title='bbox 886 3892 1061 3967; x_wconf 78' lang='grc' dir='ltr'>ταύτῃ</span> <span class='ocrx_word' id='word_1_326' title='bbox 1082 3894 1146 3965; x_wconf 77' lang='grc' dir='ltr'>τῇ</span> <span class='ocrx_word' id='word_1_327' title='bbox 1171 3890 1310 3957; x_wconf 83' lang='grc' dir='ltr'>λέξει</span> <span class='ocrx_word' id='word_1_328' title='bbox 1326 3893 1393 3946; x_wconf 84' lang='grc' dir='ltr'>ἂν</span> <span class='ocrx_word' id='word_1_329' title='bbox 1417 3892 1433 3923; x_wconf 78' lang='grc'>⁸</span> <span class='ocrx_word' id='word_1_330' title='bbox 1457 3893 1783 3971; x_wconf 80' lang='grc' dir='ltr'>ἀναλέγουσι</span> 
     </span>
    </p>
   </div>
   <div class='ocr_carea' id='block_1_42' title="bbox 197 3983 1783 4057">
    <p class='ocr_par' dir='ltr' id='par_1_42' title="bbox 197 3983 1783 4057">
     <span class='ocr_line' id='line_1_42' title="bbox 197 3983 1783 4057; baseline 0.001 -19"><span class='ocrx_word' id='word_1_331' title='bbox 197 3983 325 4038; x_wconf 77' lang='grc' dir='ltr'>καθ’</span> <span class='ocrx_word' id='word_1_332' title='bbox 364 3985 573 4057; x_wconf 72' lang='grc' dir='ltr'>εἱρμὸν,</span> <span class='ocrx_word' id='word_1_333' title='bbox 614 3987 708 4038; x_wconf 73' lang='grc' dir='ltr'>καὶ</span> <span class='ocrx_word' id='word_1_334' title='bbox 746 3983 992 4054; x_wconf 85' lang='grc' dir='ltr'>λέγουσιν</span> <span class='ocrx_word' id='word_1_335' title='bbox 1020 3985 1128 4038; x_wconf 85' lang='grc' dir='ltr'><strong>ἀπὸ</strong></span> <span class='ocrx_word' id='word_1_336' title='bbox 1170 3985 1262 4038; x_wconf 76' lang='grc' dir='ltr'>τοῦ</span> <span class='ocrx_word' id='word_1_337' title='bbox 1306 3984 1672 4053; x_wconf 85' lang='grc' dir='ltr'>Εὐαγγελίου·</span> <span class='ocrx_word' id='word_1_338' title='bbox 1719 3987 1783 4039; x_wconf 92' lang='lat'><strong>&#39;0</strong></span> 
     </span>
    </p>
   </div>
   <div class='ocr_carea' id='block_1_43' title="bbox 196 4070 1785 4144">
    <p class='ocr_par' dir='ltr' id='par_1_43' title="bbox 196 4070 1785 4144">
     <span class='ocr_line' id='line_1_43' title="bbox 196 4070 1785 4144; baseline -0.001 -17"><span class='ocrx_word' id='word_1_339' title='bbox 196 4074 314 4143; x_wconf 77' lang='grc' dir='ltr'>γὰρ</span> <span class='ocrx_word' id='word_1_340' title='bbox 351 4073 553 4142; x_wconf 80' lang='grc' dir='ltr'>Πατὴρ</span> <span class='ocrx_word' id='word_1_341' title='bbox 576 4074 738 4144; x_wconf 74' lang='grc' dir='ltr'>φιλεῖ</span> <span class='ocrx_word' id='word_1_342' title='bbox 759 4073 867 4127; x_wconf 80' lang='grc' dir='ltr'><strong>τὸν</strong></span> <span class='ocrx_word' id='word_1_343' title='bbox 914 4072 1072 4141; x_wconf 62' lang='lat' dir='ltr'><strong>rer,</strong></span> <span class='ocrx_word' id='word_1_344' title='bbox 1101 4070 1200 4125; x_wconf 76' lang='grc' dir='ltr'>καὶ</span> <span class='ocrx_word' id='word_1_345' title='bbox 1233 4070 1431 4125; x_wconf 77' lang='grc' dir='ltr'>πάντα</span> <span class='ocrx_word' id='word_1_346' title='bbox 1470 4070 1785 4126; x_wconf 64' lang='grc' dir='ltr'>δείκνυσιν</span> 
     </span>
    </p>
   </div>
   <div class='ocr_carea' id='block_1_44' title="bbox 196 4161 1783 4234">
    <p class='ocr_par' dir='ltr' id='par_1_44' title="bbox 196 4161 1783 4234">
     <span class='ocr_line' id='line_1_44' title="bbox 196 4161 1783 4234; baseline -0.002 -15"><span class='ocrx_word' id='word_1_347' title='bbox 196 4163 393 4229; x_wconf 82' lang='grc' dir='ltr'>αὐτῷ.</span> <span class='ocrx_word' id='word_1_348' title='bbox 417 4161 456 4217; x_wconf 78' lang='grc' dir='ltr'>ἁ</span> <span class='ocrx_word' id='word_1_349' title='bbox 493 4164 679 4232; x_wconf 82' lang='grc' dir='ltr'>αὐτὸς</span> <span class='ocrx_word' id='word_1_350' title='bbox 716 4163 890 4229; x_wconf 81' lang='grc' dir='ltr'>ποιεῖ,</span> <span class='ocrx_word' id='word_1_351' title='bbox 922 4165 1020 4218; x_wconf 77' lang='grc' dir='ltr'><strong>καί</strong></span> <span class='ocrx_word' id='word_1_352' title='bbox 1056 4162 1298 4234; x_wconf 75' lang='grc' dir='ltr'>μείζονα</span> <span class='ocrx_word' id='word_1_353' title='bbox 1331 4164 1557 4218; x_wconf 77' lang='grc' dir='ltr'>τούτων</span> <span class='ocrx_word' id='word_1_354' title='bbox 1597 4163 1783 4228; x_wconf 81' lang='grc' dir='ltr'>δείξει</span> 
     </span>
    </p>
   </div>
   <div class='ocr_carea' id='block_1_45' title="bbox 194 4253 1782 4326">
    <p class='ocr_par' dir='ltr' id='par_1_45' title="bbox 194 4253 1782 4326">
     <span class='ocr_line' id='line_1_45' title="bbox 194 4253 1782 4326; baseline -0.001 -18"><span class='ocrx_word' id='word_1_355' title='bbox 194 4254 363 4320; x_wconf 84' lang='grc' dir='ltr'>αὐτῷ</span> <span class='ocrx_word' id='word_1_356' title='bbox 395 4255 558 4326; x_wconf 82' lang='grc' dir='ltr'>ἔργα,</span> <span class='ocrx_word' id='word_1_357' title='bbox 591 4257 691 4311; x_wconf 84' lang='grc' dir='ltr'><strong>ἵνα</strong></span> <span class='ocrx_word' id='word_1_358' title='bbox 725 4256 891 4326; x_wconf 80' lang='grc' dir='ltr'>ὑμεῖς</span> <span class='ocrx_word' id='word_1_359' title='bbox 922 4253 1253 4324; x_wconf 75' lang='grc' dir='ltr'>θαυμάζητε</span> <span class='ocrx_word' id='word_1_360' title='bbox 1280 4271 1293 4284; x_wconf 88' lang='grc'><strong>·</strong></span> <span class='ocrx_word' id='word_1_361' title='bbox 1339 4254 1436 4307; x_wconf 76' lang='grc' dir='ltr'>καὶ</span> <span class='ocrx_word' id='word_1_362' title='bbox 1485 4253 1676 4309; x_wconf 58' lang='grc' dir='ltr'>πάλιν</span> <span class='ocrx_word' id='word_1_363' title='bbox 1721 4254 1782 4307; x_wconf 83' lang='grc' dir='ltr'>Ὀ</span> 
     </span>
    </p>
   </div>
   <div class='ocr_carea' id='block_1_46' title="bbox 196 4344 1780 4418">
    <p class='ocr_par' dir='ltr' id='par_1_46' title="bbox 196 4344 1780 4418">
     <span class='ocr_line' id='line_1_46' title="bbox 196 4344 1780 4418; baseline -0.001 -18"><span class='ocrx_word' id='word_1_364' title='bbox 196 4346 406 4414; x_wconf 77' lang='grc' dir='ltr'>Πατὴρ</span> <span class='ocrx_word' id='word_1_365' title='bbox 419 4348 628 4418; x_wconf 70' lang='grc' dir='ltr'>ἐγείρει</span> <span class='ocrx_word' id='word_1_366' title='bbox 652 4348 795 4415; x_wconf 82' lang='grc' dir='ltr'>τοὺς</span> <span class='ocrx_word' id='word_1_367' title='bbox 810 4346 1081 4418; x_wconf 80' lang='grc' dir='ltr'>νεκροὺς,</span> <span class='ocrx_word' id='word_1_368' title='bbox 1104 4346 1203 4401; x_wconf 76' lang='grc' dir='ltr'><strong>καί</strong></span> <span class='ocrx_word' id='word_1_369' title='bbox 1225 4344 1505 4408; x_wconf 74' lang='grc' dir='ltr'>ζωοποιεῖ.</span> <span class='ocrx_word' id='word_1_370' title='bbox 1538 4347 1780 4416; x_wconf 76' lang='grc' dir='ltr'>Ὁμοίως</span> 
     </span>
    </p>
   </div>
   <div class='ocr_carea' id='block_1_47' title="bbox 194 4436 1783 4505">
    <p class='ocr_par' dir='ltr' id='par_1_47' title="bbox 194 4436 1783 4505">
     <span class='ocr_line' id='line_1_47' title="bbox 194 4436 1783 4505; baseline -0.001 -14"><span class='ocrx_word' id='word_1_371' title='bbox 194 4438 300 4491; x_wconf 76' lang='grc' dir='ltr'>καὶ</span> <span class='ocrx_word' id='word_1_372' title='bbox 327 4438 361 4492; x_wconf 85' lang='grc' dir='ltr'><em>ό</em></span> <span class='ocrx_word' id='word_1_373' title='bbox 384 4437 515 4503; x_wconf 76' lang='grc' dir='ltr'><strong>Υἱὸς</strong></span> <span class='ocrx_word' id='word_1_374' title='bbox 541 4437 651 4505; x_wconf 80' lang='grc' dir='ltr'>οὒς</span> <span class='ocrx_word' id='word_1_375' title='bbox 676 4437 835 4494; x_wconf 77' lang='grc' dir='ltr'>θέλει</span> <span class='ocrx_word' id='word_1_376' title='bbox 863 4436 1154 4499; x_wconf 74' lang='grc' dir='ltr'>ζωοποιεῖ·</span> <span class='ocrx_word' id='word_1_377' title='bbox 1198 4437 1294 4491; x_wconf 75' lang='grc' dir='ltr'>καὶ</span> <span class='ocrx_word' id='word_1_378' title='bbox 1321 4437 1483 4491; x_wconf 82' lang='grc' dir='ltr'>πάλιν</span> <span class='ocrx_word' id='word_1_379' title='bbox 1503 4454 1517 4469; x_wconf 86' lang='grc'><strong>·</strong></span> <span class='ocrx_word' id='word_1_380' title='bbox 1552 4437 1783 4491; x_wconf 80' lang='grc' dir='ltr'><strong>Οὐδένα</strong></span> 
     </span>
    </p>
   </div>
   <div class='ocr_carea' id='block_1_48' title="bbox 194 4520 1782 4597">
    <p class='ocr_par' dir='ltr' id='par_1_48' title="bbox 194 4520 1782 4597">
     <span class='ocr_line' id='line_1_48' title="bbox 194 4520 1782 4597; baseline -0.004 -18"><span class='ocrx_word' id='word_1_381' title='bbox 194 4525 310 4597; x_wconf 83' lang='grc' dir='ltr'><strong>γὰρ</strong></span> <span class='ocrx_word' id='word_1_382' title='bbox 358 4528 391 4578; x_wconf 84' lang='grc' dir='ltr'><em>ὀ</em></span> <span class='ocrx_word' id='word_1_383' title='bbox 424 4525 626 4593; x_wconf 78' lang='grc' dir='ltr'>Πατὴρ</span> <span class='ocrx_word' id='word_1_384' title='bbox 654 4526 859 4594; x_wconf 80' lang='grc' dir='ltr'>κρίνει,</span> <span class='ocrx_word' id='word_1_385' title='bbox 883 4524 1045 4581; x_wconf 71' lang='grc' dir='ltr'><em>ἀλλὰ</em></span> <span class='ocrx_word' id='word_1_386' title='bbox 1072 4524 1183 4592; x_wconf 77' lang='grc' dir='ltr'><strong>τὴν</strong></span> <span class='ocrx_word' id='word_1_387' title='bbox 1220 4524 1422 4591; x_wconf 69' lang='grc' dir='ltr'>κρατιν</span> <span class='ocrx_word' id='word_1_388' title='bbox 1448 4520 1656 4576; x_wconf 77' lang='grc' dir='ltr'>πᾶσαν</span> <span class='ocrx_word' id='word_1_389' title='bbox 1686 4521 1782 4574; x_wconf 83' lang='grc' dir='ltr'>δέ-</span> 
     </span>
    </p>
   </div>
   <div class='ocr_carea' id='block_1_49' title="bbox 194 4612 1783 4685">
    <p class='ocr_par' dir='ltr' id='par_1_49' title="bbox 194 4612 1783 4685">
     <span class='ocr_line' id='line_1_49' title="bbox 194 4612 1783 4685; baseline -0.004 -13"><span class='ocrx_word' id='word_1_390' title='bbox 194 4617 351 4672; x_wconf 81' lang='grc' dir='ltr'>δωκε</span> <span class='ocrx_word' id='word_1_391' title='bbox 380 4616 458 4682; x_wconf 82' lang='grc' dir='ltr'>τῷ</span> <span class='ocrx_word' id='word_1_392' title='bbox 485 4615 615 4683; x_wconf 82' lang='grc' dir='ltr'><strong>Υἱῷ,</strong></span> <span class='ocrx_word' id='word_1_393' title='bbox 644 4618 744 4671; x_wconf 80' lang='grc' dir='ltr'><strong>ἵνα</strong></span> <span class='ocrx_word' id='word_1_394' title='bbox 770 4616 992 4683; x_wconf 74' lang='grc' dir='ltr'>πάντες</span> <span class='ocrx_word' id='word_1_395' title='bbox 1016 4614 1228 4685; x_wconf 79' lang='grc' dir='ltr'>τιμῶσι</span> <span class='ocrx_word' id='word_1_396' title='bbox 1256 4616 1363 4670; x_wconf 78' lang='grc' dir='ltr'><strong>τὸν</strong></span> <span class='ocrx_word' id='word_1_397' title='bbox 1398 4614 1558 4679; x_wconf 80' lang='grc' dir='ltr'><strong>Υιὸν,</strong></span> <span class='ocrx_word' id='word_1_398' title='bbox 1588 4612 1783 4680; x_wconf 84' lang='grc' dir='ltr'>καθὼς</span> 
     </span>
    </p>
   </div>
   <div class='ocr_carea' id='block_1_50' title="bbox 193 4705 1782 4780">
    <p class='ocr_par' dir='ltr' id='par_1_50' title="bbox 193 4705 1782 4780">
     <span class='ocr_line' id='line_1_50' title="bbox 193 4705 1782 4780; baseline -0.002 -18"><span class='ocrx_word' id='word_1_399' title='bbox 193 4707 408 4777; x_wconf 79' lang='grc' dir='ltr'>τιμῶσι</span> <span class='ocrx_word' id='word_1_400' title='bbox 434 4709 542 4762; x_wconf 84' lang='grc' dir='ltr'><strong>τὸν</strong></span> <span class='ocrx_word' id='word_1_401' title='bbox 577 4707 827 4778; x_wconf 79' lang='grc' dir='ltr'>Πατέρα.</span> <span class='ocrx_word' id='word_1_402' title='bbox 861 4708 1002 4780; x_wconf 87' lang='grc' dir='ltr'>Ὅρα</span> <span class='ocrx_word' id='word_1_403' title='bbox 1041 4706 1098 4761; x_wconf 84' lang='grc' dir='ltr'><strong>δέ</strong></span> <span class='ocrx_word' id='word_1_404' title='bbox 1133 4724 1223 4777; x_wconf 85' lang='grc' dir='ltr'>μοι</span> <span class='ocrx_word' id='word_1_405' title='bbox 1248 4705 1453 4770; x_wconf 79' lang='grc' dir='ltr'>λοιπὸν,</span> <span class='ocrx_word' id='word_1_406' title='bbox 1487 4706 1692 4777; x_wconf 79' lang='grc' dir='ltr'>Ἀρειε,</span> <span class='ocrx_word' id='word_1_407' title='bbox 1722 4706 1782 4759; x_wconf 79' lang='grc' dir='ltr'><strong>τὸ</strong></span> 
     </span>
    </p>
   </div>
   <div class='ocr_carea' id='block_1_51' title="bbox 1885 892 3464 964">
    <p class='ocr_par' dir='ltr' id='par_1_51' title="bbox 1885 892 3464 964">
     <span class='ocr_line' id='line_1_51' title="bbox 1885 892 3464 964; baseline 0 -14"><span class='ocrx_word' id='word_1_408' title='bbox 1885 895 2141 950; x_wconf 88' lang='lat' dir='ltr'><strong>ritatibus</strong></span> <span class='ocrx_word' id='word_1_409' title='bbox 2193 895 2266 948; x_wconf 85' lang='lat' dir='ltr'><strong>ita</strong></span> <span class='ocrx_word' id='word_1_410' title='bbox 2295 893 2617 964; x_wconf 83' lang='lat' dir='ltr'><strong>disputant:</strong></span> <span class='ocrx_word' id='word_1_411' title='bbox 2656 892 2795 958; x_wconf 83' lang='lat' dir='ltr'><strong>Quid</strong></span> <span class='ocrx_word' id='word_1_412' title='bbox 2832 902 2916 949; x_wconf 86' lang='lat' dir='ltr'><strong>est</strong></span> <span class='ocrx_word' id='word_1_413' title='bbox 2959 892 3105 962; x_wconf 88' lang='lat' dir='ltr'><strong>quod</strong></span> <span class='ocrx_word' id='word_1_414' title='bbox 3136 893 3273 947; x_wconf 75' lang='lat' dir='ltr'><strong>nihil</strong></span> <span class='ocrx_word' id='word_1_415' title='bbox 3303 910 3336 947; x_wconf 88' lang='lat' dir='ltr'><strong>a</strong></span> <span class='ocrx_word' id='word_1_416' title='bbox 3377 910 3464 951; x_wconf 50' lang='lat' dir='ltr'><strong>se-</strong></span> 
     </span>
    </p>
   </div>
   <div class='ocr_carea' id='block_1_52' title="bbox 1884 981 3463 1055">
    <p class='ocr_par' dir='ltr' id='par_1_52' title="bbox 1884 981 3463 1055">
     <span class='ocr_line' id='line_1_52' title="bbox 1884 981 3463 1055; baseline -0.001 -16"><span class='ocrx_word' id='word_1_417' title='bbox 1884 987 1999 1055; x_wconf 83' lang='lat' dir='ltr'><strong>ipso</strong></span> <span class='ocrx_word' id='word_1_418' title='bbox 2031 985 2204 1055; x_wconf 85' lang='lat' dir='ltr'><strong>facere</strong></span> <span class='ocrx_word' id='word_1_419' title='bbox 2251 983 2428 1037; x_wconf 81' lang='lat' dir='ltr'><strong>Filius</strong></span> <span class='ocrx_word' id='word_1_420' title='bbox 2460 992 2652 1052; x_wconf 81' lang='lat' dir='ltr'><strong>potest,</strong></span> <span class='ocrx_word' id='word_1_421' title='bbox 2687 983 2791 1036; x_wconf 85' lang='lat' dir='ltr'><strong>nisi</strong></span> <span class='ocrx_word' id='word_1_422' title='bbox 2824 981 3039 1037; x_wconf 86' lang='lat' dir='ltr'><strong>Patrem</strong></span> <span class='ocrx_word' id='word_1_423' title='bbox 3074 983 3353 1051; x_wconf 85' lang='lat' dir='ltr'><strong>facientem</strong></span> <span class='ocrx_word' id='word_1_424' title='bbox 3387 985 3463 1039; x_wconf 68' lang='lat' dir='ltr'><strong>ei-</strong></span> 
     </span>
    </p>
   </div>
   <div class='ocr_carea' id='block_1_53' title="bbox 1883 1073 3463 1131">
    <p class='ocr_par' dir='ltr' id='par_1_53' title="bbox 1883 1073 3463 1131">
     <span class='ocr_line' id='line_1_53' title="bbox 1883 1073 3463 1131; baseline 0.002 -4"><span class='ocrx_word' id='word_1_425' title='bbox 1883 1076 2020 1131; x_wconf 88' lang='lat' dir='ltr'><strong>derit</strong></span> <span class='ocrx_word' id='word_1_426' title='bbox 2045 1075 2107 1127; x_wconf 82' lang='lat'><strong>&#39;?</strong></span> <span class='ocrx_word' id='word_1_427' title='bbox 2143 1073 2250 1131; x_wconf 83' lang='lat' dir='ltr'><strong>Sed</strong></span> <span class='ocrx_word' id='word_1_428' title='bbox 2281 1075 2433 1129; x_wconf 90' lang='lat' dir='ltr'><strong>nullo</strong></span> <span class='ocrx_word' id='word_1_429' title='bbox 2461 1073 2622 1130; x_wconf 90' lang='lat' dir='ltr'><strong>modo</strong></span> <span class='ocrx_word' id='word_1_430' title='bbox 2663 1073 2858 1128; x_wconf 86' lang='lat' dir='ltr'><strong>horum</strong></span> <span class='ocrx_word' id='word_1_431' title='bbox 2907 1074 3197 1128; x_wconf 73' lang='lat' dir='ltr'><strong>verborum</strong></span> <span class='ocrx_word' id='word_1_432' title='bbox 3240 1083 3463 1130; x_wconf 77' lang='lat' dir='ltr'><strong>senten-</strong></span> 
     </span>
    </p>
   </div>
   <div class='ocr_carea' id='block_1_54' title="bbox 1887 1164 3464 1237">
    <p class='ocr_par' dir='ltr' id='par_1_54' title="bbox 1887 1164 3464 1237">
     <span class='ocr_line' id='line_1_54' title="bbox 1887 1164 3464 1237; baseline 0.001 -17"><span class='ocrx_word' id='word_1_433' title='bbox 1887 1168 2018 1221; x_wconf 89' lang='lat' dir='ltr'><strong>tiam</strong></span> <span class='ocrx_word' id='word_1_434' title='bbox 2049 1176 2450 1237; x_wconf 83' lang='lat' dir='ltr'><strong>assequuntur;</strong></span> <span class='ocrx_word' id='word_1_435' title='bbox 2482 1180 2660 1236; x_wconf 81' lang='lat' dir='ltr'><strong>neque</strong></span> <span class='ocrx_word' id='word_1_436' title='bbox 2689 1165 2875 1221; x_wconf 88' lang='lat' dir='ltr'><strong>vident</strong></span> <span class='ocrx_word' id='word_1_437' title='bbox 2908 1164 3044 1219; x_wconf 88' lang='lat' dir='ltr'><strong>nihil</strong></span> <span class='ocrx_word' id='word_1_438' title='bbox 3075 1181 3216 1230; x_wconf 84' lang='lat' dir='ltr'><strong>esse,</strong></span> <span class='ocrx_word' id='word_1_439' title='bbox 3247 1165 3394 1236; x_wconf 86' lang='lat' dir='ltr'><strong>quod</strong></span> <span class='ocrx_word' id='word_1_440' title='bbox 3434 1182 3464 1221; x_wconf 87' lang='lat' dir='ltr'><strong>a</strong></span> 
     </span>
    </p>
   </div>
   <div class='ocr_carea' id='block_1_55' title="bbox 1884 1255 3463 1323">
    <p class='ocr_par' dir='ltr' id='par_1_55' title="bbox 1884 1255 3463 1323">
     <span class='ocr_line' id='line_1_55' title="bbox 1884 1255 3463 1323; baseline 0 -13"><span class='ocrx_word' id='word_1_441' title='bbox 1884 1257 2046 1312; x_wconf 88' lang='lat' dir='ltr'><strong>Patre</strong></span> <span class='ocrx_word' id='word_1_442' title='bbox 2081 1267 2239 1312; x_wconf 83' lang='lat' dir='ltr'><strong>antea</strong></span> <span class='ocrx_word' id='word_1_443' title='bbox 2272 1256 2498 1323; x_wconf 83' lang='lat' dir='ltr'><strong>factum,</strong></span> <span class='ocrx_word' id='word_1_444' title='bbox 2532 1266 2586 1312; x_wconf 89' lang='lat' dir='ltr'><strong>et</strong></span> <span class='ocrx_word' id='word_1_445' title='bbox 2635 1272 2666 1310; x_wconf 87' lang='lat' dir='ltr'><strong>a</strong></span> <span class='ocrx_word' id='word_1_446' title='bbox 2710 1255 2850 1313; x_wconf 85' lang='lat' dir='ltr'><strong>Filio</strong></span> <span class='ocrx_word' id='word_1_447' title='bbox 2896 1256 3094 1313; x_wconf 88' lang='lat' dir='ltr'><strong>deinde</strong></span> <span class='ocrx_word' id='word_1_448' title='bbox 3139 1256 3463 1312; x_wconf 81' lang='lat' dir='ltr'><strong>fabricatum</strong></span> 
     </span>
    </p>
   </div>
   <div class='ocr_carea' id='block_1_56' title="bbox 1885 1347 3466 1418">
    <p class='ocr_par' dir='ltr' id='par_1_56' title="bbox 1885 1347 3466 1418">
     <span class='ocr_line' id='line_1_56' title="bbox 1885 1347 3466 1418; baseline -0.001 -15"><span class='ocrx_word' id='word_1_449' title='bbox 1885 1349 2069 1405; x_wconf 86' lang='lat' dir='ltr'><strong>fuerit.</strong></span> <span class='ocrx_word' id='word_1_450' title='bbox 2103 1350 2259 1415; x_wconf 82' lang='lat' dir='ltr'><strong>Quod</strong></span> <span class='ocrx_word' id='word_1_451' title='bbox 2293 1349 2439 1404; x_wconf 89' lang='lat' dir='ltr'><strong>enim</strong></span> <span class='ocrx_word' id='word_1_452' title='bbox 2468 1348 2666 1404; x_wconf 77' lang='lat' dir='ltr'><strong>emlum</strong></span> <span class='ocrx_word' id='word_1_453' title='bbox 2699 1349 2850 1405; x_wconf 87' lang='lat' dir='ltr'><strong>solus</strong></span> <span class='ocrx_word' id='word_1_454' title='bbox 2893 1363 2989 1418; x_wconf 89' lang='lat' dir='ltr'><strong>per</strong></span> <span class='ocrx_word' id='word_1_455' title='bbox 3012 1364 3134 1405; x_wconf 86' lang='lat' dir='ltr'><strong>sese</strong></span> <span class='ocrx_word' id='word_1_456' title='bbox 3158 1347 3319 1404; x_wconf 87' lang='lat' dir='ltr'><strong>Pater</strong></span> <span class='ocrx_word' id='word_1_457' title='bbox 3348 1364 3466 1403; x_wconf 87' lang='lat' dir='ltr'><strong>mo-</strong></span> 
     </span>
    </p>
   </div>
   <div class='ocr_carea' id='block_1_57' title="bbox 1886 1439 3466 1509">
    <p class='ocr_par' dir='ltr' id='par_1_57' title="bbox 1886 1439 3466 1509">
     <span class='ocr_line' id='line_1_57' title="bbox 1886 1439 3466 1509; baseline 0 -15"><span class='ocrx_word' id='word_1_458' title='bbox 1886 1441 2016 1495; x_wconf 90' lang='lat' dir='ltr'><strong>litus</strong></span> <span class='ocrx_word' id='word_1_459' title='bbox 2046 1447 2152 1504; x_wconf 87' lang='lat' dir='ltr'><strong>est,</strong></span> <span class='ocrx_word' id='word_1_460' title='bbox 2182 1448 2243 1495; x_wconf 88' lang='lat' dir='ltr'><strong>ut</strong></span> <span class='ocrx_word' id='word_1_461' title='bbox 2271 1439 2339 1495; x_wconf 88' lang='lat' dir='ltr'><strong>ad</strong></span> <span class='ocrx_word' id='word_1_462' title='bbox 2368 1440 2568 1508; x_wconf 88' lang='lat' dir='ltr'><strong>prioris</strong></span> <span class='ocrx_word' id='word_1_463' title='bbox 2596 1439 2764 1509; x_wconf 82' lang='lat' dir='ltr'><strong>hujus</strong></span> <span class='ocrx_word' id='word_1_464' title='bbox 2807 1439 3089 1508; x_wconf 80' lang='lat' dir='ltr'><strong>exemplar</strong></span> <span class='ocrx_word' id='word_1_465' title='bbox 3112 1439 3291 1509; x_wconf 83' lang='lat' dir='ltr'><strong>simile</strong></span> <span class='ocrx_word' id='word_1_466' title='bbox 3337 1440 3466 1495; x_wconf 84' lang='lat' dir='ltr'><strong>alte-</strong></span> 
     </span>
    </p>
   </div>
   <div class='ocr_carea' id='block_1_58' title="bbox 1882 1530 3459 1601">
    <p class='ocr_par' dir='ltr' id='par_1_58' title="bbox 1882 1530 3459 1601">
     <span class='ocr_line' id='line_1_58' title="bbox 1882 1530 3459 1601; baseline -0.001 -16"><span class='ocrx_word' id='word_1_467' title='bbox 1882 1546 2006 1585; x_wconf 85' lang='lat' dir='ltr'><strong>rum</strong></span> <span class='ocrx_word' id='word_1_468' title='bbox 2037 1530 2214 1587; x_wconf 90' lang='lat' dir='ltr'><strong>Filius</strong></span> <span class='ocrx_word' id='word_1_469' title='bbox 2252 1532 2631 1601; x_wconf 82' lang='lat' dir='ltr'><strong>expresserit?</strong></span> <span class='ocrx_word' id='word_1_470' title='bbox 2669 1530 2814 1586; x_wconf 81' lang='lat' dir='ltr'><strong>Nihil</strong></span> <span class='ocrx_word' id='word_1_471' title='bbox 2855 1530 3123 1601; x_wconf 82' lang='lat' dir='ltr'><strong>ejusmodi</strong></span> <span class='ocrx_word' id='word_1_472' title='bbox 3156 1532 3224 1585; x_wconf 89' lang='lat' dir='ltr'><strong>ab</strong></span> <span class='ocrx_word' id='word_1_473' title='bbox 3257 1533 3324 1587; x_wconf 89' lang='lat' dir='ltr'><strong>iis</strong></span> <span class='ocrx_word' id='word_1_474' title='bbox 3356 1533 3459 1586; x_wconf 89' lang='lat' dir='ltr'><strong>im-</strong></span> 
     </span>
    </p>
   </div>
   <div class='ocr_carea' id='block_1_59' title="bbox 1882 1597 3460 1690">
    <p class='ocr_par' dir='ltr' id='par_1_59' title="bbox 1882 1597 3460 1690">
     <span class='ocr_line' id='line_1_59' title="bbox 1882 1597 3460 1690; baseline 0.002 -17"><span class='ocrx_word' id='word_1_475' title='bbox 1882 1619 2101 1689; x_wconf 88' lang='lat' dir='ltr'><strong>pietatis</strong></span> <span class='ocrx_word' id='word_1_476' title='bbox 2134 1597 2449 1675; x_wconf 75' lang='lat' dir='ltr'><strong>architectis</strong></span> <span class='ocrx_word' id='word_1_477' title='bbox 2492 1597 2857 1675; x_wconf 66' lang='lat' dir='ltr'><strong>deinonstrari</strong></span> <span class='ocrx_word' id='word_1_478' title='bbox 2883 1597 3097 1690; x_wconf 75' lang='lat' dir='ltr'><strong>potest.</strong></span> <span class='ocrx_word' id='word_1_479' title='bbox 3155 1620 3220 1675; x_wconf 87' lang='lat' dir='ltr'><strong>In</strong></span> <span class='ocrx_word' id='word_1_480' title='bbox 3260 1621 3460 1690; x_wconf 82' lang='lat' dir='ltr'><strong>princi-</strong></span> 
     </span>
    </p>
   </div>
   <div class='ocr_carea' id='block_1_60' title="bbox 1881 1708 3463 1782">
    <p class='ocr_par' dir='ltr' id='par_1_60' title="bbox 1881 1708 3463 1782">
     <span class='ocr_line' id='line_1_60' title="bbox 1881 1708 3463 1782; baseline 0.001 -17"><span class='ocrx_word' id='word_1_481' title='bbox 1881 1711 1970 1781; x_wconf 78' lang='lat' dir='ltr'><strong>pio</strong></span> <span class='ocrx_word' id='word_1_482' title='bbox 2027 1711 2164 1765; x_wconf 89' lang='lat' dir='ltr'><strong>enim</strong></span> <span class='ocrx_word' id='word_1_483' title='bbox 2208 1710 2330 1779; x_wconf 84' lang='lat' dir='ltr'><strong>fecit</strong></span> <span class='ocrx_word' id='word_1_484' title='bbox 2375 1708 2516 1765; x_wconf 89' lang='lat' dir='ltr'><strong>Deus</strong></span> <span class='ocrx_word' id='word_1_485' title='bbox 2561 1711 2748 1766; x_wconf 68' lang='lat' dir='ltr'><strong>uelum</strong></span> <span class='ocrx_word' id='word_1_486' title='bbox 2788 1720 2839 1765; x_wconf 86' lang='lat' dir='ltr'><strong>et</strong></span> <span class='ocrx_word' id='word_1_487' title='bbox 2888 1712 3150 1767; x_wconf 82' lang='lat' dir='ltr'><strong>terram’.</strong></span> <span class='ocrx_word' id='word_1_488' title='bbox 3197 1710 3310 1767; x_wconf 89' lang='lat' dir='ltr'><strong>lmo</strong></span> <span class='ocrx_word' id='word_1_489' title='bbox 3348 1714 3463 1782; x_wconf 85' lang='lat' dir='ltr'><strong>jam</strong></span> 
     </span>
    </p>
   </div>
   <div class='ocr_carea' id='block_1_61' title="bbox 1884 1802 3464 1875">
    <p class='ocr_par' dir='ltr' id='par_1_61' title="bbox 1884 1802 3464 1875">
     <span class='ocr_line' id='line_1_61' title="bbox 1884 1802 3464 1875; baseline 0.003 -19"><span class='ocrx_word' id='word_1_490' title='bbox 1884 1809 1999 1858; x_wconf 90' lang='lat' dir='ltr'><strong>tum</strong></span> <span class='ocrx_word' id='word_1_491' title='bbox 2027 1803 2148 1874; x_wconf 87' lang='lat' dir='ltr'><strong>ipso</strong></span> <span class='ocrx_word' id='word_1_492' title='bbox 2183 1802 2487 1858; x_wconf 90' lang='lat' dir='ltr'><strong>fabricandi</strong></span> <span class='ocrx_word' id='word_1_493' title='bbox 2520 1802 2708 1857; x_wconf 87' lang='lat' dir='ltr'><strong>mundi</strong></span> <span class='ocrx_word' id='word_1_494' title='bbox 2742 1803 3016 1875; x_wconf 89' lang='lat' dir='ltr'><strong>principio</strong></span> <span class='ocrx_word' id='word_1_495' title='bbox 3043 1804 3185 1861; x_wconf 74' lang='lat' dir='ltr'><strong>dixit</strong></span> <span class='ocrx_word' id='word_1_496' title='bbox 3215 1822 3228 1858; x_wconf 91' lang='lat'><strong>:</strong></span> <span class='ocrx_word' id='word_1_497' title='bbox 3264 1804 3464 1860; x_wconf 82' lang='lat' dir='ltr'><strong>Facia-</strong></span> 
     </span>
    </p>
   </div>
   <div class='ocr_carea' id='block_1_62' title="bbox 1884 1894 3466 1965">
    <p class='ocr_par' dir='ltr' id='par_1_62' title="bbox 1884 1894 3466 1965">
     <span class='ocr_line' id='line_1_62' title="bbox 1884 1894 3466 1965; baseline 0.001 -16"><span class='ocrx_word' id='word_1_498' title='bbox 1884 1911 2002 1950; x_wconf 88' lang='lat' dir='ltr'><strong>mus</strong></span> <span class='ocrx_word' id='word_1_499' title='bbox 2050 1895 2312 1949; x_wconf 83' lang='lat' dir='ltr'><strong>hominem</strong></span> <span class='ocrx_word' id='word_1_500' title='bbox 2358 1894 2426 1947; x_wconf 89' lang='lat' dir='ltr'><strong>ad</strong></span> <span class='ocrx_word' id='word_1_501' title='bbox 2468 1895 2751 1965; x_wconf 84' lang='lat' dir='ltr'><strong>imaginem</strong></span> <span class='ocrx_word' id='word_1_502' title='bbox 2791 1904 3034 1949; x_wconf 87' lang='lat' dir='ltr'><strong>nostram</strong></span> <span class='ocrx_word' id='word_1_503' title='bbox 3067 1904 3120 1949; x_wconf 87' lang='lat' dir='ltr'><strong>et</strong></span> <span class='ocrx_word' id='word_1_504' title='bbox 3152 1896 3466 1951; x_wconf 83' lang='lat' dir='ltr'><strong>similitudi-</strong></span> 
     </span>
    </p>
   </div>
   <div class='ocr_carea' id='block_1_63' title="bbox 1885 1984 3466 2058">
    <p class='ocr_par' dir='ltr' id='par_1_63' title="bbox 1885 1984 3466 2058">
     <span class='ocr_line' id='line_1_63' title="bbox 1885 1984 3466 2058; baseline 0.001 -17"><span class='ocrx_word' id='word_1_505' title='bbox 1885 2004 2000 2042; x_wconf 91' lang='lat' dir='ltr'><strong>nem</strong></span> <span class='ocrx_word' id='word_1_506' title='bbox 2026 1987 2070 2040; x_wconf 73' lang='grc'>⁵.</span> <span class='ocrx_word' id='word_1_507' title='bbox 2096 1985 2216 2041; x_wconf 88' lang='lat' dir='ltr'><strong>Non</strong></span> <span class='ocrx_word' id='word_1_508' title='bbox 2251 1987 2386 2040; x_wconf 78' lang='lat' dir='ltr'><strong>dixit</strong></span> <span class='ocrx_word' id='word_1_509' title='bbox 2422 2004 2438 2042; x_wconf 92' lang='lat'><strong>:</strong></span> <span class='ocrx_word' id='word_1_510' title='bbox 2467 1985 2611 2057; x_wconf 85' lang='lat' dir='ltr'><strong>Age,</strong></span> <span class='ocrx_word' id='word_1_511' title='bbox 2653 1984 2849 2039; x_wconf 81' lang='lat' dir='ltr'><strong>faciam</strong></span> <span class='ocrx_word' id='word_1_512' title='bbox 2890 1986 3069 2056; x_wconf 91' lang='lat' dir='ltr'><strong>prius,</strong></span> <span class='ocrx_word' id='word_1_513' title='bbox 3120 1995 3176 2043; x_wconf 89' lang='lat' dir='ltr'><strong>et</strong></span> <span class='ocrx_word' id='word_1_514' title='bbox 3204 1990 3466 2058; x_wconf 84' lang='lat' dir='ltr'><strong>quemad—</strong></span> 
     </span>
    </p>
   </div>
   <div class='ocr_carea' id='block_1_64' title="bbox 1887 2077 3465 2135">
    <p class='ocr_par' dir='ltr' id='par_1_64' title="bbox 1887 2077 3465 2135">
     <span class='ocr_line' id='line_1_64' title="bbox 1887 2077 3465 2135; baseline 0.001 -1"><span class='ocrx_word' id='word_1_515' title='bbox 1887 2080 2112 2134; x_wconf 89' lang='lat' dir='ltr'><strong>modum</strong></span> <span class='ocrx_word' id='word_1_516' title='bbox 2160 2078 2340 2133; x_wconf 90' lang='lat' dir='ltr'><strong>moliri</strong></span> <span class='ocrx_word' id='word_1_517' title='bbox 2399 2078 2602 2132; x_wconf 83' lang='lat' dir='ltr'><strong>debeas</strong></span> <span class='ocrx_word' id='word_1_518' title='bbox 2650 2081 2958 2131; x_wconf 86' lang='lat' dir='ltr'><strong>ostendam.</strong></span> <span class='ocrx_word' id='word_1_519' title='bbox 3007 2078 3259 2133; x_wconf 85' lang='lat' dir='ltr'><strong>Deinde:</strong></span> <span class='ocrx_word' id='word_1_520' title='bbox 3316 2077 3465 2135; x_wconf 80' lang='lat' dir='ltr'><strong>Fecit</strong></span> 
     </span>
    </p>
   </div>
   <div class='ocr_carea' id='block_1_65' title="bbox 1887 2156 3462 2236">
    <p class='ocr_par' dir='ltr' id='par_1_65' title="bbox 1887 2156 3462 2236">
     <span class='ocr_line' id='line_1_65' title="bbox 1887 2156 3462 2236; baseline 0.003 -14"><span class='ocrx_word' id='word_1_521' title='bbox 1887 2168 2030 2223; x_wconf 87' lang='lat' dir='ltr'><strong>Deus</strong></span> <span class='ocrx_word' id='word_1_522' title='bbox 2077 2168 2338 2223; x_wconf 84' lang='lat' dir='ltr'><strong>hominem</strong></span> <span class='ocrx_word' id='word_1_523' title='bbox 2366 2168 2408 2222; x_wconf 85' lang='grc'>⁸.</span> <span class='ocrx_word' id='word_1_524' title='bbox 2437 2165 2556 2222; x_wconf 89' lang='lat' dir='ltr'><strong>Non</strong></span> <span class='ocrx_word' id='word_1_525' title='bbox 2588 2165 2750 2232; x_wconf 74' lang='lat' dir='ltr'><strong>dixit,</strong></span> <span class='ocrx_word' id='word_1_526' title='bbox 2783 2156 2936 2222; x_wconf 85' lang='lat' dir='ltr'><strong>Fecit</strong></span> <span class='ocrx_word' id='word_1_527' title='bbox 2963 2175 3017 2221; x_wconf 90' lang='lat' dir='ltr'><strong>et</strong></span> <span class='ocrx_word' id='word_1_528' title='bbox 3039 2170 3280 2226; x_wconf 83' lang='lat' dir='ltr'><strong>ostendit</strong></span> <span class='ocrx_word' id='word_1_529' title='bbox 3302 2169 3462 2236; x_wconf 89' lang='lat' dir='ltr'><strong>Filio,</strong></span> 
     </span>
    </p>
   </div>
   <div class='ocr_carea' id='block_1_66' title="bbox 1885 2258 3465 2333">
    <p class='ocr_par' dir='ltr' id='par_1_66' title="bbox 1885 2258 3465 2333">
     <span class='ocr_line' id='line_1_66' title="bbox 1885 2258 3465 2333; baseline 0.002 -17"><span class='ocrx_word' id='word_1_530' title='bbox 1885 2261 2349 2331; x_wconf 83' lang='lat' dir='ltr'><strong>quemadmodum</strong></span> <span class='ocrx_word' id='word_1_531' title='bbox 2407 2258 2763 2316; x_wconf 84' lang='lat' dir='ltr'><strong>fabricandus</strong></span> <span class='ocrx_word' id='word_1_532' title='bbox 2811 2259 2977 2316; x_wconf 83' lang='lat' dir='ltr'><strong>homo</strong></span> <span class='ocrx_word' id='word_1_533' title='bbox 3027 2261 3120 2318; x_wconf 86' lang='lat' dir='ltr'><strong>sit.</strong></span> <span class='ocrx_word' id='word_1_534' title='bbox 3186 2262 3465 2333; x_wconf 85' lang='lat' dir='ltr'><strong>Siquidem</strong></span> 
     </span>
    </p>
   </div>
   <div class='ocr_carea' id='block_1_67' title="bbox 1885 2352 3466 2423">
    <p class='ocr_par' dir='ltr' id='par_1_67' title="bbox 1885 2352 3466 2423">
     <span class='ocr_line' id='line_1_67' title="bbox 1885 2352 3466 2423; baseline -0.001 -14"><span class='ocrx_word' id='word_1_535' title='bbox 1885 2354 2033 2409; x_wconf 88' lang='lat' dir='ltr'><strong>nulla</strong></span> <span class='ocrx_word' id='word_1_536' title='bbox 2066 2354 2122 2408; x_wconf 90' lang='lat' dir='ltr'><strong>in</strong></span> <span class='ocrx_word' id='word_1_537' title='bbox 2150 2352 2289 2409; x_wconf 89' lang='lat' dir='ltr'><strong>Filio</strong></span> <span class='ocrx_word' id='word_1_538' title='bbox 2319 2354 2498 2409; x_wconf 84' lang='lat' dir='ltr'><strong>inerat</strong></span> <span class='ocrx_word' id='word_1_539' title='bbox 2537 2353 2870 2423; x_wconf 83' lang='lat' dir='ltr'><strong>ignorantia,</strong></span> <span class='ocrx_word' id='word_1_540' title='bbox 2895 2360 2956 2407; x_wconf 88' lang='lat' dir='ltr'><strong>ut</strong></span> <span class='ocrx_word' id='word_1_541' title='bbox 2981 2360 3336 2423; x_wconf 85' lang='lat' dir='ltr'><strong>posteaquam</strong></span> <span class='ocrx_word' id='word_1_542' title='bbox 3376 2369 3466 2408; x_wconf 90' lang='lat' dir='ltr'><strong>ar-</strong></span> 
     </span>
    </p>
   </div>
   <div class='ocr_carea' id='block_1_68' title="bbox 1885 2441 3465 2514">
    <p class='ocr_par' dir='ltr' id='par_1_68' title="bbox 1885 2441 3465 2514">
     <span class='ocr_line' id='line_1_68' title="bbox 1885 2441 3465 2514; baseline 0.003 -19"><span class='ocrx_word' id='word_1_543' title='bbox 1885 2449 1992 2498; x_wconf 83' lang='lat' dir='ltr'><strong>tem</strong></span> <span class='ocrx_word' id='word_1_544' title='bbox 2028 2442 2451 2508; x_wconf 81' lang='lat' dir='ltr'><strong>condidicisset,</strong></span> <span class='ocrx_word' id='word_1_545' title='bbox 2486 2457 2553 2498; x_wconf 77' lang='lat' dir='ltr'><strong>ex</strong></span> <span class='ocrx_word' id='word_1_546' title='bbox 2582 2441 2731 2497; x_wconf 89' lang='lat' dir='ltr'><strong>illius</strong></span> <span class='ocrx_word' id='word_1_547' title='bbox 2756 2441 2923 2514; x_wconf 62' lang='lat'><strong>805</strong></span> <span class='ocrx_word' id='word_1_548' title='bbox 2950 2444 3272 2513; x_wconf 62' lang='lat' dir='ltr'><strong>praescripto</strong></span> <span class='ocrx_word' id='word_1_549' title='bbox 3307 2444 3465 2499; x_wconf 85' lang='lat' dir='ltr'><strong>moli-</strong></span> 
     </span>
    </p>
   </div>
   <div class='ocr_carea' id='block_1_69' title="bbox 1886 2532 3463 2606">
    <p class='ocr_par' dir='ltr' id='par_1_69' title="bbox 1886 2532 3463 2606">
     <span class='ocr_line' id='line_1_69' title="bbox 1886 2532 3463 2606; baseline 0.002 -19"><span class='ocrx_word' id='word_1_550' title='bbox 1886 2542 2055 2588; x_wconf 86' lang='lat' dir='ltr'><strong>retur.</strong></span> <span class='ocrx_word' id='word_1_551' title='bbox 2089 2532 2292 2589; x_wconf 81' lang='lat' dir='ltr'><strong>Verum</strong></span> <span class='ocrx_word' id='word_1_552' title='bbox 2317 2533 2410 2589; x_wconf 90' lang='lat' dir='ltr'><strong>ubi</strong></span> <span class='ocrx_word' id='word_1_553' title='bbox 2456 2532 2525 2589; x_wconf 89' lang='lat' dir='ltr'><strong>ad</strong></span> <span class='ocrx_word' id='word_1_554' title='bbox 2561 2549 2665 2589; x_wconf 92' lang='lat' dir='ltr'><strong>nos</strong></span> <span class='ocrx_word' id='word_1_555' title='bbox 2692 2532 2951 2606; x_wconf 81' lang='lat' dir='ltr'><strong>delapsus</strong></span> <span class='ocrx_word' id='word_1_556' title='bbox 2977 2534 3234 2591; x_wconf 88' lang='lat' dir='ltr'><strong>Christus</strong></span> <span class='ocrx_word' id='word_1_557' title='bbox 3276 2533 3463 2590; x_wconf 90' lang='lat' dir='ltr'><strong>Domi-</strong></span> 
     </span>
    </p>
   </div>
   <div class='ocr_carea' id='block_1_70' title="bbox 1885 2624 3467 2690">
    <p class='ocr_par' dir='ltr' id='par_1_70' title="bbox 1885 2624 3467 2690">
     <span class='ocr_line' id='line_1_70' title="bbox 1885 2624 3467 2690; baseline 0.001 -11"><span class='ocrx_word' id='word_1_558' title='bbox 1885 2640 1991 2680; x_wconf 89' lang='lat' dir='ltr'><strong>nus</strong></span> <span class='ocrx_word' id='word_1_559' title='bbox 2020 2624 2257 2680; x_wconf 88' lang='lat' dir='ltr'><strong>humana</strong></span> <span class='ocrx_word' id='word_1_560' title='bbox 2286 2640 2453 2681; x_wconf 88' lang='lat' dir='ltr'><strong>carne</strong></span> <span class='ocrx_word' id='word_1_561' title='bbox 2476 2625 2708 2681; x_wconf 84' lang='lat' dir='ltr'><strong>vestitus</strong></span> <span class='ocrx_word' id='word_1_562' title='bbox 2741 2630 2848 2690; x_wconf 86' lang='lat' dir='ltr'><strong>est,</strong></span> <span class='ocrx_word' id='word_1_563' title='bbox 2881 2638 2934 2680; x_wconf 88' lang='lat' dir='ltr'><strong>et</strong></span> <span class='ocrx_word' id='word_1_564' title='bbox 2964 2624 3131 2681; x_wconf 90' lang='lat' dir='ltr'><strong>homo</strong></span> <span class='ocrx_word' id='word_1_565' title='bbox 3167 2626 3347 2683; x_wconf 87' lang='lat' dir='ltr'><strong>factus</strong></span> <span class='ocrx_word' id='word_1_566' title='bbox 3379 2634 3467 2683; x_wconf 89' lang='lat' dir='ltr'><strong>est</strong></span> 
     </span>
    </p>
   </div>
   <div class='ocr_carea' id='block_1_71' title="bbox 1884 2716 3467 2789">
    <p class='ocr_par' dir='ltr' id='par_1_71' title="bbox 1884 2716 3467 2789">
     <span class='ocr_line' id='line_1_71' title="bbox 1884 2716 3467 2789; baseline 0.001 -16"><span class='ocrx_word' id='word_1_567' title='bbox 1884 2728 1938 2773; x_wconf 90' lang='lat' dir='ltr'><strong>et</strong></span> <span class='ocrx_word' id='word_1_568' title='bbox 1976 2718 2263 2775; x_wconf 87' lang='lat' dir='ltr'><strong>nobiscum</strong></span> <span class='ocrx_word' id='word_1_569' title='bbox 2304 2727 2558 2774; x_wconf 87' lang='lat' dir='ltr'><strong>versatus</strong></span> <span class='ocrx_word' id='word_1_570' title='bbox 2582 2758 2597 2785; x_wconf 93' lang='lat'><strong>,</strong></span> <span class='ocrx_word' id='word_1_571' title='bbox 2648 2733 2774 2773; x_wconf 92' lang='lat' dir='ltr'><strong>cum</strong></span> <span class='ocrx_word' id='word_1_572' title='bbox 2810 2716 3030 2774; x_wconf 67' lang='lat' dir='ltr'><strong>Judaeos</strong></span> <span class='ocrx_word' id='word_1_573' title='bbox 3068 2719 3467 2789; x_wconf 82' lang='lat' dir='ltr'><strong>alloqueretur,</strong></span> 
     </span>
    </p>
   </div>
   <div class='ocr_carea' id='block_1_72' title="bbox 1884 2806 3463 2879">
    <p class='ocr_par' dir='ltr' id='par_1_72' title="bbox 1884 2806 3463 2879">
     <span class='ocr_line' id='line_1_72' title="bbox 1884 2806 3463 2879; baseline 0.002 -17"><span class='ocrx_word' id='word_1_574' title='bbox 1884 2806 1980 2878; x_wconf 88' lang='lat' dir='ltr'><strong>qui</strong></span> <span class='ocrx_word' id='word_1_575' title='bbox 2014 2806 2082 2862; x_wconf 89' lang='lat' dir='ltr'><strong>ab</strong></span> <span class='ocrx_word' id='word_1_576' title='bbox 2111 2808 2231 2878; x_wconf 89' lang='lat' dir='ltr'><strong>ipso</strong></span> <span class='ocrx_word' id='word_1_577' title='bbox 2259 2821 2425 2877; x_wconf 84' lang='lat' dir='ltr'><strong>opera</strong></span> <span class='ocrx_word' id='word_1_578' title='bbox 2472 2806 2650 2863; x_wconf 88' lang='lat' dir='ltr'><strong>Patris</strong></span> <span class='ocrx_word' id='word_1_579' title='bbox 2687 2807 2859 2863; x_wconf 83' lang='lat' dir='ltr'><strong>everti</strong></span> <span class='ocrx_word' id='word_1_580' title='bbox 2896 2808 2999 2863; x_wconf 84' lang='lat' dir='ltr'><strong>sibi</strong></span> <span class='ocrx_word' id='word_1_581' title='bbox 3049 2819 3463 2879; x_wconf 84' lang='lat' dir='ltr'><strong>persuaserant,</strong></span> 
     </span>
    </p>
   </div>
   <div class='ocr_carea' id='block_1_73' title="bbox 1883 2897 3465 2971">
    <p class='ocr_par' dir='ltr' id='par_1_73' title="bbox 1883 2897 3465 2971">
     <span class='ocr_line' id='line_1_73' title="bbox 1883 2897 3465 2971; baseline 0 -16"><span class='ocrx_word' id='word_1_582' title='bbox 1883 2915 1997 2971; x_wconf 89' lang='lat' dir='ltr'><strong>quo</strong></span> <span class='ocrx_word' id='word_1_583' title='bbox 2029 2914 2218 2955; x_wconf 86' lang='lat' dir='ltr'><strong>eorum</strong></span> <span class='ocrx_word' id='word_1_584' title='bbox 2272 2898 2487 2963; x_wconf 82' lang='lat' dir='ltr'><strong>animos</strong></span> <span class='ocrx_word' id='word_1_585' title='bbox 2522 2912 2554 2951; x_wconf 88' lang='lat' dir='ltr'><strong>a</strong></span> <span class='ocrx_word' id='word_1_586' title='bbox 2599 2897 2773 2954; x_wconf 91' lang='lat' dir='ltr'><strong>solius</strong></span> <span class='ocrx_word' id='word_1_587' title='bbox 2802 2898 3054 2953; x_wconf 72' lang='lat' dir='ltr'><strong>humana:</strong></span> <span class='ocrx_word' id='word_1_588' title='bbox 3085 2910 3296 2955; x_wconf 71' lang='lat' dir='ltr'><strong>natum</strong></span> <span class='ocrx_word' id='word_1_589' title='bbox 3332 2915 3465 2955; x_wconf 85' lang='lat' dir='ltr'><strong>con-</strong></span> 
     </span>
    </p>
   </div>
   <div class='ocr_carea' id='block_1_74' title="bbox 1884 2985 3462 3059">
    <p class='ocr_par' dir='ltr' id='par_1_74' title="bbox 1884 2985 3462 3059">
     <span class='ocr_line' id='line_1_74' title="bbox 1884 2985 3462 3059; baseline 0.001 -17"><span class='ocrx_word' id='word_1_590' title='bbox 1884 2988 2243 3059; x_wconf 87' lang='lat' dir='ltr'><strong>templatione</strong></span> <span class='ocrx_word' id='word_1_591' title='bbox 2270 2994 2555 3043; x_wconf 83' lang='lat' dir='ltr'><strong>revocaret</strong></span> <span class='ocrx_word' id='word_1_592' title='bbox 2588 3003 2601 3039; x_wconf 93' lang='lat'>:</span> <span class='ocrx_word' id='word_1_593' title='bbox 2640 2985 2819 3051; x_wconf 75' lang='lat' dir='ltr'><strong>Nihil,</strong></span> <span class='ocrx_word' id='word_1_594' title='bbox 2854 2987 3033 3059; x_wconf 87' lang='lat' dir='ltr'><strong>inquit</strong></span> <span class='ocrx_word' id='word_1_595' title='bbox 3054 3027 3071 3053; x_wconf 87' lang='lat'><strong>,</strong></span> <span class='ocrx_word' id='word_1_596' title='bbox 3105 2986 3279 3045; x_wconf 78' lang='lat' dir='ltr'><strong>Filius</strong></span> <span class='ocrx_word' id='word_1_597' title='bbox 3308 2988 3462 3059; x_wconf 84' lang='lat' dir='ltr'><strong>facit,</strong></span> 
     </span>
    </p>
   </div>
   <div class='ocr_carea' id='block_1_75' title="bbox 1884 3079 3465 3151">
    <p class='ocr_par' dir='ltr' id='par_1_75' title="bbox 1884 3079 3465 3151">
     <span class='ocr_line' id='line_1_75' title="bbox 1884 3079 3465 3151; baseline 0.003 -16"><span class='ocrx_word' id='word_1_598' title='bbox 1884 3082 1991 3136; x_wconf 87' lang='lat' dir='ltr'><strong>nisi</strong></span> <span class='ocrx_word' id='word_1_599' title='bbox 2030 3081 2308 3149; x_wconf 79' lang='lat' dir='ltr'><strong>facientem</strong></span> <span class='ocrx_word' id='word_1_600' title='bbox 2349 3079 2568 3135; x_wconf 87' lang='lat' dir='ltr'><strong>Patrem</strong></span> <span class='ocrx_word' id='word_1_601' title='bbox 2607 3080 2832 3146; x_wconf 75' lang='lat' dir='ltr'><strong>uiderit;</strong></span> <span class='ocrx_word' id='word_1_602' title='bbox 2878 3089 2938 3137; x_wconf 88' lang='lat' dir='ltr'><strong>ut</strong></span> <span class='ocrx_word' id='word_1_603' title='bbox 2981 3096 3122 3151; x_wconf 86' lang='lat' dir='ltr'><strong>opus</strong></span> <span class='ocrx_word' id='word_1_604' title='bbox 3166 3083 3292 3138; x_wconf 86' lang='lat' dir='ltr'><strong>Filii</strong></span> <span class='ocrx_word' id='word_1_605' title='bbox 3341 3100 3465 3141; x_wconf 77' lang='lat' dir='ltr'><strong>esse.</strong></span> 
     </span>
    </p>
   </div>
   <div class='ocr_carea' id='block_1_76' title="bbox 1883 3171 3464 3245">
    <p class='ocr_par' dir='ltr' id='par_1_76' title="bbox 1883 3171 3464 3245">
     <span class='ocr_line' id='line_1_76' title="bbox 1883 3171 3464 3245; baseline 0.003 -18"><span class='ocrx_word' id='word_1_606' title='bbox 1883 3171 2062 3245; x_wconf 87' lang='lat' dir='ltr'><strong>Patris</strong></span> <span class='ocrx_word' id='word_1_607' title='bbox 2086 3188 2226 3243; x_wconf 89' lang='lat' dir='ltr'><strong>opus</strong></span> <span class='ocrx_word' id='word_1_608' title='bbox 2258 3171 2604 3239; x_wconf 83' lang='lat' dir='ltr'><strong>ostenderet,</strong></span> <span class='ocrx_word' id='word_1_609' title='bbox 2636 3172 2928 3243; x_wconf 78' lang='lat' dir='ltr'><strong>eidemque</strong></span> <span class='ocrx_word' id='word_1_610' title='bbox 2973 3172 3121 3228; x_wconf 88' lang='lat' dir='ltr'><strong>Patri</strong></span> <span class='ocrx_word' id='word_1_611' title='bbox 3153 3189 3310 3230; x_wconf 89' lang='lat' dir='ltr'><strong>suam</strong></span> <span class='ocrx_word' id='word_1_612' title='bbox 3342 3192 3464 3232; x_wconf 78' lang='lat' dir='ltr'><strong>om-</strong></span> 
     </span>
    </p>
   </div>
   <div class='ocr_carea' id='block_1_77' title="bbox 1885 3260 3463 3333">
    <p class='ocr_par' dir='ltr' id='par_1_77' title="bbox 1885 3260 3463 3333">
     <span class='ocr_line' id='line_1_77' title="bbox 1885 3260 3463 3333; baseline 0.006 -18"><span class='ocrx_word' id='word_1_613' title='bbox 1885 3277 2010 3318; x_wconf 91' lang='lat' dir='ltr'><strong>nem</strong></span> <span class='ocrx_word' id='word_1_614' title='bbox 2054 3262 2588 3317; x_wconf 86' lang='lat' dir='ltr'><strong>administrationem</strong></span> <span class='ocrx_word' id='word_1_615' title='bbox 2612 3276 2675 3316; x_wconf 90' lang='lat' dir='ltr'><strong>ac</strong></span> <span class='ocrx_word' id='word_1_616' title='bbox 2708 3260 3047 3318; x_wconf 70' lang='lat' dir='ltr'><strong>(unctionem</strong></span> <span class='ocrx_word' id='word_1_617' title='bbox 3082 3263 3322 3333; x_wconf 85' lang='lat' dir='ltr'><strong>placere.</strong></span> <span class='ocrx_word' id='word_1_618' title='bbox 3371 3268 3463 3324; x_wconf 72' lang='lat' dir='ltr'><strong>S.e</strong></span> 
     </span>
    </p>
   </div>
   <div class='ocr_carea' id='block_1_78' title="bbox 1885 3352 3467 3427">
    <p class='ocr_par' dir='ltr' id='par_1_78' title="bbox 1885 3352 3467 3427">
     <span class='ocr_line' id='line_1_78' title="bbox 1885 3352 3467 3427; baseline 0.002 -18"><span class='ocrx_word' id='word_1_619' title='bbox 1885 3354 2057 3424; x_wconf 90' lang='lat' dir='ltr'><strong>igitur</strong></span> <span class='ocrx_word' id='word_1_620' title='bbox 2082 3352 2343 3423; x_wconf 87' lang='lat' dir='ltr'><strong>deinceps</strong></span> <span class='ocrx_word' id='word_1_621' title='bbox 2388 3352 2639 3407; x_wconf 79' lang='lat' dir='ltr'><strong>infelices</strong></span> <span class='ocrx_word' id='word_1_622' title='bbox 2680 3352 2769 3406; x_wconf 70' lang='lat' dir='ltr'><strong>isti</strong></span> <span class='ocrx_word' id='word_1_623' title='bbox 2797 3389 2813 3417; x_wconf 93' lang='lat'><strong>,</strong></span> <span class='ocrx_word' id='word_1_624' title='bbox 2862 3353 2955 3423; x_wconf 87' lang='lat' dir='ltr'><strong>qui</strong></span> <span class='ocrx_word' id='word_1_625' title='bbox 2995 3353 3131 3409; x_wconf 87' lang='lat' dir='ltr'><strong>alias</strong></span> <span class='ocrx_word' id='word_1_626' title='bbox 3165 3354 3467 3427; x_wconf 71' lang='lat' dir='ltr'><strong>Scriptura:</strong></span> 
     </span>
    </p>
   </div>
   <div class='ocr_carea' id='block_1_79' title="bbox 1886 3439 3466 3510">
    <p class='ocr_par' dir='ltr' id='par_1_79' title="bbox 1886 3439 3466 3510">
     <span class='ocr_line' id='line_1_79' title="bbox 1886 3439 3466 3510; baseline 0.004 -14"><span class='ocrx_word' id='word_1_627' title='bbox 1886 3439 2209 3503; x_wconf 88' lang='lat' dir='ltr'><strong>sententias.</strong></span> <span class='ocrx_word' id='word_1_628' title='bbox 2251 3448 2510 3510; x_wconf 78' lang='lat' dir='ltr'><strong>tanquam</strong></span> <span class='ocrx_word' id='word_1_629' title='bbox 2555 3441 2825 3495; x_wconf 88' lang='lat' dir='ltr'><strong>immanes</strong></span> <span class='ocrx_word' id='word_1_630' title='bbox 2879 3440 3027 3506; x_wconf 64' lang='lat' dir='ltr'><strong>fere,</strong></span> <span class='ocrx_word' id='word_1_631' title='bbox 3058 3444 3362 3501; x_wconf 85' lang='lat' dir='ltr'><strong>concidunt</strong></span> <span class='ocrx_word' id='word_1_632' title='bbox 3400 3464 3466 3503; x_wconf 87' lang='lat' dir='ltr'><strong>ac</strong></span> 
     </span>
    </p>
   </div>
   <div class='ocr_carea' id='block_1_80' title="bbox 1886 3531 3465 3608">
    <p class='ocr_par' dir='ltr' id='par_1_80' title="bbox 1886 3531 3465 3608">
     <span class='ocr_line' id='line_1_80' title="bbox 1886 3531 3465 3608; baseline 0.006 -22"><span class='ocrx_word' id='word_1_633' title='bbox 1886 3533 2165 3598; x_wconf 88' lang='lat' dir='ltr'><strong>lacerant,</strong></span> <span class='ocrx_word' id='word_1_634' title='bbox 2200 3533 2460 3595; x_wconf 82' lang='lat' dir='ltr'><strong>convicti,</strong></span> <span class='ocrx_word' id='word_1_635' title='bbox 2492 3532 2668 3587; x_wconf 85' lang='lat' dir='ltr'><strong>divini</strong></span> <span class='ocrx_word' id='word_1_636' title='bbox 2721 3531 2877 3588; x_wconf 86' lang='lat' dir='ltr'><strong>verbi</strong></span> <span class='ocrx_word' id='word_1_637' title='bbox 2911 3547 2979 3587; x_wconf 87' lang='lat' dir='ltr'><strong>ac</strong></span> <span class='ocrx_word' id='word_1_638' title='bbox 3006 3534 3253 3591; x_wconf 82' lang='lat' dir='ltr'><strong>veritatis</strong></span> <span class='ocrx_word' id='word_1_639' title='bbox 3284 3539 3465 3608; x_wconf 76' lang='lat' dir='ltr'><strong>splen-</strong></span> 
     </span>
    </p>
   </div>
   <div class='ocr_carea' id='block_1_81' title="bbox 1884 3622 3463 3697">
    <p class='ocr_par' dir='ltr' id='par_1_81' title="bbox 1884 3622 3463 3697">
     <span class='ocr_line' id='line_1_81' title="bbox 1884 3622 3463 3697; baseline 0.002 -17"><span class='ocrx_word' id='word_1_640' title='bbox 1884 3624 2104 3691; x_wconf 87' lang='lat' dir='ltr'><strong>dorem,</strong></span> <span class='ocrx_word' id='word_1_641' title='bbox 2139 3625 2286 3680; x_wconf 88' lang='lat' dir='ltr'><strong>velut</strong></span> <span class='ocrx_word' id='word_1_642' title='bbox 2320 3622 2533 3696; x_wconf 78' lang='lat' dir='ltr'><strong>fulgure</strong></span> <span class='ocrx_word' id='word_1_643' title='bbox 2558 3623 2796 3695; x_wconf 90' lang='lat' dir='ltr'><strong>quodam</strong></span> <span class='ocrx_word' id='word_1_644' title='bbox 2828 3625 3193 3690; x_wconf 86' lang='lat' dir='ltr'><strong>consternati,</strong></span> <span class='ocrx_word' id='word_1_645' title='bbox 3232 3626 3463 3697; x_wconf 79' lang='lat' dir='ltr'><strong>fugient.</strong></span> 
     </span>
    </p>
   </div>
   <div class='ocr_carea' id='block_1_82' title="bbox 1888 3714 3462 3788">
    <p class='ocr_par' dir='ltr' id='par_1_82' title="bbox 1888 3714 3462 3788">
     <span class='ocr_line' id='line_1_82' title="bbox 1888 3714 3462 3788; baseline 0.003 -19"><span class='ocrx_word' id='word_1_646' title='bbox 1888 3714 2151 3787; x_wconf 75' lang='lat' dir='ltr'><strong>Fulgura,</strong></span> <span class='ocrx_word' id='word_1_647' title='bbox 2198 3714 2397 3788; x_wconf 85' lang='lat' dir='ltr'><strong>inquit,</strong></span> <span class='ocrx_word' id='word_1_648' title='bbox 2445 3718 2903 3780; x_wconf 80' lang='lat' dir='ltr'><strong>coruscationem,</strong></span> <span class='ocrx_word' id='word_1_649' title='bbox 2935 3725 2987 3771; x_wconf 90' lang='lat' dir='ltr'><strong>et</strong></span> <span class='ocrx_word' id='word_1_650' title='bbox 3018 3716 3307 3786; x_wconf 85' lang='lat' dir='ltr'><strong>dissipabis</strong></span> <span class='ocrx_word' id='word_1_651' title='bbox 3350 3735 3462 3776; x_wconf 79' lang='lat' dir='ltr'><strong>eos.</strong></span> 
     </span>
    </p>
   </div>
   <div class='ocr_carea' id='block_1_83' title="bbox 1885 3806 3145 3880">
    <p class='ocr_par' dir='ltr' id='par_1_83' title="bbox 1885 3806 3145 3880">
     <span class='ocr_line' id='line_1_83' title="bbox 1885 3806 3145 3880; baseline 0.005 -20"><span class='ocrx_word' id='word_1_652' title='bbox 1885 3806 2083 3862; x_wconf 82' lang='lat' dir='ltr'><strong>Emitte</strong></span> <span class='ocrx_word' id='word_1_653' title='bbox 2113 3811 2341 3880; x_wconf 83' lang='lat' dir='ltr'><strong>sagittas</strong></span> <span class='ocrx_word' id='word_1_654' title='bbox 2372 3819 2512 3871; x_wconf 82' lang='lat' dir='ltr'><strong>tuas.</strong></span> <span class='ocrx_word' id='word_1_655' title='bbox 2538 3819 2587 3865; x_wconf 87' lang='lat' dir='ltr'><strong>et</strong></span> <span class='ocrx_word' id='word_1_656' title='bbox 2617 3809 2960 3865; x_wconf 86' lang='lat' dir='ltr'><strong>conturbabis</strong></span> <span class='ocrx_word' id='word_1_657' title='bbox 2989 3826 3077 3865; x_wconf 91' lang='lat' dir='ltr'><strong>eos</strong></span> <span class='ocrx_word' id='word_1_658' title='bbox 3101 3810 3145 3866; x_wconf 82' lang='grc'>⁸.</span> 
     </span>
    </p>
   </div>
   <div class='ocr_carea' id='block_1_84' title="bbox 1957 3897 3464 3973">
    <p class='ocr_par' dir='ltr' id='par_1_84' title="bbox 1957 3897 3464 3973">
     <span class='ocr_line' id='line_1_84' title="bbox 1957 3897 3464 3973; baseline 0.006 -22"><span class='ocrx_word' id='word_1_659' title='bbox 1957 3897 2193 3953; x_wconf 80' lang='lat' dir='ltr'><strong>LXXVII</strong></span> <span class='ocrx_word' id='word_1_660' title='bbox 2258 3899 2470 3956; x_wconf 87' lang='lat' dir='ltr'><strong>Etenim</strong></span> <span class='ocrx_word' id='word_1_661' title='bbox 2526 3901 2603 3955; x_wconf 90' lang='lat' dir='ltr'><strong>illi</strong></span> <span class='ocrx_word' id='word_1_662' title='bbox 2635 3898 2938 3972; x_wconf 72' lang='lat' dir='ltr'><strong>Scriptum</strong></span> <span class='ocrx_word' id='word_1_663' title='bbox 2983 3901 3139 3967; x_wconf 85' lang='lat' dir='ltr'><strong>loco,</strong></span> <span class='ocrx_word' id='word_1_664' title='bbox 3192 3918 3353 3973; x_wconf 81' lang='lat' dir='ltr'><strong>quem</strong></span> <span class='ocrx_word' id='word_1_665' title='bbox 3398 3920 3464 3959; x_wconf 79' lang='lat' dir='ltr'><strong>ex</strong></span> 
     </span>
    </p>
   </div>
   <div class='ocr_carea' id='block_1_85' title="bbox 1887 3989 3469 4063">
    <p class='ocr_par' dir='ltr' id='par_1_85' title="bbox 1887 3989 3469 4063">
     <span class='ocr_line' id='line_1_85' title="bbox 1887 3989 3469 4063; baseline 0.004 -19"><span class='ocrx_word' id='word_1_666' title='bbox 1887 3989 2181 4063; x_wconf 83' lang='lat' dir='ltr'><strong>Evangelio</strong></span> <span class='ocrx_word' id='word_1_667' title='bbox 2210 3991 2537 4061; x_wconf 89' lang='lat' dir='ltr'><strong>proferunt,</strong></span> <span class='ocrx_word' id='word_1_668' title='bbox 2585 3994 2774 4049; x_wconf 89' lang='lat' dir='ltr'><strong>statim</strong></span> <span class='ocrx_word' id='word_1_669' title='bbox 2824 3993 2961 4048; x_wconf 90' lang='lat' dir='ltr'><strong>illud</strong></span> <span class='ocrx_word' id='word_1_670' title='bbox 2992 3992 3186 4050; x_wconf 86' lang='lat' dir='ltr'><strong>ordine</strong></span> <span class='ocrx_word' id='word_1_671' title='bbox 3224 3996 3469 4051; x_wconf 76' lang='lat' dir='ltr'><strong>subtexi-</strong></span> 
     </span>
    </p>
   </div>
   <div class='ocr_carea' id='block_1_86' title="bbox 1887 4081 3469 4155">
    <p class='ocr_par' dir='ltr' id='par_1_86' title="bbox 1887 4081 3469 4155">
     <span class='ocr_line' id='line_1_86' title="bbox 1887 4081 3469 4155; baseline 0.006 -20"><span class='ocrx_word' id='word_1_672' title='bbox 1887 4089 1977 4135; x_wconf 90' lang='lat' dir='ltr'><strong>tur</strong></span> <span class='ocrx_word' id='word_1_673' title='bbox 2007 4100 2019 4136; x_wconf 87' lang='lat'><strong>:</strong></span> <span class='ocrx_word' id='word_1_674' title='bbox 2061 4081 2220 4137; x_wconf 87' lang='lat' dir='ltr'><strong>Pater</strong></span> <span class='ocrx_word' id='word_1_675' title='bbox 2241 4083 2378 4136; x_wconf 89' lang='lat' dir='ltr'><strong>enim</strong></span> <span class='ocrx_word' id='word_1_676' title='bbox 2419 4083 2594 4155; x_wconf 83' lang='lat' dir='ltr'><strong>diligit</strong></span> <span class='ocrx_word' id='word_1_677' title='bbox 2627 4084 2830 4140; x_wconf 87' lang='lat' dir='ltr'><strong>Filium</strong></span> <span class='ocrx_word' id='word_1_678' title='bbox 2854 4095 2908 4141; x_wconf 88' lang='lat' dir='ltr'><strong>et</strong></span> <span class='ocrx_word' id='word_1_679' title='bbox 2929 4085 3111 4140; x_wconf 81' lang='lat' dir='ltr'><strong>omnia</strong></span> <span class='ocrx_word' id='word_1_680' title='bbox 3141 4086 3469 4144; x_wconf 71' lang='lat' dir='ltr'><strong>demonstret</strong></span> 
     </span>
    </p>
   </div>
   <div class='ocr_carea' id='block_1_87' title="bbox 1884 4173 3462 4247">
    <p class='ocr_par' dir='ltr' id='par_1_87' title="bbox 1884 4173 3462 4247">
     <span class='ocr_line' id='line_1_87' title="bbox 1884 4173 3462 4247; baseline 0.006 -21"><span class='ocrx_word' id='word_1_681' title='bbox 1884 4173 1954 4233; x_wconf 87' lang='lat' dir='ltr'><strong>ei.</strong></span> <span class='ocrx_word' id='word_1_682' title='bbox 1984 4189 2100 4243; x_wconf 72' lang='lat' dir='ltr'><strong>qua:</strong></span> <span class='ocrx_word' id='word_1_683' title='bbox 2130 4175 2237 4241; x_wconf 85' lang='lat' dir='ltr'><strong>ipse</strong></span> <span class='ocrx_word' id='word_1_684' title='bbox 2266 4174 2418 4242; x_wconf 84' lang='lat' dir='ltr'><strong>facit,</strong></span> <span class='ocrx_word' id='word_1_685' title='bbox 2452 4184 2503 4229; x_wconf 89' lang='lat' dir='ltr'><strong>et</strong></span> <span class='ocrx_word' id='word_1_686' title='bbox 2533 4176 2600 4229; x_wconf 81' lang='lat' dir='ltr'><strong>iis</strong></span> <span class='ocrx_word' id='word_1_687' title='bbox 2626 4176 2835 4245; x_wconf 82' lang='lat' dir='ltr'><strong>majora</strong></span> <span class='ocrx_word' id='word_1_688' title='bbox 2862 4195 3020 4247; x_wconf 82' lang='lat' dir='ltr'><strong>opera</strong></span> <span class='ocrx_word' id='word_1_689' title='bbox 3045 4180 3462 4243; x_wconf 81' lang='lat' dir='ltr'><strong>demonstrabit.</strong></span> 
     </span>
    </p>
   </div>
   <div class='ocr_carea' id='block_1_88' title="bbox 1886 4263 3467 4328">
    <p class='ocr_par' dir='ltr' id='par_1_88' title="bbox 1886 4263 3467 4328">
     <span class='ocr_line' id='line_1_88' title="bbox 1886 4263 3467 4328; baseline 0.008 -13"><span class='ocrx_word' id='word_1_690' title='bbox 1886 4272 1945 4316; x_wconf 87' lang='lat' dir='ltr'><strong>ut</strong></span> <span class='ocrx_word' id='word_1_691' title='bbox 1975 4278 2062 4317; x_wconf 77' lang='lat' dir='ltr'><strong>vos</strong></span> <span class='ocrx_word' id='word_1_692' title='bbox 2104 4263 2426 4318; x_wconf 81' lang='lat' dir='ltr'><strong>miremini&#39;.</strong></span> <span class='ocrx_word' id='word_1_693' title='bbox 2472 4265 2605 4321; x_wconf 86' lang='lat' dir='ltr'><strong>Item</strong></span> <span class='ocrx_word' id='word_1_694' title='bbox 2633 4280 2647 4317; x_wconf 91' lang='lat'><strong>:</strong></span> <span class='ocrx_word' id='word_1_695' title='bbox 2690 4265 2858 4322; x_wconf 85' lang='lat' dir='ltr'><strong>Pater</strong></span> <span class='ocrx_word' id='word_1_696' title='bbox 2903 4271 3130 4325; x_wconf 75' lang='lat' dir='ltr'><strong>suscitat</strong></span> <span class='ocrx_word' id='word_1_697' title='bbox 3157 4280 3392 4328; x_wconf 82' lang='lat' dir='ltr'><strong>mortuos</strong></span> <span class='ocrx_word' id='word_1_698' title='bbox 3415 4282 3467 4327; x_wconf 74' lang='lat' dir='ltr'><strong>et</strong></span> 
     </span>
    </p>
   </div>
   <div class='ocr_carea' id='block_1_89' title="bbox 1886 4352 3464 4432">
    <p class='ocr_par' dir='ltr' id='par_1_89' title="bbox 1886 4352 3464 4432">
     <span class='ocr_line' id='line_1_89' title="bbox 1886 4352 3464 4432; baseline 0.008 -26"><span class='ocrx_word' id='word_1_699' title='bbox 1886 4352 2150 4414; x_wconf 78' lang='lat' dir='ltr'><strong>viviﬁcat;</strong></span> <span class='ocrx_word' id='word_1_700' title='bbox 2197 4352 2447 4408; x_wconf 88' lang='lat' dir='ltr'><strong>similiter</strong></span> <span class='ocrx_word' id='word_1_701' title='bbox 2500 4364 2551 4410; x_wconf 90' lang='lat' dir='ltr'><strong>et</strong></span> <span class='ocrx_word' id='word_1_702' title='bbox 2609 4354 2788 4412; x_wconf 80' lang='lat' dir='ltr'><strong>Filius</strong></span> <span class='ocrx_word' id='word_1_703' title='bbox 2838 4375 2968 4429; x_wconf 80' lang='lat' dir='ltr'><strong>quos</strong></span> <span class='ocrx_word' id='word_1_704' title='bbox 3000 4361 3109 4415; x_wconf 78' lang='lat' dir='ltr'><strong>vult</strong></span> <span class='ocrx_word' id='word_1_705' title='bbox 3170 4364 3402 4432; x_wconf 78' lang='lat' dir='ltr'><strong>viviﬁcat</strong></span> <span class='ocrx_word' id='word_1_706' title='bbox 3422 4365 3464 4418; x_wconf 78' lang='grc'>⁸.</span> 
     </span>
    </p>
   </div>
   <div class='ocr_carea' id='block_1_90' title="bbox 1886 4441 3467 4515">
    <p class='ocr_par' dir='ltr' id='par_1_90' title="bbox 1886 4441 3467 4515">
     <span class='ocr_line' id='line_1_90' title="bbox 1886 4441 3467 4515; baseline 0.008 -20"><span class='ocrx_word' id='word_1_707' title='bbox 1886 4441 2019 4498; x_wconf 86' lang='lat' dir='ltr'><strong>Item</strong></span> <span class='ocrx_word' id='word_1_708' title='bbox 2056 4461 2071 4498; x_wconf 86' lang='lat'><strong>:</strong></span> <span class='ocrx_word' id='word_1_709' title='bbox 2111 4442 2276 4497; x_wconf 82' lang='lat' dir='ltr'><strong>Pater</strong></span> <span class='ocrx_word' id='word_1_710' title='bbox 2319 4445 2578 4499; x_wconf 84' lang='lat' dir='ltr'><strong>neminem</strong></span> <span class='ocrx_word' id='word_1_711' title='bbox 2622 4448 2858 4515; x_wconf 83' lang='lat' dir='ltr'><strong>judicat,</strong></span> <span class='ocrx_word' id='word_1_712' title='bbox 2888 4449 2979 4505; x_wconf 84' lang='lat' dir='ltr'><strong>sed</strong></span> <span class='ocrx_word' id='word_1_713' title='bbox 3013 4467 3164 4506; x_wconf 85' lang='lat' dir='ltr'><strong>omne</strong></span> <span class='ocrx_word' id='word_1_714' title='bbox 3207 4452 3467 4515; x_wconf 78' lang='lat' dir='ltr'><strong>iudicium</strong></span> 
     </span>
    </p>
   </div>
   <div class='ocr_carea' id='block_1_91' title="bbox 1885 4531 3469 4608">
    <p class='ocr_par' dir='ltr' id='par_1_91' title="bbox 1885 4531 3469 4608">
     <span class='ocr_line' id='line_1_91' title="bbox 1885 4531 3469 4608; baseline 0.01 -24"><span class='ocrx_word' id='word_1_715' title='bbox 1885 4531 2029 4586; x_wconf 83' lang='lat' dir='ltr'><strong>dedit</strong></span> <span class='ocrx_word' id='word_1_716' title='bbox 2062 4531 2225 4600; x_wconf 81' lang='lat' dir='ltr'><strong>Filio,</strong></span> <span class='ocrx_word' id='word_1_717' title='bbox 2267 4543 2325 4588; x_wconf 81' lang='lat' dir='ltr'><strong>ut</strong></span> <span class='ocrx_word' id='word_1_718' title='bbox 2361 4550 2538 4590; x_wconf 84' lang='lat' dir='ltr'><strong>omnes</strong></span> <span class='ocrx_word' id='word_1_719' title='bbox 2572 4535 2830 4594; x_wconf 84' lang='lat' dir='ltr'><strong>honorent</strong></span> <span class='ocrx_word' id='word_1_720' title='bbox 2874 4539 3107 4608; x_wconf 82' lang='lat' dir='ltr'><strong>Filium,</strong></span> <span class='ocrx_word' id='word_1_721' title='bbox 3132 4544 3271 4598; x_wconf 73' lang='lat' dir='ltr'><strong>sicut</strong></span> <span class='ocrx_word' id='word_1_722' title='bbox 3300 4544 3469 4600; x_wconf 78' lang='lat' dir='ltr'><strong>Itono-</strong></span> 
     </span>
    </p>
   </div>
   <div class='ocr_carea' id='block_1_92' title="bbox 1887 4622 3465 4708">
    <p class='ocr_par' dir='ltr' id='par_1_92' title="bbox 1887 4622 3465 4708">
     <span class='ocr_line' id='line_1_92' title="bbox 1887 4622 3465 4708; baseline 0.012 -32"><span class='ocrx_word' id='word_1_723' title='bbox 1887 4632 2008 4677; x_wconf 82' lang='lat' dir='ltr'><strong>rant</strong></span> <span class='ocrx_word' id='word_1_724' title='bbox 2040 4622 2254 4678; x_wconf 80' lang='lat' dir='ltr'><strong>Patrem</strong></span> <span class='ocrx_word' id='word_1_725' title='bbox 2270 4626 2313 4679; x_wconf 85' lang='grc'>⁹.</span> <span class='ocrx_word' id='word_1_726' title='bbox 2347 4624 2729 4685; x_wconf 77' lang='lat' dir='ltr'><strong>Animadverte</strong></span> <span class='ocrx_word' id='word_1_727' title='bbox 2759 4647 2928 4700; x_wconf 90' lang='lat' dir='ltr'><strong>nunc,</strong></span> <span class='ocrx_word' id='word_1_728' title='bbox 2960 4636 3078 4697; x_wconf 81' lang='lat' dir='ltr'><strong>Ari,</strong></span> <span class='ocrx_word' id='word_1_729' title='bbox 3110 4634 3259 4693; x_wconf 88' lang='lat' dir='ltr'><strong>hunc</strong></span> <span class='ocrx_word' id='word_1_730' title='bbox 3284 4638 3465 4708; x_wconf 81' lang='lat' dir='ltr'><strong>ipsum</strong></span> 
     </span>
    </p>
   </div>
   <div class='ocr_carea' id='block_1_93' title="bbox 1889 4715 3464 4796">
    <p class='ocr_par' dir='ltr' id='par_1_93' title="bbox 1889 4715 3464 4796">
     <span class='ocr_line' id='line_1_93' title="bbox 1889 4715 3464 4796; baseline 0.009 -27"><span class='ocrx_word' id='word_1_731' title='bbox 1889 4715 2151 4772; x_wconf 77' lang='lat' dir='ltr'><strong>instituta:</strong></span> <span class='ocrx_word' id='word_1_732' title='bbox 2195 4725 2389 4772; x_wconf 87' lang='lat' dir='ltr'><strong>contra</strong></span> <span class='ocrx_word' id='word_1_733' title='bbox 2433 4728 2486 4775; x_wconf 84' lang='lat' dir='ltr'><strong>te</strong></span> <span class='ocrx_word' id='word_1_734' title='bbox 2517 4735 2547 4775; x_wconf 87' lang='lat' dir='ltr'><strong>a</strong></span> <span class='ocrx_word' id='word_1_735' title='bbox 2587 4722 2749 4778; x_wconf 90' lang='lat' dir='ltr'><strong>nobis</strong></span> <span class='ocrx_word' id='word_1_736' title='bbox 2797 4725 3193 4796; x_wconf 83' lang='lat' dir='ltr'><strong>disputationis</strong></span> <span class='ocrx_word' id='word_1_737' title='bbox 3235 4730 3464 4786; x_wconf 75' lang='lat' dir='ltr'><strong>esittmi.</strong></span> 
     </span>
    </p>
   </div>
   <div class='ocr_carea' id='block_1_94' title="bbox 192 4795 1784 4885">
    <p class='ocr_par' dir='ltr' id='par_1_94' title="bbox 192 4795 1782 4871">
     <span class='ocr_line' id='line_1_94' title="bbox 192 4795 1782 4871; baseline -0.002 -19"><span class='ocrx_word' id='word_1_738' title='bbox 192 4798 378 4868; x_wconf 66' lang='grc' dir='ltr'>πέρας</span> <span class='ocrx_word' id='word_1_739' title='bbox 414 4797 513 4868; x_wconf 77' lang='grc' dir='ltr'>τῆς</span> <span class='ocrx_word' id='word_1_740' title='bbox 552 4796 688 4871; x_wconf 78' lang='grc' dir='ltr'>πρὸς</span> <span class='ocrx_word' id='word_1_741' title='bbox 720 4798 782 4852; x_wconf 85' lang='grc' dir='ltr'>σὲ</span> <span class='ocrx_word' id='word_1_742' title='bbox 820 4797 1100 4869; x_wconf 79' lang='grc' dir='ltr'>διαλογῆς,</span> <span class='ocrx_word' id='word_1_743' title='bbox 1135 4795 1237 4851; x_wconf 82' lang='grc' dir='ltr'><strong>ποῦ</strong></span> <span class='ocrx_word' id='word_1_744' title='bbox 1265 4795 1591 4852; x_wconf 78' lang='grc' dir='ltr'>ἀπετέλεσεν</span> <span class='ocrx_word' id='word_1_745' title='bbox 1624 4798 1654 4850; x_wconf 86' lang='lat'><strong>6</strong></span> <span class='ocrx_word' id='word_1_746' title='bbox 1696 4796 1782 4850; x_wconf 82' lang='grc' dir='ltr'><strong>λό-</strong></span> 
     </span>
    </p>
   </div>
   <div class='ocr_carea' id='block_1_95' title="bbox 1886 4795 3468 4885">
    <p class='ocr_par' dir='ltr' id='par_1_95' title="bbox 1886 4795 3468 4885">
     <span class='ocr_line' id='line_1_95' title="bbox 1886 4795 3468 4885; baseline 0.011 -25"><span class='ocrx_word' id='word_1_747' title='bbox 1886 4804 2005 4861; x_wconf 82' lang='grc' dir='ltr'><strong>Νοη</strong></span> <span class='ocrx_word' id='word_1_748' title='bbox 2053 4806 2192 4862; x_wconf 83' lang='lat' dir='ltr'><strong>dixit</strong></span> <span class='ocrx_word' id='word_1_749' title='bbox 2239 4821 2272 4862; x_wconf 85' lang='lat' dir='ltr'><strong>a</strong></span> <span class='ocrx_word' id='word_1_750' title='bbox 2317 4807 2647 4878; x_wconf 84' lang='lat' dir='ltr'><strong>quibusdam</strong></span> <span class='ocrx_word' id='word_1_751' title='bbox 2703 4795 2965 4870; x_wconf 79' lang='lat' dir='ltr'><strong>honorari</strong></span> <span class='ocrx_word' id='word_1_752' title='bbox 2994 4816 3216 4885; x_wconf 88' lang='lat' dir='ltr'><strong>debere,</strong></span> <span class='ocrx_word' id='word_1_753' title='bbox 3246 4819 3317 4875; x_wconf 81' lang='lat' dir='ltr'><strong>ab</strong></span> <span class='ocrx_word' id='word_1_754' title='bbox 3342 4819 3468 4878; x_wconf 82' lang='lat' dir='ltr'><strong>aliis</strong></span> 
     </span>
    </p>
   </div>
   <div class='ocr_carea' id='block_1_96' title="bbox 190 4884 1779 4956">
    <p class='ocr_par' dir='ltr' id='par_1_96' title="bbox 190 4884 1779 4956">
     <span class='ocr_line' id='line_1_96' title="bbox 190 4884 1779 4956; baseline -0.009 -1"><span class='ocrx_word' id='word_1_755' title='bbox 190 4904 312 4956; x_wconf 74' lang='grc' dir='ltr'><strong>τος·</strong></span> <span class='ocrx_word' id='word_1_756' title='bbox 348 4888 461 4941; x_wconf 66' lang='grc' dir='ltr'><strong>Οὔκ</strong></span> <span class='ocrx_word' id='word_1_757' title='bbox 487 4884 609 4941; x_wconf 75' lang='grc' dir='ltr'>εἶπε</span> <span class='ocrx_word' id='word_1_758' title='bbox 640 4888 791 4953; x_wconf 80' lang='grc' dir='ltr'>τινὰς</span> <span class='ocrx_word' id='word_1_759' title='bbox 821 4889 928 4953; x_wconf 76' lang='grc' dir='ltr'>ναὶ,</span> <span class='ocrx_word' id='word_1_760' title='bbox 953 4888 1048 4943; x_wconf 82' lang='grc' dir='ltr'><strong>καὶ</strong></span> <span class='ocrx_word' id='word_1_761' title='bbox 1070 4888 1221 4953; x_wconf 77' lang='grc' dir='ltr'>τινὰς</span> <span class='ocrx_word' id='word_1_762' title='bbox 1244 4886 1303 4941; x_wconf 81' lang='grc' dir='ltr'>οὔ</span> <span class='ocrx_word' id='word_1_763' title='bbox 1328 4904 1342 4918; x_wconf 85' lang='grc'><strong>·</strong></span> <span class='ocrx_word' id='word_1_764' title='bbox 1369 4887 1483 4942; x_wconf 75' lang='grc' dir='ltr'>ἀλλ’</span> <span class='ocrx_word' id='word_1_765' title='bbox 1504 4888 1605 4942; x_wconf 74' lang='grc' dir='ltr'><strong>ἵνα</strong></span> <span class='ocrx_word' id='word_1_766' title='bbox 1628 4885 1779 4942; x_wconf 78' lang='grc' dir='ltr'><strong>πάν-</strong></span> 
     </span>
    </p>
   </div>
   <div class='ocr_carea' id='block_1_97' title="bbox 191 4962 1779 5056">
    <p class='ocr_par' dir='ltr' id='par_1_97' title="bbox 191 4962 1779 5056">
     <span class='ocr_line' id='line_1_97' title="bbox 191 4962 1779 5056; baseline 0.001 -23"><span class='ocrx_word' id='word_1_767' title='bbox 191 4995 298 5044; x_wconf 78' lang='grc' dir='ltr'><strong>τες</strong></span> <span class='ocrx_word' id='word_1_768' title='bbox 334 4976 544 5047; x_wconf 84' lang='grc' dir='ltr'>τιμῶσι</span> <span class='ocrx_word' id='word_1_769' title='bbox 576 4962 684 5033; x_wconf 69' lang='grc' dir='ltr'><strong>τὸν</strong></span> <span class='ocrx_word' id='word_1_770' title='bbox 716 4979 849 5033; x_wconf 81' lang='grc' dir='ltr'><strong>Υίὸν</strong></span> <span class='ocrx_word' id='word_1_771' title='bbox 992 4978 1204 5048; x_wconf 83' lang='grc' dir='ltr'>τιμῶσι</span> <span class='ocrx_word' id='word_1_772' title='bbox 1249 4978 1356 5032; x_wconf 80' lang='grc' dir='ltr'><strong>τὸν</strong></span> <span class='ocrx_word' id='word_1_773' title='bbox 1390 4979 1639 5046; x_wconf 71' lang='grc' dir='ltr'>Πατέρα.</span> <span class='ocrx_word' id='word_1_774' title='bbox 1686 4978 1779 5051; x_wconf 78' lang='grc' dir='ltr'><strong>Μὴ</strong></span> 
     </span>
    </p>
   </div>
   <div class='ocr_carea' id='block_1_98' title="bbox 190 5070 1782 5144">
    <p class='ocr_par' dir='ltr' id='par_1_98' title="bbox 190 5070 1782 5144">
     <span class='ocr_line' id='line_1_98' title="bbox 190 5070 1782 5144; baseline 0.002 -20"><span class='ocrx_word' id='word_1_775' title='bbox 190 5070 433 5141; x_wconf 77' lang='grc' dir='ltr'>ἀτίμαζε</span> <span class='ocrx_word' id='word_1_776' title='bbox 462 5071 642 5125; x_wconf 82' lang='grc' dir='ltr'>τοίνυν</span> <span class='ocrx_word' id='word_1_777' title='bbox 671 5071 764 5125; x_wconf 82' lang='grc' dir='ltr'>τὸν</span> <span class='ocrx_word' id='word_1_778' title='bbox 801 5072 966 5135; x_wconf 81' lang='grc' dir='ltr'>Υίὸν,</span> <span class='ocrx_word' id='word_1_779' title='bbox 1001 5071 1090 5127; x_wconf 80' lang='grc' dir='ltr'>ἵνα</span> <span class='ocrx_word' id='word_1_780' title='bbox 1119 5071 1197 5143; x_wconf 83' lang='grc' dir='ltr'><strong>μὴ</strong></span> <span class='ocrx_word' id='word_1_781' title='bbox 1234 5070 1508 5144; x_wconf 78' lang='grc' dir='ltr'>ἀτιμάσῃς</span> <span class='ocrx_word' id='word_1_782' title='bbox 1539 5073 1630 5126; x_wconf 73' lang='grc' dir='ltr'>τὸν</span> <span class='ocrx_word' id='word_1_783' title='bbox 1669 5073 1782 5127; x_wconf 87' lang='grc' dir='ltr'>Πα-</span> 
     </span>
    </p>
   </div>
   <div class='ocr_carea' id='block_1_99' title="bbox 192 5156 1779 5235">
    <p class='ocr_par' dir='ltr' id='par_1_99' title="bbox 192 5156 1779 5235">
     <span class='ocr_line' id='line_1_99' title="bbox 192 5156 1779 5235; baseline 0.003 -21"><span class='ocrx_word' id='word_1_784' title='bbox 192 5162 362 5232; x_wconf 77' lang='grc' dir='ltr'>τέραο</span> <span class='ocrx_word' id='word_1_785' title='bbox 395 5165 444 5215; x_wconf 79' lang='lat' dir='ltr'><strong>si</strong></span> <span class='ocrx_word' id='word_1_786' title='bbox 472 5163 578 5234; x_wconf 84' lang='grc' dir='ltr'>γάρ</span> <span class='ocrx_word' id='word_1_787' title='bbox 608 5180 664 5216; x_wconf 85' lang='grc' dir='ltr'><strong>τι</strong></span> <span class='ocrx_word' id='word_1_788' title='bbox 703 5164 783 5226; x_wconf 83' lang='grc' dir='ltr'><strong>είς</strong></span> <span class='ocrx_word' id='word_1_789' title='bbox 820 5163 911 5218; x_wconf 85' lang='grc' dir='ltr'>τὸν</span> <span class='ocrx_word' id='word_1_790' title='bbox 946 5156 1079 5217; x_wconf 78' lang='grc' dir='ltr'>Υίὸν</span> <span class='ocrx_word' id='word_1_791' title='bbox 1113 5163 1303 5235; x_wconf 73' lang='grc' dir='ltr'>λογίζῃ</span> <span class='ocrx_word' id='word_1_792' title='bbox 1332 5163 1672 5233; x_wconf 73' lang='grc' dir='ltr'>ύποὸεϐηκὸς</span> <span class='ocrx_word' id='word_1_793' title='bbox 1694 5203 1712 5227; x_wconf 85' lang='grc'><strong>,</strong></span> <span class='ocrx_word' id='word_1_794' title='bbox 1745 5162 1779 5234; x_wconf 80' lang='grc' dir='ltr'>ἢ</span> 
     </span>
    </p>
   </div>
   <div class='ocr_carea' id='block_1_100' title="bbox 194 5252 1779 5327">
    <p class='ocr_par' dir='ltr' id='par_1_100' title="bbox 194 5252 1779 5327">
     <span class='ocr_line' id='line_1_100' title="bbox 194 5252 1779 5327; baseline 0.002 -21"><span class='ocrx_word' id='word_1_795' title='bbox 194 5252 489 5322; x_wconf 62' lang='grc' dir='ltr'>ἐλάττωμα</span> <span class='ocrx_word' id='word_1_796' title='bbox 523 5253 882 5320; x_wconf 81' lang='grc' dir='ltr'>διανοεῖσθαι,</span> <span class='ocrx_word' id='word_1_797' title='bbox 922 5253 1119 5308; x_wconf 82' lang='grc' dir='ltr'>οὐκοῦν</span> <span class='ocrx_word' id='word_1_798' title='bbox 1167 5256 1271 5313; x_wconf 61' lang='grc' dir='ltr'>καὶ</span> <span class='ocrx_word' id='word_1_799' title='bbox 1304 5256 1398 5308; x_wconf 71' lang='grc' dir='ltr'><strong>ἐπὶ</strong></span> <span class='ocrx_word' id='word_1_800' title='bbox 1432 5254 1522 5308; x_wconf 83' lang='grc' dir='ltr'>τὸν</span> <span class='ocrx_word' id='word_1_801' title='bbox 1557 5255 1779 5327; x_wconf 82' lang='grc' dir='ltr'>Πατέρα</span> 
     </span>
    </p>
   </div>
   <div class='ocr_carea' id='block_1_101' title="bbox 192 5344 1778 5418">
    <p class='ocr_par' dir='ltr' id='par_1_101' title="bbox 192 5344 1778 5418">
     <span class='ocr_line' id='line_1_101' title="bbox 192 5344 1778 5418; baseline 0.001 -23"><span class='ocrx_word' id='word_1_802' title='bbox 192 5344 478 5397; x_wconf 76' lang='grc' dir='ltr'>ἁναῦαίνει</span> <span class='ocrx_word' id='word_1_803' title='bbox 505 5361 600 5397; x_wconf 88' lang='grc' dir='ltr'><strong>σου</strong></span> <span class='ocrx_word' id='word_1_804' title='bbox 629 5346 662 5416; x_wconf 77' lang='grc' dir='ltr'>ἡ</span> <span class='ocrx_word' id='word_1_805' title='bbox 701 5345 932 5400; x_wconf 82' lang='grc' dir='ltr'>διάνοια.</span> <span class='ocrx_word' id='word_1_806' title='bbox 975 5347 1088 5417; x_wconf 82' lang='grc' dir='ltr'><strong>Τῆς</strong></span> <span class='ocrx_word' id='word_1_807' title='bbox 1133 5346 1242 5417; x_wconf 79' lang='grc' dir='ltr'><strong>γὰρ</strong></span> <span class='ocrx_word' id='word_1_808' title='bbox 1266 5346 1437 5416; x_wconf 77' lang='grc' dir='ltr'>αὐτῆς</span> <span class='ocrx_word' id='word_1_809' title='bbox 1466 5363 1549 5400; x_wconf 93' lang='grc' dir='ltr'><strong>σοι</strong></span> <span class='ocrx_word' id='word_1_810' title='bbox 1574 5345 1778 5418; x_wconf 84' lang='grc' dir='ltr'>τολμη-</span> 
     </span>
    </p>
   </div>
   <div class='ocr_carea' id='block_1_102' title="bbox 188 5436 1780 5511">
    <p class='ocr_par' dir='ltr' id='par_1_102' title="bbox 188 5436 1780 5511">
     <span class='ocr_line' id='line_1_102' title="bbox 188 5436 1780 5511; baseline 0.004 -23"><span class='ocrx_word' id='word_1_811' title='bbox 188 5436 315 5506; x_wconf 72' lang='lat' dir='ltr'><strong>pia;</strong></span> <span class='ocrx_word' id='word_1_812' title='bbox 345 5437 463 5489; x_wconf 77' lang='grc' dir='ltr'>ἐστὶ</span> <span class='ocrx_word' id='word_1_813' title='bbox 500 5436 562 5493; x_wconf 85' lang='grc' dir='ltr'>τὸ</span> <span class='ocrx_word' id='word_1_814' title='bbox 601 5438 681 5500; x_wconf 78' lang='grc' dir='ltr'>εἰς</span> <span class='ocrx_word' id='word_1_815' title='bbox 713 5437 803 5490; x_wconf 84' lang='grc' dir='ltr'>τὸν</span> <span class='ocrx_word' id='word_1_816' title='bbox 834 5437 963 5492; x_wconf 78' lang='grc' dir='ltr'>Υίὸν</span> <span class='ocrx_word' id='word_1_817' title='bbox 991 5437 1352 5504; x_wconf 84' lang='grc' dir='ltr'>διανοεῖσθαι,</span> <span class='ocrx_word' id='word_1_818' title='bbox 1379 5437 1475 5492; x_wconf 74' lang='grc' dir='ltr'>καὶ</span> <span class='ocrx_word' id='word_1_819' title='bbox 1504 5437 1582 5511; x_wconf 71' lang='grc' dir='ltr'><strong>μὴ</strong></span> <span class='ocrx_word' id='word_1_820' title='bbox 1613 5440 1780 5511; x_wconf 79' lang='grc' dir='ltr'>τιμᾷν</span> 
     </span>
    </p>
   </div>
   <div class='ocr_carea' id='block_1_103' title="bbox 1881 4893 3466 4975">
    <p class='ocr_par' dir='ltr' id='par_1_103' title="bbox 1881 4893 3466 4975">
     <span class='ocr_line' id='line_1_103' title="bbox 1881 4893 3466 4975; baseline 0.011 -26"><span class='ocrx_word' id='word_1_821' title='bbox 1881 4911 1992 4953; x_wconf 84' lang='lat' dir='ltr'><strong>non</strong></span> <span class='ocrx_word' id='word_1_822' title='bbox 2019 4893 2252 4953; x_wconf 81' lang='lat' dir='ltr'><strong>debere:</strong></span> <span class='ocrx_word' id='word_1_823' title='bbox 2286 4899 2382 4954; x_wconf 87' lang='lat' dir='ltr'><strong>sed</strong></span> <span class='ocrx_word' id='word_1_824' title='bbox 2404 4908 2461 4953; x_wconf 87' lang='lat' dir='ltr'><strong>ut</strong></span> <span class='ocrx_word' id='word_1_825' title='bbox 2491 4917 2693 4966; x_wconf 89' lang='lat' dir='ltr'><strong>omnes,</strong></span> <span class='ocrx_word' id='word_1_826' title='bbox 2721 4904 2920 4975; x_wconf 89' lang='lat' dir='ltr'><strong>inquit,</strong></span> <span class='ocrx_word' id='word_1_827' title='bbox 2948 4905 3206 4963; x_wconf 75' lang='lat' dir='ltr'><strong>honorent</strong></span> <span class='ocrx_word' id='word_1_828' title='bbox 3238 4907 3466 4975; x_wconf 80' lang='lat' dir='ltr'><strong>Filium.</strong></span> 
     </span>
    </p>
   </div>
   <div class='ocr_carea' id='block_1_104' title="bbox 1880 4988 3473 5070">
    <p class='ocr_par' dir='ltr' id='par_1_104' title="bbox 1880 4988 3473 5070">
     <span class='ocr_line' id='line_1_104' title="bbox 1880 4988 3473 5070; baseline 0.012 -27"><span class='ocrx_word' id='word_1_829' title='bbox 1880 4988 2018 5043; x_wconf 82' lang='lat' dir='ltr'><strong>sicut</strong></span> <span class='ocrx_word' id='word_1_830' title='bbox 2063 4990 2329 5045; x_wconf 72' lang='lat' dir='ltr'><strong>honorant</strong></span> <span class='ocrx_word' id='word_1_831' title='bbox 2364 4990 2582 5048; x_wconf 85' lang='lat' dir='ltr'><strong>Patrem</strong></span> <span class='ocrx_word' id='word_1_832' title='bbox 2613 4995 2678 5049; x_wconf 83' lang='lat'><strong>“.</strong></span> <span class='ocrx_word' id='word_1_833' title='bbox 2728 4994 2876 5054; x_wconf 85' lang='lat' dir='ltr'><strong>Cave</strong></span> <span class='ocrx_word' id='word_1_834' title='bbox 2927 4998 3096 5070; x_wconf 80' lang='lat' dir='ltr'><strong>igitur</strong></span> <span class='ocrx_word' id='word_1_835' title='bbox 3142 5000 3473 5062; x_wconf 80' lang='lat' dir='ltr'><strong>dehonestcs</strong></span> 
     </span>
    </p>
   </div>
   <div class='ocr_carea' id='block_1_105' title="bbox 1874 5073 3470 5167">
    <p class='ocr_par' dir='ltr' id='par_1_105' title="bbox 1874 5073 3470 5167">
     <span class='ocr_line' id='line_1_105' title="bbox 1874 5073 3470 5167; baseline 0.013 -36"><span class='ocrx_word' id='word_1_836' title='bbox 1874 5073 2108 5167; x_wconf 55' lang='lat' dir='ltr'><strong>&#39;liiliutn,</strong></span> <span class='ocrx_word' id='word_1_837' title='bbox 2132 5096 2202 5136; x_wconf 91' lang='lat' dir='ltr'><strong>ne</strong></span> <span class='ocrx_word' id='word_1_838' title='bbox 2232 5081 2562 5141; x_wconf 86' lang='lat' dir='ltr'><strong>dehonestes</strong></span> <span class='ocrx_word' id='word_1_839' title='bbox 2586 5093 2643 5141; x_wconf 88' lang='lat' dir='ltr'><strong>et</strong></span> <span class='ocrx_word' id='word_1_840' title='bbox 2671 5085 2910 5145; x_wconf 85' lang='lat' dir='ltr'><strong>Patrem.</strong></span> <span class='ocrx_word' id='word_1_841' title='bbox 2958 5090 3094 5146; x_wconf 66' lang='lat' dir='ltr'><strong>Nam</strong></span> <span class='ocrx_word' id='word_1_842' title='bbox 3145 5094 3192 5151; x_wconf 85' lang='lat' dir='ltr'><strong>si</strong></span> <span class='ocrx_word' id='word_1_843' title='bbox 3241 5096 3374 5167; x_wconf 86' lang='lat' dir='ltr'><strong>quid</strong></span> <span class='ocrx_word' id='word_1_844' title='bbox 3415 5099 3470 5152; x_wconf 88' lang='lat' dir='ltr'><strong>iu</strong></span> 
     </span>
    </p>
   </div>
   <div class='ocr_carea' id='block_1_106' title="bbox 1883 5166 3472 5256">
    <p class='ocr_par' dir='ltr' id='par_1_106' title="bbox 1883 5166 3472 5256">
     <span class='ocr_line' id='line_1_106' title="bbox 1883 5166 3472 5256; baseline 0.014 -33"><span class='ocrx_word' id='word_1_845' title='bbox 1883 5166 2029 5224; x_wconf 87' lang='lat' dir='ltr'><strong>Filio</strong></span> <span class='ocrx_word' id='word_1_846' title='bbox 2077 5173 2379 5243; x_wconf 89' lang='lat' dir='ltr'><strong>suspiceris</strong></span> <span class='ocrx_word' id='word_1_847' title='bbox 2410 5175 2661 5244; x_wconf 87' lang='lat' dir='ltr'><strong>inferius,</strong></span> <span class='ocrx_word' id='word_1_848' title='bbox 2695 5188 2790 5234; x_wconf 83' lang='lat' dir='ltr'><strong>aut</strong></span> <span class='ocrx_word' id='word_1_849' title='bbox 2815 5182 3087 5239; x_wconf 87' lang='lat' dir='ltr'><strong>defectum</strong></span> <span class='ocrx_word' id='word_1_850' title='bbox 3120 5166 3372 5256; x_wconf 82' lang='lat' dir='ltr'><strong>reperiri,</strong></span> <span class='ocrx_word' id='word_1_851' title='bbox 3414 5189 3472 5246; x_wconf 87' lang='lat' dir='ltr'><strong>iu</strong></span> 
     </span>
    </p>
   </div>
   <div class='ocr_carea' id='block_1_107' title="bbox 1884 5258 3469 5346">
    <p class='ocr_par' dir='ltr' id='par_1_107' title="bbox 1884 5258 3469 5346">
     <span class='ocr_line' id='line_1_107' title="bbox 1884 5258 3469 5346; baseline 0.013 -32"><span class='ocrx_word' id='word_1_852' title='bbox 1884 5258 2068 5317; x_wconf 87' lang='lat' dir='ltr'><strong>Patris</strong></span> <span class='ocrx_word' id='word_1_853' title='bbox 2117 5265 2473 5334; x_wconf 76' lang='lat' dir='ltr'><strong>ignominiam</strong></span> <span class='ocrx_word' id='word_1_854' title='bbox 2523 5279 2616 5324; x_wconf 86' lang='lat' dir='ltr'><strong>tua</strong></span> <span class='ocrx_word' id='word_1_855' title='bbox 2663 5271 2758 5327; x_wconf 87' lang='lat' dir='ltr'><strong>illa</strong></span> <span class='ocrx_word' id='word_1_856' title='bbox 2802 5275 3071 5346; x_wconf 76' lang='lat' dir='ltr'><strong>cogitatio</strong></span> <span class='ocrx_word' id='word_1_857' title='bbox 3115 5279 3469 5339; x_wconf 69' lang='lat' dir='ltr'><strong>redundabit.</strong></span> 
     </span>
    </p>
   </div>
   <div class='ocr_carea' id='block_1_108' title="bbox 1885 5350 3587 5432">
    <p class='ocr_par' dir='ltr' id='par_1_108' title="bbox 1885 5350 3587 5432">
     <span class='ocr_line' id='line_1_108' title="bbox 1885 5350 3587 5432; baseline 0.014 -27"><span class='ocrx_word' id='word_1_858' title='bbox 1885 5350 1985 5407; x_wconf 85' lang='lat' dir='ltr'><strong>Est</strong></span> <span class='ocrx_word' id='word_1_859' title='bbox 2004 5352 2151 5409; x_wconf 86' lang='lat' dir='ltr'><strong>enim</strong></span> <span class='ocrx_word' id='word_1_860' title='bbox 2180 5356 2425 5425; x_wconf 88' lang='lat' dir='ltr'><strong>ejusdem</strong></span> <span class='ocrx_word' id='word_1_861' title='bbox 2462 5360 2518 5414; x_wconf 91' lang='lat' dir='ltr'><strong>in</strong></span> <span class='ocrx_word' id='word_1_862' title='bbox 2541 5368 2594 5416; x_wconf 86' lang='lat' dir='ltr'><strong>te</strong></span> <span class='ocrx_word' id='word_1_863' title='bbox 2622 5365 2974 5432; x_wconf 85' lang='lat' dir='ltr'><strong>temeritatis,</strong></span> <span class='ocrx_word' id='word_1_864' title='bbox 2996 5374 3052 5422; x_wconf 84' lang='lat' dir='ltr'><strong>et</strong></span> <span class='ocrx_word' id='word_1_865' title='bbox 3082 5370 3328 5425; x_wconf 66' lang='lat' dir='ltr'><strong>audacis</strong></span> <span class='ocrx_word' id='word_1_866' title='bbox 3351 5370 3470 5427; x_wconf 76' lang='lat' dir='ltr'><strong>sive</strong></span> <span class='ocrx_word' id='word_1_867' title='bbox 3583 5372 3587 5387; x_wconf 75' lang='grc'><strong><em>⁵</em></strong></span> 
     </span>
    </p>
   </div>
   <div class='ocr_carea' id='block_1_109' title="bbox 1884 5441 3472 5529">
    <p class='ocr_par' dir='ltr' id='par_1_109' title="bbox 1884 5441 3472 5529">
     <span class='ocr_line' id='line_1_109' title="bbox 1884 5441 3472 5529; baseline 0.013 -33"><span class='ocrx_word' id='word_1_868' title='bbox 1884 5441 2161 5513; x_wconf 88' lang='lat' dir='ltr'><strong>ejusmodi</strong></span> <span class='ocrx_word' id='word_1_869' title='bbox 2198 5447 2408 5518; x_wconf 84' lang='lat' dir='ltr'><strong>aliquid</strong></span> <span class='ocrx_word' id='word_1_870' title='bbox 2433 5451 2702 5511; x_wconf 78' lang='lat' dir='ltr'><strong>adversus</strong></span> <span class='ocrx_word' id='word_1_871' title='bbox 2735 5453 2932 5512; x_wconf 83' lang='lat' dir='ltr'><strong>Filium</strong></span> <span class='ocrx_word' id='word_1_872' title='bbox 2982 5460 3329 5529; x_wconf 74' lang='lat' dir='ltr'><strong>conceperis,</strong></span> <span class='ocrx_word' id='word_1_873' title='bbox 3352 5460 3472 5516; x_wconf 77' lang='lat' dir='ltr'><strong>sive</strong></span> 
     </span>
    </p>
   </div>
   <div class='ocr_carea' id='block_1_110' title="bbox 264 5594 1784 5683">
    <p class='ocr_par' dir='ltr' id='par_1_110' title="bbox 264 5594 1784 5683">
     <span class='ocr_line' id='line_1_110' title="bbox 264 5594 1784 5683; baseline 0.001 0"><span class='ocrx_word' id='word_1_874' title='bbox 264 5594 383 5683; x_wconf 61' lang='lat' dir='ltr'><strong>LF:</strong></span> <span class='ocrx_word' id='word_1_875' title='bbox 409 5596 483 5683; x_wconf 61' lang='grc' dir='ltr'>ιχ</span> <span class='ocrx_word' id='word_1_876' title='bbox 508 5594 717 5683; x_wconf 64' lang='grc' dir='ltr'><strong>ἀνξλς,.</strong></span> <span class='ocrx_word' id='word_1_877' title='bbox 1101 5597 1187 5683; x_wconf 64' lang='lat' dir='ltr'><strong>u-</strong></span> <span class='ocrx_word' id='word_1_878' title='bbox 1212 5598 1287 5683; x_wconf 54' lang='grc' dir='ltr'>..ξ</span> <span class='ocrx_word' id='word_1_879' title='bbox 1308 5595 1444 5653; x_wconf 73' lang='lat' dir='ltr'><strong>Gen-</strong></span> <span class='ocrx_word' id='word_1_880' title='bbox 1502 5613 1542 5667; x_wconf 65' lang='grc' dir='ltr'><strong>ιν</strong></span> <span class='ocrx_word' id='word_1_881' title='bbox 1582 5597 1633 5653; x_wconf 73' lang='grc' dir='ltr'>ιο</span> <span class='ocrx_word' id='word_1_882' title='bbox 1712 5598 1784 5655; x_wconf 63' lang='grc' dir='ltr'><strong>είς</strong></span> 
     </span>
    </p>
   </div>
   <div class='ocr_carea' id='block_1_111' title="bbox 1886 5594 3472 5683">
    <p class='ocr_par' dir='ltr' id='par_1_111' title="bbox 1886 5598 3472 5683">
     <span class='ocr_line' id='line_1_111' title="bbox 1886 5598 3472 5683; baseline 0.011 -22"><span class='ocrx_word' id='word_1_883' title='bbox 1886 5644 1896 5661; x_wconf 91' lang='grc'><strong>.</strong></span> <span class='ocrx_word' id='word_1_884' title='bbox 1922 5601 2012 5659; x_wconf 73' lang='grc'>26.</span> <span class='ocrx_word' id='word_1_885' title='bbox 2090 5598 2112 5639; x_wconf 82' lang='grc'><strong><em>⁸</em></strong></span> <span class='ocrx_word' id='word_1_886' title='bbox 2139 5604 2274 5665; x_wconf 84' lang='lat' dir='ltr'><strong>ibid.</strong></span> <span class='ocrx_word' id='word_1_887' title='bbox 2296 5604 2388 5668; x_wconf 75' lang='lat'><strong>27.</strong></span> <span class='ocrx_word' id='word_1_888' title='bbox 2466 5612 2487 5646; x_wconf 82' lang='grc'><strong><em>⁸</em></strong></span> <span class='ocrx_word' id='word_1_889' title='bbox 2516 5602 2662 5670; x_wconf 88' lang='lat' dir='ltr'><strong>Psal.</strong></span> <span class='ocrx_word' id='word_1_890' title='bbox 2702 5631 2892 5683; x_wconf 68' lang='lat' dir='ltr'><strong>cum,</strong></span> <span class='ocrx_word' id='word_1_891' title='bbox 2924 5616 2976 5673; x_wconf 81' lang='lat'><strong>6.</strong></span> <span class='ocrx_word' id='word_1_892' title='bbox 3059 5620 3079 5650; x_wconf 92' lang='grc'><strong>⁷</strong></span> <span class='ocrx_word' id='word_1_893' title='bbox 3107 5617 3266 5675; x_wconf 84' lang='lat' dir='ltr'><strong>Joan.</strong></span> <span class='ocrx_word' id='word_1_894' title='bbox 3295 5634 3348 5679; x_wconf 87' lang='lat' dir='ltr'><strong>v,</strong></span> <span class='ocrx_word' id='word_1_895' title='bbox 3374 5617 3472 5678; x_wconf 69' lang='lat'><strong>20.</strong></span> 
     </span>
    </p>
   </div>
   <div class='ocr_carea' id='block_1_112' title="bbox 175 5665 1303 5749">
    <p class='ocr_par' dir='ltr' id='par_1_112' title="bbox 175 5665 1303 5749">
     <span class='ocr_line' id='line_1_112' title="bbox 175 5665 1303 5749; baseline 0.003 -28"><span class='ocrx_word' id='word_1_896' title='bbox 175 5665 514 5749; x_wconf 61' lang='lat' dir='ltr'><strong>‘ibid.2l.</strong></span> <span class='ocrx_word' id='word_1_897' title='bbox 594 5666 896 5723; x_wconf 74' lang='lat' dir='ltr'><strong>’ibid.2‘2.</strong></span> <span class='ocrx_word' id='word_1_898' title='bbox 978 5669 1021 5700; x_wconf 78' lang='grc' dir='ltr'>ιο</span> <span class='ocrx_word' id='word_1_899' title='bbox 1049 5668 1180 5723; x_wconf 88' lang='lat' dir='ltr'><strong>ibid.</strong></span> <span class='ocrx_word' id='word_1_900' title='bbox 1212 5667 1303 5724; x_wconf 69' lang='grc' dir='ltr'>εδ.</span> 
     </span>
    </p>
   </div>
   <div class='ocr_carea' id='block_1_113' title="bbox 258 5822 1822 5896">
    <p class='ocr_par' dir='ltr' id='par_1_113' title="bbox 258 5822 1822 5896">
     <span class='ocr_line' id='line_1_113' title="bbox 258 5822 1822 5896; baseline 0.003 -16"><span class='ocrx_word' id='word_1_901' title='bbox 258 5823 341 5896; x_wconf 81' lang='lat'><strong>(3)</strong></span> <span class='ocrx_word' id='word_1_902' title='bbox 368 5826 565 5879; x_wconf 69' lang='grc' dir='ltr'><strong>Πάλιν·</strong></span> <span class='ocrx_word' id='word_1_903' title='bbox 590 5822 861 5892; x_wconf 66' lang='grc' dir='ltr'><strong>⁸λέγουσι.</strong></span> <span class='ocrx_word' id='word_1_904' title='bbox 896 5822 1032 5880; x_wconf 75' lang='lat' dir='ltr'><strong>Vide</strong></span> <span class='ocrx_word' id='word_1_905' title='bbox 1068 5822 1239 5880; x_wconf 90' lang='lat' dir='ltr'><strong>llilar.</strong></span> <span class='ocrx_word' id='word_1_906' title='bbox 1281 5822 1376 5880; x_wconf 87' lang='lat' dir='ltr'><strong>lib.</strong></span> <span class='ocrx_word' id='word_1_907' title='bbox 1411 5840 1482 5881; x_wconf 84' lang='lat' dir='ltr'><strong>vn</strong></span> <span class='ocrx_word' id='word_1_908' title='bbox 1512 5822 1592 5882; x_wconf 86' lang='lat' dir='ltr'><strong>De</strong></span> <span class='ocrx_word' id='word_1_909' title='bbox 1626 5823 1822 5883; x_wconf 84' lang='lat' dir='ltr'><strong>Trinit.</strong></span> 
     </span>
    </p>
   </div>
   <div class='ocr_carea' id='block_1_114' title="bbox 513 5918 1168 5982">
    <p class='ocr_par' dir='ltr' id='par_1_114' title="bbox 513 5918 1168 5982">
     <span class='ocr_line' id='line_1_114' title="bbox 513 5918 1168 5982; baseline 0.005 -4"><span class='ocrx_word' id='word_1_910' title='bbox 513 5918 787 5980; x_wconf 66' lang='lat' dir='ltr'><strong>Parnon.</strong></span> <span class='ocrx_word' id='word_1_911' title='bbox 822 5919 941 5980; x_wconf 82' lang='lat' dir='ltr'><strong>Gn.</strong></span> <span class='ocrx_word' id='word_1_912' title='bbox 975 5920 1168 5982; x_wconf 74' lang='lat' dir='ltr'><strong>XLII.</strong></span> 
     </span>
    </p>
   </div>
   <div class='ocr_carea' id='block_1_115' title="bbox 3080 5935 3153 5999">
    <p class='ocr_par' dir='ltr' id='par_1_115' title="bbox 3080 5935 3153 5999">
     <span class='ocr_line' id='line_1_115' title="bbox 3080 5935 3153 5999; baseline -0.055 0"><span class='ocrx_word' id='word_1_913' title='bbox 3080 5935 3153 5999; x_wconf 75' lang='grc'><strong>11</strong></span> 
     </span>
    </p>
   </div>
  </div>
