3994 6400
505 401 610 460 355

1913 396 1970 454 S.
2010 397 2089 451 ΕΡ

2191 398 2352 454 lANll
2921 374 2924 376 Ὺ
3633 411 3722 467 7,35

507 521 649 574 hanc
684 522 928 571 nostram
954 511 1389 568 lucubrationem
1435 510 1613 582 legere
1663 511 1956 576 voluerint,
1988 527 2085 568 cu-

2191 515 2370 583 λειαν,
2405 518 2499 572 καὶ
2527 522 2633 572 τῶν
2677 518 3018 591 βουλομένων
3054 517 3228 591 τούτῳ
3267 520 3343 592 τῷ
3376 523 3626 593 πονήματι
3650 527 3702 580 ὲν

508 625 620 663 rain
649 622 713 661 ac
737 603 1130 676 providentiam
1172 601 1466 666 adhibeat,
1495 609 1555 656 ut
1590 610 1644 658 et
1679 603 1772 672 qui
1806 603 2082 658 morsibus

2191 610 2475 682 τυγχάνειν
2505 651 2522 677 ,
2575 612 2656 674 είς
2712 609 2855 666 ίασιν
2905 610 3016 664 τῶν
3063 611 3416 683 δεδειγμένων
3452 615 3502 678 ⁸,
3544 619 3626 671 καὶ
3657 621 3724 683 είς

511 699 725 768 appetiti
787 704 915 752 sunt
957 702 1350 765 persanentur,
1409 701 1464 747 et
1505 695 1599 762 qui
1637 693 1879 748 nondum
1923 693 1980 748 in
2013 693 2082 747 il-

506 791 609 845 lam
647 787 1010 842 calamitatem
1054 784 1367 850 inciderint,
1405 783 1473 838 ad
1511 799 1629 839 eam
1666 785 1963 839 cavendam
2000 784 2085 837 in-

503 888 805 936 Sil‘llﬂl‘lllll‘.

575 1043 590 1067 ³
611 1045 740 1099 Cor.
766 1034 1131 1106 δεδηγμένων,
1167 1033 1236 1086 At
1271 1031 1405 1104 lieg.
1438 1031 1607 1086 τῶνδε
1633 1031 1742 1086 τῶν
1765 1029 2079 1101 δηγμάτων.

2187 703 2470 773 διόρθωσιν
2498 701 2606 756 τῶν
2642 701 2716 774 μὴ
2746 703 2804 756 ὲν
2834 705 3022 766 κακοῖς
3046 704 3146 775 ηδη
3181 705 3579 771 ἐξετασθέντων.

513 1209 3705 1256 Wr—

1414 1372 1594 1424 ΤΑΔΕ
1644 1368 1917 1422 ΕΝΕΣΤΙ
1956 1369 2085 1421 ΚΑΙ
2135 1367 2237 1419 ΕΝ
2287 1366 2372 1436 Τῼ
2411 1365 2652 1434 ΠΡΩΤῼ
2695 1366 2886 1436 ΤΟΜῼ

1773 1521 1908 1575 ΤΟΥ
1947 1520 2200 1574 ΤΡΙΤΟΥ
2229 1519 2510 1574 ΒΙΒΛΙΟΥ

507 1689 726 1742 Ἐκτου
762 1685 831 1738 δὲ
869 1684 1044 1745 ὄντος
1071 1681 1295 1750 τόμου,
1339 1679 1465 1732 καθ’
1505 1676 1576 1728 ὃν
1614 1675 1864 1744 ἀριθμὸν
1901 1675 2262 1760 προείπομῃ
2287 1690 2302 1705 ο
2354 1673 2424 1728 ὲν
2461 1665 2511 1740 ᾧ
2559 1675 2719 1727 εἰσιν
2767 1673 3029 1741 αἱρέσεις
3078 1672 3230 1728 ἑπτὰ
3275 1671 3391 1727 σὺν
3462 1671 3582 1738 τοῖς
3621 1672 3737 1742 σχί-

1890 1759 2118 1813 σμασιν
2147 1761 2355 1809 ουτως.

759 1971 928 2042 808
957 1968 1358 2032 INDICULUS
1409 1966 1835 2029 HERESEON
1884 1967 2055 2041 QUIE
2112 1969 2192 2030 IN
2241 1969 2392 2034 HOC
2438 1969 2681 2032 PRIMO
2739 1969 2946 2030 TOMO
2996 1969 3206 2032 LIBRI
3258 1973 3343 2034 ΠΙ

1943 2143 2343 2200 οοκτιιιειιτωι,

510 2293 616 2358 cui
659 2297 750 2354 est
804 2306 882 2352 ex
924 2289 1206 2352 instituto
1253 2293 1572 2349 ternorum
1629 2283 1854 2347 ordine
1907 2284 2008 2355 VI,
2057 2283 2295 2423 ἰονθυο
2347 2283 2624 2347 haereses
2683 2291 2952 2366 septem,
3007 2286 3437 2351 adnumeratis
3485 2293 3546 2350 et
3591 2287 3741 2350 schi-

1979 2379 2159 2423 smai
2206 2380 2299 2423 us.

1979 2379 2299 2424 smaunus.

579 2628 939 2685 Audianorum
997 2621 1216 2694 proprie
1266 2620 1504 2676 schisma
1545 2632 1610 2674 ac
1679 2615 1936 2683 deiectio,
1977 2630 2086 2672 non

2260 2616 2571 2676 Αὺδιανῶγ
2597 2620 2943 2692 άφηνιασμδς
2983 2622 3076 2676 καὶ
3109 2622 3338 2694 σχίσμα,
3366 2623 3432 2676 οὗ
3466 2623 3640 2694 μέντοι
3668 2621 3740 2676 αἱ·

511 2720 736 2778 haeresis
761 2724 864 2774 est.
896 2716 1102 2771 Horum
1127 2713 1267 2768 bene
1294 2711 1547 2766 instituta
1569 2708 1783 2763 vivendi
1811 2707 1952 2763 ratio
1979 2717 2085 2763 est.

509 2813 616 2869 Sed
649 2826 848 2881 neque,
884 2807 1030 2879 quod
1069 2806 1136 2861 ad
1181 2803 1342 2860 ﬁdem
1378 2803 1593 2864 attinet,
1627 2800 1695 2856 ab
1722 2799 1970 2856 Ecclesia
1996 2813 2089 2854 ca-

509 2903 710 2958 tholica
754 2899 1107 2956 dissentiunt.
1165 2893 1426 2949 Habitant
1473 2891 1668 2961 majori
1715 2905 1784 2946 ex
1832 2895 1987 2959 parte
2033 2889 2087 2942 in

509 2989 877 3047 monasteriis.
895 2983 1235 3057 Apoeryphis
1264 2981 1418 3037 libris
1441 2988 1495 3036 et
1553 2979 1740 3036 multis
1768 2987 1822 3035 et
1847 2977 1915 3032 ad
1947 2977 2092 3033 fasti-

509 3082 660 3138 dium
710 3079 1030 3134 abutuntur.
1085 3073 1419 3129 Communes
1472 3069 1760 3125 nobiscum
1811 3069 2091 3123 orationes

509 3185 621 3225 non
651 3167 887 3231 habent;
935 3177 1060 3220 nam
1093 3162 1380 3232 episc0pos
1409 3167 1650 3223 nostros,
1684 3173 1896 3214 necnon
1929 3167 1983 3214 et
2007 3159 2093 3213 di-

511 3258 668 3323 vites,
702 3257 945 3326 aliosque
974 3251 1356 3306 condemnant.
1384 3249 1525 3314 Quin
1550 3250 1714 3302 etiam
1748 3245 1960 3302 Pascha
1987 3246 2094 3316 pri-

508 3348 674 3402 vatim
708 3345 897 3402 eodem
927 3357 1037 3414 quo
1066 3339 1238 3396 Judaei
1277 3347 1519 3409 tempore
1547 3337 1848 3395 celebrant.
1913 3339 2009 3394 Est
2037 3348 2092 3396 et

509 3435 768 3506 quiddam
814 3433 1092 3505 peculiare
1141 3429 1298 3500 ipsis,
1351 3429 1496 3498 quod
1539 3427 1846 3483 defendunt
1879 3443 2093 3484 summa

509 3525 874 3581 contentione.
941 3521 1153 3591 Quippe
1187 3518 1332 3589 quod
1365 3516 1434 3571 ad
1487 3518 1773 3588 imaginem
1823 3521 2091 3588 scripturn

509 3625 616 3682 est,
642 3615 834 3670 durius
868 3613 1315 3682 interpretantur.

586 3702 914 3757 Photiniani.
948 3699 1216 3754 Photinus
1243 3700 1346 3754 iste
1374 3696 1578 3752 Sirmio
1607 3697 1873 3754 oriundus
1899 3700 1966 3753 ad
1994 3699 2094 3753 ho-

512 3796 765 3850 diernum
803 3806 978 3862 usque
1018 3799 1233 3859 tempus
1268 3787 1578 3844 oberrabat.
1624 3787 1730 3854 Qui
1754 3789 1970 3858 quidem
2001 3803 2094 3844 ea-

512 3888 634 3941 dem
666 3899 789 3939 cum
817 3881 988 3936 Paulo
1021 3879 1381 3936 Samosateno
1413 3879 1596 3934 sentit.
1651 3877 1928 3933 Nonnulla
1963 3886 2093 3935 sunt

2193 2728 2359 2783 ρεσις.
2391 2707 2549 2767 Οὗτοι
2604 2713 2702 2784 μὲν
2734 2712 3012 2785 διαγωγὴν
3056 2715 3150 2767 καὶ
3193 2715 3306 2786 βίον
3338 2713 3401 2770 εὖ
3438 2715 3742 2786 τεταγμένον

2189 2805 2481 2877 κέκτηνται
2503 2821 2518 2836 ⁸
2554 2807 2661 2860 εἰσὶ
2707 2806 2765 2860 δὲ
2809 2805 2954 2860 κατά
2982 2805 3162 2861 πάντα
3187 2806 3285 2878 τὴν
3314 2809 3499 2862 πίστιν
3531 2807 3739 2878 ἔχοντες,

2188 2893 2264 2958 ὡς
2289 2895 2323 2965 ἡ
2353 2895 2614 2968 καθολικὴ
2650 2895 2967 2968 Ἐκκλησία.
2991 2897 3349 2971 Μοναστήρια
3383 2899 3440 2953 δὲ
3474 2901 3522 2952 οἱ
3553 2897 3741 2958 τελείως

2191 2986 2527 3040 κατοικοῦσι.
2560 2988 2877 3060 Κέχρηνται
2917 2988 2974 3043 δὲ
3018 2989 3113 3043 καὶ
3183 2988 3526 3063 ἀποκρύφοις
3555 2988 3744 3049 πολλοῖς

2191 3080 2530 3151 κατακόρως.
2561 3079 2636 3132 Οὐ
2669 3078 3016 3149 συνεύχονται
3047 3078 3104 3132 δὲ
3141 3079 3274 3150 ἡμῖν
3292 3119 3308 3146 ,
3361 3079 3616 3148 ψέγοντες
3637 3079 3742 3138 τοὺς

2191 3171 2321 3242 παρ’
2373 3172 2504 3242 ἡμῖν
2553 3171 2885 3235 ἐπισκόπους
2912 3211 2928 3234 ,
2983 3170 3270 3236 πλουσίους
3296 3212 3311 3237 ,
3376 3172 3471 3225 καὶ
3527 3171 3702 3231 ἄλλους
3727 3183 3740 3197 ⁸

2191 3261 2327 3316 ἀλλὰ
2378 3262 2472 3315 καὶ
2513 3261 2602 3315 διὰ
2646 3262 2706 3314 τὸ
2733 3263 2928 3333 Πάσχα
2969 3264 3143 3316 ποιεῖν
3197 3261 3511 3327 ἰδιαζόντως
3535 3303 3551 3329 ,
3586 3261 3668 3315 ὅτε
3702 3259 3743 3311 oi

2203 3353 2442 3406 Ἰουδαῖοι
2482 3351 2749 3406 ποιοῦσιν.
2787 3354 3011 3423 Ἔχουσι
3065 3353 3120 3407 δὲ
3166 3353 3261 3407 καὶ
3296 3354 3563 3409 ἰδιωτικόν
3591 3370 3638 3406 τι
3667 3350 3744 3404 καὶ

2191 3446 2513 3515 φιλόνεικον,
2550 3445 2825 3517 ξηρότατα
2859 3446 2922 3498 τὸ
2959 3449 3087 3500 κατ’
3115 3447 3320 3500 εἰκόνα
3351 3446 3741 3519 ἑρμηνεύοντες.

2262 3703 2659 3756 Φωτεινιανοί.
2711 3688 2878 3766 Οὗτος
2937 3704 2966 3756 ό
3011 3704 3279 3769 Φωτεινδς
3305 3744 3321 3768 ,
3381 3704 3490 3758 ἀπὸ
3543 3702 3744 3774 Σιρμίου

2191 3793 2481 3864 ὑπάρχων,
2513 3792 2593 3861 ἔτι
2638 3793 2732 3846 καὶ
2779 3793 2938 3864 δεῦρο
2988 3794 3343 3866 περιενόστει.
3393 3798 3489 3860 ⁸·ος
3528 3795 3592 3848 τὰ
3627 3791 3745 3848 αὐτὰ

2190 3883 2388 3956 Παύλῳ
2431 3882 2510 3954 τῷ
2545 3884 2852 3955 Σαμοσατεί
2899 3885 3188 3956 ἐφρόνησε.
3229 3885 3389 3940 Κατά
3434 3903 3486 3939 τι
3536 3885 3590 3939 δὲ
3630 3882 3744 3952 πρὸς

512 3986 718 4039 tamen,
751 3975 807 4030 in
838 3973 1036 4044 quibus
1066 3972 1135 4027 ab
1163 3972 1354 4027 eodem
1381 3967 1630 4026 dissidet.
1681 3967 1829 4025 ldem
1862 3987 1893 4027 e
1921 3970 2089 4028 Maria

2195 3977 2402 4029 ἐκεῖνον
2438 3975 2806 4046 διαφέρονται.
2847 3976 2958 4029 Καὶ
2988 3976 3142 4030 αὐτοὶ⁵
3171 3975 3268 4030 καὶ
3288 3977 3400 4031 ἀπὸ
3431 3976 3640 4047 Μαρίας
3667 3971 3746 4026 καὶ

511 4067 795 4125 Christum
825 4063 1041 4120 initium
1082 4063 1300 4134 penitus
1326 4060 1609 4131 accepisse
1639 4068 1817 4132 putat.

583 4158 944 4216 Marcelliani.
1015 4155 1222 4211 Horum
1277 4152 1568 4210 Marcellus
1619 4160 1815 4209 auctor
1857 4153 2088 4222 exstitit,

513 4256 742 4327 Ancyra;
784 4252 840 4307 in
882 4249 1094 4305 Galatia
1123 4247 1434 4318 episcopus,
1483 4246 1597 4316 qui,
1641 4261 1766 4302 eum
1805 4245 1962 4300 initio
1991 4261 2092 4316 pro

513 4344 821 4400 Sabelliano
844 4339 1121 4396 communi
1153 4337 1294 4390 fama
1326 4335 1613 4392 traductus
1641 4341 1808 4400 esset,
1845 4337 2090 4407 seipsum

510 4437 674 4492 etiam
713 4435 918 4504 scripto
963 4443 1336 4502 saepenumero
1384 4436 1695 4500 purgasset,
1740 4443 1770 4482 a
1816 4427 2092 4498 plerisque

512 4535 693 4581 tamen
728 4523 994 4580 creditum
1032 4528 1138 4588 est,
1203 4519 1272 4574 ad
1317 4517 1536 4574 easdem
1581 4518 1762 4589 ipsum
1804 4518 2092 4589 opiniones

509 4619 899 4674 adhaerescere.
944 4613 1084 4670 Fieri
1114 4619 1292 4684 potest
1335 4620 1395 4667 ut
1431 4613 1519 4668 vel
1547 4612 1666 4683 ipse
1694 4618 1903 4666 mutata
1960 4626 2088 4668 sen-

512 4708 682 4764 tentia
717 4706 994 4762 meliorem
1038 4703 1104 4758 ad
1146 4711 1384 4756 mentem
1421 4715 1544 4757 sese
1588 4701 1952 4767 revocaverit,
2006 4700 2091 4756 vel

512 4803 630 4869 ejus
662 4796 936 4868 discipuli.
971 4791 1108 4849 Nam
1139 4807 1238 4864 pro
1270 4791 1520 4862 utrisque
1545 4791 1836 4848 orthodoxi
1866 4791 2089 4862 quidam

513 4905 634 4944 sese
661 4887 979 4944 defensores
1009 4885 1478 4955 interposuerunt.

569 4978 906 5034 Sentiat-iani.
920 4977 1198 5033 Christum
1215 4975 1290 5030 illi
1307 4982 1617 5031 creaturam
1633 4989 1758 5030 esse
1772 4974 1981 5040 dicunt,
1993 4973 2088 5030 sed

509 5067 818 5124 cavillando
834 5077 1014 5123 tamen
1032 5074 1230 5137 negant
1244 5076 1563 5122 exterarum
1575 5074 1950 5122 creaturarum
1969 5082 2090 5124 esse

511 5159 774 5224 similem;
799 5157 966 5228 809
986 5158 1079 5213 sed
1103 5158 1322 5223 Filium,
1341 5158 1617 5229 inquiunt,
1644 5157 1796 5212 illum
1819 5157 2086 5225 dicimus;

511 5265 698 5308 verum
731 5265 799 5305 ne
823 5264 890 5303 ex
910 5248 1257 5318 generatione
1283 5249 1399 5319 ipsa
1423 5250 1532 5304 ulla
1558 5250 1613 5304 in
1628 5246 1848 5304 Patrem
1874 5249 2090 5306 affectio

511 5345 807 5408 derivetur,
847 5339 1102 5396 eumdem
1140 5349 1379 5396 creatum
1419 5343 1761 5398 conﬁtemur.
1829 5341 1996 5400 Iidem
2029 5351 2085 5399 et

513 5433 776 5505 Spiritum
803 5438 1057 5489 sanctum
1075 5432 1298 5487 omnino
1321 5441 1626 5488 creaturam
1647 5449 1770 5489 esse
1794 5433 2081 5502 deﬁniunt;

513 5538 746 5593 eumque
790 5519 1094 5594 ὁμοούσιον,
1143 5521 1197 5575 id
1227 5530 1310 5576 est
1350 5521 1875 5588 consubstantialem,
1927 5539 2090 5596 repuv

513 5614 682 5675 diem,
721 5613 1076 5684 ὁμοιοοὺσιον,
1106 5613 1208 5669 hoc
1242 5621 1326 5670 est
1353 5613 1658 5670 substantia
1698 5615 1954 5681 similem,
1989 5618 2089 5673 ad-

515 5700 760 5754 mittunt.
820 5699 979 5766 Quod
1022 5704 1198 5774 ipsum
1238 5713 1437 5789 tamen.
1471 5704 1695 5787 quidam
1735 5721 1801 5764 ex
1853 5707 1962 5765 illis
2002 5724 2090 5766 re-

515 5795 744 5858 spuunt.

2191 4061 2352 4133 δεῦρο
2387 4062 2478 4115 τὸν
2511 4063 2744 4132 Χριστὸν
2783 4063 3236 4118 διαϐεϐαιοῦνται.

2262 4153 2727 4222 Μαρκελλιανοί.
2780 4153 2913 4206 Ἀπὸ
2936 4154 3260 4225 Μαρκέλλου
3291 4153 3387 4208 τοῦ
3423 4154 3531 4209 άπὸ
3575 4150 3746 4220 Ἀγκύ-

2196 4260 2294 4315 ρας
2318 4246 2418 4316 τῆς
2451 4245 2736 4309 Γαλατίας.
2761 4238 2950 4308 Οὗτος,
2981 4247 3040 4299 ὲν
3069 4247 3215 4318 ἀρχῇ
3244 4245 3640 4317 παραπλησίως
3659 4242 3746 4293 Σα-

2192 4334 2384 4406 σελλίῳ
2446 4337 2761 4406 φρονήσας,
2815 4334 3167 4407 διεφημίσθη.
3215 4336 3308 4399 Εἰς
3365 4335 3653 4402 ἀπολογίας
3697 4328 3746 4382 δι

2191 4426 2450 4491 πολλάκις
2505 4427 2674 4481 ἐλθὼν
2711 4467 2727 4493 ,
2772 4429 2865 4481 καὶ
2924 4428 3217 4499 ἐγγράφως
3269 4426 3745 4496 ἀπολογησάμενος,

2192 4517 2343 4589 παρὰ
2400 4518 2610 4573 πολλῶν
2661 4521 2774 4584 τοῖς
2841 4520 3026 4583 αὐτοῖς
3088 4519 3346 4590 ἐμμένειν
3395 4511 3741 4587 κατηγορήθη·

2194 4610 2354 4674 Ἴσως
2403 4609 2460 4664 δὲ
2505 4612 2804 4682 μεταγνοὺς
2837 4612 2980 4682 τάχα
3015 4611 3209 4664 ἑαυτὸν
3242 4609 3614 4680 διωρθώσατο,
3642 4605 3672 4673 ἢ
3701 4599 3742 4653 οε

2191 4700 2353 4754 αὐτοῦ
2412 4700 2669 4772 μαθηταί.
2744 4701 2914 4771 ’Υπὲρ
2987 4701 3152 4755 αὑτοῦ
3205 4701 3313 4771 γὰρ
3366 4699 3400 4770 ἢ
3461 4699 3594 4766 ὑπὲρ
3649 4690 3742 4746 τῶν

2191 4790 2356 4845 αὐτοῦ
2398 4791 2654 4863 μαθητῶν
2694 4790 2964 4863 ὀρθόδοξοί
3002 4808 3146 4855 τινες
3201 4791 3380 4863 μέσως
3423 4784 3738 4862 ὑπεραπελο-

2189 4884 2404 4954 γοῦντο.

2271 4977 2602 5048 Ἠμιάρειοι.
2643 4978 2706 5031 Ol
2734 4977 2969 5048 Χριστὸν
2994 4976 3092 5046 μὲν
3123 4974 3328 5046 κτίσμα
3357 4970 3736 5046 ὁμολογοῦντες,

2190 5067 2444 5138 εἰρωνεία
2491 5067 2549 5121 δὲ
2581 5067 2787 5138 κτίσμα
2835 5066 2998 5120 αὐτὸν
3042 5067 3375 5136 φάσκοντες,
3413 5063 3524 5117 ἀλλ’
3561 5062 3649 5129 οὐχ
3675 5057 3736 5116 ὡς

2191 5158 2250 5212 ἓν
2271 5158 2377 5211 τῶν
2403 5158 2744 5228 κτισμάτων·
2775 5158 2942 5222 ἀλλὰ,
2983 5160 3145 5227 φασιν
3165 5199 3182 5225 ,
3229 5159 3355 5212 Υἰδν
3383 5157 3602 5226 λέγομεν
3624 5173 3635 5183 ·
3662 5147 3738 5204 διὰ

2191 5249 2248 5303 δὶ
2276 5249 2337 5302 τὸ
2367 5249 2444 5321 μὴ
2477 5249 2648 5313 πάθος
2686 5251 2964 5322 προσάψαι
3003 5249 3082 5321 τῷ
3111 5253 3288 5323 Πατρὶ
3322 5252 3409 5305 διὰ
3449 5249 3540 5304 τοῦ
3575 5258 3737 5312 γεγεν·

2191 5339 2433 5410 νηκέναι,
2471 5339 2687 5392 κτιστὸν
2717 5339 2877 5394 αὐτὸν
2909 5340 3160 5411 λέγομεν.
3211 5340 3477 5403 Ὡσαύτως
3513 5336 3603 5392 καὶ
3627 5327 3736 5398 περὶ

2191 5431 2286 5485 τοῦ
2308 5431 2447 5484 Πνεύ
2457 5449 2626 5502 ματος
2657 5431 2752 5484 τοῦ
2795 5431 2950 5499 ἁγίου
2972 5471 2987 5495 ,
3013 5433 3219 5505 κτίσμα
3265 5430 3534 5492 παντελῶς
3555 5423 3736 5496 ὁρίζον-

2193 5538 2314 5586 ται,
2369 5520 2840 5590 παρεκόάλλοντες
2873 5520 3003 5575 Υἱοῦ
3056 5521 3122 5576 τὸ
3175 5522 3524 5592 ὀμοούσιον,
3575 5517 3736 5580 ὁμοεο-

2193 5615 2405 5668 ούσιον
2435 5615 2491 5666 δὲ
2517 5613 2730 5668 θέλουσι
2758 5615 2958 5683 λέγειν.
2993 5615 3174 5670 ’Ἄλλοι
3219 5615 3276 5669 δὲ
3300 5612 3360 5680 ἐξ
3383 5610 3553 5668 αὐτῶν
3580 5602 3664 5660 καὶ
3683 5595 3735 5651 τδ

2150 5708 2159 5727 ’
2192 5706 2529 5778 ὁμοιοούσιον
2559 5706 2949 5779 παρεξέϐαλον.
