3994 6416
212 364 315 433 557
1236 368 1603 426 ADVERSUS
1631 369 1979 428 “(ERESES
2000 371 2128 429 LIB.
2167 371 2266 427 Ill.
2299 371 2464 428 ΤΟΜ.
2506 371 2544 425 l.
3374 369 3485 428 538

288 479 804 550 Πγευματομὰχοι.
840 475 997 537 Οὗτοι
1035 484 1163 556 περὶ
1194 484 1295 558 μὲν
1334 487 1572 558 Χριστοῦ
1619 489 1798 552 καλῶς
1831 543 1834 554 ,

1979 491 2475 546 Pncumatomachi.
2509 487 2584 544 De
2619 486 2839 543 Christo
2891 485 2982 543 isti
3022 501 3131 542 non
3172 485 3315 540 male
3357 501 3482 541 scn-

215 580 421 643 ἕχουσι,
467 570 531 624 τὸ
568 572 794 642 Πνεῦμα
829 573 891 626 τὸ
936 573 1090 642 ἅγιον
1136 575 1539 647 βλασφημοῦσι,
1580 577 1799 631 κτιστὸν

1939 585 2084 651 Eunt;
2135 584 2230 640 sed
2281 584 2336 638 in
2391 580 2654 652 Spiritum
2687 586 2939 635 sanctum
2991 576 3357 634 contumelias
3391 575 3478 645 ja-

216 661 353 715 αὺτὸ
388 660 719 738 ὁριζόμενοι,
749 663 844 716 καὶ
874 664 974 717 οὐκ
1001 663 1061 717 δν
1089 666 1152 718 ὲκ
1172 667 1271 736 τῆς
1305 667 1576 738 θεότητος,
1604 667 1800 738 μᾶλλον

1939 676 2093 739 iunt,
2153 689 2278 730 cum
2312 682 2370 730 et
2411 678 2654 728 creatum
2685 676 3020 734 asseverant,
3053 677 3108 722 et
3135 683 3166 721 a
3197 667 3486 722 divinitate

219 752 274 804 se
309 753 768 824 καταχρηστικῶς
795 755 884 809 διὰ
911 756 1194 827 ἐνέργειαν
1216 759 1522 824 κεκτίσθαι,
1547 761 1804 834 ἀγιαγστι-

1939 764 2189 833 ejiciant:
2224 764 2336 820 imo
2367 777 2497 818 vero
2523 759 2786 818 abusione
2813 759 3047 830 quadam
3080 758 3234 814 vocis
3260 763 3486 828 propter

221 844 328 915 κὴν
357 845 487 898 αὐτὸ
516 844 744 917 δύναμιν
767 845 1066 916 φάσκοντες
1092 845 1232 904 εἶναι
1268 851 1448 922 μόνον.

1941 853 2180 910 ctionem
2223 854 2400 925 ipsam
2457 859 2701 908 creatum
2759 865 2880 906 esse
2936 849 3160 915 dicant;
3202 863 3304 904 nec
3335 846 3482 902 aliud

513 959 518 962 '
1816 953 1818 956 '
1873 951 1876 954 ’
1907 958 2030 1000 esse
2059 943 2379 1014 quidquam.
2415 949 2614 1015 praeter
2643 942 2750 994 vim
2790 938 3195 996 sanctiﬁcandi.

309 1045 615 1114 Ἄεριανοί.
667 1041 834 1111 Οὗτος
883 1048 1092 1120 ’Λέριος
1131 1049 1238 1103 ἀπὸ
1286 1052 1495 1106 Πόντου
1548 1052 1802 1124 ὁρμᾶται.

231 1139 353 1191 Ἐτ.
412 1137 469 1189 δὲ
513 1137 674 1208 δεῦρο
733 1137 980 1210 περίεστι
1017 1141 1325 1212 πειρασμὸς
1384 1141 1460 1211 τῷ
1503 1141 1621 1212 βίῳ.
1669 1143 1810 1214 Πρε-

229 1228 493 1300 σϐύτερος
540 1221 698 1292 οὗτος
726 1224 794 1300 ἦν
826 1229 920 1283 τοῦ
962 1231 1260 1284 ἐπισκόπου
1289 1231 1387 1285 τοῦ
1413 1233 1711 1287 Εὑσταθίου
1751 1236 1812 1287 ἐν

243 1321 538 1390 Ἀρειανοῖς
578 1318 957 1391 διαϐληθέντος
981 1339 996 1352 ·
1042 1321 1137 1374 καὶ
1183 1323 1371 1394 ἐπειδὴ
1407 1323 1568 1387 αὐτὸς
1605 1324 1812 1397 ’Λέριος

228 1413 291 1464 οὐ
314 1409 620 1481 κατεστάθη
657 1411 973 1480 ἐπίσκοπος,
1006 1411 1177 1466 πολλὰ
1200 1413 1340 1467 κατὰ
1358 1414 1457 1485 τῆς
1487 1414 1811 1487 Ἐκκλησίας

229 1501 576 1572 ἐδογμάτισε,
605 1504 670 1573 τῆ
701 1501 799 1572 μὲν
829 1502 1011 1556 πίστει
1035 1501 1112 1556 ὢν
1157 1504 1432 1574 Ἀρειανὸς
1455 1506 1812 1573 τελειότατος,

231 1593 613 1665 περιττότερον
669 1593 726 1646 δὲ
777 1592 1115 1664 δογματίζει.
1176 1597 1268 1666 Μὴ
1314 1596 1425 1651 δεῖν
1474 1615 1607 1668 φησι
1655 1615 1817 1670 προσ-

1981 1055 2222 1109 Aeriani.
2247 1053 2446 1109 Aerius
2465 1063 2498 1108 e
2512 1051 2685 1107 Ponto
2711 1050 2980 1106 oriundus
3002 1049 3276 1120 hodieque
3293 1062 3487 1118 magna

1911 1144 2139 1198 humani
2171 1143 2390 1216 generis
2435 1141 2750 1197 calamitate
2790 1145 3060 1210 superest.
3111 1136 3315 1193 Fuerat
3359 1137 3488 1191 olim

1912 1232 2184 1289 Eustathii
2231 1233 2472 1304 episcOpi
2499 1274 2514 1298 ,
2548 1231 2642 1303 qui
2671 1231 2860 1284 Ariani
2889 1230 3097 1285 erroris
3137 1228 3492 1285 insimulatus

1912 1330 2038 1389 cst,
2072 1323 2390 1395 presbyter;
2444 1322 2537 1393 qui
2577 1322 2724 1392 quod
2761 1321 3055 1391 episcopus
3107 1329 3328 1395 creatus
3383 1334 3494 1374 non

1913 1421 2079 1476 esset,
2097 1413 2268 1468 multa
2288 1413 2551 1469 adversus
2575 1412 2900 1468 catholicam
2919 1411 3215 1466 Ecclesiam
3241 1412 3494 1480 dogmata

1916 1512 2268 1560 commentus
2290 1512 2396 1572 est,
2428 1519 2514 1571 ac,
2552 1504 2699 1575 quod
2727 1502 2797 1557 ad
2826 1501 2987 1558 ﬁdem
3032 1502 3248 1563 attinet,
3276 1517 3462 1570 germa
3487 1529 3494 1535 -

1916 1611 2024 1652 nus
2045 1597 2160 1651 Arii
2185 1603 2423 1652 sectator
2453 1604 2557 1652 est.
2590 1595 2696 1651 Sed
2727 1595 2964 1665 amplius
2994 1593 3251 1663 quiddam
3281 1593 3499 1662 profite-

232 1686 422 1757 φέρειν
453 1685 591 1754 ὑπὲρ
650 1684 760 1739 τῶν
813 1687 1356 1758 προκεκοιμημένων.
1419 1687 1717 1760 Νηστεύειν
1759 1689 1818 1744 δὲ

1944 1702 2044 1742 ur:
2078 1687 2384 1743 oblationes
2427 1701 2528 1756 pro
2577 1687 2812 1740 mortuis
2867 1700 2974 1740 non
3006 1699 3128 1740 esse
3180 1684 3498 1750 faciendas;

233 1776 469 1846 τετράδα
518 1775 614 1829 καὶ
661 1776 1040 1846 προσάϐϐατον
1074 1778 1167 1830 καὶ⁹
1219 1778 1671 1850 Τεσσαρακοστὴν
1726 1779 1819 1834 καὶ

1942 1778 2128 1848 ejunia
2185 1785 2396 1850 quartae
2429 1776 2578 1833 feriae
2601 1817 2616 1842 ,
2655 1785 2710 1832 et
2746 1776 3080 1832 Parasceves
3104 1816 3118 1840 ,
3149 1791 3214 1830 ac
3252 1775 3501 1840 Quadra-

234 1870 433 1938 Πάσχα
477 1866 676 1921 κωλύει
696 1883 709 1897 ·
738 1868 1039 1933 άποταξίαν
1090 1869 1376 1941 κηρύσσει.
1409 1871 1817 1943 Σαρκοφαγίαις

1939 1869 2188 1938 ςεείῐηεε,
2251 1883 2468 1923 necnon
2518 1874 2572 1922 et
2624 1865 2911 1922 Pascbatis
2968 1866 3281 1930 interdicit;
3317 1880 3500 1920 rerum

234 1959 292 2012 δὲ
324 1957 603 2021 παντοίαις
631 1957 895 2030 κέχρηται
933 1959 1027 2012 καὶ
1049 1961 1283 2030 τρυφαῖς
1310 1961 1502 2024 ἀδεῶς.
1535 1961 1598 2014 Ei
1640 1961 1698 2014 δέ
1735 1978 1820 2025 τις

1939 1959 2164 2014 ηηηὶιιηι
2198 1959 2664 2014 renuntiationem
2694 1957 2988 2028 prmdicat;
3019 1958 3266 2011 carnium
3301 1973 3364 2010 ac
3409 1957 3504 2011 dc-

235 2049 351 2102 τῶν
403 2047 565 2102 αὑτοῦ
616 2048 857 2120 βούλοιτο
908 2049 1210 2121 νηστεύειν,
1255 2051 1332 2122 μὴ
1366 2053 1424 2106 ὲν
1468 2053 1702 2124 ἡμέραις
1734 2071 1822 2106 τε-

237 2140 543 2210 ταγμέναις
580 2141 766 2210 φησὶν,
815 2140 928 2195 ἀλλ’
968 2142 1056 2193 ὅτε
1099 2140 1367 2211 βούλεται.
1410 2142 1484 2196 Οὐ
1509 2142 1619 2214 γὰρ
1641 2138 1688 2196 εἶ
1717 2143 1824 2197 ὑπὸ

239 2229 428 2300 νόμον.
463 2230 663 2284 Φάσκει
690 2231 746 2284 δὲ
769 2231 904 2302 μηδὲ
936 2226 1074 2284 εἶναι
1103 2230 1502 2305 διαφορώτερον
1526 2233 1825 2287 ἐπίσκοπον

240 2319 644 2391 πρεσϐυτέρου.

331 2520 628 2574 Ἇετιανοί.
676 2521 741 2574 Οί
778 2521 886 2574 ἀπὸ
925 2520 1132 2575 Ἀετίου
1163 2518 1256 2574 τοῦ
1304 2519 1547 2582 Κίλικος,
1581 2517 1828 2572 διακόνου

239 2609 540 2680 γενομένου
572 2611 677 2663 ὑπὸ
699 2610 740 2663 Γ
742 2611 974 2682 εωργίου
1003 2611 1098 2664 τοῦ
1128 2609 1238 2664 τῶν
1275 2609 1568 2682 Ἀρειανῶν
1607 2609 1828 2662 ὲπισκόο

242 2719 354 2755 που
378 2701 476 2772 τῆς
517 2701 946 2772 Ἀλεξανδρείας,
971 2704 1022 2755 οἱ
1052 2703 1145 2756 καὶ
1181 2703 1450 2772 Ἀνόμοιοι
1480 2701 1827 2772 καλούμενοι,

245 2790 405 2862 παρά
462 2807 570 2843 τισι
621 2790 678 2844 δὲ
713 2790 1034 2860 Εὐνομιανοὶ
1069 2790 1135 2843 δι’
1183 2789 1446 2860 Εὑνόμιόν
1493 2805 1614 2842 τινα
1658 2787 1833 2858 μαθη-

247 2880 349 2952 τὴν
378 2880 471 2934 τοῦ
526 2880 730 2934 Ἀετίου
768 2880 1057 2949 γενόμενον
1083 2880 1162 2934 έτι
1197 2881 1480 2952 περιόντα.
1511 2881 1616 2933 Σὺν
1650 2879 1831 2942 αὐτοῖς

248 2970 308 3022 δὲ
333 2965 402 3039 ἦν
425 2968 518 3022 καὶ
543 2968 791 3033 Εὑδόξιος
815 2985 827 2998 '
857 2968 993 3023 ἀλλὰ
1019 2969 1179 3040 δῆθεν
1215 2969 1304 3022 διὰ
1325 2969 1416 3022 τὸν
1447 2969 1584 3040 πρὸς
1610 2968 1700 3021 τὸν
1735 2966 1832 3037 βα-

254 3061 408 3115 σιλέα
438 3060 529 3113 τὸν
580 3060 957 3114 Κωνστάντιον
990 3061 1151 3130 φόϐον
1198 3060 1473 3132 ἀφώρισεν
1503 3059 1715 3123 ἑαυτὸν,
1739 3059 1834 3112 καί

1922 2049 2173 2104 liciarum
2221 2051 2292 2104 ad
2328 2051 2498 2104 vitam
2549 2062 2712 2103 omne
2749 2063 2922 2119 genus
2970 2049 3209 2102 adhibet.
3250 2046 3404 2112 Quod
3455 2047 3504 2101 si

1923 2139 2050 2210 quis
2100 2145 2429 2194 sectatorum
2478 2150 2706 2193 suorum
2755 2135 3007 2206 jejunare
3053 2135 3219 2199 velit,
3263 2136 3506 2190 detinitis

1925 2231 2029 2286 hoc
2061 2231 2256 2286 diebus
2301 2230 2482 2284 facere
2515 2227 2809 2299 prohibet,
2845 2227 2940 2282 sed
2995 2227 3212 2296 quando
3260 2227 3504 2281 libuerit.

1925 2321 2114 2392 Neque
2141 2321 2310 2388 enim,
2339 2319 2541 2390 inquit,
2572 2317 2680 2389 legi
2723 2317 3005 2388 subjectus
3049 2333 3128 2373 es.
3174 2317 3504 2388 Episcopum

1928 2413 2087 2468 docet
2115 2412 2291 2466 nihilo
2329 2409 2763 2482 praestantiorem
2797 2424 2921 2465 esse
2951 2409 3292 2480 presbytero.

2000 2523 2232 2578 Aetiam‘.
2281 2521 2456 2593 Hujus
2487 2521 2714 2578 ἣξει-σεῖε
2761 2521 2952 2578 Aetius
3002 2522 3222 2592 quidam
3257 2523 3510 2575 inventor

1929 2615 2170 2680 exstitit,
2201 2627 2400 2684 genere
2447 2613 2624 2677 Cilix,
2673 2613 2767 2682 qui
2829 2626 2859 2665 a
2893 2609 3127 2682 Georgio
3175 2611 3507 2665 Arianorum

1929 2705 2190 2774 episcopo
2225 2701 2493 2756 diaconus
2542 2698 2829 2755 ordinatus
2895 2707 2999 2754 est.
3054 2702 3346 2754 Anomwos
3391 2699 3512 2751 illos

1932 2793 2244 2864 appellant;
2292 2791 2385 2846 alii
2415 2789 2786 2845 Eunomianos
2810 2827 2826 2852 ,
2874 2789 2944 2844 ab
2977 2788 3244 2843 Eunomio
3275 2787 3510 2856 quodam

1933 2884 2076 2940 Aetii
2114 2882 2408 2953 discipulo,
2439 2881 2534 2952 qui
2559 2881 2662 2935 hoc
2691 2889 2932 2950 tempore
2966 2887 3237 2948 superest.
3282 2877 3513 2930 Earum-

1936 2974 2059 3028 dem
2091 2973 2328 3042 partium
2356 2981 2475 3028 erat
2499 2979 2553 3027 et
2580 2969 2860 3026 Eudoxius
2889 2987 2904 3035 ;
2935 2968 3034 3025 sed
3059 2969 3371 3024 Constantii
3409 2969 3510 3020 im-

1936 3065 2207 3135 peratoris
2233 3071 2382 3118 metu
2411 3063 2480 3116 ab
2507 3062 2617 3118 illis
2659 3077 2720 3117 se
2755 3075 3050 3131 segregans
3079 3059 3296 3115 Aetium
3337 3060 3514 3114 solum

256 3150 460 3221 μᾶλλον
505 3150 594 3203 τὸν
645 3149 848 3204 Ἀέτιον
902 3148 1180 3222 ἐξώρισεν.
1216 3152 1437 3220 Ἔμεινε
1481 3150 1538 3202 δὲ
1585 3151 1834 3216 Εὑδόξιος

1939 3156 2166 3226 relegari
2216 3170 2413 3225 passus
2441 3161 2557 3218 est,
2594 3169 2904 3224 quanquam
2950 3153 3003 3206 in
3027 3153 3236 3207 Ariano
3266 3152 3517 3221 dogmate

252 3244 600 3315 ἀρειανίςων,
661 3243 721 3296 οὐ
767 3242 948 3313 μέντοι
989 3259 1054 3312 γε
1097 3242 1237 3296 κατὰ
1278 3242 1372 3296 τὸν
1415 3242 1636 3295 Ἀέτιον.
1676 3234 1836 3295 Οῦτοι

269 3329 556 3396 Ἀνόμοιοι,
616 3329 665 3380 οἱ
719 3329 812 3382 καὶ
858 3329 1142 3394 Ἀετιανοὶ,
1177 3329 1227 3382 οἳ
1263 3329 1576 3383 παντάπασι
1609 3328 1838 3400 Χριστὸν

257 3419 356 3474 καί
387 3418 446 3470 τὸ
483 3418 635 3486 ἅγιον
674 3417 902 3489 Πνεῦμα
952 3418 1374 3490 ἀπαλλοτριοῦσι
1421 3417 1582 3483 Θεοῦ,
1625 3419 1839 3472 κτιστὸν

255 3510 420 3564 αὑτὸν
448 3509 930 3581 διαϐεϐαιούμενοι,
955 3511 1050 3565 καὶ
1077 3511 1197 3564 οὐδὲ
1223 3510 1515 3580 ὁμοιότητά
1541 3528 1665 3565 τινα
1695 3510 1840 3581 ἔχειν

257 3602 529 3672 λέγουσιν.
569 3604 665 3656 Ἐκ
709 3603 1081 3674 συλλογισμῶν
1107 3603 1217 3674 γὰρ
1257 3605 1350 3656 καὶ
1395 3601 1843 3674 Ἀριστοτελικῶν

259 3696 358 3749 καὶ
388 3693 775 3766 γεωμετρικῶν
799 3694 890 3748 τὸν
928 3695 1060 3748 Θεὸν
1110 3695 1380 3764 παριστᾷν
1414 3693 1713 3763 βούλονται,
1749 3694 1844 3746 καὶ

259 3786 494 3856 Χριστὸν
515 3785 673 3852 δῆθεν
704 3784 779 3856 μὴ
815 3784 1075 3840 δύνασθαι
1111 3780 1250 3837 εἶναι
1291 3787 1358 3838 ὲκ
1377 3784 1511 3838 Θεοῦ
1546 3784 1634 3838 διὰ
1669 3784 1844 3838 τοιού-

259 3892 392 3928 των.
421 3875 482 3926 Oi
518 3873 576 3926 δὲ
605 3874 700 3926 ἀπ’
724 3871 889 3927 αὑτοῦ
932 3873 1254 3944 Εὑνομιανοὶ
1294 3875 1310 3903 ¹
1361 3873 1684 3944 καλούμενοι
1717 3877 1848 3929 ἀνα-

263 3963 586 4028 ϐαπτίζουσι
617 3963 824 4026 πάντας
848 3965 974 4028 τοὺς
1003 3964 1140 4034 πρὸς
1175 3964 1371 4028 αὐτοὺς
1407 3966 1755 4037 ἐρχομένους,
1784 3967 1845 4020 οὐ

265 4055 431 4126 μόνον
461 4057 505 4117 ³,
540 4053 672 4107 ἀλλὰ
701 4054 942 4117 καὶτοὺς
963 4053 1073 4107 ἀπὸ
1108 4053 1418 4124 Ἀρειανῶν,
1451 4055 1592 4109 κατὰ
1605 4055 1848 4126 κεφαλῆς

264 4147 382 4199 ἄνω
422 4147 550 4208 τοὺς
590 4145 756 4208 πόδας
810 4145 1134 4216 στρέφοντες
1165 4144 1273 4197 τῶν
1307 4143 1738 4216 βαπτιζομένων,
1773 4147 1850 4210 ὡς

266 4237 436 4300 πολὺς
476 4236 658 4307 ᾄδεται
696 4235 870 4305 λόγος.
910 4237 984 4288 Τὸ
1015 4235 1072 4288 δὲ
1099 4234 1365 4306 σφαλῆναι
1403 4234 1461 4288 έν
1493 4253 1596 4289 τινι
1624 4237 1851 4308 πορνείᾳ

266 4326 301 4396 ἢ
332 4327 494 4397 ἑτέρᾳ
519 4327 765 4398 ἁμαρτίᾳ
798 4326 948 4381 οὐδὲν
972 4321 1112 4379 εἶναί
1153 4342 1314 4395 φασιν
1335 4343 1349 4358 ο
1376 4324 1529 4379 οὐδὲν
1562 4325 1672 4398 γὰρ
1700 4329 1852 4397 ζητεῖ

267 4417 404 4477 Θεὸς
432 4417 568 4470 ἀλλὰ
599 4417 661 4471 τὸ
691 4412 828 4473 εἶναι
856 4419 914 4472 ὲν
943 4417 1118 4491 ταύτῃ
1153 4418 1290 4489 μόνῃ
1328 4418 1394 4488 τῇ
1425 4416 1606 4472 αὐτῶν
1634 4418 1852 4488 νομιζο-

270 4510 414 4580 μένῃ
442 4510 644 4563 πίστει.

341 4616 511 4676 Αῦταί
558 4624 619 4676 τέ
674 4620 813 4676 εἰσιν
865 4623 1066 4694 ὁμοίως
1109 4626 1204 4678 καὶ
1243 4625 1338 4678 τοῦ
1380 4625 1563 4697 τρίτου
1619 4623 1846 4696 βιϐλίου,

263 4712 435 4766 ἕκτου
461 4712 517 4766 δὲ
543 4712 695 4777 ὄντος
731 4713 901 4782 τόμου
934 4713 1076 4766 γατά
1103 4713 1200 4784 τὴν
1243 4713 1586 4782 ἀκολουθίαν,
1609 4713 1855 4784 αἱρέσεις

264 4803 436 4859 ἑπτά.

344 5065 366 5099 ⁸
399 5064 456 5120 lu
498 5063 635 5138 Reg.
680 5065 1013 5134 Εὑγενιανοι.
1098 5069 1117 5098 ¹
1148 5066 1307 5123 Deest
1331 5065 1667 5138 όρθοδόξους.

1939 3247 2348 3316 perseveravit,
2405 3244 2501 3299 sed
2560 3245 2777 3300 Aetium
2841 3243 3065 3298 minime
3126 3253 3347 3298 secutus
3411 3251 3513 3296 est.

1939 3335 2111 3391 Porro
2139 3337 2410 3401 Anommi,
2444 3336 2560 3391 sive
2588 3334 2802 3389 Aetiani
2838 3333 3139 3398 Christum,
3171 3342 3225 3389 et
3253 3332 3518 3402 Spiritum

1941 3435 2193 3484 sanctum
2229 3441 2259 3480 a
2301 3425 2414 3481 Deo
2455 3425 2706 3481 funditus
2747 3424 2985 3479 alienum
3021 3438 3145 3478 esse
3199 3423 3520 3494 praedicant,

1944 3530 2083 3585 quos
2109 3523 2324 3570 creatos
2353 3528 2478 3570 esse
2503 3554 2518 3578 ,
2549 3529 2728 3583 neque
2752 3511 3052 3582 quidquam
3083 3511 3284 3567 habere
3324 3511 3523 3565 simili.

1942 3605 2150 3662 tudinis
2209 3612 2488 3661 asserunt.
2533 3604 2745 3674 Quippe
2800 3601 3136 3673 syllogismis
3190 3601 3521 3672 quihusdam

1943 3696 2308 3753 Aristotelicis
2339 3710 2403 3751 ac
2449 3694 2798 3765 geometricis
2822 3692 2917 3749 Dei
2964 3702 3221 3748 naturam
3247 3691 3525 3762 explicare

1945 3788 2208 3853 student;
2247 3786 2550 3856 iisdemque
2589 3785 2820 3854 probare
2847 3783 3133 3839 Christum
3166 3799 3198 3838 a
3241 3782 3357 3838 Deo
3389 3781 3526 3836 oriri

1944 3880 2111 3950 810
2145 3893 2255 3934 non
2295 3894 2476 3948 posse.
2504 3877 2833 3932 Eunomiani
2865 3890 2998 3931 vero
3032 3875 3101 3932 ab
3133 3874 3256 3945 ipso
3286 3872 3521 3945 profecti

1946 3986 2139 4026 omnes
2165 4010 2180 4036 ,
2217 3971 2311 4041 qui
2343 3971 2408 4025 ad
2441 3985 2500 4027 se
2518 3971 2745 4026 veniunt
2768 4010 2784 4036 ,
2828 3971 3026 4026 iterato
3057 3968 3338 4038 baptizant
3364 4008 3379 4032 ,
3417 3981 3527 4020 non

1946 4057 2262 4112 Catholicos
2291 4059 2499 4124 solum,
2531 4057 2625 4112 sed
2659 4057 2745 4111 vel
2789 4057 3022 4112 Arianos
3054 4057 3242 4125 ipsos;
3275 4052 3438 4122 idque
3463 4065 3532 4106 eo

1949 4148 2153 4212 modo,
2209 4155 2269 4206 ut
2305 4149 2538 4218 pedibus
2589 4149 2645 4204 in
2684 4150 2884 4204 coalum
2923 4146 3204 4203 conversis
3256 4147 3313 4198 in
3365 4150 3532 4213 eaput

1951 4239 2075 4293 illos
2107 4239 2412 4310 intingant,
2440 4240 2588 4309 quod
2634 4240 2702 4295 de
2735 4239 2846 4293 illis
2874 4236 3207 4308 percrebuit.
3243 4235 3528 4303 Sluprum,

1953 4333 2046 4379 aut
2072 4325 2218 4380 aliud
2266 4326 2550 4396 quodlibet
2593 4334 2878 4396 peccatum
2914 4325 3050 4378 nihil
3083 4338 3206 4378 esse
3235 4322 3526 4386 dictitant;

1953 4433 2130 4488 neque
2157 4417 2302 4472 enim
2347 4417 2518 4471 Deum
2547 4417 2694 4471 aliud
2735 4430 2980 4484 quaerere
3005 4455 3019 4479 ,
3053 4427 3215 4484 quam
3267 4419 3328 4466 ut
3373 4412 3426 4464 in
3462 4424 3530 4466 ea

1881 4501 1931 4562 D
1958 4508 2092 4570 sola,
2122 4523 2285 4578 quam
2326 4507 2429 4578 ipsi
2459 4507 2780 4578 praedicant,
2802 4496 2923 4560 'lide
2955 4511 3351 4575 perseveratur.

2029 4619 2122 4675 liae
2157 4630 2284 4676 sunt
2319 4621 2553 4677 haereses
2602 4619 2709 4673 illa:
2756 4627 2962 4688 septem
2991 4660 3005 4687 ,
3035 4632 3173 4688 quas
3214 4624 3401 4672 sextus
3429 4611 3535 4669 iste

1956 4711 2084 4767 libri
2125 4713 2271 4768 tertii
2303 4721 2487 4768 tomus
2525 4711 2928 4783 complectitur.
2999 4727 3012 4740 ο
