3994 6398
537 361 646 416 539

1897 364 1950 418 8.
1992 365 2112 418 EPll

2214 365 2333 420 ιΝιι
3660 366 3748 422 56⁸)

1063 734 1449 821 ΤΟΜΟΣ
1509 734 1951 821 ΠΡΩΤΟΣ
2024 734 2252 822 ΤΟΥ
2322 737 2724 824 ΤΡΙΤΟΥ
2801 735 3267 865 ΒΙΒΛΙΟΥ.

1596 1054 1926 1142 LIBRI
2007 1056 2152 1144 Ill
2232 1052 2642 1148 TOMUS
2718 1057 2798 1144 Ι.

712 1345 878 1422 81],
905 1349 992 1404 DE
1031 1348 1422 1404 SClllSSlATE
1449 1347 1931 1418 AUDIANORUM,

856 1462 988 1530 Qua
1016 1471 1091 1515 est
1127 1462 1342 1516 Iurresis
1381 1461 1445 1530 L,
1476 1463 1580 1516 sive
1611 1462 1776 1519 LXX.

605 1576 643 1630 ι.
672 1574 929 1640 Audiani,
961 1575 1077 1631 sive
1108 1572 1324 1640 Odiani,
1350 1575 1404 1630 in
1435 1583 1638 1632 emtum
1662 1577 1951 1646 quemdam
1980 1593 2112 1632 con-

538 1675 868 1736 ventumque
899 1665 1138 1730 collccti,
1169 1666 1228 1721 in
1277 1668 1630 1723 monasteriis
1667 1668 1916 1722 habitant
1955 1676 2011 1724 et
2043 1667 2114 1723 ab

537 1757 820 1811 hominum
849 1755 1249 1812 consuetudine
1275 1759 1538 1827 separati,
1568 1759 1766 1828 partim
1788 1759 1843 1814 in
1861 1759 2113 1815 solitudi-

538 1848 724 1912 nibus,
751 1848 950 1918 partim
975 1862 1144 1918 prope
1178 1847 1378 1918 oppida
1398 1887 1414 1912 ,
1448 1856 1541 1903 aut
1570 1850 1626 1906 in
1651 1850 1986 1906 suburbanis
2020 1851 2114 1906 de-

537 1949 672 2008 gunt
692 1955 710 2004 ;
731 1947 829 1992 aut
858 1938 1173 2010 ubicunque
1205 1941 1518 1996 mansiones
1541 1956 1673 1996 suas
1716 1943 1831 1997 sive
1861 1943 2111 1998 cmnobia

537 2028 882 2083 collocarint.
925 2027 1102 2097 llujus
1146 2038 1308 2083 sectae
1339 2029 1590 2084 conditor
1638 2029 1742 2084 fuit
1767 2031 1981 2086 Audius
2007 2031 2114 2086 sub

538 2120 650 2174 Arii
699 2129 944 2189 tempora
967 2158 983 2184 ,
1014 2119 1236 2189 quando
1266 2119 1531 2177 adversus
1557 2121 1704 2176 hunc
1732 2122 1963 2177 collecta
1995 2121 2113 2191 epi-

532 2227 829 2281 scoporum
862 2210 1108 2282 synodus
1133 2218 1241 2276 est,
1280 2226 1310 2264 a
1332 2212 1536 2281 quibus
1562 2220 1647 2268 est
1675 2213 1767 2268 ille
1796 2213 2110 2268 damnatus.

537 2303 646 2358 Sed
691 2302 906 2358 Andius
939 2317 974 2358 e
1019 2301 1410 2372 Mesopotamia
1436 2302 1709 2362 oriundus
1752 2303 1899 2358 domi
1927 2303 2112 2359 clarus

535 2397 593 2450 in
641 2396 838 2466 primis
869 2395 972 2451 fuit
997 2435 1015 2459 ,
1054 2405 1272 2467 propter
1304 2403 1361 2451 et
1383 2395 1510 2450 vita:
1539 2395 1909 2466 integritatem
1938 2404 1993 2450 et
2024 2395 2112 2448 di-

535 2489 678 2542 vinae
708 2487 832 2542 ﬁdei
867 2487 1046 2542 zelum
1080 2495 1136 2542 et
1174 2485 1451 2542 ardorem.
1499 2484 1755 2553 Quicum
1794 2500 1939 2556 saepe
1969 2501 2114 2540 non-

536 2579 687 2633 nttlla
713 2577 940 2640 videret,
971 2589 1093 2647 qua:
1113 2576 1168 2629 in
1210 2574 1471 2632 Ecclesiis
1508 2590 1790 2646 perperam
1822 2584 2111 2648 geruntur,

535 2672 825 2740 episcopos
870 2680 936 2722 ac
983 2666 1333 2737 presbyteros
1361 2681 1545 2722 coram
1582 2666 1865 2737 increpare
1894 2681 1959 2721 ac
1987 2666 2112 2722 red-

535 2772 769 2829 arguere
822 2771 934 2812 non
1007 2757 1298 2812 verebatur
1347 2765 1401 2810 et
1450 2755 1746 2812 identidem
1824 2771 2048 2813 monere
2090 2777 2104 2812 :

535 2849 655 2904 Non
683 2850 881 2905 debent
907 2848 1022 2903 haec
1039 2849 1145 2903 isto
1177 2847 1340 2902 modo
1365 2846 1481 2902 fieri
1501 2865 1517 2914 ;
1541 2862 1649 2903 non
1677 2849 1749 2904 ita
1786 2849 1903 2903 haec
1934 2848 2108 2903 admi-

537 2943 775 2996 nistrare
797 2939 1066 2996 convenit.
1086 2939 1233 3002 ﬂare,
1267 2946 1522 3010 tanquam
1547 2940 1791 2996 veritatis
1808 2955 2022 3005 amans,
2042 2955 2108 2994 ac

535 3033 703 3104 812
727 3040 924 3088 caetera
974 3031 1028 3086 id
1059 3046 1233 3102 genus
1263 3045 1531 3100 usurpare
1575 3030 1824 3093 solebat,
1864 3045 1987 3100 qua:
2015 3046 2109 3086 ιιι-

537 3127 758 3197 qtrisita:
799 3125 1092 3196 probitatis
1133 3123 1447 3180 hominibus
1479 3122 1767 3177 familiaria
1799 3133 1968 3187 sunt,
2011 3121 2106 3191 qui

535 3219 608 3272 ob
628 3215 905 3286 egregium
934 3214 1156 3284 pietatis
1177 3213 1420 3269 studium
1457 3228 1724 3269 summam
1751 3214 1808 3269 in
1835 3213 2110 3284 loquendo

537 3307 839 3362 libertatem
870 3305 1150 3361 adhibent.
1196 3304 1379 3371 Quare
1433 3321 1557 3361 cum
1605 3305 1909 3373 nonnulla,
1963 3304 2110 3359 sicut

535 3401 671 3466 dixi,
704 3401 847 3456 male
879 3401 934 3455 in
964 3399 1226 3456 Eeclesiis
1263 3400 1376 3471 geri
1411 3407 1681 3464 cerneret,
1712 3413 2108 3468 nonnunquam

534 3509 658 3563 qua:
686 3492 914 3547 sentiret
948 3492 1134 3563 loqui,
1167 3505 1232 3545 ac
1282 3491 1610 3561 redarguere
1640 3491 1974 3560 cogebatur,
2006 3503 2108 3543 nec

531 3584 760 3639 omnino
790 3593 976 3642 tacere
1024 3591 1256 3652 poterat.
1300 3579 1456 3635 Velut
1504 3582 1550 3636 si
1600 3595 1766 3648 quem
1813 3595 1844 3634 e
1891 3579 2110 3636 clericis

537 3674 890 3745 pecuniarum
937 3672 1062 3742 plus
1098 3685 1254 3741 atquo
1287 3669 1547 3739 cupidum
1596 3669 1845 3734 videret,
1895 3667 2111 3738 episco-

536 3778 666 3832 pum
690 3799 709 3824 ,
733 3773 826 3816 aut
858 3760 1239 3831 presbyterum
1263 3798 1278 3820 ,
1310 3767 1404 3812 aut
1439 3759 1607 3812 alium
1631 3757 1943 3827 quempiam
1970 3796 1987 3822 ,
2014 3757 2110 3827 qui

535 3850 927 3906 ecclesiasticis
956 3849 1242 3904 ordinibus
1275 3855 1602 3914 censentur,
1635 3846 1970 3916 exprobrare
2003 3861 2110 3902 non

537 3941 858 4004 dubitabat;
911 3948 1005 3995 aut
1051 3940 1096 3996 si
1138 3938 1410 4012 quispiam
1466 3939 1599 3993 luxu
1648 3953 1712 3992 ac
1742 3937 1959 3994 deliciis
2007 3939 2110 3994 dil-

2349 1372 2509 1426 IIEPI
2529 1371 2668 1424 ΤΟΥ
2694 1371 3087 1426 ΣΧΙΣΜΔΤΟΣ
3123 1375 3259 1428 ΤΩΝ
3285 1376 3646 1445 ΛΥΔΙΔΝΩΝ,

2507 1479 2922 1549 Πεντηκοστὴ,
2951 1482 2991 1549 ἠ
3024 1481 3124 1535 καὶ
3143 1483 3509 1551 sarturae”).

2282 1595 2646 1658 Α’.Αύδιανοὶ,
2673 1595 2852 1648 εῐτουν
2889 1595 3136 1661 Ὤδιανοὶ,
3164 1597 3347 1667 τάγμα
3363 1598 3520 1651 εἰσίν.
3549 1590 3696 1654 οὗτοι
3715 1601 3766 1657 δὲ

2211 1687 2271 1738 ὲν
2313 1686 2698 1755 μοναστηρίοις
2755 1685 2858 1756 τὴν
2906 1686 3223 1758 κατοίκησιν
3252 1688 3547 1758 κέκτηνται
3582 1691 3764 1762 ἀναχω-

2212 1775 2452 1847 ροῦντες,
2481 1777 2670 1846 τάγμα
2698 1776 2850 1840 ὄντες
2877 1779 2937 1830 ἐν
2973 1779 3233 1849 ἐρημίαις
3257 1795 3314 1831 τε
3342 1780 3440 1833 καὶ
3472 1781 3760 1851 πλησιαίτε-

2213 1883 2307 1938 ρον
2351 1867 2582 1930 πόλεων,
2623 1869 2682 1919 ὲν
2714 1867 3061 1938 προαστείοις
3095 1885 3156 1920 τε
3183 1869 3278 1922 καὶ
3307 1870 3433 1923 ὅποι
3465 1870 3562 1934 τὰς
3587 1872 3765 1926 ἑαυτῶν

2215 1958 2384 2029 μονὰς
2409 1961 2528 2028 ἦτοι
2558 1958 2795 2030 μάνδρας
2827 1959 3057 2029 ἔχουσιν.
3091 1954 3261 2024 οὗτος
3310 1961 3340 2013 ὁ
3366 1962 3560 2026 Αὒδιος
3589 1963 3768 2021 τούτων

2211 2050 2453 2121 ἀρχηγὸς
2477 2050 2769 2120 γεγένηται
2789 2051 2848 2102 ὲν
2878 2049 3090 2119 χρόνοις
3133 2050 3367 2122 Ἀρείου,
3402 2053 3633 2124 ὁπηνίκα
3666 2071 3767 2106 συν-

2211 2142 2480 2212 εκροτήθη
2540 2140 2682 2194 κατὰ
2744 2140 2956 2212 Ἀρείου
2993 2143 3026 2210 ἡ
3063 2140 3279 2204 σύνοδος
3332 2141 3446 2194 τῶν
3478 2142 3635 2195 αὐτὸν
3663 2141 3769 2194 καθ-

2212 2233 2463 2287 ελόντων.
2495 2227 2606 2285 Ἦν
2631 2231 2689 2284 δὲ
2719 2233 2748 2285 ὁ
2771 2231 2911 2302 ἀνὴρ
2938 2231 3046 2284 ἀπὸ
3075 2231 3178 2300 τῆς
3204 2231 3396 2302 Μέσης
3411 2230 3518 2284 τῶν
3542 2231 3769 2301 ποταμῶν

2211 2322 2554 2394 ὁρμώμενος,
2605 2323 2873 2394 διαφανής
2914 2340 2998 2385 τις
3033 2323 3175 2376 κατά
3197 2326 3297 2394 τὴν
3334 2322 3531 2376 ἑαυτοῦ
3564 2323 3768 2394 πατρίδα

2211 2415 2300 2468 διὰ
2326 2414 2388 2467 τὸ
2413 2415 2715 2484 ἀκραιφνὲς
2740 2412 2837 2466 τοῦ
2861 2413 3001 2482 βίου,
3028 2415 3121 2467 καὶ
3149 2413 3293 2467 κατὰ
3324 2413 3462 2466 Θεὸν
3491 2413 3664 2486 ζήλου,
3693 2413 3768 2466 καὶ

2213 2507 2449 2570 πίστεως
2467 2523 2481 2536 ·
2521 2506 2602 2570 ὃς,
2621 2505 2881 2571 πολλάκις
2909 2506 3182 2577 θεώμενος
3205 2505 3275 2559 τὰ
3313 2507 3374 2560 ὲν
3403 2510 3528 2570 ταῖς
3566 2506 3767 2574 Ἐκκλη-

2214 2598 2357 2659 σίαις
2408 2596 2696 2667 γενόμενα,
2745 2599 2828 2660 εἰς
2888 2598 3180 2669 πρόσωπον
3235 2597 3558 2651 ἐπισκόπων
3608 2612 3663 2649 τε
3694 2595 3771 2648 καὶ

2149 2710 2188 2764 Β
2215 2687 2602 2760 πρεσϐυτέρων
2661 2688 2996 2756 ἐλεγκτικῶς
3057 2689 3326 2742 ἀντετίθει
3379 2691 3496 2753 τοῖς
3537 2687 3768 2748 τοιούτοις

2215 2780 2420 2847 λέγων·
2448 2781 2524 2833 Oti
2544 2779 2651 2851 χρὴ
2687 2780 2863 2835 ταῦτα
2919 2777 3094 2843 οὕτως
3124 2779 3416 2848 γενέσθαιο
3463 2779 3563 2831 οὐκ
3601 2777 3770 2845 ὀφείλει

2214 2871 2388 2924 ταῦτα
2436 2871 2610 2934 οὓτως
2670 2871 3039 2942 πράττεσθαιο
3088 2871 3165 2934 ὡς
3197 2871 3338 2941 ἀνὴρ
3377 2870 3672 2941 ἀληθεύων,
3696 2868 3770 2922 καὶ

2213 2963 2374 3014 ὁποῖα
2415 2961 2561 3030 φιλεῖ
2593 2961 2701 3015 ὑπὸ
2732 2962 2842 3015 τῶν
2869 2961 3182 3032 φιλαλήθως
3199 2961 3769 3033 ὲλευθεροστομούντων

2215 3051 2444 3121 ἀνδρῶν,
2498 3051 2608 3104 τιῖιν
2669 3052 2904 3122 μάλιστα
2943 3051 3036 3104 τὸν
3066 3051 3180 3121 βίον
3215 3052 3498 3122 ἀκρότατα
3525 3052 3768 3121 βιούντων.

2215 3141 2308 3193 Διὸ
2331 3139 2556 3194 τοιαῦτα
2581 3141 2746 3212 ὁριῖιν,
2776 3141 2853 3205 ὡς
2881 3145 3166 3212 προεῖπον,
3191 3142 3252 3194 ὲν
3274 3143 3397 3204 ταῖς
3435 3140 3769 3211 Ἐκκλησίαις,

2215 3231 2396 3284 λαλεῖν
2447 3231 2790 3301 ἠναγκάζετο
2843 3233 2979 3303 πρὸς
3029 3232 3271 3302 ἔλεγχον,
3307 3234 3408 3286 καὶ
3443 3235 3542 3287 οὐκ
3571 3230 3768 3286 ἐσιώπα.

2215 3322 2284 3374 Εῐ
2309 3337 2432 3372 τινα
2481 3321 2591 3391 γὰρ
2613 3317 2721 3374 εἶδε
2746 3321 2858 3375 τῶν
2881 3321 3438 3392 φιλοχρηματούντων
3453 3321 3547 3374 τοῦ
3574 3321 3769 3390 κλήρου,

2214 3412 2249 3481 ἢ
2288 3412 2606 3477 ἐπίσκοπον,
2640 3413 2674 3483 ἢ
2710 3411 3101 3484 πρεσϐύτερον,
3137 3412 3172 3483 ἢ
3202 3414 3392 3484 ἕτερόν
3423 3431 3544 3468 τινα
3580 3411 3668 3465 τοῦ
3693 3427 3768 3463 και

2215 3503 2386 3565 νόνος,
2410 3502 2628 3566 πάντως
2655 3503 2975 3571 ἐφθέγγετο.
3009 3503 3119 3556 Καὶ
3145 3505 3194 3555 εί
3224 3502 3372 3575 ἑώρα
3393 3505 3515 3557 τινὰ
3549 3506 3604 3556 ὲν
3622 3501 3770 3573 τρυφῇ

2216 3593 2310 3646 καὶ
2341 3593 2611 3666 σπατάλῃ,
2641 3593 2676 3664 ἦ
2710 3609 2833 3646 τινα
2866 3593 3353 3665 παραχαράττοντα
3394 3595 3464 3649 τὰ
3496 3598 3554 3649 ὲν
3591 3592 3663 3663 τῷ
3699 3593 3770 3643 ὲκ-

2217 3684 2588 3756 κλησιαστικῷ
2632 3686 2942 3755 ιιηρύγμιιτι
2976 3686 3069 3738 καὶ
3103 3685 3291 3756 θεσμῷ
3312 3687 3414 3758 τῆς
3460 3683 3769 3755 Ἐκκλησίας.

2220 3775 2294 3846 μὴ
2324 3776 2506 3847 φέρων
2553 3777 2582 3828 ὁ
2605 3776 2765 3846 ἀνὴρ,
2799 3776 3183 3846 προεϐάλλετο,
3207 3778 3283 3842 ὼς
3315 3779 3476 3848 ἔφην,
3503 3778 3591 3832 τὸν
3619 3775 3766 3841 λόγον.

2217 3864 2330 3917 Καὶ
2350 3860 2420 3935 ἦν
2451 3863 2611 3918 τοῦτο
2629 3868 2741 3928 τοῖς
2770 3865 2844 3937 μὴ
2870 3868 2965 3921 τὸν
3014 3867 3129 3937 βίον
3170 3867 3626 3938 δεδοκιμασμένον
3650 3865 3773 3933 ἔχου-

2220 3971 2304 4009 σιν
2335 3955 2592 4026 ἐπαχθὲς.
2632 3955 2917 4028 ’Υϐρίζετο
2957 3957 3013 4011 δὲ
3059 3958 3246 4011 ἕνεκεν
3273 3957 3490 4023 τούτου,
3525 3957 3615 4011 καὶ
3637 3956 3770 4009 ἀντευ

536 4033 750 4094 ﬂueret,
780 4031 897 4086 sive
928 4029 1092 4084 ullam
1126 4028 1482 4090 ecclesiastici
1510 4028 1784 4099 dogmatis
1805 4069 1818 4087 .
1853 4043 1918 4084 ac
1943 4029 2112 4084 disci-

2217 4045 2425 4114 λέγετο,
2454 4048 2715 4116 ἐμισεῖτο,
2747 4047 2909 4119 ἔφερε
2935 4047 3400 4119 κλυδωνιζόμενός
3419 4065 3478 4102 τε
3510 4047 3603 4102 καὶ
3627 4041 3770 4099 ὠθού-

534 4121 699 4194 plinae
753 4129 962 4191 partem
1013 4117 1370 4175 adulterando
1424 4127 1840 4189 corrumperet,
1886 4119 2112 4188 patienti

2219 4152 2400 4202 μενος,
2435 4136 2528 4188 καὶ
2563 4117 2982 4207 ἀτιμαζόμενος,
3011 4138 3115 4202 ἕως
3144 4117 3336 4208 χρόνου
3381 4135 3566 4191 ἱκανοῦ
3594 4137 3648 4189 ὲν
3672 4133 3769 4194 ταῖς

534 4229 884 4285 nequaquam
917 4212 1101 4268 ferens
1136 4212 1339 4275 animo,
1361 4211 1562 4275 verbis,
1593 4213 1670 4266 uti
1704 4212 1847 4278 dixi,
1881 4214 2116 4284 castiga-

535 4308 646 4360 bat.
674 4304 830 4372 Quod
862 4303 1083 4374 quidem
1106 4303 1475 4360 dissolutioris
1501 4304 1624 4358 vita:
1661 4303 1975 4361 hominibus
2004 4319 2115 4360 mo-

537 4401 730 4455 lestum
765 4407 882 4452 erat
909 4436 926 4462 ,
959 4396 1105 4452 unde
1139 4396 1405 4451 maximas
1434 4402 1721 4466 propterea
1749 4392 2114 4454 contumelias

536 4490 822 4555 sustinuit,
854 4488 1067 4545 infestis
1093 4489 1338 4543 omnium
1383 4487 1615 4543 vocibus
1667 4496 1723 4543 et
1760 4488 1903 4545 odiis
1929 4488 2115 4558 exagi-

538 4591 706 4636 tatus.
740 4580 921 4635 Atille
947 4579 1188 4648 iactatus
1214 4579 1318 4633 hoc
1348 4579 1533 4644 modo,
1564 4589 1618 4634 et
1642 4577 1916 4647 pulsatus,
1949 4588 2116 4650 atque

536 4673 836 4743 ignominia
874 4672 1140 4737 allectus,
1188 4687 1345 4742 atquo
1388 4673 1572 4727 animo
1601 4674 1909 4738 tolerabat,
1951 4681 2116 4748 atque

537 4763 612 4818 ita
648 4764 740 4820 diu
795 4765 851 4818 in
896 4764 1158 4842 Ecclesiae.
1181 4765 1563 4820 communione
1615 4767 1881 4835 perstitit,
1941 4765 2115 4821 donec

538 4855 908 4912 vehementius
931 4857 1124 4911 oﬂ‘ensi
1151 4857 1371 4926 quidam
1403 4856 1475 4911 ob
1501 4871 1597 4912 eas
1617 4849 1817 4913 catisas
1839 4857 2114 4912 hominem

539 4946 848 5000 exturbant.
878 4946 981 5012 Qui
1013 4946 1374 5002 nihilominus
1412 4947 1516 5002 ista
1567 4948 1846 5003 sustinens
1866 4989 1881 5012 ,
1921 4948 2017 5004 sed
2047 4947 2114 5003 ad

540 5035 822 5090 veritatem
873 5038 1250 5106 perferendam
1301 5040 1485 5096 acrius
1537 5039 1820 5104 intentus,
1861 5040 2117 5098 studebat

543 5125 757 5180 interim
798 5128 867 5180 ab
895 5127 1154 5184 Ecclesiae
1184 5132 1471 5186 catholicae
1495 5131 1886 5200 conjunctione
1913 5147 1978 5187 ac
2023 5147 2114 5187 so-

540 5215 740 5270 cietate
768 5217 993 5272 minime
1031 5219 1236 5273 divelli.
1268 5221 1469 5275 Verum
1518 5237 1646 5276 cum
1694 5223 1812 5292 ipse
1842 5238 1966 5277 cum
1999 5223 2117 5278 suis

542 5309 826 5378 vapularet
851 5349 868 5374 ,
896 5315 952 5364 et
980 5309 1200 5381 indigna
1229 5321 1507 5382 pateretur
1536 5353 1552 5379 ,
1583 5313 1670 5370 his
1702 5315 1863 5370 malis
1895 5316 2118 5384 ingemi-

2229 4226 2570 4296 Ἐκκλησίαις
2629 4227 2994 4297 συναγόμενος
3015 4244 3028 4258 ·
3063 4228 3166 4290 ἕως
3199 4229 3289 4282 ὅτε
3322 4226 3512 4290 δεινῶς
3542 4225 3767 4291 ἐνέγκανο

2214 4316 2306 4378 τές
2345 4333 2488 4379 τινες
2513 4316 2723 4380 ἒξεοῦσι
2752 4318 2844 4371 τὸν
2876 4317 3045 4389 ἄνδρα
3076 4317 3163 4371 διὰ
3185 4319 3283 4389 τὴν
3311 4319 3568 4387 τοιαύτην
3597 4313 3765 4369 αἰτίαν.

2228 4407 2284 4460 '0
2309 4407 2367 4460 δὲ
2413 4407 2512 4460 οὐκ
2554 4407 2819 4477 ἠνείχετο,
2861 4408 2976 4464 ἀλλ’
3003 4408 3248 4473 ἐϐιάζετο
3293 4408 3496 4478 μᾶλλον
3544 4404 3767 4475 ἀλήθειαν

2221 4499 2319 4569 μὲν
2353 4498 2550 4567 λέγειν,
2582 4499 2660 4570 μὴ
2684 4500 2985 4571 ἀναχωρεῖν
3012 4499 3070 4553 δὲ
3093 4500 3187 4552 τοῦ
3210 4500 3512 4570 συνδέσμου
3537 4500 3629 4568 τῆς
3659 4491 3766 4563 μιᾶς

2217 4588 2462 4651 ἐνώσεως
2502 4589 2601 4660 τῆς
2656 4590 2817 4659 ἁγίας
2877 4590 3170 4662 καθολικῆς
3226 4590 3569 4661 Ἐκκλησίας.
3613 4587 3690 4646 Ὠς
3720 4581 3765 4633 δὲ

2217 4681 2482 4734 ἐτύπτετο
2541 4682 2704 4745 αὐτός
2763 4698 2822 4735 τε
2867 4683 2960 4737 καὶ
2999 4684 3047 4736 oi
3084 4683 3198 4752 ἅμα
3233 4683 3383 4752 αὐτῷ
3418 4680 3681 4740 πολλάκις,
3711 4670 3767 4723 τά

2216 4772 2367 4825 δεινά
2385 4789 2444 4824 τε
2470 4772 2698 4842 ἔπασχε,
2731 4773 3158 4844 βαρυστονήσας,
3193 4773 3494 4843 σύμϐουλον
3531 4765 3765 4838 λαμϐάνει

2219 4863 2411 4917 ἑαυτοῦ
2463 4863 2562 4936 τὴν
2592 4865 2839 4935 ἀνάγκην
2875 4864 2985 4917 τῶν
3023 4864 3251 4935 ὕϐρεων,
3291 4863 3508 4916 Ἑαυτὸν
3542 4861 3641 4930 γὰρ
3681 4856 3766 4921 ἀψ-

2223 4951 2392 5024 ορίζει
2418 4954 2517 5025 τῆς
2558 4953 2904 5025 Ἐκκλησίας,
2939 4954 3124 5006 πολλοί
3170 4971 3229 5006 τε
3258 4953 3375 5023 ἅμα
3403 4950 3548 5019 αὐτῷ
3571 4941 3765 5015 ἀφηνιά-

2219 5047 2372 5109 ζουσι
2391 5063 2406 5076 ⁸
2440 5047 2532 5100 καὶ
2559 5045 2732 5109 οὕτως
2760 5047 2861 5117 τὴν
2891 5046 3482 5117 διαίρεωνεὶργάσατο,
3503 5040 3561 5094 οὗ
3579 5057 3627 5091 τι
3648 5036 3764 5104 ἔχων

2221 5138 2673 5210 παρηλλαγμένον
2703 5141 2803 5210 τῆς
2833 5139 3086 5202 πίστεως,
3130 5139 3244 5192 ἀλλ’
3277 5137 3538 5209 ὀρθότατα
3572 5130 3660 5201 μὲν
3687 5142 3758 5178 πι-

2223 5228 2426 5281 στεύων
2485 5228 2648 5292 αὑτός
2692 5246 2752 5281 τε
2793 5229 2889 5282 καὶ
2931 5229 2980 5280 oi
3010 5229 3127 5298 ἅμα
3162 5227 3342 5298 αὐτῷ·
3382 5228 3430 5279 εί
3464 5224 3554 5277 καὶ
3584 5217 3677 5290 χρὴ
3709 5210 3758 5264 τά

2225 5319 2460 5394 μάλιστα
2488 5320 2668 5387 λέγειν
2693 5320 2751 5372 ὲν
2781 5318 2963 5390 μικρῷ
2989 5337 3095 5372 τινι
3116 5319 3276 5373 αὐτὸν
3299 5317 3603 5390 φιλονείκως
3629 5307 3760 5378 φέρει

544 5415 739 5467 scens,
771 5417 840 5456 ex
867 5402 1060 5456 harum
1100 5403 1470 5458 calamitatum
1499 5445 1516 5471 ,
1554 5419 1620 5459 ac
1657 5405 2110 5460 contumeliarum

2219 5409 2342 5464 σθαί
2402 5427 2460 5464 τε
2492 5411 2732 5473 καὶτοὺς
2755 5409 2871 5479 ἅμα
2908 5407 3078 5479 αὐτῷ.

541 5491 805 5546 violentia
856 5491 1148 5547 consilium
1192 5493 1354 5562 cepit.
1409 5495 1590 5561 Quare
1642 5496 1882 5565 seipsnm
1925 5497 1993 5550 ab
2062 5496 2302 5554 Ecclesia
2355 5502 2696 5572 segregavit;
2753 5510 2916 5572 atque
2969 5501 3041 5554 ita
3094 5500 3343 5571 pluribus
3396 5511 3515 5552 cum
3568 5491 3649 5545 illo
3682 5479 3759 5572 def

546 5579 911 5638 miscentibus
936 5622 952 5647 ,
994 5596 1195 5635 novum
1233 5585 1302 5637 ab
1354 5599 1421 5638 eo
1455 5585 1745 5640 divortium
1800 5582 2116 5640 conﬂatum.
2148 5587 2334 5659 Neque
2367 5570 2497 5646 vero
2524 5570 2640 5646 ulla
2671 5595 2727 5648 in
2777 5570 2839 5647 re
2878 5592 2949 5646 ab
2995 5570 3146 5647 recta
3213 5591 3316 5653 ﬁde
3373 5583 3625 5644 discedit,
3671 5570 3749 5630 Sed

548 5667 665 5735 ipse
690 5683 814 5722 cum
849 5670 965 5725 suis
993 5671 1263 5726 sinceram
1297 5673 1352 5728 in
1379 5676 1638 5732 omnibus
1686 5675 2007 5745 religionem
2048 5679 2243 5733 tenuit.
2313 5681 2638 5753 Quanquam
2701 5691 2784 5741 est
2832 5682 3097 5753 quiddam
3144 5682 3518 5755 perexiguum,
3563 5675 3611 5728 in
3664 5677 3755 5736 ⁴ι¹ί⁰

551 5760 714 5828 paulo
745 5760 1083 5829 pervicacius
1107 5763 1511 5822 conﬂictantur.
