3994 6422
190 354 323 412 Ξέἱ
881 356 1250 412 ADVERSUS
1288 355 1633 414 HIERESES
1670 355 1797 423 LIB.
1841 351 1930 409 Ill.
1979 351 2140 406 TOM.
2184 349 2227 407 1.
2265 381 2333 395 —
2373 347 2649 405 l-IERES.
2687 345 2852 405 LXX.
3396 349 3512 406 342

286 474 360 521 8'
403 468 678 542 Μετάγὰρ
702 470 793 524 τῦῦ
818 464 1099 543 ὁμολογεῖν
1127 475 1255 545 περί
1290 477 1502 548 Πατρὸς
1537 477 1629 530 καὶ
1656 476 1807 542 Υἰοῦ,

1992 472 2058 525 ll.
2093 469 2236 540 Ergo
2284 477 2339 524 et
2395 468 2466 524 de
2516 467 2709 531 Patre,
2762 466 2902 522 Filio
2945 479 3010 520 ac
3063 465 3271 537 Spiritu
3308 475 3504 522 sancto

191 562 316 612 xx".
355 559 520 626 ἁγίου
535 559 846 630 Πνεῦματος
866 562 1211 633 Θαυμαστῶς,
1246 566 1319 628 ὼς
1349 566 1460 636 ἔχει
1483 570 1516 638 ἡ
1556 567 1817 638 καθολικὴ

1928 561 2187 631 praeclare
2227 565 2282 614 et
2312 573 2379 614 ex
2433 555 2689 611 Ecclesiae
2716 555 3007 610 catholica:
3029 554 3350 624 praescripto
3379 570 3503 610 sen-

215 649 573 721 Ἐκκλησία,
615 653 1002 722 ὀρθοδοξότατά
1052 673 1111 708 τε
1143 657 1458 725 φυλάττειν,
1492 660 1562 713 τά
1589 677 1650 713 τε
1684 661 1818 714 ἄλλα

1928 653 2100 713 tinnt;
2133 663 2232 705 nec
2277 658 2652 704 transversum
2694 647 2764 702 ab
2785 661 2852 702 eo
2896 659 3134 716 unguem
3162 644 3500 711 deﬂectunt;

195 742 418 794 πάντα
467 742 563 794 τοῦ
614 742 731 813 βίου
763 743 1069 814 θαυμαστά.
1109 747 1244 812 Ταῖς
1287 749 1396 822 γὰρ
1440 751 1598 812 ἰδίαις
1629 752 1821 823 χερσὶν

1928 751 1979 799 et
2030 751 2115 798 est
2167 741 2436 811 reliquum
2494 740 2619 794 vita:
2652 738 2760 794 illis
2806 738 3116 794 institutum
3147 751 3284 792 satis
3331 752 3498 806 quam

199 829 626 903 ἐργαζόμενος,
657 836 817 899 αὑτός
851 854 908 890 τε
937 840 1028 892 καὶ
1059 841 1110 892 οἱ
1137 842 1228 894 ὑπ’
1259 842 1422 896 αὐτὸν
1437 843 1722 898 ἐπίσκοποί
1759 861 1817 898 τε

1928 833 2201 902 egregium
2238 840 2294 887 et
2324 828 2727 892 admirandum,
2759 828 2896 884 adeo
2926 832 3119 903 utnon
3167 829 3285 898 ipse
3314 827 3500 890 modo,

202 924 324 974 καὶ
356 923 412 974 οἰ
439 923 818 996 πρεσϐύτεροι,
838 928 930 980 καὶ
967 929 1018 981 οἰ
1050 929 1225 982 λοιποὶ
1275 931 1476 994 πάντες
1505 932 1818 1005 διατρέφον-

1928 923 2020 976 sed
2050 931 2107 977 et
2129 921 2223 992 qui
2268 921 2348 975 illi
2378 919 2726 975 adhmserunt
2762 919 3034 989 episcopi,
3077 918 3380 990 presbyteri
3437 931 3503 971 ac

206 1026 344 1066 ται.
391 1013 727 1086 ’Υστερονδὲ
761 1020 898 1088 μετά
928 1019 991 1072 τὸ
1042 1019 1818 1093 ὲξωτθῆναιτῆςἙκκληο-ἰας,

213 1102 343 1156 ἀπὸ
374 1101 538 1155 ἄλλον
568 1105 885 1169 ἐπισκόπου,
910 1105 980 1159 τὰ
1003 1107 1143 1160 αὑτά
1165 1108 1517 1179 συζητοῦντος
1568 1111 1662 1162 καὶ
1689 1111 1820 1164 ἀνα-

218 1192 596 1262 χωρήσαντος
645 1194 744 1266 τῆς
815 1195 1168 1268 Ἐκκλησίας,
1225 1203 1608 1270 χειροτονεῖται
1662 1193 1820 1263 οὗτος

217 1283 560 1348 ἐπίσκοπος,
596 1287 724 1358 περὶ
758 1281 819 1340 οὗ
850 1289 865 1319 ¹
909 1289 1256 1362 ἐπελαϐὁμην
1289 1291 1485 1359 λέγειν,
1523 1293 1823 1364 ὲπειδήπεβ

215 1376 288 1426 ἐν
318 1374 666 1445 παρεκϐάσει
684 1378 1005 1449 γεγένημαι,
1031 1378 1186 1444 αὖθις
1211 1381 1565 1436 ὲπαναλαϐὼν
1591 1383 1821 1454 διέξειμι

213 1464 334 1534 τὴν
355 1464 636 1536 ὑφήγησιν
656 1481 668 1497 ·
710 1470 853 1538 φημὶ
907 1469 963 1521 δὲ
1003 1471 1248 1542 περὶτῆς
1279 1473 1353 1535 ὡς
1386 1474 1478 1526 ὲπί
1507 1474 1566 1528 τὸ
1593 1476 1822 1546 σκληρό-

216 1570 405 1608 τατον
453 1556 548 1608 καὶ
596 1555 881 1622 ἰδιωτικὸν,
929 1559 1020 1612 καί¹
1054 1560 1357 1627 φιλόνεικον
1391 1564 1489 1632 τῆς
1518 1565 1646 1634 παρ’
1671 1563 1824 1634 αὺτῷ

181 1725 190 1730 ἢ
219 1643 511 1715 ᾀδομένης
537 1643 735 1711 λέξεως
761 1646 866 1699 ἀπὸ
887 1647 987 1716 τῆς
1017 1648 1168 1711 θείας
1195 1649 1232 1700 Γ
1237 1650 1436 1720 ραφῆς.
1461 1652 1536 1704 Τὸ
1559 1653 1667 1722 γὰρ
1691 1652 1821 1706 κατ’

219 1738 449 1790 εἰκόνα
471 1731 628 1799 οὗτος
671 1737 766 1791 καὶ
797 1740 845 1791 οἱ
875 1741 992 1808 μετ’
1037 1740 1222 1804 αὐτοῦ,
1257 1742 1394 1813 ὅπερ
1425 1744 1454 1797 ό
1493 1741 1625 1807 Θεὸς
1655 1743 1822 1797 δεδώ-

223 1841 409 1896 ρηται
445 1825 525 1896 τῷ
565 1827 754 1900 Ἀδὰμ,
809 1829 1125 1901 ἀποκρότοις
1170 1809 1419 1898 βούλεται
1453 1833 1654 1904 ὁρίζειν
1681 1829 1820 1888 εἰναι
1854 1809 1895 1870 Β

220 1917 403 1969 τοῦτο
451 1917 825 1988 πληρούμενον
879 1919 1019 1973 κατὰ.
1065 1920 1126 1974 τὸ
1152 1921 1340 1992 σῶμαο
1393 1923 1499 1976 ἀπὸ
1527 1923 1622 1976 τοῦ
1661 1923 1821 1994 δῆθεν

222 2007 537 2077 λεγομένου
586 2009 750 2079 ῥητοῦ
800 2008 917 2074 τοῦ,
965 2010 1314 2079 Ποιήσωμεν
1345 2013 1659 2079 ἄνθρωπον
1693 2015 1821 2067 κατ’

220 2101 449 2152 εἰκόνα
479 2097 776 2168 ἡμετέραν
799 2101 896 2153 καί
915 2101 1043 2154 καθ’
1076 2102 1383 2169 ὁμοίωσιν.
1416 2103 1524 2156 Καὶ
1554 2099 1674 2157 εἶτα
1697 2105 1821 2156 ἐπι-

224 2190 402 2260 φέρει
423 2189 598 2257 λέγων
637 2191 665 2242 ὁ
703 2189 844 2252 θεῖος
875 2189 1054 2257 λόγος,
1093 2191 1174 2244 ὃτι
1219 2192 1316 2244 καὶ
1338 2192 1588 2263 ἐποίησεν
1624 2195 1654 2246 ὁ
1691 2193 1823 2256 Θεὸς

226 2281 333 2332 τὸν
380 2279 683 2349 ἄνθρωπον,
727 2279 855 2349 χοῦν
909 2279 1090 2334 λαϐὼν
1123 2281 1230 2334 ἀπὸ
1402 2284 1522 2353 γῆς.
1577 2284 1819 2354 Ἐπειδὴ,

231 2371 434 2439 φησιν,
463 2366 616 2423 εἶπεν
639 2369 925 2440 ἄνθρωπον
948 2371 1056 2424 ἀπὸ
1083 2373 1182 2442 τῆς
1213 2376 1334 2443 γῆς,
1365 2375 1486 2442 ὅρα,
1517 2374 1598 2427 ὅτι
1630 2373 1824 2444 ἀληθέ-

235 2479 419 2515 στατα
444 2463 564 2514 ὅλον
592 2461 652 2513 τὸ
686 2461 866 2531 χοῖκὸν
913 2458 1064 2514 εἶπεν
1108 2462 1412 2533 ἄνθρωπον,
1454 2465 1561 2533 ἄρα
1592 2479 1652 2516 τε
1692 2463 1826 2518 αὐτὸ

229 2553 302 2607 τὸ
335 2552 520 2624 χοῖκὸν
558 2551 850 2622 προέλεγεν
879 2552 1094 2605 ἔσεσθαι
1130 2553 1251 2606 κατ’
1286 2553 1470 2606 εἰκόνα
1522 2552 1675 2606 Θεοῦ.
1716 2551 1824 2605 Καί

233 2646 367 2699 ἐστι
410 2642 568 2697 τοῦτο
618 2645 940 2716 ἀπόκροτον,
981 2645 1056 2707 ὡς
1095 2644 1254 2716 ἔφην,
1296 2645 1390 2698 καὶ
1431 2631 1714 2708 ἰδιωτικὸν,
1764 2645 1825 2698 τὸ

234 2737 522 2807 ὁρίζεσθαι
544 2737 829 2808 ἄνθρωπον
862 2739 918 2791 ὲν
951 2737 1088 2808 ποίῳ
1132 2738 1285 2809 μέρει
1313 2739 1571 2793 τέτακται
1599 2738 1693 2792 τοῦ
1727 2741 1823 2792 ἀν-

240 2826 468 2899 θρώπου
496 2827 556 2878 τὸ
583 2827 704 2879 κατ’
728 2828 944 2880 εἰκόνα·
981 2828 1029 2880 εἰ
1053 2827 1162 2898 χρὴ
1187 2823 1322 2889 ὅλως
1344 2828 1508 2899 μέρος
1535 2828 1712 2897 λέγειν
1737 2829 1823 2881 διὰ

239 2919 314 2971 τὰ
345 2917 514 2971 πολλά
551 2917 620 2970 τὰ
648 2917 1036 2988 ἀντιπίπτοντα
1065 2922 1130 2989 τῇ
1173 2918 1281 2971 τῶν
1316 2919 1618 2991 ἀνθρώπων
1643 2920 1823 2990 ἐννοίᾳ

243 3008 394 3061 κατά
413 3007 472 3060 τὸ
500 3007 651 3080 ῥῆμα
676 3007 856 3072 τοῦτο,
881 3008 975 3061 καὶ
1019 3005 1208 3079 ἔχοντα
1240 3009 1568 3080 ζητημάτων
1594 3009 1822 3080 πληθύν.

245 3101 318 3152 Ἢ
339 3099 448 3170 γάρ
480 3101 792 3172 ποιήσωμεν
815 3100 903 3152 τὸν
915 3101 1046 3154 Θεὸν
1067 3103 1259 3172 ὁρατόν
1283 3119 1341 3154 τε
1369 3103 1461 3156 καὶ
1491 3101 1822 3172 σωματικὸν,

243 3192 406 3259 ειπερ
429 3191 488 3242 ἐν
504 3189 716 3261 σώματι
732 3191 791 3244 τὸ
814 3193 929 3245 κατ’
951 3191 1132 3244 εἰκόνα
1149 3191 1446 3264 πληροῦται
1473 3193 1820 3262 σωματικῶς,

244 3280 344 3332 καὶ
395 3279 898 3350 ὲσχηματισμένως,
924 3280 958 3351 ἢ
993 3281 1278 3349 ἄνθρωπον
1303 3279 1380 3352 τῷ
1399 3281 1518 3352 Θεῷ
1544 3283 1826 3354 ἐξισούμε-

243 3387 338 3423 νον
381 3368 536 3422 τοῦτο
587 3371 905 3438 φάσκοντες.
935 3372 1027 3424 Διὸ
1061 3373 1120 3424 οὐ
1154 3372 1259 3443 χρὴ
1301 3373 1519 3436 πάντως
1546 3373 1752 3444 ,ὁρίζειν
1789 3375 1823 3444 ἦ

243 3463 692 3533 διισχυρίζεσθαι,
719 3465 775 3517 ὲν
804 3464 942 3534 ποίῳ
974 3464 1130 3536 μέρει
1154 3465 1213 3520 τὸ
1233 3467 1352 3518 κατ’
1383 3465 1564 3518 εἰκόνα
1589 3465 1827 3537 πληροῦ-

244 3572 362 3618 ται,
388 3555 501 3607 ἀλλ’
545 3554 829 3625 ὁμολογεῖν
865 3556 963 3626 μὲν
1007 3555 1061 3608 τὸ
1098 3557 1218 3608 κατ’
1258 3557 1442 3610 εἰκόνα
1490 3552 1629 3610 εἰναι
1662 3557 1721 3610 ὲν
1748 3556 1826 3627 τῷ

246 3645 540 3718 ἀνθρώπῳ,
564 3647 652 3700 ἵνα
675 3645 752 3717 μὴ
781 3645 879 3718 τὴν
907 3647 1067 3718 χάριν
1090 3645 1183 3700 τοῦ
1201 3647 1335 3702 Θεοῦ
1359 3647 1711 3718 ἀθετήσωμεν
1729 3647 1827 3699 καὶ

246 3738 808 3809 ἀπιστήσαιμεν-Θεῷ.
835 3739 974 3792 Ὅσα
1005 3739 1104 3809 μὲν
1140 3739 1248 3811 γὰρ
1262 3739 1406 3809 λέγει
1433 3742 1460 3793 ὁ
1485 3739 1635 3804 Θεὸς,
1652 3739 1824 3792 ταῦτα

246 3826 424 3896 ἀληθῆ
441 3817 892 3898 τυγχάνει,ἐίκαί
910 3827 1136 3898 ἐξέφυγε
1157 3829 1256 3900 τὴν
1271 3831 1304 3900 ἡ
1311 3830 1425 3900 μῶν
1443 3829 1646 3883 ἔννοιαν
1658 3832 1714 3882 ἐν
1725 3829 1828 3883 ὀλί-

251 3935 370 3985 γοις
390 3918 588 3986 λόγοις.
621 3919 677 3970 Ἀ
689 3910 987 3990 ρνήσασθξιι
1010 3912 1103 3973 οὖν
1134 3921 1292 3974 τοῦτο
1315 3921 1377 3974 τὸ
1405 3923 1526 3975 κατ’
1555 3924 1736 3977 εἰκόνα
1761 3925 1823 3976 οὐ

251 4009 464 4073 πιστὸν,
495 4008 616 4061 οὔτε
639 4009 737 4078 τῆς
768 4008 927 4077 ἁγίας
942 4009 1034 4063 τοῦ
1057 4009 1191 4063 Θεοῦ
1209 4011 1551 4082 Ἐκκλησίας.
1573 4013 1690 4065 Ἔτι
1717 4013 1826 4084 γὰρ

253 4102 362 4164 πᾶς
399 4100 684 4170 ἄνθρωπος
736 4099 922 4169 σαφῶς
971 4100 1090 4154 κατ’
1133 4101 1335 4165 εἰκόνα,
1383 4102 1475 4155 καὶ
1513 4101 1687 4168 οὐδεὶς
1718 4104 1826 4158 τῶν

253 4194 482 4262 ἑχόντων
544 4194 622 4255 εἰς
659 4191 790 4245 Θεὸν
837 4189 937 4262 τὴν
974 4190 1165 4246 ἐλπίδα
1201 4192 1494 4263 ἀρνήσεται
1516 4210 1528 4224 ’
1561 4195 1609 4246 εἰ
1661 4193 1737 4265 μὴ
1761 4197 1827 4248 ἄν

253 4301 395 4349 τινες
441 4286 651 4349 ἑαυτοῖς
706 4283 906 4354 μύθους
953 4282 1266 4336 πλάσσωσιν
1312 4282 1697 4354 ἐκϐαλλόμενοι
1727 4287 1827 4355 τῆς

268 4375 587 4446 Ἐκκλησίας
631 4375 724 4428 καὶ
766 4374 868 4444 τῆς
911 4373 1018 4426 τῶν
1052 4373 1302 4444 πατέρων
1337 4375 1401 4426 ὲκ
1439 4375 1732 4445 προφητῶν
1763 4392 1824 4428 τε

1921 1013 2338 1084 reliqui-omnes
2367 1011 2434 1067 de
2467 1026 2729 1067 manuum
2757 1025 2982 1066 suarum
3019 1010 3206 1065 labore
3233 1010 3500 1065 victitent.

1921 1102 2290 1173 Posteaquam
2333 1117 2464 1158 vero
2515 1104 2587 1159 ab
2619 1101 2863 1157 Ecclesia
2893 1102 3087 1171 pulsus
3132 1107 3218 1156 cst
3239 1139 3255 1165 ,
3291 1100 3361 1155 ab
3389 1101 3506 1171 epi-

1921 1211 2096 1266 seopo
2131 1196 2409 1263 quodam,
2460 1197 2553 1266 qui
2607 1197 2678 1252 ob
2731 1197 2951 1252 easdem
3002 1196 3386 1250 contentiones
3437 1196 3510 1249 ab

1925 1286 2172 1342 Ecclesia
2196 1295 2521 1351 recesserat,
2549 1289 2842 1357 episcopus
2865 1287 3154 1341 ordinatus
3175 1295 3278 1341 est.
3305 1285 3505 1340 Verum

1927 1385 1988 1431 ut
2020 1379 2088 1430 ah
2123 1377 2224 1431 hoc
2261 1379 2588 1433 diverticulo
2625 1379 2692 1433 ad
2733 1378 2866 1432 illud
2917 1377 3267 1432 tractandum
3298 1392 3384 1430 me
3425 1391 3510 1429 re-

1923 1466 2119 1533 feram,
2159 1467 2306 1537 quod
2336 1483 2486 1523 eram
2523 1482 2840 1538 aggressus,
2873 1466 3158 1521 sciendum
3199 1476 3283 1520 est
3314 1479 3510 1536 quam-

1921 1557 2048 1613 dam
2086 1559 2208 1614 illos
2244 1557 2543 1628 Scriptum
2575 1573 2764 1615 vocem
2802 1557 3025 1612 duriore
3056 1557 3292 1627 quodam
3320 1565 3378 1611 et
3401 1556 3510 1609 im-

1922 1648 2186 1718 peritiure
2230 1648 2412 1709 modo.
2459 1658 2513 1704 et
2561 1664 2692 1705 vero
2739 1648 3075 1719 pertinacius
3130 1647 3506 1717 interpretari.

1921 1737 2088 1809 813
2124 1736 2257 1792 Nam
2280 1737 2425 1808 quod
2457 1738 2526 1791 ad
2571 1739 2856 1809 imaginem
2899 1736 2994 1792 Dei
3023 1746 3238 1792 creatus
3264 1737 3508 1792 Adamn:

1923 1830 2130 1883 dicitur
2153 1869 2171 1894 ,
2218 1833 2505 1900 praefracte
2539 1830 2618 1884 illi
2671 1829 3018 1886 referendum
3059 1829 3127 1884 ad
3157 1845 3358 1899 corpus
3385 1830 3504 1884 exi-
3591 1887 3596 1894 _

1923 1919 2168 1972 stimant.
2201 1919 2340 1974 Cum
2369 1920 2514 1974 enim
2567 1920 2834 1990 scriptum
2873 1920 2984 1974 sit:
3017 1919 3306 1973 Faciamus
3337 1920 3506 1973 Ιιοηιί-

1924 2023 2042 2062 nent
2075 2012 2143 2064 ad
2164 2012 2445 2080 imaginem
2473 2021 2712 2065 nostram
2737 2021 2788 2066 et
2817 2011 3214 2067 similitudinem
3243 2015 3289 2075 ’,
3319 2011 3505 2066 statim

1924 2100 2060 2153 illud
2115 2101 2448 2170 subjicitur,
2505 2101 2672 2156 Deum
2723 2110 2941 2171 sumpto
2987 2100 3054 2156 de
3105 2111 3245 2155 terra
3287 2101 3508 2171 pulvere

1924 2189 2201 2246 hominem
2253 2190 2554 2246 fabricasse
2583 2192 2625 2245 ³.
2694 2191 2832 2245 Cum
2891 2192 3056 2262 igitur
3107 2191 3384 2246 hominem
3441 2191 3509 2244 de

1925 2289 2073 2338 terra
2125 2284 2417 2338 formatum
2450 2292 2702 2348 asserat,
2740 2285 2890 2339 vides
2926 2291 3101 2338 totum
3133 2285 3263 2338 illud
3296 2300 3326 2338 e
3360 2291 3504 2338 terra

1925 2374 2220 2429 conﬂatum
2260 2375 2543 2430 verissime
2583 2376 2856 2430 hominem
2898 2374 3107 2430 vocari.
3151 2373 3226 2428 Ex
3269 2389 3377 2444 quo
3415 2389 3505 2428 se-

1925 2466 2114 2536 quitur
2139 2464 2208 2521 de
2259 2475 2477 2521 terreno
2503 2467 2597 2520 illo
2633 2467 2951 2536 pra-dictum
2977 2508 2992 2532 ,
3021 2465 3139 2520 fore
3168 2473 3228 2518 ut
3267 2464 3333 2518 ad
3367 2465 3506 2519 ima-

1925 2559 2108 2629 ginem
2143 2556 2235 2613 Dei
2276 2557 2622 2614 conderetur.
2657 2556 2860 2612 Verum
2918 2564 3004 2612 est
3035 2557 3166 2611 illud
3195 2597 3209 2621 ,
3247 2557 3326 2610 uti
3367 2557 3504 2620 dixi,

1930 2648 2092 2717 paulo
2116 2647 2308 2703 durius
2331 2688 2345 2711 ,
2379 2663 2442 2703 ac
2471 2649 2810 2718 simplicius,
2841 2647 3068 2704 definire
3101 2647 3376 2702 hominem
3405 2662 3505 2700 au-

1927 2734 2097 2796 dere,
2149 2748 2384 2804 quanam
2438 2735 2490 2788 in
2540 2735 2776 2791 hominis
2810 2743 2966 2805 parte
3012 2736 3084 2791 sit
3131 2735 3384 2806 imaginis
3418 2736 3505 2788 illa

1929 2825 2228 2880 constituta
2255 2825 2398 2879 ratio
2424 2843 2439 2892 ;
2467 2825 2512 2881 si
2541 2833 2721 2881 tamen
2753 2827 3116 2896 appellatione
3146 2827 3318 2896 partis
3352 2835 3507 2880 uten-

1928 2916 2057 2969 dum
2093 2924 2176 2970 est
2198 2954 2211 2981 ,
2252 2932 2319 2972 eo
2362 2916 2507 2988 quod
2542 2918 2786 2988 plerique
2809 2957 2822 2981 ,
2873 2917 3019 2988 quod
3047 2915 3116 2971 ad
3146 2917 3287 2970 hanc
3321 2931 3506 2972 vocem

1931 3010 2155 3071 attinet,
2192 3007 2472 3062 hominum
2507 3008 2876 3078 intelligentia:
2923 3007 3184 3077 refragari
3233 3007 3506 3070 videntur,

1933 3114 1998 3152 ac
2026 3100 2190 3154 rariis
2215 3098 2609 3168 quaestionibus
2647 3099 2936 3170 implicari.
2969 3099 3101 3152 Nam
3131 3106 3225 3151 aut
3259 3108 3506 3168 aspecta-

1929 3189 2091 3244 bilcm
2118 3187 2285 3243 Deum
2316 3190 2579 3245 faciemus
2612 3205 2676 3245 ac
2708 3205 3065 3260 corporeum,
3101 3195 3146 3246 si
3175 3191 3230 3245 in
3276 3205 3507 3260 corpore

1927 3288 2118 3333 nostro
2171 3293 2435 3348 corporea
2490 3280 2716 3349 perinde
2749 3280 2964 3335 ratione
3017 3295 3080 3333 ac
3114 3279 3282 3351 ﬁgura
3319 3280 3506 3334 istius-

1927 3370 2074 3424 modi
2129 3369 2417 3438 imaginem
2471 3368 2848 3423 collocandum
2899 3374 3176 3437 putemus.
3225 3366 3334 3421 Aut
3380 3382 3505 3420 cum

1927 3461 2037 3515 Deo
2067 3460 2343 3514 hominem
2377 3459 2789 3529 adaequabimus
2817 3499 2831 3523 ,
2867 3459 2914 3512 si
2947 3459 3062 3512 hac
3090 3472 3338 3512 asserere
3370 3454 3504 3510 veli-

1927 3566 2070 3605 mus.
2118 3549 2296 3614 Quare
2342 3564 2451 3603 non
2497 3555 2582 3602 est
2639 3548 2750 3601 ullo
2787 3545 2950 3600 modo
2996 3544 3360 3600 deﬁniendum
3411 3552 3505 3598 aut

1929 3640 2326 3704 atlirmandum,
2356 3653 2592 3710 quanam
2625 3639 2678 3692 in
2707 3645 2860 3708 parte
2885 3637 3063 3706 imago
3096 3635 3185 3688 illa
3213 3634 3503 3689 consistat.

1931 3730 2037 3786 Sed
2071 3733 2251 3786 inesse
2301 3729 2519 3799 quidem
2574 3727 2630 3782 in
2690 3726 2911 3780 homine
2948 3725 3171 3780 omnino
3227 3722 3505 3778 fatendum

1927 3829 2044 3884 est,
2097 3837 2165 3875 ne
2215 3819 2458 3874 divinum
2495 3817 2819 3872 beneﬁcium
2863 3817 3119 3870 tollamus
3149 3827 3180 3870 c
3210 3815 3387 3869 medio
3441 3827 3505 3867 ac

1933 3911 2022 3967 Dei
2081 3911 2397 3966 auctoritati
2446 3905 2773 3964 ditiidamus.
2831 3905 3183 3978 Quaecunque
3233 3905 3377 3960 enim
3417 3906 3506 3960 illc

1928 4005 2080 4069 dicit,
2118 4003 2277 4074 plane
2305 4016 2431 4058 vera
2470 4010 2636 4066 sunt,
2663 4001 2882 4055 tametsi
2919 3999 3194 4054 nonnullae
3226 3997 3506 4053 sententia:

1929 4097 2059 4160 sint,
2094 4108 2216 4163 quae
2244 4093 2416 4147 aciem
2459 4101 2662 4147 nostra:
2683 4092 2882 4147 mentis
2913 4089 3192 4162 eﬂ‘ugiant.
3235 4089 3505 4156 Quocirca

1930 4200 2128 4256 negare
2153 4183 2378 4238 omnino
2407 4183 2474 4238 ad
2509 4183 2800 4254 imaginem
2835 4182 2926 4237 Dei
2960 4197 3281 4253 expressum
3333 4181 3504 4235 homi-

1930 4291 2052 4330 nem
2079 4316 2094 4340 ,
2125 4290 2154 4328 a
2189 4276 2292 4329 tide
2319 4275 2592 4328 catholica
2625 4284 2680 4330 et
2717 4272 2960 4328 Ecclesia
3000 4274 3093 4328 Dei
3124 4273 3362 4327 alienum
3398 4279 3504 4326 est.

1931 4365 2209 4436 Siquidem
2259 4361 2507 4418 homines
2549 4379 2742 4419 onmes
2772 4361 2840 4418 ad
2868 4363 3014 4418 illius
3051 4361 3342 4432 imaginem
3368 4375 3504 4414 con-

257 4468 352 4521 καὶ
375 4469 539 4536 νόμου
564 4467 658 4520 καὶ
705 4464 1017 4519 ἀποστόλων
1059 4462 1153 4515 καί
1193 4463 1591 4532 εὐαγγελιστῶν
1649 4482 1823 4534 παρα-

1932 4462 2027 4516 diti
2081 4469 2246 4528 sunt;
2281 4474 2380 4513 nec
2423 4457 2566 4512 ullus
2613 4455 2706 4528 qui
2753 4457 2972 4526 quidem
3025 4455 3078 4507 in
3115 4453 3283 4506 Deum
3325 4461 3505 4523 spei-ct

256 4558 468 4620 δόσεως.

1939 4552 2166 4609 inﬁci-ari
2205 4549 2347 4606 istud
2386 4554 2585 4619 potest,
2610 4547 2716 4601 nisi
2743 4545 2787 4601 si
2819 4545 2910 4614 qui
2953 4544 3092 4597 forte
3121 4541 3250 4602 sint,
3277 4540 3368 4610 qui
3401 4541 3504 4594 sibi

261 4649 466 4704 fabulas
495 4646 828 4717 confingant,
853 4653 909 4700 et
931 4654 1039 4698 tam
1073 4644 1141 4698 ab
1167 4642 1414 4698 Ecclesia
1462 4661 1625 4714 quam
1657 4647 1726 4701 ah
1753 4662 1815 4701 ea
1851 4647 2099 4702 doctrina
2131 4645 2240 4698 sint
2278 4640 2528 4704 exclusi,
2570 4653 2691 4708 qua:
2761 4653 2790 4690 a
2833 4634 3133 4704 majoribus
3180 4631 3385 4686 nostris
3439 4646 3503 4685 ex

259 4741 656 4812 pr0phetarum,
693 4739 845 4808 legis,
869 4741 1238 4809 apostolorum
1262 4749 1312 4794 et
1361 4742 1818 4813 evangelistarum
1855 4753 1941 4796 cst
1970 4739 2294 4794 auctoritate
2325 4735 2544 4790 tradita.
3063 4735 3070 4741 '

327 4835 396 4889 Γ.
449 4837 608 4889 Ὥστε
655 4833 749 4889 οὖν
795 4837 992 4890 ἐκεῖνοι
1014 4877 1028 4901 ,
1081 4839 1509 4911 φιλονεικότερον
1555 4840 1612 4891 ὲν
1651 4836 1827 4907 τούτῳ

259 4926 600 4995 διχκείμενοι,
627 4925 786 4988 ἐκτὸς
825 4926 918 4979 καὶ
955 4927 1106 4980 αὑτοί
1147 4928 1390 4998 βαίνουσι
1425 4931 1522 5000 τῆς
1555 4928 1697 4981 κατὰ
1727 4928 1824 4994 τὴν

261 5017 705 5088 ὲκκλησιαστικὴν
734 5018 990 5072 ὑπόθεσιν
1015 5020 1386 5090 παραδόσεως,
1413 5021 1511 5091 τῆς
1535 5017 1824 5072 πιστευού-

263 5126 358 5179 σης
384 5108 500 5161 κατ’
525 5107 707 5162 εἰκόνα
731 5108 830 5179 μὲν
851 5103 989 5162 εἶναι
1029 5111 1204 5164 πάντα
1241 5110 1547 5184 ἄνθρωπον,
1592 5110 1668 5181 μὴ
1708 5109 1823 5180 ὁρί-

260 5203 368 5268 ζειν
393 5202 450 5254 δὲ
482 5202 539 5256 ὲν
568 5201 705 5272 ποίῳ
731 5202 987 5256 τέτακται
1019 5203 1080 5255 τὸ
1118 5205 1238 5256 κατ’
1267 5204 1469 5267 εἰκόνα,
1505 5203 1644 5274 μήτε
1675 5202 1826 5271 ἑχόν-

258 5312 362 5348 των
413 5294 519 5346 τῶν
567 5293 825 5364 μυθωδῶς.
878 5294 1005 5362 περί
1062 5293 1266 5347 τούτων
1327 5291 1822 5362 διαλαμϐανόντων,

256 5381 352 5441 εἶτ’
385 5380 473 5437 οὖν
503 5372 868 5455 ἀρνουμένων,
904 5385 1090 5451 δεῖξαι.
1129 5387 1191 5438 Οἱ
1221 5385 1318 5455 μὲν
1347 5387 1456 5456 γὰρ
1488 5383 1735 5453 λέγουσιν
1766 5385 1824 5438 ὲν

258 5483 319 5549 τῇ
352 5479 490 5548 ψυχῇ
530 5476 866 5547 πληροῦσθαι
910 5476 970 5528 τὸ
1015 5477 1130 5530 κατ’
1162 5477 1363 5540 εἰκόνα,
1409 5475 1720 5547 νομίζοντες
1762 5476 1824 5528 τὸ

259 5569 394 5626 κατά
447 5567 544 5639 τὴν
597 5569 775 5638 σάρκα
840 5568 996 5637 μόνον
1057 5567 1470 5635 συλλογίσασθαι
1530 5567 1819 5622 55mm-

329 5730 341 5758 ‘
376 5727 432 5784 l“.
472 5728 604 5798 περὶ
635 5724 693 5777 ’δὲ
726 5715 805 5777 οῦ.
888 5727 905 5753 ²
946 5725 1078 5779 Gen.
1115 5740 1155 5790 ι,
1191 5725 1278 5778 26.
1359 5724 1377 5754 ³
1413 5724 1544 5779 Gen.
1583 5741 1641 5787 ιι,
1677 5724 1725 5776 7.

2001 4834 2087 4890 ΙΙΙ.
2143 4831 2296 4889 Unde
2348 4845 2471 4884 cum
2518 4830 2570 4882 in
2622 4829 2721 4882 hac
2765 4834 2916 4897 parte
2953 4823 3179 4892 majore,
3211 4836 3373 4891 quam
3410 4835 3503 4892 par

1925 4929 2016 4992 sit,
2046 4922 2417 4979 contentionis
2455 4920 2637 4974 studio
2685 4920 2975 4978 ducantur,
3019 4914 3086 4968 ab
3136 4912 3504 4967 ecclesiastica

1927 5015 2220 5070 traditione
2261 5028 2327 5068 ac
2364 5011 2611 5067 doctrina
2653 5007 2930 5064 recedunt.
2972 5003 3104 5070 Quae
3155 5020 3279 5058 cum
3317 5019 3505 5058 clunes

1927 5107 2173 5162 homines
2221 5084 2323 5159 .Dei
2371 5103 2437 5158 ad
2489 5100 2778 5172 imaginem
2833 5107 3049 5153 creatos
3091 5113 3212 5152 esse
3251 5095 3505 5161 fateatur,

1927 5197 2130 5250 nullam
2179 5203 2361 5248 tamen
2414 5199 2621 5263 partem
2673 5189 2880 5249 deﬁnit.
2938 5189 2992 5242 in
3047 5205 3152 5258 qua
3201 5188 3506 5243 istiusmodi

1933 5288 2184 5358 imaginis
2232 5285 2374 5339 ratio
2416 5281 2735 5338 collocanda
2770 5282 3035 5336 videatur.
3082 5279 3191 5335 Sed
3244 5276 3352 5334 nec
3394 5280 3505 5337 isti.

1931 5395 1993 5434 ea
2026 5377 2094 5433 de
2124 5395 2184 5433 re
2223 5375 2466 5431 fabulose
2503 5374 2705 5443 aliquid
2736 5377 2991 5428 asserunt
3025 5379 3119 5426 aut
3152 5375 3375 5439 negant,
3409 5369 3503 5420 dc-

1933 5479 2239 5527 monstrare
2259 5470 2535 5541 quidpiam
2560 5475 2804 5538 possunt.
2832 5465 3042 5519 Etenim
3069 5462 3336 5526 nonnulli,
3361 5460 3503 5529 quod

1931 5565 1996 5621 de
2029 5566 2262 5636 imagine
2290 5564 2508 5631 dicitur,
2546 5565 2727 5619 anima
2763 5563 2877 5633 ipsa
2907 5555 3362 5616 circumscribunt
3392 5571 3406 5618 ;
3455 5551 3503 5608 id
