3994 6406
533 306 642 363 555
1950 309 2008 364 S.
2054 311 2395 369 EPlPllANll
3027 337 3031 341 '
3658 323 3750 380 546

537 437 705 478 unum
741 421 868 486 rati,
915 423 1060 494 quod
1101 438 1270 478 carne
1309 430 1624 480 concretum
1667 431 1773 490 est,
1807 426 2114 481 ratiocinari

2178 445 2197 491 ι
2225 431 2319 484 καὶ
2349 431 2448 485 οὐκ
2477 431 2653 486 ἴσασιν
2685 435 2737 488 οἱ
2772 437 3020 502 τοιοῦτοι,
3059 438 3140 490 ὅτι
3185 438 3245 492 τδ
3289 438 3427 492 κατὰ
3455 438 3618 508 ψυχὴν
3653 440 3755 492 συ).-

539 529 721 585 possc.
754 514 926 586 814
951 513 1061 572 Nec
1108 515 1240 571 illud
1296 515 1628 586 intelligunt,
1667 517 1904 572 animam
1950 518 2116 587 ipsum

2225 521 2518 589 λογίζεται,
2560 525 2612 577 εἰ
2654 525 2759 596 χρὴ
2813 527 3192 598 συλλογισμοῖς
3231 530 3539 599 προσέχειν,
3580 530 3662 597 κςί
3697 531 3757 600 μὴ

541 623 682 671 esse,
710 622 829 677 qua:
879 607 1273 675 ratiocinetur;
1325 609 1373 664 si
1415 608 1636 679 quidem
1666 609 2004 665 attendendae
2037 627 2118 664 ra.

2225 613 2421 677 ἁπλῶς
2453 615 2608 686 ἁπλῇ
2659 619 2726 687 τῇ
2782 617 2990 690 διανοίᾳ
3046 619 3166 689 Θεῷ
3215 621 3522 688 προσιέναι,
3582 622 3757 676 mitu-

542 701 921 756 tioeinationes
961 701 1079 756 istae
1117 710 1269 764 sunt,
1309 710 1364 756 et
1421 718 1530 756 non
1586 703 1768 772 potius
1812 703 2026 759 sincera
2060 718 2119 757 ac

2227 705 2458 768 στεύειν,
2487 707 2568 760 ὄτι
2604 707 2675 761 τὰ
2721 709 2826 762 ὑπὸ
2875 709 3010 763 Θεοῦ
3057 711 3319 781 εἰρημένα
3362 710 3506 764 ἐστὶν
3549 711 3758 782 ἀλήθεια,

539 790 772 860 simplici
809 799 993 847 mente
1024 792 1092 845 ad
1143 791 1310 846 Deum
1343 800 1558 862 oportet
1590 794 1868 858 accedere,
1909 804 1963 850 et
2005 810 2116 864 qua

2225 798 2373 867 αὑτῷ
2419 798 2476 851 δὲ
2524 800 2672 870 μόνῳ
2713 802 3032 872 ἐγνωσμένα
3078 802 3158 872 τῷ
3195 803 3290 873 τὴν
3334 805 3508 856 πᾶσαν
3545 804 3762 874 ἀλήθειαν

537 880 608 934 ab
635 897 699 936 eo
728 883 876 936 dicta
915 894 1066 945 sunt,
1120 899 1220 953 pro
1269 884 1594 940 certissimis
1632 884 1873 950 credere,
1908 887 2114 940 tametsi

2227 890 2408 943 εἰδότι.
2443 891 2624 944 Ἀλλοι
2653 892 2710 945 δὲ
2736 892 2984 961 λέγουσιν
3011 893 3137 947 οὔτε
3173 897 3232 948 ἐν
3264 893 3430 965 ψυχῇ,
3459 893 3576 948 οὔτε
3607 898 3659 948 ὲν
3683 896 3765 948 σὼ-

491 1004 509 1022 .
539 971 610 1026 ab
650 987 716 1026 eo
755 975 876 1027 solo
911 974 1130 1044 cognita
1168 974 1302 1038 sint,
1353 975 1444 1030 cui
1490 975 1671 1030 omnis
1715 984 1800 1030 est
1843 976 2064 1046 explora

2230 997 2380 1049 ματι,
2426 981 2562 1035 ἀλλὰ
2603 983 2804 1054 ἀρετὴν
2853 983 2994 1039 εἶναι
3038 987 3100 1040 τὸ
3149 987 3268 1039 κατ’
3299 987 3512 1040 εἰκόνα·
3543 987 3696 1057 ἕτεροι
3721 987 3765 1040 δὲ

541 1063 776 1118 Veritas:
814 1063 939 1118 aliis
973 1065 1150 1134 placet
1192 1081 1290 1120 nec
1341 1066 1394 1120 in
1427 1066 1608 1120 anima
1652 1083 1752 1122 nec
1807 1069 1860 1122 in
1900 1085 2118 1141 corpore

2229 1069 2496 1137 φάσκουσι
2547 1071 2620 1142 μὴ
2667 1069 2806 1126 εἶναι
2837 1074 2960 1144 rip?
2979 1075 3372 1146 ἁρετὴν,,ἀλ).ὰ
3420 1076 3481 1129 τὸ
3527 1076 3765 1146 βάπτισμα

539 1169 663 1211 esse
705 1156 864 1210 sitam
904 1157 1216 1227 imaginem,
1269 1157 1363 1212 sed
1415 1158 1532 1212 sola
1569 1159 1769 1214 virtute
1798 1163 2068 1216 contineri
2108 1182 2116 1218 :

2227 1160 2320 1213 καὶ
2341 1161 2400 1214 τὸ
2427 1162 2670 1232 χάρισμα
2694 1164 2756 1216 τὸ
2777 1167 2834 1218 ὲν
2850 1165 2929 1234 τῷ
2953 1165 3302 1236 βαπτίσματι,
3317 1166 3479 1237 δῆθεν
3499 1168 3561 1220 ὲκ
3589 1166 3674 1220 τοῦ
3695 1171 3766 1238 ρη-

541 1246 634 1300 alii
685 1261 793 1300 non
833 1247 1112 1312 virtutem,
1151 1249 1245 1304 sed
1300 1249 1654 1318 baptismum.
1703 1257 1758 1304 et
1798 1266 1922 1320 quae
1960 1252 2014 1307 in
2059 1269 2118 1308 eo

2224 1255 2319 1326 τοῦ
2356 1256 2449 1308 τοῦ
2483 1258 2775 1327 εἰρημένου
2792 1275 2806 1288 ο
2828 1259 3032 1324 Καθὼς
3069 1259 3442 1328 ἐφορέσαμεν
3467 1259 3576 1327 τὴν
3596 1262 3769 1314 εἰκόνα

541 1339 842 1402 eonfertur,
873 1340 1102 1409 gratiam
1136 1356 1258 1397 esse
1307 1349 1575 1396 statuunt.
1616 1340 1790 1407 Quam
1845 1345 1950 1399 illis
1994 1361 2118 1401 sen-

2225 1349 2334 1403 τοῦ
2359 1349 2594 1418 χοϊκοῦ,
2617 1349 2964 1419 φορέσωμεν
2989 1351 3085 1404 καί
3118 1349 3233 1417 τὴν
3259 1351 3462 1404 εἰκόνα
3488 1351 3589 1404 τοῦ
3623 1351 3767 1404 ἐπου-

542 1429 765 1484 tentiam
805 1431 1008 1484 dit-tum
1056 1431 1187 1486 illud
1220 1431 1465 1501 Apostoli
1502 1434 1776 1503 persuasit
1805 1453 1818 1488 :
1853 1435 2119 1502 Quemad-

2217 1440 2434 1506 ρανίου
2451 1458 2463 1470 ·
2490 1440 2640 1495 ἄλλοι
2671 1440 2728 1493 δὲ
2751 1441 2912 1495 πάλιν
2938 1441 3097 1495 τοῦτο
3137 1442 3198 1493 οὐ
3227 1440 3524 1511 βούλονται,
3553 1440 3675 1494 ἀλλὰ
3699 1439 3768 1492 θέ-

541 1524 752 1573 modum
783 1522 1107 1588 portavimus
1135 1523 1417 1592 imaginem
1450 1525 1664 1589 terreni,
1687 1535 1955 1588 portemus
1989 1529 2118 1581 ima-

2225 1531 2376 1584 λουσι
2416 1531 2596 1598 λέγειν
2639 1531 2761 1584 τότε
2812 1533 2910 1602 μὲν
2954 1529 3094 1585 εἶναι
3140 1531 3201 1584 τὸ
3241 1533 3362 1584 κατ’
3403 1533 3582 1585 εἰκόνα
3623 1533 3674 1583 ὲν
3711 1531 3769 1600 τῷ

539 1611 708 1681 ginem
739 1621 791 1667 et
818 1611 1041 1668 caelestis
1095 1615 1136 1669 ⁸.
1186 1612 1327 1669 Sunt
1356 1615 1448 1684 qui
1485 1615 1588 1670 hac
1620 1616 1877 1685 opinione
1921 1618 2116 1686 reiecta

2240 1621 2430 1692 Ἀδὰμ,
2463 1623 2568 1684 ἕως
2605 1623 2696 1676 ὅτε
2747 1624 2804 1675 ἐν
2851 1625 3102 1694 παρακιῇ
3148 1622 3361 1689 γέγονε,
3405 1624 3501 1674 καὶ
3538 1621 3769 1692 βέϐρωκεν

541 1702 613 1756 ita
647 1704 886 1759 sentiant
915 1723 931 1758 :
961 1705 1104 1760 Olim
1133 1707 1352 1777 quidem
1385 1708 1441 1761 in
1468 1707 1679 1762 Adamo
1704 1708 1943 1763 divinam
1976 1710 2118 1763 illam

2190 1710 2333 1782 duo
2381 1709 2478 1762 τοῦ
2527 1710 2706 1774 ξύλου,
2736 1711 2830 1764 καὶ
2878 1710 3154 1782 ἐξεώσθη·
3218 1713 3312 1780 ἀφ’
3352 1706 3414 1766 οὗ
3455 1711 3510 1764 δὲ
3546 1710 3767 1780 ἐξεώσθη,

441 1827 467 1856 .,
541 1791 831 1862 imaginem
857 1774 1167 1859 exstitisse,
1199 1797 1374 1851 donec
1418 1797 1472 1851 in
1507 1804 1788 1867 peccatum
1819 1798 2003 1868 lapsus

2192 1783 2477 1854 ίάπώλεσε
2521 1801 2582 1855 τὸ
2626 1803 2744 1856 κατ’
2788 1774 2995 1855 εἰκόνα.
3042 1774 3153 1856 κὰκ.
3209 1774 3378 1872 πολλή
3429 1818 3511 1864 τις
3551 1803 3658 1854 ἐστὶ
3689 1774 3769 1852 τιῖῆ

543 1880 695 1936 boris
749 1881 928 1938 fructu
977 1894 1309 1950 vesceretur,
1337 1896 1500 1956 atque
1551 1901 1579 1939 a
1629 1887 1867 1956 paradisi
1921 1888 2120 1944 ﬁnibus

2229 1895 2533 1965 ἀνθρώπων
2581 1895 2902 1966 μυθοποιία·
2943 1891 3025 1960 οἷς
3063 1896 3125 1948 οὐ
3181 1893 3287 1966 χρὴ
3337 1895 3460 1948 οὐδὲ
3498 1894 3623 1965 πρὸς
3657 1894 3770 1966 ὥραν

545 1975 1034 2042 exterminaretur;
1071 1986 1424 2048 posteaquam
1467 1993 1594 2032 vero
1635 1977 1828 2046 pulsus
1870 1986 1977 2043 est,
2013 1988 2122 2033 tum

2228 1982 2388 2050 εἶξαι,
2425 1985 2550 2040 οὔτε
2581 1986 2812 2054 τούτοις,
2844 1985 2968 2040 οὔτε
3002 1986 3229 2048 ἐκεινοις
3264 1988 3378 2048 τοῖς
3418 1986 3631 2057 οὔτωςῆ
3661 1985 3771 2037 οὕτω

544 2076 759 2118 omnem
789 2065 935 2119 illam
963 2066 1254 2136 imaginem
1287 2067 1535 2139 periisse.
1570 2066 1763 2138 Magna
1792 2078 1876 2123 est
1903 2069 2121 2123 omnino

2228 2077 2476 2142 λέγουσιν
2497 2094 2509 2109 ·
2554 2078 2672 2132 ἀλλ’
2707 2074 2844 2132 εἶναι
2892 2079 2990 2148 μὲν
3021 2077 3299 2130 πιστεύειν
3336 2079 3395 2130 ἐν
3434 2077 3511 2147 τῷ
3546 2076 3771 2146 ἀνθρώπῳ

541 2153 595 2206 in
645 2156 1020 2227 contingendis
1076 2158 1275 2215 fabulis
1313 2159 1594 2213 hominum
1647 2158 1915 2227 ejusmodi
1969 2159 2118 2214 licen-

2228 2167 2291 2221 τὸ
2344 2169 2464 2222 κατ’
2521 2169 2734 2235 εἰκόνα,
2793 2171 2852 2222 ὲν
2904 2169 3066 2223 παντὶ
3119 2168 3174 2221 δὲ
3234 2168 3473 2239 μάλιστα.
3497 2209 3512 2231 ,
3567 2169 3651 2221 καὶ
3700 2169 3773 2234 οὑχ

542 2248 638 2300 tia.
674 2245 885 2313 Quibus
911 2265 981 2306 ne
1013 2251 1081 2304 ad
1115 2251 1304 2305 haram
1340 2251 1559 2321 quidem
1589 2250 1785 2305 cedere
1825 2259 2041 2321 oportet
2073 2254 2126 2319 ’ς
2231 2257 2439 2322 ἁπλῶς.

541 2348 594 2397 et
641 2346 863 2416 quidem
911 2363 1018 2400 non
1059 2346 1180 2402 istis
1218 2344 1400 2408 modo,
1450 2343 1545 2399 sed
1595 2358 1694 2398 nec
1733 2343 1860 2408 illis,
1897 2344 1990 2411 qui
2039 2345 2141 2401 boc
2181 2360 2276 2404 aut
2323 2353 2414 2406 illo
2455 2361 2613 2420 pacto
2651 2355 2895 2409 sentiunt
2961 2372 2972 2408 :
3016 2353 3090 2407 ita
3139 2368 3302 2424 porro
3346 2351 3662 2408 credendum
3711 2362 3776 2408 est

543 2441 831 2511 imaginem
883 2439 938 2493 in
985 2437 1207 2493 homine
1249 2436 1497 2506 reperiri,
1531 2441 1589 2488 ut
1628 2435 1681 2488 in
1722 2444 1836 2490 toto
1875 2439 2112 2494 maxime
2143 2456 2243 2497 nec
2275 2444 2594 2514 simpliciter
2654 2446 2907 2501 resideat.

612 2555 879 2609 Caeterum
907 2552 1127 2606 ubinam
1150 2549 1240 2604 illa
1270 2550 1506 2604 maxime
1526 2548 1597 2603 sit
1615 2555 1669 2604 et
1685 2563 1789 2618 qua
1811 2559 1961 2619 parte
1984 2565 2132 2604 com-

2311 2556 2422 2610 Ποῦ
2449 2558 2508 2612 δέ
2540 2561 2708 2623 ἐστιν,
2755 2558 2788 2630 ἢ
2839 2557 2942 2611 ποῦ
2978 2557 3330 2629 πεπλήρωται
3365 2557 3428 2611 τὸ
3466 2557 3581 2611 κατ’
3610 2555 3773 2618 εἰκόνα,

547 2645 935 2718 pleatur,quod
965 2644 1168 2699 dictum
1204 2651 1304 2704 est,
1338 2642 1405 2698 ad
1445 2641 1757 2711 imaginem,
1788 2641 1931 2696 Deus
1961 2644 2124 2708 novit,

2239 2647 2388 2718 αὐτῷ
2425 2647 2570 2719 μόνῳ
2615 2646 2880 2716 ἔγνωσται
2923 2648 3000 2718 τῷ
3039 2647 3178 2718 Θεῷ,
3222 2647 3365 2701 κατὰ
3409 2647 3567 2720 χάριν
3603 2646 3671 2716 τῷ
3702 2647 3773 2698 ἀν-

545 2737 638 2807 ιμιί
689 2736 950 2806 singulari
985 2737 1088 2789 boc
1132 2734 1386 2803 imaginis
1417 2749 1529 2788 sua:
1557 2732 1820 2786 beneﬁcio
1850 2733 2122 2787 hominum

2240 2738 2443 2809 θρώπῳ
2474 2737 2844 2809 δωρησαμένῳ
2880 2738 2940 2790 τὸ
2986 2739 3105 2791 κατ’
3153 2737 3354 2791 εἰκόνα.
3402 2737 3536 2791 Οὔτε
3569 2738 3664 2808 γὰρ
3697 2737 3775 2788 ἁπ-

545 2843 717 2898 gcnus
746 2826 955 2882 allicere
976 2826 1165 2880 voluit.
1190 2824 1374 2895 Neque
1399 2839 1529 2879 vero
1549 2824 1690 2878 hanc
1716 2824 1804 2879 ille
1830 2826 2122 2895 perdidisse

2240 2828 2438 2882 ώλεσεν
2464 2830 2492 2882 ὀ
2523 2828 2809 2899 ἄνθρωπος
2841 2828 2901 2881 τὸ
2925 2831 3042 2881 κατ’
3073 2828 3256 2880 εἰκόνα
3276 2845 3289 2856 ·
3325 2826 3443 2880 ἀλλ’
3480 2829 3528 2880 εἰ
3556 2827 3654 2897 ἄρα
3681 2827 3774 2894 ἐχυ-

548 2919 820 2988 putandus
843 2925 927 2973 est
945 2957 959 2981 ,
984 2917 1198 2970 tametsi
1218 2917 1334 2970 sine
1354 2916 1462 2970 ullo
1480 2931 1662 2968 rerum
1683 2913 1998 2970 discrimine
2015 2933 2125 2986 gra-

2235 2922 2437 2975 δαίωσε
2491 2921 2552 2974 τὸ
2603 2922 2722 2974 κατ’
2757 2920 2960 2982 εἰκόνα,
3009 2918 3240 2990 μολύνας
3278 2919 3472 2972 ἑαυτὸν
3511 2919 3566 2970 ἐν
3597 2913 3774 2982 abuei-

546 3009 786 3064 vissimis
815 3025 872 3065 se
898 3008 1197 3063 sceleribus
1223 3007 1538 3076 inquinans,
1563 3006 1759 3060 divina:
1786 3007 1914 3060 illud
1941 3006 2123 3078 imagi.

2243 3029 2354 3082 ροις
2383 3011 2670 3081 πράγμασι
2699 3011 2793 3064 καὶ
2832 3009 3151 3079 ἀνηκέστοις
3192 3009 3508 3080 ἁμαρτίαις.
3541 3007 3662 3058 Ἰδοὺ
3695 3004 3775 3073 γὰρ

547 3103 632 3156 nis
654 3099 821 3156 decus
849 3100 952 3154 vile
987 3099 1369 3169 abjectumque
1411 3098 1722 3152 reddiderit.
1753 3098 1963 3167 Quippe
2011 3110 2124 3168 post

2199 3120 2201 3168 ι
2238 3105 2374 3174 μετὰ
2417 3106 2505 3156 τὴν
2539 3102 2711 3173 Ἀδὰμ
2755 3101 2831 3172 τῷ
2875 3102 2996 3154 Νῶε
3031 3101 3215 3169 λέγει·
3259 3099 3411 3154 Ἰδοὺ
3454 3096 3665 3152 δέδωκά
3701 3110 3776 3148 σοι

547 3195 810 3248 Atlamum
834 3193 906 3246 ita
925 3191 1069 3247 Deus
1098 3189 1359 3247 Noemum
1388 3191 1680 3260 alloquitur
1707 3209 1720 3244 :
1745 3189 1875 3244 Ecce
1894 3189 2014 3244 dedi
2038 3192 2124 3245 tibi

2240 3195 2436 3249 πάντα
2465 3195 2546 3261 ὡς
2580 3193 2818 3263 λάχανα
2864 3193 3079 3263 ἀγροῦο
3123 3192 3338 3257 θῦσον,
3380 3190 3478 3245 καί
3520 3187 3673 3259 φάγε.
3704 3184 3776 3251 Μὴ

545 3286 722 3340 omnia
753 3294 1002 3353 tanquam
1025 3283 1168 3338 olera
1197 3285 1313 3354 agri
1335 3297 1353 3346 ,‘
1384 3292 1558 3336 macta
1586 3292 1634 3337 et
1662 3281 1888 3337 comede.
1908 3280 2122 3337 Carnem

2239 3288 2393 3358 φάγε
2419 3287 2614 3356 σάρκα
2642 3287 2712 3339 ἐν
2739 3287 2938 3356 αἵματι
2973 3283 3216 3354 ψυχῆς·
3247 3283 3339 3337 ὅτι
3374 3282 3488 3354 ἐγὼ
3522 3276 3777 3346 ἐκζητήσω

545 3393 659 3430 cum
677 3376 866 3428 (mima:
880 3375 1133 3445 sanguine
1151 3391 1213 3428 ne
1225 3373 1485 3435 comedas,
1500 3373 1746 3439 quoniam
1759 3388 1851 3442 ego
1869 3373 2122 3440 requiram

2240 3376 2346 3440 τὰς
2387 3375 2592 3443 ψυχὰς
2639 3373 2827 3443 ὑμῶν.
2855 3372 2980 3437 Πᾶς
3011 3375 3042 3426 ό
3081 3372 3310 3442 ἐκχέων
3339 3367 3483 3440 αἷμα
3514 3365 3775 3435 ἀνθρώπου

544 3466 750 3519 animos
774 3475 991 3520 vestras.
1028 3463 1333 3533 Quicunque
1360 3461 1603 3531 e/fudcrit
1631 3464 1939 3532 sanguinem
1972 3460 2121 3513 hami

2239 3467 2338 3520 ἐπὶ
2378 3465 2487 3534 τῆς
2515 3465 2648 3535 γῆς,
2680 3465 2812 3520 ἀντὶ
2843 3465 2948 3518 τοῦ
2982 3464 3230 3532 αἵματος
3267 3460 3458 3515 αὑτοῦ
3491 3455 3775 3526 ἐκχυθήσε-

547 3559 626 3612 nis
657 3558 709 3611 in
739 3568 900 3620 terra,
931 3573 1025 3625 pro
1061 3555 1219 3624 hujus
1250 3557 1504 3624 sanguine
1534 3554 1680 3606 illius
1710 3553 1925 3622 sanguis
1958 3552 2124 3620 effun-

2239 3573 2334 3610 ται
2376 3557 2442 3609 τὸ
2484 3551 2627 3626 αἷμα
2657 3557 2872 3610 αὐτοῦ·
2906 3555 2996 3608 ὅτι
3034 3557 3104 3608 ἐν
3143 3555 3332 3607 εἰκόνι
3383 3551 3530 3607 Θεοῦ
3565 3547 3776 3610 ἐποίησα

545 3646 739 3702 detur:
769 3665 828 3701 eo
863 3646 1002 3716 quod
1033 3645 1101 3698 ad
1131 3645 1415 3715 imaginem
1444 3643 1543 3700 Dei
1576 3643 1836 3697 hominem
1877 3641 2122 3711 fecerim;

2241 3647 2348 3701 τὸν
2380 3647 2691 3716 ἄνθρωπον
2710 3663 2723 3676 ·
2753 3647 2852 3700 καὶ
2880 3644 2996 3714 ἐγὼ
3034 3643 3342 3712 ἐκζητήσω
3389 3643 3455 3697 τὸ
3483 3636 3617 3710 αἷμα
3649 3633 3776 3704 ὑμῶν

545 3751 592 3795 et
652 3757 745 3811 ego
803 3739 1069 3809 requiram
1121 3737 1428 3806 sanguinem
1472 3745 1703 3789 vestrum
1756 3732 1820 3786 ab
1873 3750 1933 3787 eo
1992 3748 2122 3786 omni

2242 3740 2309 3794 ἐκ
2334 3739 2562 3804 παντὸς
2588 3737 2694 3792 τοῦ
2725 3736 3042 3805 ἐκχέοντος
3069 3736 3216 3790 αὐτὸ
3240 3735 3342 3788 ἐπὶ
3376 3738 3682 3803 πρόσωπον
3695 3723 3777 3790 τῆς

546 3831 684 3900 quod
724 3830 971 3900 eﬁ'uderit
1023 3829 1197 3899 ipsum
1244 3843 1400 3896 super
1451 3826 1644 3895 facient
1696 3835 1851 3879 terra:
1893 3824 1934 3880 ³.
1970 3823 2123 3878 Vides

2242 3829 2372 3900 Τῆς·
2408 3829 2516 3883 Καὶ
2549 3830 2699 3900 ὁρᾷς,
2733 3829 2813 3882 ὅτι
2842 3830 2897 3881 ὲν
2937 3828 3015 3898 τῷ
3041 3825 3310 3902 ἀνθρώπῳ
3352 3825 3565 3893 λέγεται
3604 3820 3656 3872 τὸ
3687 3815 3776 3869 κατ’

552 3931 610 3977 ιιι
645 3923 698 3977 in
735 3921 974 3986 homine,
1007 3926 1131 3990 post
1172 3919 1437 3974 decimam
1474 3918 1543 3973 ab
1585 3917 1789 3971 Adamo
1833 3916 2129 3987 generatio-

2244 3924 2426 3975 εἰκόνα
2467 3921 2606 3992 μετὰ
2646 3919 2877 3990 δεκάτην
2897 3919 3089 3988 γενεὰν
3117 3918 3211 3970 τοῦ
3252 3917 3345 3970 τὸν
3379 3917 3552 3985 Ἀδὰμ
3579 3907 3775 3973 animi“

551 4029 696 4079 nem,
755 4013 933 4082 imago
981 4009 1076 4065 Dei
1124 4009 1527 4064 constituatur?
1577 4007 1720 4072 Quin
1756 4008 1919 4062 etiam
1969 4006 2128 4062 David

2243 4033 2364 4081 vat;
2403 4015 2554 4084 ’Λμα
2603 4013 2660 4067 δὲ
2711 4013 2804 4065 καὶ
2843 4011 3004 4064 Δαϐἰδ
3057 4009 3195 4081 μετὰ
3230 4008 3398 4061 πολὺν
3444 4005 3624 4077 χρόνον
3665 3999 3776 4092 λέγξι

553 4107 711 4174 longo
737 4110 928 4174 postea
963 4113 1203 4172 tempore
1233 4115 1300 4156 ex
1337 4100 1511 4154 sancti
1559 4099 1798 4169 Spiritus
1832 4097 2011 4152 amatu
2047 4113 2130 4153 ce-

2244 4104 2520 4175 Πνεύματι
2579 4103 2754 4173 ἁγίῳ·
2827 4102 2903 4156 Τὰ
2954 4103 3276 4170 σύμπαντα
3320 4098 3636 4167 ματαιότης
3689 4102 3773 4146 πυ(

551 4195 726 4251 ciuit:
766 4193 1022 4249 Universa
1066 4193 1273 4248 vanitas
1325 4183 1494 4245 omnis
1544 4191 1698 4246 homo
1754 4192 1922 4245 vivens
1962 4189 2004 4242 ⁵.
2041 4189 2128 4244 Se-

2243 4195 2552 4262 ἇνθρωπος
2597 4193 2728 4255 ζῶν.
2766 4193 2930 4246 Ἀλλὰ
2968 4195 3062 4246 καὶ
3108 4191 3343 4261 καθεξῆς
3390 4187 3527 4259 μετὰ
3567 4183 3726 4238 τοῦτον
3757 4176 3776 4226 ὁ

550 4284 791 4338 cundum
845 4299 1005 4354 quem
1051 4283 1346 4353 Apostolus
1387 4301 1400 4336 :
1451 4281 1539 4335 Vir
1593 4299 1797 4337 comam
1852 4281 1994 4336 alere
2035 4299 2127 4336 non

2257 4286 2575 4349 Ἀπόστολός
2614 4301 2813 4355 φησιν’
2859 4283 3041 4352 Ἀνὴρ
3080 4285 3188 4336 οὐκ
3223 4280 3452 4347 ὀφείλει
3500 4274 3691 4368 nom-tr,
3721 4268 3767 4368 ξι

549 4376 718 4441 debet,
749 4377 948 4446 inquit,
985 4392 1103 4428 cum
1137 4377 1205 4429 sit
1242 4375 1416 4444 imago
1450 4384 1499 4430 et
1527 4375 1701 4446 gloria
1741 4375 1835 4430 Dei
1863 4375 1906 4430 ⁵.
1947 4373 2053 4428 Sed
2086 4384 2126 4428 el

2245 4379 2367 4433 κὼν
2391 4380 2487 4432 καὶ
2523 4377 2672 4441 δόξα
2709 4377 2856 4431 Θεοῦ
2881 4375 3185 4444 ὑπάρχων.
3217 4372 3383 4425 Ἀλλὰ
3414 4371 3506 4424 καὶ
3535 4365 3657 4438 μετὰ
3680 4365 3774 4414 τοῦ·

553 4475 678 4534 post
721 4467 871 4520 illum
919 4464 1158 4522 Jacobus
1207 4466 1275 4521 de
1329 4467 1512 4535 lingua
1564 4466 1896 4536 disputans:
1934 4463 2130 4518 Malum

2198 4467 2337 4522 )τον
2361 4467 2618 4531 ’Ῑάκωόος
2656 4469 2876 4535 φάσκει,
2921 4464 3094 4532 λέγων
3143 4464 3271 4532 περί
3311 4463 3410 4532 τῆς
3450 4457 3696 4527 γλώσσης,
3717 4448 3775 4500 ὃτι

550 4569 649 4618 est.
704 4558 899 4628 inquit,
953 4556 1328 4622 intractabile,
1383 4557 1538 4628 plena
1593 4572 1782 4611 veneno
1843 4555 2127 4624 mortifero.

2259 4559 2700 4630 Ἀκατάσχετον
2745 4558 2957 4623 κακὸν,
3000 4553 3197 4625 μεστὴ
3255 4553 3346 4607 ιοῦ
3392 4547 3774 4630 θανατηφόρους

549 4649 716 4722 815
773 4625 840 4704 in
896 4651 1017 4721 ipsa
1073 4625 1422 4705 benedicimns
1475 4650 1638 4704 Deum
1698 4660 1747 4703 et
1798 4649 2048 4710 Patrem;
2090 4665 2126 4700 ei

2259 4651 2353 4704 Ἐν
2386 4625 2556 4720 αὐτῇ⁷
2584 4649 2958 4719 εὐλογοῦμεν
2987 4647 3092 4700 τὸν
3131 4645 3279 4699 Θεὸν
3313 4645 3410 4696 καὶ
3455 4637 3682 4734 Πατέρα,
3705 4625 3775 4734 καί

552 4745 604 4795 in
652 4743 768 4810 ipsa
818 4742 1186 4797 maledicimus
1237 4742 1558 4805 honrinilms,
1599 4743 1689 4810 qui
1737 4739 1807 4793 ad
1857 4739 2129 4806 imaginem

2243 4742 2314 4795 ἐν
2342 4741 2497 4810 αὐτῇ
2535 4740 2916 4810 καταρώμεθα
2945 4737 3087 4803 τοὺς
3121 4734 3490 4802 ἀνθρώ-ἐπεν
3519 4727 3645 4790 τοὺς
3676 4733 3760 4810 mf.

557 4805 836 4904 Dei-{acti
878 4844 1022 4891 sunt.
1071 4833 1194 4890 Non
1241 4842 1442 4904 oportet
1493 4805 1620 4887 lueet
1653 4834 1730 4886 ita
1765 4833 1902 4900 ﬁeri,
1942 4805 2134 4900 fratres

2241 4833 2444 4885 εἰκόνα
2465 4805 2625 4885 Θεοῦ
2653 4805 2991 4900 γίεγονόταςσ
3032 4830 3115 4881 οὐ
3147 4825 3262 4894 χρὴ
3295 4824 3481 4878 ταῦτα
3515 4818 3680 4908 οὕτως

557 4926 655 4978 mei
687 4927 727 4980 °.
764 4925 838 4978 Ex
877 4927 1076 4995 quibus
1105 4932 1332 4996 apparet
1358 4939 1549 4978 eorum
1574 4937 1768 4976 vanam
1813 4937 1936 4976 esse
1974 4924 2134 4976 ratio-

2242 4927 2473 4987 νεσθαι,
2510 4922 2764 4991 ἀδελφοί
2794 4939 2928 4988 μου.
2963 4921 3072 4973 Καὶ
3101 4920 3224 4989 ὅρα,
3261 4918 3344 4970 ὅτι
3377 4915 3619 5004 ἐξέπεσεν
3651 4899 3770 5004 6‘16-

560 5031 676 5069 nem
708 5014 801 5083 qui
854 5013 1126 5070 Adamum
1168 5014 1264 5070 Dei
1319 5013 1608 5084 imaginem
1652 5011 1906 5067 amisisse
1949 5011 2137 5083 pracdi-

2243 5032 2338 5084 τος
2377 5015 2486 5068 τῶν
2530 5013 2796 5083 λεγόντων
2830 5013 2922 5067 τὸν
2958 5011 3130 5081 Ἀδὰμ
3161 5010 3221 5063 τὸ
3253 5008 3373 5062 κατ’
3397 5004 3572 5059 εἰκόνα
3597 4999 3769 5050 ἀπολω-

558 5115 705 5160 cant.

2243 5107 2485 5161 λεκὲναι.

633 5219 720 5274 1V.
739 5218 949 5286 Quibus
964 5237 1090 5276 vero
1118 5221 1392 5292 placuitin
1421 5220 1601 5275 anima
1621 5217 1851 5289 positam
1870 5232 1993 5272 esse
2017 5216 2146 5271 ima-

2320 5221 2394 5276 A'.
2431 5216 2554 5272 Τῶν
2609 5217 2665 5271 δὲ
2726 5217 2888 5270 πάλιν
2935 5215 3219 5284 λεγόντων,
3255 5211 3352 5282 τὴν
3390 5206 3557 5278 ψυχὴν
3595 5190 3780 5303 εἰναιιτὺ

557 5313 758 5380 ginem,
817 5311 963 5365 hunc
1009 5313 1066 5365 in
1100 5312 1319 5366 modum
1355 5311 1752 5368 ratiocinantur
1785 5323 1847 5361 ac
1891 5323 2014 5363 sese
2049 5309 2134 5363 de-

2251 5313 2371 5364 κατ“
2420 5310 2624 5375 εἰκόνα,
2680 5312 2708 5362 ὁ
2759 5308 2916 5376 λόγος
2956 5307 3072 5359 ἐστὶ
3106 5303 3308 5358 τοιόσδε
3353 5301 3441 5353 καὶ
3469 5299 3500 5366 ἡ
3529 5285 3749 5353 ἀπολογία

558 5404 828 5460 tendunt:
862 5401 1006 5471 quod
1047 5409 1102 5456 et
1144 5402 1490 5470 aspectabilis
1537 5402 1761 5455 minime
1800 5401 1871 5454 sit
1922 5400 2135 5470 perinde

2253 5400 2400 5463 "Ott,
2426 5402 2612 5472 φησὶν,
2645 5400 2792 5453 ἐστιν
2815 5401 3062 5471 ἀόρατος,
3085 5398 3159 5461 ὡς
3189 5399 3218 5449 ό
3243 5393 3373 5455 Θεός
3397 5394 3534 5443 ἐστιν
3561 5383 3769 5472 ἀόρατος·

559 5507 623 5548 ac
658 5494 804 5550 Deus
837 5466 961 5558 est;
1011 5493 1156 5566 quod
1203 5466 1436 5563 agendi,
1482 5492 1760 5557 movendi,
1812 5466 2136 5563 intelligendi

2255 5493 2580 5565 ἐνεργητική
2621 5495 2760 5554 ἐστι,
2787 5492 3038 5562 κινητική
3073 5491 3209 5544 ἐστι.
3235 5480 3533 5552 διανοητική
3571 5478 3686 5532 ἐστι,
3711 5466 3765 5516 λο·

639 5691 839 5750 'lCor.
878 5713 965 5760 xv,
1011 5697 1076 5750 Η
1172 5701 1189 5730 ⁸
1226 5695 1342 5752 Gal.
1376 5712 1433 5763 tt,
1468 5699 1523 5753 5.
1598 5698 1776 5753 aGen.
1816 5715 1890 5765 Ix,
1926 5700 1959 5753 5
1985 5715 2103 5766 sqq.
2176 5700 2194 5731 ⁵
2234 5698 2377 5752 Psal.
2416 5713 2596 5760 xxxvt,
2627 5697 2679 5750 6.
2757 5693 2980 5749 'lCor.
3016 5711 3088 5760 ιι,
3144 5695 3229 5748 Η.
3332 5693 3351 5720 ⁸
3378 5689 3487 5744 Jac.
3531 5698 3602 5740 Ill.
3631 5676 3762 5736 ςενι-
