3994 6412
279 329 410 388 3.15

932 331 1304 392 ADVERSUS
1342 333 1684 391 HERESES
1722 334 1849 392 LIB.

2017 333 2184 390 TOM.
2227 333 2654 391 l.-lUERES.
2697 333 2859 391 LXX.

3457 331 3566 390 348

282 447 516 520 γιστική
557 448 708 501 ἐστι·
750 448 846 502 καὶ
887 450 1078 505 τούτου
1131 451 1294 506 ἕνεκα
1336 454 1472 526 αὐτή
1514 456 1629 508 ἐστι
1661 453 1722 506 τὸ
1757 455 1875 506 κατ’

1984 468 2044 506 ae
2075 452 2434 507 ratiocinandi
2469 452 2560 507 ubi
2587 452 2811 522 praedita
2839 451 2910 505 sit
2937 467 2951 504 :
2986 449 3106 505 ideo
3137 449 3248 503 haec
3275 447 3564 516 imaginem

283 539 504 602 εἰκόνα,
547 539 734 612 ἐπειδὴ
779 541 913 595 Θεὸν
956 544 1048 596 ἐπὶ
1085 544 1189 614 γῆς
1239 547 1504 615 μιμεῖται,
1556 545 1783 598 κινοῦσά
1816 563 1875 598 τε

282 631 394 683 καὶ
429 630 760 700 πράττουσα,
789 634 883 685 καὶ
920 632 1088 687 τᾶλλα
1127 635 1377 694 ποιοῦσα,
1401 636 1609 705 ὅσαπερ
1641 637 1780 688 κατὰ
1817 636 1879 689 τὸ

282 719 603 787 λογιστικὸν
634 722 865 793 πράττει
895 726 924 777 ὁ
961 723 1265 795 ἄνθρωπος.
1302 724 1661 796 Εὐρίσκονται
1689 726 1745 777 δὲ
1785 725 1879 778 καὶ

282 806 442 864 οὗτοι
475 810 928 882 συλλογιζόμενοι.
959 814 1069 865 Καὶ
1093 813 1201 884 γὰρ
1233 816 1280 866 εἰ
1309 815 1396 867 διὰ
1428 813 1600 868 ταῦτα
1632 815 1877 867 καλεῖται

283 904 420 954 κατ’
444 901 624 954 εἰκόνα
658 901 826 971 ψυχὴ,
869 902 1050 957 οὐκέτι
1093 903 1315 958 δύναται
1345 901 1482 958 εἶναι
1513 907 1632 958 κατ’
1672 905 1872 960 εἰκόνα.

296 993 361 1046 ’0
419 992 528 1063 γὰρ
567 993 700 1056 Θεὸς
739 994 992 1048 ἐπέκεινα
1040 997 1528 1066 μυριονταπλάσιον
1579 996 1730 1068 παρὰ
1778 998 1879 1069 τὴν

283 1081 496 1151 ψυχὴν,
535 1083 628 1134 καὶ
661 1082 740 1134 ἐτι
774 1083 1150 1154 περιττότερόν
1185 1085 1331 1137 ἐστιν
1373 1086 1755 1156 ἀκατάληπτος
1783 1087 1877 1140 καὶ

285 1172 670 1243 ἀπερινόητος,
697 1173 878 1227 πάντα
901 1172 1077 1238 εἰδὼς,
1108 1174 1175 1228 τὰ
1207 1175 1443 1247 προόντα
1495 1178 1588 1231 καὶ
1622 1177 1690 1230 τὰ
1731 1195 1874 1248 παρ-

285 1261 446 1326 όντα,
474 1261 568 1315 καὶ
590 1260 842 1332 ὁρώμενα
876 1262 1062 1316 καὶτὰ
1102 1262 1177 1335 μὴ
1202 1263 1473 1335 ὁρώμενα,
1505 1266 1716 1337 πέρατα
1748 1267 1873 1335 γῆς,

287 1351 389 1404 καὶ
435 1351 715 1420 πυθμένας
759 1352 1019 1417 ἀϐύσσου,
1071 1355 1216 1425 ἄκρα
1266 1355 1531 1427 οὐρανῶν,
1570 1357 1665 1410 κα)⁴
1698 1361 1876 1412 πάντα

283 1443 358 1494 τὰ
398 1442 547 1507 ὄντα,
583 1443 745 1506 αὐτὸς
793 1443 1060 1514 περιέχων
1109 1445 1179 1498 τὰ
1224 1446 1421 1509 πάντα,
1455 1447 1545 1501 ὐπ’
1578 1449 1787 1512 οὐδενὸς
1819 1449 1876 1502 δὲ

285 1531 701 1600 περιεχόμενος.
745 1531 810 1585 'H
857 1532 914 1585 δὲ
967 1532 1113 1603 ψυχὴ
1168 1535 1480 1605 περιέχεται
1523 1537 1621 1607 μὲν
1663 1540 1719 1590 ἐν
1771 1537 1876 1591 σώ-

288 1639 448 1692 ματι,
476 1624 657 1692 ἀγνοεῖ
685 1624 740 1677 δέ
767 1623 1003 1678 ἀϐύσσου
1040 1625 1166 1690 τοὺς
1201 1626 1502 1697 πυθμένας,
1532 1628 1624 1682 καὶ
1661 1630 1879 1683 ἐπίστα-

280 1726 383 1761 ται
430 1709 490 1762 τὸ
537 1705 695 1781 εὖρος
743 1711 845 1780 τῆς
895 1712 1035 1783 γῆς,
1088 1713 1333 1784 τέρματα
1384 1717 1480 1786 τῆς
1550 1719 1874 1790 οἰκουμένης

1978 545 2396 616 complectitur;
2459 543 2605 612 quod
2653 540 2952 602 movendo,
2992 538 3202 609 agendo
3245 553 3307 590 ac
3361 536 3566 602 reliqua

1977 638 2160 692 omnia
2200 633 2527 705 praestando,
2573 647 2694 702 quae
2741 632 2952 685 ratione
2997 631 3064 683 ab
3111 628 3425 682 hominibus
3472 640 3566 692 ge-

1980 738 2196 791 runtur,
2227 727 2395 782 Deum
2427 725 2484 780 in
2515 724 2678 778 terris
2703 725 2967 777 innitatur.
3003 721 3109 774 Sed
3148 720 3236 774 isti
3279 717 3568 772 manifeste

1977 821 2044 876 ad
2091 820 2438 891 syllogismos
2484 815 2829 884 confugiunt.
2884 811 3018 865 Nam
3067 813 3113 866 si
3173 816 3454 879 propterea
3501 807 3566 859 ad

1977 910 2270 980 imaginem
2325 906 2508 961 anima
2561 904 2705 959 facta
2752 902 2974 963 dicitur,
3023 901 3090 955 ad
3136 901 3424 968 imaginem
3457 896 3562 950 dici

1977 1001 2202 1054 omnino
2234 1013 2342 1053 non
2372 1005 2574 1068 potest.
2622 994 2766 1048 Deus
2807 993 2953 1048 enim
2994 991 3218 1046 inﬁnitis
3246 1004 3356 1060 prae
3386 989 3567 1042 anima

1976 1093 2245 1163 partibus,
2297 1104 2472 1159 eoque
2531 1086 2798 1156 amplius,
2847 1082 3387 1152 comprehensionem
3449 1095 3568 1132 om-

1977 1199 2100 1238 nem
2133 1197 2201 1237 ac
2233 1181 2616 1252 cogitationem
2661 1174 2871 1244 eﬂugit,
2913 1183 3099 1244 utpote
3141 1172 3227 1225 cui
3281 1178 3568 1239 prospecta

1977 1281 2106 1330 sunt
2158 1273 2343 1328 omnia
2394 1281 2501 1324 tam
2553 1269 2830 1339 praeterita
2879 1280 3042 1335 quam
3095 1262 3406 1333 praesentia,
3457 1269 3566 1312 tam

1975 1379 2096 1434 qua:
2146 1362 2420 1428 videntur,
2462 1375 2626 1431 quam
2674 1373 2796 1428 qua:
2842 1357 3010 1410 videri
3062 1359 3362 1423 nequeunt,
3409 1362 3569 1405 terra:

1978 1456 2135 1521 ﬁnes,
2182 1455 2464 1525 profundae
2509 1452 2784 1523 voraginis
2836 1451 2964 1514 ima,
3003 1447 3305 1502 cmlestium
3353 1444 3568 1499 orbium

1975 1559 2210 1607 summa,
2245 1543 2512 1614 quidquid
2563 1543 2799 1611 denique
2842 1538 3054 1608 uspiam
3097 1543 3202 1590 est.
3259 1535 3377 1604 Ipse
3423 1532 3568 1586 enim

1975 1649 2099 1688 cum
2130 1634 2314 1687 omnia
2344 1632 2776 1702 comprehendit,
2812 1638 2926 1683 tum
2958 1644 2986 1682 a
3027 1628 3177 1682 nullo
3204 1626 3573 1694 comprehen-

1975 1724 2140 1778 ditur.
2180 1723 2500 1778 Eeontrario
2532 1738 2660 1776 vero
2725 1722 2906 1775 anima
2959 1733 3188 1787 corpore
3231 1716 3566 1776 continetur,

282 1801 501 1867 ἀγνοεῖ,
549 1801 694 1871 ἄκρα
736 1803 978 1873 οὐρανῶν
1028 1803 1088 1856 οὐ
1142 1805 1454 1876 κατείληφε,
1503 1809 1644 1862 πόσα
1690 1810 1872 1876 μέλλει

1984 1815 2156 1886 abyssi
2210 1815 2434 1870 fundum
2496 1814 2731 1884 ignorat,
2783 1821 2940 1866 terra:
3015 1808 3356 1863 latitudinem
3407 1815 3572 1875 atque

282 1891 539 1952 ἔσεσθαι,
565 1892 599 1963 ἦ
629 1893 759 1946 πότε
784 1894 1012 1962 γίνεται,
1043 1895 1186 1948 πόσα
1215 1913 1276 1948 τε
1315 1898 1421 1966 πρὸ
1449 1901 1618 1969 αὐτῆς
1654 1902 1882 1972 γεγένη-

282 2001 406 2042 ται.
449 1985 557 2037 Καὶ
598 1985 767 2038 πολλά
803 1987 918 2039 ἐστι
954 1986 1082 2057 περὶ
1128 1987 1300 2059 αὐτῆς
1337 1991 1432 2043 καὶ
1474 1991 1582 2044 τῶν
1622 1991 1878 2045 τοιούτων

283 2074 492 2142 λέγειν.
525 2076 674 2146 ’Ἀμα
713 2077 769 2129 δὲ
814 2079 908 2131 καὶ
952 2082 1252 2152 μερισμούς
1293 2079 1434 2150 ἔχει·
1474 2080 1607 2144 Θεὸς
1645 2081 1702 2134 δὲ
1745 2083 1881 2152 ἀμέ-

287 2165 481 2237 ριστός
531 2168 666 2219 ἐστι.
719 2169 856 2239 Φησὶ
909 2171 1019 2242 γὰρ
1069 2174 1097 2225 ὁ
1145 2170 1498 2234 Ἀπόστολοςο
1535 2170 1666 2224 Ζῶν
1699 2172 1808 2242 γὰρ
1846 2175 1879 2228 ό

283 2255 475 2322 λόγος
507 2255 612 2308 τοῦ
645 2256 791 2310 Θεοῦ
823 2259 921 2311 καὶ
957 2259 1224 2327 ἐνεργὴς,
1247 2258 1344 2312 καὶ
1368 2259 1693 2327 τομώτερος
1724 2261 1876 2328 ὑπὲρ

285 2344 504 2398 πᾶσαν
525 2345 826 2414 μάχαιραν
859 2347 1170 2418 δίστομον,
1212 2349 1308 2403 καὶ
1338 2349 1747 2419 διικνούμενος
1770 2351 1876 2419 μέ-

285 2453 394 2505 χρι
436 2438 729 2505 μερισμοῦ
757 2438 966 2508 ψυχῆς
1005 2441 1105 2495 καὶ
1138 2438 1414 2509 μυελῶν’
1469 2440 1568 2492 καὶ
1617 2441 1878 2508 κριτικὸς

284 2526 684 2594 ἐνθυμήσεων
735 2531 834 2583 καὶ
877 2529 1146 2585 ἐννοιῶν.
1181 2532 1290 2584 Καὶ
1341 2532 1451 2584 οὐκ
1493 2530 1627 2584 ἔστι
1679 2532 1876 2598 κτίσις

286 2617 534 2686 ἀφανὴς
575 2619 831 2674 ἐνώπιον
871 2623 1079 2684 αὐτοῦ,
1130 2622 1225 2676 καὶ
1258 2621 1328 2675 τὰ
1368 2619 1516 2691 ἑξῆς.
1567 2621 1676 2674 Καὶ
1719 2623 1874 2694 ὁρᾷς,

284 2707 376 2760 ὅτι
405 2709 616 2761 διέπεσε
642 2712 734 2763 καὶ
763 2711 966 2766 τούτων
997 2714 1025 2765 ὁ
1057 2713 1232 2781 λόγος.

1980 1906 2131 1961 orbis
2180 1905 2494 1960 habitabilis
2547 1905 2749 1958 limites
2801 1903 3010 1967 nescit;
3041 1901 3304 1955 caelorum
3355 1913 3568 1952 summa

1982 2010 2091 2048 non
2116 1995 2452 2064 assequitur,
2475 2010 2653 2064 neque
2674 1995 2805 2064 quid
2839 1995 3082 2048 futurum
3107 1995 3200 2057 sit,
3231 1997 3324 2045 aut
3351 1990 3572 2061 quando

1981 2081 2250 2150 futurum,
2281 2091 2375 2137 aut
2403 2099 2524 2153 qua:
2555 2091 2679 2138 ante
2710 2100 2768 2139 se
2792 2083 2905 2153 jam
2927 2084 3234 2137 exstiterint
3265 2082 3567 2151 cognoscit.

1980 2177 2060 2228 Ad
2096 2176 2209 2231 haec
2245 2177 2398 2246 plura
2444 2177 2550 2230 alia
2597 2184 2705 2229 tam
2745 2175 2812 2231 de
2861 2175 2950 2230 illa
2987 2191 3150 2244 quam
3181 2175 3248 2229 de
3272 2176 3485 2228 caeteris
3517 2172 3571 2226 id

1981 2282 2153 2336 genus
2175 2282 2610 2322 commemorare
2632 2281 2946 2336 possumus.
2979 2265 3246 2320 Praeterea
3273 2280 3396 2318 eum
3427 2265 3570 2319 Deus

1977 2359 2266 2413 divisionis
2308 2360 2489 2413 omnis
2533 2374 2730 2428 expers
2771 2359 2864 2421 sit,
2897 2358 3077 2410 anima
3132 2357 3246 2425 ipsa
3274 2355 3570 2418 dividitur;

1977 2448 2120 2516 quod
2155 2447 2242 2501 his
2279 2445 2462 2500 verbis
2503 2447 2794 2515 Apostolus
2821 2443 3065 2498 indicat:
3114 2442 3267 2497 Vivus
3316 2450 3393 2494 est
3430 2441 3571 2493 enim

1977 2553 2148 2590 sermo
2199 2537 2316 2601 Dei,
2356 2547 2404 2592 et
2437 2537 2639 2606 efﬁcax,
2688 2546 2738 2590 et
2783 2535 3160 2604 penetrabilior
3210 2533 3354 2587 omni
3391 2530 3573 2601 gladio

1980 2630 2220 2696 ancipiti,
2251 2640 2300 2684 et
2331 2631 2629 2699 pertingens
2667 2645 2830 2699 usque
2858 2629 2928 2682 ad
2958 2629 3268 2682 divisionem
3301 2626 3493 2678 anime
3521 2631 3571 2675 et

1981 2722 2386 2788 mcdullarum,’
2409 2733 2458 2776 et
2505 2721 2826 2792 disceptator
2871 2722 3273 2790 cogitationum,
3314 2729 3362 2772 et
3400 2719 3576 2770 inten-

291 2805 496 2857 tiomun
544 2805 739 2860 cordis.
793 2805 974 2879 Neque
1014 2819 1091 2863 est
1144 2818 1389 2865 creatura
1438 2810 1647 2864 occulta
1697 2825 1876 2864 coram
1912 2815 2024 2883 ipso
2059 2819 2099 2881 ⁸,
2131 2826 2238 2874 etc.
2289 2818 2366 2872 Ex
2423 2818 2624 2888 quibus
2673 2816 2929 2870 omnibus
2978 2817 3193 2869 illorum
3236 2813 3422 2884 Opinio
3483 2825 3573 2865 re-

289 2895 520 2952 Icilitul‘.

365 2988 446 3040 E'.
480 2989 587 3042 Καὶ
612 2989 718 3042 τῶν
744 2988 947 3062 [πάλιν]
982 2990 1246 3060 λεγόντων
1291 2991 1352 3046 τὸ
1395 2992 1554 3045 σῶμα
1583 2987 1722 3046 εἶναι
1753 2995 1874 3048 κατ’

2055 2992 2116 3046 ν.
2153 2992 2263 3048 Nec
2298 2994 2480 3048 minus
2525 3002 2580 3046 et
2631 2993 2860 3046 aliorum
2910 2991 3202 3060 rejicienda
3252 2994 3519 3046 sententia
3553 3035 3570 3059 ,

290 3077 478 3130 εἰκόνα
495 3078 771 3132 διαπίπτει
792 3080 952 3133 πάλιν
976 3081 1005 3132 ὁ
1029 3080 1202 3149 λόγος.
1229 3081 1351 3144 Πῶς
1370 3081 1478 3152 γὰρ
1497 3084 1718 3136 δυνατὸν
1741 3081 1878 3137 εἶναι

1984 3085 2076 3154 qui
2128 3100 2328 3154 corpus
2373 3085 2438 3137 ad
2483 3083 2772 3152 imaginem
2813 3081 2903 3136 Dei
2947 3097 3069 3136 esse
3125 3083 3326 3135 factum
3377 3085 3572 3152 prmdi-

290 3166 354 3217 τὸ
385 3166 576 3233 ὁρατὸν
601 3166 679 3238 τῷ
710 3170 926 3240 ἀοράτῳ
955 3172 1363 3242 παραπλήσιον;
1395 3172 1512 3237 πῶς
1542 3175 1602 3226 τὸ
1636 3191 1878 3244 σωματι-

293 3258 395 3311 κὸν
433 3258 508 3328 τῷ
551 3259 860 3331 ἀσωμάτῳ·
897 3261 1014 3324 πῶς
1047 3262 1107 3314 τὸ
1152 3262 1294 3334 ἁφὴν
1334 3263 1454 3333 ἔχον
1491 3264 1569 3334 τῷ
1605 3266 1874 3335 ἀκαταλή-

294 3366 455 3420 πτῳ;
485 3350 726 3422 ὀρῶμεν
753 3351 861 3422 γὰρ
889 3353 1048 3422 ἡμεῖς
1077 3353 1185 3406 ἀπὸ
1207 3353 1314 3406 τῶν
1333 3353 1639 3424 ἔμπροσθεν
1654 3349 1734 3418 οἷς
1759 3355 1882 3424 ἐχο-

297 3458 406 3512 μεν
438 3441 761 3512 ὀφθαλμοῖς,
802 3442 873 3496 τὰ
920 3444 1149 3497 κατόπιν
1183 3443 1239 3496 δὲ
1275 3443 1594 3514 ἀγνοοῦμεν.
1630 3446 1722 3497 Ἐν
1763 3443 1882 3514 Θεῷ

293 3535 352 3588 δὲ
385 3536 448 3588 οὐ
475 3534 665 3598 πάθος,
689 3535 790 3588 οὐκ
815 3535 1121 3606 ἐλάττωμα,
1155 3535 1229 3606 μὴ
1253 3536 1494 3604 γένοιτοὲ
1524 3536 1657 3590 ἀλλὰ
1686 3555 1885 3590 παντα-

295 3622 457 3693 κόθεν
488 3623 602 3675 ἐστῖ
654 3623 799 3692 φῶς,
841 3625 1174 3693 πανταχόθεν
1215 3625 1508 3694 ὀφθαλμὸς,
1553 3626 1882 3694 πανταχόθεν

294 3710 448 3776 δόξα.
478 3711 701 3781 Πνεῦμα
739 3711 814 3766 ῶν
843 3715 870 3766 ὁ
904 3713 1056 3776 Θεὸς,
1087 3715 1179 3766 καὶ
1208 3714 1424 3785 πνεῦμα
1467 3715 1607 3786 ὑπὲρ
1637 3716 1879 3786 πνεῦμα,

298 3803 397 3856 καὶ
418 3803 531 3870 φῶς
554 3803 694 3874 ὑπὲρ
716 3805 824 3857 πᾶν
853 3803 989 3874 φῶς.
1025 3805 1208 3858 Πάντα
1237 3805 1347 3874 γὰρ
1370 3805 1436 3856 τὰ
1471 3807 1560 3858 ὑπ’
1589 3806 1754 3859 αὐτοῦ
1787 3824 1881 3875 γε-

298 3897 503 3965 νόμενα
561 3896 869 3950 ὐποϐέὸτπκε
926 3896 1024 3968 τὴν
1074 3897 1240 3952 αὐτοῦ
1297 3897 1474 3962 δόξαν.
1533 3899 1686 3970 Μόνη
1741 3899 1796 3951 δὲ
1850 3901 1882 3970 ὴ

300 3987 475 4057 Τριὰς
528 3987 585 4039 ἐν
622 3986 970 4058 ἁκοταληψίᾳ
1007 3988 1101 4040 καὶ
1172 3989 1232 4041 ἐν
1267 3988 1397 4062 δόξῃ
1445 3989 1750 4059 ἀνεικάστῳ
1791 3991 1886 4043 καὶ

301 4075 695 4146 ἁκαταλήπτῳ.
747 4077 867 4129 Τῶν
914 4077 972 4130 δὲ
1021 4077 1183 4131 πάλιν
1229 4078 1495 4147 λεγόντων
1549 4081 1648 4151 τὴν
1685 4083 1884 4152 ἀρετὴν

301 4166 450 4222 εἶναι
475 4170 590 4221 κατ’
630 4168 834 4231 εἰκόνα,
880 4168 1050 4240 ἀρετὴ
1082 4170 1140 4222 δὲ
1178 4170 1308 4224 ἄνευ
1342 4171 1587 4242 φυλακῆς
1619 4172 1887 4242 ἐνταλμά-

300 4275 414 4312 των
439 4259 499 4312 οὐ
522 4245 742 4314 δύναται
771 4255 928 4313 εἶναι.
964 4260 1152 4313 Πολλοὶ
1179 4261 1235 4315 δὲ
1264 4263 1321 4315 ἐν
1346 4262 1512 4332 ἀρετῇ
1534 4261 1885 4333 διαφερέστε-

308 4365 392 4418 por.
421 4346 680 4418 ἀλλήλων.
718 4349 946 4420 ’Δρετῆς
981 4349 1090 4420 γάρ
1123 4351 1270 4403 ἐστιν
1323 4351 1440 4421 εἴδη
1492 4351 1682 4404 πολλά.
1724 4351 1884 4405 Οἶδα-

1982 3185 2124 3228 cant.
2150 3173 2286 3227 Nam
2317 3174 2408 3243 qui
2447 3174 2560 3228 tieri
2590 3181 2790 3241 potest,
2823 3179 2905 3238 ut,
2937 3173 3081 3242 quod
3107 3175 3438 3242 aspectabile
3465 3182 3570 3240 est,

1980 3268 2028 3321 ci
2052 3267 2230 3321 simile
2259 3267 2350 3327 sit,
2375 3264 2518 3334 quod
2542 3263 2716 3318 videri
2747 3279 2854 3316 non
2886 3270 3082 3330 potest,
3116 3275 3209 3316 aut
3242 3279 3567 3331 corporeum

1986 3355 2232 3425 corporis
2284 3354 2514 3422 experti,
2566 3361 2660 3406 aut
2702 3353 2844 3420 quod
2896 3354 3223 3406 contrectari
3281 3362 3478 3422 potest,
3521 3354 3571 3408 ei

1984 3444 2127 3513 quod
2170 3442 2501 3512 apprehendi
2555 3441 2779 3509 nequit?
2819 3439 3087 3496 Praeterea
3145 3457 3245 3496 nos
3297 3443 3572 3496 anteriora

1982 3535 2244 3589 duntaxat
2277 3527 2452 3588 oculis
2507 3533 2710 3586 neutris
2767 3531 3062 3592 cernimus,
3105 3546 3225 3600 qua:
3269 3547 3409 3601 pone
3441 3540 3572 3586 sunt

1984 3626 2316 3695 ignoramus.
2342 3625 2514 3679 Penes
2546 3623 2713 3678 Deum
2745 3632 2946 3683 autem,
2978 3638 3155 3691 neque
3183 3623 3394 3676 aﬂ'ectio
3427 3624 3561 3686 ulla,

1985 3732 2161 3786 neque
2209 3715 2454 3770 defectus
2497 3723 2603 3781 est,
2655 3716 2749 3771 sed
2801 3714 3163 3783 undecunque
3189 3714 3358 3784 816
3387 3714 3571 3767 lumen

1983 3815 2087 3873 est,
2133 3807 2496 3875 undecunque
2537 3806 2748 3866 oculus,
2781 3804 3142 3872 undecunque
3173 3804 3344 3872 gloria
3401 3804 3573 3871 Spiri-

1986 3907 2072 3952 tus
2104 3897 2247 3952 enim
2281 3898 2422 3951 Deus
2453 3904 2559 3960 est,
2593 3897 2682 3966 qui
2715 3912 2930 3950 omnem
2963 3895 3215 3964 spiritum
3249 3901 3565 3959 exsuperat,

1983 3999 2036 4044 et
2079 3989 2172 4042 lux
2217 3989 2338 4042 luce
2372 3989 2521 4042 omni
2566 3988 2927 4058 praestantior.
2981 3985 3254 4054 Quidquid
3311 3986 3454 4040 enim
3508 3986 3576 4039 ab

1986 4079 2105 4144 ipso
2152 4077 2428 4131 conditum
2477 4087 2578 4141 est,
2631 4076 2773 4129 infra
2822 4076 2966 4129 illius
3010 4075 3178 4129 decus
3227 4089 3290 4127 ac
3340 4075 3570 4143 gloriam

1984 4175 2089 4222 est.
2124 4166 2252 4222 Sola
2286 4183 2414 4224 vero
2438 4167 2680 4223 Trinitas
2719 4166 3104 4236 comprehendi
3147 4180 3253 4218 non
3289 4173 3484 4231 potest,
3519 4174 3575 4218 et

1987 4258 2252 4313 inﬁnitam
2285 4259 2574 4328 quamdam
2615 4260 2844 4327 gloriam
2877 4258 3107 4318 obtinet,
3143 4271 3264 4326 qua:
3303 4270 3401 4309 nec
3440 4271 3577 4308 eon-

1981 4351 2193 4419 ject'ura
2242 4350 2476 4419 capitur,
2523 4363 2623 4401 nec
2667 4347 3018 4415 intelligentia
3060 4345 3379 4414 percipitur.
3417 4342 3572 4408 Quod

307 4455 409 4508 μεν
438 4438 547 4509 γὰρ
577 4440 728 4493 αὐτοὶ
771 4441 864 4493 καί
901 4457 1053 4504 τινας
1090 4440 1197 4494 ἀπὸ
1235 4441 1582 4511 ὁμολογητῶν
1621 4442 1880 4512 ὐπάρχοψ

1993 4444 2060 4498 ad
2106 4443 2228 4497 illos
2268 4457 2395 4496 vero
2445 4441 2700 4511 pertinet,
2733 4439 2825 4508 qui
2869 4439 2923 4492 in
2960 4439 3156 4490 virtute
3199 4436 3570 4488 conditionem

303 4544 426 4590 τας,
456 4529 648 4593 οἵτινες
678 4529 884 4583 ἑαυτῶν
928 4529 988 4582 τὸ
1032 4530 1192 4600 σῶμα
1217 4529 1480 4585 δεδώκασι
1519 4531 1616 4584 καὶ
1651 4531 1749 4602 τὴν
1779 4532 1881 4601 ψυ-

305 4620 410 4691 χὴν
461 4620 599 4692 ὑπὲρ
652 4621 747 4674 τοῦ
789 4622 996 4675 ἑαυτῶν
1037 4623 1310 4677 Δεσπότω
1362 4625 1421 4676 ἐν
1477 4623 1739 4694 ὁμολογίᾳ.
1787 4622 1883 4676 καὶ

305 4711 502 4780 ἁγνεία
547 4710 971 4774 διατελέσαντες,
1021 4711 1204 4764 πίστιν
1230 4727 1290 4764 τε
1321 4711 1692 4781 ἀληθεστάτην
1718 4712 1849 4781 ἐκτή
1867 4739 1882 4751 -

307 4821 492 4865 σαντο,
543 4803 794 4874 εὐσεϐείᾳ
843 4803 1198 4874 διενηνόχασι,
1230 4803 1608 4874 φιλανθρωπίᾳ
1652 4804 1747 4856 καὶ
1792 4804 1884 4856 εὐ-

304 4893 519 4964 λαϐείᾳ,
554 4895 612 4946 ἐν
652 4893 924 4964 νηστείαις
948 4911 1006 4946 τε
1049 4893 1256 4962 διῆξαν,
1283 4893 1379 4946 καὶ
1407 4895 1464 4945 ἐν
1501 4894 1650 4966 πάσῃ
1682 4893 1883 4960 ἀγαθό-

305 4997 450 5054 τητι,
494 4984 587 5036 καὶ
626 4985 685 5036 ἐν
731 4985 931 5054 ἀρετῆς
975 4983 1312 5054 τεκμηρίοις.
1353 4983 1673 5054 Συμὸέϐηκε
1704 4982 1761 5036 δὲ
1789 4983 1887 5036 αὐ-

306 5073 435 5134 τοὺς
463 5072 604 5142 ἔχειν
631 5072 936 5143 ἐλάττωμα,
967 5074 1086 5144 ἦτοι
1138 5072 1426 5144 λοιδόρους,
1455 5073 1574 5142 ἦτοι
1619 5071 1898 5142 ὀμνύντας.

307 5165 367 5214 ἐν
404 5161 627 5232 ὀνόματι
662 5161 819 5226 Θεοῦ,
849 5163 882 5233 ἢ
910 5158 1050 5216 εἶναι
1082 5161 1368 5233 μυθώδεις,
1404 5163 1438 5232 ἢ
1465 5163 1886 5231 ἀγανακτικούς,

306 5254 342 5323 ἢ
379 5251 489 5321 βίον
519 5252 818 5324 κεκτῆσθαι
847 5251 1052 5323 χρυσοῦ
1093 5253 1186 5306 καὶ
1227 5252 1502 5323 ἀργύρου,
1547 5253 1642 5306 καὶ
1691 5252 1884 5316 ἄλλων,

309 5349 470 5399 ἆτινα
510 5345 702 5414 ἐλλιπῆ
779 5347 1016 5398 ποιεῖται
1072 5345 1171 5412 τῆς
1229 5343 1428 5416 ἀρετῆς
1475 5343 1544 5397 τὰ
1591 5343 1782 5414 μέτρα.
1822 5343 1887 5394 Τί

306 5431 404 5489 οὖν
447 5437 728 5506 εῐπωμεν;
783 5437 856 5489 Τὸ
908 5435 1006 5506 μὲν
1048 5434 1371 5488 κατέίκόνα
1413 5433 1506 5486 διὰ
1548 5433 1646 5504 τὴν
1687 5432 1887 5505 ἀρετὴν

307 5527 628 5596 ἐκτήσαντο,
660 5527 748 5580 διὰ
771 5526 828 5581 δὲ
863 5527 934 5580 τὰ
979 5525 1135 5596 ὁλίγα
1178 5525 1490 5597 ἀνθρώπινα
1518 5524 1626 5580 τῶν
1655 5525 1889 5579 ἐλαττω-

385 5683 589 5744 ιιιειιτ.
630 5699 702 5747 ιν,
747 5683 829 5746 te,
863 5683 951 5737 15.

1985 4534 2130 4588 illam
2163 4531 2414 4601 imaginis
2444 4531 2735 4593 collocant,
2779 4545 2846 4583 ne
2892 4528 2965 4581 illi
3007 4526 3226 4596 quidem
3265 4533 3414 4580 recte
3446 4542 3575 4579 sen-

1988 4626 2149 4679 tiunt.
2197 4623 2330 4676 Nam
2378 4623 2553 4677 virtus
2601 4622 2721 4677 sine
2767 4622 3147 4675 mandatorum
3190 4619 3578 4673 observatione

1988 4715 2291 4772 consistere
2331 4729 2437 4767 non
2473 4720 2668 4782 potest.
2719 4711 2825 4766 Sed
2867 4723 2920 4765 et
2967 4711 3164 4764 virtute
3205 4710 3446 4780 plerique
3491 4709 3576 4760 in-

1992 4809 2164 4862 vicem
2209 4806 2561 4868 antecellunt,
2605 4805 2748 4873 quod
2795 4803 3011 4856 virtutis
3056 4816 3252 4871 genera
3301 4801 3412 4853 sint
3455 4814 3577 4868 per-

1994 4896 2186 4952 multa.
2211 4895 2289 4949 Ac
2324 4909 2426 4950 nos
2455 4893 2749 4947 nonnullos
2787 4907 2817 4946 c
2851 4890 3258 4946 confessoribus
3287 4889 3539 4943 novimus
3559 4927 3575 4951 ,

1993 4984 2087 5054 qui
2119 4998 2319 5053 corpus
2348 4993 2403 5037 et
2435 4982 2674 5035 animam
2704 4995 2804 5050 pro
2830 4978 3058 5032 Domino
3082 4994 3183 5032 suo
3211 4977 3577 5042 tradiderunt,

1992 5083 2047 5130 et
2076 5075 2130 5128 in
2164 5073 2513 5128 confessione
2549 5087 2613 5125 ac
2663 5070 2986 5125 castimonia
3019 5079 3432 5138 perseverantes
3465 5070 3552 5124 sin

1993 5167 2332 5222 cerissimam
2360 5165 2520 5219 ﬁdem
2549 5164 2654 5219 sibi
2691 5170 3104 5232 compararunt,
3137 5178 3199 5214 ac
3232 5163 3451 5232 pietate,
3486 5164 3582 5214 liu-

1993 5257 2277 5320 manitate,
2310 5255 2571 5325 religione
2588 5254 2993 5324 praestiterunt;
3027 5254 3080 5306 in
3110 5253 3338 5322 jejuniis
3369 5252 3577 5306 assidui

1994 5346 2247 5410 fuerunt;
2280 5344 2334 5398 in
2361 5345 2510 5399 omni
2537 5344 2774 5414 denique
2791 5345 3056 5412 probitate
3074 5359 3138 5397 ac
3169 5344 3382 5397 virtutis
3399 5343 3573 5410 speci-

1994 5435 2139 5489 mine
2151 5433 2473 5489 ﬂoruerunt.
2498 5433 2662 5490 Iidem
2679 5444 2861 5489 tamen
2881 5435 3013 5488 vitio
3028 5435 3209 5504 aliquo
3221 5431 3412 5486 suti‘usi
3426 5439 3578 5494 sunt,

1997 5533 2161 5582 utaut
2180 5526 2237 5584 in
2251 5525 2502 5582 convicia
2518 5527 2877 5595 procliviores
2899 5533 3104 5591 essent,
3135 5534 3231 5582 aut
3248 5524 3339 5582 Dei
3376 5537 3578 5581 nomen
