3994 6454
186 380 329 439 διο

895 382 1263 443 ADVERSUS
1300 385 1640 445 IIIERESES
1677 390 1793 446 LIB.

1896 391 1935 448 Ι.
1974 390 2138 455 ΤΟΜ.
2170 390 2211 447 1.
2252 422 2311 435 -
2361 392 2634 449 ΗΕΚΕὸ.
2672 393 2833 451 LXX.

3373 399 3483 459 350

192 515 331 554 rem
363 496 718 573 Unigenitutn
750 497 942 565 Deum,
969 516 1071 557 nec
1109 503 1215 558 ulla
1253 520 1311 560 re
1354 521 1385 560 a
1425 504 1584 563 Patre
1615 507 1925 577 diversum,
1950 524 2053 565 nec
2085 523 2192 565 non
2216 520 2273 566 et
2295 507 2557 580 Spiritum
2582 519 2837 568 sanctum
2892 512 2986 583 qui
3039 513 3175 570 nihil
3220 530 3255 570 a
3317 513 3483 575 Patre

188 590 471 661 Filioque
517 591 810 662 discrepat.
843 590 999 658 Quod
1029 593 1250 664 quidem
1292 596 1415 651 tidei
1449 597 1671 668 dogma,
1697 613 1822 654 cum
1856 598 2123 657 adversus
2155 601 2391 661 haereses
2429 602 2674 674 singulas
2711 618 3018 674 ageremus,
3063 606 3313 676 pluribus
3352 623 3480 664 ver-

185 686 298 743 bis
329 684 719 755 exposuimus.

276 774 363 833 Ζό
415 777 527 831 καὶ
557 775 639 829 δτι
678 776 776 845 μὲν
812 771 964 848 ὤφθη
995 775 1126 841 Θεὸς
1166 776 1508 847 ἀνθρώποις,
1536 778 1793 845 πολλάκις

1967 760 2080 832 Vll.
2141 775 2219 831 Ac
2273 774 2442 831 Deum
2498 777 2721 848 quidem
2784 778 3097 837 hominibus
3150 783 3476 852 apparuisse

184 866 472 936 εἴπομεν,
507 864 605 918 καὶ
647 864 749 919 οὐκ
781 865 1139 936 ἀρνούμεθαοι
1160 866 1256 921 ἐὰν
1290 867 1401 938 γὰρ
1431 868 1798 941 ἀρνησώμεθα

187 956 307 1020 τὰς
339 955 498 1019 θείας
531 954 772 1026 Γραφὰς,
810 956 1031 1026 ἀληθεῖς
1056 957 1157 1011 οὐκ
1187 957 1377 1028 ἐσμὲν,
1419 958 1516 1012 καὶ
1541 960 1795 1031 εὑρισκόα

198 1044 355 1114 μεθα
377 1043 742 1107 ἐκπίπτοντες
767 1043 868 1114 τῆς
899 1043 1154 1114 ἀληθείας
1170 1060 1184 1074 ’
1209 1045 1243 1117 ἢ
1277 1046 1374 1117 τήν
1401 1046 1645 1102 Παλαιὰν
1666 1050 1796 1101 Δια-

199 1135 397 1206 θήκην
455 1126 844 1199 ἐκϐάλλοντες,
890 1134 1079 1203 οὐκέτι
1132 1135 1299 1206 ἐσμὲν
1352 1136 1455 1206 τῆς
1503 1137 1797 1209 καθολικῆς

210 1224 593 1294 Ἐκκλησίαςο
643 1224 705 1277 τὸ
740 1223 797 1277 δὲ
840 1224 1167 1293 Εὐαγγᾶιον
1205 1225 1309 1296 ἔφη
1333 1239 1347 1253 ⁸
1396 1226 1545 1282 Θεὸν
1595 1228 1798 1294 οὐδεὶς

193 1316 459 1370 art-mdes
507 1315 789 1384 ἑώρακεν,
822 1318 855 1370 ό
886 1316 1234 1387 Μονογενὴς
1283 1317 1429 1385 Θεὸς
1469 1319 1657 1385 αὐτὸς
1699 1320 1796 1386 ἑξο-

190 1404 523 1475 ητήσατο·
557 1407 652 1460 καὶ
686 1405 847 1461 πάλιν
872 1408 905 1477 ἡ
950 1407 1087 1478 αὐτὴ
1113 1408 1234 1463 θεία
1255 1409 1467 1481 Γραφὴ,
1493 1410 1578 1463 ὃτι
1604 1411 1793 1481 Ὠφθη

192 1500 233 1551 ό
269 1496 432 1564 Θεὸς
455 1496 537 1563 τῷ
572 1496 828 1568 Ἀϐραὰμ
850 1497 978 1552 ὄντι
1013 1499 1085 1553 ὲν
1110 1498 1186 1569 τῇ
1211 1502 1666 1571 Μεσοποταμίᾳ*
1701 1504 1796 1557 καὶ

191 1588 380 1648 abab;
414 1587 443 1639 6
491 1587 701 1658 Κύριος
729 1590 790 1641 ὲν
827 1587 907 1660 τῷ
938 1590 1292 1661 Εύαγγελίῳ,
1320 1591 1405 1645 ὅτι
1447 1594 1512 1646 Οἱ
1552 1592 1795 1664 ἄγγελοι

193 1678 450 1731 τούτων
475 1675 658 1746 ὁρῶσι
690 1677 756 1731 τὸ
790 1679 1115 1748 πρόσωπον
1146 1679 1254 1734 τοῦ
1288 1683 1519 1750 Πατρός
1539 1699 1662 1751 μου
1686 1682 1793 1738 τοῦ

198 1768 279 1821 ἐν
301 1766 390 1834 τῷ
416 1767 671 1836 οὐρανῷ.
705 1768 867 1823 Ἀλλά
887 1769 1106 1834 πάντως
1130 1772 1248 1842 ἐρεῖ
1274 1789 1360 1836 τις
1382 1773 1663 1845 εἰρηκέναι
1692 1774 1793 1845 τὴν

199 1859 370 1913 θείαν
410 1858 633 1930 Γραφὴν
680 1859 811 1925 τοὺς
862 1861 1146 1933 προφήτας
1193 1862 1500 1933 ἑωρακέναι
1533 1864 1622 1920 τὸν
1660 1863 1793 1919 Θεὸν

199 1952 267 2004 ὲν
294 1950 379 2021 τῷ
407 1950 507 2022 νῷ,
535 1951 644 2006 ἀπὸ
667 1950 763 2005 τοῦ
789 1951 980 2024 ῥητοῦ,
1011 1950 1128 2021 τοῦ,
1159 1953 1270 2008 Καὶ
1291 1956 1347 2009 οι
1383 1952 1792 2028 dna/longasi-

200 2056 334 2094 των
358 2037 546 2108 ὁρῶσι
576 2040 644 2094 τὸ
674 2042 1000 2109 πρόσωπον
1033 2044 1141 2098 τοῦ
1177 2045 1408 2112 Πατρός
1432 2062 1553 2114 μου
1578 2045 1686 2100 τοῦ
1721 2045 1793 2099 ἐν

201 2129 456 2197 οὐρανῷ
478 2146 493 2159 ·
531 2131 625 2184 καὶ
657 2131 822 2187 πάλιν
847 2133 956 2186 ἀπὺ
988 2133 1105 2198 τοῦ,
1134 2133 1424 2202 Μακάριοι
1459 2137 1513 2189 οι
1542 2136 1787 2204 καθαροὶ
1821 2114 1862 2171 Β

201 2220 288 2289 τῇ
315 2221 557 2292 καρδίᾳ,
587 2222 676 2278 ὅτι
709 2226 878 2279 αὐτοὶ
912 2226 1018 2280 τὸν
1049 2226 1198 2281 Θεὸν
1223 2226 1496 2295 ὄψονται.
1522 2229 1704 2299 Φήσας
1736 2228 1793 2282 δὲ

204 2313 403 2380 τοῦτο,
439 2314 535 2367 καὶ
564 2314 911 2385 παραζεύξας
941 2315 1084 2369 κατὰ
1131 2316 1227 2387 τὴν
1262 2316 1428 2370 αὐτοῦ
1457 2317 1664 2372 ἔννοιαν
1695 2317 1796 2382 τὰς

207 2403 416 2469 λέξεις,
449 2405 593 2458 είποι
632 2404 676 2458 δ’
710 2405 800 2471 ἂν,
824 2406 908 2460 ὃτι
951 2407 1011 2459 ὲν
1058 2404 1136 2477 τῷ
1168 2406 1245 2478 νῷ
1285 2406 1516 2472 ἕκαστος
1558 2408 1663 2481 όρᾷ
1701 2409 1794 2463 τὸν

207 2494 373 2551 Θεόν.
415 2494 491 2548 Οὐ
537 2493 645 2566 γὰρ
692 2492 1020 2568 ὀφθαλμοῖς·
1074 2498 1389 2552 ἀντιπίπτει
1439 2500 1496 2554 δὲ
1544 2502 1719 2573 τούτῳ
1764 2503 1794 2556 6

210 2589 364 2651 θεῖος
419 2588 606 2658 λόγος,
651 2589 874 2659 φάσκων
926 2589 1014 2643 διὰ
1059 2591 1282 2645 Ἡσαΐου
1336 2592 1430 2645 τοῦ
1471 2596 1750 2665 προφήτου
1773 2612 1790 2629 ο

218 2678 425 2745 Τάλως
471 2677 620 2749 ἐγὼ,
663 2677 754 2732 ὅτι
809 2682 1247 2751 κατανένυγμαι
1268 2700 1283 2714 ο
1341 2681 1429 2736 ὅτι
1483 2683 1793 2752 ἄνθρωπος

208 2768 529 2838 ἀκάθαρτα
555 2770 731 2840 χείλη
778 2772 938 2840 ἔχων
977 2770 1051 2825 ἐν
1075 2770 1222 2837 λαῷ,
1272 2772 1577 2843 ἀκάθαρτα
1618 2774 1792 2849 χείλη

210 2862 447 2927 ἔχοντι,
497 2859 613 2929 ἐγὼ
661 2860 934 2927 κατοικῶ,
982 2862 1080 2916 καί
1123 2862 1231 2916 τὸν
1275 2858 1501 2932 Κύριον
1550 2864 1793 2920 Σαϐαὼθ

212 2949 391 3006 εἶδον
416 2951 541 3018 τοῖς
585 2952 912 3023 ὀφθαλμοῖς
940 2971 1083 3023 μου.
1127 2954 1237 3008 Καὶ
1265 2956 1368 3008 οὐκ
1409 2950 1534 3009 εἷπε
1575 2956 1654 3028 τῷ
1692 2957 1788 3027 νῷ,

215 3043 347 3097 οὐδὲ
394 3045 452 3097 ὲν
484 3046 552 3116 τῇ
591 3045 792 3115 ἐννοίᾳ,
824 3044 962 3099 ἀλλὰ
997 3044 1119 3112 τοῖς
1136 3045 1482 3119 ὀφθαλμοῖς,
1504 3046 1577 3102 τὰ
1616 3048 1792 3120 ἀληθῆ

217 3133 315 3186 καὶ
354 3132 549 3204 στερεὰ
577 3134 676 3206 τῆς
699 3134 934 3200 πίστεως
964 3135 1369 3207 βεϐαιούμενος.

293 3219 361 3273 Τί
408 3217 501 3275 οὖν
530 3220 756 3292 εἴπομεν
778 3226 823 3291 ⁸,
852 3223 948 3277 τοῦ
994 3225 1330 3295 Εὐαγγελίου
1362 3225 1630 3295 λέγοντος,
1660 3227 1794 3282 Θεὸν

221 3310 302 3381 μὴ
344 3311 643 3381 ἑωρακέναι
673 3311 797 3366 τινὰ
852 3312 1105 3381 πώποτε,
1135 3315 1243 3369 τῶν
1289 3316 1347 3370 δὲ
1377 3316 1670 3387 προφητῶν
1701 3317 1796 3368 καὶ

1899 881 2142 937 ρει-εειρε
2167 865 2429 932 diximus,
2459 883 2557 922 nec
2580 883 2819 939 unquam
2844 869 3065 925 inﬁciati
3089 887 3316 928 sumus:
3346 887 3470 927 nam

1899 957 1946 1013 si
1975 971 2258 1013 sacrarum
2288 956 2618 1013 Litterarum
2657 959 3037 1014 auctoritatem
3070 976 3351 1033 negemus,
3384 979 3477 1018 ve.

1897 1049 2114 1104 ritatem
2145 1063 2254 1103 non
2282 1051 2582 1120 sequimur,
2617 1057 2673 1104 et
2701 1050 2770 1106 ab
2798 1067 2862 1106 ea
2890 1050 3106 1121 longius
3134 1053 3473 1122 aberramus,

1897 1148 1994 1199 aut
2019 1140 2066 1196 si
2096 1139 2265 1196 Vetus
2298 1139 2707 1198 Testamentum
2752 1142 3056 1211 rejicimus,
3096 1157 3205 1198 non
3237 1144 3475 1212 amplius

1897 1231 1951 1285 in
1980 1230 2252 1286 catholica
2283 1231 2528 1287 Ecclesia
2556 1244 2886 1288 censemur:
2919 1234 3069 1304 atqui
3099 1235 3153 1288 in
3184 1233 3476 1303 Evangelia

1897 1322 2161 1392 scriptum
2195 1331 2315 1379 est:
2353 1322 2517 1378 Deum
2540 1339 2691 1381 nemo
2718 1323 2851 1379 vidit
2878 1341 3132 1395 unquam,
3162 1323 3475 1396 Unigenitus

1893 1425 2069 1496 818
2104 1424 2243 1480 Deus
2282 1426 2390 1494 ipse
2430 1427 2671 1480 narravit
2694 1427 2736 1494 ³;
2785 1435 3048 1498 praetcrea
3080 1426 3272 1483 eadem
3323 1425 3477 1481 Scri-

1896 1529 2053 1587 ptura
2085 1535 2100 1571 :
2131 1517 2416 1585 Apparuit,
2460 1517 2666 1588 inquit,
2705 1516 2844 1572 Deus
2870 1516 3165 1581 Abraham,
3189 1533 3309 1571 cum
3340 1525 3475 1572 esset

1892 1606 1950 1660 iu
1972 1604 2358 1674 Mesopotamia
2383 1605 2439 1663 δι
2471 1608 2605 1677 quin
2627 1607 2747 1677 ipse
2778 1606 3043 1662 Dominus
3064 1607 3117 1660 in
3142 1604 3471 1677 Evangelia:

1892 1697 2102 1768 Angeli,
2137 1697 2337 1768 inquit,
2363 1714 2547 1752 eorum
2583 1697 2753 1754 vident
2784 1698 2977 1768 faciem
3013 1696 3195 1752 Patris
3233 1699 3356 1762 mei,
3384 1699 3475 1768 qui

1891 1788 1948 1842 in
1990 1788 2135 1843 oculis
2173 1798 2252 1843 ut
2279 1788 2323 1843 ⁸.
2368 1788 2439 1842 At
2484 1788 2628 1843 enim
2652 1828 2670 1856 ,
2719 1788 2863 1844 dicet
2910 1789 3111 1858 aliquis
3139 1825 3156 1852 ,
3189 1787 3473 1860 Scriptura

1893 1878 2062 1936 Deum
2091 1880 2294 1937 vidisse
2323 1879 2618 1951 prophetas
2661 1881 2884 1944 asserit,
2908 1880 3005 1938 sed
3039 1889 3220 1936 mente
3266 1879 3471 1935 intelli-

1891 1971 2183 2041 gentisque
2221 1971 2509 2037 duntaxat,
2557 1978 2617 2025 ut
2644 1987 2709 2027 ex
2739 1971 2845 2026 hoc
2882 1971 3001 2026 loco
3031 1971 3213 2038 colligi
3246 1978 3423 2040 potest
3452 1989 3465 2025 :

1890 2061 2076 2132 Angeli
2092 2076 2273 2117 eorum
2300 2061 2475 2117 uident
2507 2062 2699 2131 faciem
2732 2062 2916 2118 Patris
2948 2062 3070 2126 mei,
3113 2062 3203 2131 qui
3230 2063 3284 2114 iu
3313 2060 3459 2115 caelis

1892 2159 2008 2214 est;
2035 2149 2163 2216 item
2193 2165 2258 2206 ex
2282 2150 2387 2206 hoc
2413 2151 2533 2204 loco
2559 2168 2573 2203 :
2599 2151 2752 2204 Beati
2789 2150 2985 2204 mundo
3013 2149 3185 2209 corde.
3217 2150 3468 2219 quoniam

1892 2240 1995 2308 ipsi
2018 2239 2186 2296 Deum
2212 2239 2457 2294 videbunt
2480 2241 2523 2294 ⁵.
2554 2239 2711 2307 Quod
2736 2241 2828 2310 qui
2847 2239 3067 2306 dixerit,
3102 2247 3157 2294 et
3186 2238 3305 2294 illas
3324 2237 3472 2292 Scri-

1893 2340 2068 2401 ptus-aa
2103 2333 2405 2388 sententias
2430 2331 2573 2402 apud
2617 2346 2678 2388 se
2713 2330 3028 2394 contulerit,
3063 2329 3289 2400 perinde
3318 2329 3468 2384 arbi-

1894 2422 2127 2477 trabitur
2174 2436 2616 2493 unumquemque
2660 2421 2828 2477 Deum
2886 2430 3090 2486 mente,
3139 2437 3247 2475 non
3294 2420 3472 2476 oculis

1894 2513 2098 2571 videre.
2133 2510 2337 2569 Verum
2384 2513 2544 2570 facile
2576 2512 2680 2569 iste
2713 2512 2882 2568 divini
2925 2512 3195 2568 sermonis
3229 2511 3472 2565 auctori-

1893 2609 2007 2657 tate
2050 2600 2340 2666 refellitur,
2387 2615 2513 2656 cum
2552 2601 2819 2672 propheta
2870 2600 3041 2656 lsaias
3092 2599 3273 2654 dicat:
3304 2596 3472 2652 Miser

1891 2709 2009 2762 ego,
2035 2693 2285 2763 quoniam
2332 2693 2577 2762 conﬁxus
2619 2707 2758 2757 sum,
2785 2706 2846 2747 eo
2887 2689 3027 2761 quod
3063 2691 3219 2745 homo
3246 2689 3471 2758 impuris

1894 2782 2052 2838 labiis
2076 2783 2132 2838 in
2162 2781 2333 2838 medio
2359 2782 2539 2852 populi
2568 2783 2779 2853 impura
2809 2781 2955 2836 labia
2985 2781 3224 2835 habentis
3247 2796 3339 2850 ego
3372 2778 3470 2833 Ita-

1894 2874 2021 2939 bito,
2049 2885 2098 2930 et
2125 2873 2407 2929 Dominum
2439 2874 2763 2930 exercituum
2788 2872 2899 2928 uidi
2924 2874 3093 2928 oculis
3123 2874 3249 2926 meis
3273 2872 3320 2925 ⁷.
3350 2869 3469 2926 Non

1893 2972 2077 3021 mente
2106 2965 2267 3029 dixit,
2313 2980 2426 3022 non
2463 2965 2817 3034 cogitatione,
2859 2964 2957 3020 sed
3002 2969 3207 3029 oculis.
3252 2977 3472 3032 “Itaque

1893 3068 2078 3107 veram
2114 3067 2181 3108 ac
2212 3052 2446 3109 solidam
2478 3050 2637 3107 ﬁdem
2673 3053 2889 3108 statuit.

1964 3226 2172 3298 Ecquid
2217 3241 2349 3297 ergo
2377 3224 2633 3292 dicimus,
2673 3238 2800 3280 cum
2832 3222 3186 3293 Evangelium
3234 3229 3468 3284 asserat,

1893 3317 2060 3372 Deum
2080 3332 2111 3370 a
2134 3318 2350 3372 nemine
2372 3331 2610 3389 unquam
2630 3330 2753 3370 esse
2774 3322 3163 3384 conspectum;
3187 3311 3471 3381 propheta:

217 3400 538 3453 ἀποστόλων
560 3401 900 3469 φασκόντων,
933 3402 1029 3457 καὶ
1062 3403 1225 3457 αὐτοῦ
1250 3403 1346 3457 τοῦ
1376 3403 1614 3476 Κυρίου;
1647 3401 1793 3477 τΔρα

1896 3421 2024 3461 vero
2058 3413 2113 3461 et
2143 3404 2396 3476 apostoli,
2428 3405 2538 3459 imo
2564 3403 2828 3458 Dominus
2860 3403 2976 3472 ipse
3015 3396 3351 3455 contrarium
3388 3398 3466 3452 ali

219 3490 498 3544 ἀντίθετον
539 3492 598 3545 ὲν
633 3495 699 3564 τῇ
745 3491 866 3565 θείᾳ
917 3493 1108 3566 Γραφῇ
1156 3493 1293 3565 πρὸς
1338 3495 1536 3561 εαυτήν
1575 3511 1664 3560 τιὶ
1715 3497 1792 3569 μὴ

1896 3495 2149 3551 ﬁrment?
2172 3497 2257 3550 An
2292 3495 2473 3565 aliqua
2501 3501 2630 3548 sunt
2660 3493 2714 3547 in
2748 3492 3055 3560 Scriptura,
3087 3505 3207 3559 qua:
3239 3488 3343 3544 sibi
3378 3488 3467 3543 in-

218 3580 469 3648 γένοιτοί
513 3581 674 3635 Ἀλλὰ
704 3579 845 3637 εἶδον
878 3585 1156 3657 προφῆται
1195 3585 1291 3638 καὶ
1327 3585 1650 3641 ἀπόστολοι·
1698 3587 1793 3641 καὶ

220 3671 424 3742 ἀληθὲς
449 3670 691 3742 ὑπάρχον
710 3688 724 3702 ·
756 3667 898 3725 εἶδον
925 3672 984 3725 δὲ
1026 3673 1163 3726 καθὸ
1196 3672 1457 3743 ἠδύναντο
1493 3674 1669 3741 αὐτοὶ,
1698 3676 1794 3729 καὶ

220 3762 363 3817 κα.θὸ
390 3761 667 3834 ἐνεχώρει,
699 3763 797 3816 καὶ
814 3761 971 3833 ὤφθη
996 3764 1178 3828 αὐτοῖς
1199 3765 1228 3816 6
1246 3764 1378 3828 Θεὸς
1407 3764 1482 3830 ὡς
1507 3764 1789 3837 ἠθέλησεν.

222 3855 409 3908 Πάντα
436 3852 544 3923 γάρ
574 3853 724 3925 αὐτῷ
749 3853 970 3909 δυνατά.
992 3855 1104 3907 Καὶ
1121 3855 1204 3907 ὅτι
1230 3856 1326 3925 μὲν
1345 3856 1375 3908 ὁ
1407 3855 1635 3928 ἀόρατος
1663 3856 1794 3920 Θεὸς

220 3946 321 3999 καὶ
350 3942 754 4014 άπατάληπτος,
783 3943 942 3997 τοῦτο
963 3944 1120 4015 δῆλόν
1153 3944 1289 4009 ἐστι,
1312 3945 1407 3999 xal
1424 3944 1790 4017 ὡμολόγηται.

238 4033 399 4089 Ἀλλά
429 4033 589 4087 πάλιν
618 4032 843 4099 δυνατός
873 4035 990 4088 ἐστι
1022 4037 1194 4089 ποιεῖν
1221 4033 1252 4088 ὃ
1279 4033 1546 4105 βούλεται·
1568 4036 1651 4090 οὗ
1680 4036 1794 4107 γάρ

225 4144 315 4192 τις
347 4126 722 4193 ἀνατίθησιν
761 4125 950 4180 αὑτοῦ
996 4126 1078 4192 τῷ
1117 4126 1481 4197 βουλήματι.
1539 4127 1794 4200 Ἀόρατος

224 4213 322 4271 οὖν
374 4219 491 4270 ἐστι
529 4217 627 4289 τὴν
672 4217 855 4287 φύσιν,
912 4218 1009 4271 καὶ
1053 4217 1439 4289 ἀκατάληπτος
1468 4216 1567 4288 τὴν
1612 4218 1789 4284 δόξαν.

225 4305 561 4376 Βουλομένου
619 4305 678 4359 δὲ
738 4304 817 4376 τῷ
872 4306 963 4358 ὑπ’
1017 4304 1185 4358 αὐτοῦ
1227 4306 1476 4375 γεγονότι
1521 4306 1797 4379 ἀνθρώπῳ

225 4397 575 4463 ὀπτάνεσθαι,
604 4397 757 4452 οὐδὲν
799 4396 1136 4451 ἐναντιοῦται
1163 4396 1241 4469 τῷ
1278 4398 1443 4451 αὑτοῦ
1475 4397 1791 4470 βουλήματι.

228 4490 306 4542 υύ
335 4488 445 4559 γὰρ
464 4487 612 4560 πάθη
646 4487 926 4558 συνέχεται
960 4486 1022 4540 τὸ
1042 4487 1217 4551 Θεῖον,
1256 4487 1344 4540 ἴνα
1372 4487 1402 4541 ὃ
1443 4487 1691 4558 βούλεται
1717 4486 1794 4560 μὴ

228 4574 464 4647 πράττῃ,
493 4574 528 4646 ἢ
555 4576 769 4647 πράττῃ
797 4574 826 4627 ὃ
857 4575 932 4645 μὴ
966 4574 1236 4645 βούλεται.
1260 4575 1494 4640 Δυνατὺς
1519 4577 1626 4648 γάρ
1651 4578 1791 4643 ἐστι,

228 4664 396 4718 ποιῶν
415 4663 447 4716 ὃ
474 4662 740 4733 βούλεται.
782 4662 944 4717 Ἀλλὰ
981 4663 1210 4734 πράττει
1245 4663 1389 4736 ἅπερ
1428 4665 1578 4737 αὐτῷ
1598 4668 1619 4697 ²
1644 4667 1795 4738 πρέ-

1893 3582 2067 3637 vicem
2093 3581 2428 3652 repugnent?
2458 3579 2679 3633 Minime
2706 3578 2759 3633 id
2787 3577 3028 3648 quidem.
3062 3575 3166 3630 Sed
3190 3574 3472 3646 prophetas

1893 3671 2038 3727 haud
2064 3672 2230 3727 dubie
2249 3678 2303 3727 et
2324 3670 2553 3741 apostoli
2589 3668 2756 3725 Deum
2791 3667 3042 3721 viderunt
3063 3686 3076 3721 :
3100 3666 3261 3736 idque
3286 3660 3470 3735 ipsum

1890 3765 2259 3819 certissimum
2289 3772 2417 3818 est:
2451 3762 2545 3818 sed
2580 3762 2847 3817 hactenus
2895 3760 3167 3822 viderunt,
3195 3762 3475 3827 quatenus

1892 3861 2143 3925 poterant
2181 3853 2308 3923 ipsi,
2350 3862 2405 3909 et
2446 3861 2708 3924 quantum
2753 3851 2969 3913 licebat,
3014 3864 3077 3904 ac
3116 3848 3475 3919 quemade

1892 3944 2022 4000 dum
2053 3945 2225 4000 voluit
2253 3944 2419 4012 Deus,
2455 3943 2832 4015 sqvidendum
2863 3941 2948 3997 his
2981 3940 3229 4012 praebuit.
3260 3935 3477 4008 Quippe

1893 4036 2077 4092 omnia
2100 4045 2230 4092 sunt
2256 4037 2312 4090 in
2333 4034 2454 4105 ejus
2482 4042 2752 4105 potestate
2780 4033 2978 4103 posita.
3004 4029 3189 4100 Neque
3211 4042 3343 4083 vero
3367 4026 3468 4082 du-

1895 4126 2042 4181 bium
2091 4134 2194 4191 est,
2229 4126 2362 4197 quin
2408 4123 2550 4181 Deus
2600 4123 2772 4181 videri
2821 4119 3319 4193 comprehendique
3368 4135 3466 4172 ne-

1893 4226 2076 4287 queat,
2119 4217 2282 4286 idque
2328 4217 2382 4270 in
2432 4216 2685 4272 confesso
2723 4223 2809 4270 est
2842 4212 2985 4285 apud
3021 4226 3233 4267 omnes.
3278 4206 3383 4263 Sed
3416 4217 3473 4262 et

1893 4309 2024 4363 illud
2058 4306 2287 4378 proinde
2316 4315 2548 4369 certum,
2576 4320 2738 4376 posse
2766 4305 2916 4358 illum
2946 4318 3067 4373 quae
3087 4301 3213 4355 velit
3235 4298 3465 4355 eﬂicere.

1896 4396 2095 4450 Nullus
2123 4405 2202 4451 est
2227 4396 2366 4449 enim
2401 4395 2490 4465 qui
2531 4394 2646 4463 ejus
2680 4390 2937 4446 voluntati
2975 4387 3249 4443 resistat“.
3290 4385 3477 4450 Quare

1894 4500 2019 4557 cum
2042 4491 2099 4539 et
2136 4491 2329 4539 natura
2352 4482 2532 4537 visum
2565 4495 2781 4534 omnem
2803 4476 3021 4547 ell'ugiat
3044 4483 3098 4530 et
3127 4473 3300 4544 ipsius
3320 4485 3475 4526 com-

1894 4573 2156 4645 prehendi
2203 4572 2376 4644 gloria
2416 4578 2677 4640 nequeat,
2725 4577 2906 4621 tamen
2951 4567 3166 4636 quoties
3216 4560 3424 4616 homini
3451 4602 3475 4626 ,

1894 4680 2054 4735 quem
2080 4662 2356 4735 produxit,
2384 4660 2677 4717 videndum
2700 4674 2760 4714 se
2782 4657 3025 4728 praebere
3053 4653 3309 4716 voluerit,
3332 4651 3475 4711 nihil

231 4770 321 4808 πει
371 4755 438 4823 τῇ
492 4752 738 4822 θεότητιο
794 4752 961 4823 μηδὲν
1000 4752 1136 4816 ὅλως
1182 4752 1262 4824 τῷ
1307 4752 1569 4825 θελήματι
1627 4757 1792 4810 αὑτοῦ

1895 4757 2014 4826 ejus
2042 4753 2306 4808 voluntati
2332 4753 2651 4808 reluctatur.
2689 4747 2973 4818 Siquidem
3001 4746 3147 4799 nulla
3174 4743 3228 4796 in
3252 4741 3359 4797 Deo
3384 4740 3470 4796 in-

230 4844 568 4907 ἀντιπίπτειν,
609 4842 750 4898 ὥστε
784 4844 860 4914 μὴ
888 4841 1152 4897 δύνασθαι
1179 4843 1442 4916 πράττειν
1478 4845 1507 4899 ὃ
1547 4845 1793 4916 βούλεται

232 4935 539 5007 πρεπόντως
573 4937 641 5006 τῇ
688 4931 853 4988 αὑτοῦ
902 4932 1138 5005 θεότητι.
1194 4935 1305 4989 Καὶ
1343 4935 1602 4991 ἀδύνατόν
1646 4939 1794 4993 ἐστιν

238 5028 359 5084 ἰδεῖν
404 5026 569 5089 Θεὸν,
619 5024 850 5096 μάλιστα
897 5023 1243 5096 ἀνθρωπίνην
1301 5025 1499 5095 φύσιν⁶
1548 5028 1644 5082 καὶ
1694 5030 1797 5084 οὐκ

236 5120 459 5191 ἐγχωρεῖ
485 5117 547 5170 τὸ
574 5115 768 5187 ὁρατὸν
793 5116 927 5187 ὁρᾷν
955 5116 1018 5169 τὸ
1047 5116 1296 5187 ἀόρατον.
1339 5116 1479 5170 Ἀλλ’
1509 5117 1540 5170 6
1567 5118 1795 5190 ἀόρατος

235 5212 390 5273 Θεὸς.
436 5211 495 5262 ὲν
547 5206 928 5280 φιλανθρωπίᾳ
972 5208 1067 5261 καὶ
1108 5207 1337 5278 δυνάμει
1389 5207 1678 5279 ὲνισχύσας
1732 5212 1794 5266 τὸ

234 5302 505 5365 ἀδύνατον,
554 5298 861 5369 κατηξίωσε
899 5302 966 5371 τῇ
995 5298 1187 5353 ἑαυτοῦ
1214 5300 1479 5371 δυνάμει,
1513 5300 1663 5367 ὅπως
1707 5304 1792 5378 ῐδῃ

232 5393 292 5448 τὸ
318 5392 563 5463 ἀόρατον,
602 5390 696 5443 καὶ
731 5388 761 5442 ὃ
792 5385 898 5444 εἶδε
937 5390 999 5443 τὸ
1047 5389 1277 5461 ἀόρατόν
1302 5407 1361 5443 τε
1406 5391 1501 5444 καὶ
1542 5391 1797 5463 ἄπειρον,-

232 5485 292 5539 ού
320 5481 495 5547 καθὼς
521 5481 648 5551 ἔσχε
673 5479 734 5536 τὸ
763 5480 1010 5554 ἄπειρον,
1037 5480 1152 5536 ἀλλ’
1179 5480 1255 5545 ὼς
1281 5481 1513 5552 ἠδύνατο
1533 5487 1730 5556 χωρεῖν
1754 5487 1790 5556 ή

1898 4854 1984 4902 est
2025 4843 2260 4910 ali‘ectio,
2295 4857 2473 4914 neque
2511 4842 2623 4911 pati
2658 4838 2956 4911 quidquam
3009 4842 3211 4906 potest,
3266 4841 3325 4887 ut
3374 4841 3471 4888 aut

1899 4938 2045 5008 quod
2071 4939 2200 4994 velit
2231 4952 2339 4991 non
2367 4935 2635 5008 perﬁciat,
2667 4944 2760 4989 aut
2789 4933 2934 5004 quod
2963 4932 3099 4986 nolit
3123 4928 3339 4985 eﬂlciat.
3376 4931 3473 4985 Est

1898 5028 2045 5084 enim
2077 5034 2405 5097 praepotens,
2437 5034 2492 5082 et
2518 5025 2885 5096 quodcunque
2932 5023 3143 5077 libitum
3189 5028 3272 5076 est
3314 5021 3473 5075 moli~

1899 5128 2007 5185 tur,
2036 5121 2108 5175 ita
2146 5129 2330 5174 tamen
2374 5128 2436 5173 ut
2477 5134 2597 5188 qua:
2641 5116 2980 5170 divinitatem
3013 5114 3186 5185 ipsius
3215 5111 3469 5173 deceant,

1897 5218 2162 5280 perpetuo
2205 5210 2388 5264 laciat.
2415 5208 2551 5263 Nam
2594 5208 2728 5262 nihil
2772 5216 2878 5270 est,
2914 5212 2973 5259 ut
3001 5204 3137 5267 dixi,
3180 5202 3331 5275 quod
3374 5219 3471 5256 vo-

1899 5300 2095 5354 luntati
2126 5300 2298 5369 ipsius
2326 5300 2665 5363 adversetur,
2696 5298 2991 5369 quominus
3029 5311 3151 5366 quae
3192 5293 3337 5353 velit.
3373 5309 3471 5362 pm

1896 5405 1963 5444 eo
2006 5404 2072 5443 ac
2120 5388 2391 5443 divinitati
2436 5404 2549 5443 sua:
2590 5389 2866 5451 convenit,
2914 5397 3262 5455 exsequatur.
3298 5380 3467 5435 Deum

1897 5483 2116 5553 quidem
2142 5482 2332 5544 videri,
2374 5478 2675 5553 praesertim
2709 5480 2777 5535 ab
2808 5479 3044 5534 humana
3095 5482 3313 5533 natura.
3358 5491 3474 5529 non

305 5595 321 5626 ⁸
352 5590 409 5645 F.
433 5594 734 5664 strenua:
775 5585 797 5616 '
833 5590 870 5644 [ι’
922 5590 1092 5664 αὐτοῦ
1188 5591 1210 5623 ³
1233 5588 1394 5647 Joan.
1423 5608 1462 5653 t.
1495 5594 1582 5649 18.
1657 5596 1679 5627 ⁸
1712 5595 1793 5652 Ac

1896 5595 2049 5664 ",2;
2087 5592 2227 5651 Gen.
2256 5608 2356 5659 ιιι,
2391 5593 2444 5651 l.
2518 5593 2539 5625 '
2568 5591 2757 5648 Matth.
2790 5598 2848 5656 ι,
2873 5588 2963 5646 i8.
3034 5588 3056 5619 ⁸
3089 5583 3280 5642 Matth.
3319 5594 3375 5648 ν,
3406 5576 3454 5634 ὅ

233 5665 252 5701 ι
277 5665 380 5722 lsa.
409 5679 488 5731 τι,
520 5659 593 5715 5.’
647 5660 670 5692 '
695 5662 854 5743 Esth.
885 5676 1004 5725 ιιιι.
1032 5659 1087 5718 9.
