3994 6404
517 361 634 416 ⁸551·
1920 362 1977 415 S.
2025 360 2094 414 ιςι·

2135 361 2364 416 PllANll
2603 425 2606 428 ,
3628 372 3712 429 53:3

518 490 680 546 posse
708 470 972 541 fatemur;
1002 491 1177 546 neque
1203 475 1348 545 quod
1379 477 1712 545 aspectabile
1743 483 1846 542 est,
1873 479 1924 532 id
1949 478 2094 547 quod

2138 496 2166 548 Α
2199 479 2395 546 φύσις,
2433 477 2872 547 ἐνδυναμωθεϊσα
2914 479 3008 532 τοῦ
3059 480 3328 546 ἀδυνάτως
3370 481 3564 553 ἔχοντος
3609 489 3715 558 πρὸς

520 567 686 620 videri
737 567 960 620 omnino
1005 584 1112 621 non
1172 575 1373 636 potest,
1427 568 1625 622 intueri
1679 568 1761 622 l'as
1817 578 2092 638 putamus.

2205 570 2500 622 ἐπέκτασιν
2534 567 2628 620 τοῦ
2657 567 3050 624 δυνατοῦ.“Καὶ
3080 572 3229 626 οὐδὲν
3253 573 3432 626 διοίσει
3467 577 3520 628 ἐν
3545 580 3602 648 τῇ
3623 579 3718 648 θείᾳ

517 656 686 726 819
722 654 828 711 Sed
877 658 1018 712 idem
1073 667 1253 713 tamen
1307 660 1598 713 invisibilis
1651 637 1830 720 Deus,
1866 675 1965 727 pro
1995 674 2094 715 sua

2203 661 2431 732 Γραφῇ,
2477 660 2601 715 οὔτε
2652 661 2930 727 ἁντίθετος
2983 661 3126 730 λέξις
3174 665 3308 736 πρὸς
3351 665 3488 732 λέξιν
3535 637 3753 742 sti-92%;

521 749 859 803 humanitate
893 765 956 804 ac
987 751 1248 820 potentia.
1281 750 1607 805 imbecillam
1665 749 1837 802 aciem
1880 749 1953 801 ita
1982 749 2094 804 vir—
2203 767 2354 804 σεται

519 848 633 892 tute
657 854 757 893 sua
792 841 1155 895 corroborare
1209 840 1486 909 dignatur,
1517 845 1576 893 ut
1628 839 1772 908 quod
1799 838 1972 893 videri
2012 839 2216 908 alioqui
2248 857 2358 895 non
2393 848 2591 912 potest,
2623 841 2872 912 aspiciat.
2922 842 3092 898 Porro
3119 859 3242 900 cum
3291 848 3548 904 invisibile
3602 851 3725 916 illud,

517 943 569 986 et
597 932 870 986 inﬁnitum
895 934 1110 1003 aspicit,
1136 948 1242 987 non
1269 941 1540 1002 quatenus
1571 931 1841 985 inﬁnitum
1877 939 1961 986 est
1998 931 2132 986 illud
2167 933 2438 1000 intuetur,
2486 935 2582 990 sed
2633 946 2900 1006 quantum
2936 936 3106 1005 illius,
3136 939 3277 1007 quod
3317 940 3622 995 imbecillum
3643 951 3727 997 est.

518 1031 713 1078 natura
765 1040 959 1094 capere
1006 1018 1222 1094 potest;
1240 1023 1507 1092 ejusmodi
1554 1024 1606 1078 vi
1652 1039 1716 1078 ac
1753 1025 1954 1077 virtute
1983 1021 2328 1090 conﬁrmata,
2361 1035 2420 1081 ut
2473 1027 2539 1081 ad
2597 1030 2832 1099 potentis
2874 1029 3022 1085 illius
3087 1032 3331 1085 notitiam
3387 1033 3646 1103 adaequare
3684 1049 3730 1091 se

520 1115 714 1186 possit.
751 1115 1116 1180 Quamobrem
1163 1115 1297 1170 nibil
1328 1122 1412 1170 cst
1441 1114 1496 1168 in
1523 1113 1696 1169 sacris
1732 1111 1956 1168 Litteris
1989 1127 2019 1166 a
2051 1112 2233 1184 seipso
2261 1115 2605 1186 discrepans,
2648 1133 2758 1173 non
2795 1119 3066 1174 sententia
3105 1120 3213 1173 ulla
3253 1135 3372 1190 quae
3400 1122 3468 1176 ab
3516 1122 3607 1176 alia
3633 1139 3733 1179 sea.

519 1205 688 1259 tentia
714 1203 998 1262 dissideat.

595 1295 725 1351 VIII.
771 1299 876 1352 Res
916 1298 1030 1366 ipsa
1067 1297 1320 1368 quidem,
1351 1306 1409 1351 ut
1440 1303 1975 1351 commemoratuma
2015 1310 2103 1350 me

2280 1289 2362 1343 H'.
2403 1292 2562 1345 Ἐστι
2589 1293 2670 1357 δὲ,
2696 1293 2772 1358 ὡς
2799 1293 3060 1357 πολλάκις
3086 1293 3147 1346 τὸ
3177 1295 3476 1366 ὑπόδειγμα
3511 1298 3734 1373 διηγησά.

520 1389 718 1458 smpius
745 1389 1048 1457 exemplum
1083 1389 1185 1442 hoc
1230 1388 1348 1442 loco
1390 1395 1653 1458 repetam,
1699 1387 1776 1440 ita
1823 1386 1937 1441 fere
1979 1400 2097 1441 sese

2212 1397 2342 1451 μην,
2377 1381 2438 1435 τὺ
2468 1385 2700 1454 πρᾶγμα
2729 1383 2904 1448 οὕτως
2923 1401 2939 1416 θ
2983 1384 3073 1448 Ὠς
3101 1385 3155 1437 εῐ
3175 1402 3258 1449 τις
3284 1385 3524 1440 θεάσοιτο
3547 1389 3605 1442 δι’
3626 1392 3738 1463 ὀπῆς

520 1479 681 1534 habet
708 1501 722 1533 :
751 1478 1216 1545 Quemadmodum
1251 1479 1295 1534 si
1321 1479 1446 1548 quis
1461 1479 1661 1532 caelum
1687 1492 1785 1547 per
1805 1485 2097 1547 angustum

2213 1473 2551 1543 μικροτάτης
2581 1473 2675 1527 τὸν
2717 1474 2970 1545 οὐρανὸν,
3005 1476 3099 1528 καὶ
3131 1475 3296 1543 εῐποι,
3331 1477 3472 1548 Ὀρῶ
3502 1479 3586 1532 τὸν
3608 1482 3737 1552 οὖρα.

519 1571 762 1624 l'oramen
789 1569 1133 1639 transpiciat.
1169 1583 1234 1624 ac
1260 1570 1462 1624 uelum
1495 1569 1680 1624 videre
1704 1583 1763 1624 se
1794 1567 1965 1632 dicat,
1991 1583 2096 1622 non

2210 1563 2298 1616 νὸν
2320 1578 2336 1591 ·
2371 1566 2464 1618 καὶ
2498 1566 2599 1618 οὐκ
2643 1564 2708 1620 ἂν
2749 1565 3003 1636 ψεύσοιτο
3037 1568 3066 1619 ὁ
3103 1566 3376 1631 τοιοῦτος’
3413 1570 3512 1641 ὁρᾷ
3541 1573 3637 1643 γὰρ
3665 1576 3729 1626 οὐ·

519 1661 707 1730 utique
735 1662 1034 1716 mentiatur
1061 1680 1072 1714 :
1100 1659 1245 1715 videt
1275 1661 1420 1715 enim
1466 1674 1655 1714 revera
1686 1659 1920 1723 caelum;
1955 1659 2096 1729 quod

2215 1656 2374 1727 ρανδν
2399 1657 2478 1728 τῷ
2518 1658 2632 1711 δντι
2652 1674 2665 1687 ·
2707 1658 2852 1712 εἴποι
2878 1659 2938 1713 δέ
2967 1675 3052 1722 τις
3092 1660 3241 1731 αὐτῷ
3274 1663 3522 1727 συνετῶς,
3554 1664 3626 1718 ὁτι
3653 1667 3739 1735 Οὐχ

518 1753 563 1807 si
591 1752 716 1822 quis
740 1751 1036 1828 prudenter
1061 1752 1110 1805 ei
1140 1750 1289 1804 dicat
1316 1769 1330 1805 :
1354 1749 1473 1804 Non
1508 1749 1662 1805 vides
1687 1750 1925 1814 cmlum;
1959 1765 2026 1803 ne
2053 1750 2095 1804 is

2162 1739 2176 1793 ι
2208 1744 2459 1816 ἑώρακας
2483 1747 2576 1800 τὸν
2614 1748 2879 1819 οὐρανόν·
2917 1747 3013 1801 καὶ⁵
3039 1748 3138 1801 οὐκ
3175 1747 3242 1802 ἂν
3273 1749 3524 1820 ψεύσοιτο
3555 1755 3581 1805 ό
3601 1752 3739 1805 τοιοῦ-

517 1842 738 1912 quidem
769 1842 1091 1906 mentietur;
1111 1847 1326 1908 neuter,
1355 1841 1600 1911 inquam,
1630 1841 2094 1910 mentitur,neque

2205 1853 2332 1901 τοςο
2363 1839 2391 1890 6
2425 1837 2526 1908 μὲν
2556 1838 2666 1910 γάρ
2710 1838 2885 1907 λέγων
2920 1839 3224 1910 ἑωρακέναι
3261 1841 3323 1894 ού
3365 1841 3640 1910 ψεύδεται*
3670 1843 3741 1898 καὶ

519 1933 612 2002 qui
664 1931 867 1988 vidisse
897 1947 959 1988 se
1010 1932 1165 1996 dicit,
1217 1946 1397 2001 neque
1442 1931 1537 2001 qui
1584 1938 1766 2000 negat.
1806 1929 1924 1985 Non
1957 1931 2096 1986 enim

2205 1929 2233 1980 6
2263 1929 2439 1998 φήσας
2463 1928 2601 1998 πρὸς
2636 1928 2796 1983 αὑτὸν
2829 1928 2903 1999 μὴ
2927 1929 3230 2000 ἑωρακέναι
3253 1929 3316 1982 τὸ
3343 1930 3474 1983 αὐτὸ
3499 1931 3739 2000 ἀληθεύει·

518 2024 892 2080 extensionem
916 2023 1065 2087 caeli,
1095 2037 1159 2076 ac
1194 2021 1534 2076 latitudinem
1562 2022 1797 2090 aspexit.
1837 2019 2021 2085 Quare
2047 2028 2095 2076 el

2205 2019 2328 2073 οὕτε
2361 2021 2469 2092 γάρ
2507 2017 2616 2074 εἶδε
2655 2021 2754 2091 τὴν
2793 2021 3089 2074 ἐπέκτασιν
3116 2020 3238 2073 οὒτε
3267 2021 3332 2074 τὺ
3361 2021 3574 2085 πλάτος.
3607 2023 3744 2076 Καὶό

519 2113 614 2182 qui
646 2112 805 2179 vidit,
840 2127 1030 2168 verum
1060 2111 1218 2177 dixit,
1245 2119 1299 2167 et
1330 2113 1423 2181 qui
1455 2119 1741 2182 repugnat.
1772 2110 1969 2166 falsum
1996 2126 2096 2164 non

2209 2115 2307 2183 μὲν
2341 2111 2604 2184 ἑωρακὼς
2639 2112 2938 2182 ήλήθευσεν
2962 2127 2976 2140 ’
3016 2113 3044 2165 6
3080 2112 3137 2164 δὲ
3174 2111 3449 2166 ἀντειπὼν
3499 2114 3568 2184 μὴ
3606 2114 3743 2184 έωρα·

522 2203 678 2257 dixit.
706 2201 859 2273 Szepe
887 2203 1032 2258 enim
1065 2202 1263 2257 accidit
1309 2211 1368 2257 ut
1413 2219 1478 2259 ex
1521 2204 1629 2257 alto
1662 2205 1864 2257 montis
1900 2201 2099 2258 vertice

2207 2203 2360 2256 κέναι
2389 2204 2488 2256 οὐκ
2522 2202 2810 2271 ἐψεύσατο,
2845 2201 2982 2255 άλλά
3013 2203 3107 2255 καὶ
3135 2202 3297 2265 αὐτὸς
3329 2202 3606 2273 ἠλήθευσε.
3634 2203 3743 2257 Πολ-

520 2307 672 2346 mare
705 2294 1122 2363 prospiciamus.
1152 2291 1308 2360 Quod
1338 2294 1383 2349 si
1412 2309 1514 2348 nos
1541 2293 1673 2347 illud
1719 2293 1924 2348 vidisse
1951 2293 2097 2347 dica-

2206 2293 2362 2357 λάκις
2389 2293 2498 2366 γὰρ
2524 2293 2619 2348 καὶ
2652 2293 2744 2346 ἐπὶ
2773 2292 3055 2363 άκρωρείᾳ
3080 2292 3244 2363 ὅρους
3277 2293 3512 2356 ἑστῶτες
3537 2293 3746 2364 θεώμεθα

519 2397 662 2444 ntus,
713 2396 820 2435 non
852 2383 1214 2448 mentiemur;
1266 2398 1443 2452 neque
1487 2383 1532 2438 si
1573 2381 1969 2437 contradixerit
2002 2382 2096 2436 ali-

2205 2385 2301 2436 καὶ
2328 2383 2429 2454 τήν
2461 2383 2738 2437 θάλασσαν
2761 2398 2775 2412 ·
2803 2383 2898 2436 καὶ
2947 2382 3044 2436 ἐὰν
3069 2383 3316 2454 εἴπωμεν
3351 2383 3637 2454 ἑωρακέναι
3673 2383 3746 2436 θά-

517 2477 639 2540 quis
672 2486 736 2525 ac
768 2472 972 2527 vidisse
1005 2487 1105 2528 nos
1136 2473 1436 2542 negaverit,
1472 2488 1580 2526 non
1607 2488 1795 2526 verum
1831 2473 1920 2527 ille
1943 2473 2094 2527 dixit.

2205 2474 2444 2538 λασσαν,
2499 2475 2599 2527 οὐκ
2637 2471 3005 2544 ἐψευσάμεθα.
3043 2473 3106 2526 Et
3156 2473 3215 2526 δέ
3262 2490 3350 2537 τις
3402 2474 3633 2527 ἀντείποι
3670 2471 3739 2526 λέ-

518 2561 808 2630 Propterea
839 2559 1010 2629 quod,
1044 2575 1164 2630 qua:
1199 2568 1285 2614 est
1326 2558 1565 2614 hominis
1595 2559 1964 2624 imbecillitas,
1993 2573 2095 2628 quo

2206 2583 2340 2635 γων,
2374 2567 2457 2620 ὅτι
2484 2567 2597 2636 Οὐχ
2627 2564 2898 2638 ἑώρακας,
2931 2567 3024 2619 καὶ
3065 2565 3228 2629 αὐτὸς
3255 2566 3318 2618 ού
3359 2565 3623 2635 ψεύδεται.
3653 2564 3739 2618 Ποῦ

520 2651 668 2704 illius
725 2651 1046 2719 amplitudo,
1101 2657 1195 2703 aut
1245 2650 1550 2721 longitudo,
1609 2657 1704 2704 aut
1757 2649 2097 2719 profunditas

2207 2658 2316 2728 γάρ
2339 2659 2620 2711 διικνεῖται
2650 2657 2710 2710 τὸ
2735 2657 2956 2721 πλάτος,
2979 2655 3081 2709 ποῦ
3102 2655 3164 2709 τὸ
3183 2656 3382 2727 μῆκος,
3397 2656 3500 2709 ποῦ
3523 2659 3580 2708 τὸ
3596 2655 3745 2726 βάθος.

521 2740 810 2810 pertingat,
844 2755 1119 2810 quamque
1158 2741 1253 2794 alti
1295 2741 1406 2796 sint
1439 2741 1584 2795 illius
1617 2741 1892 2809 voraginis
1918 2755 2098 2796 reces-

2208 2742 2313 2795 ποῦ
2347 2745 2394 2796 oi
2440 2744 2602 2814 μυχοὶ
2641 2742 2736 2797 τοῦ
2789 2743 2974 2814 βυθοῦ,
3005 2744 3102 2797 καὶ
3137 2745 3207 2796 τὰ
3253 2744 3677 2814 ἀποτελέσματα,
3701 2744 3751 2796 οὗ

520 2846 618 2886 sus
648 2849 663 2898 ;
705 2831 799 2888 sed
834 2847 1012 2901 neque
1045 2832 1190 2886 illius
1212 2832 1405 2888 eli‘ecta
1438 2831 1722 2902 pervidere
1759 2839 1956 2901 potest.
1985 2830 2097 2886 lam

2207 2835 2427 2888 δύναται
2459 2835 2659 2888 εἰδέναι
2688 2833 2974 2906 ἄνθρωπος
3003 2833 3097 2888 ὢν.
3128 2834 3190 2887 Et
3218 2833 3403 2888 τοίνυν
3431 2834 3498 2888 τὰ
3529 2835 3644 2906 περὶ
3670 2836 3753 2888 τῶν

521 2924 566 2976 si
603 2923 658 2976 in
685 2923 956 2977 creaturis
1003 2923 1076 2976 ita
1105 2938 1224 2978 sese
1251 2938 1339 2978 res
1369 2923 1557 2985 habet,
1601 2932 1809 2993 quanto
1842 2923 2016 2992 magis
2051 2922 2098 2976 in

2208 2927 2522 2996 κτισμάτων
2551 2924 2724 2989 οὕτως
2747 2925 2805 2978 ἐν
2825 2927 2958 2996 ήμῖν
2981 2924 3304 2996 πληροῦται,
3328 2925 3480 2997 πόσῳ
3503 2943 3563 2994 γε
3585 2927 3753 2996 μᾶλλον

519 3013 759 3082 gratuito
791 3014 884 3067 illo
920 3013 1203 3078 beneﬁcio,
1229 3013 1374 3084 quod
1403 3014 1543 3070 Deus
1568 3013 1848 3084 prophetis
1878 3022 2096 3083 aposto-

2209 3017 2267 3068 ἐν
2307 3018 2374 3086 τῇ
2430 3016 2644 3088 χάριτι,
2751 3015 3046 3086 ἐχαρίσατο
3094 3016 3122 3068 ὁ
3169 3015 3303 3079 Θεὸς
3345 3019 3643 3088 προφήταις
3679 3021 3750 3070 καὶ

522 3107 698 3174 lisque
725 3104 1038 3158 concessit?
1070 3104 1208 3176 Ergo
1235 3105 1312 3159 illi
1343 3104 1510 3158 Deum
1539 3107 1891 3160 exsistentcm
1918 3121 2099 3160 revera

2214 3066 2256 3068 ”’
2323 3066 2374 3086 Ἠ
2432 3066 2644 3088 Λ“⁷ἷ’⁷“ν
2685 3066 2713 3088 ὖ.
2781 3066 2867 3086 Λ“Ι
2927 3066 3036 3068 "Vi
3103 3066 3113 3068 Ὗ
3184 3066 3299 3079 i__'
3352 3066 3640 3088 "t"7't"“?
3681 3066 3750 3070 "W'

2208 3108 2563 3174 ἀποστόλοις;
2605 3106 2929 3161 Ἐθεάσαντο
2967 3101 3062 3160 οῦν
3099 3105 3160 3159 τὸ
3185 3105 3246 3159 ὃν
3277 3107 3358 3178 τῷ
3400 3109 3532 3170 ὄντι,
3562 3109 3645 3160 καὶ
3676 3107 3752 3159 οὐκ

521 3195 751 3250 ι·οιιιιιὶιί
785 3205 933 3260 sunt,
969 3203 1024 3251 et
1055 3196 1217 3251 simul
1257 3212 1364 3251 non
1396 3203 1524 3252 sunt
1553 3196 1802 3251 contuiti.
1835 3195 2098 3250 Viderunt

2209 3198 2534 3252 ἐθεάσαντο*
2567 3197 2683 3252 ἀλλ’
2716 3198 3030 3260 ἐθεάσαντο,
3064 3196 3140 3259 ὡς
3165 3196 3399 3266 ήδύνατο
3440 3199 3472 3269 ή
3504 3198 3652 3267 φύσις
3678 3196 3752 3265 φέ-

519 3287 740 3354 quidem
767 3294 1038 3356 quatenus
1065 3286 1309 3355 ipsorum
1343 3295 1536 3340 natura
1571 3286 1912 3352 sustinebat;
1942 3284 2096 3355 idque

2213 3306 2326 3360 ρειν
2351 3306 2365 3320 ·
2398 3289 2491 3342 καὶ
2536 3289 2667 3342 αὐτὸ
2715 3288 2856 3342 κατὰ
2895 3287 3055 3358 χάριν
3097 3287 3404 3357 δυνάμεως,
3444 3284 3510 3360 ἧς
3547 3287 3753 3341 ἐνεδυνά-

519 3379 744 3433 virtutis
784 3379 928 3432 illius
964 3378 1253 3440 beneﬁcio,
1307 3393 1414 3448 qua
1461 3385 1769 3448 prapotens
1818 3377 1909 3431 ille
1959 3375 2096 3431 Deus

2210 3397 2392 3452 μωσεν
2437 3384 2466 3434 6
2513 3381 2740 3444 δυνατὸς
2796 3379 2855 3433 ἓν
2908 3380 3080 3432 ἅπασι
3125 3377 3212 3432 διὰ
3252 3381 3440 3449 φιλίαν
3484 3381 3573 3433 τοῦ
3620 3377 3752 3433 αὐτοῦ

520 3486 620 3540 pro
653 3470 915 3540 singulari
949 3485 1050 3525 suo
1089 3485 1217 3540 erga
1247 3471 1523 3524 hominem
1550 3485 1757 3534 amore,
1787 3471 1880 3540 qui
1907 3469 2013 3524 sibi
2034 3485 2097 3524 ex

2209 3471 2517 3542 ἀνθρώπου,
2565 3472 2657 3525 καὶ
2694 3469 2997 3524 δουλεύοντι
3032 3471 3051 3500 ³
3083 3469 3232 3540 αύτῷ
3265 3472 3324 3522 ἐν
3373 3471 3613 3541 ἀληθεία.
3655 3469 3753 3522 Ἐὰν

521 3565 704 3618 animo
744 3579 808 3618 ac
851 3565 1064 3618 sincere
1111 3563 1402 3628 serviebat,
1463 3561 1685 3617 ailieere
1729 3561 1880 3616 illum
1911 3562 2098 3616 voluit.

2208 3559 2302 3616 οῦν
2332 3563 2382 3616 οἱ
2414 3561 2644 3617 τοιοῦτοι
2679 3560 2944 3630 νομίσωσι
2971 3561 3160 3630 χεῖρας
3193 3559 3337 3613 οὕτω
3357 3562 3449 3613 τὸν
3469 3561 3595 3614 Θεὸν
3619 3559 3752 3630 ἔχειν,

523 3655 627 3710 Sed
652 3656 698 3711 si
729 3671 942 3719 manus,
968 3669 1063 3708 aut
1093 3655 1304 3719 oculos,
1333 3663 1426 3708 aut
1453 3654 1556 3706 alia
1582 3652 1633 3706 id
1662 3669 1834 3722 genus
1863 3653 2100 3714 membra

2208 3655 2241 3725 ἢ
2271 3653 2603 3724 ὀφθαλμοὺς,
2638 3651 2670 3722 ἢ
2705 3652 2772 3704 τὰ
2811 3651 2966 3714 ἄλλα,
2994 3649 3084 3702 διὰ
3119 3650 3181 3702 τδ
3209 3648 3385 3715 οὕτως
3415 3647 3753 3722 όφθήσεσθαι³

523 3747 702 3802 inesse
725 3745 833 3800 Deo
861 3745 1212 3815 suspicentur
1245 3745 1360 3807 isti,
1415 3742 1561 3813 quod
1602 3731 1670 3797 ad
1703 3758 1829 3798 eum
1880 3744 2100 3796 modum

2208 3744 2319 3804 τοῖς
2353 3740 2660 3810 προφήταις
2686 3739 2780 3791 καὶ
2819 3735 3158 3802 ἀποστόλοις,
3187 3736 3505 3804 φιλονείκως
3537 3736 3754 3806 φέρονται

524 3836 802 3907 prophetis
831 3844 884 3890 et
927 3835 1187 3905 apostolis
1214 3842 1544 3903 conspectus
1570 3833 1662 3898 sil,
1691 3833 1836 3886 inani
1864 3834 2101 3902 qundam

2210 3832 2553 3902 ἐλεγχόμενοι
2597 3830 2706 3884 ἀπὸ
2734 3829 2836 3899 τῆς
2880 3827 3158 3899 ἀληθείας.
3200 3828 3364 3882 Ἀλλά
3391 3829 3492 3881 ὃσα
3520 3827 3614 3899 μὲν
3637 3825 3754 3892 λέγει

526 3928 712 3983 studio
745 3927 1110 3981 contentionis
1139 3926 1264 3980 elati
1287 3939 1318 3979 a
1349 3926 1572 3980 veritate
1605 3925 1722 3994 ipsa
1759 3923 2103 3981 rell-“untur.

2210 3925 2268 3976 ἐν
2301 3925 2367 3992 τῇ
2401 3920 2522 3992 θεία
2565 3921 2775 3992 Γραφῇ,
2814 3919 3088 3972 πιστεύειν
3117 3919 3246 3990 χρὴ,
3277 3919 3361 3972 ὃτι
3399 3918 3544 3971 ἐστι·
3581 3915 3686 3978 πῶς
3708 3913 3754 3965 δὲ

523 4019 760 4076 Necesse
793 4019 1009 4089 quidem
1057 4027 1142 4072 est
1188 4017 1274 4073 his
1314 4017 1570 4072 omnibus
1599 4016 1857 4071 adbibere
1903 4017 2099 4081 ﬁdem,

2211 4010 2378 4075 ἐστιν,
2412 4008 2559 4079 αύτῷ
2605 4007 2750 4078 μόνῳ
2789 4006 3078 4074 ἔγνωσται.
3124 4005 3236 4059 Καὶ
3263 4005 3346 4058 ὅτι
3388 4003 3540 4074 ὤφθη
3579 4001 3648 4070 τῷ
3678 3999 3755 4089 μὲν

524 4125 647 4180 qua:
677 4109 730 4162 in
763 4087 936 4163 sacris
983 4106 1206 4162 Litteris
1254 4115 1620 4162 asseruntur:
1646 4107 2101 4175 quemadmodum

2210 4100 2344 4162 ὄντι,
2373 4099 2496 4152 ναί·
2533 4097 2690 4166 ὤφθη
2736 4095 2793 4148 δὲ
2841 4095 2918 4160 ὡς
2947 4095 3200 4166 ἠθέλησε,
3235 4096 3330 4148 καὶ
3369 4093 3580 4166 άληθῶς
3605 4087 3754 4183 ὦφθηί

525 4177 655 4255 vero
682 4214 803 4253 sese
833 4197 1052 4263 habeat,
1099 4197 1250 4252 solus
1291 4197 1383 4252 ille
1422 4197 1725 4266 cognoscit.
1757 4196 2102 4267 Proindeque

2210 4189 2285 4250 ὼς
2317 4187 2492 4258 ὤφθη.
2528 4187 2714 4239 Πάντα
2744 4184 2853 4255 γὰρ
2876 4183 3102 4237 δύναται
3131 4182 3285 4247 Θεὸς,
3327 4184 3426 4236 καὶ
3464 4181 3608 4236 οὐδὲν
3633 4177 3758 4241 αὐτῷ

527 4307 650 4346 vere
690 4289 910 4360 quidem
939 4289 1258 4360 apparuisse
1300 4295 1511 4342 certum
1552 4294 1673 4354 est;
1708 4287 1962 4357 apparuit
2005 4301 2104 4340 au-

2211 4281 2488 4335 ἀδύνατον.
2528 4280 2685 4332 Ἔστι
2718 4277 2775 4330 δέ
2809 4277 3216 4348 ἁκατάληπτος,
3249 4274 3468 4344 πνεῦμα
3494 4271 3566 4326 ὢν
3592 4271 3755 4360 ἀπερι-

527 4394 634 4440 tem
685 4355 1206 4456 quounodo‘voluit,
1253 4389 1308 4438 et
1361 4395 1692 4452 quocunque
1741 4355 1904 4434 modo
1942 4379 2104 4450 820

2180 4439 2185 4456 ι
2213 4374 2420 4443 νόητον,
2454 4371 2632 4424 πάντα
2661 4368 2952 4440 περιέχων,
2976 4362 3130 4431 οὗτος
3169 4367 3262 4418 ὑπ’
3287 4365 3502 4428 οὐδενὸς
3537 4355 3757 4456 περιεκό-

527 4448 803 4542 apparuit,
827 4488 952 4526 vere
973 4473 1242 4542 apparuit.
1280 4448 1474 4526 Omnia
1497 4448 1696 4541 quippe
1728 4478 1907 4540 potest
1928 4448 2104 4538 Deus;

2178 4448 2185 4472 ’
2216 4479 2400 4533 μενος.
2429 4460 2538 4513 Καὶ
2587 4463 2771 4522 ὁποῖος
2804 4461 2834 4512 6
2869 4457 3094 4530 Πατὴρ,
3133 4455 3375 4520 τοιοῦτος
3405 4457 3509 4542 καὶ,
3612 4448 3755 4542 Ῐὶδςι

529 4535 631 4617 nec
667 4571 748 4617 est
785 4535 1106 4634 quidquam,
1159 4563 1304 4632 quod
1348 4562 1468 4632 ejus
1515 4535 1834 4632 potestatem
1865 4535 2106 4630 eﬂugiat.

2207 4548 2353 4605 οῦτω
2387 4549 2482 4601 καὶ
2534 4545 2758 4618 Πνεῦμα
2805 4546 2863 4598 ἐν
2891 4547 2957 4616 τῇ
2990 4544 3222 4616 θεότητι.
3252 4543 3430 4634 ΙΞῙόνος
3471 4541 3526 4594 δὲ
3553 4540 3578 4592 ό
3612 4535 3756 4634 Μονο-

530 4652 682 4708 ldem
714 4670 841 4730 vero
870 4653 1258 4725 comprehendi
1304 4670 1413 4708 non
1445 4660 1646 4723 potest,
1679 4668 1803 4706 cum
1840 4652 1912 4707 sit
1940 4650 2107 4722 spiri-

2209 4639 2370 4710 γενής
2398 4637 2684 4691 ἐνεδύσατο
2725 4635 2894 4688 ἐλθὼν
2923 4635 3122 4706 σάρκα,
3155 4635 3213 4686 ὲν
3337 4633 3433 4685 καὶ
3465 4630 3671 4693 ἀνέστη,
3702 4623 3757 4690 ἢν

531 4754 641 4810 tus,
671 4727 832 4815 quem
859 4723 1216 4817 intelligentia
1254 4746 1402 4799 nulla
1443 4745 1662 4815 penitus
1693 4745 1977 4815 percipere
2011 4757 2108 4814 po-

2208 4733 2302 4785 καὶ
2347 4731 2621 4790 συνήνωσε
2663 4730 2729 4798 τῇ
2780 4726 2994 4796 θεότητι
3045 4728 3123 4785 εἰς
3173 4723 3392 4794 πνεῦμα
3443 4723 3754 4774 συνενιὶκταςς

533 4841 642 4889 test
665 4801 894 4905 :.itaquc
925 4844 982 4889 ut
1017 4801 1200 4890 (nitida
1229 4801 1529 4896 contineat,
1563 4843 1617 4888 et
1650 4801 1712 4888 a.
1734 4801 1886 4887 nullo
1931 4801 2110 4886 couti-

2208 4821 2492 4876 ἐκάθισεν
2519 4819 2589 4873 ἐν
2621 4818 2768 4886 δόξῃ
2787 4858 2802 4882 ,
2837 4819 2906 4871 ἐν
2925 4815 3093 4883 δεξιᾷ
3115 4815 3224 4869 τοῦ
3269 4811 3516 4881 Πατρός,
3553 4805 3680 4862 κατὰ
3707 4801 3755 4854 τὸ

536 4919 751 5000 nentur.
781 4902 1046 4982 Caeterum
1085 4929 1262 4998 qualis
1302 4936 1386 4983 est
1421 4925 1604 4988 Pater,
1643 4926 1765 4978 talis
1794 4933 1878 4979 est
1916 4922 2107 4988 Filius,

2216 4914 2616 4986 γεγραμμένον.
2653 4913 2740 4975 Ὧς
2767 4907 2860 4964 οὖν
2889 4913 3034 4964 ἐστιν
3065 4907 3444 4979 ἀκατάληπτος
3473 4903 3565 4958 καὶ
3590 4902 3749 5002 άπεριῐ

535 4997 663 5068 talis
713 5021 768 5068 et
809 5016 863 5070 in
909 4991 1190 5072 divinitate
1235 5017 1474 5089 Spiritus
1504 5026 1748 5070 sanctus.
1790 5014 1869 5069 Ex
1912 5016 2111 5084 quibus

2215 5009 2425 5078 νόητος,
2453 5005 2593 5060 οὕτω
2625 5006 2800 5060 πάντα
2828 5004 2896 5058 τὰ
2921 5004 3050 5074 περὶ
3075 5001 3240 5056 αὐτοῦ
3270 5000 3536 5068 λεγόμενα
3559 4991 3755 5098 ἀληθινά

538 5102 691 5158 solus
720 5102 1029 5171 unigenitus
1061 5104 1231 5161 Filius
1287 5121 1454 5160 carne
1486 5106 1716 5160 vestitus
1745 5113 1845 5170 est,
1873 5117 2106 5173 quarum

2218 5101 2366 5153 ἐστιν
2398 5099 2547 5154 ὄντα.
2589 5099 2676 5161 Ὡς
2705 5097 2762 5149 δὲ
2794 5095 2925 5158 Θεός
2973 5095 3121 5147 ἐστιν
3161 5091 3571 5160 άκατάληπτος,
3607 5091 3752 5173 obsto;

539 5209 569 5247 a
599 5191 830 5246 mortuis
861 5193 1129 5249 excitatus
1153 5204 1257 5259 est,
1293 5195 1650 5266 eamdemque
1681 5195 1844 5249 unius
1878 5195 1933 5248 in
1962 5210 2110 5249 com-

2217 5193 2328 5245 rriv
2356 5190 2416 5244 τὸ
2448 5190 2576 5261 περὶ
2602 5187 2765 5242 αὑτοῦ
2795 5186 3086 5258 λεγόμενον
3112 5181 3492 5252 άκατάληπτόν
3517 5180 3622 5229 ἐστι

540 5281 851 5336 munionem
888 5280 1110 5348 spiritus
1144 5298 1267 5339 cum
1299 5287 1583 5341 divinitate
1612 5285 1922 5354 conjunxit,
1956 5293 2011 5340 et
2041 5285 2110 5338 ad

2215 5281 2351 5338 ἀλλὰ
2382 5257 2764 5352 ἀκατάληπτον
2792 5257 2953 5332 ὁποῖα
2985 5275 3144 5339 Θεοῦ,
3171 5274 3265 5328 καὶ
3289 5273 3364 5336 ὡς
3395 5270 3537 5324 εστιν
3568 5267 3620 5318 ἐν
3646 5257 3750 5358 δόξῃ

538 5370 808 5424 dexteram
841 5368 1049 5434 Patris,
1091 5379 1150 5423 ut
1180 5374 1441 5442 scriptum
1491 5381 1599 5438 est,
1629 5376 1685 5428 in
1710 5373 1886 5445 gloria
1931 5390 2113 5428 conse-

2217 5374 2598 5444 άκαταλήπτῳ.
2643 5371 2752 5424 Καὶ
2780 5369 2951 5424 ταῦτα
2994 5370 3113 5439 μὲν,
3143 5363 3324 5428 καθὼς
3349 5358 3665 5434 ἐχωροῦμεν,
3686 5363 3751 5454 ειξ

542 5460 619 5512 dit
647 5463 688 5513 ¹.
723 5459 1191 5527 Quemadmodum
1242 5461 1406 5532 igitur
1447 5465 1986 5533 comprehensionem
2021 5463 2108 5517 in-

2216 5463 2522 5532 δοξολογίαν
2553 5461 2688 5516 Θεοῦ
2731 5463 2957 5533 στόματι
2990 5456 3312 5532 ἀνθρωπίνῳ
3351 5454 3667 5536 εἰρήκαμεν;
3701 5454 3750 5536 οἳ

546 5550 1006 5620 telligcntiamque
1044 5559 1304 5622 supcrat,
1354 5554 1435 5610 sic
1485 5532 1668 5610 omnia
1741 5571 1860 5625 qua:
1897 5557 1967 5612 de
2019 5556 2114 5611 illo

2219 5555 2328 5626 γὰρ
2351 5555 2543 5625 ἔχομεν
2566 5553 2755 5623 ἐτέρας
2787 5532 3027 5622 φθογγῆς
3054 5549 3246 5621 χρῆσιν
3272 5545 3410 5617 ὑπὲρ
3434 5542 3530 5612 τὴν
3558 5540 3616 5592 ἐκ
3638 5532 3750 5586 Θεοῦ

631 5702 647 5732 ‘
673 5703 868 5771 Epltcs.
909 5718 970 5762 ll,
993 5702 1060 5765 ti;
1089 5700 1250 5758 Hebr.
1280 5721 1399 5775 vm,
1434 5707 1476 5761 ι.
1559 5709 1576 5740 ⁸
1614 5705 1741 5763 Fur.
1777 5708 2116 5771 δουλεύοντος
2191 5709 2208 5742 ³

1089 5700 1250 5758 llcbr.
1280 5721 1399 5775 vm,
1434 5707 1476 5761 ι.
1559 5709 1576 5740 ⁸
1614 5705 1741 5763 Fur.
1777 5708 2116 5771 δουλεύοντος
2191 5709 2210 5742 ³
2243 5709 2367 5764 Cor.
2396 5707 2646 5778 ὀφθῆναι.
