  <div class='ocr_page' id='page_1' title='image "/cluster/home/n/w/nwhite01/storage/ocr_20150623/42:no.2/coo.31924054869403/182.png"; bbox 0 0 3994 6424; ppageno 0'>
   <div class='ocr_carea' id='block_1_1' title="bbox 98 366 1748 445">
    <p class='ocr_par' dir='ltr' id='par_1_1' title="bbox 98 374 1748 439">
     <span class='ocr_line' id='line_1_1' title="bbox 98 374 1748 439; baseline -0.004 0"><span class='ocrx_word' id='word_1_1' title='bbox 98 378 284 439; x_wconf 69' lang='lat'><strong>353&#39;</strong></span> <span class='ocrx_word' id='word_1_2' title='bbox 838 376 1208 435; x_wconf 78' lang='lat' dir='ltr'><strong>ADVERSUS</strong></span> <span class='ocrx_word' id='word_1_3' title='bbox 1247 375 1589 433; x_wconf 75' lang='lat' dir='ltr'><strong>IUERESES</strong></span> <span class='ocrx_word' id='word_1_4' title='bbox 1625 374 1748 433; x_wconf 79' lang='lat' dir='ltr'><strong>LIB.</strong></span> 
     </span>
    </p>
   </div>
   <div class='ocr_carea' id='block_1_2' title="bbox 1851 366 3459 445">
    <p class='ocr_par' dir='ltr' id='par_1_2' title="bbox 1851 366 3459 445">
     <span class='ocr_line' id='line_1_2' title="bbox 1851 366 3459 445; baseline 0.009 -14"><span class='ocrx_word' id='word_1_5' title='bbox 1851 374 1881 433; x_wconf 80' lang='grc' dir='ltr'><strong>ι.</strong></span> <span class='ocrx_word' id='word_1_6' title='bbox 1921 374 2087 433; x_wconf 74' lang='lat' dir='ltr'><strong>reti.</strong></span> <span class='ocrx_word' id='word_1_7' title='bbox 2123 376 2163 432; x_wconf 84' lang='grc' dir='ltr'><strong>ι.</strong></span> <span class='ocrx_word' id='word_1_8' title='bbox 2194 376 2551 435; x_wconf 63' lang='grc' dir='ltr'>-ιιιειιεε</span> <span class='ocrx_word' id='word_1_9' title='bbox 2595 366 2761 438; x_wconf 71' lang='lat' dir='ltr'><strong>LXX.</strong></span> <span class='ocrx_word' id='word_1_10' title='bbox 3328 381 3459 445; x_wconf 63' lang='lat' dir='ltr'><strong>est!</strong></span> 
     </span>
    </p>
   </div>
   <div class='ocr_carea' id='block_1_3' title="bbox 101 492 1748 578">
    <p class='ocr_par' dir='ltr' id='par_1_3' title="bbox 101 495 1748 574">
     <span class='ocr_line' id='line_1_3' title="bbox 101 495 1748 574; baseline -0.002 -18"><span class='ocrx_word' id='word_1_11' title='bbox 101 504 283 574; x_wconf 69' lang='grc' dir='ltr'>ἡμῖν</span> <span class='ocrx_word' id='word_1_12' title='bbox 323 501 396 556; x_wconf 70' lang='grc' dir='ltr'><strong>δν</strong></span> <span class='ocrx_word' id='word_1_13' title='bbox 427 495 615 573; x_wconf 81' lang='grc' dir='ltr'>μέτρῳ</span> <span class='ocrx_word' id='word_1_14' title='bbox 634 498 909 566; x_wconf 70' lang='grc' dir='ltr'>δοθεῖσαν,</span> <span class='ocrx_word' id='word_1_15' title='bbox 941 502 999 555; x_wconf 66' lang='grc' dir='ltr'><strong>εἷ’</strong></span> <span class='ocrx_word' id='word_1_16' title='bbox 1027 501 1126 556; x_wconf 68' lang='grc' dir='ltr'>καὶ</span> <span class='ocrx_word' id='word_1_17' title='bbox 1149 500 1231 572; x_wconf 77' lang='grc' dir='ltr'>τῷ</span> <span class='ocrx_word' id='word_1_18' title='bbox 1256 499 1335 571; x_wconf 81' lang='grc' dir='ltr'>νῷ</span> <span class='ocrx_word' id='word_1_19' title='bbox 1363 499 1748 573; x_wconf 80' lang='grc' dir='ltr'>περισσότερον</span> 
     </span>
    </p>
   </div>
   <div class='ocr_carea' id='block_1_4' title="bbox 1851 492 3435 578">
    <p class='ocr_par' dir='ltr' id='par_1_4' title="bbox 1851 492 3435 578">
     <span class='ocr_line' id='line_1_4' title="bbox 1851 492 3435 578; baseline 0.007 -24"><span class='ocrx_word' id='word_1_20' title='bbox 1851 498 2139 568; x_wconf 85' lang='lat' dir='ltr'><strong>dicuntur,</strong></span> <span class='ocrx_word' id='word_1_21' title='bbox 2164 501 2452 557; x_wconf 80' lang='lat' dir='ltr'><strong>verissima</strong></span> <span class='ocrx_word' id='word_1_22' title='bbox 2473 510 2626 559; x_wconf 82' lang='lat' dir='ltr'><strong>sunt.</strong></span> <span class='ocrx_word' id='word_1_23' title='bbox 2658 492 2815 561; x_wconf 86' lang='lat' dir='ltr'><strong>Sicut</strong></span> <span class='ocrx_word' id='word_1_24' title='bbox 2837 513 3019 562; x_wconf 85' lang='lat' dir='ltr'><strong>autem</strong></span> <span class='ocrx_word' id='word_1_25' title='bbox 3044 507 3435 578; x_wconf 80' lang='lat' dir='ltr'><strong>comprehendi</strong></span> 
     </span>
    </p>
   </div>
   <div class='ocr_carea' id='block_1_5' title="bbox 100 589 1748 669">
    <p class='ocr_par' dir='ltr' id='par_1_5' title="bbox 100 590 1748 663">
     <span class='ocr_line' id='line_1_5' title="bbox 100 590 1748 663; baseline -0.001 -18"><span class='ocrx_word' id='word_1_26' title='bbox 100 593 278 663; x_wconf 73' lang='grc' dir='ltr'>περὶ</span> <span class='ocrx_word' id='word_1_27' title='bbox 338 592 483 646; x_wconf 79' lang='grc' dir='ltr'>Θεοῦ</span> <span class='ocrx_word' id='word_1_28' title='bbox 530 591 1018 663; x_wconf 57' lang='grc' dir='ltr'>ὑπολαμϐάνομεν</span> <span class='ocrx_word' id='word_1_29' title='bbox 1056 591 1173 646; x_wconf 80' lang='grc' dir='ltr'>ἀλλ’</span> <span class='ocrx_word' id='word_1_30' title='bbox 1210 593 1310 663; x_wconf 84' lang='grc' dir='ltr'>οὐχ</span> <span class='ocrx_word' id='word_1_31' title='bbox 1356 591 1533 646; x_wconf 83' lang='grc' dir='ltr'>ὁπόσα</span> <span class='ocrx_word' id='word_1_32' title='bbox 1555 593 1587 646; x_wconf 99' lang='lat'><strong>6</strong></span> <span class='ocrx_word' id='word_1_33' title='bbox 1623 590 1748 655; x_wconf 83' lang='grc' dir='ltr'><strong>νοῦς</strong></span> 
     </span>
    </p>
   </div>
   <div class='ocr_carea' id='block_1_6' title="bbox 1851 589 3554 669">
    <p class='ocr_par' dir='ltr' id='par_1_6' title="bbox 1858 589 3554 669">
     <span class='ocr_line' id='line_1_6' title="bbox 1858 589 3554 669; baseline 0.008 -22"><span class='ocrx_word' id='word_1_34' title='bbox 1858 589 2005 647; x_wconf 84' lang='lat' dir='ltr'><strong>Deus</strong></span> <span class='ocrx_word' id='word_1_35' title='bbox 2033 607 2145 646; x_wconf 88' lang='lat' dir='ltr'><strong>non</strong></span> <span class='ocrx_word' id='word_1_36' title='bbox 2176 599 2377 662; x_wconf 89' lang='lat' dir='ltr'><strong>potest,</strong></span> <span class='ocrx_word' id='word_1_37' title='bbox 2408 592 2484 647; x_wconf 87' lang='lat' dir='ltr'><strong>ita</strong></span> <span class='ocrx_word' id='word_1_38' title='bbox 2504 592 2575 649; x_wconf 89' lang='lat' dir='ltr'><strong>de</strong></span> <span class='ocrx_word' id='word_1_39' title='bbox 2609 593 2704 648; x_wconf 92' lang='lat' dir='ltr'><strong>illo</strong></span> <span class='ocrx_word' id='word_1_40' title='bbox 2731 594 2997 666; x_wconf 77' lang='lat' dir='ltr'><strong>quidquid</strong></span> <span class='ocrx_word' id='word_1_41' title='bbox 3021 599 3291 654; x_wconf 81' lang='lat' dir='ltr'><strong>asseritur</strong></span> <span class='ocrx_word' id='word_1_42' title='bbox 3311 614 3438 669; x_wconf 84' lang='lat' dir='ltr'><strong>per-</strong></span> <span class='ocrx_word' id='word_1_43' title='bbox 3549 654 3554 660; x_wconf 93' lang='lat'><strong>.</strong></span> 
     </span>
    </p>
   </div>
   <div class='ocr_carea' id='block_1_7' title="bbox 102 684 1748 757">
    <p class='ocr_par' dir='ltr' id='par_1_7' title="bbox 102 684 1748 757">
     <span class='ocr_line' id='line_1_7' title="bbox 102 684 1748 757; baseline 0 -19"><span class='ocrx_word' id='word_1_44' title='bbox 102 687 283 756; x_wconf 71' lang='grc' dir='ltr'>ἔχει,</span> <span class='ocrx_word' id='word_1_45' title='bbox 324 684 579 741; x_wconf 79' lang='grc' dir='ltr'>τοσαῦτα</span> <span class='ocrx_word' id='word_1_46' title='bbox 610 684 830 739; x_wconf 77' lang='grc' dir='ltr'>δύναται</span> <span class='ocrx_word' id='word_1_47' title='bbox 856 684 920 738; x_wconf 79' lang='grc' dir='ltr'>τὸ</span> <span class='ocrx_word' id='word_1_48' title='bbox 949 685 1126 756; x_wconf 83' lang='grc' dir='ltr'><strong>στόμα</strong></span> <span class='ocrx_word' id='word_1_49' title='bbox 1164 685 1368 754; x_wconf 85' lang='grc' dir='ltr'>λέγειν,</span> <span class='ocrx_word' id='word_1_50' title='bbox 1401 685 1586 757; x_wconf 85' lang='grc' dir='ltr'>μέτρῳ</span> <span class='ocrx_word' id='word_1_51' title='bbox 1613 686 1748 738; x_wconf 75' lang='grc' dir='ltr'><strong>ἁπο-</strong></span> 
     </span>
    </p>
   </div>
   <div class='ocr_carea' id='block_1_8' title="bbox 108 774 1747 848">
    <p class='ocr_par' dir='ltr' id='par_1_8' title="bbox 108 774 1747 848">
     <span class='ocr_line' id='line_1_8' title="bbox 108 774 1747 848; baseline -0.001 -19"><span class='ocrx_word' id='word_1_52' title='bbox 108 777 580 847; x_wconf 75' lang='grc' dir='ltr'>κεκλεισμένον,</span> <span class='ocrx_word' id='word_1_53' title='bbox 606 776 703 831; x_wconf 80' lang='grc' dir='ltr'>καὶ</span> <span class='ocrx_word' id='word_1_54' title='bbox 724 776 1207 847; x_wconf 62' lang='grc' dir='ltr'>συνεχόμενονποὶς</span> <span class='ocrx_word' id='word_1_55' title='bbox 1230 778 1561 848; x_wconf 79' lang='grc' dir='ltr'><strong>σωματικοῖς</strong></span> <span class='ocrx_word' id='word_1_56' title='bbox 1583 774 1747 845; x_wconf 74' lang='grc' dir='ltr'>ὁρτάσ-</span> 
     </span>
    </p>
   </div>
   <div class='ocr_carea' id='block_1_9' title="bbox 106 866 1743 939">
    <p class='ocr_par' dir='ltr' id='par_1_9' title="bbox 106 866 1743 939">
     <span class='ocr_line' id='line_1_9' title="bbox 106 866 1743 939; baseline 0.001 -20"><span class='ocrx_word' id='word_1_57' title='bbox 106 883 282 930; x_wconf 80' lang='grc' dir='ltr'>νοις.</span> <span class='ocrx_word' id='word_1_58' title='bbox 314 868 421 919; x_wconf 85' lang='grc' dir='ltr'><strong>Διὸ</strong></span> <span class='ocrx_word' id='word_1_59' title='bbox 447 867 546 920; x_wconf 75' lang='grc' dir='ltr'>καὶ</span> <span class='ocrx_word' id='word_1_60' title='bbox 583 869 956 936; x_wconf 80' lang='grc' dir='ltr'>συγγνωμονεί</span> <span class='ocrx_word' id='word_1_61' title='bbox 978 866 1113 932; x_wconf 76' lang='grc' dir='ltr'>Θεὸς</span> <span class='ocrx_word' id='word_1_62' title='bbox 1142 867 1271 938; x_wconf 83' lang='grc' dir='ltr'>παρ’</span> <span class='ocrx_word' id='word_1_63' title='bbox 1300 867 1460 939; x_wconf 82' lang='grc' dir='ltr'>ἡμῶν</span> <span class='ocrx_word' id='word_1_64' title='bbox 1488 867 1743 938; x_wconf 72' lang='grc' dir='ltr'>ἀποδεχό-</span> 
     </span>
    </p>
   </div>
   <div class='ocr_carea' id='block_1_10' title="bbox 119 956 1749 1029">
    <p class='ocr_par' dir='ltr' id='par_1_10' title="bbox 119 956 1749 1029">
     <span class='ocr_line' id='line_1_10' title="bbox 119 956 1749 1029; baseline 0 -19"><span class='ocrx_word' id='word_1_65' title='bbox 119 973 321 1028; x_wconf 76' lang='grc' dir='ltr'>μενος</span> <span class='ocrx_word' id='word_1_66' title='bbox 370 957 476 1028; x_wconf 80' lang='grc' dir='ltr'>τὴν</span> <span class='ocrx_word' id='word_1_67' title='bbox 520 957 651 1029; x_wconf 83' lang='grc' dir='ltr'>περὶ</span> <span class='ocrx_word' id='word_1_68' title='bbox 683 956 848 1011; x_wconf 83' lang='grc' dir='ltr'>αὑτοῦ</span> <span class='ocrx_word' id='word_1_69' title='bbox 887 957 1092 1027; x_wconf 79' lang='grc' dir='ltr'><strong>εἴδησιν</strong></span> <span class='ocrx_word' id='word_1_70' title='bbox 1125 957 1222 1012; x_wconf 78' lang='grc' dir='ltr'>καὶ</span> <span class='ocrx_word' id='word_1_71' title='bbox 1248 956 1576 1026; x_wconf 78' lang='grc' dir='ltr'>δοξολογίαν,</span> <span class='ocrx_word' id='word_1_72' title='bbox 1607 958 1749 1029; x_wconf 79' lang='grc' dir='ltr'><strong>ὑπὲρ</strong></span> 
     </span>
    </p>
   </div>
   <div class='ocr_carea' id='block_1_11' title="bbox 121 1047 1753 1120">
    <p class='ocr_par' dir='ltr' id='par_1_11' title="bbox 121 1047 1753 1120">
     <span class='ocr_line' id='line_1_11' title="bbox 121 1047 1753 1120; baseline 0.001 -19"><span class='ocrx_word' id='word_1_73' title='bbox 121 1050 245 1119; x_wconf 72' lang='grc' dir='ltr'>τὴν</span> <span class='ocrx_word' id='word_1_74' title='bbox 279 1048 458 1119; x_wconf 79' lang='grc' dir='ltr'>ἡμῶν</span> <span class='ocrx_word' id='word_1_75' title='bbox 489 1047 720 1119; x_wconf 86' lang='grc' dir='ltr'>δύναμιν</span> <span class='ocrx_word' id='word_1_76' title='bbox 756 1048 1239 1120; x_wconf 68' lang='grc' dir='ltr'>δπεκτεινομένην,</span> <span class='ocrx_word' id='word_1_77' title='bbox 1279 1049 1401 1118; x_wconf 75' lang='grc' dir='ltr'>οὐχὶ</span> <span class='ocrx_word' id='word_1_78' title='bbox 1438 1047 1561 1118; x_wconf 83' lang='grc' dir='ltr'>Θεῷ</span> <span class='ocrx_word' id='word_1_79' title='bbox 1592 1049 1753 1120; x_wconf 83' lang='grc' dir='ltr'>χαρί-</span> 
     </span>
    </p>
   </div>
   <div class='ocr_carea' id='block_1_12' title="bbox 130 1137 1753 1209">
    <p class='ocr_par' dir='ltr' id='par_1_12' title="bbox 130 1137 1753 1209">
     <span class='ocr_line' id='line_1_12' title="bbox 130 1137 1753 1209; baseline 0 -18"><span class='ocrx_word' id='word_1_80' title='bbox 130 1137 365 1193; x_wconf 80' lang='grc' dir='ltr'>σασθαί</span> <span class='ocrx_word' id='word_1_81' title='bbox 394 1156 475 1205; x_wconf 89' lang='grc' dir='ltr'><strong>τι,</strong></span> <span class='ocrx_word' id='word_1_82' title='bbox 514 1137 653 1192; x_wconf 84' lang='grc' dir='ltr'>ἀλλὰ</span> <span class='ocrx_word' id='word_1_83' title='bbox 688 1137 990 1208; x_wconf 79' lang='grc' dir='ltr'>δοξολογεῖν</span> <span class='ocrx_word' id='word_1_84' title='bbox 1031 1140 1094 1193; x_wconf 75' lang='grc' dir='ltr'>τὸ</span> <span class='ocrx_word' id='word_1_85' title='bbox 1136 1139 1291 1193; x_wconf 80' lang='grc' dir='ltr'>Θεῖον</span> <span class='ocrx_word' id='word_1_86' title='bbox 1330 1138 1474 1193; x_wconf 81' lang='grc' dir='ltr'>κατὰ</span> <span class='ocrx_word' id='word_1_87' title='bbox 1498 1138 1753 1209; x_wconf 83' lang='grc' dir='ltr'>δύναμιν,</span> 
     </span>
    </p>
   </div>
   <div class='ocr_carea' id='block_1_13' title="bbox 131 1212 1752 1301">
    <p class='ocr_par' dir='ltr' id='par_1_13' title="bbox 131 1212 1752 1301">
     <span class='ocr_line' id='line_1_13' title="bbox 131 1212 1752 1301; baseline 0.001 -20"><span class='ocrx_word' id='word_1_88' title='bbox 131 1230 228 1292; x_wconf 71' lang='grc' dir='ltr'>εἰς</span> <span class='ocrx_word' id='word_1_89' title='bbox 253 1229 324 1282; x_wconf 84' lang='grc' dir='ltr'>τὸ</span> <span class='ocrx_word' id='word_1_90' title='bbox 354 1228 602 1294; x_wconf 74' lang='grc' dir='ltr'>εὐσεϐῶς</span> <span class='ocrx_word' id='word_1_91' title='bbox 629 1212 918 1301; x_wconf 80' lang='grc' dir='ltr'>φρονῆσαι,</span> <span class='ocrx_word' id='word_1_92' title='bbox 949 1231 1048 1284; x_wconf 78' lang='grc' dir='ltr'>καὶ</span> <span class='ocrx_word' id='word_1_93' title='bbox 1074 1231 1149 1301; x_wconf 83' lang='grc' dir='ltr'>μὴ</span> <span class='ocrx_word' id='word_1_94' title='bbox 1176 1232 1430 1285; x_wconf 71' lang='grc' dir='ltr'>ἐκπεσεῖν</span> <span class='ocrx_word' id='word_1_95' title='bbox 1457 1229 1560 1299; x_wconf 84' lang='grc' dir='ltr'><strong>τῆς</strong></span> <span class='ocrx_word' id='word_1_96' title='bbox 1583 1229 1752 1283; x_wconf 81' lang='grc' dir='ltr'>αὐτοῦ</span> 
     </span>
    </p>
   </div>
   <div class='ocr_carea' id='block_1_14' title="bbox 125 1317 1753 1392">
    <p class='ocr_par' dir='ltr' id='par_1_14' title="bbox 125 1317 1753 1392">
     <span class='ocr_line' id='line_1_14' title="bbox 125 1317 1753 1392; baseline -0.001 -19"><span class='ocrx_word' id='word_1_97' title='bbox 125 1320 395 1391; x_wconf 78' lang='grc' dir='ltr'>χάριτος</span> <span class='ocrx_word' id='word_1_98' title='bbox 442 1319 540 1374; x_wconf 77' lang='grc' dir='ltr'>καὶ</span> <span class='ocrx_word' id='word_1_99' title='bbox 590 1319 873 1392; x_wconf 80' lang='grc' dir='ltr'>ἀληθείας.</span> <span class='ocrx_word' id='word_1_100' title='bbox 910 1320 1104 1375; x_wconf 77' lang='grc' dir='ltr'>Ταῦτα</span> <span class='ocrx_word' id='word_1_101' title='bbox 1154 1320 1213 1374; x_wconf 81' lang='grc' dir='ltr'>δὲ</span> <span class='ocrx_word' id='word_1_102' title='bbox 1264 1321 1395 1392; x_wconf 78' lang='grc' dir='ltr'>περὶ</span> <span class='ocrx_word' id='word_1_103' title='bbox 1436 1319 1535 1375; x_wconf 82' lang='grc' dir='ltr'>τοῦ</span> <span class='ocrx_word' id='word_1_104' title='bbox 1585 1317 1753 1373; x_wconf 78' lang='grc' dir='ltr'>αὐτοῦ</span> 
     </span>
    </p>
   </div>
   <div class='ocr_carea' id='block_1_15' title="bbox 127 1408 1753 1482">
    <p class='ocr_par' dir='ltr' id='par_1_15' title="bbox 127 1408 1753 1482">
     <span class='ocr_line' id='line_1_15' title="bbox 127 1408 1753 1482; baseline -0.002 -17"><span class='ocrx_word' id='word_1_105' title='bbox 127 1411 360 1466; x_wconf 78' lang='grc' dir='ltr'>Αὑδίου</span> <span class='ocrx_word' id='word_1_106' title='bbox 415 1413 510 1466; x_wconf 81' lang='grc' dir='ltr'>καὶ</span> <span class='ocrx_word' id='word_1_107' title='bbox 556 1411 668 1466; x_wconf 84' lang='grc' dir='ltr'><strong>τῶν</strong></span> <span class='ocrx_word' id='word_1_108' title='bbox 727 1410 1004 1466; x_wconf 81' lang='grc' dir='ltr'>Δὺδιανῶν</span> <span class='ocrx_word' id='word_1_109' title='bbox 1054 1410 1514 1482; x_wconf 78' lang='grc' dir='ltr'>διαλαμϐάνοντες</span> <span class='ocrx_word' id='word_1_110' title='bbox 1532 1447 1550 1475; x_wconf 89' lang='grc'><strong>,</strong></span> <span class='ocrx_word' id='word_1_111' title='bbox 1606 1408 1753 1475; x_wconf 56' lang='grc' dir='ltr'>ἐξείη</span> 
     </span>
    </p>
   </div>
   <div class='ocr_carea' id='block_1_16' title="bbox 134 1496 1750 1575">
    <p class='ocr_par' dir='ltr' id='par_1_16' title="bbox 134 1496 1750 1575">
     <span class='ocr_line' id='line_1_16' title="bbox 134 1496 1750 1575; baseline -0.001 -19"><span class='ocrx_word' id='word_1_112' title='bbox 134 1521 341 1575; x_wconf 80' lang='grc' dir='ltr'>πομεν</span> <span class='ocrx_word' id='word_1_113' title='bbox 361 1504 434 1558; x_wconf 83' lang='grc' dir='ltr'><strong>τὰ</strong></span> <span class='ocrx_word' id='word_1_114' title='bbox 464 1505 556 1558; x_wconf 80' lang='grc' dir='ltr'><strong>ὑπ’</strong></span> <span class='ocrx_word' id='word_1_115' title='bbox 579 1502 761 1558; x_wconf 79' lang='grc' dir='ltr'>αὐτῶν</span> <span class='ocrx_word' id='word_1_116' title='bbox 789 1502 1056 1573; x_wconf 78' lang='grc' dir='ltr'>λεγόμενα</span> <span class='ocrx_word' id='word_1_117' title='bbox 1073 1519 1087 1533; x_wconf 92' lang='grc'>·</span> <span class='ocrx_word' id='word_1_118' title='bbox 1115 1496 1197 1566; x_wconf 81' lang='grc' dir='ltr'>οἷς</span> <span class='ocrx_word' id='word_1_119' title='bbox 1225 1500 1366 1556; x_wconf 80' lang='grc' dir='ltr'>κατὰ</span> <span class='ocrx_word' id='word_1_120' title='bbox 1397 1502 1457 1554; x_wconf 81' lang='grc' dir='ltr'>τὸ</span> <span class='ocrx_word' id='word_1_121' title='bbox 1484 1501 1750 1555; x_wconf 73' lang='grc' dir='ltr'>ἰδιωτικὸν</span> 
     </span>
    </p>
   </div>
   <div class='ocr_carea' id='block_1_17' title="bbox 130 1590 1748 1665">
    <p class='ocr_par' dir='ltr' id='par_1_17' title="bbox 130 1590 1748 1665">
     <span class='ocr_line' id='line_1_17' title="bbox 130 1590 1748 1665; baseline -0.002 -18"><span class='ocrx_word' id='word_1_122' title='bbox 130 1595 247 1647; x_wconf 73' lang='grc' dir='ltr'>καὶ</span> <span class='ocrx_word' id='word_1_123' title='bbox 300 1594 472 1649; x_wconf 70' lang='grc' dir='ltr'>αὐτοὶ</span> <span class='ocrx_word' id='word_1_124' title='bbox 498 1592 885 1665; x_wconf 79' lang='grc' dir='ltr'>διηγούμενοι,</span> <span class='ocrx_word' id='word_1_125' title='bbox 916 1592 1010 1646; x_wconf 80' lang='grc' dir='ltr'>καὶ</span> <span class='ocrx_word' id='word_1_126' title='bbox 1067 1590 1212 1645; x_wconf 82' lang='grc' dir='ltr'>κατὰ</span> <span class='ocrx_word' id='word_1_127' title='bbox 1249 1591 1312 1644; x_wconf 81' lang='grc' dir='ltr'>τὸ</span> <span class='ocrx_word' id='word_1_128' title='bbox 1360 1590 1660 1661; x_wconf 83' lang='grc' dir='ltr'>φιλόνεικον</span> <span class='ocrx_word' id='word_1_129' title='bbox 1689 1592 1748 1644; x_wconf 84' lang='grc' dir='ltr'>ὲν</span> 
     </span>
    </p>
   </div>
   <div class='ocr_carea' id='block_1_18' title="bbox 1851 1590 3432 1665">
    <p class='ocr_par' dir='ltr' id='par_1_18' title="bbox 1853 1592 3432 1664">
     <span class='ocr_line' id='line_1_18' title="bbox 1853 1592 3432 1664; baseline 0.005 -19"><span class='ocrx_word' id='word_1_130' title='bbox 1853 1606 2111 1648; x_wconf 83' lang='lat' dir='ltr'><strong>mensura</strong></span> <span class='ocrx_word' id='word_1_131' title='bbox 2153 1592 2242 1649; x_wconf 87' lang='lat' dir='ltr'><strong>illa</strong></span> <span class='ocrx_word' id='word_1_132' title='bbox 2286 1601 2592 1659; x_wconf 70' lang='lat' dir='ltr'><strong>coercetur,</strong></span> <span class='ocrx_word' id='word_1_133' title='bbox 2630 1603 2686 1648; x_wconf 89' lang='lat' dir='ltr'><strong>et</strong></span> <span class='ocrx_word' id='word_1_134' title='bbox 2727 1594 3006 1664; x_wconf 85' lang='lat' dir='ltr'><strong>corporeis</strong></span> <span class='ocrx_word' id='word_1_135' title='bbox 3051 1593 3432 1653; x_wconf 83' lang='lat' dir='ltr'><strong>instrumentis</strong></span> 
     </span>
    </p>
   </div>
   <div class='ocr_carea' id='block_1_19' title="bbox 133 1682 1748 1756">
    <p class='ocr_par' dir='ltr' id='par_1_19' title="bbox 133 1682 1515 1756">
     <span class='ocr_line' id='line_1_19' title="bbox 133 1682 1515 1756; baseline -0.003 -18"><span class='ocrx_word' id='word_1_136' title='bbox 133 1684 379 1748; x_wconf 79' lang='grc' dir='ltr'><strong>τούτοις</strong></span> <span class='ocrx_word' id='word_1_137' title='bbox 406 1685 743 1756; x_wconf 75' lang='grc' dir='ltr'><strong>ἀντέχονται,</strong></span> <span class='ocrx_word' id='word_1_138' title='bbox 769 1682 1034 1754; x_wconf 75' lang='grc' dir='ltr'><strong>ἀπρεπῶς</strong></span> <span class='ocrx_word' id='word_1_139' title='bbox 1060 1682 1515 1753; x_wconf 78' lang='grc' dir='ltr'><strong>διισχυριζόμενοι</strong></span> 
     </span>
    </p>
   </div>
   <div class='ocr_carea' id='block_1_20' title="bbox 1851 1682 3431 1756">
    <p class='ocr_par' dir='ltr' id='par_1_20' title="bbox 1856 1684 3431 1752">
     <span class='ocr_line' id='line_1_20' title="bbox 1856 1684 3431 1752; baseline 0.006 -15"><span class='ocrx_word' id='word_1_140' title='bbox 1856 1684 2074 1745; x_wconf 75' lang='lat' dir='ltr'><strong>aliixum</strong></span> <span class='ocrx_word' id='word_1_141' title='bbox 2107 1692 2349 1741; x_wconf 79' lang='lat' dir='ltr'><strong>tenetur.</strong></span> <span class='ocrx_word' id='word_1_142' title='bbox 2377 1684 2650 1752; x_wconf 85' lang='lat' dir='ltr'><strong>Quocirca</strong></span> <span class='ocrx_word' id='word_1_143' title='bbox 2671 1687 3030 1743; x_wconf 88' lang='lat' dir='ltr'><strong>imbecillitati</strong></span> <span class='ocrx_word' id='word_1_144' title='bbox 3055 1697 3259 1744; x_wconf 65' lang='lat' dir='ltr'><strong>nostra</strong></span> <span class='ocrx_word' id='word_1_145' title='bbox 3284 1688 3431 1747; x_wconf 88' lang='lat' dir='ltr'><strong>Deus</strong></span> 
     </span>
    </p>
   </div>
   <div class='ocr_carea' id='block_1_21' title="bbox 139 1774 3428 1849">
    <p class='ocr_par' dir='ltr' id='par_1_21' title="bbox 139 1774 3428 1849">
     <span class='ocr_line' id='line_1_21' title="bbox 139 1774 3428 1849; baseline 0.002 -20"><span class='ocrx_word' id='word_1_146' title='bbox 139 1774 483 1847; x_wconf 76' lang='lat' dir='ltr'><strong>indulgens,</strong></span> <span class='ocrx_word' id='word_1_147' title='bbox 514 1791 677 1846; x_wconf 88' lang='lat' dir='ltr'><strong>quam</strong></span> <span class='ocrx_word' id='word_1_148' title='bbox 719 1775 790 1831; x_wconf 93' lang='lat' dir='ltr'><strong>de</strong></span> <span class='ocrx_word' id='word_1_149' title='bbox 819 1775 942 1845; x_wconf 85' lang='lat' dir='ltr'><strong>ipso</strong></span> <span class='ocrx_word' id='word_1_150' title='bbox 969 1774 1219 1831; x_wconf 85' lang='lat' dir='ltr'><strong>uetitiam</strong></span> <span class='ocrx_word' id='word_1_151' title='bbox 1281 1775 1662 1845; x_wconf 84' lang='lat' dir='ltr'><strong>adipiscimur,</strong></span> <span class='ocrx_word' id='word_1_152' title='bbox 1704 1789 1772 1831; x_wconf 89' lang='lat' dir='ltr'><strong>ac</strong></span> <span class='ocrx_word' id='word_1_153' title='bbox 1834 1776 2065 1846; x_wconf 81' lang='lat' dir='ltr'><strong>gloriam</strong></span> <span class='ocrx_word' id='word_1_154' title='bbox 2114 1776 2446 1845; x_wconf 69' lang='lat' dir='ltr'><strong>deferimus,</strong></span> <span class='ocrx_word' id='word_1_155' title='bbox 2498 1778 2642 1849; x_wconf 75' lang='lat' dir='ltr'><strong>aequi</strong></span> <span class='ocrx_word' id='word_1_156' title='bbox 2698 1778 2941 1849; x_wconf 87' lang='lat' dir='ltr'><strong>bonique</strong></span> <span class='ocrx_word' id='word_1_157' title='bbox 2989 1781 3253 1847; x_wconf 88' lang='lat' dir='ltr'><strong>consulit,</strong></span> <span class='ocrx_word' id='word_1_158' title='bbox 3298 1780 3428 1836; x_wconf 92' lang='lat' dir='ltr'><strong>dum</strong></span> 
     </span>
    </p>
   </div>
   <div class='ocr_carea' id='block_1_22' title="bbox 140 1868 3434 1946">
    <p class='ocr_par' dir='ltr' id='par_1_22' title="bbox 140 1868 3434 1946">
     <span class='ocr_line' id='line_1_22' title="bbox 140 1868 3434 1946; baseline 0.003 -25"><span class='ocrx_word' id='word_1_159' title='bbox 140 1869 312 1923; x_wconf 77' lang='lat' dir='ltr'><strong>illam</strong></span> <span class='ocrx_word' id='word_1_160' title='bbox 337 1868 508 1924; x_wconf 86' lang='lat' dir='ltr'><strong>etiam</strong></span> <span class='ocrx_word' id='word_1_161' title='bbox 543 1883 709 1939; x_wconf 84' lang='lat' dir='ltr'><strong>supra</strong></span> <span class='ocrx_word' id='word_1_162' title='bbox 735 1869 935 1924; x_wconf 81' lang='lat' dir='ltr'><strong>virium</strong></span> <span class='ocrx_word' id='word_1_163' title='bbox 963 1876 1279 1924; x_wconf 82' lang='lat' dir='ltr'><strong>nostrarum</strong></span> <span class='ocrx_word' id='word_1_164' title='bbox 1304 1876 1527 1939; x_wconf 79' lang='lat' dir='ltr'><strong>captum</strong></span> <span class='ocrx_word' id='word_1_165' title='bbox 1557 1868 1927 1934; x_wconf 81' lang='lat' dir='ltr'><strong>extendimus.</strong></span> <span class='ocrx_word' id='word_1_166' title='bbox 1956 1887 2074 1928; x_wconf 86' lang='lat' dir='ltr'><strong>non</strong></span> <span class='ocrx_word' id='word_1_167' title='bbox 2113 1880 2176 1927; x_wconf 89' lang='lat' dir='ltr'><strong>ut</strong></span> <span class='ocrx_word' id='word_1_168' title='bbox 2219 1874 2330 1927; x_wconf 85' lang='lat' dir='ltr'><strong>ulla</strong></span> <span class='ocrx_word' id='word_1_169' title='bbox 2377 1873 2435 1928; x_wconf 91' lang='lat' dir='ltr'><strong>in</strong></span> <span class='ocrx_word' id='word_1_170' title='bbox 2491 1888 2555 1929; x_wconf 86' lang='lat' dir='ltr'><strong>re</strong></span> <span class='ocrx_word' id='word_1_171' title='bbox 2612 1872 2725 1928; x_wconf 89' lang='lat' dir='ltr'><strong>Deo</strong></span> <span class='ocrx_word' id='word_1_172' title='bbox 2783 1874 3176 1946; x_wconf 82' lang='lat' dir='ltr'><strong>gratiﬁcemur,</strong></span> <span class='ocrx_word' id='word_1_173' title='bbox 3219 1875 3312 1931; x_wconf 90' lang='lat' dir='ltr'><strong>sed</strong></span> <span class='ocrx_word' id='word_1_174' title='bbox 3372 1884 3434 1931; x_wconf 92' lang='lat' dir='ltr'><strong>ut</strong></span> 
     </span>
    </p>
   </div>
   <div class='ocr_carea' id='block_1_23' title="bbox 142 1961 3430 2041">
    <p class='ocr_par' dir='ltr' id='par_1_23' title="bbox 142 1961 3430 2041">
     <span class='ocr_line' id='line_1_23' title="bbox 142 1961 3430 2041; baseline 0.003 -27"><span class='ocrx_word' id='word_1_175' title='bbox 142 1961 317 2017; x_wconf 76' lang='lat' dir='ltr'><strong>illum</strong></span> <span class='ocrx_word' id='word_1_176' title='bbox 342 1963 531 2032; x_wconf 81' lang='lat' dir='ltr'><strong>quoad</strong></span> <span class='ocrx_word' id='word_1_177' title='bbox 560 1963 729 2018; x_wconf 87' lang='lat' dir='ltr'><strong>situm</strong></span> <span class='ocrx_word' id='word_1_178' title='bbox 762 1963 817 2018; x_wconf 93' lang='lat' dir='ltr'><strong>in</strong></span> <span class='ocrx_word' id='word_1_179' title='bbox 845 1963 1009 2020; x_wconf 87' lang='lat' dir='ltr'><strong>nobis</strong></span> <span class='ocrx_word' id='word_1_180' title='bbox 1034 1973 1140 2029; x_wconf 88' lang='lat' dir='ltr'><strong>est,</strong></span> <span class='ocrx_word' id='word_1_181' title='bbox 1166 1964 1326 2020; x_wconf 88' lang='lat' dir='ltr'><strong>laude</strong></span> <span class='ocrx_word' id='word_1_182' title='bbox 1363 1964 1728 2031; x_wconf 84' lang='lat' dir='ltr'><strong>celebremus,</strong></span> <span class='ocrx_word' id='word_1_183' title='bbox 1762 1973 1825 2020; x_wconf 90' lang='lat' dir='ltr'><strong>ut</strong></span> <span class='ocrx_word' id='word_1_184' title='bbox 1861 1974 1917 2022; x_wconf 84' lang='lat' dir='ltr'><strong>et</strong></span> <span class='ocrx_word' id='word_1_185' title='bbox 1943 1974 2014 2022; x_wconf 84' lang='lat' dir='ltr'><strong>de</strong></span> <span class='ocrx_word' id='word_1_186' title='bbox 2044 1969 2139 2023; x_wconf 92' lang='lat' dir='ltr'><strong>illo</strong></span> <span class='ocrx_word' id='word_1_187' title='bbox 2172 1968 2428 2039; x_wconf 72' lang='lat' dir='ltr'><strong>religiose</strong></span> <span class='ocrx_word' id='word_1_188' title='bbox 2466 1969 2792 2034; x_wconf 81' lang='lat' dir='ltr'><strong>sentiamus,</strong></span> <span class='ocrx_word' id='word_1_189' title='bbox 2823 1976 2880 2024; x_wconf 89' lang='lat' dir='ltr'><strong>et</strong></span> <span class='ocrx_word' id='word_1_190' title='bbox 2953 1970 3024 2026; x_wconf 88' lang='lat' dir='ltr'><strong>ab</strong></span> <span class='ocrx_word' id='word_1_191' title='bbox 3077 1970 3200 2040; x_wconf 83' lang='lat' dir='ltr'><strong>ejus</strong></span> <span class='ocrx_word' id='word_1_192' title='bbox 3255 1972 3430 2041; x_wconf 83' lang='lat' dir='ltr'><strong>gratia</strong></span> 
     </span>
    </p>
   </div>
   <div class='ocr_carea' id='block_1_24' title="bbox 139 2053 3433 2132">
    <p class='ocr_par' dir='ltr' id='par_1_24' title="bbox 139 2053 3433 2132">
     <span class='ocr_line' id='line_1_24' title="bbox 139 2053 3433 2132; baseline 0.003 -26"><span class='ocrx_word' id='word_1_193' title='bbox 139 2062 203 2106; x_wconf 85' lang='lat' dir='ltr'><strong>et</strong></span> <span class='ocrx_word' id='word_1_194' title='bbox 250 2055 500 2110; x_wconf 73' lang='lat' dir='ltr'><strong>veritate</strong></span> <span class='ocrx_word' id='word_1_195' title='bbox 542 2069 654 2110; x_wconf 90' lang='lat' dir='ltr'><strong>non</strong></span> <span class='ocrx_word' id='word_1_196' title='bbox 709 2055 1050 2111; x_wconf 70' lang='lat' dir='ltr'><strong>excidemus.</strong></span> <span class='ocrx_word' id='word_1_197' title='bbox 1099 2053 1280 2127; x_wconf 79' lang='lat' dir='ltr'><strong>Atque</strong></span> <span class='ocrx_word' id='word_1_198' title='bbox 1322 2056 1439 2111; x_wconf 62' lang='lat' dir='ltr'><strong>hac</strong></span> <span class='ocrx_word' id='word_1_199' title='bbox 1483 2055 1753 2113; x_wconf 77' lang='lat' dir='ltr'><strong>adversus</strong></span> <span class='ocrx_word' id='word_1_200' title='bbox 1785 2059 2024 2114; x_wconf 82' lang='lat' dir='ltr'><strong>Andium</strong></span> <span class='ocrx_word' id='word_1_201' title='bbox 2052 2062 2445 2131; x_wconf 81' lang='lat' dir='ltr'><strong>Audianosque</strong></span> <span class='ocrx_word' id='word_1_202' title='bbox 2497 2061 2863 2131; x_wconf 73' lang='lat' dir='ltr'><strong>disputantes,</strong></span> <span class='ocrx_word' id='word_1_203' title='bbox 2921 2063 3138 2116; x_wconf 85' lang='lat' dir='ltr'><strong>illorum</strong></span> <span class='ocrx_word' id='word_1_204' title='bbox 3175 2062 3433 2132; x_wconf 76' lang='lat' dir='ltr'><strong>dogmata</strong></span> 
     </span>
    </p>
   </div>
   <div class='ocr_carea' id='block_1_25' title="bbox 143 2146 3302 2222">
    <p class='ocr_par' dir='ltr' id='par_1_25' title="bbox 143 2146 3302 2222">
     <span class='ocr_line' id='line_1_25' title="bbox 143 2146 3302 2222; baseline 0.002 -22"><span class='ocrx_word' id='word_1_205' title='bbox 143 2147 595 2215; x_wconf 78' lang='lat' dir='ltr'><strong>proposuimus,</strong></span> <span class='ocrx_word' id='word_1_206' title='bbox 630 2160 756 2215; x_wconf 63' lang='lat' dir='ltr'><strong>qua:</strong></span> <span class='ocrx_word' id='word_1_207' title='bbox 795 2146 1117 2217; x_wconf 86' lang='lat' dir='ltr'><strong>simpliciori</strong></span> <span class='ocrx_word' id='word_1_208' title='bbox 1149 2146 1383 2218; x_wconf 89' lang='lat' dir='ltr'><strong>quadam</strong></span> <span class='ocrx_word' id='word_1_209' title='bbox 1428 2149 1643 2204; x_wconf 82' lang='lat' dir='ltr'><strong>ratione</strong></span> <span class='ocrx_word' id='word_1_210' title='bbox 1685 2163 1753 2205; x_wconf 87' lang='lat' dir='ltr'><strong>ac</strong></span> <span class='ocrx_word' id='word_1_211' title='bbox 1789 2152 2060 2221; x_wconf 84' lang='lat' dir='ltr'><strong>pertinaci</strong></span> <span class='ocrx_word' id='word_1_212' title='bbox 2083 2152 2456 2209; x_wconf 82' lang='lat' dir='ltr'><strong>contentionis</strong></span> <span class='ocrx_word' id='word_1_213' title='bbox 2483 2151 2670 2207; x_wconf 83' lang='lat' dir='ltr'><strong>studio</strong></span> <span class='ocrx_word' id='word_1_214' title='bbox 2700 2151 2937 2222; x_wconf 84' lang='lat' dir='ltr'><strong>turpiter</strong></span> <span class='ocrx_word' id='word_1_215' title='bbox 2958 2161 3302 2208; x_wconf 77' lang='lat' dir='ltr'><strong>asseverant.</strong></span> 
     </span>
    </p>
   </div>
   <div class='ocr_carea' id='block_1_26' title="bbox 221 2258 1748 2342">
    <p class='ocr_par' dir='ltr' id='par_1_26' title="bbox 221 2258 1744 2333">
     <span class='ocr_line' id='line_1_26' title="bbox 221 2258 1744 2333; baseline 0.002 -20"><span class='ocrx_word' id='word_1_216' title='bbox 221 2259 307 2313; x_wconf 78' lang='lat'><strong>6&#39;.</strong></span> <span class='ocrx_word' id='word_1_217' title='bbox 350 2258 580 2332; x_wconf 79' lang='grc' dir='ltr'>Ἔχουσι</span> <span class='ocrx_word' id='word_1_218' title='bbox 611 2260 669 2313; x_wconf 81' lang='grc' dir='ltr'>δὲ</span> <span class='ocrx_word' id='word_1_219' title='bbox 716 2259 811 2313; x_wconf 77' lang='grc' dir='ltr'>καὶ</span> <span class='ocrx_word' id='word_1_220' title='bbox 859 2260 994 2315; x_wconf 75' lang='grc' dir='ltr'>ἄλλα</span> <span class='ocrx_word' id='word_1_221' title='bbox 1029 2260 1170 2328; x_wconf 83' lang='grc' dir='ltr'>τινὰ,</span> <span class='ocrx_word' id='word_1_222' title='bbox 1219 2260 1289 2313; x_wconf 83' lang='grc' dir='ltr'><strong>δι’</strong></span> <span class='ocrx_word' id='word_1_223' title='bbox 1317 2260 1462 2333; x_wconf 75' lang='grc' dir='ltr'>ἅπερ</span> <span class='ocrx_word' id='word_1_224' title='bbox 1509 2260 1744 2333; x_wconf 86' lang='grc' dir='ltr'>μάλιστα</span> 
     </span>
    </p>
   </div>
   <div class='ocr_carea' id='block_1_27' title="bbox 1851 2258 3432 2342">
    <p class='ocr_par' dir='ltr' id='par_1_27' title="bbox 1913 2260 3432 2332">
     <span class='ocr_line' id='line_1_27' title="bbox 1913 2260 3432 2332; baseline 0 -16"><span class='ocrx_word' id='word_1_225' title='bbox 1913 2261 2004 2318; x_wconf 81' lang='grc' dir='ltr'><strong>ΙΧ.</strong></span> <span class='ocrx_word' id='word_1_226' title='bbox 2048 2261 2259 2320; x_wconf 81' lang='lat' dir='ltr'><strong>Habent</strong></span> <span class='ocrx_word' id='word_1_227' title='bbox 2295 2277 2427 2318; x_wconf 79' lang='lat' dir='ltr'><strong>vero</strong></span> <span class='ocrx_word' id='word_1_228' title='bbox 2450 2268 2506 2317; x_wconf 89' lang='lat' dir='ltr'><strong>et</strong></span> <span class='ocrx_word' id='word_1_229' title='bbox 2533 2261 2639 2316; x_wconf 86' lang='lat' dir='ltr'><strong>alia</strong></span> <span class='ocrx_word' id='word_1_230' title='bbox 2668 2261 2973 2331; x_wconf 87' lang='lat' dir='ltr'><strong>complura,</strong></span> <span class='ocrx_word' id='word_1_231' title='bbox 3007 2260 3210 2330; x_wconf 88' lang='lat' dir='ltr'><strong>quibus</strong></span> <span class='ocrx_word' id='word_1_232' title='bbox 3250 2262 3432 2332; x_wconf 82' lang='lat' dir='ltr'><strong>potis-</strong></span> 
     </span>
    </p>
   </div>
   <div class='ocr_carea' id='block_1_28' title="bbox 147 2351 1748 2424">
    <p class='ocr_par' dir='ltr' id='par_1_28' title="bbox 147 2351 1748 2423">
     <span class='ocr_line' id='line_1_28' title="bbox 147 2351 1748 2423; baseline -0.001 -17"><span class='ocrx_word' id='word_1_233' title='bbox 147 2352 419 2406; x_wconf 83' lang='grc' dir='ltr'>ῐστανται</span> <span class='ocrx_word' id='word_1_234' title='bbox 447 2351 831 2423; x_wconf 87' lang='grc' dir='ltr'>περισσότερον</span> <span class='ocrx_word' id='word_1_235' title='bbox 858 2352 959 2421; x_wconf 83' lang='grc' dir='ltr'>τὴν</span> <span class='ocrx_word' id='word_1_236' title='bbox 984 2352 1249 2421; x_wconf 75' lang='grc' dir='ltr'>διαίρεσιν</span> <span class='ocrx_word' id='word_1_237' title='bbox 1269 2351 1624 2423; x_wconf 67' lang='grc' dir='ltr'><strong>⁸τινοιησάμενοι</strong></span> <span class='ocrx_word' id='word_1_238' title='bbox 1648 2351 1748 2423; x_wconf 87' lang='grc' dir='ltr'><strong>τῆς</strong></span> 
     </span>
    </p>
   </div>
   <div class='ocr_carea' id='block_1_29' title="bbox 1851 2351 3431 2424">
    <p class='ocr_par' dir='ltr' id='par_1_29' title="bbox 1856 2352 3431 2424">
     <span class='ocr_line' id='line_1_29' title="bbox 1856 2352 3431 2424; baseline -0.001 -13"><span class='ocrx_word' id='word_1_239' title='bbox 1856 2356 2055 2411; x_wconf 90' lang='lat' dir='ltr'><strong>simum</strong></span> <span class='ocrx_word' id='word_1_240' title='bbox 2099 2356 2389 2421; x_wconf 88' lang='lat' dir='ltr'><strong>nituntur,</strong></span> <span class='ocrx_word' id='word_1_241' title='bbox 2438 2368 2610 2424; x_wconf 86' lang='lat' dir='ltr'><strong>seque</strong></span> <span class='ocrx_word' id='word_1_242' title='bbox 2638 2353 2706 2409; x_wconf 89' lang='lat' dir='ltr'><strong>ab</strong></span> <span class='ocrx_word' id='word_1_243' title='bbox 2743 2352 2999 2408; x_wconf 64' lang='lat' dir='ltr'><strong>Ecclesiae</strong></span> <span class='ocrx_word' id='word_1_244' title='bbox 3040 2354 3431 2423; x_wconf 85' lang='lat' dir='ltr'><strong>conjunctione</strong></span> 
     </span>
    </p>
   </div>
   <div class='ocr_carea' id='block_1_30' title="bbox 158 2436 1748 2519">
    <p class='ocr_par' dir='ltr' id='par_1_30' title="bbox 158 2436 1748 2515">
     <span class='ocr_line' id='line_1_30' title="bbox 158 2436 1748 2515; baseline 0 -20"><span class='ocrx_word' id='word_1_245' title='bbox 158 2441 531 2511; x_wconf 81' lang='grc' dir='ltr'>Ἐκκλησίας,</span> <span class='ocrx_word' id='word_1_246' title='bbox 562 2442 630 2495; x_wconf 82' lang='grc' dir='ltr'>δι’</span> <span class='ocrx_word' id='word_1_247' title='bbox 670 2436 739 2514; x_wconf 85' lang='grc' dir='ltr'>ἧς</span> <span class='ocrx_word' id='word_1_248' title='bbox 780 2442 877 2496; x_wconf 76' lang='grc' dir='ltr'>καὶ</span> <span class='ocrx_word' id='word_1_249' title='bbox 906 2440 1103 2507; x_wconf 77' lang='grc' dir='ltr'>ἄλλους</span> <span class='ocrx_word' id='word_1_250' title='bbox 1146 2441 1450 2515; x_wconf 83' lang='grc' dir='ltr'>πτύραντες</span> <span class='ocrx_word' id='word_1_251' title='bbox 1488 2443 1748 2508; x_wconf 83' lang='grc' dir='ltr'>πολλάκις</span> 
     </span>
    </p>
   </div>
   <div class='ocr_carea' id='block_1_31' title="bbox 1851 2436 3428 2519">
    <p class='ocr_par' dir='ltr' id='par_1_31' title="bbox 1854 2445 3428 2519">
     <span class='ocr_line' id='line_1_31' title="bbox 1854 2445 3428 2519; baseline -0.004 -16"><span class='ocrx_word' id='word_1_252' title='bbox 1854 2454 2228 2519; x_wconf 77' lang='lat' dir='ltr'><strong>scgregarunt,</strong></span> <span class='ocrx_word' id='word_1_253' title='bbox 2269 2446 2471 2517; x_wconf 84' lang='lat' dir='ltr'><strong>quibus</strong></span> <span class='ocrx_word' id='word_1_254' title='bbox 2508 2453 2562 2501; x_wconf 92' lang='lat' dir='ltr'><strong>et</strong></span> <span class='ocrx_word' id='word_1_255' title='bbox 2606 2445 2743 2500; x_wconf 82' lang='lat' dir='ltr'><strong>alios</strong></span> <span class='ocrx_word' id='word_1_256' title='bbox 2782 2445 3104 2515; x_wconf 89' lang='lat' dir='ltr'><strong>plerumque</strong></span> <span class='ocrx_word' id='word_1_257' title='bbox 3132 2445 3428 2499; x_wconf 86' lang='lat' dir='ltr'><strong>conturba-</strong></span> 
     </span>
    </p>
   </div>
   <div class='ocr_carea' id='block_1_32' title="bbox 149 2531 1748 2607">
    <p class='ocr_par' dir='ltr' id='par_1_32' title="bbox 149 2531 1743 2605">
     <span class='ocr_line' id='line_1_32' title="bbox 149 2531 1743 2605; baseline 0 -19"><span class='ocrx_word' id='word_1_258' title='bbox 149 2531 525 2586; x_wconf 74' lang='grc' dir='ltr'><strong>ἀνθέλκουσιν</strong></span> <span class='ocrx_word' id='word_1_259' title='bbox 569 2532 680 2586; x_wconf 75' lang='grc' dir='ltr'>άπὸ</span> <span class='ocrx_word' id='word_1_260' title='bbox 729 2532 834 2603; x_wconf 87' lang='grc' dir='ltr'><strong>τῆς</strong></span> <span class='ocrx_word' id='word_1_261' title='bbox 881 2531 1240 2602; x_wconf 85' lang='grc' dir='ltr'>Ἐκκλησίας,</span> <span class='ocrx_word' id='word_1_262' title='bbox 1306 2532 1743 2605; x_wconf 75' lang='grc' dir='ltr'>παρελκύσαντες</span> 
     </span>
    </p>
   </div>
   <div class='ocr_carea' id='block_1_33' title="bbox 1851 2531 3430 2607">
    <p class='ocr_par' dir='ltr' id='par_1_33' title="bbox 1854 2536 3430 2607">
     <span class='ocr_line' id='line_1_33' title="bbox 1854 2536 3430 2607; baseline -0.002 -13"><span class='ocrx_word' id='word_1_263' title='bbox 1854 2546 1942 2594; x_wconf 85' lang='lat' dir='ltr'><strong>tos</strong></span> <span class='ocrx_word' id='word_1_264' title='bbox 1982 2541 2051 2594; x_wconf 89' lang='lat' dir='ltr'><strong>ab</strong></span> <span class='ocrx_word' id='word_1_265' title='bbox 2087 2540 2276 2594; x_wconf 87' lang='lat' dir='ltr'><strong>eadem</strong></span> <span class='ocrx_word' id='word_1_266' title='bbox 2326 2537 2566 2593; x_wconf 87' lang='lat' dir='ltr'><strong>Ecclesia</strong></span> <span class='ocrx_word' id='word_1_267' title='bbox 2599 2536 2887 2601; x_wconf 82' lang='lat' dir='ltr'><strong>divellunt,</strong></span> <span class='ocrx_word' id='word_1_268' title='bbox 2936 2537 3221 2607; x_wconf 87' lang='lat' dir='ltr'><strong>utriusque</strong></span> <span class='ocrx_word' id='word_1_269' title='bbox 3262 2551 3430 2592; x_wconf 79' lang='lat' dir='ltr'><strong>sexus</strong></span> 
     </span>
    </p>
   </div>
   <div class='ocr_carea' id='block_1_34' title="bbox 149 2616 1748 2697">
    <p class='ocr_par' dir='ltr' id='par_1_34' title="bbox 149 2624 1748 2697">
     <span class='ocr_line' id='line_1_34' title="bbox 149 2624 1748 2697; baseline -0.001 -18"><span class='ocrx_word' id='word_1_270' title='bbox 149 2625 371 2696; x_wconf 77' lang='grc' dir='ltr'>ἀνδρας</span> <span class='ocrx_word' id='word_1_271' title='bbox 416 2641 479 2678; x_wconf 82' lang='grc' dir='ltr'><strong>τε</strong></span> <span class='ocrx_word' id='word_1_272' title='bbox 511 2626 607 2679; x_wconf 80' lang='grc' dir='ltr'>καὶ</span> <span class='ocrx_word' id='word_1_273' title='bbox 637 2627 922 2695; x_wconf 78' lang='grc' dir='ltr'>γυναῖκας.</span> <span class='ocrx_word' id='word_1_274' title='bbox 969 2625 1126 2680; x_wconf 84' lang='grc' dir='ltr'><strong>Μετὰ</strong></span> <span class='ocrx_word' id='word_1_275' title='bbox 1154 2624 1266 2697; x_wconf 83' lang='grc' dir='ltr'>γάρ</span> <span class='ocrx_word' id='word_1_276' title='bbox 1304 2624 1573 2681; x_wconf 76' lang='grc' dir='ltr'><strong>Ἰουδαίων</strong></span> <span class='ocrx_word' id='word_1_277' title='bbox 1621 2624 1748 2696; x_wconf 83' lang='grc' dir='ltr'><strong>βού-</strong></span> 
     </span>
    </p>
   </div>
   <div class='ocr_carea' id='block_1_35' title="bbox 1851 2616 3428 2697">
    <p class='ocr_par' dir='ltr' id='par_1_35' title="bbox 1855 2616 3428 2678">
     <span class='ocr_line' id='line_1_35' title="bbox 1855 2616 3428 2678; baseline -0.001 -2"><span class='ocrx_word' id='word_1_278' title='bbox 1855 2623 2121 2678; x_wconf 83' lang='lat' dir='ltr'><strong>homincs.</strong></span> <span class='ocrx_word' id='word_1_279' title='bbox 2159 2621 2293 2675; x_wconf 86' lang='lat' dir='ltr'><strong>Nam</strong></span> <span class='ocrx_word' id='word_1_280' title='bbox 2333 2637 2458 2675; x_wconf 87' lang='lat' dir='ltr'><strong>cum</strong></span> <span class='ocrx_word' id='word_1_281' title='bbox 2501 2616 2707 2676; x_wconf 68' lang='lat' dir='ltr'><strong>Iudaeis</strong></span> <span class='ocrx_word' id='word_1_282' title='bbox 2753 2620 2963 2676; x_wconf 78' lang='lat' dir='ltr'><strong>Pascha</strong></span> <span class='ocrx_word' id='word_1_283' title='bbox 3008 2621 3287 2676; x_wconf 88' lang='lat' dir='ltr'><strong>celebrare</strong></span> <span class='ocrx_word' id='word_1_284' title='bbox 3329 2637 3428 2675; x_wconf 80' lang='lat' dir='ltr'><strong>vo-</strong></span> 
     </span>
    </p>
   </div>
   <div class='ocr_carea' id='block_1_36' title="bbox 152 2710 1748 2790">
    <p class='ocr_par' dir='ltr' id='par_1_36' title="bbox 152 2710 1746 2790">
     <span class='ocr_line' id='line_1_36' title="bbox 152 2710 1746 2790; baseline 0.001 -20"><span class='ocrx_word' id='word_1_285' title='bbox 152 2718 352 2770; x_wconf 85' lang='grc' dir='ltr'>λονται</span> <span class='ocrx_word' id='word_1_286' title='bbox 388 2716 449 2770; x_wconf 80' lang='grc' dir='ltr'>τὸ</span> <span class='ocrx_word' id='word_1_287' title='bbox 496 2717 689 2788; x_wconf 81' lang='grc' dir='ltr'>Πάσχα</span> <span class='ocrx_word' id='word_1_288' title='bbox 740 2717 1008 2771; x_wconf 75' lang='grc' dir='ltr'>ἐπιτελεῖν</span> <span class='ocrx_word' id='word_1_289' title='bbox 1029 2733 1043 2749; x_wconf 79' lang='grc' dir='ltr'><strong>ο</strong></span> <span class='ocrx_word' id='word_1_290' title='bbox 1078 2718 1374 2784; x_wconf 74' lang='grc' dir='ltr'><strong>τουτέστιν,</strong></span> <span class='ocrx_word' id='word_1_291' title='bbox 1407 2710 1452 2785; x_wconf 83' lang='grc' dir='ltr'>ᾧ</span> <span class='ocrx_word' id='word_1_292' title='bbox 1493 2718 1671 2790; x_wconf 81' lang='grc' dir='ltr'>καιρῷ</span> <span class='ocrx_word' id='word_1_293' title='bbox 1698 2719 1746 2771; x_wconf 89' lang='grc' dir='ltr'>οί</span> 
     </span>
    </p>
   </div>
   <div class='ocr_carea' id='block_1_37' title="bbox 1851 2710 3429 2790">
    <p class='ocr_par' dir='ltr' id='par_1_37' title="bbox 1855 2710 3429 2783">
     <span class='ocr_line' id='line_1_37' title="bbox 1855 2710 3429 2783; baseline -0.003 -13"><span class='ocrx_word' id='word_1_294' title='bbox 1855 2716 1995 2781; x_wconf 83' lang='grc' dir='ltr'>1ιιηι,</span> <span class='ocrx_word' id='word_1_295' title='bbox 2038 2715 2140 2768; x_wconf 89' lang='lat' dir='ltr'><strong>hoc</strong></span> <span class='ocrx_word' id='word_1_296' title='bbox 2174 2721 2279 2776; x_wconf 87' lang='lat' dir='ltr'><strong>est,</strong></span> <span class='ocrx_word' id='word_1_297' title='bbox 2319 2728 2428 2783; x_wconf 90' lang='lat' dir='ltr'><strong>quo</strong></span> <span class='ocrx_word' id='word_1_298' title='bbox 2468 2721 2712 2783; x_wconf 84' lang='lat' dir='ltr'><strong>tempore</strong></span> <span class='ocrx_word' id='word_1_299' title='bbox 2745 2710 2918 2767; x_wconf 65' lang='lat' dir='ltr'><strong>Judaai</strong></span> <span class='ocrx_word' id='word_1_300' title='bbox 2947 2712 3150 2783; x_wconf 80' lang='lat' dir='ltr'><strong>Azyma</strong></span> <span class='ocrx_word' id='word_1_301' title='bbox 3178 2726 3277 2767; x_wconf 89' lang='lat' dir='ltr'><strong>sua</strong></span> <span class='ocrx_word' id='word_1_302' title='bbox 3304 2727 3429 2783; x_wconf 88' lang='lat' dir='ltr'><strong>per-</strong></span> 
     </span>
    </p>
   </div>
   <div class='ocr_carea' id='block_1_38' title="bbox 166 2800 1748 2880">
    <p class='ocr_par' dir='ltr' id='par_1_38' title="bbox 166 2800 1748 2880">
     <span class='ocr_line' id='line_1_38' title="bbox 166 2800 1748 2880; baseline 0.001 -19"><span class='ocrx_word' id='word_1_303' title='bbox 166 2807 429 2861; x_wconf 82' lang='grc' dir='ltr'>Ἰουδαῖοι</span> <span class='ocrx_word' id='word_1_304' title='bbox 456 2807 671 2862; x_wconf 79' lang='grc' dir='ltr'>ποιοῦσι</span> <span class='ocrx_word' id='word_1_305' title='bbox 696 2807 765 2861; x_wconf 76' lang='grc' dir='ltr'><strong>τὰ</strong></span> <span class='ocrx_word' id='word_1_306' title='bbox 794 2800 926 2880; x_wconf 74' lang='grc' dir='ltr'>παρ⁴</span> <span class='ocrx_word' id='word_1_307' title='bbox 959 2807 1142 2872; x_wconf 76' lang='grc' dir='ltr'>αὐτοῖς</span> <span class='ocrx_word' id='word_1_308' title='bbox 1167 2806 1410 2877; x_wconf 76' lang='grc' dir='ltr'>’Δζυμα,</span> <span class='ocrx_word' id='word_1_309' title='bbox 1436 2808 1557 2861; x_wconf 87' lang='grc' dir='ltr'>τότε</span> <span class='ocrx_word' id='word_1_310' title='bbox 1594 2808 1748 2863; x_wconf 81' lang='grc' dir='ltr'>αὐτοὶ</span> 
     </span>
    </p>
   </div>
   <div class='ocr_carea' id='block_1_39' title="bbox 1851 2800 3451 2880">
    <p class='ocr_par' dir='ltr' id='par_1_39' title="bbox 1856 2803 3451 2877">
     <span class='ocr_line' id='line_1_39' title="bbox 1856 2803 3451 2877; baseline 0.001 -18"><span class='ocrx_word' id='word_1_311' title='bbox 1856 2814 2046 2877; x_wconf 79' lang='lat' dir='ltr'><strong>agunt,</strong></span> <span class='ocrx_word' id='word_1_312' title='bbox 2090 2812 2219 2859; x_wconf 89' lang='lat' dir='ltr'><strong>tunc</strong></span> <span class='ocrx_word' id='word_1_313' title='bbox 2260 2804 2334 2858; x_wconf 89' lang='lat' dir='ltr'><strong>illi</strong></span> <span class='ocrx_word' id='word_1_314' title='bbox 2378 2804 2660 2858; x_wconf 79' lang='lat' dir='ltr'><strong>Paschalis</strong></span> <span class='ocrx_word' id='word_1_315' title='bbox 2702 2803 3075 2858; x_wconf 81' lang='lat' dir='ltr'><strong>celebritatem</strong></span> <span class='ocrx_word' id='word_1_316' title='bbox 3105 2803 3331 2867; x_wconf 86' lang='lat' dir='ltr'><strong>obeunt,</strong></span> <span class='ocrx_word' id='word_1_317' title='bbox 3372 2813 3451 2861; x_wconf 87' lang='lat' dir='ltr'><strong>ut.</strong></span> 
     </span>
    </p>
   </div>
   <div class='ocr_carea' id='block_1_40' title="bbox 155 2892 1748 2970">
    <p class='ocr_par' dir='ltr' id='par_1_40' title="bbox 155 2898 1748 2970">
     <span class='ocr_line' id='line_1_40' title="bbox 155 2898 1748 2970; baseline -0.002 -15"><span class='ocrx_word' id='word_1_318' title='bbox 155 2898 539 2969; x_wconf 77' lang='grc' dir='ltr'>φιλονεικοῦσι</span> <span class='ocrx_word' id='word_1_319' title='bbox 570 2900 631 2953; x_wconf 86' lang='grc' dir='ltr'>τὸ</span> <span class='ocrx_word' id='word_1_320' title='bbox 674 2898 868 2970; x_wconf 83' lang='grc' dir='ltr'>Πάσχα</span> <span class='ocrx_word' id='word_1_321' title='bbox 900 2898 1087 2967; x_wconf 77' lang='grc' dir='ltr'>ἄγεινο</span> <span class='ocrx_word' id='word_1_322' title='bbox 1123 2900 1219 2953; x_wconf 77' lang='grc' dir='ltr'>καὶ</span> <span class='ocrx_word' id='word_1_323' title='bbox 1260 2900 1420 2969; x_wconf 82' lang='grc' dir='ltr'>δῆθεν</span> <span class='ocrx_word' id='word_1_324' title='bbox 1455 2899 1540 2952; x_wconf 86' lang='grc' dir='ltr'>ὃτι</span> <span class='ocrx_word' id='word_1_325' title='bbox 1577 2899 1748 2963; x_wconf 69' lang='grc' dir='ltr'>οὔτως</span> 
     </span>
    </p>
   </div>
   <div class='ocr_carea' id='block_1_41' title="bbox 1851 2892 3431 2970">
    <p class='ocr_par' dir='ltr' id='par_1_41' title="bbox 1855 2892 3431 2959">
     <span class='ocr_line' id='line_1_41' title="bbox 1855 2892 3431 2959; baseline -0.003 -8"><span class='ocrx_word' id='word_1_326' title='bbox 1855 2897 1924 2951; x_wconf 88' lang='lat' dir='ltr'><strong>ab</strong></span> <span class='ocrx_word' id='word_1_327' title='bbox 1974 2895 2219 2951; x_wconf 85' lang='lat' dir='ltr'><strong>Ecclesia</strong></span> <span class='ocrx_word' id='word_1_328' title='bbox 2265 2894 2561 2950; x_wconf 86' lang='lat' dir='ltr'><strong>dissentire</strong></span> <span class='ocrx_word' id='word_1_329' title='bbox 2606 2893 2917 2948; x_wconf 79' lang='lat' dir='ltr'><strong>videantur.</strong></span> <span class='ocrx_word' id='word_1_330' title='bbox 2975 2892 3132 2959; x_wconf 74' lang='lat' dir='ltr'><strong>Quod</strong></span> <span class='ocrx_word' id='word_1_331' title='bbox 3180 2892 3431 2949; x_wconf 62' lang='lat' dir='ltr'><strong>videlicet</strong></span> 
     </span>
    </p>
   </div>
   <div class='ocr_carea' id='block_1_42' title="bbox 156 2988 1752 3064">
    <p class='ocr_par' dir='ltr' id='par_1_42' title="bbox 156 2988 1752 3064">
     <span class='ocr_line' id='line_1_42' title="bbox 156 2988 1752 3064; baseline -0.003 -17"><span class='ocrx_word' id='word_1_332' title='bbox 156 2988 231 3064; x_wconf 81' lang='grc' dir='ltr'>ἦν</span> <span class='ocrx_word' id='word_1_333' title='bbox 274 2993 311 3063; x_wconf 81' lang='grc' dir='ltr'><strong>ἡ</strong></span> <span class='ocrx_word' id='word_1_334' title='bbox 357 2991 656 3062; x_wconf 77' lang='grc' dir='ltr'><strong>Ἐκκλησία</strong></span> <span class='ocrx_word' id='word_1_335' title='bbox 687 2992 995 3063; x_wconf 78' lang='grc' dir='ltr'>φερομένη·</span> <span class='ocrx_word' id='word_1_336' title='bbox 1031 2992 1146 3061; x_wconf 81' lang='grc' dir='ltr'>εῐγε</span> <span class='ocrx_word' id='word_1_337' title='bbox 1197 2990 1294 3045; x_wconf 70' lang='grc' dir='ltr'>καὶ</span> <span class='ocrx_word' id='word_1_338' title='bbox 1340 2991 1496 3058; x_wconf 88' lang='grc' dir='ltr'>λόγον</span> <span class='ocrx_word' id='word_1_339' title='bbox 1526 3008 1752 3044; x_wconf 91' lang='grc' dir='ltr'>σεσυκο-</span> 
     </span>
    </p>
   </div>
   <div class='ocr_carea' id='block_1_43' title="bbox 1852 771 3436 852">
    <p class='ocr_par' dir='ltr' id='par_1_43' title="bbox 1852 771 3436 852">
     <span class='ocr_line' id='line_1_43' title="bbox 1852 771 3436 852; baseline 0.006 -24"><span class='ocrx_word' id='word_1_340' title='bbox 1852 774 2054 838; x_wconf 88' lang='lat' dir='ltr'><strong>solum,</strong></span> <span class='ocrx_word' id='word_1_341' title='bbox 2094 782 2365 843; x_wconf 86' lang='lat' dir='ltr'><strong>quatenus</strong></span> <span class='ocrx_word' id='word_1_342' title='bbox 2412 771 2522 828; x_wconf 86' lang='lat' dir='ltr'><strong>Deo</strong></span> <span class='ocrx_word' id='word_1_343' title='bbox 2567 775 2843 842; x_wconf 85' lang='lat' dir='ltr'><strong>convenit,</strong></span> <span class='ocrx_word' id='word_1_344' title='bbox 2880 785 2936 831; x_wconf 89' lang='lat' dir='ltr'><strong>et</strong></span> <span class='ocrx_word' id='word_1_345' title='bbox 2977 793 3044 833; x_wconf 90' lang='lat' dir='ltr'><strong>eo</strong></span> <span class='ocrx_word' id='word_1_346' title='bbox 3081 780 3265 847; x_wconf 86' lang='lat' dir='ltr'><strong>modo,</strong></span> <span class='ocrx_word' id='word_1_347' title='bbox 3320 798 3436 852; x_wconf 89' lang='lat' dir='ltr'><strong>quo</strong></span> 
     </span>
    </p>
   </div>
   <div class='ocr_carea' id='block_1_44' title="bbox 1834 864 3431 941">
    <p class='ocr_par' dir='ltr' id='par_1_44' title="bbox 1834 864 3431 941">
     <span class='ocr_line' id='line_1_44' title="bbox 1834 864 3431 941; baseline 0.005 -21"><span class='ocrx_word' id='word_1_348' title='bbox 1834 865 1996 941; x_wconf 67' lang='lat' dir='ltr'><strong>inest</strong></span> <span class='ocrx_word' id='word_1_349' title='bbox 2013 866 2070 920; x_wconf 90' lang='lat' dir='ltr'><strong>in</strong></span> <span class='ocrx_word' id='word_1_350' title='bbox 2091 881 2158 921; x_wconf 86' lang='lat' dir='ltr'><strong>eo</strong></span> <span class='ocrx_word' id='word_1_351' title='bbox 2178 864 2489 935; x_wconf 83' lang='lat' dir='ltr'><strong>splendore,</strong></span> <span class='ocrx_word' id='word_1_352' title='bbox 2513 865 2609 936; x_wconf 88' lang='lat' dir='ltr'><strong>qui</strong></span> <span class='ocrx_word' id='word_1_353' title='bbox 2636 866 3180 938; x_wconf 85' lang='lat' dir='ltr'><strong>comprehensionem</strong></span> <span class='ocrx_word' id='word_1_354' title='bbox 3211 873 3431 928; x_wconf 77' lang='lat' dir='ltr'><strong>excedit</strong></span> 
     </span>
    </p>
   </div>
   <div class='ocr_carea' id='block_1_45' title="bbox 1850 957 3433 1029">
    <p class='ocr_par' dir='ltr' id='par_1_45' title="bbox 1850 957 3433 1029">
     <span class='ocr_line' id='line_1_45' title="bbox 1850 957 3433 1029; baseline 0.004 -17"><span class='ocrx_word' id='word_1_355' title='bbox 1850 972 2089 1013; x_wconf 86' lang='lat' dir='ltr'><strong>onmem.</strong></span> <span class='ocrx_word' id='word_1_356' title='bbox 2130 957 2254 1014; x_wconf 63' lang='lat' dir='ltr'><strong>llaec</strong></span> <span class='ocrx_word' id='word_1_357' title='bbox 2285 973 2386 1015; x_wconf 90' lang='lat' dir='ltr'><strong>nos</strong></span> <span class='ocrx_word' id='word_1_358' title='bbox 2409 974 2508 1029; x_wconf 90' lang='lat' dir='ltr'><strong>pro</strong></span> <span class='ocrx_word' id='word_1_359' title='bbox 2533 958 2746 1015; x_wconf 86' lang='lat' dir='ltr'><strong>viribus</strong></span> <span class='ocrx_word' id='word_1_360' title='bbox 2773 960 3000 1027; x_wconf 85' lang='lat' dir='ltr'><strong>nostris,</strong></span> <span class='ocrx_word' id='word_1_361' title='bbox 3025 960 3091 1016; x_wconf 87' lang='lat' dir='ltr'><strong>ad</strong></span> <span class='ocrx_word' id='word_1_362' title='bbox 3122 961 3215 1018; x_wconf 90' lang='lat' dir='ltr'><strong>Dei</strong></span> <span class='ocrx_word' id='word_1_363' title='bbox 3257 964 3433 1018; x_wconf 85' lang='lat' dir='ltr'><strong>hono-</strong></span> 
     </span>
    </p>
   </div>
   <div class='ocr_carea' id='block_1_46' title="bbox 1850 1049 3433 1123">
    <p class='ocr_par' dir='ltr' id='par_1_46' title="bbox 1850 1049 3433 1123">
     <span class='ocr_line' id='line_1_46' title="bbox 1850 1049 3433 1123; baseline 0.006 -21"><span class='ocrx_word' id='word_1_364' title='bbox 1850 1066 1968 1107; x_wconf 81' lang='lat' dir='ltr'><strong>rent</strong></span> <span class='ocrx_word' id='word_1_365' title='bbox 1996 1058 2051 1107; x_wconf 87' lang='lat' dir='ltr'><strong>et</strong></span> <span class='ocrx_word' id='word_1_366' title='bbox 2077 1049 2326 1121; x_wconf 82' lang='lat' dir='ltr'><strong>gloriam,</strong></span> <span class='ocrx_word' id='word_1_367' title='bbox 2358 1050 2598 1106; x_wconf 88' lang='lat' dir='ltr'><strong>humana</strong></span> <span class='ocrx_word' id='word_1_368' title='bbox 2626 1050 2813 1123; x_wconf 80' lang='lat' dir='ltr'><strong>lingua</strong></span> <span class='ocrx_word' id='word_1_369' title='bbox 2856 1051 3256 1122; x_wconf 83' lang='lat' dir='ltr'><strong>disputavimus</strong></span> <span class='ocrx_word' id='word_1_370' title='bbox 3282 1075 3296 1109; x_wconf 88' lang='lat'><strong>:</strong></span> <span class='ocrx_word' id='word_1_371' title='bbox 3324 1073 3433 1111; x_wconf 89' lang='lat' dir='ltr'><strong>non</strong></span> 
     </span>
    </p>
   </div>
   <div class='ocr_carea' id='block_1_47' title="bbox 1852 1140 3430 1216">
    <p class='ocr_par' dir='ltr' id='par_1_47' title="bbox 1852 1140 3430 1216">
     <span class='ocr_line' id='line_1_47' title="bbox 1852 1140 3430 1216; baseline 0.004 -22"><span class='ocrx_word' id='word_1_372' title='bbox 1852 1140 1999 1195; x_wconf 88' lang='lat' dir='ltr'><strong>enim</strong></span> <span class='ocrx_word' id='word_1_373' title='bbox 2057 1140 2163 1195; x_wconf 87' lang='lat' dir='ltr'><strong>alia</strong></span> <span class='ocrx_word' id='word_1_374' title='bbox 2196 1154 2330 1196; x_wconf 74' lang='lat' dir='ltr'><strong>voce</strong></span> <span class='ocrx_word' id='word_1_375' title='bbox 2355 1149 2450 1195; x_wconf 91' lang='lat' dir='ltr'><strong>aut</strong></span> <span class='ocrx_word' id='word_1_376' title='bbox 2478 1155 2731 1198; x_wconf 84' lang='lat' dir='ltr'><strong>sermone</strong></span> <span class='ocrx_word' id='word_1_377' title='bbox 2758 1142 2838 1196; x_wconf 94' lang='lat' dir='ltr'><strong>uti</strong></span> <span class='ocrx_word' id='word_1_378' title='bbox 2869 1157 3186 1212; x_wconf 86' lang='lat' dir='ltr'><strong>possumus,</strong></span> <span class='ocrx_word' id='word_1_379' title='bbox 3219 1145 3314 1216; x_wconf 91' lang='lat' dir='ltr'><strong>qui</strong></span> <span class='ocrx_word' id='word_1_380' title='bbox 3356 1148 3430 1202; x_wconf 89' lang='lat' dir='ltr'><strong>sit</strong></span> 
     </span>
    </p>
   </div>
   <div class='ocr_carea' id='block_1_48' title="bbox 1850 1231 3432 1304">
    <p class='ocr_par' dir='ltr' id='par_1_48' title="bbox 1850 1231 3432 1304">
     <span class='ocr_line' id='line_1_48' title="bbox 1850 1231 3432 1304; baseline 0.003 -19"><span class='ocrx_word' id='word_1_381' title='bbox 1850 1246 1919 1286; x_wconf 93' lang='lat' dir='ltr'><strong>eo</strong></span> <span class='ocrx_word' id='word_1_382' title='bbox 1945 1231 2312 1302; x_wconf 73' lang='lat' dir='ltr'><strong>praestantior,</strong></span> <span class='ocrx_word' id='word_1_383' title='bbox 2341 1247 2504 1302; x_wconf 87' lang='lat' dir='ltr'><strong>quem</strong></span> <span class='ocrx_word' id='word_1_384' title='bbox 2537 1232 2697 1288; x_wconf 88' lang='lat' dir='ltr'><strong>nobis</strong></span> <span class='ocrx_word' id='word_1_385' title='bbox 2724 1233 2887 1289; x_wconf 88' lang='lat' dir='ltr'><strong>modo</strong></span> <span class='ocrx_word' id='word_1_386' title='bbox 2915 1235 3152 1304; x_wconf 88' lang='lat' dir='ltr'><strong>quodam</strong></span> <span class='ocrx_word' id='word_1_387' title='bbox 3182 1250 3248 1291; x_wconf 91' lang='lat' dir='ltr'><strong>ac</strong></span> <span class='ocrx_word' id='word_1_388' title='bbox 3277 1251 3432 1293; x_wconf 85' lang='lat' dir='ltr'><strong>men-</strong></span> 
     </span>
    </p>
   </div>
   <div class='ocr_carea' id='block_1_49' title="bbox 1854 1322 3431 1411">
    <p class='ocr_par' dir='ltr' id='par_1_49' title="bbox 1854 1322 3431 1411">
     <span class='ocr_line' id='line_1_49' title="bbox 1854 1322 3431 1411; baseline 0.003 -33"><span class='ocrx_word' id='word_1_389' title='bbox 1854 1337 1986 1378; x_wconf 85' lang='lat' dir='ltr'><strong>sura</strong></span> <span class='ocrx_word' id='word_1_390' title='bbox 2037 1322 2179 1411; x_wconf 85' lang='lat' dir='ltr'><strong>Deus</strong></span> <span class='ocrx_word' id='word_1_391' title='bbox 2228 1323 2477 1378; x_wconf 87' lang='lat' dir='ltr'><strong>attribuit</strong></span> <span class='ocrx_word' id='word_1_392' title='bbox 2504 1338 2525 1411; x_wconf 72' lang='lat'><strong>;_</strong></span> <span class='ocrx_word' id='word_1_393' title='bbox 2547 1323 2764 1411; x_wconf 78' lang='lat' dir='ltr'><strong>tametsi</strong></span> <span class='ocrx_word' id='word_1_394' title='bbox 2817 1325 3172 1396; x_wconf 64' lang='lat' dir='ltr'><strong>praestantius</strong></span> <span class='ocrx_word' id='word_1_395' title='bbox 3221 1326 3431 1398; x_wconf 86' lang='lat' dir='ltr'><strong>aliquid</strong></span> 
     </span>
    </p>
   </div>
   <div class='ocr_carea' id='block_1_50' title="bbox 1856 1410 3432 1483">
    <p class='ocr_par' dir='ltr' id='par_1_50' title="bbox 1856 1410 3432 1483">
     <span class='ocr_line' id='line_1_50' title="bbox 1856 1410 3432 1483; baseline 0.003 -18"><span class='ocrx_word' id='word_1_396' title='bbox 1856 1418 2037 1467; x_wconf 77' lang='lat' dir='ltr'><strong>mente</strong></span> <span class='ocrx_word' id='word_1_397' title='bbox 2060 1410 2255 1468; x_wconf 78' lang='lat' dir='ltr'><strong>debeo</strong></span> <span class='ocrx_word' id='word_1_398' title='bbox 2286 1410 2683 1482; x_wconf 83' lang='lat' dir='ltr'><strong>concipiamus.</strong></span> <span class='ocrx_word' id='word_1_399' title='bbox 2713 1410 2915 1468; x_wconf 79' lang='lat' dir='ltr'><strong>Verum</strong></span> <span class='ocrx_word' id='word_1_400' title='bbox 2938 1422 3207 1483; x_wconf 87' lang='lat' dir='ltr'><strong>quantum</strong></span> <span class='ocrx_word' id='word_1_401' title='bbox 3240 1425 3432 1472; x_wconf 85' lang='lat' dir='ltr'><strong>nostra</strong></span> 
     </span>
    </p>
   </div>
   <div class='ocr_carea' id='block_1_51' title="bbox 1855 1502 3432 1576">
    <p class='ocr_par' dir='ltr' id='par_1_51' title="bbox 1855 1502 3432 1576">
     <span class='ocr_line' id='line_1_51' title="bbox 1855 1502 3432 1576; baseline 0.003 -20"><span class='ocrx_word' id='word_1_402' title='bbox 1855 1517 2011 1556; x_wconf 81' lang='lat' dir='ltr'><strong>mens</strong></span> <span class='ocrx_word' id='word_1_403' title='bbox 2047 1502 2210 1572; x_wconf 87' lang='lat' dir='ltr'><strong>capit,</strong></span> <span class='ocrx_word' id='word_1_404' title='bbox 2242 1510 2454 1558; x_wconf 88' lang='lat' dir='ltr'><strong>tantum</strong></span> <span class='ocrx_word' id='word_1_405' title='bbox 2481 1517 2546 1559; x_wconf 88' lang='lat' dir='ltr'><strong>os</strong></span> <span class='ocrx_word' id='word_1_406' title='bbox 2583 1503 2764 1574; x_wconf 89' lang='lat' dir='ltr'><strong>eloqui</strong></span> <span class='ocrx_word' id='word_1_407' title='bbox 2806 1518 2917 1558; x_wconf 92' lang='lat' dir='ltr'><strong>non</strong></span> <span class='ocrx_word' id='word_1_408' title='bbox 2947 1512 3160 1574; x_wconf 88' lang='lat' dir='ltr'><strong>potest;</strong></span> <span class='ocrx_word' id='word_1_409' title='bbox 3195 1506 3343 1576; x_wconf 90' lang='lat' dir='ltr'><strong>quod</strong></span> <span class='ocrx_word' id='word_1_410' title='bbox 3373 1517 3432 1560; x_wconf 74' lang='grc' dir='ltr'><strong>ιιι</strong></span> 
     </span>
    </p>
   </div>
   <div class='ocr_carea' id='block_1_52' title="bbox 1854 2983 3432 3055">
    <p class='ocr_par' dir='ltr' id='par_1_52' title="bbox 1854 2983 3432 3055">
     <span class='ocr_line' id='line_1_52' title="bbox 1854 2983 3432 3055; baseline -0.003 -14"><span class='ocrx_word' id='word_1_411' title='bbox 1854 2988 1984 3041; x_wconf 91' lang='lat' dir='ltr'><strong>olim</strong></span> <span class='ocrx_word' id='word_1_412' title='bbox 2033 2989 2148 3042; x_wconf 70' lang='lat' dir='ltr'><strong>hanc</strong></span> <span class='ocrx_word' id='word_1_413' title='bbox 2195 2988 2252 3040; x_wconf 88' lang='lat' dir='ltr'><strong>in</strong></span> <span class='ocrx_word' id='word_1_414' title='bbox 2300 2985 2462 3055; x_wconf 74' lang='lat'><strong>821</strong></span> <span class='ocrx_word' id='word_1_415' title='bbox 2523 2983 2768 3039; x_wconf 81' lang='lat' dir='ltr'><strong>Ecclesia</strong></span> <span class='ocrx_word' id='word_1_416' title='bbox 2826 2983 3161 3039; x_wconf 88' lang='lat' dir='ltr'><strong>consuetudo</strong></span> <span class='ocrx_word' id='word_1_417' title='bbox 3212 2994 3432 3053; x_wconf 85' lang='lat' dir='ltr'><strong>recepta</strong></span> 
     </span>
    </p>
   </div>
   <div class='ocr_carea' id='block_1_53' title="bbox 1855 681 3543 756">
    <p class='ocr_par' dir='ltr' id='par_1_53' title="bbox 1855 681 3543 756">
     <span class='ocr_line' id='line_1_53' title="bbox 1855 681 3543 756; baseline 0.008 -20"><span class='ocrx_word' id='word_1_418' title='bbox 1855 681 1984 739; x_wconf 90' lang='lat' dir='ltr'><strong>inde</strong></span> <span class='ocrx_word' id='word_1_419' title='bbox 2023 682 2409 753; x_wconf 77' lang='lat' dir='ltr'><strong>comprehendi</strong></span> <span class='ocrx_word' id='word_1_420' title='bbox 2458 684 2668 754; x_wconf 86' lang='lat' dir='ltr'><strong>nequit.</strong></span> <span class='ocrx_word' id='word_1_421' title='bbox 2721 684 2921 756; x_wconf 67' lang='lat' dir='ltr'><strong>bcquit</strong></span> <span class='ocrx_word' id='word_1_422' title='bbox 2967 697 3150 744; x_wconf 89' lang='lat' dir='ltr'><strong>autem</strong></span> <span class='ocrx_word' id='word_1_423' title='bbox 3203 698 3435 749; x_wconf 86' lang='lat' dir='ltr'><strong>eatenus</strong></span> <span class='ocrx_word' id='word_1_424' title='bbox 3536 702 3543 707; x_wconf 90' lang='lat'><strong><em>‘</em></strong></span> 
     </span>
    </p>
   </div>
   <div class='ocr_carea' id='block_1_54' title="bbox 163 3082 1748 3156">
    <p class='ocr_par' dir='ltr' id='par_1_54' title="bbox 163 3082 1748 3156">
     <span class='ocr_line' id='line_1_54' title="bbox 163 3082 1748 3156; baseline -0.001 -19"><span class='ocrx_word' id='word_1_425' title='bbox 163 3084 521 3156; x_wconf 80' lang='grc' dir='ltr'>φαντημένον</span> <span class='ocrx_word' id='word_1_426' title='bbox 570 3083 876 3137; x_wconf 81' lang='grc' dir='ltr'>δεικνύουσι</span> <span class='ocrx_word' id='word_1_427' title='bbox 932 3085 1047 3148; x_wconf 83' lang='grc' dir='ltr'>τοῖς</span> <span class='ocrx_word' id='word_1_428' title='bbox 1094 3082 1568 3153; x_wconf 82' lang='grc' dir='ltr'>ὲκκλησιαστικοῖς</span> <span class='ocrx_word' id='word_1_429' title='bbox 1608 3082 1748 3136; x_wconf 83' lang='grc' dir='ltr'>κατά</span> 
     </span>
    </p>
   </div>
   <div class='ocr_carea' id='block_1_55' title="bbox 161 3173 1750 3247">
    <p class='ocr_par' dir='ltr' id='par_1_55' title="bbox 161 3173 1750 3247">
     <span class='ocr_line' id='line_1_55' title="bbox 161 3173 1750 3247; baseline -0.003 -16"><span class='ocrx_word' id='word_1_430' title='bbox 161 3176 328 3231; x_wconf 80' lang='grc' dir='ltr'>τοῦτο</span> <span class='ocrx_word' id='word_1_431' title='bbox 359 3176 422 3230; x_wconf 81' lang='grc' dir='ltr'>τὸ</span> <span class='ocrx_word' id='word_1_432' title='bbox 450 3176 635 3247; x_wconf 80' lang='grc' dir='ltr'>μέρος,</span> <span class='ocrx_word' id='word_1_433' title='bbox 654 3175 955 3243; x_wconf 79' lang='grc' dir='ltr'>φάσκοντες</span> <span class='ocrx_word' id='word_1_434' title='bbox 970 3174 1078 3228; x_wconf 85' lang='grc' dir='ltr'>άπὸ</span> <span class='ocrx_word' id='word_1_435' title='bbox 1105 3174 1484 3229; x_wconf 80' lang='grc' dir='ltr'>Κωνσταντίου</span> <span class='ocrx_word' id='word_1_436' title='bbox 1503 3174 1521 3207; x_wconf 80' lang='grc'>³</span> <span class='ocrx_word' id='word_1_437' title='bbox 1554 3173 1631 3245; x_wconf 73' lang='grc'><strong>(4)</strong></span> <span class='ocrx_word' id='word_1_438' title='bbox 1661 3173 1750 3227; x_wconf 83' lang='grc' dir='ltr'><strong>διά</strong></span> 
     </span>
    </p>
   </div>
   <div class='ocr_carea' id='block_1_56' title="bbox 161 3252 1750 3338">
    <p class='ocr_par' dir='ltr' id='par_1_56' title="bbox 161 3252 1750 3338">
     <span class='ocr_line' id='line_1_56' title="bbox 161 3252 1750 3338; baseline -0.001 -18"><span class='ocrx_word' id='word_1_439' title='bbox 161 3267 267 3338; x_wconf 79' lang='grc' dir='ltr'>τὴν</span> <span class='ocrx_word' id='word_1_440' title='bbox 314 3266 457 3337; x_wconf 79' lang='grc' dir='ltr'>πρὸς</span> <span class='ocrx_word' id='word_1_441' title='bbox 481 3252 578 3321; x_wconf 41' lang='grc' dir='ltr'>’τὸν</span> <span class='ocrx_word' id='word_1_442' title='bbox 608 3266 851 3336; x_wconf 82' lang='grc' dir='ltr'>βασιλέα,</span> <span class='ocrx_word' id='word_1_443' title='bbox 884 3266 1042 3337; x_wconf 75' lang='grc' dir='ltr'>φησὶ,</span> <span class='ocrx_word' id='word_1_444' title='bbox 1075 3264 1539 3336; x_wconf 78' lang='grc' dir='ltr'>προσωποληψίαν</span> <span class='ocrx_word' id='word_1_445' title='bbox 1582 3281 1750 3319; x_wconf 80' lang='grc' dir='ltr'>κατα-</span> 
     </span>
    </p>
   </div>
   <div class='ocr_carea' id='block_1_57' title="bbox 162 3354 1750 3428">
    <p class='ocr_par' dir='ltr' id='par_1_57' title="bbox 162 3354 1750 3428">
     <span class='ocr_line' id='line_1_57' title="bbox 162 3354 1750 3428; baseline -0.001 -18"><span class='ocrx_word' id='word_1_446' title='bbox 162 3356 442 3411; x_wconf 79' lang='grc' dir='ltr'>λελοιπότι</span> <span class='ocrx_word' id='word_1_447' title='bbox 459 3357 480 3388; x_wconf 83' lang='grc'>²</span> <span class='ocrx_word' id='word_1_448' title='bbox 506 3356 606 3428; x_wconf 79' lang='grc' dir='ltr'>τὴν</span> <span class='ocrx_word' id='word_1_449' title='bbox 629 3357 738 3410; x_wconf 84' lang='grc' dir='ltr'>τῶν</span> <span class='ocrx_word' id='word_1_450' title='bbox 770 3355 1020 3427; x_wconf 79' lang='grc' dir='ltr'>πατέρων</span> <span class='ocrx_word' id='word_1_451' title='bbox 1048 3355 1178 3427; x_wconf 76' lang='grc' dir='ltr'>περὶ</span> <span class='ocrx_word' id='word_1_452' title='bbox 1202 3354 1299 3407; x_wconf 75' lang='grc' dir='ltr'>τοῦ</span> <span class='ocrx_word' id='word_1_453' title='bbox 1328 3354 1521 3425; x_wconf 85' lang='grc' dir='ltr'>Πάσχα</span> <span class='ocrx_word' id='word_1_454' title='bbox 1552 3354 1750 3425; x_wconf 78' lang='grc' dir='ltr'>ἑορτῆς</span> 
     </span>
    </p>
   </div>
   <div class='ocr_carea' id='block_1_58' title="bbox 166 3444 1750 3518">
    <p class='ocr_par' dir='ltr' id='par_1_58' title="bbox 166 3444 1750 3518">
     <span class='ocr_line' id='line_1_58' title="bbox 166 3444 1750 3518; baseline -0.003 -15"><span class='ocrx_word' id='word_1_455' title='bbox 166 3445 494 3504; x_wconf 74' lang='grc' dir='ltr'>ἀκολουθίαν</span> <span class='ocrx_word' id='word_1_456' title='bbox 513 3488 530 3515; x_wconf 95' lang='grc'><strong>,</strong></span> <span class='ocrx_word' id='word_1_457' title='bbox 578 3448 674 3501; x_wconf 76' lang='grc' dir='ltr'>καὶ</span> <span class='ocrx_word' id='word_1_458' title='bbox 722 3446 823 3518; x_wconf 81' lang='grc' dir='ltr'>τὴν</span> <span class='ocrx_word' id='word_1_459' title='bbox 873 3445 1087 3517; x_wconf 75' lang='grc' dir='ltr'>ἡμέραν</span> <span class='ocrx_word' id='word_1_460' title='bbox 1138 3444 1506 3516; x_wconf 78' lang='grc' dir='ltr'>μετηλλάξατε</span> <span class='ocrx_word' id='word_1_461' title='bbox 1561 3447 1641 3508; x_wconf 90' lang='grc' dir='ltr'><strong>είς</strong></span> <span class='ocrx_word' id='word_1_462' title='bbox 1688 3445 1750 3498; x_wconf 81' lang='grc' dir='ltr'>τὸ</span> 
     </span>
    </p>
   </div>
   <div class='ocr_carea' id='block_1_59' title="bbox 169 3535 1751 3610">
    <p class='ocr_par' dir='ltr' id='par_1_59' title="bbox 169 3535 1751 3610">
     <span class='ocr_line' id='line_1_59' title="bbox 169 3535 1751 3610; baseline -0.003 -16"><span class='ocrx_word' id='word_1_463' title='bbox 169 3540 418 3610; x_wconf 82' lang='grc' dir='ltr'>καθῆκον</span> <span class='ocrx_word' id='word_1_464' title='bbox 448 3537 544 3593; x_wconf 83' lang='grc' dir='ltr'>τοῦ</span> <span class='ocrx_word' id='word_1_465' title='bbox 577 3537 861 3609; x_wconf 85' lang='grc' dir='ltr'>βασιλέως.</span> <span class='ocrx_word' id='word_1_466' title='bbox 881 3538 1037 3602; x_wconf 80' lang='grc' dir='ltr'>Τινὲς</span> <span class='ocrx_word' id='word_1_467' title='bbox 1067 3537 1126 3591; x_wconf 73' lang='grc' dir='ltr'>δὲ</span> <span class='ocrx_word' id='word_1_468' title='bbox 1158 3535 1321 3589; x_wconf 86' lang='grc' dir='ltr'>πάλιν</span> <span class='ocrx_word' id='word_1_469' title='bbox 1362 3536 1505 3589; x_wconf 79' lang='grc' dir='ltr'>κατὰ</span> <span class='ocrx_word' id='word_1_470' title='bbox 1526 3537 1589 3589; x_wconf 81' lang='grc' dir='ltr'>τὸ</span> <span class='ocrx_word' id='word_1_471' title='bbox 1621 3536 1751 3590; x_wconf 83' lang='grc' dir='ltr'>ίδιον</span> 
     </span>
    </p>
   </div>
   <div class='ocr_carea' id='block_1_60' title="bbox 1855 3071 3433 3153">
    <p class='ocr_par' dir='ltr' id='par_1_60' title="bbox 1855 3071 3433 3153">
     <span class='ocr_line' id='line_1_60' title="bbox 1855 3071 3433 3153; baseline -0.004 -21"><span class='ocrx_word' id='word_1_472' title='bbox 1855 3076 2040 3143; x_wconf 72' lang='lat' dir='ltr'><strong>fuerit.</strong></span> <span class='ocrx_word' id='word_1_473' title='bbox 2076 3075 2398 3153; x_wconf 82' lang='lat' dir='ltr'><strong>Quanquam</strong></span> <span class='ocrx_word' id='word_1_474' title='bbox 2426 3073 2671 3128; x_wconf 88' lang='lat' dir='ltr'><strong>nonnihil</strong></span> <span class='ocrx_word' id='word_1_475' title='bbox 2702 3074 2812 3127; x_wconf 89' lang='lat' dir='ltr'><strong>hac</strong></span> <span class='ocrx_word' id='word_1_476' title='bbox 2836 3073 2888 3126; x_wconf 90' lang='lat' dir='ltr'><strong>in</strong></span> <span class='ocrx_word' id='word_1_477' title='bbox 2918 3080 3075 3142; x_wconf 89' lang='lat' dir='ltr'><strong>parte</strong></span> <span class='ocrx_word' id='word_1_478' title='bbox 3097 3071 3433 3126; x_wconf 81' lang='lat' dir='ltr'><strong>calumnian-</strong></span> 
     </span>
    </p>
   </div>
   <div class='ocr_carea' id='block_1_61' title="bbox 1855 3162 3430 3233">
    <p class='ocr_par' dir='ltr' id='par_1_61' title="bbox 1855 3162 3430 3233">
     <span class='ocr_line' id='line_1_61' title="bbox 1855 3162 3430 3233; baseline -0.004 -10"><span class='ocrx_word' id='word_1_479' title='bbox 1855 3176 1965 3233; x_wconf 88' lang='lat' dir='ltr'><strong>tur,</strong></span> <span class='ocrx_word' id='word_1_480' title='bbox 2002 3178 2057 3222; x_wconf 89' lang='lat' dir='ltr'><strong>et</strong></span> <span class='ocrx_word' id='word_1_481' title='bbox 2085 3166 2477 3222; x_wconf 83' lang='lat' dir='ltr'><strong>ecclesiasticis</strong></span> <span class='ocrx_word' id='word_1_482' title='bbox 2527 3165 2717 3219; x_wconf 75' lang='lat' dir='ltr'><strong>falsam</strong></span> <span class='ocrx_word' id='word_1_483' title='bbox 2751 3163 3020 3218; x_wconf 83' lang='lat' dir='ltr'><strong>rationem</strong></span> <span class='ocrx_word' id='word_1_484' title='bbox 3064 3162 3352 3232; x_wconf 83' lang='lat' dir='ltr'><strong>objiciunt.</strong></span> <span class='ocrx_word' id='word_1_485' title='bbox 3386 3166 3430 3216; x_wconf 77' lang='grc' dir='ltr'><strong>Α</strong></span> 
     </span>
    </p>
   </div>
   <div class='ocr_carea' id='block_1_62' title="bbox 1854 3253 3431 3327">
    <p class='ocr_par' dir='ltr' id='par_1_62' title="bbox 1854 3253 3431 3327">
     <span class='ocr_line' id='line_1_62' title="bbox 1854 3253 3431 3327; baseline -0.007 -11"><span class='ocrx_word' id='word_1_486' title='bbox 1854 3259 2218 3322; x_wconf 85' lang='lat' dir='ltr'><strong>Constantini,</strong></span> <span class='ocrx_word' id='word_1_487' title='bbox 2257 3257 2532 3327; x_wconf 87' lang='lat' dir='ltr'><strong>inquiunt,</strong></span> <span class='ocrx_word' id='word_1_488' title='bbox 2572 3264 2841 3325; x_wconf 88' lang='lat' dir='ltr'><strong>tempore,</strong></span> <span class='ocrx_word' id='word_1_489' title='bbox 2882 3262 2946 3308; x_wconf 89' lang='lat' dir='ltr'><strong>ut</strong></span> <span class='ocrx_word' id='word_1_490' title='bbox 2970 3253 3316 3323; x_wconf 85' lang='lat' dir='ltr'><strong>imperatoris</strong></span> <span class='ocrx_word' id='word_1_491' title='bbox 3343 3267 3431 3307; x_wconf 84' lang='lat' dir='ltr'><strong>ra-</strong></span> 
     </span>
    </p>
   </div>
   <div class='ocr_carea' id='block_1_63' title="bbox 1856 3340 3431 3416">
    <p class='ocr_par' dir='ltr' id='par_1_63' title="bbox 1856 3340 3431 3416">
     <span class='ocr_line' id='line_1_63' title="bbox 1856 3340 3431 3416; baseline -0.005 -12"><span class='ocrx_word' id='word_1_492' title='bbox 1856 3350 2058 3404; x_wconf 88' lang='lat' dir='ltr'><strong>tionem</strong></span> <span class='ocrx_word' id='word_1_493' title='bbox 2092 3348 2364 3402; x_wconf 83' lang='lat' dir='ltr'><strong>haberetis</strong></span> <span class='ocrx_word' id='word_1_494' title='bbox 2386 3353 2664 3416; x_wconf 85' lang='lat' dir='ltr'><strong>paternam</strong></span> <span class='ocrx_word' id='word_1_495' title='bbox 2690 3382 2707 3408; x_wconf 92' lang='lat'><strong>,</strong></span> <span class='ocrx_word' id='word_1_496' title='bbox 2737 3344 2791 3397; x_wconf 89' lang='lat' dir='ltr'><strong>in</strong></span> <span class='ocrx_word' id='word_1_497' title='bbox 2818 3343 3144 3399; x_wconf 85' lang='lat' dir='ltr'><strong>celebrando</strong></span> <span class='ocrx_word' id='word_1_498' title='bbox 3165 3340 3431 3397; x_wconf 59' lang='lat' dir='ltr'><strong>Paschaie</strong></span> 
     </span>
    </p>
   </div>
   <div class='ocr_carea' id='block_1_64' title="bbox 1854 3432 3431 3505">
    <p class='ocr_par' dir='ltr' id='par_1_64' title="bbox 1854 3432 3431 3505">
     <span class='ocr_line' id='line_1_64' title="bbox 1854 3432 3431 3505; baseline -0.005 -11"><span class='ocrx_word' id='word_1_499' title='bbox 1854 3438 2310 3495; x_wconf 85' lang='lat' dir='ltr'><strong>consuetudinem</strong></span> <span class='ocrx_word' id='word_1_500' title='bbox 2383 3434 2681 3505; x_wconf 84' lang='lat' dir='ltr'><strong>reliquistis</strong></span> <span class='ocrx_word' id='word_1_501' title='bbox 2723 3432 2977 3501; x_wconf 89' lang='lat' dir='ltr'><strong>diemque</strong></span> <span class='ocrx_word' id='word_1_502' title='bbox 3019 3432 3431 3495; x_wconf 85' lang='lat' dir='ltr'><strong>commutastis,</strong></span> 
     </span>
    </p>
   </div>
   <div class='ocr_carea' id='block_1_65' title="bbox 1855 3521 3431 3598">
    <p class='ocr_par' dir='ltr' id='par_1_65' title="bbox 1855 3521 3431 3598">
     <span class='ocr_line' id='line_1_65' title="bbox 1855 3521 3431 3598; baseline -0.006 -14"><span class='ocrx_word' id='word_1_503' title='bbox 1855 3537 1917 3584; x_wconf 92' lang='lat' dir='ltr'><strong>ut</strong></span> <span class='ocrx_word' id='word_1_504' title='bbox 1938 3544 2034 3586; x_wconf 87' lang='lat' dir='ltr'><strong>vos</strong></span> <span class='ocrx_word' id='word_1_505' title='bbox 2059 3530 2128 3583; x_wconf 89' lang='lat' dir='ltr'><strong>ad</strong></span> <span class='ocrx_word' id='word_1_506' title='bbox 2152 3528 2504 3598; x_wconf 80' lang='lat' dir='ltr'><strong>imperatoris</strong></span> <span class='ocrx_word' id='word_1_507' title='bbox 2532 3535 2727 3581; x_wconf 89' lang='lat' dir='ltr'><strong>nutum</strong></span> <span class='ocrx_word' id='word_1_508' title='bbox 2759 3523 3272 3578; x_wconf 82' lang='lat' dir='ltr'><strong>accommodaretis.</strong></span> <span class='ocrx_word' id='word_1_509' title='bbox 3297 3521 3431 3588; x_wconf 73' lang='lat' dir='ltr'><strong>Qui~</strong></span> 
     </span>
    </p>
   </div>
   <div class='ocr_carea' id='block_1_66' title="bbox 170 3614 1748 3702">
    <p class='ocr_par' dir='ltr' id='par_1_66' title="bbox 170 3625 1744 3702">
     <span class='ocr_line' id='line_1_66' title="bbox 170 3625 1744 3702; baseline -0.004 -17"><span class='ocrx_word' id='word_1_510' title='bbox 170 3631 479 3702; x_wconf 75' lang='grc' dir='ltr'>φιλόνεικον</span> <span class='ocrx_word' id='word_1_511' title='bbox 503 3631 797 3702; x_wconf 81' lang='grc' dir='ltr'>ὁρίζονται,</span> <span class='ocrx_word' id='word_1_512' title='bbox 828 3630 933 3695; x_wconf 82' lang='grc' dir='ltr'>ὅτι,</span> <span class='ocrx_word' id='word_1_513' title='bbox 965 3629 1097 3682; x_wconf 87' lang='grc' dir='ltr'>Ὅτε</span> <span class='ocrx_word' id='word_1_514' title='bbox 1138 3627 1209 3681; x_wconf 82' lang='grc' dir='ltr'><strong>τὰ</strong></span> <span class='ocrx_word' id='word_1_515' title='bbox 1252 3625 1502 3696; x_wconf 80' lang='grc' dir='ltr'>γενέθλια</span> <span class='ocrx_word' id='word_1_516' title='bbox 1533 3627 1608 3698; x_wconf 84' lang='lat'><strong>(5)</strong></span> <span class='ocrx_word' id='word_1_517' title='bbox 1652 3625 1744 3679; x_wconf 82' lang='grc' dir='ltr'>τοῦ</span> 
     </span>
    </p>
   </div>
   <div class='ocr_carea' id='block_1_67' title="bbox 1851 3614 3428 3702">
    <p class='ocr_par' dir='ltr' id='par_1_67' title="bbox 1851 3614 3428 3691">
     <span class='ocr_line' id='line_1_67' title="bbox 1851 3614 3428 3691; baseline -0.005 -14"><span class='ocrx_word' id='word_1_518' title='bbox 1851 3623 1972 3677; x_wconf 89' lang='lat' dir='ltr'><strong>dam</strong></span> <span class='ocrx_word' id='word_1_519' title='bbox 2005 3623 2169 3678; x_wconf 89' lang='lat' dir='ltr'><strong>etiam</strong></span> <span class='ocrx_word' id='word_1_520' title='bbox 2206 3620 2545 3691; x_wconf 80' lang='lat' dir='ltr'><strong>pervicacius</strong></span> <span class='ocrx_word' id='word_1_521' title='bbox 2586 3616 2891 3682; x_wconf 79' lang='lat' dir='ltr'><strong>deﬁniunt,</strong></span> <span class='ocrx_word' id='word_1_522' title='bbox 2926 3624 3005 3678; x_wconf 86' lang='lat' dir='ltr'><strong>et,</strong></span> <span class='ocrx_word' id='word_1_523' title='bbox 3038 3614 3177 3671; x_wconf 88' lang='lat' dir='ltr'><strong>Cum</strong></span> <span class='ocrx_word' id='word_1_524' title='bbox 3208 3616 3428 3679; x_wconf 88' lang='lat' dir='ltr'><strong>natalis,</strong></span> 
     </span>
    </p>
   </div>
   <div class='ocr_carea' id='block_1_68' title="bbox 171 3718 1747 3793">
    <p class='ocr_par' dir='ltr' id='par_1_68' title="bbox 171 3718 1747 3793">
     <span class='ocr_line' id='line_1_68' title="bbox 171 3718 1747 3793; baseline -0.004 -14"><span class='ocrx_word' id='word_1_525' title='bbox 171 3724 610 3788; x_wconf 82' lang='grc' dir='ltr'>Κωνσταντίνου,</span> <span class='ocrx_word' id='word_1_526' title='bbox 635 3722 759 3776; x_wconf 87' lang='grc' dir='ltr'>τότε</span> <span class='ocrx_word' id='word_1_527' title='bbox 790 3719 1243 3793; x_wconf 79' lang='grc' dir='ltr'>μετεποιήσασθε,</span> <span class='ocrx_word' id='word_1_528' title='bbox 1272 3720 1424 3791; x_wconf 77' lang='grc' dir='ltr'>φησὶ,</span> <span class='ocrx_word' id='word_1_529' title='bbox 1443 3718 1505 3772; x_wconf 79' lang='grc' dir='ltr'>τὸ</span> <span class='ocrx_word' id='word_1_530' title='bbox 1532 3719 1747 3789; x_wconf 85' lang='grc' dir='ltr'>Πάσχα.</span> 
     </span>
    </p>
   </div>
   <div class='ocr_carea' id='block_1_69' title="bbox 176 3806 1754 3885">
    <p class='ocr_par' dir='ltr' id='par_1_69' title="bbox 176 3806 1754 3885">
     <span class='ocr_line' id='line_1_69' title="bbox 176 3806 1754 3885; baseline -0.005 -17"><span class='ocrx_word' id='word_1_531' title='bbox 176 3815 285 3868; x_wconf 67' lang='grc' dir='ltr'><strong>Καὶ</strong></span> <span class='ocrx_word' id='word_1_532' title='bbox 316 3815 369 3867; x_wconf 74' lang='lat' dir='ltr'><strong>ei</strong></span> <span class='ocrx_word' id='word_1_533' title='bbox 422 3813 522 3885; x_wconf 75' lang='grc' dir='ltr'>μὲν</span> <span class='ocrx_word' id='word_1_534' title='bbox 566 3814 636 3884; x_wconf 80' lang='grc' dir='ltr'>τῇ</span> <span class='ocrx_word' id='word_1_535' title='bbox 672 3812 810 3883; x_wconf 76' lang='grc' dir='ltr'>αὐτῇ</span> <span class='ocrx_word' id='word_1_536' title='bbox 847 3810 1033 3883; x_wconf 75' lang='grc' dir='ltr'>ἡμέρᾳ</span> <span class='ocrx_word' id='word_1_537' title='bbox 1069 3809 1135 3863; x_wconf 78' lang='grc' dir='ltr'>τὸ</span> <span class='ocrx_word' id='word_1_538' title='bbox 1177 3808 1372 3879; x_wconf 85' lang='grc' dir='ltr'>Πάσχα</span> <span class='ocrx_word' id='word_1_539' title='bbox 1417 3809 1584 3879; x_wconf 77' lang='grc' dir='ltr'>ῆγετο</span> <span class='ocrx_word' id='word_1_540' title='bbox 1629 3806 1754 3861; x_wconf 89' lang='grc' dir='ltr'>κατ’</span> 
     </span>
    </p>
   </div>
   <div class='ocr_carea' id='block_1_70' title="bbox 173 3897 1751 3975">
    <p class='ocr_par' dir='ltr' id='par_1_70' title="bbox 173 3897 1751 3975">
     <span class='ocr_line' id='line_1_70' title="bbox 173 3897 1751 3975; baseline -0.006 -16"><span class='ocrx_word' id='word_1_541' title='bbox 173 3905 313 3970; x_wconf 73' lang='grc' dir='ltr'>ἔτος,</span> <span class='ocrx_word' id='word_1_542' title='bbox 354 3905 451 3958; x_wconf 74' lang='grc' dir='ltr'>καὶ</span> <span class='ocrx_word' id='word_1_543' title='bbox 478 3905 547 3975; x_wconf 76' lang='grc' dir='ltr'><strong>τῇ</strong></span> <span class='ocrx_word' id='word_1_544' title='bbox 574 3904 711 3974; x_wconf 77' lang='grc' dir='ltr'>αὐτῇ</span> <span class='ocrx_word' id='word_1_545' title='bbox 743 3902 954 3974; x_wconf 83' lang='grc' dir='ltr'>ὡρίσθη</span> <span class='ocrx_word' id='word_1_546' title='bbox 983 3900 1143 3956; x_wconf 85' lang='grc' dir='ltr'>τοῦτο</span> <span class='ocrx_word' id='word_1_547' title='bbox 1174 3902 1348 3954; x_wconf 79' lang='grc' dir='ltr'>ποιεῖν</span> <span class='ocrx_word' id='word_1_548' title='bbox 1377 3898 1472 3952; x_wconf 74' lang='grc' dir='ltr'><strong>ἐπὶ</strong></span> <span class='ocrx_word' id='word_1_549' title='bbox 1501 3898 1599 3970; x_wconf 86' lang='grc' dir='ltr'><strong>τῆς</strong></span> <span class='ocrx_word' id='word_1_550' title='bbox 1617 3897 1751 3951; x_wconf 75' lang='grc' dir='ltr'><strong>’ἐπὶ</strong></span> 
     </span>
    </p>
   </div>
   <div class='ocr_carea' id='block_1_71' title="bbox 176 3985 1750 4063">
    <p class='ocr_par' dir='ltr' id='par_1_71' title="bbox 176 3985 1750 4063">
     <span class='ocr_line' id='line_1_71' title="bbox 176 3985 1750 4063; baseline -0.005 -14"><span class='ocrx_word' id='word_1_551' title='bbox 176 3992 585 4049; x_wconf 74' lang='grc' dir='ltr'>Κωνσταντίνου</span> <span class='ocrx_word' id='word_1_552' title='bbox 625 3991 983 4063; x_wconf 81' lang='grc' dir='ltr'>συναχθείσης</span> <span class='ocrx_word' id='word_1_553' title='bbox 1033 3991 1290 4055; x_wconf 85' lang='grc' dir='ltr'>συνόδου,</span> <span class='ocrx_word' id='word_1_554' title='bbox 1334 3989 1558 4043; x_wconf 74' lang='grc' dir='ltr'>πιθανὸν</span> <span class='ocrx_word' id='word_1_555' title='bbox 1588 3985 1658 4060; x_wconf 83' lang='grc' dir='ltr'>ἦν</span> <span class='ocrx_word' id='word_1_556' title='bbox 1690 3988 1750 4042; x_wconf 87' lang='grc' dir='ltr'><strong>τὸ</strong></span> 
     </span>
    </p>
   </div>
   <div class='ocr_carea' id='block_1_72' title="bbox 176 4079 1752 4161">
    <p class='ocr_par' dir='ltr' id='par_1_72' title="bbox 176 4079 1752 4161">
     <span class='ocr_line' id='line_1_72' title="bbox 176 4079 1752 4161; baseline -0.006 -18"><span class='ocrx_word' id='word_1_557' title='bbox 176 4091 306 4161; x_wconf 64' lang='grc' dir='ltr'><strong>¹παρ’</strong></span> <span class='ocrx_word' id='word_1_558' title='bbox 326 4088 510 4151; x_wconf 76' lang='grc' dir='ltr'>αὐτοῖς</span> <span class='ocrx_word' id='word_1_559' title='bbox 535 4086 830 4157; x_wconf 85' lang='grc' dir='ltr'>λεγόμενον</span> <span class='ocrx_word' id='word_1_560' title='bbox 848 4102 864 4117; x_wconf 72' lang='grc' dir='ltr'><strong>ο</strong></span> <span class='ocrx_word' id='word_1_561' title='bbox 890 4084 1052 4137; x_wconf 77' lang='grc' dir='ltr'>ὁπότε</span> <span class='ocrx_word' id='word_1_562' title='bbox 1080 4082 1138 4136; x_wconf 83' lang='grc' dir='ltr'>δὲ</span> <span class='ocrx_word' id='word_1_563' title='bbox 1166 4081 1289 4136; x_wconf 85' lang='grc' dir='ltr'>καθ’</span> <span class='ocrx_word' id='word_1_564' title='bbox 1316 4079 1547 4135; x_wconf 69' lang='grc' dir='ltr'>ἕκαστον</span> <span class='ocrx_word' id='word_1_565' title='bbox 1571 4081 1752 4134; x_wconf 84' lang='grc' dir='ltr'>ὲνιαυ-</span> 
     </span>
    </p>
   </div>
   <div class='ocr_carea' id='block_1_73' title="bbox 173 4169 1746 4248">
    <p class='ocr_par' dir='ltr' id='par_1_73' title="bbox 173 4169 1746 4248">
     <span class='ocr_line' id='line_1_73' title="bbox 173 4169 1746 4248; baseline -0.008 -14"><span class='ocrx_word' id='word_1_566' title='bbox 173 4180 265 4234; x_wconf 74' lang='grc' dir='ltr'>τὸν</span> <span class='ocrx_word' id='word_1_567' title='bbox 286 4180 348 4233; x_wconf 81' lang='grc' dir='ltr'><strong>οὐ</strong></span> <span class='ocrx_word' id='word_1_568' title='bbox 379 4178 601 4232; x_wconf 78' lang='grc' dir='ltr'>δύναται</span> <span class='ocrx_word' id='word_1_569' title='bbox 629 4176 848 4248; x_wconf 73' lang='grc' dir='ltr'>ἔχεσθαι</span> <span class='ocrx_word' id='word_1_570' title='bbox 866 4174 967 4245; x_wconf 84' lang='grc' dir='ltr'><strong>τῆς</strong></span> <span class='ocrx_word' id='word_1_571' title='bbox 985 4173 1155 4245; x_wconf 79' lang='grc' dir='ltr'>αὐτῆς</span> <span class='ocrx_word' id='word_1_572' title='bbox 1172 4172 1353 4244; x_wconf 82' lang='grc' dir='ltr'>ψήφου</span> <span class='ocrx_word' id='word_1_573' title='bbox 1382 4172 1417 4243; x_wconf 77' lang='grc' dir='ltr'><strong>ἡ</strong></span> <span class='ocrx_word' id='word_1_574' title='bbox 1439 4169 1746 4233; x_wconf 80' lang='grc' dir='ltr'>ἀκολουθία,</span> 
     </span>
    </p>
   </div>
   <div class='ocr_carea' id='block_1_74' title="bbox 175 4259 1749 4336">
    <p class='ocr_par' dir='ltr' id='par_1_74' title="bbox 175 4259 1749 4336">
     <span class='ocr_line' id='line_1_74' title="bbox 175 4259 1749 4336; baseline -0.007 -12"><span class='ocrx_word' id='word_1_575' title='bbox 175 4271 422 4324; x_wconf 83' lang='grc' dir='ltr'>διέπεσεν</span> <span class='ocrx_word' id='word_1_576' title='bbox 463 4270 493 4323; x_wconf 92' lang='grc' dir='ltr'><strong>ὁ</strong></span> <span class='ocrx_word' id='word_1_577' title='bbox 522 4268 701 4323; x_wconf 83' lang='grc' dir='ltr'>αὐτῶν</span> <span class='ocrx_word' id='word_1_578' title='bbox 736 4267 913 4336; x_wconf 82' lang='grc' dir='ltr'>λόγος.</span> <span class='ocrx_word' id='word_1_579' title='bbox 951 4265 1025 4318; x_wconf 75' lang='grc' dir='ltr'><strong>Οὐ</strong></span> <span class='ocrx_word' id='word_1_580' title='bbox 1054 4265 1162 4336; x_wconf 80' lang='grc' dir='ltr'>γὰρ</span> <span class='ocrx_word' id='word_1_581' title='bbox 1208 4263 1298 4318; x_wconf 82' lang='grc' dir='ltr'><strong>διά</strong></span> <span class='ocrx_word' id='word_1_582' title='bbox 1329 4263 1390 4317; x_wconf 83' lang='grc' dir='ltr'>τὸ</span> <span class='ocrx_word' id='word_1_583' title='bbox 1420 4260 1693 4332; x_wconf 86' lang='grc' dir='ltr'>γενέθλιον</span> <span class='ocrx_word' id='word_1_584' title='bbox 1719 4259 1749 4311; x_wconf 92' lang='grc' dir='ltr'><strong>ὁ</strong></span> 
     </span>
    </p>
   </div>
   <div class='ocr_carea' id='block_1_75' title="bbox 180 4350 1749 4432">
    <p class='ocr_par' dir='ltr' id='par_1_75' title="bbox 180 4350 1749 4432">
     <span class='ocr_line' id='line_1_75' title="bbox 180 4350 1749 4432; baseline -0.006 -18"><span class='ocrx_word' id='word_1_585' title='bbox 180 4362 431 4432; x_wconf 79' lang='grc' dir='ltr'>βασιλεὺς</span> <span class='ocrx_word' id='word_1_586' title='bbox 479 4358 888 4431; x_wconf 69' lang='grc' dir='ltr'>ἑπεμελήσατο,</span> <span class='ocrx_word' id='word_1_587' title='bbox 941 4356 1080 4410; x_wconf 83' lang='grc' dir='ltr'>ἀλλὰ</span> <span class='ocrx_word' id='word_1_588' title='bbox 1130 4355 1221 4409; x_wconf 83' lang='grc' dir='ltr'><strong>διὰ</strong></span> <span class='ocrx_word' id='word_1_589' title='bbox 1262 4353 1363 4425; x_wconf 83' lang='grc' dir='ltr'>τὴν</span> <span class='ocrx_word' id='word_1_590' title='bbox 1411 4352 1606 4406; x_wconf 64' lang='grc' dir='ltr'>ἕνωσιν</span> <span class='ocrx_word' id='word_1_591' title='bbox 1647 4350 1749 4422; x_wconf 85' lang='grc' dir='ltr'><strong>τῆς</strong></span> 
     </span>
    </p>
   </div>
   <div class='ocr_carea' id='block_1_76' title="bbox 190 4444 1752 4525">
    <p class='ocr_par' dir='ltr' id='par_1_76' title="bbox 190 4444 1752 4525">
     <span class='ocr_line' id='line_1_76' title="bbox 190 4444 1752 4525; baseline -0.006 -17"><span class='ocrx_word' id='word_1_592' title='bbox 190 4454 528 4525; x_wconf 81' lang='grc' dir='ltr'>Ἐκκλησίας.</span> <span class='ocrx_word' id='word_1_593' title='bbox 560 4451 652 4522; x_wconf 81' lang='grc' dir='ltr'>Τῷ</span> <span class='ocrx_word' id='word_1_594' title='bbox 688 4452 797 4522; x_wconf 84' lang='grc' dir='ltr'><strong>γὰρ</strong></span> <span class='ocrx_word' id='word_1_595' title='bbox 834 4450 947 4505; x_wconf 78' lang='grc' dir='ltr'>ὄντι</span> <span class='ocrx_word' id='word_1_596' title='bbox 977 4448 1071 4503; x_wconf 75' lang='grc' dir='ltr'>δύο</span> <span class='ocrx_word' id='word_1_597' title='bbox 1101 4449 1333 4521; x_wconf 86' lang='grc' dir='ltr'>μέγιστα</span> <span class='ocrx_word' id='word_1_598' title='bbox 1369 4448 1502 4519; x_wconf 83' lang='grc' dir='ltr'><strong>ήμῖν</strong></span> <span class='ocrx_word' id='word_1_599' title='bbox 1533 4444 1752 4518; x_wconf 82' lang='grc' dir='ltr'>κατώρ-</span> 
     </span>
    </p>
   </div>
   <div class='ocr_carea' id='block_1_77' title="bbox 179 4536 1747 4613">
    <p class='ocr_par' dir='ltr' id='par_1_77' title="bbox 179 4536 1747 4613">
     <span class='ocr_line' id='line_1_77' title="bbox 179 4536 1747 4613; baseline -0.008 -12"><span class='ocrx_word' id='word_1_600' title='bbox 179 4544 345 4602; x_wconf 74' lang='grc' dir='ltr'>θωσεν</span> <span class='ocrx_word' id='word_1_601' title='bbox 374 4548 402 4600; x_wconf 88' lang='lat'><strong>6</strong></span> <span class='ocrx_word' id='word_1_602' title='bbox 448 4544 581 4611; x_wconf 80' lang='grc' dir='ltr'>Θεὸς</span> <span class='ocrx_word' id='word_1_603' title='bbox 625 4543 714 4598; x_wconf 83' lang='grc' dir='ltr'><strong>διὰ</strong></span> <span class='ocrx_word' id='word_1_604' title='bbox 756 4543 850 4597; x_wconf 82' lang='grc' dir='ltr'>τοῦ</span> <span class='ocrx_word' id='word_1_605' title='bbox 890 4540 1288 4613; x_wconf 75' lang='grc' dir='ltr'>προειρημένου</span> <span class='ocrx_word' id='word_1_606' title='bbox 1337 4536 1747 4593; x_wconf 81' lang='grc' dir='ltr'>Κωνσταντίνου</span> 
     </span>
    </p>
   </div>
   <div class='ocr_carea' id='block_1_78' title="bbox 174 4627 1749 4706">
    <p class='ocr_par' dir='ltr' id='par_1_78' title="bbox 174 4627 1749 4706">
     <span class='ocr_line' id='line_1_78' title="bbox 174 4627 1749 4706; baseline -0.007 -15"><span class='ocrx_word' id='word_1_607' title='bbox 174 4640 270 4693; x_wconf 84' lang='grc' dir='ltr'><strong>τοῦ</strong></span> <span class='ocrx_word' id='word_1_608' title='bbox 308 4635 721 4706; x_wconf 84' lang='grc' dir='ltr'>θεοφιλεστάτου</span> <span class='ocrx_word' id='word_1_609' title='bbox 767 4634 862 4688; x_wconf 77' lang='grc' dir='ltr'>καὶ</span> <span class='ocrx_word' id='word_1_610' title='bbox 902 4631 994 4687; x_wconf 74' lang='grc' dir='ltr'><strong>ἀεὶ</strong></span> <span class='ocrx_word' id='word_1_611' title='bbox 1026 4628 1391 4703; x_wconf 82' lang='grc' dir='ltr'>μακαριστοῦ,</span> <span class='ocrx_word' id='word_1_612' title='bbox 1429 4629 1492 4683; x_wconf 77' lang='grc' dir='ltr'>τὸ</span> <span class='ocrx_word' id='word_1_613' title='bbox 1524 4627 1749 4692; x_wconf 80' lang='grc' dir='ltr'>συνάξαι</span> 
     </span>
    </p>
   </div>
   <div class='ocr_carea' id='block_1_79' title="bbox 176 4720 1749 4801">
    <p class='ocr_par' dir='ltr' id='par_1_79' title="bbox 176 4720 1749 4801">
     <span class='ocr_line' id='line_1_79' title="bbox 176 4720 1749 4801; baseline -0.007 -17"><span class='ocrx_word' id='word_1_614' title='bbox 176 4729 554 4801; x_wconf 80' lang='grc' dir='ltr'>οίκουμενικὴν</span> <span class='ocrx_word' id='word_1_615' title='bbox 604 4726 841 4789; x_wconf 77' lang='grc' dir='ltr'>σύνοδον,</span> <span class='ocrx_word' id='word_1_616' title='bbox 890 4724 987 4779; x_wconf 73' lang='grc' dir='ltr'>καὶ</span> <span class='ocrx_word' id='word_1_617' title='bbox 1013 4722 1275 4777; x_wconf 74' lang='grc' dir='ltr'>ἐκθέσθαι</span> <span class='ocrx_word' id='word_1_618' title='bbox 1320 4721 1420 4795; x_wconf 79' lang='grc' dir='ltr'>τὴν</span> <span class='ocrx_word' id='word_1_619' title='bbox 1446 4723 1505 4775; x_wconf 68' lang='grc' dir='ltr'>ἐν</span> <span class='ocrx_word' id='word_1_620' title='bbox 1542 4720 1749 4792; x_wconf 73' lang='grc' dir='ltr'>Νικαίᾳ</span> 
     </span>
    </p>
   </div>
   <div class='ocr_carea' id='block_1_80' title="bbox 179 4812 1749 4888">
    <p class='ocr_par' dir='ltr' id='par_1_80' title="bbox 179 4812 1749 4888">
     <span class='ocr_line' id='line_1_80' title="bbox 179 4812 1749 4888; baseline -0.005 -16"><span class='ocrx_word' id='word_1_621' title='bbox 179 4818 486 4874; x_wconf 76' lang='grc' dir='ltr'>ἐκτεθεῖσαν</span> <span class='ocrx_word' id='word_1_622' title='bbox 528 4817 731 4884; x_wconf 83' lang='grc' dir='ltr'>πίστιν,</span> <span class='ocrx_word' id='word_1_623' title='bbox 764 4816 860 4871; x_wconf 71' lang='grc' dir='ltr'>καὶ</span> <span class='ocrx_word' id='word_1_624' title='bbox 893 4813 1318 4888; x_wconf 79' lang='grc' dir='ltr'>ὁμολογηθεῖσαν</span> <span class='ocrx_word' id='word_1_625' title='bbox 1360 4812 1479 4885; x_wconf 84' lang='grc' dir='ltr'>μεθ’</span> <span class='ocrx_word' id='word_1_626' title='bbox 1507 4812 1749 4884; x_wconf 84' lang='grc' dir='ltr'>ὑπογρα-</span> 
     </span>
    </p>
   </div>
   <div class='ocr_carea' id='block_1_81' title="bbox 180 4903 1759 4987">
    <p class='ocr_par' dir='ltr' id='par_1_81' title="bbox 180 4903 1759 4987">
     <span class='ocr_line' id='line_1_81' title="bbox 180 4903 1759 4987; baseline -0.004 -24"><span class='ocrx_word' id='word_1_627' title='bbox 180 4910 282 4978; x_wconf 85' lang='grc' dir='ltr'><strong>φῆς</strong></span> <span class='ocrx_word' id='word_1_628' title='bbox 319 4908 425 4962; x_wconf 84' lang='grc' dir='ltr'>τῶν</span> <span class='ocrx_word' id='word_1_629' title='bbox 465 4908 825 4961; x_wconf 82' lang='grc' dir='ltr'>συνελθόντων</span> <span class='ocrx_word' id='word_1_630' title='bbox 858 4906 1194 4971; x_wconf 69' lang='grc' dir='ltr'>ἐπισκόπων,</span> <span class='ocrx_word' id='word_1_631' title='bbox 1221 4903 1613 4977; x_wconf 80' lang='grc' dir='ltr'>καθαιρεθῆναι</span> <span class='ocrx_word' id='word_1_632' title='bbox 1646 4903 1759 4987; x_wconf 47' lang='grc' dir='ltr'><strong>μὲι</strong></span> 
     </span>
    </p>
   </div>
   <div class='ocr_carea' id='block_1_82' title="bbox 1852 3705 3430 3783">
    <p class='ocr_par' dir='ltr' id='par_1_82' title="bbox 1852 3705 3430 3783">
     <span class='ocr_line' id='line_1_82' title="bbox 1852 3705 3430 3783; baseline -0.006 -15"><span class='ocrx_word' id='word_1_633' title='bbox 1852 3714 2132 3783; x_wconf 91' lang='lat' dir='ltr'><strong>inquiunt,</strong></span> <span class='ocrx_word' id='word_1_634' title='bbox 2157 3710 2500 3767; x_wconf 75' lang='lat' dir='ltr'><strong>Constantini</strong></span> <span class='ocrx_word' id='word_1_635' title='bbox 2523 3709 2917 3772; x_wconf 88' lang='lat' dir='ltr'><strong>celebraretur,</strong></span> <span class='ocrx_word' id='word_1_636' title='bbox 2948 3705 3234 3762; x_wconf 78' lang='lat' dir='ltr'><strong>Paschalis</strong></span> <span class='ocrx_word' id='word_1_637' title='bbox 3261 3706 3430 3759; x_wconf 86' lang='lat' dir='ltr'><strong>ratio-</strong></span> 
     </span>
    </p>
   </div>
   <div class='ocr_carea' id='block_1_83' title="bbox 1850 3796 3433 3867">
    <p class='ocr_par' dir='ltr' id='par_1_83' title="bbox 1850 3796 3433 3867">
     <span class='ocr_line' id='line_1_83' title="bbox 1850 3796 3433 3867; baseline -0.006 -7"><span class='ocrx_word' id='word_1_638' title='bbox 1850 3821 1975 3860; x_wconf 81' lang='lat' dir='ltr'><strong>nein</strong></span> <span class='ocrx_word' id='word_1_639' title='bbox 2026 3804 2381 3860; x_wconf 85' lang='lat' dir='ltr'><strong>immutastis.</strong></span> <span class='ocrx_word' id='word_1_640' title='bbox 2430 3800 2628 3857; x_wconf 83' lang='lat' dir='ltr'><strong>Verum</strong></span> <span class='ocrx_word' id='word_1_641' title='bbox 2670 3800 2720 3855; x_wconf 88' lang='lat' dir='ltr'><strong>si</strong></span> <span class='ocrx_word' id='word_1_642' title='bbox 2764 3799 2955 3855; x_wconf 90' lang='lat' dir='ltr'><strong>eadem</strong></span> <span class='ocrx_word' id='word_1_643' title='bbox 3002 3797 3301 3867; x_wconf 86' lang='lat' dir='ltr'><strong>quotannis</strong></span> <span class='ocrx_word' id='word_1_644' title='bbox 3341 3796 3433 3851; x_wconf 89' lang='lat' dir='ltr'><strong>die</strong></span> 
     </span>
    </p>
   </div>
   <div class='ocr_carea' id='block_1_84' title="bbox 1850 3889 3432 3967">
    <p class='ocr_par' dir='ltr' id='par_1_84' title="bbox 1850 3889 3432 3967">
     <span class='ocr_line' id='line_1_84' title="bbox 1850 3889 3432 3967; baseline -0.005 -14"><span class='ocrx_word' id='word_1_645' title='bbox 1850 3897 2060 3953; x_wconf 88' lang='lat' dir='ltr'><strong>Pascha</strong></span> <span class='ocrx_word' id='word_1_646' title='bbox 2085 3903 2591 3967; x_wconf 72' lang='lat' dir='ltr'><strong>repraesentaretur,</strong></span> <span class='ocrx_word' id='word_1_647' title='bbox 2620 3895 2676 3952; x_wconf 87' lang='lat' dir='ltr'><strong>in</strong></span> <span class='ocrx_word' id='word_1_648' title='bbox 2698 3908 2875 3964; x_wconf 87' lang='lat' dir='ltr'><strong>eaque</strong></span> <span class='ocrx_word' id='word_1_649' title='bbox 2895 3889 3282 3948; x_wconf 87' lang='lat' dir='ltr'><strong>celebrandum</strong></span> <span class='ocrx_word' id='word_1_650' title='bbox 3307 3904 3432 3945; x_wconf 88' lang='lat' dir='ltr'><strong>esse</strong></span> 
     </span>
    </p>
   </div>
   <div class='ocr_carea' id='block_1_85' title="bbox 1850 3984 3429 4061">
    <p class='ocr_par' dir='ltr' id='par_1_85' title="bbox 1850 3984 3429 4061">
     <span class='ocr_line' id='line_1_85' title="bbox 1850 3984 3429 4061; baseline -0.006 -14"><span class='ocrx_word' id='word_1_651' title='bbox 1850 3990 2139 4047; x_wconf 87' lang='lat' dir='ltr'><strong>statuisset</strong></span> <span class='ocrx_word' id='word_1_652' title='bbox 2177 3991 2267 4044; x_wconf 88' lang='lat' dir='ltr'><strong>illa</strong></span> <span class='ocrx_word' id='word_1_653' title='bbox 2300 3990 2545 4061; x_wconf 87' lang='lat' dir='ltr'><strong>synodus</strong></span> <span class='ocrx_word' id='word_1_654' title='bbox 2573 4002 2604 4041; x_wconf 93' lang='lat' dir='ltr'><strong>a</strong></span> <span class='ocrx_word' id='word_1_655' title='bbox 2634 3984 2996 4043; x_wconf 86' lang='lat' dir='ltr'><strong>Constantino</strong></span> <span class='ocrx_word' id='word_1_656' title='bbox 3023 3984 3271 4048; x_wconf 87' lang='lat' dir='ltr'><strong>collecta,</strong></span> <span class='ocrx_word' id='word_1_657' title='bbox 3302 3998 3429 4053; x_wconf 83' lang='lat' dir='ltr'><strong>pro-</strong></span> 
     </span>
    </p>
   </div>
   <div class='ocr_carea' id='block_1_86' title="bbox 1850 4072 3433 4136">
    <p class='ocr_par' dir='ltr' id='par_1_86' title="bbox 1850 4072 3433 4136">
     <span class='ocr_line' id='line_1_86' title="bbox 1850 4072 3433 4136; baseline -0.006 -1"><span class='ocrx_word' id='word_1_658' title='bbox 1850 4081 2049 4136; x_wconf 87' lang='lat' dir='ltr'><strong>habilis</strong></span> <span class='ocrx_word' id='word_1_659' title='bbox 2086 4080 2317 4135; x_wconf 90' lang='lat' dir='ltr'><strong>istorum</strong></span> <span class='ocrx_word' id='word_1_660' title='bbox 2350 4086 2502 4135; x_wconf 85' lang='lat' dir='ltr'><strong>esset</strong></span> <span class='ocrx_word' id='word_1_661' title='bbox 2530 4079 2728 4133; x_wconf 89' lang='lat' dir='ltr'><strong>oratio.</strong></span> <span class='ocrx_word' id='word_1_662' title='bbox 2766 4074 2927 4130; x_wconf 86' lang='lat' dir='ltr'><strong>Nunc</strong></span> <span class='ocrx_word' id='word_1_663' title='bbox 2958 4090 3084 4129; x_wconf 89' lang='lat' dir='ltr'><strong>cum</strong></span> <span class='ocrx_word' id='word_1_664' title='bbox 3117 4074 3279 4128; x_wconf 82' lang='lat' dir='ltr'><strong>annis</strong></span> <span class='ocrx_word' id='word_1_665' title='bbox 3300 4072 3433 4128; x_wconf 87' lang='lat' dir='ltr'><strong>sin-</strong></span> 
     </span>
    </p>
   </div>
   <div class='ocr_carea' id='block_1_87' title="bbox 1848 4165 3432 4242">
    <p class='ocr_par' dir='ltr' id='par_1_87' title="bbox 1848 4165 3432 4242">
     <span class='ocr_line' id='line_1_87' title="bbox 1848 4165 3432 4242; baseline -0.006 -17"><span class='ocrx_word' id='word_1_666' title='bbox 1848 4173 1992 4242; x_wconf 87' lang='lat' dir='ltr'><strong>gulis</strong></span> <span class='ocrx_word' id='word_1_667' title='bbox 2030 4185 2141 4225; x_wconf 90' lang='lat' dir='ltr'><strong>non</strong></span> <span class='ocrx_word' id='word_1_668' title='bbox 2194 4169 2389 4225; x_wconf 79' lang='lat' dir='ltr'><strong>eadem</strong></span> <span class='ocrx_word' id='word_1_669' title='bbox 2424 4179 2732 4239; x_wconf 85' lang='lat' dir='ltr'><strong>temporum</strong></span> <span class='ocrx_word' id='word_1_670' title='bbox 2779 4168 2952 4223; x_wconf 85' lang='lat' dir='ltr'><strong>series</strong></span> <span class='ocrx_word' id='word_1_671' title='bbox 2987 4165 3306 4235; x_wconf 87' lang='lat' dir='ltr'><strong>putatioque</strong></span> <span class='ocrx_word' id='word_1_672' title='bbox 3345 4178 3432 4216; x_wconf 84' lang='lat' dir='ltr'><strong>re-</strong></span> 
     </span>
    </p>
   </div>
   <div class='ocr_carea' id='block_1_88' title="bbox 1848 4253 3430 4332">
    <p class='ocr_par' dir='ltr' id='par_1_88' title="bbox 1848 4253 3430 4332">
     <span class='ocr_line' id='line_1_88' title="bbox 1848 4253 3430 4332; baseline -0.009 -15"><span class='ocrx_word' id='word_1_673' title='bbox 1848 4261 2135 4332; x_wconf 85' lang='lat' dir='ltr'><strong>spondeat,</strong></span> <span class='ocrx_word' id='word_1_674' title='bbox 2180 4259 2363 4313; x_wconf 89' lang='lat' dir='ltr'><strong>inanis</strong></span> <span class='ocrx_word' id='word_1_675' title='bbox 2386 4267 2471 4314; x_wconf 90' lang='lat' dir='ltr'><strong>cst</strong></span> <span class='ocrx_word' id='word_1_676' title='bbox 2499 4259 2606 4313; x_wconf 90' lang='lat' dir='ltr'><strong>ista</strong></span> <span class='ocrx_word' id='word_1_677' title='bbox 2638 4258 2795 4311; x_wconf 88' lang='lat' dir='ltr'><strong>ratio.</strong></span> <span class='ocrx_word' id='word_1_678' title='bbox 2830 4255 2947 4311; x_wconf 86' lang='lat' dir='ltr'><strong>Non</strong></span> <span class='ocrx_word' id='word_1_679' title='bbox 2982 4254 3127 4309; x_wconf 90' lang='lat' dir='ltr'><strong>enim</strong></span> <span class='ocrx_word' id='word_1_680' title='bbox 3166 4253 3236 4307; x_wconf 87' lang='lat' dir='ltr'><strong>ob</strong></span> <span class='ocrx_word' id='word_1_681' title='bbox 3270 4259 3430 4304; x_wconf 89' lang='lat' dir='ltr'><strong>nata-</strong></span> 
     </span>
    </p>
   </div>
   <div class='ocr_carea' id='block_1_89' title="bbox 1846 4340 3427 4416">
    <p class='ocr_par' dir='ltr' id='par_1_89' title="bbox 1846 4340 3427 4416">
     <span class='ocr_line' id='line_1_89' title="bbox 1846 4340 3427 4416; baseline -0.01 -7"><span class='ocrx_word' id='word_1_682' title='bbox 1846 4353 1952 4409; x_wconf 86' lang='lat' dir='ltr'><strong>lem</strong></span> <span class='ocrx_word' id='word_1_683' title='bbox 1991 4368 2175 4416; x_wconf 85' lang='lat' dir='ltr'><strong>suum,</strong></span> <span class='ocrx_word' id='word_1_684' title='bbox 2209 4350 2307 4408; x_wconf 90' lang='lat' dir='ltr'><strong>sed</strong></span> <span class='ocrx_word' id='word_1_685' title='bbox 2339 4349 2406 4404; x_wconf 90' lang='lat' dir='ltr'><strong>ad</strong></span> <span class='ocrx_word' id='word_1_686' title='bbox 2449 4349 2748 4404; x_wconf 74' lang='lat' dir='ltr'><strong>Ecclesium</strong></span> <span class='ocrx_word' id='word_1_687' title='bbox 2787 4344 3209 4409; x_wconf 88' lang='lat' dir='ltr'><strong>conciliandam,</strong></span> <span class='ocrx_word' id='word_1_688' title='bbox 3246 4341 3296 4396; x_wconf 93' lang='lat' dir='ltr'><strong>ei</strong></span> <span class='ocrx_word' id='word_1_689' title='bbox 3347 4340 3427 4396; x_wconf 90' lang='lat' dir='ltr'><strong>rei</strong></span> 
     </span>
    </p>
   </div>
   <div class='ocr_carea' id='block_1_90' title="bbox 1849 4431 3426 4512">
    <p class='ocr_par' dir='ltr' id='par_1_90' title="bbox 1849 4431 3426 4512">
     <span class='ocr_line' id='line_1_90' title="bbox 1849 4431 3426 4512; baseline -0.01 -11"><span class='ocrx_word' id='word_1_690' title='bbox 1849 4444 2090 4501; x_wconf 85' lang='lat' dir='ltr'><strong>studium</strong></span> <span class='ocrx_word' id='word_1_691' title='bbox 2126 4444 2424 4512; x_wconf 87' lang='lat' dir='ltr'><strong>imperator</strong></span> <span class='ocrx_word' id='word_1_692' title='bbox 2470 4440 2741 4495; x_wconf 87' lang='lat' dir='ltr'><strong>adhibuit.</strong></span> <span class='ocrx_word' id='word_1_693' title='bbox 2798 4440 2943 4494; x_wconf 86' lang='lat' dir='ltr'><strong>Sane</strong></span> <span class='ocrx_word' id='word_1_694' title='bbox 2969 4434 3106 4491; x_wconf 89' lang='lat' dir='ltr'><strong>illud</strong></span> <span class='ocrx_word' id='word_1_695' title='bbox 3147 4431 3426 4488; x_wconf 80' lang='lat' dir='ltr'><strong>latendum</strong></span> 
     </span>
    </p>
   </div>
   <div class='ocr_carea' id='block_1_91' title="bbox 1846 4519 3426 4601">
    <p class='ocr_par' dir='ltr' id='par_1_91' title="bbox 1846 4519 3426 4601">
     <span class='ocr_line' id='line_1_91' title="bbox 1846 4519 3426 4601; baseline -0.011 -12"><span class='ocrx_word' id='word_1_696' title='bbox 1846 4533 2009 4589; x_wconf 88' lang='lat' dir='ltr'><strong>nobis</strong></span> <span class='ocrx_word' id='word_1_697' title='bbox 2048 4540 2154 4596; x_wconf 79' lang='lat' dir='ltr'><strong>est,</strong></span> <span class='ocrx_word' id='word_1_698' title='bbox 2207 4531 2316 4586; x_wconf 83' lang='lat' dir='ltr'><strong>duo</strong></span> <span class='ocrx_word' id='word_1_699' title='bbox 2355 4530 2602 4601; x_wconf 83' lang='lat' dir='ltr'><strong>quaedam</strong></span> <span class='ocrx_word' id='word_1_700' title='bbox 2646 4527 2884 4581; x_wconf 80' lang='lat' dir='ltr'><strong>maxima</strong></span> <span class='ocrx_word' id='word_1_701' title='bbox 2928 4539 3024 4594; x_wconf 90' lang='lat' dir='ltr'><strong>per</strong></span> <span class='ocrx_word' id='word_1_702' title='bbox 3070 4519 3426 4592; x_wconf 77' lang='lat' dir='ltr'><strong>religiosissi-</strong></span> 
     </span>
    </p>
   </div>
   <div class='ocr_carea' id='block_1_92' title="bbox 1847 4610 3451 4690">
    <p class='ocr_par' dir='ltr' id='par_1_92' title="bbox 1847 4610 3451 4690">
     <span class='ocr_line' id='line_1_92' title="bbox 1847 4610 3451 4690; baseline -0.012 -10"><span class='ocrx_word' id='word_1_703' title='bbox 1847 4642 2021 4690; x_wconf 88' lang='lat' dir='ltr'><strong>mum,</strong></span> <span class='ocrx_word' id='word_1_704' title='bbox 2058 4640 2121 4680; x_wconf 87' lang='lat' dir='ltr'><strong>ac</strong></span> <span class='ocrx_word' id='word_1_705' title='bbox 2145 4623 2476 4680; x_wconf 80' lang='lat' dir='ltr'><strong>beatissima:</strong></span> <span class='ocrx_word' id='word_1_706' title='bbox 2505 4618 2780 4674; x_wconf 68' lang='lat' dir='ltr'><strong>memoria:</strong></span> <span class='ocrx_word' id='word_1_707' title='bbox 2807 4616 3230 4672; x_wconf 85' lang='lat' dir='ltr'><strong>Constantinum</strong></span> <span class='ocrx_word' id='word_1_708' title='bbox 3260 4627 3288 4665; x_wconf 88' lang='lat' dir='ltr'><strong>a</strong></span> <span class='ocrx_word' id='word_1_709' title='bbox 3315 4610 3451 4671; x_wconf 30' lang='lat' dir='ltr'><strong>Deo,</strong></span> 
     </span>
    </p>
   </div>
   <div class='ocr_carea' id='block_1_93' title="bbox 1846 4705 3425 4787">
    <p class='ocr_par' dir='ltr' id='par_1_93' title="bbox 1846 4705 3425 4787">
     <span class='ocr_line' id='line_1_93' title="bbox 1846 4705 3425 4787; baseline -0.012 -12"><span class='ocrx_word' id='word_1_710' title='bbox 1846 4732 1970 4774; x_wconf 86' lang='lat' dir='ltr'><strong>esse</strong></span> <span class='ocrx_word' id='word_1_711' title='bbox 2005 4717 2536 4787; x_wconf 64' lang='lat' dir='ltr'><strong>praestitazquoruni</strong></span> <span class='ocrx_word' id='word_1_712' title='bbox 2568 4712 2804 4782; x_wconf 87' lang='lat' dir='ltr'><strong>primum</strong></span> <span class='ocrx_word' id='word_1_713' title='bbox 2842 4708 2967 4774; x_wconf 78' lang='lat' dir='ltr'><strong>fuit,</strong></span> <span class='ocrx_word' id='word_1_714' title='bbox 3002 4716 3063 4762; x_wconf 94' lang='lat' dir='ltr'><strong>ut</strong></span> <span class='ocrx_word' id='word_1_715' title='bbox 3087 4705 3425 4762; x_wconf 76' lang='lat' dir='ltr'><strong>meumcnii-a</strong></span> 
     </span>
    </p>
   </div>
   <div class='ocr_carea' id='block_1_94' title="bbox 1847 4796 3425 4881">
    <p class='ocr_par' dir='ltr' id='par_1_94' title="bbox 1847 4796 3425 4881">
     <span class='ocr_line' id='line_1_94' title="bbox 1847 4796 3425 4881; baseline -0.01 -16"><span class='ocrx_word' id='word_1_716' title='bbox 1847 4810 2093 4881; x_wconf 83' lang='lat' dir='ltr'><strong>synodus</strong></span> <span class='ocrx_word' id='word_1_717' title='bbox 2142 4807 2527 4878; x_wconf 80' lang='lat' dir='ltr'><strong>colligeretur,</strong></span> <span class='ocrx_word' id='word_1_718' title='bbox 2571 4818 2636 4857; x_wconf 89' lang='lat' dir='ltr'><strong>ac</strong></span> <span class='ocrx_word' id='word_1_719' title='bbox 2681 4802 2803 4858; x_wconf 78' lang='lat' dir='ltr'><strong>ﬁdei</strong></span> <span class='ocrx_word' id='word_1_720' title='bbox 2841 4814 3054 4857; x_wconf 89' lang='lat' dir='ltr'><strong>summa</strong></span> <span class='ocrx_word' id='word_1_721' title='bbox 3094 4796 3289 4851; x_wconf 64' lang='lat' dir='ltr'><strong>Nicaeae</strong></span> <span class='ocrx_word' id='word_1_722' title='bbox 3329 4811 3425 4851; x_wconf 76' lang='lat' dir='ltr'><strong>eit-</strong></span> 
     </span>
    </p>
   </div>
   <div class='ocr_carea' id='block_1_95' title="bbox 1848 4888 3426 4973">
    <p class='ocr_par' dir='ltr' id='par_1_95' title="bbox 1848 4888 3426 4973">
     <span class='ocr_line' id='line_1_95' title="bbox 1848 4888 3426 4973; baseline -0.013 -15"><span class='ocrx_word' id='word_1_723' title='bbox 1848 4902 2049 4973; x_wconf 88' lang='lat' dir='ltr'><strong>plicata</strong></span> <span class='ocrx_word' id='word_1_724' title='bbox 2082 4905 2501 4970; x_wconf 82' lang='lat' dir='ltr'><strong>proponeretur,</strong></span> <span class='ocrx_word' id='word_1_725' title='bbox 2535 4903 2589 4951; x_wconf 94' lang='lat' dir='ltr'><strong>et</strong></span> <span class='ocrx_word' id='word_1_726' title='bbox 2612 4893 2994 4964; x_wconf 81' lang='lat' dir='ltr'><strong>episcoporum</strong></span> <span class='ocrx_word' id='word_1_727' title='bbox 3035 4888 3129 4960; x_wconf 89' lang='lat' dir='ltr'><strong>qui</strong></span> <span class='ocrx_word' id='word_1_728' title='bbox 3160 4901 3426 4943; x_wconf 57' lang='lat' dir='ltr'><strong>convenire</strong></span> 
     </span>
    </p>
   </div>
   <div class='ocr_carea' id='block_1_96' title="bbox 183 4980 1748 5071">
    <p class='ocr_par' dir='ltr' id='par_1_96' title="bbox 183 4980 1748 5071">
     <span class='ocr_line' id='line_1_96' title="bbox 183 4980 1748 5071; baseline -0.005 -16"><span class='ocrx_word' id='word_1_729' title='bbox 183 5004 408 5071; x_wconf 76' lang='grc' dir='ltr'>Ἄρειον,</span> <span class='ocrx_word' id='word_1_730' title='bbox 424 4999 551 5054; x_wconf 77' lang='grc' dir='ltr'>τὸδὲ</span> <span class='ocrx_word' id='word_1_731' title='bbox 566 4999 804 5071; x_wconf 77' lang='grc' dir='ltr'>καθαρὸν</span> <span class='ocrx_word' id='word_1_732' title='bbox 820 5000 920 5071; x_wconf 86' lang='grc' dir='ltr'><strong>τῆς</strong></span> <span class='ocrx_word' id='word_1_733' title='bbox 945 4997 1185 5061; x_wconf 80' lang='grc' dir='ltr'>πίστεως</span> <span class='ocrx_word' id='word_1_734' title='bbox 1209 4995 1553 5068; x_wconf 88' lang='grc' dir='ltr'>κηρυχθῆναι</span> <span class='ocrx_word' id='word_1_735' title='bbox 1581 4980 1748 5048; x_wconf 77' lang='grc' dir='ltr'>πᾶσιῖ</span> 
     </span>
    </p>
   </div>
   <div class='ocr_carea' id='block_1_97' title="bbox 1851 4980 3425 5071">
    <p class='ocr_par' dir='ltr' id='par_1_97' title="bbox 1851 4980 3425 5063">
     <span class='ocr_line' id='line_1_97' title="bbox 1851 4980 3425 5063; baseline -0.01 -14"><span class='ocrx_word' id='word_1_736' title='bbox 1851 5002 1974 5049; x_wconf 87' lang='lat' dir='ltr'><strong>rant</strong></span> <span class='ocrx_word' id='word_1_737' title='bbox 2024 4990 2436 5063; x_wconf 87' lang='lat' dir='ltr'><strong>subscriptione</strong></span> <span class='ocrx_word' id='word_1_738' title='bbox 2491 4988 2914 5046; x_wconf 77' lang='lat' dir='ltr'><strong>conﬁrmaretur</strong></span> <span class='ocrx_word' id='word_1_739' title='bbox 2947 4981 3131 5057; x_wconf 31' lang='lat' dir='ltr'><strong>:‘adeo</strong></span> <span class='ocrx_word' id='word_1_740' title='bbox 3182 4989 3243 5037; x_wconf 89' lang='lat' dir='ltr'><strong>ut</strong></span> <span class='ocrx_word' id='word_1_741' title='bbox 3293 4980 3425 5035; x_wconf 75' lang='lat' dir='ltr'><strong>Ario</strong></span> 
     </span>
    </p>
   </div>
   <div class='ocr_carea' id='block_1_98' title="bbox 248 5166 1748 5274">
    <p class='ocr_par' dir='ltr' id='par_1_98' title="bbox 248 5166 1748 5274">
     <span class='ocr_line' id='line_1_98' title="bbox 248 5166 1748 5274; baseline -0.005 -17"><span class='ocrx_word' id='word_1_742' title='bbox 248 5204 264 5234; x_wconf 80' lang='grc'>⁸</span> <span class='ocrx_word' id='word_1_743' title='bbox 296 5201 421 5274; x_wconf 80' lang='lat' dir='ltr'><strong>Leg.</strong></span> <span class='ocrx_word' id='word_1_744' title='bbox 450 5166 882 5257; x_wconf 74' lang='grc' dir='ltr'>Κωνσταντίνου.</span> <span class='ocrx_word' id='word_1_745' title='bbox 958 5200 983 5231; x_wconf 77' lang='grc'>⁸</span> <span class='ocrx_word' id='word_1_746' title='bbox 1012 5198 1139 5254; x_wconf 86' lang='lat' dir='ltr'><strong>Cor.</strong></span> <span class='ocrx_word' id='word_1_747' title='bbox 1164 5196 1618 5253; x_wconf 77' lang='grc' dir='ltr'>καταλελοίπατε.</span> <span class='ocrx_word' id='word_1_748' title='bbox 1691 5195 1748 5250; x_wconf 66' lang='grc'><strong>³1</strong></span> 
     </span>
    </p>
   </div>
   <div class='ocr_carea' id='block_1_99' title="bbox 1851 5166 2146 5274">
    <p class='ocr_par' dir='ltr' id='par_1_99' title="bbox 1851 5178 2146 5267">
     <span class='ocr_line' id='line_1_99' title="bbox 1851 5178 2146 5267; baseline -0.003 -14"><span class='ocrx_word' id='word_1_749' title='bbox 1851 5178 1862 5253; x_wconf 57' lang='grc' dir='ltr'><em>ς</em></span> <span class='ocrx_word' id='word_1_750' title='bbox 1893 5194 2001 5250; x_wconf 75' lang='grc' dir='ltr'><strong>ὑπὸ</strong></span> <span class='ocrx_word' id='word_1_751' title='bbox 2023 5197 2146 5267; x_wconf 80' lang='grc' dir='ltr'>τῆς.</span> 
     </span>
    </p>
   </div>
   <div class='ocr_carea' id='block_1_100' title="bbox 247 5389 2793 5471">
    <p class='ocr_par' dir='ltr' id='par_1_100' title="bbox 247 5389 2793 5471">
     <span class='ocr_line' id='line_1_100' title="bbox 247 5389 2793 5471; baseline -0.006 -13"><span class='ocrx_word' id='word_1_752' title='bbox 247 5404 318 5471; x_wconf 79' lang='grc' dir='ltr'><strong>(ι)</strong></span> <span class='ocrx_word' id='word_1_753' title='bbox 342 5403 684 5468; x_wconf 70' lang='grc' dir='ltr'>Φάσκοντες</span> <span class='ocrx_word' id='word_1_754' title='bbox 728 5400 850 5457; x_wconf 69' lang='grc' dir='ltr'><strong>ἀπὸ</strong></span> <span class='ocrx_word' id='word_1_755' title='bbox 899 5400 1341 5471; x_wconf 60' lang='grc' dir='ltr'><strong>Κωνσταντιοῃ.</strong></span> <span class='ocrx_word' id='word_1_756' title='bbox 1401 5396 1516 5453; x_wconf 82' lang='lat' dir='ltr'><strong>lmo</strong></span> <span class='ocrx_word' id='word_1_757' title='bbox 1573 5398 1733 5471; x_wconf 77' lang='grc' dir='ltr'><strong>Κῳνο</strong></span> <span class='ocrx_word' id='word_1_758' title='bbox 1839 5390 2396 5471; x_wconf 29' lang='grc' dir='ltr'>σύνοδοςρτὴνκέορτῂν</span> <span class='ocrx_word' id='word_1_759' title='bbox 2428 5389 2793 5471; x_wconf 69' lang='grc' dir='ltr'>παρέτρεψεν.</span> 
     </span>
    </p>
   </div>
   <div class='ocr_carea' id='block_1_101' title="bbox 181 5468 1732 5539">
    <p class='ocr_par' dir='ltr' id='par_1_101' title="bbox 181 5468 1732 5539">
     <span class='ocr_line' id='line_1_101' title="bbox 181 5468 1732 5539; baseline -0.006 -9"><span class='ocrx_word' id='word_1_760' title='bbox 181 5468 462 5530; x_wconf 77' lang='grc' dir='ltr'>παντίνου.</span> <span class='ocrx_word' id='word_1_761' title='bbox 522 5472 814 5528; x_wconf 73' lang='lat' dir='ltr'><strong>lactabant</strong></span> <span class='ocrx_word' id='word_1_762' title='bbox 860 5470 1101 5526; x_wconf 62' lang='lat' dir='ltr'><strong>barctici</strong></span> <span class='ocrx_word' id='word_1_763' title='bbox 1157 5484 1223 5523; x_wconf 89' lang='lat' dir='ltr'><strong>ac</strong></span> <span class='ocrx_word' id='word_1_764' title='bbox 1264 5468 1732 5539; x_wconf 74' lang='grc' dir='ltr'>Τεσσαρεσκαιδε-</span> 
     </span>
    </p>
   </div>
   <div class='ocr_carea' id='block_1_102' title="bbox 180 5539 1726 5609">
    <p class='ocr_par' dir='ltr' id='par_1_102' title="bbox 180 5539 1726 5609">
     <span class='ocr_line' id='line_1_102' title="bbox 180 5539 1726 5609; baseline -0.006 -9"><span class='ocrx_word' id='word_1_765' title='bbox 180 5547 400 5605; x_wconf 68' lang='lat' dir='ltr'><strong>atavi-rat.</strong></span> <span class='ocrx_word' id='word_1_766' title='bbox 431 5542 685 5597; x_wconf 63' lang='lat' dir='ltr'><strong>Nicaanos</strong></span> <span class='ocrx_word' id='word_1_767' title='bbox 716 5540 931 5603; x_wconf 85' lang='lat' dir='ltr'><strong>Patres,</strong></span> <span class='ocrx_word' id='word_1_768' title='bbox 968 5542 1022 5594; x_wconf 89' lang='lat' dir='ltr'><strong>in</strong></span> <span class='ocrx_word' id='word_1_769' title='bbox 1078 5539 1433 5596; x_wconf 84' lang='lat' dir='ltr'><strong>Constantini</strong></span> <span class='ocrx_word' id='word_1_770' title='bbox 1470 5539 1726 5609; x_wconf 83' lang='lat' dir='ltr'><strong>gratiam,</strong></span> 
     </span>
    </p>
   </div>
   <div class='ocr_carea' id='block_1_103' title="bbox 1908 5455 3417 5535">
    <p class='ocr_par' dir='ltr' id='par_1_103' title="bbox 1908 5455 3417 5535">
     <span class='ocr_line' id='line_1_103' title="bbox 1908 5455 3417 5535; baseline -0.011 -16"><span class='ocrx_word' id='word_1_771' title='bbox 1908 5463 1986 5535; x_wconf 83' lang='lat'><strong>(5)</strong></span> <span class='ocrx_word' id='word_1_772' title='bbox 2020 5455 2146 5535; x_wconf 46' lang='lat' dir='ltr'><strong>fOti</strong></span> <span class='ocrx_word' id='word_1_773' title='bbox 2173 5455 2275 5535; x_wconf 64' lang='lat' dir='ltr'><strong>dre</strong></span> <span class='ocrx_word' id='word_1_774' title='bbox 2297 5455 2696 5535; x_wconf 52' lang='lat' dir='ltr'><strong>t&amp;_rer§dlia.</strong></span> <span class='ocrx_word' id='word_1_775' title='bbox 2722 5460 2804 5535; x_wconf 50' lang='lat' dir='ltr'><strong>{in</strong></span> <span class='ocrx_word' id='word_1_776' title='bbox 2826 5456 3133 5535; x_wconf 83' lang='lat' dir='ltr'><strong>nativitatis</strong></span> <span class='ocrx_word' id='word_1_777' title='bbox 3153 5455 3327 5535; x_wconf 53' lang='lat' dir='ltr'><strong>diem,</strong></span> <span class='ocrx_word' id='word_1_778' title='bbox 3347 5466 3417 5535; x_wconf 71' lang='lat' dir='ltr'><strong>an</strong></span> 
     </span>
    </p>
   </div>
   <div class='ocr_carea' id='block_1_104' title="bbox 1838 5524 3417 5617">
    <p class='ocr_par' dir='ltr' id='par_1_104' title="bbox 1838 5524 3417 5617">
     <span class='ocr_line' id='line_1_104' title="bbox 1838 5524 3417 5617; baseline -0.01 -27"><span class='ocrx_word' id='word_1_779' title='bbox 1838 5524 2328 5617; x_wconf 48' lang='lat' dir='ltr'><strong>impeIiinnatalem</strong></span> <span class='ocrx_word' id='word_1_780' title='bbox 2377 5524 2665 5617; x_wconf 68' lang='lat' dir='ltr'><strong>intelligat,</strong></span> <span class='ocrx_word' id='word_1_781' title='bbox 2703 5531 2944 5613; x_wconf 80' lang='lat' dir='ltr'><strong>dubitari</strong></span> <span class='ocrx_word' id='word_1_782' title='bbox 2983 5535 3187 5598; x_wconf 87' lang='lat' dir='ltr'><strong>potest.</strong></span> <span class='ocrx_word' id='word_1_783' title='bbox 3219 5524 3417 5617; x_wconf 41' lang='lat' dir='ltr'><strong>inﬂuit</strong></span> 
     </span>
    </p>
   </div>
   <div class='ocr_carea' id='block_1_105' title="bbox 186 5593 3415 5685">
    <p class='ocr_par' dir='ltr' id='par_1_105' title="bbox 186 5593 3415 5685">
     <span class='ocr_line' id='line_1_105' title="bbox 186 5593 3415 5685; baseline -0.005 -18"><span class='ocrx_word' id='word_1_784' title='bbox 186 5593 834 5685; x_wconf 46' lang='lat' dir='ltr'><strong>igiiiiiiiﬁi‘igéiaiiij</strong></span> <span class='ocrx_word' id='word_1_785' title='bbox 850 5593 1227 5685; x_wconf 61' lang='lat' dir='ltr'><strong>celebritatem</strong></span> <span class='ocrx_word' id='word_1_786' title='bbox 1269 5623 1412 5685; x_wconf 73' lang='lat' dir='ltr'><strong>nova</strong></span> <span class='ocrx_word' id='word_1_787' title='bbox 1444 5593 1735 5685; x_wconf 60' lang='lat' dir='ltr'><strong>sanctione</strong></span> <span class='ocrx_word' id='word_1_788' title='bbox 1840 5593 2297 5685; x_wconf 50' lang='lat' dir='ltr'><strong>enimﬂicre‘num</strong></span> <span class='ocrx_word' id='word_1_789' title='bbox 2328 5593 2620 5685; x_wconf 65' lang='lat' dir='ltr'><strong>concilium</strong></span> <span class='ocrx_word' id='word_1_790' title='bbox 2643 5593 2707 5685; x_wconf 65' lang='lat' dir='ltr'><strong>in.</strong></span> <span class='ocrx_word' id='word_1_791' title='bbox 2727 5615 2852 5685; x_wconf 78' lang='lat' dir='ltr'><strong>eum</strong></span> <span class='ocrx_word' id='word_1_792' title='bbox 2884 5593 3110 5685; x_wconf 64' lang='lat' dir='ltr'><strong>annum,</strong></span> <span class='ocrx_word' id='word_1_793' title='bbox 3140 5593 3415 5685; x_wconf 49' lang='grc' dir='ltr'><strong>(μισ-ξονς</strong></span> 
     </span>
    </p>
   </div>
   <div class='ocr_carea' id='block_1_106' title="bbox 251 5677 1733 5748">
    <p class='ocr_par' dir='ltr' id='par_1_106' title="bbox 251 5677 1733 5748">
     <span class='ocr_line' id='line_1_106' title="bbox 251 5677 1733 5748; baseline -0.005 -9"><span class='ocrx_word' id='word_1_794' title='bbox 251 5677 532 5741; x_wconf 65' lang='lat' dir='ltr'><strong>rtus-hasne.</strong></span> <span class='ocrx_word' id='word_1_795' title='bbox 564 5683 720 5748; x_wconf 84' lang='lat' dir='ltr'><strong>Quos</strong></span> <span class='ocrx_word' id='word_1_796' title='bbox 747 5679 942 5737; x_wconf 71' lang='lat' dir='ltr'><strong>refellit</strong></span> <span class='ocrx_word' id='word_1_797' title='bbox 977 5680 1236 5735; x_wconf 80' lang='lat' dir='ltr'><strong>Socrates</strong></span> <span class='ocrx_word' id='word_1_798' title='bbox 1269 5679 1363 5733; x_wconf 87' lang='lat' dir='ltr'><strong>lib.</strong></span> <span class='ocrx_word' id='word_1_799' title='bbox 1390 5695 1444 5744; x_wconf 79' lang='grc' dir='ltr'><strong>ν,</strong></span> <span class='ocrx_word' id='word_1_800' title='bbox 1469 5691 1596 5746; x_wconf 85' lang='lat' dir='ltr'><strong>cap.</strong></span> <span class='ocrx_word' id='word_1_801' title='bbox 1622 5677 1694 5748; x_wconf 75' lang='lat'><strong>23</strong></span> <span class='ocrx_word' id='word_1_802' title='bbox 1715 5695 1733 5732; x_wconf 92' lang='lat'><strong>:</strong></span> 
     </span>
    </p>
   </div>
   <div class='ocr_carea' id='block_1_107' title="bbox 260 5747 1735 5829">
    <p class='ocr_par' dir='ltr' id='par_1_107' title="bbox 260 5747 1735 5829">
     <span class='ocr_line' id='line_1_107' title="bbox 260 5747 1735 5829; baseline -0.006 -19"><span class='ocrx_word' id='word_1_803' title='bbox 260 5756 376 5829; x_wconf 77' lang='grc' dir='ltr'>ἰοὑχ</span> <span class='ocrx_word' id='word_1_804' title='bbox 395 5755 473 5820; x_wconf 75' lang='grc' dir='ltr'>ὥς</span> <span class='ocrx_word' id='word_1_805' title='bbox 503 5747 648 5817; x_wconf 77' lang='grc' dir='ltr'>τινες</span> <span class='ocrx_word' id='word_1_806' title='bbox 680 5749 1169 5824; x_wconf 75' lang='grc' dir='ltr'>ὲπεθρύλλησαν,ή</span> <span class='ocrx_word' id='word_1_807' title='bbox 1199 5748 1293 5802; x_wconf 65' lang='grc' dir='ltr'><strong>ἐπὶ</strong></span> <span class='ocrx_word' id='word_1_808' title='bbox 1322 5747 1735 5811; x_wconf 79' lang='grc' dir='ltr'>Κωνσταντίνου</span> 
     </span>
    </p>
   </div>
   <div class='ocr_carea' id='block_1_108' title="bbox 1844 5663 3415 5737">
    <p class='ocr_par' dir='ltr' id='par_1_108' title="bbox 1844 5663 3415 5737">
     <span class='ocr_line' id='line_1_108' title="bbox 1844 5663 3415 5737; baseline -0.01 -6"><span class='ocrx_word' id='word_1_809' title='bbox 1844 5675 2124 5732; x_wconf 88' lang='lat' dir='ltr'><strong>stantinus</strong></span> <span class='ocrx_word' id='word_1_810' title='bbox 2155 5668 2489 5726; x_wconf 78' lang='lat' dir='ltr'><strong>Vicenualia</strong></span> <span class='ocrx_word' id='word_1_811' title='bbox 2526 5671 2846 5731; x_wconf 87' lang='lat' dir='ltr'><strong>celebravit,</strong></span> <span class='ocrx_word' id='word_1_812' title='bbox 2896 5669 3143 5737; x_wconf 85' lang='lat' dir='ltr'><strong>adeoque</strong></span> <span class='ocrx_word' id='word_1_813' title='bbox 3158 5663 3415 5737; x_wconf 69' lang='lat' dir='ltr'><strong>natalem</strong></span> 
     </span>
    </p>
   </div>
   <div class='ocr_carea' id='block_1_109' title="bbox 1844 5734 3415 5817">
    <p class='ocr_par' dir='ltr' id='par_1_109' title="bbox 1844 5734 3415 5817">
     <span class='ocr_line' id='line_1_109' title="bbox 1844 5734 3415 5817; baseline -0.011 -15"><span class='ocrx_word' id='word_1_814' title='bbox 1844 5744 2060 5817; x_wconf 84' lang='lat' dir='ltr'><strong>imperii</strong></span> <span class='ocrx_word' id='word_1_815' title='bbox 2081 5741 2228 5800; x_wconf 88' lang='lat' dir='ltr'><strong>diem</strong></span> <span class='ocrx_word' id='word_1_816' title='bbox 2246 5740 2606 5813; x_wconf 77' lang='lat' dir='ltr'><strong>exquisitiore</strong></span> <span class='ocrx_word' id='word_1_817' title='bbox 2630 5755 2829 5812; x_wconf 86' lang='lat' dir='ltr'><strong>pompa</strong></span> <span class='ocrx_word' id='word_1_818' title='bbox 2855 5748 2909 5796; x_wconf 90' lang='lat' dir='ltr'><strong>et</strong></span> <span class='ocrx_word' id='word_1_819' title='bbox 2929 5734 3193 5810; x_wconf 78' lang='lat' dir='ltr'><strong>apparatu</strong></span> <span class='ocrx_word' id='word_1_820' title='bbox 3221 5734 3415 5788; x_wconf 70' lang='lat' dir='ltr'><strong>coitu.</strong></span> 
     </span>
    </p>
   </div>
  </div>
