3988 6432
428 417 540 475 569
1103 414 1471 473 ADVERSUS
1510 414 1849 474 IIERESES
1887 419 2017 477 LIB.
2057 420 2143 476 Ill.
2172 420 2336 477 ΤΟΜ.
2378 420 2418 474 1.
2442 450 2510 461 ——
2550 418 2818 475 IIAERES.
2859 409 3023 474 LXX.
3200 444 3207 449 π
3595 418 3700 474 570

436 541 523 591 σιν
549 535 694 588 ἔτεσι
727 534 834 605 μὴν
862 532 1069 603 ἔτερος.
1100 531 1212 585 Καὶ
1240 531 1614 603 περιλείπεται
1639 534 1751 587 ἀπὸ
1772 533 1884 587 τῶν
1914 536 2016 588 ὲπ-

2129 544 2326 605 rpactze
2375 551 2528 600 xvnt,
2562 535 2710 590 hora:
2743 550 2856 589 xxi.
2898 531 3038 588 Tum
3082 547 3178 589 vul
3214 547 3359 589 anno
3403 549 3455 589 xI
3507 550 3699 592 rursus

336 621 366 692 \
429 627 620 681 ακτῶν
667 625 870 695 ἡμέραι
912 621 992 689 ἒξ,
1028 622 1123 676 καὶ
1157 617 1300 694 ὧραι
1325 628 1416 695 ιη’.
1458 622 1905 695 Προστιθεμένων
1958 626 2014 680 δὲ

2129 626 2334 694 Iiebus,
2380 626 2643 696 horisque
2685 624 2865 679 tribus
2897 622 3197 692 adjunctis,
3223 638 3323 679 rm
3378 632 3431 679 et
3480 643 3547 680 xx
3584 625 3700 682 die-

433 714 746 787 τούτωντῷ
781 714 991 785 ἑϐδόμῳ
1015 712 1125 767 ἔτει
1148 715 1271 778 ταῖς
1301 719 1392 777 ια’,
1422 716 1543 778 ταῖς
1579 714 1688 768 ἀπὸ
1718 715 1812 769 τοῦ
1839 716 2013 781 ἔτους,

2129 733 2256 782 ἰιιη,
2287 727 2452 787 atque
2479 717 2738 771 horarum
2774 730 2901 770 xxtv
2930 725 3132 785 epacue
3154 715 3519 787 colliguntur;
3553 718 3700 771 horae

433 809 533 862 καὶ
564 807 736 878 ὥραις
762 806 931 877 τρισὶ,
962 804 1202 872 γίνονται
1235 805 1473 859 ἐπακταὶ
1507 803 1595 870 ιζ’,
1618 799 1758 879 ὧραι
1786 813 1890 860 κα¹.
1924 808 2013 879 Τῷ

2129 808 2228 864 lies
2245 806 2720 866 conﬁciuntduos.
2745 805 2839 876 qui
2862 821 3034 862 xxvm
3065 806 3174 862 illis
3203 806 3567 871 annumerati,
3593 823 3696 861 xxx

432 898 494 952 δὲ
530 898 702 969 ὀγδόῳ
732 896 844 950 ἔτει
869 895 1308 969 προστιθεμένων
1339 896 1502 951 πάλιν
1530 897 1640 953 τῶν
1674 905 1741 953 ια’
1763 899 2009 971 ἡμερῶν,

2129 898 2225 953 lies
2257 897 2462 953 solidos
2491 898 2782 967 complent.
2817 895 2998 964 Quare
3030 913 3121 952 vui
3161 912 3305 952 anno
3338 914 3443 952 xxx
3470 898 3589 953 dies
3615 899 3698 952 in-

435 991 531 1044 καὶ
554 990 714 1060 ὡρῶν
739 994 809 1058 γ’,
838 988 1076 1057 γίνονται
1105 988 1308 1060 ἡμέραι
1336 994 1422 1059 κη’
1459 990 1696 1043 ἐπακταὶ
1739 990 1835 1044 καὶ
1867 984 2008 1064 ὧραι

2129 989 2468 1053 erealantur;
2492 988 2839 1043 etbiennium
2861 988 3003 1044 istud
3030 1003 3272 1044 mensem
3298 990 3458 1044 habet
3482 1005 3649 1043 unum
3679 1006 3693 1041 :

438 1080 538 1142 ne,
579 1078 636 1133 αἱ
670 1079 914 1134 ποιοῦσιν
959 1079 1172 1150 ἡμέρας
1216 1077 1281 1148 β’.
1334 1078 1430 1131 Ἐκ
1471 1078 1676 1133 τούτων
1717 1079 1826 1134 τῶν
1851 1081 2011 1152 ὡρῶν

2129 1078 2350 1150 ideoque
2411 1087 2522 1133 tota
2578 1079 2669 1133 illa
2723 1079 2978 1150 periodus
3035 1080 3362 1135 octacterica
3425 1080 3543 1135 dies
3592 1078 3694 1134 sibi

438 1166 879 1237 προστιθεμένων
925 1169 1047 1229 ταῖς
1086 1165 1174 1236 κη’
1208 1165 1442 1237 ἡμέραις
1489 1168 1733 1235 γίνονται
1774 1169 1909 1241 ὁμοῦ
1943 1171 2009 1226 λ’.

2129 1170 2351 1225 vindicat
2380 1183 2469 1236 xc,
2512 1171 2605 1240 qui
2650 1185 2871 1227 menses
2916 1170 3123 1226 solidos
3156 1169 3396 1226 cilicium
3428 1187 3507 1233 ιιι,
3538 1170 3697 1224 nimi-

438 1259 550 1311 Καὶ
581 1257 867 1327 συμϐαίνει
906 1256 1050 1310 κατά
1090 1256 1184 1310 τὸν
1206 1255 1392 1326 ὄγδοον
1412 1255 1525 1327 (26)
1562 1258 1811 1314 ἐνιαυτὸν
1851 1261 2013 1331 ἐμϐο-

2129 1277 2231 1316 ἰιιιι
2244 1261 2436 1332 primis
2460 1261 2675 1317 duobus
2699 1261 2951 1317 trienniis
2966 1261 3198 1332 singulis
3226 1277 3468 1317 mensem
3501 1275 3694 1327 unum,

434 1345 753 1417 Αιμεύεσθαι
781 1346 883 1409 τὰς
909 1345 953 1399 λ’
990 1345 1226 1417 ἡμέρας,
1271 1345 1366 1399 τὸν
1409 1345 1507 1400 ἕνα
1531 1348 1675 1419 μῆνα
1710 1351 1790 1413 εἰς
1825 1350 1893 1403 τὰ
1922 1349 2018 1403 δύο

2129 1352 2335 1407 iiennio
2383 1351 2570 1407 itidem
2642 1362 2907 1421 sequente
2956 1366 3197 1407 mensem
3256 1367 3447 1406 unum.
3495 1349 3554 1405 In
3604 1351 3692 1405 his

434 1439 556 1509 ἐτη·
593 1437 688 1491 καὶ
722 1434 1085 1500 οὕτως’ὃιατὰ
1126 1436 1375 1506 περίοδον
1409 1436 1792 1509 ὀκταετηρίδος
1840 1439 2024 1509 ἐνενή-

2129 1443 2296 1498 Lribus
2341 1442 2759 1497 intercalaribus
2807 1442 3129 1506 mensibus,
3187 1442 3280 1511 qui
3330 1442 3533 1511 triplici
3596 1442 3689 1494 illa

436 1545 603 1583 κοντα
623 1527 845 1599 ἡμέραι,
871 1527 1072 1591 αἵτινές
1091 1529 1197 1580 είσι
1220 1526 1583 1598 πληρέστατοι
1604 1528 1886 1600 ἐμϐόλιμοι
1918 1529 2024 1599 μῆ-

2129 1533 2324 1589 Iierum
2357 1533 2681 1589 collectione
2733 1540 3022 1600 constant,
3075 1532 3388 1587 Judarorum
3444 1532 3652 1587 Pascha
3678 1574 3695 1598 ,

436 1637 531 1685 νες
575 1622 746 1691 τρεῖς,
799 1620 852 1673 οἳ
907 1618 1148 1687 γίνονται
1213 1618 1354 1671 κατά
1409 1618 1537 1689 τρία
1596 1617 1693 1690 ιτη
1756 1617 1863 1689 μὴν
1918 1615 2021 1685 εἷς,

2129 1640 2149 1679 ι
2200 1627 2641 1682 Christianorum
2713 1636 3149 1696 caeterorumque
3198 1623 3468 1681 Paschate
3511 1622 3697 1678 diver-
3783 1616 3791 1623 ’

436 1712 537 1766 καὶ
582 1710 723 1764 κατά
778 1709 875 1763 δύο
926 1709 999 1770 τά
1027 1708 1230 1780 ὕστερα
1265 1707 1363 1778 ἐτη
1400 1708 1510 1780 μὴν
1545 1704 1649 1772 εἷς.
1694 1710 1785 1764 Ἐν
1810 1709 2026 1775 τούτοις
2120 1732 2243 1773 sum
2286 1727 2391 1775 est,

435 1805 552 1866 τοῖς
586 1800 759 1872 τρισὶν
795 1800 1109 1871 ὲμϐολίμοις
1158 1800 1273 1872 (27)
1329 1801 1439 1855 τῶν
1482 1800 1650 1872 τριῶν
1702 1802 2015 1858 συστάσεων
2051 1804 2311 1879 διαφωνεῖ
2343 1812 2403 1867 τὸ
2459 1813 2652 1884 Πάσχα
2697 1808 2846 1881 παρά
2883 1808 3157 1872 Ἰουδαίοις
3196 1824 3256 1860 τε
3313 1807 3408 1861 καὶ
3441 1807 3701 1876 Χριστια-

434 1897 572 1957 νοῑς,
596 1892 691 1947 καὶ
717 1893 830 1954 τοῖς
854 1890 1055 1955 ἀλλοις.

2665 1913 2672 1920 ο

511 1985 630 2039 IA'.
666 1982 754 2035 Ἐν
775 1980 985 2045 τούτοις
1012 1983 1046 2053 ἡ
1063 1980 1327 2053 διαλλαγὴ
1354 1983 1508 2052 παρὰ
1544 1985 1658 2046 τοῖς
1688 1984 2024 2056 προειρημέ-

2195 1987 2335 2043 xw.
2359 1971 2631 2045 ιιωαέιιηι
2660 1990 2714 2043 in
2729 1987 2932 2059 quibus
2953 1984 3190 2040 Audiani
3216 1985 3286 2039 ab
3318 1984 3559 2041 Ecclesia
3590 1985 3704 2043 dis—
3740 2031 3751 2046 ,
3791 2042 3795 2046 ,

3731 1905 3740 1932 ί

58 3817 63 3835 ι

58 3868 65 3899 Ι

57 3944 66 3972 i

58 4078 68 4111 i

58 4144 69 4183 Ι

58 4220 69 4253 ἰ

58 4291 73 4327 Ι

58 4366 73 4399 ι.

58 4506 73 4541 ii

58 4572 75 4683 ⁵

58 4708 78 4755 ι.

57 4792 79 4825 ν

57 4862 81 4897 r

57 4926 79 4973 ι,

57 4990 80 5044 ᾖ.

57 5076 82 5113 Ρ

58 5144 81 5181 ι

58 5199 81 5252 ι

437 2090 556 2135 νοις
595 2071 874 2135 Δύδιανοῖς
929 2071 1192 2140 γίγνεται·
1224 2071 1319 2125 καὶ
1374 2070 1646 2124 πλανῶσιν
1692 2071 1891 2143 ἄνδρας
1925 2072 2021 2127 καὶ

438 2164 726 2232 γυναῖκας,
762 2163 820 2217 ὲν
838 2161 1012 2233 τούτῳ
1044 2161 1123 2231 τῷ
1153 2161 1313 2233 μέρει
1338 2161 1730 2233 σεμνυνόμενοι
1750 2162 1893 2218 κατά
1922 2164 2022 2235 τὴν

439 2253 743 2324 παράδοσιν
762 2253 863 2323 τῆς
894 2254 1147 2324 ἀωρχῆς
1174 2252 1618 2325 ἐπιτελουμένην,
1646 2254 1739 2307 καὶ
1767 2255 1908 2308 κατὰ.
1926 2255 2023 2326 τὴν

436 2345 681 2413 διάταξιν
698 2346 807 2399 τῶν
831 2345 1163 2411 ἀποστόλων,
1189 2344 1459 2415 μηδεμιᾶς
1488 2346 1774 2417 ἀκριϐείας
1802 2347 1819 2378 ⁸
1851 2363 2023 2418 προσ-

439 2437 678 2508 έχοντες,
708 2436 844 2508 μηδὲ
879 2436 1234 2507 ἐπιστάμενοι
1271 2437 1334 2491 τὸ
1369 2438 1539 2506 σαφὲς
1565 2439 1664 2510 τῆς
1705 2438 1764 2491 ὲν
1784 2438 2024 2503 διατάξει

436 2530 553 2583 τῶν
578 2529 887 2583 ἀποστόλων
917 2528 1254 2600 ἐπιμελείας,
1288 2525 1357 2602 ἧς
1389 2531 1734 2602 ἐποιήσαντο,
1760 2531 1821 2585 ού
1849 2531 1937 2585 διὰ
1963 2532 2025 2586 τὸ

439 2621 658 2684 πάντως
691 2620 845 2690 ἄγειν
876 2620 1002 2683 τοὺς
1047 2620 1333 2686 Ἰουδαίους
1376 2622 1516 2692 μετά
1547 2623 1855 2694 ἀκριϐείας,
1889 2623 2026 2678 ἀλλά

435 2711 530 2766 διὰ
579 2710 640 2764 τὸ
682 2712 933 2783 ἐκτεμεῖν
978 2710 1077 2782 τὴν
1132 2711 1466 2780 φιλονεικίαν
1519 2712 1628 2767 τῶν
1685 2710 2025 2784 βουλομένων

438 2803 567 2858 καθ’
605 2804 831 2863 ἑαυτοὺς
865 2802 1094 2856 ἕκαστον
1131 2804 1419 2868 ἐπιτελεῖν,
1457 2805 1551 2859 καὶ
1579 2805 1655 2876 μὴ
1687 2806 1746 2859 ἐν
1777 2807 2020 2877 ὁμονοίᾳ.

442 2895 545 2948 Ἐν
579 2892 687 2965 γὰρ
716 2893 907 2963 Πάσχα
928 2893 1164 2965 Χριστὸς
1211 2894 1479 2965 βούλεται,
1511 2896 1605 2951 καὶ
1630 2895 1789 2950 τοῦτο
1814 2896 2025 2965 λογίζε-

435 3002 551 3051 ται,
582 2984 678 3039 καὶ
720 2984 1076 3056 προσδέχεται
1114 2985 1205 3040 τὸν
1251 2986 1608 3056 ἀφιλονείκως
1647 2986 2022 3054 ἐπιτελοῦντα,

441 3076 628 3149 μέντοι
655 3093 720 3145 γε
755 3074 896 3147 μετά
956 3074 1064 3130 τῶν
1095 3076 1234 3147 μετὰ
1266 3077 1552 3148 ἀκριϐείας
1581 3078 1898 3145 ποιούντων,
1928 3095 2026 3151 με-

436 3168 513 3223 τὰ
558 3167 737 3239 πάσης
777 3166 879 3237 τῆς
920 3166 1083 3234 ἀγίας
1131 3166 1478 3237 Ἐκκλησίας,
1500 3170 1599 3239 τῆς
1628 3170 1769 3224 κατά
1800 3170 2026 3233 πολλοὺς

439 3258 679 3331 τρόπους
707 3258 807 3330 τὴν
848 3257 1043 3329 ἑορτὴν
1068 3257 1331 3330 ἀγούσης.
1360 3258 1473 3313 Καὶ
1507 3260 1557 3313 εί
1599 3260 1700 3331 μὲν
1729 3259 1838 3313 ἀπὸ
1871 3262 2025 3315 Κων-

2121 2079 2404 2143 sentiunt;
2449 2069 2610 2150 quem
2656 2079 2711 2133 in
2741 2093 2983 2134 errorem
3016 2077 3165 2131 viros
3195 2075 3423 2145 perinde
3477 2090 3545 2131 ac
3580 2093 3703 2131 mu-

2122 2168 2287 2224 lieres
2314 2169 2602 2232 indueunt,
2636 2169 2764 2224 dum
2803 2168 2905 2224 hac
2933 2167 2987 2221 in
3025 2173 3179 2236 parte
3204 2166 3510 2236 gloriantur
3534 2168 3702 2222 veteri

2122 2274 2183 2315 se
2208 2259 2486 2315 traditioni
2525 2269 2578 2314 et
2600 2260 2975 2330 apostolorum
2992 2256 3235 2312 decretis
3266 2257 3523 2311 insistere
3542 2275 3557 2324 ;
3576 2272 3703 2311 cum

2124 2350 2341 2405 interim
2374 2351 2510 2406 nihil
2538 2352 2641 2406 hoc
2666 2350 2721 2405 in
2754 2349 2976 2420 negotio"
3005 2347 3331 2417 castigatum
3356 2357 3702 2403 accuratum-

2121 2460 2230 2516 que
2252 2451 2493 2509 teneant,
2526 2458 2628 2498 nec
2652 2442 2900 2498 sedulam
2926 2442 3075 2496 illam
3114 2441 3487 2513 apostolorum
3513 2442 3567 2496 in
3603 2442 3705 2499 hac

2123 2535 2518 2592 constitutione
2549 2534 2888 2606 diligentiam
2930 2533 3254 2604 intelligant,
3292 2548 3455 2604 quam
3483 2531 3548 2589 (ἑο
3573 2551 3702 2590 eon-

2124 2629 2243 2682 silio
2296 2625 2657 2682 adhibendam
2700 2625 2776 2680 illi
2837 2632 3121 2695 putarunt,
3172 2641 3281 2679 non
3328 2626 3471 2696 quod
3529 2625 3705 2682 Judzci

2124 2715 2326 2784 optime
2357 2728 2423 2770 ac
2458 2713 2577 2770 sine
2609 2728 2799 2770 errore
2830 2714 2886 2768 in
2932 2714 3025 2768 illa
3077 2713 3396 2770 celebritate
3417 2730 3706 2772 versaren-

2123 2813 2248 2871 tur;
2293 2806 2391 2860 sed
2449 2813 2511 2860 ut
2560 2820 2751 2861 eorum
2788 2804 3146 2876 pertinaciam
3181 2806 3554 2872 excluderent,
3587 2810 3703 2878 qui,

2124 2894 2402 2952 communi
2421 2893 2790 2949 consensione
2818 2901 3024 2964 spreta,
3054 2908 3167 2948 sua:
3183 2894 3418 2964 quisque
3441 2894 3716 2948 voluntati

2123 2999 2188 3037 ae
2235 2982 2620 3039 consuetudini
2662 2982 2871 3038 servire
2930 2982 3175 3038 mallent.
3195 2982 3404 3037 Etenim
3453 2983 3713 3041 Christus

2124 3092 2292 3131 unum
2323 3076 2530 3132 Pascha
2557 3075 2627 3132 ab
2660 3075 2919 3131 omnibus
2949 3076 3233 3131 observari
3267 3076 3515 3147 cupiens,
3543 3077 3713 3147 hujus

2126 3166 2288 3222 unius
2306 3167 2575 3220 rationem
2601 3166 2755 3220 ducit
2789 3184 2803 3221 :
2863 3175 2918 3221 et
2946 3181 3069 3222 eum
3093 3166 3382 3236 approbat,
3407 3167 3524 3236 qui,
3558 3169 3708 3221 oumi

2125 3256 2475 3312 contentione
2508 3256 2705 3324 posita,
2732 3270 2878 3310 'cum
2933 3256 3001 3311 iis
3033 3256 3295 3321 celebrat,
3327 3257 3421 3325 qui
3469 3256 3710 3311 certissi-

443 3349 723 3405 παντίνου
749 3346 972 3418 ἐσχίσθη
1013 3346 1076 3400 τὸ
1114 3348 1328 3418 Πάσχα,
1361 3348 1589 3402 πιθανὸν
1622 3344 1691 3419 ἦν
1731 3351 1844 3414 τοῖς
1871 3348 2027 3403 τοῦτο

2129 3349 2448 3403 mam-illius
2475 3348 2742 3403 rationem
2776 3348 2986 3411 ineunt,
3016 3348 3119 3401 hoc
3151 3360 3235 3402 ρει
3279 3362 3402 3401 cum
3459 3345 3707 3402 Ecclesia

443 3438 886 3510 συκοφαντοῦσιν·
915 3438 1101 3508 ἐπειδὴ
1126 3438 1184 3492 δὲ
1224 3439 1331 3511 πρὸ
1377 3439 1472 3493 τοῦ
1498 3440 1915 3494 Κωνσταντίνου
1956 3440 2025 3494 τὰ

443 3533 717 3604 σχίσματα
744 3524 836 3601 ἦν,
865 3528 959 3583 καὶ
977 3525 1046 3601 ἦν
1071 3529 1261 3601 χλεύη,
1294 3530 1560 3602 Ἑλλήνων
1598 3529 1887 3600 λεγόντων,
1928 3531 2023 3585 καὶ

518 3691 537 3722 ⁸
558 3687 685 3746 Cor.
722 3689 963 3761 μηδεμιᾷ
993 3687 1268 3761 ἀκριϐείᾳ.

516 3805 629 3876 (26)
666 3804 777 3859 Καὶ
834 3804 1149 3876 συμϐαίνει
1200 3799 1352 3876 κατὰ
1406 3799 1516 3856 τὸν
1565 3798 1799 3876 ὄγδοον.
1851 3798 2021 3876 Pecst

442 3869 765 3932 octaeieridi
809 3869 1112 3929 secundum
1171 3870 1378 3926 medios
1428 3869 1618 3925 motus
1661 3869 1727 3924 ad
1783 3869 2019 3925 solidum

444 3960 690 4001 mensem
739 3942 1116 4012 complendum
1176 3940 1400 3995 biduum
1449 3938 1586 4012 _l'ere.
1630 3938 1763 4012 Nam
1817 3947 2024 4007 epartae

445 4016 578 4070 anni
608 4014 786 4068 octavi
810 4008 941 4067 sunt
961 4026 1152 4074 xxvul,
1198 4009 1497 4065 octaeteris
1529 4008 2022 4064 lunarisaccurata

444 4084 664 4140 dierum
697 4093 781 4138 est
802 4081 967 4144 2925,
1001 4081 1089 4145 ll,
1125 4082 1227 4142 5I',
1258 4081 1360 4134 hoc
1387 4086 1471 4134 est
1498 4078 1756 4132 horarum
1786 4077 1899 4133 fere
1922 4093 2021 4143 xu,

447 4161 513 4209 ut
536 4154 613 4207 ait
634 4152 916 4208 Geminus.
942 4151 1129 4220 Itaque
1150 4151 1329 4204 minor
1350 4158 1452 4220 _est
1465 4147 1771 4220 ortaeteris
1797 4146 2026 4220 Epipha-

445 4224 526 4279 nii
560 4222 735 4278 lunari
778 4216 1112 4275 ortarteride
1140 4218 1436 4288 sesquidie.
1464 4216 1533 4270 Et
1561 4227 1755 4288 tamen
1768 4216 2022 4288 prasripi-

448 4300 601 4347 tatur
626 4291 1005 4360 embolismus.
1039 4288 1183 4360 quod
1214 4286 1498 4360 minimum
1534 4287 1684 4360 absit
1710 4286 1779 4341 ab
1815 4287 2027 4357 integra

450 4362 692 4433 syzygia.
714 4359 878 4433 Quod
910 4356 1073 4416 etiam
1105 4359 1159 4433 in
1205 4356 1722 4433 enneaderaeteride
1753 4356 2023 4433 servatur.

504 4424 978 4485 am'embolismus
1017 4427 1211 4484 tertius
1247 4427 1315 4482 ab
1352 4424 1737 4480 Alexandrinis
1785 4435 1834 4479 et
1874 4424 2025 4478 Lati-

452 4501 544 4556 nis
569 4508 624 4555 et
651 4500 706 4554 in
731 4499 879 4554 omni
910 4499 1047 4554 adeo
1074 4498 1250 4569 cyclo.
1292 4504 1658 4569 octavoanno
1699 4495 2022 4569 collocatur.

450 4569 679 4630 Octavo,
719 4569 961 4639 inquam,
1009 4565 1312 4639 noninono
1347 4584 1361 4639 ξ
1394 4565 1501 4621 etsi
1532 4565 1869 4619 contrarium
1903 4577 2022 4639 ma-

451 4639 733 4697 thematici
757 4635 977 4707 quidam
1006 4636 1364 4707 eruditissimi
1393 4650 1458 4689 ac
1482 4642 1865 4707 compotorqu
1890 4635 2031 4707 scri-

498 4717 642 4763 tores
693 4703 968 4763 asserunt.
1010 4705 1167 4775 Quod
1201 4703 1625 4775 adversusillos
1658 4704 1895 4775 breviter
1928 4703 2032 4775 hoc

478 4774 582 4833 eeo
608 4772 1094 4833 demonstrandum
1126 4783 1232 4831 est.
1278 4772 1438 4842 (Vide
1472 4773 1924 4829 liissertationem
1956 4772 2033 4827 De

450 4846 656 4918 duplici
691 4846 920 4918 cycloct
951 4843 1853 4918 embolismorum‘ratiorw,hujus
1906 4843 2034 4918 edi:

451 4910 632 4996 tumis
658 4910 791 4996 tofi).
831 4916 921 4996 Ill,
952 4916 1009 4970 in
1043 4915 1362 4996 Appendice
1388 4910 1869 4996 Dissertationum:
1906 4910 2033 4996 ξω.)

527 4986 640 5067 ρῚ)
676 4986 772 5040 Ἐν
794 4988 1027 5067 τούτοις
1056 4982 1181 5067 τοῖς
1210 4983 1797 5067 τρισίν-ἐμξοκίμοις.
1822 4982 1903 5067 {de
1926 4982 2032 5067 hoc

447 5050 677 5127 quidem
704 5071 911 5117 verum,
934 5050 1028 5110 aut
1049 5050 1478 5127 sati_s__a'ccurate'
1497 5050 1709 5127 dictum
1736 5069 1748 5106 :
1778 5070 1796 5102 ι
1818 5050 2034 5127 dissen-

451 5119 670 5182 sionem
715 5139 954 5189 omnem,
990 5139 1117 5195 quae
1145 5123 1490 5195 Christianos
1516 5122 1781 5195 _inter_ac
1816 5119 2033 5195 Iudaeos

451 5204 513 5251 et
542 5202 768 5250 caeteros
808 5189 1216 5258 intercesserat,
1251 5193 1354 5247 hoc
1390 5201 1476 5248 est
1516 5190 1805 5246 haereticos
1832 5189 2035 5246 Tessa—

454 5264 916 5326 rescaadecatitas.
962 5273 1058 5319 aut
1106 5264 1198 5333 qui
1240 5263 1295 5316 in
1329 5261 1505 5333 primi
1525 5259 1731 5333 Iliensis
1757 5261 1964 5333 epocjia
1991 5274 2032 5333 _a

452 5333 678 5389 Niceno
721 5349 930 5388 canone
977 5328 1355 5393 discedebant,
1383 5330 1574 5402 quales
1600 5328 1776 5402 Latini
1794 5328 1853 5384 et
1875 5329 2034 5402 Occi-

454 5404 708 5459 dentales
737 5404 979 5473 plerique
1011 5411 1185 5473 atque,
1206 5397 1473 5473 inprimis
1499 5397 1648 5473 διξοιί
1683 5400 1923 5473 fuerunt,
1947 5399 2030 5473 _in

456 5474 638 5527 tribus
685 5467 1037 5528 oétaete'ridis
1084 5467 1393 5528 embolimis
1421 5470 1743 5525 consistere.
1774 5487 1792 5519 ι
1824 5467 2030 5537 Duplex

455 5542 605 5610 apud
636 5542 979 5610 Christianos
1009 5540 1293 5597 Paschatis
1331 5539 1647 5610 depravatio
1682 5538 1783 5590 I’uit
1812 5555 1827 5610 ;
1863 5541 2032 5610 altera

460 5607 625 5682 plane
664 5609 891 5666 Judaiea
949 5620 1005 5666 et
1050 5607 1418 5682 Asiaticorum
1469 5609 1598 5682 olim
1641 5607 1885 5682 propria,
1938 5607 2032 5677 qui

458 5678 556 5752 ily
580 5680 726 5752 luna,
750 5695 1133 5752 quamcunque
1163 5680 1217 5733 in
1246 5678 1451 5752 feriam
1469 5678 1794 5752 incurreret,
1824 5678 2035 5731 Pascha

456 5747 845 5816 celebrabant;
880 5747 1082 5813 altera,
1116 5765 1241 5819 qua:
1278 5748 1333 5819 in
1372 5747 1772 5819 primimensis
1811 5761 2035 5819 "eome-

459 5820 557 5875 nia
589 5826 781 5875 contra
808 5815 1072 5877 eanoncm
1102 5815 1492 5885 couiinittcret,
1523 5815 1655 5872 dum
1691 5817 1835 5870 illam
1868 5817 2032 5872 citius

2134 3440 2426 3505 catholica,
2454 3454 2576 3509 quas
2595 3437 2759 3494 variis
2786 3436 2965 3491 modis
2995 3435 3192 3491 festum
3211 3435 3343 3491 illud
3361 3434 3703 3491 indicitJam

2128 3546 2258 3587 vero
2312 3530 2358 3588 si
2415 3546 2448 3585 a
2478 3527 2822 3588 Constantini
2871 3527 3208 3599 temporibus
3249 3527 3424 3598 prima
3463 3528 3706 3583 oninium

2124 3796 2503 3853 antevertebat
2532 3813 2545 3850 :
2570 3793 2709 3866 adeo
2738 3801 2799 3849 ut
2831 3810 2923 3849 xiv
2962 3794 3090 3849 luna
3129 3794 3517 3866 :cquinoetium
3556 3808 3706 3866 prce-

2125 3869 2363 3923 cederet.
2390 3864 3097 3936 Quamotactpocpﬁvnom
3122 3864 3309 3921 errore
3332 3864 3707 3936 cumulabant,

2130 3945 2190 3992 ut
2225 3937 2279 3991 in
2313 3935 2547 4004 termino
2573 3933 2715 4004 ipso,
2754 3933 2801 3989 'si
2832 3933 2897 4004 in
2931 3934 3268 3990 Dominicam
3310 3935 3594 4004 incideret.
3620 3949 3708 3988 ce-

2130 4007 2381 4063 lebritate
2410 4003 2791 4075 fungerentur.
2827 4003 3167 4060 Posteriores
3199 4007 3453 4071 isti,cum
3485 4003 3707 4075 decern-

2129 4076 2422 4145 novennali
2460 4072 2639 4145 ey‘clo,
2687 4072 3025 4145 Iudaeorum
3052 4075 3253 4145 instar,
3307 4082 3610 4145 uterentur,
3652 4073 3708 4128 in

2129 4145 2342 4200 duobus
2376 4142 2642 4198 duntaxat
2688 4144 2848 4198 annis
2901 4144 2971 4198 ah
2999 4142 3387 4200 Alexandrinis
3414 4153 3468 4197 et
3493 4142 3708 4196 Niczena

2132 4215 2417 4272 sanctione
2450 4213 2814 4284 dissidebant,
2848 4214 3003 4284 cyelo
3031 4214 3315 4284 nimirum
3337 4227 3429 4267 νιί
3473 4228 3535 4284 ac
3577 4227 3708 4277 xix;

2133 4301 2258 4338 nam
2291 4282 2468 4352 lunari
2508 4283 2685 4352 cyclo,
2733 4298 2844 4336 non
2876 4281 3074 4352 aureis
3112 4283 3351 4336 numeris
3390 4281 3704 4352 utebantur.

2132 4354 2322 4422 Itaque
2353 4350 2731 4423 tribus—cyclis
2756 4352 2829 4423 ab
2858 4350 3244 4423 Alexandrinis
3276 4351 3658 4423 discrepabant
3688 4369 3702 4405 :

2132 4432 2213 4487 ut,
2234 4419 2468 4490 exempli
2497 4419 2687 4485 causa,
2705 4419 3076 4490 Alexandrino
3103 4436 3331 4476 numero
3356 4436 3393 4479 I.
3410 4420 3708 4490 responde-

2133 4493 2223 4547 bat
2266 4489 2494 4545 aliorum
2540 4505 2668 4544 xvu.
2704 4489 2832 4543 Item
2877 4489 3371 4544 Alexandrinorum
3418 4502 3532 4554 νιιι,
3570 4489 3706 4543 isto-

2131 4578 2250 4615 rum
2282 4577 2335 4626 v,
2361 4560 2574 4615 decimo
2595 4573 2741 4613 nono
2771 4558 3563 4624 Alexandrinorum,.ludaieus
3594 4573 3705 4614 ιιι.

2134 4632 2372 4701 Indeque
2398 4645 2524 4684 cum
2564 4629 2918 4701 Alexandrini
2958 4644 3104 4684 anno
3133 4630 3272 4699 cyeli
3302 4630 3705 4701 deceninoren-

2134 4697 2295 4757 nalis'
2325 4708 2543 4765 octavo,
2590 4700 2677 4753 eui
2726 4714 2990 4755 numerus
3026 4697 3228 4755 aureus
3257 4714 3332 4753 vn
3364 4698 3431 4753 ad
3461 4697 3706 4766 Aprilem

2134 4786 2310 4841 usque
2338 4770 2615 4841 conyeiiit,
2654 4784 2907 4841 mensem
2949 4769 3346 4841 ἱιιιειοιι-ΙιιιριιιΔ
3382 4774 3705 4841 attexercnt,

2132 4832 2235 4913 qui
2257 4856 2367 4913 a_\_'_r
2415 4838 2591 4913 Martii
2622 4853 2857 4913 exorsus
2894 4839 2951 4892 in
2990 4836 3194 4908 Aprilis
3234 4853 3286 4891 ιν
3315 4832 3612 4913 desineret,
3642 4854 3707 4892 ac

2133 4907 2543 4982 postridie,hoc
2570 4916 2656 4982 est
2688 4907 2892 4982 Aprilis
2918 4924 2974 4971 ν,
3007 4907 3208 4982 annum
3246 4922 3451 4982 nonum
3484 4907 3708 4961 inclma-

2134 4977 2276 5041 rent,
2307 4977 2713 5032 Judaizantium
2746 4977 2914 5031 factio
2954 4991 3055 5047 pro
3087 4977 3429 5033 embolimzco
3456 4991 3704 5032 commu-

2135 5065 2257 5103 nem
2288 5063 2561 5119 usurpans
2600 5062 2834 5119 annum1
2859 5048 3375 5119 primuinpiensem
3416 5047 3707 5101 inchoabat

2137 5120 2313 5174 Martii
2346 5114 2442 5182 νιζ
2469 5119 2629 5187 cujus
2660 5132 2773 5179 xw,
2805 5115 3086 5171 Paschalis
3108 5114 3283 5171 Martii
3316 5132 3405 5187 xix
3434 5125 3708 5186 compete-

2136 5190 2247 5243 Iiat.
2284 5188 2428 5242 Idem
2462 5185 2608 5241 anno
2639 5201 2732 5240 xIx
2761 5186 3130 5255 contingebat.
3157 5202 3319 5255 quem
3353 5185 3705 5255 Alexandrini

2135 5258 2311 5328 pridie
2338 5257 2477 5311 Non.
2506 5253 2995 5328 Apr._inchoabant
3018 5274 3034 5322 ;
3060 5253 3246 5328 aliim
3281 5255 3419 5309 Non.
3448 5253 3702 5317 Martias;

2135 5326 2261 5381 nam
2297 5326 2651 5381 Alexandrini
2692 5341 2785 5379 xIx
2826 5340 3052 5391 annum,
3091 5327 3179 5382 cui
3215 5339 3475 5381 IlllIIICI'IIS
3506 5339 3706 5378 aureus
3807 5351 3811 5355 -

2135 5412 2268 5451 va
2314 5396 3057 5465 respondet..embolimazum
3091 5395 3516 5453 constituebant,
3547 5392 3722 5461 eique,

2136 5482 2376 5520 mensem
2398 5467 2551 5519 illum
2574 5465 2922 5533 arrogabant,
2940 5481 2970 5520 a
2995 5480 3104 5536 quo
3127 5466 3296 5520 Judzei
3313 5476 3524 5536 annum
3543 5476 3704 5516 suum

2135 5550 2200 5589 ac
2243 5538 2476 5604 primum
2528 5550 2768 5590 mensem
2813 5533 3258 5604 auspicabantur.
3312 5533 3386 5604 De
3413 5545 3529 5604 _qua
3563 5547 3621 5604 re
3651 5536 3708 5586 et

2134 5600 2291 5659 antea
2325 5605 2684 5660 disseruimus
2732 5611 2787 5657 et
2831 5600 3018 5674 agetur
3053 5605 3180 5659 alibi
3220 5600 3515 5674 copiosius.
3552 5600 3705 5674 Quo—

2135 5676 2280 5727 circa
2309 5689 2415 5729 non
2447 5674 2500 5727 in
2544 5675 2719 5729 tribus
2757 5671 3107 5733 octaetcridis
3145 5671 3494 5727 embolimzeis
3519 5671 3700 5731 annis.

2136 5746 2229 5799 soil
2262 5744 2315 5798 in
2352 5758 2463 5797 uno
2501 5744 2675 5798 solum
2720 5741 2891 5797 Judaei
2939 5750 2993 5796 et
3039 5742 3283 5798 haeretici
3327 5756 3355 5796 a
3400 5741 3702 5795 Catholicis

2134 5815 2540 5885 discrepabunt,
2564 5813 2669 5869 hoc
2690 5821 2775 5868 est
2805 5813 2859 5866 in
2895 5821 3110 5870 octavo.
