3988 6404
395 387 496 446 δτι

1805 385 1866 442 S.
1908 386 2255 443 EPlPllANll

3571 375 3670 432 ὅτε

396 503 465 556 de
530 498 836 556 istiusmodi
879 497 1195 555 celebritate
1238 498 1469 555 conﬂata
1510 501 1691 558 forent
1724 502 1978 570 dissidia,

2101 504 2470 576 χλευαζόντων
2525 499 2625 572 τὴν
2671 500 2730 552 έν
2781 499 2847 568 τῇ
2892 491 3188 565 Ἐκκλησία
3223 489 3542 561 διαφωνίαν,
3588 493 3672 546 ἐπὶ

399 593 700 648 nonnullus
749 592 982 648 istorum
1027 590 1316 647 calumniae
1354 591 1512 650 locus
1540 609 1665 650 esse
1689 595 1990 654 videretur.

401 685 509 740 Sed
561 700 686 740 cum
748 691 874 738 ante
915 683 1337 739 Constantinum
1385 686 1575 741 eadem
1618 687 1709 742 illa
1760 687 1993 743 divortia

401 777 667 847 vigerent,
721 784 776 829 ct
821 775 1053 846 gentiles
1094 785 1299 830 tantam
1355 776 1614 834 Ecclesia:
1660 779 1991 834 discam-diam

401 885 509 924 non
576 870 696 924 sine
754 869 994 923 ludibrio
1052 869 1214 924 nobis
1264 869 1706 939 exprobrarent;
1769 872 1989 924 tandem

399 975 532 1015 vero
580 960 686 1016 sub
747 959 1080 1028 imperatore
1132 957 1495 1014 Constantino
1541 960 1990 1030 conspirantihus

401 1052 676 1122 cpiscOpis
730 1051 1026 1106 dissidium
1081 1050 1212 1104 illud
1265 1052 1608 1121 paciﬁcatum
1663 1060 1716 1107 et
1745 1049 1814 1105 ad
1860 1065 1992 1105 con-

407 1143 650 1198 cordiam
690 1143 972 1202 redactum
1004 1141 1206 1198 fuerit:
1240 1143 1370 1212 quid
1406 1143 1622 1197 tandem
1659 1143 1871 1204 utilius,
1897 1150 1993 1196 aut

403 1235 706 1304 jucundius
769 1243 874 1300 est,
925 1248 1088 1304 quam
1153 1234 1222 1288 ab
1277 1235 1539 1290 extremis
1588 1242 1748 1290 terrae
1789 1231 1992 1288 ﬁnibus

405 1325 752 1382 Christianos
775 1339 967 1379 omnes
992 1323 1224 1394 populos
1275 1322 1327 1377 in
1381 1321 1646 1377 honorem
1716 1319 1811 1376 Dei
1866 1318 1993 1375 festi

407 1416 558 1472 illius
583 1415 900 1472 celebritate
931 1414 1176 1486 defungi.
1211 1429 1275 1468 ac
1309 1414 1588 1468 communi
1624 1412 1994 1468 consensione

406 1505 624 1577 vigilias
665 1505 862 1560 obire?
897 1504 1157 1568 Eosdem,
1202 1504 1450 1574 inquam,
1495 1512 1550 1558 et
1601 1505 1843 1574 a'quales
1874 1502 1996 1558 dies

2094 594 2510 652 Κωνσταντίνου
2556 591 2614 644 δὲ
2650 589 2740 643 διὰ
2783 588 2884 658 τῆς
2925 587 3036 640 τῶν
3097 583 3413 639 ἐπισκόπων
3451 582 3672 653 σπουδῆς

2097 686 2383 758 συνηνώοη
2433 683 2632 755 μᾶλλον
2684 680 2746 734 τὸ
2794 679 3000 751 σχίσμα
3041 679 3120 740 είς
3165 676 3290 745 μίαν
3325 676 3595 745 ὁμόνοιαν·
3626 675 3675 727 τί

2091 777 2186 836 οὖν
2211 779 2400 833 τούτου
2419 776 2535 830 ἐστὶ
2553 771 3008 847 προυργιαίτερον
3026 769 3118 822 καί⁸
3135 767 3491 839 χαριέστατον
3507 767 3522 796 ¹
3535 807 3547 825 .
3575 765 3677 818 ἀπὸ

2093 873 2199 944 γῆς
2239 871 2489 942 περάτων
2527 869 2584 919 ὲν
2625 866 2729 937 μιᾷ
2758 862 2944 933 ἡμέρᾳ
2986 859 3352 914 ἀπαλλάττειν
3392 855 3521 908 λαὸν
3545 853 3676 924 Θεῷ,

2099 962 2410 1034 συμφωνεῖν
2435 977 2494 1012 τε
2534 957 2630 1012 καλ⁸
2657 955 2979 1026 ἀγρυπνεῖν,
3011 952 3106 1005 καὶ
3134 950 3233 1014 τὰς
3263 947 3435 1011 αὐτὰς
3474 945 3678 1018 ἡμέρας

2098 1052 2221 1114 [σας
2279 1049 2464 1120 φέρειν
2516 1045 2574 1099 έν
2639 1061 2700 1097 τε
2750 1040 3080 1114 ἀγρυπνίαις
3143 1040 3238 1092 καὶ
3291 1037 3531 1108 δεήσεσι,
3593 1036 3681 1089 καὶ

2097 1140 2319 1212 ὁμονοία
2356 1137 2450 1192 καὶ
2487 1134 2735 1207 λατρεία,
2766 1133 2990 1204 νηστείᾳ
3031 1149 3091 1184 τε
3133 1131 3231 1184 καὶ
3262 1126 3570 1200 ξηροφαγίᾳ
3597 1126 3683 1180 καὶ

2101 1231 2317 1303 ἁγνεία,
2345 1230 2441 1285 καὶ
2469 1231 2590 1292 ταῖς
2618 1226 2809 1290 ἄλλαις
2833 1227 2955 1290 ταῖς
2986 1223 3130 1278 κατὰ
3154 1220 3256 1292 τὴν
3283 1218 3684 1288 πανσεϐάσμιον

2100 1319 2308 1391 ταύτην
2327 1319 2545 1390 ἡμέραν
2565 1315 2798 1387 ἀγαθαῖς
2823 1313 2944 1386 Θεῷ
2963 1312 3391 1384 εὐαρεστήσεσιν
3417 1325 3433 1375 ;
3477 1305 3686 1369 Ἱκανῶς

2102 1413 2161 1466 δὲ
2193 1412 2337 1483 ἔχειν
2363 1410 2574 1482 νομίζω
2612 1409 2713 1480 τῆς
2754 1407 2900 1462 κατά
2936 1403 3098 1460 τοῦτο
3141 1398 3204 1457 ’ὣ
3231 1402 3422 1472 τάγμα
3452 1399 3561 1453 τῶν
3588 1397 3686 1452 Αὐ-

2103 1499 2301 1555 διαυῶν
2332 1498 2653 1569 διαφωνίας.

406 1576 781 1668 pernoctando
840 1597 1224 1668 precandoque
1279 1596 1568 1652 traducere
1605 1610 1821 1651 summa
1882 1593 2179 1650 concordia
2241 1592 2407 1663 827
2473 1605 2538 1646 ac
2575 1589 2746 1646 divini
2794 1586 3050 1643 Numinis
3097 1581 3391 1653 obsequio,
3452 1576 3686 1651 ieiuniis,

407 1691 684 1746 aridorum
723 1708 851 1754 usu,
879 1691 1231 1749 castimonia.
1263 1691 1496 1761 aliisque
1522 1689 1743 1761 pietatis
1808 1687 2023 1749 olliciis,
2065 1686 2267 1757 quibus
2306 1683 2784 1756 religiosissimum
2833 1681 2986 1735 illum
3029 1678 3174 1734 diem
3211 1676 3565 1746 frequentare
3627 1689 3686 1730 ac

408 1786 657 1843 venerari
688 1785 905 1842 solent?
929 1785 1036 1840 Sed
1071 1784 1185 1840 haec
1205 1785 1342 1841 satis
1365 1799 1488 1841 esse
1513 1784 1752 1840 arbitror
1775 1782 1843 1837 de
1869 1781 2252 1837 Audianorum
2283 1779 2514 1835 dissidio
2545 1778 2817 1833 hactenus
2840 1775 3139 1845 disputata.

476 1877 746 1932 Caeterum
778 1877 923 1932 idem
951 1876 1040 1932 ille
1067 1891 1234 1932 senex
1283 1876 1494 1932 Audius
1531 1876 1586 1931 in
1622 1875 1900 1948 Scythiam
1930 1877 1999 1931 ab

2182 1873 2424 1945 ’Υπέστη
2457 1873 2516 1927 δὲ
2544 1871 2640 1926 καὶ
2674 1870 2888 1944 ὲξορίαν
2917 1869 3081 1932 αὐτὸς
3115 1870 3144 1922 ὁ
3173 1866 3356 1940 γέρων
3371 1866 3587 1931 Αὖδιος,
3617 1867 3688 1930 είς

321 2044 325 2048 Ἰ
408 1967 739 2039 imperatore
768 1969 1042 2038 relegatus
1081 1977 1201 2032 est;
1239 1968 1387 2038 quod
1430 1968 1661 2039 pepulos
1687 1968 1893 2038 passim
1925 1967 1996 2022 ab

2101 1967 2161 2021 τὰ
2201 1967 2344 2039 μέρη
2379 1967 2478 2037 τῆς
2507 1963 2749 2028 Σκυθίας
2785 1963 2892 2018 ὑπὸ
2927 1961 3022 2016 τοῦ
3060 1960 3326 2032 βασιλέως
3375 1959 3686 2032 ὲξορισθεὶς,

407 2057 671 2114 Ecclesiae
735 2057 1004 2128 obsequio
1036 2057 1362 2125 retraheret,
1400 2072 1524 2112 cum
1569 2071 1634 2112 eo
1672 2056 1895 2110 nomine
1928 2054 1998 2109 ab

405 2149 686 2221 episcopis
739 2155 888 2204 esset
937 2148 1004 2203 ad
1055 2148 1444 2219 imperatorem
1483 2149 1715 2205 delatus.
1749 2149 1999 2217 Cumque

407 2239 464 2296 in
494 2254 559 2295 ea
591 2237 816 2309 regione
843 2245 1158 2294 versaretur
1202 2238 1358 2309 (quot
1388 2248 1568 2294 autem
1606 2238 1768 2294 annis
1797 2236 1998 2292 ibidem

407 2330 628 2392 vixerit,
644 2338 795 2384 certo
817 2343 1140 2384 asseverare
1157 2344 1266 2384 non
1281 2328 1624 2400 possumus),
1651 2330 1704 2383 in
1737 2329 2000 2383 interiora

407 2420 679 2477 Gotthicte
723 2427 1056 2491 penetrans,
1100 2419 1368 2478 barbaros
1425 2422 1629 2477 multos
1674 2420 2004 2476 Christianae

404 2510 688 2582 religionis
733 2509 1059 2564 rudimentis
1087 2509 1328 2564 instituit
1356 2527 1369 2564 :
1399 2525 1461 2564 ex
1499 2526 1609 2582 quo
1665 2509 2002 2564 monasteria

406 2605 463 2659 in
491 2600 710 2656 Gotthia
742 2601 1005 2656 nonnulla
1043 2608 1339 2671 propagata
1371 2611 1523 2664 sunt,
1559 2603 1612 2656 in
1640 2602 1842 2672 quibus
1879 2602 2004 2656 reli-

406 2696 562 2766 giosa
613 2694 827 2749 vivendi
873 2696 1014 2750 ratio
1044 2704 1098 2749 et
1135 2694 1420 2764 virginitas
1457 2696 1878 2765 arctissimaque
1920 2695 2006 2750 di-

405 2787 640 2858 sciplina
673 2786 880 2841 ﬂoruit.
914 2785 1012 2841 Est
1034 2785 1180 2839 enim
1213 2784 1495 2839 hominum
1525 2784 1628 2838 iste
1661 2793 1838 2840 cintus
1876 2785 2002 2839 vita:

404 2879 622 2934 ratione
649 2885 706 2934 et
755 2877 1010 2933 instituto
1049 2892 1173 2932 eum
1203 2876 1398 2946 primis
1426 2875 1799 2942 admirabilis;
1840 2883 2004 2946 atque

405 2969 462 3024 in
493 2969 710 3024 illorum
745 2968 1100 3024 monasteriis
1149 2967 1285 3022 nihil
1308 2981 1414 3020 non
1449 2967 1770 3036 praeclarum
1801 2975 1856 3022 et
1887 2967 2006 3021 cxi-

405 3058 577 3112 mium
607 3070 694 3114 est
718 3075 735 3126 ;
759 3059 805 3114 si
837 3057 1184 3129 praefractam
1227 3057 1374 3112 illam
1425 3058 1826 3113 contumaciam
1851 3045 2004 3114 exci-

2093 2058 2185 2113 διὰ
2207 2059 2268 2112 τὸ
2295 2057 2619 2129 ἀφηνιάζειν
2645 2056 2832 2120 λαοὺς,
2874 2055 2968 2108 καὶ
3001 2054 3108 2107 ὑπὸ
3134 2053 3245 2106 τῶν
3268 2052 3589 2106 ἐπισκόπων
3617 2051 3690 2122 τῷ

2105 2150 2318 2222 βασιλεῖ
2346 2149 2641 2221 ἀνηνέχθη.
2685 2148 2834 2202 Ἐκεῖ
2872 2146 2930 2200 δὲ
2970 2145 3208 2217 μάλιστα
3239 2143 3539 2214 διατρίϐων
3569 2141 3686 2214 χρόα

2097 2242 2380 2304 νον-ἑτῶν,
2412 2241 2514 2294 οὐκ
2542 2240 2652 2312 ἔχω
2683 2239 2884 2308 λέγειν,
2912 2238 3007 2291 καὶ
3047 2238 3126 2300 είς
3151 2237 3218 2290 τὰ
3255 2237 3450 2308 πρόσω
3481 2236 3684 2306 βαίνων,

2099 2333 2194 2386 καὶ
2217 2333 2298 2397 εἰς
2325 2331 2394 2385 τὰ
2417 2331 2666 2385 ὲσώτατα
2691 2331 2790 2401 τῆς
2812 2329 3060 2394 Γοτθίας,
3087 2329 3319 2393 πολλοὺς
3348 2329 3462 2382 τῶν
3489 2327 3688 2383 Γότθων

2099 2426 2430 2496 κατήχησεν·
2486 2423 2580 2492 ἀφ’
2627 2417 2800 2494 οὗπερ
2842 2422 2938 2474 καὶ
2981 2421 3324 2492 μοθαστήρια
3363 2421 3423 2473 ὲν
3450 2421 3516 2490 τῇ
3550 2417 3674 2488 αὐτῇ

2101 2516 2296 2589 Γοτθίρ.
2345 2516 2582 2585 ἐγένετο,
2625 2515 2720 2569 καὶ
2765 2513 3013 2568 πολιτεία
3052 2513 3147 2567 καὶ
3184 2511 3464 2584 παρθενία
3509 2528 3568 2564 τε
3600 2510 3687 2564 καὶ

2102 2610 2337 2680 ἄσκησις
2374 2608 2474 2680 οὐχ
2509 2611 2543 2678 ἡ
2578 2605 2834 2679 τυχοῦσα.
2869 2605 3027 2660 Ἔστι
3051 2605 3161 2677 γάρ
3185 2603 3264 2674 τῷ
3291 2604 3411 2658 om
3442 2601 3552 2674 (28)
3577 2599 3688 2656 τοῦ·

2101 2720 2165 2758 το
2204 2702 2266 2755 τὸ
2310 2701 2498 2772 τάγμα
2534 2700 2676 2754 πάνυ
2719 2701 2778 2754 ἐν
2813 2700 3127 2768 ἀναστροφῇ
3160 2696 3476 2768 θαυμαστῇ
3513 2694 3603 2749 καὶ
3628 2692 3688 2746 τὰ

2105 2790 2286 2846 πάντα
2314 2791 2494 2845 αὐτῶν
2536 2793 2595 2844 έν
2626 2793 2740 2852 τοῖς
2769 2789 2950 2844 αὐτῶν
2976 2788 3364 2860 μοναστηρίοις
3393 2786 3572 2849 καλῶς
3605 2784 3690 2854 φέ-

2108 2900 2284 2954 ρεται,
2317 2882 2459 2953 πλὴν
2496 2881 2605 2935 τῶν
2633 2881 2976 2951 φιλονεικιῶν
3001 2879 3227 2944 τούτων,
3263 2878 3371 2949 τῆς
3399 2895 3462 2931 τε
3495 2876 3689 2948 παραλσ

2105 2974 2280 3044 λαγῆς
2308 2973 2408 3027 τοῦ
2438 2974 2652 3045 Πάσχα,
2680 2973 2780 3044 τῆς
2805 2989 2865 3026 τε
2903 2971 3047 3026 κατά
3065 2970 3125 3025 τὸ
3154 2970 3430 3026 ἰδιωτικὸν
3451 2965 3692 3038 ἐγκειμέ-

2108 3082 2208 3135 νης
2232 3062 2327 3118 τοῦ
2353 3065 2473 3118 κατ’
2498 3063 2689 3117 εἰκόνα
2721 3061 3035 3134 ὁμολογίας.

405 3153 546 3222 pias,
593 3166 704 3223 qua
750 3159 806 3208 et
853 3152 908 3207 in
960 3149 1230 3206 Pascliate
1273 3151 1625 3217 celebrando,
1694 3167 1724 3206 a
1783 3155 2062 3210 communi
2101 3158 2502 3215 consuetudine
2550 3156 2876 3220 discedunt,
2921 3163 2976 3212 et
3035 3153 3167 3210 illud
3213 3151 3281 3209 de
3325 3151 3428 3208 Dei
3467 3147 3690 3221 imagine

402 3243 643 3314 simplici
671 3242 907 3313 quadam
939 3243 1151 3297 ratione
1182 3243 1648 3312 interpretandum
1672 3250 1888 3314 putant.

475 3289 592 3390 ᾖ.
632 3289 742 3392 scd
779 3334 916 3392 illud
965 3335 1196 3406 reliquis
1217 3289 1479 3390 omnibus
1505 3335 1574 3388 ad
1618 3289 1910 3389 horrorem
1943 3342 1999 3389 et

2171 3331 2274 3386 ιε’.
2321 3330 2396 3384 τδ
2439 3329 2514 3413 δὲ,
2549 3330 2851 3402 δεινότερον
2897 3329 3117 3384 πάντων
3163 3328 3258 3383 και
3297 3289 3685 3403 φοϐερώτερον,

402 3427 748 3484 atrocitatem
774 3427 956 3498 majus
978 3434 1083 3492 est,
1117 3425 1265 3497 quod
1291 3440 1417 3480 cum
1442 3425 1662 3480 nemine
1681 3432 2000 3496 precantur,

401 3519 621 3576 tametsi
649 3519 895 3576 honestis
914 3526 1080 3588 atque
1107 3518 1336 3589 integris
1363 3517 1609 3573 moribus
1639 3531 1762 3572 esse
1777 3517 1999 3572 videan-

403 3619 513 3676 tur,
543 3628 721 3682 neqne
749 3611 1051 3682 quidquam
1097 3611 1336 3666 habeant
1365 3610 1509 3680 quod
1559 3609 1670 3664 illis
1700 3609 2000 3677 objiciant;

401 3719 513 3758 non
535 3703 734 3774 stupri,
769 3719 878 3756 non
911 3702 1184 3766 adulterii,
1226 3715 1336 3755 non
1385 3700 1638 3754 avaritia:
1677 3700 1885 3754 crimen
1917 3699 2002 3752 ul-

402 3794 542 3858 lum,
569 3793 675 3847 nisi
700 3792 807 3846 hoc
835 3791 1126 3855 duntaxat,
1157 3789 1302 3860 quod
1335 3787 1594 3845 Ecclesiae
1615 3788 2005 3852 communione

403 3887 746 3941 continetur.
781 3883 873 3938 Est
894 3885 1000 3937 hoc
1029 3895 1184 3946 vero,
1222 3883 1300 3936 uti
1333 3881 1600 3946 diximus,
1641 3879 2000 3945 horrendum,

402 3979 843 4036 Christianorum
898 3983 1243 4031 commutare
1284 3989 1509 4042 nomen,
1549 3975 1644 4044 qui
1698 3972 1755 4027 in
1803 3981 2003 4028 sancta

405 4070 650 4126 Ecclesia
676 4077 994 4135 censentur,
1051 4083 1173 4138 qua:
1221 4068 1337 4124 sola
1367 4067 1575 4124 Christi
1637 4076 1694 4124 et
1731 4065 2000 4123 Christia-

403 4177 603 4219 norum
649 4161 1016 4233 appellatione
1047 4167 1324 4223 contenta,
1358 4157 1658 4216 ascititium
1693 4173 1854 4213 omne
1897 4173 2002 4214 no-

403 4265 530 4308 men
593 4253 822 4324 respuit.
865 4251 971 4307 Pro
1001 4251 1118 4316 illo,
1175 4252 1422 4322 inquam,
1457 4251 1683 4306 nomine
1717 4249 2002 4305 Audianos

403 4341 690 4412 appellari,
731 4342 1004 4398 coitiones
1061 4341 1204 4396 inter
1259 4353 1320 4396 se
1370 4339 1570 4405 facere,
1617 4354 1680 4395 ac
1731 4348 1999 4394 tesseram

403 4433 540 4488 uteri
593 4433 835 4489 hominis
895 4433 1120 4488 nomine
1165 4432 1491 4502 inscriptam
1536 4432 1779 4502 exigere.
1836 4429 1996 4493 Haec,

402 4525 652 4598 inquam,
682 4525 909 4582 minime
937 4523 1160 4582 ferenda
1179 4533 1329 4588 sunt,
1353 4525 1606 4595 quamvis
1629 4522 1833 4592 alioqui
1860 4525 2000 4577 inte-

403 4617 679 4687 gerrimus
724 4615 796 4671 sit
831 4615 1116 4671 hominum
1151 4614 1244 4670 illo
1275 4621 1614 4678 conventus;
1656 4621 1822 4683 atque
1847 4612 1998 4669 onmi

2105 3422 2187 3477 ὅτι
2219 3422 2319 3476 οὐκ
2350 3420 2602 3493 εὔχονται
2634 3423 2773 3492 μετά
2799 3439 2962 3486 τινος,
2986 3421 3089 3476 κάν
3112 3439 3170 3476 τε
3200 3423 3312 3477 τῶν
3329 3423 3574 3496 δοκίμων
3597 3443 3686 3493 φα-

2105 3515 2193 3584 νῇ.
2223 3513 2321 3567 καὶ
2367 3510 2534 3582 μηδὲν
2572 3513 2654 3574 είς
2686 3512 3060 3584 κατηγόρησιν
3095 3511 3350 3584 ἐχόντων,
3401 3514 3535 3586 μηδὲ
3567 3514 3686 3586 μέμ·

2104 3603 2198 3673 ψιν
2248 3604 2506 3675 πορνείας
2547 3603 2580 3674 ἢ
2623 3604 2870 3674 μοιχείας
2916 3603 2950 3674 ἢ
3005 3603 3340 3670 πλεονεξίας,
3375 3605 3490 3659 ἀλλ’
3536 3607 3612 3660 ὅτι
3657 3607 3684 3659 ὀ

2105 3694 2350 3760 τοιοῦτος
2377 3697 2435 3748 ὲν
2452 3697 2516 3767 τῇ
2552 3694 2850 3766 Ἐκκλησία
2864 3695 3178 3764 συνάγεται.
3198 3695 3309 3749 Καὶ
3324 3695 3490 3751 τοῦτό
3506 3698 3615 3750 ἐστι
3629 3697 3682 3750 τὸ

2107 3787 2358 3860 φοϐερὸν,
2378 3788 2440 3842 τὸ
2466 3787 2808 3862 παραλλάξαι
2838 3787 3009 3860 ὄνομα
3032 3787 3380 3861 Χριστιανῶν
3405 3791 3504 3863 τῆς
3534 3791 3681 3860 ἁγίας

2118 3879 2468 3950 Ἐκκλησίας,
2514 3879 2617 3949 τῆς
2665 3881 2740 3951 μὴ
2780 3879 3012 3950 ἐχούσης
3054 3880 3304 3936 ἐπίθετον
3335 3883 3526 3953 ὄνομα,
3559 3879 3680 3935 ἀλλὰ

2108 3971 2270 4044 μόνον
2289 3971 2462 4042 ὄνομα
2486 3970 2724 4043 Χριστοῦ
2761 3971 2856 4026 καὶ
2886 3971 3248 4044 Χριστιανῶν.
3277 3975 3361 4038 είς
3400 3974 3566 4045 δνομα
3585 3973 3679 4026 Αὐ-

2103 4063 2218 4117 δίου
2276 4061 2582 4128 καλεῖσθαι,
2619 4061 2906 4116 συνθέσθαι
2942 4079 3002 4116 τε
3035 4063 3130 4116 καὶ
3163 4063 3517 4118 ἀπαιτεῖσθαι
3570 4062 3681 4115 σύν-

2104 4159 2258 4226 θημα
2298 4154 2649 4227 ἀνθρωπίνης
2695 4153 2932 4222 φύσεως,
2980 4156 3027 4208 εί
3065 4155 3162 4210 καὶ
3189 4156 3282 4209 ἐπὶ
3317 4156 3378 4210 τὸ
3401 4153 3679 4228 ἀκραιφνὲς

2104 4247 2191 4320 εἴη
2223 4247 2300 4319 τῷ
2342 4248 2462 4319 βίῳ,
2497 4249 2591 4302 καὶ
2613 4247 2764 4319 πάσῃ
2785 4247 3100 4320 δικαιοσύνῃ
3131 4248 3194 4303 τὸ
3217 4249 3408 4320 τάγμα
3439 4246 3680 4320 σεμνυνό-

2107 4357 2290 4411 μενον.
2322 4340 2518 4394 Πολλοὶ
2554 4341 2613 4394 δὲ
2640 4341 2735 4394 καὶ
2771 4340 2910 4412 μετὰ
2934 4340 3034 4411 τὴν
3063 4339 3274 4395 ἐκείνου
3309 4341 3566 4412 τελευτὴν
3592 4353 3676 4407 γε·

2100 4433 2295 4503 γόνασι
2335 4433 2435 4488 σὺν
2471 4434 2656 4497 αὐτοῖς
2686 4451 2747 4488 τε
2795 4432 2888 4487 καὶ
2936 4435 3054 4504 μετ’
3095 4432 3261 4488 αὐτὸν
3287 4433 3386 4488 τοῦ
3418 4433 3675 4504 τάγματος

2103 4523 2269 4578 αὐτοῦ
2299 4524 2612 4587 ἐπίσκοποι,
2637 4524 2904 4596 Οὐράνιός
2940 4542 3023 4589 τις
3045 4524 3148 4595 τῆς
3172 4525 3363 4598 Μέσης
3391 4527 3501 4579 τῶν
3521 4537 3674 4577 ποτα-

2106 4614 2243 4686 μῶν·
2281 4615 2377 4669 καὶ
2409 4615 2519 4669 ἀπὸ
2548 4615 2651 4686 τῆς
2692 4615 2917 4680 Γοτθίας
2947 4616 3005 4670 δὲ
3043 4615 3169 4688 ἔσχε
3225 4617 3400 4683 τινὰς,
3444 4617 3533 4671 καὶ
3562 4629 3676 4668 κατ-

403 4721 468 4764 se
515 4706 788 4778 probitate
831 4705 1158 4777 justitiaque
1203 4705 1465 4761 venditet.
1519 4703 1648 4759 l’ost
1677 4704 1826 4759 illius
1872 4718 1999 4757 vero

2107 4707 2334 4778 έστησεν
2361 4709 2559 4771 αὐτοὺς
2587 4707 2940 4773 ἐπισκόπους·
2979 4708 3117 4764 ἀλλὰ
3147 4709 3243 4762 καὶ
3272 4709 3553 4773 Σιλουανός
3581 4723 3672 4770 τις,

403 4807 639 4856 mortem
696 4800 765 4857 ad
805 4805 1060 4856 eumdem
1107 4798 1262 4855 illum
1303 4804 1508 4854 cretum
1539 4796 1821 4853 adhaesere
1846 4811 2001 4851 com-

406 4890 593 4960 plures
620 4891 860 4962 episcopi
881 4931 896 4956 ,
926 4891 1023 4948 sed
1063 4891 1120 4946 in
1164 4891 1359 4960 primis
1392 4887 1634 4944 Uranius
1666 4889 1719 4944 in
1751 4887 2006 4958 Mesopo-

411 4978 604 5034 tamia.
641 4979 952 5046 Quinetiam
1003 4997 1073 5037 ex
1112 4980 1234 5052 ipsa
1280 4978 1505 5036 Gotthia
1535 4979 1639 5033 sibi
1667 4977 1876 5048 aliquot
1909 4977 2006 5031 ad-

402 5068 610 5138 iunxit,
659 5077 713 5124 et
738 5067 1028 5141 episcopos
1075 5071 1387 5128 constituit.
1431 5069 1639 5126 Praeter
1661 5083 1804 5139 quos
1833 5068 2002 5125 etiam

408 5163 669 5217 Silvanus
697 5169 752 5216 et
780 5162 873 5216 alii
929 5163 1153 5232 quidam
1176 5165 1528 5226 exstiterunt,
1559 5178 1592 5217 e
1623 5161 1825 5233 quibus
1865 5175 2004 5217 non-

408 5254 544 5311 nulli
601 5254 799 5309 mortui
834 5261 984 5319 sunt,
1044 5262 1100 5309 et
1144 5255 1286 5311 inter
1331 5256 1471 5311 alios
1505 5253 1768 5318 Uranits,
1813 5253 2004 5325 quise

410 5347 465 5401 in
529 5347 620 5402 illa
677 5347 836 5400 turba
871 5361 982 5416 prae
1033 5346 1248 5401 cteteris
1303 5345 1582 5401 offerebat.
1624 5345 1829 5402 Verum
1877 5351 2003 5414 post

409 5434 624 5505 Uranii,
670 5436 842 5508 828
865 5451 931 5491 ac
957 5433 1178 5506 Sylvani
1215 5435 1269 5489 in
1304 5434 1528 5490 Gotthia
1573 5435 1820 5506 episcopi
1852 5449 2002 5489 mor-

483 5591 501 5622 ⁸
540 5589 668 5660 Leg.
697 5590 1076 5662 χαριέστερον.

2101 4799 2196 4852 καὶ
2230 4798 2383 4853 ἄλλοι
2420 4800 2588 4864 τινὲς,
2626 4794 2702 4855 ὧν
2741 4800 3057 4872 συμϐέϐηκέ
3089 4818 3244 4866 τινας
3274 4802 3371 4856 τοῦ
3406 4802 3523 4873 βίου
3550 4798 3674 4853 παύ-

2103 4888 2320 4951 σασθαι,
2361 4889 2601 4958 μάλιστα
2631 4891 2915 4959 Οὐράνιον.
2949 4889 3121 4962 Ηῦχει
3158 4892 3267 4965 γὰρ
3295 4884 3451 4956 οὗτος
3487 4888 3672 4958 ἀναμέ-

2103 4997 2196 5033 σον
2220 4980 2466 5035 τοιούτου
2495 4981 2800 5053 τάγματος.
2825 4982 2982 5036 Μετά
3013 4982 3072 5036 δὲ
3116 4983 3215 5055 τὴν
3245 4982 3354 5036 τῶν
3379 4979 3669 5036 ἐπισκόπων

2101 5071 2284 5125 αὐτῶν
2310 5071 2518 5126 τούτων
2551 5073 2816 5145 Οὐρανίου
2865 5073 2960 5128 καὶ
2989 5073 3280 5128 Σιλουανοῦ
3314 5071 3407 5128 τοῦ
3458 5073 3521 5125 ὲκ
3554 5070 3666 5122 Fot-

2102 5161 2223 5226 θίας
2248 5162 2525 5235 τελευτὴν,
2557 5163 2744 5216 πολλοὶ
2769 5163 3116 5236 διελύθησαν,
3145 5165 3240 5219 καὶ
3263 5166 3342 5229 εἰς
3363 5162 3532 5232 ὀλίγον
3550 5156 3664 5232 ἧλος

2101 5251 2162 5304 τὸ
2188 5251 2396 5305 τούτων
2424 5251 2700 5324 σύστημα,
2736 5252 2794 5307 ἐν
2823 5269 2884 5307 τε
2918 5257 3032 5318 τοῖς
3076 5253 3269 5326 μέρεσι
3305 5251 3557 5313 Χαλκίδος
3577 5244 3663 5314 τῆς

2103 5345 2240 5416 πρὸς
2272 5346 2626 5417 Ἀντιοχείας,
2660 5349 2755 5401 καί
2784 5349 2842 5400 ἐν
2877 5351 2991 5412 τοῖς
3024 5349 3213 5420 μέρεσι
3250 5344 3344 5401 τοῦ
3377 5343 3640 5414 Εὐφράτου

2102 5435 2214 5489 Καὶ
2243 5435 2351 5507 γὰρ
2388 5436 2496 5490 ἀπὸ
2528 5438 2628 5508 τῆς
2659 5437 2885 5502 Γοτθίας
2913 5437 3247 5510 ἐδιώχθησαν
3273 5440 3325 5492 oi
3354 5436 3574 5500 πλείους,
3607 5428 3659 5482 οὔ

481 5707 595 5778 (28)
635 5706 947 5778 Ἔστιγὰρ
985 5707 1062 5778 τῷ
1107 5708 1253 5778 ὄντι.
1285 5706 1411 5762 llaec
1443 5705 1733 5778 Epiphanii
1802 5703 2040 5763 fortasse
2080 5707 2440 5778 temporibus.
2487 5707 2556 5761 At
2593 5716 2754 5764 atate
2785 5707 3111 5766 Theodoreti
3175 5707 3535 5764 Audianorum
3563 5698 3652 5754 is“!

413 5777 702 5846 discipiina
731 5779 789 5833 in
821 5777 1098 5832 licentiam
1125 5793 1188 5834 ac
1219 5775 1502 5834 libidinem
1529 5775 1854 5831 desciverat.
