3988 6406
314 415 425 470 577

971 397 1336 457 ADVERSUS
1377 389 1720 448 ιιιΕΒΕΒΕΞ
1758 388 1884 443 LIB.
1934 387 1952 440 1

2083 381 2247 438 ΊΟΜ.
2289 375 2329 433 1.
2369 407 2437 418 --
2477 370 2749 429 11ᾹΞ11Ε8.
2792 361 2980 422 LXXI.

3471 347 3584 408 378

317 531 444 601 τρί’
473 549 492 582 ι
525 530 555 584 6
577 524 844 588 Φωτεινὸς
870 521 970 595 μὲν
997 520 1090 575 τὸν
1127 519 1288 586 λόγον
1314 515 1551 584 ἐδέχετο,
1576 510 1646 565 τὰ
1687 509 1787 580 μὲν
1823 509 1904 570 είς
1933 513 1952 568 1

2052 519 2130 556 om
2163 503 2322 554 Patre
2350 497 2540 558 fuisse,
2570 512 2586 546 ›
2624 487 2891 544 Photinus
2940 479 3182 536 adhibita
3234 472 3585 530 distinctione

2239 592 2251 601 -
2301 588 2330 601 --
2404 587 2418 601 -
2477 594 2489 601 -
2587 578 2842 601 unt-Im-
2891 573 3168 601 ...ι-ιισηιη
3199 562 3561 601 annona...“

319 598 562 695 sznbv
591 622 692 689 τὴν
715 615 979 686 διαίρεσιν
1018 609 1377 682 προσάπτων,
1401 605 1472 658 τὰ
1502 603 1560 657 δὲ
1590 603 1670 663 εἰς
1699 598 1791 653 τὸν
1812 598 1908 651 Λό-

321 690 426 782 γον
470 711 731 765 ἀνωτάτω
772 703 1203 774 ἀναλογοὺμενα.
1241 697 1315 752 Τὸ
1363 695 1472 766 γὰρ
1497 735 1512 760 ,
1556 690 1908 758 Ποιήσωμεν

324 777 646 870 ἀνθρωιον
681 797 805 852 κατ’
836 795 1041 849 είκόνα
1071 789 1366 860 ἡμετέραν
1407 783 1508 838 καὶ
1537 779 1665 835 καθ’
1703 777 1910 848 δμοίω-

326 865 459 957 σιν,
505 890 586 959 τῷ
627 888 787 957 Λόγῳ
823 882 1042 946 ἑαυτοῦ,
1094 878 1283 951 φησὶν,
1315 879 1344 930 6
1373 873 1564 945 Πατὴρ
1594 870 1804 941 εἴρηκε.
1845 865 1912 918 Τί

209 1035 224 1040 ,
328 952 467 1048 οὗνς
494 983 524 1034 6
547 952 728 1047 Λόγος*
758 952 822 1031 έν
863 974 942 1045 τῷ
985 971 1194 1042 Πατρὶ,
1225 968 1411 1039 φησὶν,
1437 961 1537 1036 ἦν,
1575 961 1688 1016 ἀλλ’
1717 960 1818 1012 οὑκ
1844 952 1913 1028 ἦν

333 1047 487 1137 Υἱός.
519 1073 646 1133 Καὶ,
677 1066 916 1136 Ἕὸρεεε
943 1063 1158 1132 Κύριος
1187 1059 1349 1128 παρὰ
1375 1055 1618 1124 Κυρίου,
1650 1054 1707 1106 ὲν
1739 1047 1917 1119 Πατρὶ

335 1162 418 1218 ὒν
448 1166 477 1218 6
503 1162 696 1230 Λόγος.
722 1157 832 1212 Καὶ
851 1195 867 1221 ,
901 1149 1105 1216 Εἶδον,
1135 1148 1270 1220 φησὶ
1294 1187 1309 1212 ,
1336 1142 1773 1213 κατερχόμενον
1814 1138 1919 1191 ἑπ-

337 1255 464 1311 άνω
508 1228 628 1307 τῶν
672 1247 964 1320 νεφελῶν,
1006 1245 1088 1311 ὡς
1143 1240 1282 1296 Υίόν
1321 1234 1636 1305 ἀνθρώπου
1657 1247 1674 1265 ο
1724 1228 1882 1284 τοῦτο
1902 1266 1918 1292 ,

339 1345 478 1417 φησὶ
499 1385 516 1412 ,
545 1315 1098 1415 προκαταγγελτικῶς
1130 1332 1337 1399 ἔλεγεν,
1389 1326 1489 1396 οὑχ
1533 1324 1611 1387 ὡς
1654 1319 1749 1374 τοῦ
1788 1315 1920 1372 Υίοῦ

339 1408 704 1508 ὑπάρχοντος,
732 1429 868 1485 ἀλλὰ
892 1427 957 1498 δὴ
985 1426 1014 1479 δ
1043 1421 1265 1496 ἔμελλεν
1295 1418 1425 1481 Υἱὸς
1469 1412 1754 1470 καλεῖσθαι
1787 1408 1924 1480 μετά

339 1531 445 1600 τὴν
465 1501 684 1597 ᾒαρίαν
701 1565 716 1585 ,
742 1521 837 1577 καὶ
863 1519 986 1574 ἀντί⁵
1011 1517 1110 1588 τῆς
1151 1512 1353 1585 σαρκὸς
1384 1507 1614 1570 ἀνιέναι,
1645 1501 1925 1574 γεννηθεὶς

338 1620 372 1671 6
398 1591 652 1686 ’Χριστὸς
695 1614 761 1666 ὲκ
804 1607 1120 1677 Πνεύματος
1162 1603 1328 1672 ἁγίου
1368 1599 1464 1653 καὶ
1507 1595 1617 1651 ἀπὸ
1661 1591 1879 1663 Μαρίας
1906 1629 1924 1654 ,

343 1681 800 1778 προχρηστικῶς,
839 1698 1002 1770 φησὶ,
1031 1695 1102 1749 τὰ
1144 1693 1326 1748 πάντα
1357 1686 1691 1759 ἀναφέρεται
1721 1684 1801 1746 εἰς
1831 1681 1929 1736 αὑ·-

2008 594 2082 648 ita
2109 592 2253 661 quod
2281 587 2565 641 dicebatur
2586 578 2871 652 probabat,
2891 573 3085 644 partim
3113 575 3173 621 ut
3199 565 3265 620 ad
3287 562 3586 624 Christum,

2009 654 2204 755 partim
2241 679 2308 733 ad
2343 677 2582 732 Verbum
2615 668 2806 726 referri
2831 666 3126 736 iudicaret.
3181 657 3317 712 Nam
3356 654 3441 708 his
3467 667 3589 706 ver-

2011 773 2124 828 bis:
2177 768 2468 822 Faciamus
2515 763 2776 816 hominem
2823 754 2892 809 ad
2940 750 3222 821 imaginem
3267 755 3504 799 nostram
3539 749 3592 796 et

2012 864 2081 916 ad
2116 859 2515 916 similitudinem
2537 857 2576 919 ⁸,
2619 850 2856 905 Verbum
2898 857 3058 899 suum
3090 840 3248 894 Pater
3276 835 3591 906 alloquitur.

2013 952 2155 1020 Quid
2197 947 2402 1021 igitur?
2448 943 2602 1006 Erat,
2647 938 2848 1010 inquit,
2893 935 2949 989 in
2991 931 3154 986 Patre
3175 928 3447 992 Verbum;
3498 924 3596 980 sed

2017 1017 2258 1098 nondum
2275 1049 2393 1094 erat
2406 1035 2600 1090 Filius.
2624 1033 2791 1086 Item:
2811 1026 2959 1081 Pluit
2975 1021 3235 1077 Dominus
3257 1036 3291 1073 a
3311 1017 3534 1071 Domino
3552 1019 3597 1078 ²,

2016 1135 2162 1206 quod
2194 1134 2250 1188 in
2271 1130 2434 1185 Patre
2463 1125 2702 1182 Verbum
2733 1127 2915 1186 esset;
2964 1124 3048 1172 et:
3095 1113 3238 1173 Vidi.
3273 1110 3472 1180 inquit,
3505 1107 3601 1161 de-

2019 1199 2349 1282 scandentem
2385 1235 2548 1289 supra
2605 1213 2789 1277 nubes,
2845 1209 3001 1281 quasi
3047 1205 3250 1260 Filium
3287 1201 3514 1256 hominis
3537 1199 3557 1230 ³
3587 1216 3600 1253 :

2019 1317 2168 1390 quod
2196 1315 2344 1372 velut
2372 1319 2500 1367 ante
2533 1305 2868 1366 denuntians
2897 1299 3062 1364 dixit;
3105 1312 3215 1352 non
3250 1292 3395 1376 quod
3425 1291 3605 1345 adhuc

2025 1410 2196 1466 Filius
2226 1405 2539 1464 exsisteret,
2573 1398 2667 1457 sed
2699 1399 2878 1468 ipsum
2907 1392 3106 1452 solum,
3132 1388 3222 1443 cui
3255 1373 3379 1440 Filii
3406 1398 3607 1439 nomen

2024 1510 2142 1558 erat
2171 1496 2464 1570 aliquando
2496 1488 2872 1548 tribuendum,
2912 1491 3036 1554 post
3074 1481 3299 1536 Mariam
3331 1475 3607 1539 videlicet,

2027 1565 2282 1665 quodque
2309 1606 2376 1646 ex
2408 1602 2575 1644 carne
2604 1580 2947 1654 proditurum
2982 1585 3123 1638 erat,
3160 1571 3414 1628 Christus
3444 1565 3612 1621 nimi-

2029 1661 2150 1740 rum
2179 1661 2249 1738 de
2282 1679 2490 1751 Spiritu
2528 1681 2719 1732 sancto
2749 1669 3026 1739 Mariaque
3054 1664 3306 1737 genitus:
3359 1661 3415 1714 in
3449 1672 3611 1728 quem

311 1853 315 1857 ,
343 1755 940 1866 τνὲννῖπαρχῆςίὸὺἷιαω
1047 1782 1139 1859 ἧν,
1173 1783 1344 1852 Λόγος
1377 1779 1436 1834 δὲ
1583 1773 1836 1844 καθάπερ
1871 1772 1929 1822 ὲν

2052 1777 2113 1830 sic
2153 1781 2412 1844 tanquam
2457 1765 2847 1836 anticipatione
2890 1759 3124 1831 quadam
3177 1755 3431 1809 universa
3481 1765 3617 1805 con-

2385 1860 2413 1866 -
2867 1853 2878 1866 .
3012 1851 3024 1862 .
3078 1863 3121 1866 κ-
3167 1845 3613 1866 μηωμμμηηω

345 1890 478 1962 ἐμοὶ
777 1841 1001 1953 ’ζιίόηδὲ
1031 1841 1204 1942 εἶπον,
1235 1841 1458 1939 Est-41:6
1486 1841 1683 1940 μέρους
1713 1841 1923 1916 Παὺλου

2052 1866 2306 1922 'eruntur.
2375 1860 2699 1930 Quanquam
2735 1853 2976 1909 nomium
3012 1851 3129 1920 ipse
3159 1845 3614 1916 quemadmodum

2107 1956 2148 1962 --
2214 1955 2225 1962 -
2381 1953 2434 1962 ---
2496 1951 2510 1962 ι
2708 1946 2722 1962 ι
2759 1946 2787 1962 σν
2860 1959 2936 1962 κε--
2975 1950 3047 1962 Α-.
3115 1939 3226 1962 ll..-
3250 1943 3429 1962 -..ιη-ρ..
3457 1933 3614 1962 nan!"

344 1955 448 2036 τοῦ
481 1955 841 2050 Σαμόσατέως
882 1973 1020 2043 ἔχων
1057 1969 1128 2024 τὰ
1163 1969 1324 2038 ὅμοια
1349 1963 1448 2033 τῆς
1480 1958 1722 2022 ἐννοίας’
1764 1955 1930 2024 ἕτερα

347 2072 412 2126 δὲ
442 2071 524 2124 ἔτι
558 2047 687 2140 παρ’
717 2066 923 2120 ἐκεῖνον
955 2052 1350 2130 ὑπερόεὸηκὼς
1382 2053 1451 2123 τῇ
1478 2047 1679 2118 ἐννοίᾳ.

429 2354 504 2409 Γ’.
543 2351 655 2406 Καὶ
697 2347 860 2411 αὑτὸς
899 2345 956 2400 δὲ
993 2337 1147 2407 οὗτος
1177 2338 1624 2411 ἁνατραπήσεται
1657 2334 1736 2399 είς
1767 2331 1936 2403 ἐσχά-

351 2464 461 2518 την
493 2443 662 2499 ἐλθὼν
688 2438 1059 2513 ἀρνησιθεῖαν,
1086 2435 1181 2489 καὶ
1203 2432 1489 2503 ἀλλοτρίαν
1513 2429 1768 2483 ὑπόνοιαν
1793 2425 1937 2495 ζωῆς

357 2515 583 2596 αἰωνίου
608 2539 666 2590 ὲν
690 2535 911 2589 ἅπασιν.
935 2531 1001 2584 Et
1020 2529 1130 2599 γὰρ
1149 2525 1462 2598 πρόσφατος
1482 2524 1512 2576 6
1533 2519 1660 2584 Υἱὸς
1682 2516 1778 2572 τοῦ
1800 2515 1937 2569 Θεοῦ

359 2630 510 2686 κατὰ
532 2628 632 2700 τὴν
661 2625 896 2694 Θεότητα
913 2663 928 2689 ,
957 2622 1066 2692 ἄρα
1090 2621 1119 2673 6
1146 2617 1310 2670 Δαὸὶδ
1342 2611 1635 2687 πρωτεύει,
1663 2607 1862 2682 μᾶλλον
1882 2606 1941 2660 δὲ

359 2724 462 2777 καὶ
496 2723 553 2774 ὲν
595 2714 937 2790 προκριτέοις
965 2713 1205 2784 ὑπάρχει
1235 2707 1332 2763 τοῦ
1361 2705 1524 2760 αὑτὸν
1557 2699 1939 2772 πεποιηκότος.

361 2813 523 2868 οὕτω
551 2811 658 2880 γὰρ
690 2809 786 2862 καὶ
808 2805 970 2868 αὑτὸς
997 2803 1270 2866 διενοεῖτο,
1313 2798 1512 2871 μᾶλλον
1543 2795 1638 2850 καὶ
1660 2790 1944 2864 παρελθὼν

361 2903 470 2975 τὴν
508 2900 658 2954 θείαν
705 2897 950 2970 Γραφὴν,
991 2893 1136 2948 κατὰ
1163 2893 1264 2964 τὴν
1316 2887 1482 2942 αὑτοῦ
1519 2881 1946 2953 πεπλανημένην

366 2974 581 3050 ἔννοιαν
613 2991 858 3060 φάσκων,
897 2989 981 3042 ὅτι
1025 2986 1119 3040 καὶ
1157 2987 1186 3038 6
1221 2980 1543 3041 Ἀπόστολος
1583 2975 1839 3048 εἴρηκενο
1883 2974 1948 3026 '0

367 3085 605 3156 πρῶτος
635 3083 942 3151 ἄνθρωπος
975 3079 1044 3132 ἐκ
1072 3075 1186 3147 γῆς
1216 3071 1454 3144 χοϊκός,
1483 3069 1582 3123 καὶ
1616 3071 1647 3122 ό
1672 3067 1950 3134 δεύτερος

370 3155 477 3234 ἀπ’
507 3173 785 3244 οὐρανοῦ.
816 3170 992 3233 Εὐθὺς
1025 3168 1082 3222 δὲ
1111 3164 1426 3221 ἀντιπίπτει
1447 3158 1645 3230 αὑτῷό
1674 3157 1830 3224 λόγος
1852 3155 1952 3223 τῆς
1980 3185 2023 3243 c

369 3267 650 3341 ἀληθείας,
693 3265 790 3319 καὶ
824 3262 1034 3332 ἐλέγχει
1079 3256 1245 3312 αὑτοῦ
1283 3255 1382 3325 τὴν
1421 3249 1808 3320 ὲσκοτωμένην
1836 3245 1952 3299 διά-

369 3337 548 3415 νοιαν.
579 3355 898 3428 ’Ἄνθρωπον
945 3352 1056 3424 γὰρ
1095 3349 1193 3405 καὶ
1238 3346 1524 3418 ἄνθρωπον
1589 3342 1693 3412 ἔφη
1734 3341 1762 3393 6
1798 3337 1954 3406 ἅγιος

386 3450 711 3512 Ἀπόστολος
731 3464 746 3480 ο
773 3446 868 3501 καὶ
891 3443 982 3498 τὸν
1005 3443 1103 3514 μὲν
1127 3439 1345 3512 πρῶτον
1367 3434 1653 3506 ἄνθρωπον
1674 3430 1766 3484 τὸν
1783 3428 1955 3498 ’Λδὰμ

376 3544 447 3594 ὲκ
477 3539 582 3610 γῆς
623 3534 766 3592 εἶναι
811 3535 1017 3605 χοῖκδν,
1064 3531 1156 3585 τὸν
1183 3529 1241 3584 δὲ
1272 3526 1524 3596 δεύτερον
1567 3523 1662 3578 ἀπ’
1698 3518 1952 3593 οὐρανοῦ.

375 3609 576 3686 Καίτοι
602 3646 666 3697 γε
696 3626 979 3698 ἄνθρωπον
1001 3623 1198 3692 λέγων,
1223 3621 1323 3674 οὑκ
1345 3617 1404 3684 ἐξ
1423 3613 1650 3688 οὐρανοῦ
1679 3613 1736 3667 δὲ
1761 3612 1796 3682 ὴ
1819 3609 1958 3681 σὰρξ

379 3721 782 3790 καταϐέϐηκεν,
817 3718 930 3771 ἀλλ’
959 3712 1308 3783 ὡμολόγηται
1347 3709 1444 3762 καὶ
1480 3705 1589 3760 ἀπὸ
1618 3703 1810 3756 τούτου
1849 3699 1958 3753 ἀπὸ

379 3811 601 3882 Μαρίας
627 3789 780 3862 οὖσα.
811 3804 930 3858 ’Λπ’
961 3800 1190 3874 οὐρανοῦ
1216 3799 1274 3852 δὲ
1297 3792 1752 3867 καταχρηστικῶς
1783 3790 1845 3843 οὑ
1873 3789 1960 3842 λέ-

381 3880 704 3971 γειήσάρκα,
731 3898 866 3952 ἀλλὰ
899 3895 990 3949 τὸν
1021 3893 1276 3964 δεύτερον
1309 3889 1616 3958 ἄνθρωπον,
1646 3884 1794 3948 ἐξότε
1818 3880 1960 3936 ἄνω-

383 3970 480 4047 ίλεν
514 3988 676 4064 ἦλθεν
720 3991 750 4044 6
794 3989 986 4057 Λόγος,
1019 3983 1118 4038 καί
1147 3980 1500 4049 ἐσκήνωσεν
1525 3977 1596 4034 ἐν
1628 3974 1791 4044 ἡμῖν,
1818 3970 1962 4026 κατὰ

381 4085 450 4140 τὸ
477 4061 879 4154 γεγραμμένον.
909 4077 974 4131 El
1000 4071 1094 4130 οὖν
1125 4071 1482 4143 προϋπῆρχεν
1529 4070 1559 4120 6
1599 4065 1827 4137 Κύριος,
1865 4061 1963 4114 καὶ

385 4147 675 4247 πάρεστιν,
699 4147 797 4237 ³ος
821 4166 1035 4237 ἐφεῦρε
1064 4163 1271 4218 πᾶσαν
1295 4157 1442 4215 ὀδόν
1468 4156 1796 4219 συνέσεως,
1824 4147 1962 4205 εἶναι

384 4267 449 4322 δὲ
475 4241 658 4331 αὑτὸν,
689 4262 764 4326 ὡς
791 4262 892 4315 οὑκ
921 4255 1250 4328 ἀμφιϐάλλει
1285 4253 1320 4324 ἡ
1346 4249 1465 4304 θεία
1491 4247 1702 4319 Γραφή.
1735 4244 1816 4297 Τὰ
1853 4241 1964 4313 γὰρ

391 4358 537 4430 μετὰ
569 4354 742 4410 ταῦτα
799 4349 1054 4422 σημαίνει
1094 4347 1369 4418 προόντα,
1417 4340 1513 4393 καὶ
1562 4337 1623 4391 τὸ
1672 4333 1967 4406 εὑρηκέναι

390 4423 574 4504 πᾶσαν
617 4445 736 4500 ὁδὸν
783 4445 1052 4504 συνέσεως
1075 4455 1090 4470 ·
1140 4433 1260 4491 εἷτα
1309 4433 1404 4488 ἐπὶ
1461 4429 1567 4500 γῆς
1620 4427 1776 4497 ὤφθη
1800 4464 1818 4492 ,
1867 4423 1966 4493 τὴν

393 4539 694 4613 μέλλουσαν
719 4536 985 4606 ἒνσαρκον
1012 4526 1337 4602 παρουσίαν.
1368 4524 1481 4578 Καὶ
1504 4523 1587 4576 ὅτι
1615 4519 1709 4572 ἀπ’
1735 4515 1964 4588 οὑρανοῦ
1999 4519 2042 4577 D

391 4605 531 4700 ipact
552 4629 640 4682 τὸν
655 4605 939 4695 ἄνθρωπον
962 4618 1292 4692 ἐνηνοχέναι,
1307 4615 1369 4668 οὑ
1394 4612 1542 4680 λέγει
1567 4613 1596 4664 6
1623 4605 1964 4669 ’Λπόστολος.

408 4698 572 4775 uno
604 4718 694 4772 διὰ
735 4717 836 4788 τὴν
881 4712 1173 4767 συνένωσιν
1211 4709 1313 4778 τῆς
1359 4703 1626 4774 ὲνσάρκου
1665 4698 1970 4770 παρουσίας

393 4813 681 4884 ἄνθρωπον
705 4809 803 4881 μὲν
825 4806 988 4861 αὑτὸν
1017 4802 1166 4871 λέγει
1191 4800 1280 4854 διὰ
1308 4796 1398 4857 τὸν
1429 4794 1620 4866 χρόνον
1647 4791 1738 4845 τὸν
1765 4790 1969 4859 μεταξὺ

411 4879 584 4973 ’Λδᾶμ
612 4879 716 4954 καὶ.
734 4900 832 4969 τῆς
861 4896 1128 4967 ὲνσᾶρκου
1158 4887 1459 4961 παρουσίας
1477 4903 1494 4923 ι
1531 4884 1625 4938 ἀπ’
1651 4879 1882 4953 οὐρανοῦ
1914 4880 1972 4933 δὲ

396 4971 561 5054 αὑτὸν
591 4993 768 5062 λέγει,
800 4989 890 5044 διὰ
929 4988 991 5042 τὸ
1038 4984 1244 5040 ἄνωθεν
1272 4979 1464 5051 ήκέναι
1491 4976 1584 5030 τὸν
1610 4974 1742 5027 Θεὸν
1776 4971 1970 5039 Λόγον,

397 5088 499 5142 καὶ
531 5085 726 5154 σάρκα,
762 5081 838 5145 ὦς
871 5095 1057 5149 φησιν,
1088 5077 1116 5129 6
1142 5073 1312 5140 Λόγος
1347 5069 1486 5140 σὰρξ
1525 5065 1837 5137 γενόμενος,
1875 5063 1974 5132 οὑχ

399 5179 480 5242 ὡς
511 5176 668 5239 αὑτὸς
694 5171 912 5226 ὑπονοεῖ
943 5166 1114 5235 Λόγον
1146 5165 1212 5217 ὲκ
1246 5159 1462 5232 Πατρὸς
1498 5156 1850 5228 προελθόντα,
1882 5155 1977 5207 καὶ

402 5272 483 5331 είς
547 5265 722 5336 σάρκα
783 5254 1291 5332 μεταϐεὸλημένονο
1342 5249 1487 5304 οὑτω
1534 5247 1644 5318 γὰρ
1689 5244 1830 5298 κατὰ
1877 5243 1977 5314 τὴν

404 5335 765 5428 ἠπατημένην
793 5349 957 5406 αὑτοῦ
985 5347 1190 5401 ἔννοιαν
1224 5342 1521 5412 διηγήσατο
1540 5336 1668 5408 περὶ
1705 5335 1798 5388 τοῦ
1827 5335 1975 5405 ὅρου.

409 5421 470 5505 ἐξ
501 5449 558 5502 δὲ
579 5421 738 5500 ’ἔστιν
773 5441 943 5512 Ἀδὰμ
971 5437 1076 5509 πρὸ
1106 5434 1201 5489 τοῦ
1231 5431 1368 5488 εἶναι
1406 5431 1499 5484 τὸν
1527 5429 1717 5496 Λόγον,
1749 5421 1858 5497 ἆρα
1891 5424 1980 5478 διὰ

403 5543 548 5604 τίνος
573 5542 602 5594 6
621 5533 968 5603 αὑτὸςἋδὰμ
993 5530 1295 5589 κέκτισται,
1323 5525 1421 5579 καὶ
1452 5521 1631 5575 πάντα
1661 5517 1731 5571 τὰ
1757 5515 1867 5588 πρὸ,
1883 5518 1980 5571 αὑ-

405 5631 502 5687 τοῦ
547 5630 822 5700 κτίσματα
864 5622 958 5678 τοῦ
987 5619 1158 5683 Θεοῢ;
1187 5617 1258 5670 Ἦ
1291 5614 1426 5686 πρὸς
1458 5612 1579 5665 τίνα
1615 5611 1644 5663 6
1685 5606 1874 5678 Πατὴρ
1903 5607 1979 5660 εῖ-

481 5771 496 5796 ‘
527 5768 661 5819 ﬂeo.
697 5784 735 5824 t.
765 5765 854 5820 9.6.

409 5839 431 5876 ⁷
462 5838 594 5898 ibid.
630 5839 660 5889 5
671 5857 688 5867 η

966 5765 986 5794 ³
1014 5758 1149 5815 Gen.
1197 5772 1308 5820 XIX,
1332 5755 1423 5810 2-1.
1526 5752 1546 5784 ³
1581 5750 1718 5805 Dan.
1753 5765 1846 5813 vn,
1884 5749 1962 5804 15.

2029 1967 2084 2013 et
2107 1955 2340 2012 Verbum
2381 1951 2535 2015 illud,
2580 1946 2724 2018 quod
2759 1946 2813 2000 in
2858 1959 2943 1998 me
2969 1950 3072 1996 est.
3115 1939 3228 1992 Hoc
3249 1943 3430 1991 autem
3457 1933 3620 2003 paulo

2031 2058 2159 2104 ante
2183 2043 2523 2104 monuimus,
2567 2037 2862 2093 Photinum
2890 2049 2954 2089 ex
2982 2031 3132 2085 Pauli
3168 2026 3508 2083 Samosateni
3536 2024 3620 2078 fa-

2033 2142 2216 2195 ctione
2250 2151 2396 2200 esse,
2427 2129 2727 2199 eademque
2759 2139 2886 2181 cum
2940 2123 3034 2176 illo
3062 2119 3375 2180 defendere,
3407 2115 3622 2170 tametsi

2036 2232 2188 2287 illum
2221 2228 2399 2299 ipsum
2433 2221 2590 2277 novis
2618 2217 2901 2273 erroribus
2933 2212 3274 2279 inventisque
3318 2204 3621 2276 superavit.

2109 2319 2196 2374 lll.
2223 2295 2428 2375 Verum
2473 2308 2830 2367 nihilominus
2865 2313 2920 2360 et
2965 2303 3082 2372 ipse
3111 2297 3410 2360 refelletur,
3444 2296 3534 2367 qui
3568 2295 3624 2348 in

2038 2421 2337 2467 extremam
2381 2402 2708 2472 impietatem
2734 2411 2799 2451 ac
2825 2393 2995 2449 divini
3026 2389 3279 2445 Numinis
3309 2386 3625 2456 abuegatio-

2042 2516 2164 2558 nem
2215 2479 2526 2570 prolapsus,
2567 2499 2622 2546 et
2666 2490 2843 2543 aliena
2881 2500 2912 2538 a
2953 2483 3281 2552 sempiterna
3322 2480 3428 2532 vita
3477 2493 3628 2531 eom-

2043 2601 2222 2648 menta
2249 2599 2472 2648 secutus
2499 2595 2603 2644 est.
2636 2585 2772 2640 Nam
2807 2585 2852 2639 si
2886 2598 3076 2638 recens
3104 2581 3239 2634 adeo
3269 2586 3372 2638 est,
3395 2575 3538 2646 quod
3560 2573 3629 2628 ad

2023 2685 2382 2741 divinitatem
2415 2681 2629 2742 attinet,
2661 2677 2754 2732 Dei
2796 2674 2986 2737 Filius,
3011 2684 3355 2742 consequens
3382 2677 3487 2731 est,
3520 2681 3630 2719 non

2049 2778 2210 2832 modo
2243 2775 2501 2842 Davidem
2537 2772 2630 2826 illo
2671 2768 2999 2824 anteriorem
3026 2781 3168 2829 esse,
3212 2762 3307 2818 sed
3358 2771 3412 2815 et
3453 2759 3630 2813 eidem

2048 2868 2319 2924 conditori
2373 2881 2476 2920 suo
2525 2859 2946 2934 prtel'erendum.
3020 2857 3196 2926 Atque
3244 2854 3358 2908 haec
3411 2850 3631 2921 quidem

2051 2958 2285 3013 haeretici
2317 2957 2462 3011 illius
2488 2949 2675 3024 opinio
2705 2947 2955 3019 fuit,qui,
2987 2957 3267 3000 sacrarum
3302 2940 3634 2993 Litterarum

2051 3049 2370 3104 auctoritate
2416 3051 2748 3114 contempta,
2797 3041 2919 3111 ejus
2974 3035 3290 3093 testimonio
3349 3043 3634 3102 perperam

2054 3143 2332 3197 intellecto
2361 3139 2442 3194 sic
2473 3137 2720 3191 abutitur
2742 3152 2756 3188 :
2778 3131 3093 3203 Apostolus,
3131 3126 3327 3197 inquit,
3354 3125 3428 3178 ita
3462 3121 3638 3191 loqui-

2055 3239 2180 3285 tur:
2245 3227 2462 3282 Primus
2502 3227 2656 3280 Itomo
2693 3222 2757 3276 de
2797 3231 2942 3276 terra
2982 3230 3239 3281 terrenus,
3281 3212 3538 3268 secundus
3575 3209 3641 3264 de

2055 3322 2182 3376 (:on
2206 3321 2247 3374 ⁸.
2289 3319 2454 3389 Atqui
2490 3317 2675 3373 statim
2713 3315 2790 3369 illi
2823 3312 3069 3368 veritatis
3108 3309 3412 3376 refragatur
3439 3303 3638 3364 oratio,

2055 3427 2119 3466 ac
2149 3411 2547 3466 tenebricosam
2588 3406 2736 3460 illius
2759 3411 2995 3458 mentem
3020 3397 3316 3468 redarguit.
3349 3394 3641 3464 Apostolus

2060 3505 2206 3560 enim
2261 3501 2499 3572 duplicis
2547 3497 2791 3552 hominis
2835 3494 3168 3550 mentionem
3217 3490 3347 3558 agit,
3405 3499 3641 3554 quorum

2058 3595 2292 3666 priorem
2323 3591 2485 3661 831
2517 3588 2784 3643 Adamum
2819 3601 2850 3640 e
2877 3595 3022 3638 terra
3054 3589 3374 3641 terrenum;
3407 3575 3639 3627 alterum

2059 3663 2090 3743 ὲ
2119 3685 2259 3740 εωιο
2288 3682 2584 3737 deductum
2610 3677 2860 3732 aﬂirmat.
2888 3675 2964 3729 Ac
2993 3675 3121 3728 licet
3152 3670 3425 3725 hominem
3461 3663 3642 3732 appel-

2061 3779 2156 3842 let,
2191 3791 2298 3831 nou
2333 3783 2516 3829 tamen
2543 3786 2574 3827 e
2603 3772 2745 3826 cutio
2775 3784 2906 3824 caro
2939 3767 3054 3836 ipsa
3088 3760 3394 3824 descendit,
3435 3757 3530 3812 sed
3562 3755 3648 3810 vel

2062 3870 2267 3925 fatente
2293 3868 2436 3938 ipso,
2485 3882 2516 3922 e
2544 3864 2714 3919 Maria
2767 3867 3026 3930 suscepta
3069 3865 3175 3912 est.
3223 3854 3298 3910 De
3345 3851 3490 3907 ccelo
3520 3865 3649 3904 vero

2064 3977 2174 4017 non
2221 3959 2396 4016 abusu
2434 3956 2670 4029 quodam
2717 3950 2990 4008 sermonis
3023 3962 3242 4003 carnem
3281 3945 3356 3998 ait
3391 3956 3512 3996 esse
3555 3938 3652 3992 de-

2067 4054 2296 4123 lapsam,
2331 4050 2425 4106 sed
2463 4047 2766 4104 secundum
2808 4043 3084 4098 hominem
3115 4039 3416 4093 duntaxat:
3445 4047 3511 4088 ex
3543 4044 3652 4100 quo

2069 4122 2306 4200 verbum
2359 4157 2392 4196 ο
2444 4140 2585 4196 εωιο
2631 4135 2938 4196 descendit,
2989 4140 3040 4186 et
3087 4129 3346 4185 habitavit
3393 4127 3447 4179 in
3477 4122 3651 4184 nobis,

2066 4233 2525 4306 quemadmodum
2556 4231 2822 4299 scriptum
2850 4225 2998 4281 est'.
3039 4220 3405 4288 Quamobrem
3438 4223 3493 4270 et
3526 4221 3654 4268 ante

2070 4325 2335 4382 Dominus
2366 4323 2689 4386 exsistebat,
2719 4330 2774 4375 ct
2807 4314 3040 4372 subinde
3067 4312 3274 4366 adfuit:
3325 4309 3429 4372 Qui
3457 4306 3653 4359 invenit

2070 4433 2277 4476 omnem
2303 4416 2442 4470 viam
2469 4413 2704 4468 scientia:
2726 4413 2772 4465 ‘:
2805 4408 3097 4466 Exstitisse
3127 4419 3257 4459 vero
3284 4399 3469 4456 divina
3501 4394 3654 4450 Scri-

2067 4519 2229 4584 ptura
2253 4524 2362 4564 non
2390 4507 2620 4562 dubitat.
2656 4501 2789 4556 Nam
2827 4515 2948 4572 qua:
3003 4503 3314 4568 sequuntur
3342 4499 3469 4547 ante
3499 4489 3653 4543 illum

2075 4581 2354 4660 exstitisse
2419 4598 2720 4653 declarant.
2808 4593 2969 4648 Velut
3029 4588 3174 4662 quod
3229 4599 3449 4642 omnem
3507 4581 3654 4635 viam

2075 4694 2321 4751 scientia:
2366 4691 2634 4762 reperisse
2675 4689 2912 4753 dicatur,
2949 4685 3147 4741 deinde
3206 4683 3263 4736 in
3313 4687 3458 4733 terra
3502 4675 3656 4730 visus

2075 4788 2274 4844 esse':
2344 4799 2467 4855 quae
2518 4783 2757 4837 loturam
2815 4777 3274 4838 incarnationem,
3325 4771 3657 4842 quandoque

2079 4876 2481 4948 signiﬁcabant.
2532 4872 2652 4928 Jam
2686 4885 2818 4926 vero
2848 4870 2990 4940 quod
3025 4885 3057 4924 e
3092 4865 3233 4922 cmlo
3264 4878 3448 4920 secum
3476 4859 3658 4915 homi-

2080 4984 2204 5025 nem
2231 4968 2493 5024 detulisse
2525 4972 2722 5036 putant
2769 4960 3033 5025 haeretici,
3071 4975 3180 5013 non
3227 4957 3332 5011 hoc
3364 4953 3658 5025 Apostolus

2080 5064 2260 5126 dicit:
2313 5076 2502 5117 verum
2544 5060 2615 5115 ob
2656 5058 2951 5112 humanam
3004 5061 3254 5107 naturam
3300 5064 3423 5105 cum
3475 5045 3659 5102 divina

2081 5155 2449 5210 consociatam
2485 5152 2761 5205 hominem
2794 5149 2944 5201 illum
2979 5143 3214 5215 appellat
3242 5158 3264 5207 ;—
3287 5147 3466 5211 atque
3492 5139 3658 5193 etiam

2081 5248 2153 5303 ob
2184 5246 2314 5302 illud
2343 5254 2580 5315 tempus,
2607 5243 2755 5314 quod
2779 5240 3043 5295 Adamum
3076 5241 3219 5294 inter
3249 5244 3302 5290 et
3330 5231 3661 5289 incarnatio-

2085 5353 2209 5393 nem
2231 5336 2576 5404 interiectum
2605 5341 2718 5399 est;
2747 5347 2856 5387 non
2880 5331 3045 5400 quod,
3080 5339 3140 5383 ut
3173 5327 3262 5381 ille
3290 5325 3394 5380 sibi
3429 5335 3661 5392 persua-

2081 5429 2194 5491 det,
2235 5426 2474 5482 Verbum
2527 5442 2554 5478 a
2608 5425 2770 5479 Patre
2826 5423 3177 5493 processerit,
3225 5427 3279 5471 et
3336 5416 3392 5469 in
3442 5425 3662 5466 carnem

2085 5525 2354 5574 mutatura
2389 5517 2592 5574 fuerit:
2637 5517 2713 5570 ita
2753 5516 2898 5570 enim
2947 5515 3036 5567 ille
3069 5512 3206 5565 falso
3255 5507 3321 5559 de
3365 5505 3469 5557 hoc
3499 5515 3663 5568 argo-

2086 5619 2271 5668 mento
2297 5611 2574 5668 disseruit.
2609 5609 2676 5664 Et
2704 5623 2831 5663 vero
2856 5606 2900 5663 si
2929 5604 3172 5659 Adamus
3202 5597 3364 5653 Verbi
3398 5591 3662 5660 originem

2116 5755 2138 5788 ⁸
2167 5753 2184 5811 1
2214 5755 2338 5814 Cor.
2370 5771 2457 5823 xv,
2481 5754 2570 5810 47.
2676 5755 2696 5786 ³
2723 5751 2881 5807 Joar.
2913 5765 2953 5816 ι,
2980 5747 3062 5802 ιι.
3165 5745 3185 5776 °
3216 5739 3425 5805 l‘aruch
3457 5751 3539 5802 ut,
3569 5731 3664 5789 5?;

2676 5755 2696 5786 ³
2723 5751 2881 5807 Joax‘.
2913 5765 2953 5816 ι,
2980 5747 3062 5802 ιι.
