3988 6466
442 431 548 488 379
1859 418 1917 474 S.
1963 409 2310 471 EPIPIIANII
3667 404 3771 459 330

447 541 765 604 antecessit,
803 553 899 611 per
940 551 1232 608 quemnam
1273 551 1384 591 non
1423 534 1587 590 modo
1622 533 1886 598 Adamus,
1937 530 2034 586 sed

2160 541 2306 597 ιηκε·
2334 521 2690 592 Ποιήσωμεν
2719 519 3067 587 dromon
3093 518 3154 572 οὐ
3175 517 3310 588 γάρ
3334 516 3434 581 τίς
3464 531 3609 570 ποτε
3635 517 3770 590 πρὸς

445 634 614 689 etiam
641 645 764 702 quae
779 607 986 684 idamo
1013 628 1226 698 priores
1255 637 1384 681 sunt
1404 634 1674 682 creatura:
1708 623 1825 690 Dei,
1851 637 2043 676 omnes

2160 617 2238 671 τὸν
2259 612 2564 669 ἐνδιάθετον
2587 610 2755 666 αὐτοῦ
2788 609 2968 678 λόγον,
2999 609 3033 679 ἢ
3061 609 3154 662 τὸν
3178 607 3552 680 προφορικὺν
3579 608 3774 661 ἐπιτεί-

451 723 730 794 productae
761 721 928 777 sunt?
963 720 1100 787 Quis
1129 719 1218 774 ille
1249 734 1383 774 vero
1407 727 1495 774 est
1555 718 1644 774 cui
1677 716 1838 770 Pater
1861 713 2036 769 dixit:

455 813 743 867 Faciamus
782 809 1088 865 hominem?
1135 807 1309 863 Nemo
1355 808 1500 863 enim
1547 817 1642 861 aut
1675 805 1744 860 ad
1786 804 2040 860 intimum

451 903 677 956 verbum
704 915 890 965 suum,
931 909 1024 954 aut
1051 899 1117 952 ad
1150 897 1283 952 illud
1305 897 1450 966 quod
1474 897 1714 952 exterius
1744 893 2042 966 profertur,

452 992 918 1046 consultationem
950 989 1509 1058 deliberationemque
1545 986 1752 1057 dirigit.
1803 984 1930 1040 Ideo
1959 985 2047 1038 in-

455 1085 621 1137 situm
647 1082 754 1138 sibi
777 1082 1298 1152 sanetissimumque
1321 1095 1480 1134 suum
1503 1077 1735 1133 Verbum
1760 1077 2046 1146 alloquens

456 1175 640 1240 Pater,
663 1175 902 1228 futuram
925 1173 1164 1228 hominis
1187 1172 1616 1243 procreationem
1638 1169 2045 1240 sapientissime

456 1283 595 1342 voce
623 1267 889 1331 declarat,
935 1273 994 1319 ut
1023 1264 1220 1320 Filium
1268 1264 1412 1333 apud
1444 1262 1660 1318 Patrem
1691 1262 1849 1316 initio
1871 1260 2046 1316 exsti-

460 1361 597 1414 tisse
629 1358 936 1422 sciremus;
983 1372 1162 1427 neque
1191 1355 1529 1411 conditorem
1565 1361 1818 1410 nostrum
1853 1365 2047 1408 recens

2147 724 2302 761 νσται
2343 705 2444 774 τὴν
2486 701 2822 774 συμϐουλίαν
2839 743 2856 768 ,
2900 700 3038 756 ἀλλὰ
3073 701 3206 770 πρὸς
3239 699 3350 752 τὸν
3387 698 3648 768 ἔμφυτον
3686 699 3776 751 καὶ

2148 799 2306 869 ἅγιον
2331 796 2498 852 αὐτοῦ
2531 796 2706 864 Λόγον
2732 793 2837 864 τῆς
2864 792 3166 864 μελλούσης
3201 790 3312 846 τοῦ
3345 789 3662 862 ἀνθρώπου
3688 790 3776 860 δη‹

2153 890 2444 962 μιουργίας
2471 889 2708 941 ποιεῖται
2734 886 2834 957 τὴν
2865 885 3007 957 μετὰ
3031 885 3209 955 πάσης
3243 882 3466 952 σοφίας
3490 881 3774 952 ἐξήγησιν·

2150 981 2240 1036 ἵνα
2276 980 2540 1052 μάθωμεν
2565 978 2625 1046 ἐξ
2647 977 2828 1049 ἀρχῆς
2859 972 2999 1030 εἶναι
3018 975 3122 1030 -τδν
3153 975 3344 1028 Παῖδα
3374 972 3529 1044 πρὸς
3561 973 3658 1026 τὸν
3683 975 3773 1026 αὖ·

2148 1072 2246 1127 τοῦ
2277 1071 2519 1143 Πατέρα,
2545 1071 2632 1123 ἵνα
2667 1069 2742 1140 μὴ
2767 1068 2860 1122 τὸν
2885 1067 3152 1139 ἡμέτερον
3178 1065 3428 1136 κτίστην
3458 1064 3774 1136 πρόσφατον

2150 1162 2484 1234 νομίσωμεν,
2511 1159 2649 1214 ἀλλὰ
2680 1176 2780 1214 συν
2814 1156 2992 1229 Harp}.
3029 1155 3117 1209 ἀεὶ
3144 1155 3493 1224 ὑπάρχοντα
3535 1152 3647 1222 πρὸ
3673 1153 3773 1204 τῶν

2151 1252 2398 1310 αἰώνων*
2429 1253 2508 1316 ὡς
2540 1253 2636 1306 καὶ
2676 1249 2932 1319 Ἰωάννης
2969 1248 3240 1318 μαρτυρεῖ
3269 1243 3512 1314 λέγων’
3544 1245 3652 1297 Ἐν·
3681 1244 3776 1311 ἀρ-

2153 1344 2236 1416 χῇ
2261 1340 2342 1415 ἦν
2364 1347 2398 1399 ὁ
2422 1346 2638 1413 Λόγος,
2671 1342 2772 1398 καί
2795 1343 2828 1396 ό
2849 1341 3042 1409 Λόγος
3066 1335 3148 1409 ἦν
3170 1338 3337 1407 πρὸς
3361 1338 3483 1394 τὸν
3516 1338 3693 1395 Θεόν.

461 1451 517 1506 in
547 1452 721 1507 lucem
747 1451 953 1506 editum
985 1451 1406 1512 arbitraremur,
1436 1450 1531 1505 sed
1561 1463 1688 1503 cum
1757 1448 1916 1502 Patre
1937 1443 2178 1516 priorem
2225 1439 2445 1496 saeculis
2489 1438 2749 1494 omnibus
2816 1435 3007 1491 fuisse.
3068 1435 3124 1489 Id
3187 1431 3355 1506 quod
3424 1430 3676 1488 Joannes
3707 1430 3772 1484 ita

460 1546 835 1602 demonsuat:
885 1543 952 1599 In
994 1545 1252 1614 principio
1292 1555 1407 1600 erat
1447 1543 1696 1610 Verbum,
1736 1552 1787 1598 et
1821 1541 2044 1596 Verbum
2082 1544 2199 1593 erat
2228 1535 2372 1604 apud
2407 1533 2634 1588 Deum“.

535 1637 625 1693 IV.
663 1640 827 1709 Atqui
859 1638 1119 1702 Verbum,
1153 1639 1332 1708 inquit
1356 1639 1655 1693 circulator
1686 1637 1812 1700 iste,
1837 1650 1868 1690 a
1900 1634 2051 1705 prin-

460 1729 606 1798 cipio
636 1729 914 1784 exstitisse
948 1728 1160 1794 fateor;
1223 1726 1420 1783 Filium
1454 1727 1546 1784 Dei
1579 1727 1820 1798 genitum
1857 1725 2050 1791 fuisse,

2225 1630 2300 1684 Δ⁹ο
2345 1627 2442 1690 Ὧς
2460 1627 2481 1657 ⁸
2511 1642 2680 1698 φησιν
2707 1625 2736 1677 δ
2766 1620 3015 1696 ἀγύρτης
3034 1636 3050 1652 ⁶
3090 1621 3202 1677 Καὶ
3233 1618 3421 1684 αὑτός
3459 1635 3616 1690 φημι
3642 1613 3771 1672 εἶναι

2155 1717 2250 1771 τδν
2276 1717 2449 1785 Λόγον
2478 1715 2768 1786 ἀπαρχῆς.
2807 1713 2922 1768 ἀλλ’
2947 1713 3046 1784 οὐχ
3085 1711 3212 1766 Υἱὸν
3246 1709 3403 1764 Θεοῦ
3438 1708 3767 1780 γεγεννημέ-

465 1818 519 1873 id
544 1835 672 1874 vero
701 1835 808 1872 non
837 1819 1034 1874 fateor.
1105 1818 1306 1874 Verum
1335 1820 1444 1874 nisi
1483 1817 1577 1872 Dei
1613 1819 1684 1872 sit
1713 1815 1906 1881 Filius,
1931 1816 2050 1871 ina~

2160 1827 2265 1865 νον.
2303 1809 2413 1863 Καὶ
2451 1808 2500 1860 εί
2553 1807 2631 1878 μὴ
2677 1806 2829 1861 ἐστιν
2874 1805 3001 1869 Υἱὺς
3045 1803 3214 1870 Θεοῦ,
3254 1803 3514 1875 μάταιος
3550 1800 3716 1856 αὐτοῦ
3745 1803 3770 1854 ὁ

466 1912 554 1966 nis
583 1919 666 1966 est
693 1911 841 1966 illius
868 1911 1042 1976 labor,
1068 1912 1230 1966 inane
1252 1921 1306 1965 et
1325 1911 1491 1965 animi
1526 1911 1886 1981 propositum,
1909 1923 2051 1962 vana

466 2002 705 2072 denique
727 2019 852 2073 spes
868 2003 1048 2057 omnis
1069 2011 1123 2058 et
1150 2003 1430 2074 cogitatio.
1464 2003 1608 2056 Nihil
1641 2003 1786 2057 enim
1817 2000 2052 2070 amplius

470 2095 942 2164 excellentiusque
976 2095 1044 2150 de
1090 2094 1309 2149 Christo
1345 2093 1652 2164 proﬁtetur,
1685 2107 1850 2163 quam
1879 2090 2051 2146 Judaei

470 2185 598 2255 ipsi,
629 2185 721 2255 qui
751 2185 1004 2240 eumdem
1049 2185 1410 2256 abnegarunt.
1445 2185 1617 2240 Porro
1648 2202 1756 2241 non
1783 2185 2052 2254 scriptum

468 2281 556 2328 est
583 2275 637 2327 in
671 2273 1001 2344 Evangelia:
1031 2272 1097 2327 In
1122 2275 1382 2343 principio
1413 2285 1529 2328 erat
1567 2272 1812 2338 Verbum,
1845 2281 1900 2326 et
1921 2269 2055 2327 Ver-

469 2362 598 2417 bum
627 2372 740 2417 erat
767 2363 820 2416 in
851 2361 990 2427 Deo;
1019 2362 1150 2417 sed:
1178 2361 1398 2416 Verbum
1415 2371 1530 2416 erat
1559 2361 1698 2430 apud
1733 2360 1932 2424 Deum;
1955 2374 2056 2414 nec

471 2452 528 2507 in
562 2453 670 2508 Deo
694 2452 928 2509 Verbum
960 2453 1124 2523 832
1159 2453 1320 2508 modo
1347 2452 1519 2508 fuisse
1553 2448 1721 2516 dicit;
1763 2451 1880 2516 sed,
1915 2451 2055 2505 Dens

469 2553 583 2598 erat
627 2541 870 2598 Verbum.
924 2541 983 2596 In
1037 2544 1157 2612 ipso
1203 2543 1422 2614 quidem
1468 2543 1687 2598 homine
1732 2556 1914 2596 sermo
1943 2540 2054 2604 ille.

470 2635 563 2706 qui
589 2643 849 2705 perpetuo
867 2643 962 2688 aut
987 2633 1233 2699 interior,
1257 2643 1346 2687 aut
1379 2641 1603 2688 externa
1636 2647 1768 2686 voce
1800 2632 2048 2702 prolatus

469 2733 575 2790 est,
593 2725 755 2779 homo
771 2725 875 2778 dici
907 2740 1011 2778 non
1042 2732 1241 2794 potest,
1266 2724 1360 2779 sed
1384 2723 1622 2778 hominis
1647 2739 1848 2778 sermo.
1873 2721 2058 2789 Quod-

471 2816 542 2879 si,
589 2823 651 2869 ut
693 2813 783 2868 ille
818 2821 1077 2881 nugatur,
1121 2813 1362 2868 nondum
1390 2815 1540 2869 velut
1571 2812 1715 2868 fetus
1766 2821 1920 2880 erat,
1963 2821 2058 2867 aut

475 2903 569 2958 Dei
616 2901 788 2958 Filius
846 2901 990 2958 Deus
1039 2901 1318 2966 Verbum,
1385 2919 1482 2974 per
1529 2919 1823 2975 quemnam
1873 2903 2057 2958 omnia

474 2992 744 3063 producta
815 2995 995 3048 sunt?
1077 2993 1530 3066 Quandoquidem
1589 3003 1650 3051 ut
1707 2994 2057 3067 Evangelium

472 3084 700 3150 asserit,
742 3083 940 3140 Omnia
974 3101 1066 3154 per
1101 3087 1272 3155 ipsum
1303 3086 1447 3156 facta
1475 3097 1628 3151 sunt,
1683 3097 1734 3143 et
1779 3088 1894 3143 sine
1945 3090 2057 3153 ipso

474 3175 676 3245 factum
713 3185 792 3230 est
834 3176 967 3230 nihil
982 3178 1024 3232 '.
1082 3177 1297 3232 Atenim
1332 3179 1816 3248 quemadmodum,
1858 3179 2058 3249 inquit,

475 3267 640 3322 homo
687 3283 783 3338 per
817 3266 1056 3323 Verbum
1108 3284 1266 3324 suum
1315 3270 1580 3340 quidquid
1617 3271 1838 3326 libuerit
1872 3270 2058 3336 ellicit,

472 3354 549 3412 ita
579 3365 633 3411 et
667 3355 825 3412 Pater
868 3372 966 3428 per
1005 3354 1241 3411 Verbum
1278 3373 1460 3421 suum,
1493 3358 1639 3427 quod
1680 3358 1736 3413 in
1769 3359 1886 3428 ipso
1919 3367 2060 3426 erat,

476 3450 728 3504 universa
754 3450 1080 3520 procreavit.
1109 3449 1396 3514 Quomodo
1421 3452 1584 3522 igitur
1605 3452 1708 3506 hoc
1731 3453 1787 3506 in
1816 3451 2062 3523 Evange-

474 3537 551 3592 iio
596 3535 807 3590 Domini
850 3536 1058 3592 dictum
1106 3538 1482 3608 accipiendum
1532 3551 1646 3596 t-st:
1696 3540 1870 3595 .Pater
1901 3557 2064 3613 usque

477 3627 634 3681 modo
671 3637 942 3696 operatur,
975 3638 1024 3682 et
1052 3645 1144 3698 ego
1179 3646 1364 3698 operor
1387 3631 1440 3684 '?
1483 3629 1615 3696 Quae
1651 3632 1815 3688 verba
1847 3648 1958 3688 non
1981 3633 2063 3689 sic

474 3720 825 3790 intelligenda
863 3728 1016 3785 sunt,
1056 3724 1212 3790 quasi
1259 3724 1312 3777 in
1362 3723 1450 3779 his
1489 3738 1611 3792 quae
1659 3723 1829 3780 Filius
1876 3724 2061 3792 ellieit,

475 3811 614 3866 nihil
644 3809 806 3866 Pater
837 3809 953 3880 ipse
985 3813 1267 3876 moliatur,
1317 3821 1413 3867 aut
1445 3822 1635 3868 contra
1669 3813 2064 3870 abalienandus

475 3902 551 3957 sit
577 3900 780 3968 Filius;
824 3917 1003 3971 neque
1033 3918 1092 3957 se
1130 3901 1310 3959 Patris
1346 3904 1566 3974 Opiﬁcio
1603 3905 1814 3976 agendo
1854 3907 2060 3977 aliquid

467 3991 804 4049 immisceat.
855 3990 1135 4062 Siquidem
1171 4010 1338 4064 opera
1385 3997 1569 4051 omnia
1613 4011 1642 4050 a
1685 3996 1848 4052 Patre
1899 3998 2064 4054 simul

475 4090 533 4137 ct
564 4080 702 4137 Filio
736 4090 790 4138 et
820 4081 1026 4154 Spiritu
1059 4092 1254 4140 sancto
1287 4085 1552 4156 producta
1584 4095 1734 4142 sunt.
1792 4085 1929 4141 Nam
1968 4101 2065 4158 per

479 4175 657 4244 ipsum
691 4175 874 4230 omnia
900 4184 1029 4230 sunt
1059 4190 1089 4229 a
1121 4174 1279 4232 Patre
1310 4177 1577 4247 producta
1603 4197 1618 4247 ;
1672 4179 1898 4249 ipseque
1928 4179 2065 4234 adeo

477 4282 604 4321 cum
626 4265 788 4324 Patre
821 4276 877 4321 et
907 4265 1115 4339 Spiritu
1141 4277 1334 4324 sancto
1360 4269 1646 4326 fabricavit
1667 4271 1871 4326 omnia.
1899 4270 2081 4326 Verbo

474 4358 613 4412 enim
647 4356 862 4412 Domini
911 4358 1027 4413 caeli
1065 4359 1286 4430 formati
1312 4371 1456 4428 sunt,
1511 4373 1561 4417 et
1598 4363 1791 4432 spiritu
1819 4363 1926 4416 oris
1951 4361 2064 4431 ejus

476 4448 645 4522 omnis
669 4449 832 4510 virtus
861 4465 1044 4504 eorum
1067 4449 1109 4505 ⁸.
1163 4450 1436 4517 Quocirca
1468 4461 1630 4509 caute
1659 4453 1794 4509 illud
1823 4452 2065 4524 pruden-

478 4547 670 4610 terque
711 4539 975 4596 Dominus
1017 4542 1072 4596 in
1118 4541 1413 4614 Evangelia
1459 4545 1618 4608 dixit,
1666 4561 1816 4608 eum,
1875 4551 2069 4614 utpote

480 4630 624 4687 Deus
669 4635 852 4688 omnia
901 4634 1227 4703 praevidens,
1281 4651 1347 4691 ac
1383 4637 1514 4707 quid
1548 4637 1761 4708 decepti
1814 4636 2066 4692 homines

479 4724 770 4795 cogitaturi
820 4725 1115 4795 aliquando
1168 4725 1369 4794 forent,
1407 4737 1575 4798 utque
1616 4729 1686 4785 ab
1727 4745 1788 4785 se
1833 4728 2068 4799 quisque

479 4819 758 4870 veritatem
813 4814 1225 4885 abjudicaturus
1279 4824 1426 4873 esset
1474 4817 1828 4890 intelligens,
1890 4816 2094 4883 Nihil,

479 4906 675 4976 inquit,
705 4923 739 4960 a
764 4909 936 4976 seipse
973 4908 1102 4979 facit
1135 4908 1330 4976 Filius,
1368 4913 1472 4966 nisi
1502 4911 1691 4968 viderit
1721 4911 1938 4968 Patrem
1964 4913 2057 4983 fa-

479 4997 695 5051 cientem
720 5000 762 5051 ⁸.
802 4998 913 5056 Nec
941 5010 1027 5057 est
1051 5003 1197 5072 quod
1227 5004 1541 5074 suspicetur
1571 5005 1790 5076 aliquis,
1825 5007 2060 5076 primum

479 5087 632 5141 illum
667 5090 872 5155 videre,
910 5094 1107 5151 deinde
1138 5094 1340 5152 facere.
1393 5096 1568 5154 Habet
1605 5097 1752 5153 enim
1787 5099 1842 5154 in
1870 5100 2062 5171 seipse

478 5179 686 5243 omnia,
707 5188 764 5234 et
791 5196 1128 5254 quaecunque
1157 5179 1653 5260 volucrit'perﬁcit.

549 5269 616 5323 ν.
649 5269 882 5336 Quinam
919 5273 1083 5343 igitur
1112 5293 1238 5331 vera
1288 5279 1404 5335 haec
1434 5294 1578 5343 esse,
1621 5277 1873 5344 Photine,
1908 5285 2058 5350 puteo

479 5364 643 5419 runt?
697 5361 833 5430 Quis
863 5364 952 5419 ille
989 5374 1074 5420 est
1121 5369 1214 5436 qui
1257 5370 1309 5424 in
1348 5379 1402 5424 te
1451 5371 1609 5426 nobis
1643 5387 1838 5428 rursus
1871 5371 2058 5426 lolium

481 5455 613 5510 illud
642 5455 1004 5511 disseminat?
1043 5457 1178 5523 Quis
1209 5460 1338 5514 illud
1367 5462 1520 5517 virus
1550 5463 1605 5516 in
1638 5463 1934 5518 humanum
1967 5478 2060 5533 ge-

477 5559 586 5602 nus
609 5545 801 5602 cﬂ‘udit
821 5546 844 5600 ἲ
868 5548 1005 5614 Quis
1035 5556 1199 5605 tanta:
1228 5550 1324 5606 tibi
1353 5553 1663 5617 impietatis,
1690 5569 1753 5609 ac
1787 5562 1898 5609 tam
1928 5568 2060 5609 con-

2087 3131 2131 3190 C

2152 1904 2336 1966 πόνος,
2365 1900 2575 1972 ματαία
2613 1897 2780 1952 αὐτοῦ
2810 1897 2906 1952 καὶ
2934 1897 2969 1968 ή
3003 1895 3359 1968 προαίρεσις,
3397 1892 3504 1947 καὶ
3536 1895 3570 1965 ἠ
3605 1892 3764 1964 ἐλπὶς,

2152 1995 2249 2050 καὶ
2280 1997 2314 2065 ἡ
2367 1993 2598 2048 διάνοια.
2631 1992 2768 2045 Οὐδὲ
2801 1991 2910 2063 γὰρ
2943 1987 3346 2061 περισσότερον
3381 1986 3502 2040 τῶν
3535 1987 3766 2055 ἀρνησα-

2157 2087 2334 2159 μένων
2368 2084 2532 2140 αὺτδν
2571 2082 2844 2136 Ἰουδαίων
2891 2077 3048 2144 οὗτος
3099 2079 3272 2148 λέγει.
3327 2078 3417 2131 Οὐ
3467 2075 3584 2147 γὰρ
3632 2074 3766 2143 λέγει

2154 2180 2288 2248 περὶ
2321 2176 2486 2232 αὐτοῦ
2533 2175 2596 2228 τδ
2627 2173 2981 2243 Εὑαγγέλιον,
3022 2174 3104 2227 ὅτι
3145 2173 3251 2252 Ἑν
3289 2168 3472 2240 ἀρχῇ
3500 2165 3584 2235 ἦν
3608 2171 3641 2222 ό
3667 2170 3766 2222 Λό-

2155 2289 2280 2342 γος,
2315 2270 2408 2323 καὶ
2434 2271 2462 2323 ὁ
2499 2267 2671 2337 Λόγος
2703 2261 2772 2338 ἦν
2803 2267 2862 2319 ὲν
2890 2265 2968 2336 τῷ
2993 2263 3113 2334 Θεῷ
3133 2280 3147 2296 ⁸
3183 2262 3332 2329 ἀλλ’,
3378 2263 3438 2315 Ὁ
3478 2261 3674 2329 Λόγος
3696 2253 3765 2326 ἦν

2156 2363 2306 2432 πρὸς
2335 2361 2443 2416 τὸν
2473 2362 2642 2417 Θεόν.
2675 2360 2786 2414 Καὶ
2809 2359 2872 2413 οὐ
2905 2357 3076 2428 λέγει,
3101 2355 3184 2410 ὃτι
3215 2357 3278 2410 ὲν
3313 2353 3404 2426 τῷ
3431 2351 3561 2425 Θεῷ
3581 2347 3650 2423 ἦν
3679 2349 3763 2422 μό-

2156 2471 2246 2507 νον
2265 2471 2278 2484 ·
2309 2453 2466 2519 ἀλλὰ,
2501 2453 2647 2517 Θεὸς
2683 2448 2762 2522 ἦν
2792 2453 2826 2505 ὁ
2854 2451 3064 2520 Λόγος.
3104 2449 3247 2502 Ἀλλ’
3273 2449 3341 2503 ἐν
3372 2447 3461 2519 τῷ
3501 2443 3760 2516 ἀνθρώπῳ

2161 2546 2280 2618 μὲν,
2321 2546 2476 2615 λόγος
2507 2543 2814 2605 ἐνδιάθετος
2844 2543 2932 2598 ἀεὶ
2960 2542 3055 2596 καὶ
3087 2539 3444 2614 προφορικδς
3477 2536 3756 2608 ὑπάρχων.

2157 2636 2219 2691 οὐ
2247 2635 2472 2690 δύναται
2501 2634 2758 2704 λέγεσθαι
2800 2634 3106 2705 ἄνθρωπος,
3151 2632 3292 2687 ἀλλὰ
3341 2629 3646 2702 ἀνθρώπου
3682 2627 3758 2680 λόο

2158 2747 2273 2800 γος.
2312 2731 2377 2786 Ei
2405 2731 2425 2762 '
2462 2729 2564 2784 οὐκ
2595 2725 2665 2800 ἧν
2693 2727 2848 2782 οὔπω
2874 2726 2936 2781 τὸ
2965 2727 3234 2797 γέννημα,
3269 2725 3356 2790 ὡς
3391 2723 3564 2786 αὐτὸς
3601 2720 3751 2787 λέγει,

2159 2822 2256 2876 καὶ
2279 2823 2328 2876 ει
2349 2819 2504 2874 οὔπω
2537 2815 2606 2891 ἦν
2637 2819 2765 2884 Υἱὸς
2803 2818 2900 2873 τοῦ
2930 2816 3068 2871 Θεοῦ
3094 2816 3228 2880 Θεὸς
3269 2816 3481 2884 Λόγος,
3510 2812 3599 2866 διὰ
3627 2811 3754 2872 τίνος

2157 2910 2229 2965 τά
2272 2909 2453 2966 πάντα
2497 2909 2821 2980 γεγένηταις
2877 2907 3063 2978 metu)
3097 2922 3230 2978 φησι
3273 2905 3342 2960 τὸ
3393 2901 3749 2972 Εὐαγγέλιονο

2163 2999 2368 3056 Πάντα
2386 3000 2462 3054 δι’
2487 2999 2675 3054 αὑτοῦ
2699 2998 2961 3068 ἐγένετο,
2979 2995 3080 3050 καὶ
3100 2994 3282 3066 χωρίς
3306 2993 3509 3050 αὐτοῦ
3531 2991 3751 3061 ἐγένετο

2163 3091 2306 3146 οὐδὲ
2337 3091 2426 3146 ἐν.
2472 3090 2655 3152 Ἀλλά,
2691 3089 2879 3162 φησὶν,
2909 3088 3100 3160 ὥσπερ
3125 3087 3212 3141 διὰ
3233 3086 3406 3157 λόγου
3427 3087 3458 3139 ὁ
3480 3083 3747 3155 ᾶνθρωαως

2166 3183 2396 3255 πράττει
2430 3183 2460 3237 δ
2493 3181 2766 3253 βούλεται,
2781 3179 2956 3244 οὕτως
2983 3179 3073 3233 διὰ
3096 3177 3193 3233 τοῦ
3228 3177 3369 3232 ίδίου
3391 3177 3575 3246 Λόγου
3600 3174 3630 3227 δ
3646 3173 3746 3226 Πα-

2163 3276 2269 3346 τὴρ
2298 3274 2386 3328 διά
2415 3273 2511 3328 τοῦ
2539 3275 2692 3337 ὄντος
2735 3274 2795 3327 ἑν
2827 3271 2978 3342 αὐτῷ
3011 3271 3158 3342 λόγῳ
3197 3269 3437 3341 ἐποίησε
3471 3267 3543 3322 τὰ
3563 3266 3741 3320 πάντα.

2166 3365 2292 3431 Πῶς
2315 3361 2408 3420 οὖν
2429 3367 2457 3420 ό
2485 3364 2686 3436 Κύριος
2711 3363 2800 3417 διὰ
2827 3363 2920 3417 τοῦ
2944 3361 3283 3432 Βὺαγγελίου
3311 3362 3494 3430 λέγει,
3520 3360 3601 3413 ὅτι
3617 3357 3744 3419 Ἕως

2163 3459 2296 3527 ἄρτι
2322 3461 2356 3513 ό
2383 3457 2589 3525 Πατὴρ
2628 3455 2947 3525 ἐργάζεται,
2987 3453 3149 3524 κάγὼ
3177 3452 3499 3524 ἐργάζομαι
3513 3467 3534 3517 ;
3578 3447 3647 3502 Τδ
3671 3445 3738 3507 δὲ,

2174 3551 2231 3604 '0
2255 3549 2458 3617 Πατὴρ
2489 3547 2787 3617 ἐργάζεται
2806 3585 2822 3610 ,
2854 3544 3018 3615 κάγὼ
3057 3545 3406 3615 ἐργάζομαι,
3439 3543 3503 3598 οὐ
3525 3540 3617 3595 τοῦ
3641 3539 3738 3591 Πα·

2163 3641 2292 3712 τρδς
2325 3641 2400 3712 μὴ
2445 3640 2818 3713 ἐργαζομένου
2862 3640 2922 3692 ἐν
2951 3639 3018 3709 τῇ
3064 3637 3159 3692 τοῦ
3189 3638 3324 3692 Υίοῦ
3353 3635 3606 3710 ἐργασίᾳ,
3633 3629 3738 3684 οὐδὲ

2163 3733 2260 3786 τοῦ
2291 3732 2422 3786 Υἱοῦ
2447 3730 2856 3801 άλλοτριοῦντος
2873 3729 2918 3795 ⁸,
2947 3729 3043 3783 καὶ
3073 3728 3149 3800 μὴ
3181 3727 3572 3801 ἐργασαμένου
3597 3724 3651 3776 ὲν
3678 3720 3734 3788 τῇ

2164 3820 2262 3874 τοῦ
2302 3821 2517 3892 Πατρὸς
2562 3818 2919 3890 δημιουργίᾳ.
2976 3817 3165 3872 Πάντα
3197 3818 3312 3889 γὰρ
3354 3817 3424 3872 τὰ
3467 3817 3602 3887 ἔργα
3647 3809 3731 3863 ὃσα

2163 3909 2332 3974 ἐστὶν,
2363 3909 2479 3980 ἅμα
2505 3911 2571 3962 ὲκ
2599 3907 2815 3979 Πατρὸς
2859 3906 2956 3962 καὶ
2986 3905 3119 3960 Υίοῢ
3165 3909 3259 3961 καὶ
3299 3907 3460 3976 ἁγίου
3507 3898 3733 3969 Πνεύμα-

2164 4016 2256 4063 τος
2287 3998 2594 4069 γεγένηται.
2632 3997 2711 4051 Δι’
2744 3997 2909 4052 αὑτοῦ
2939 3997 3050 4068 γὰρ
3081 3997 3151 4051 τά
3180 3998 3363 4053 πάντα
3394 3998 3611 4066 γέγονεν
3638 3985 3730 4042 άπὸ

2165 4087 2419 4160 Πατρδς,
2454 4089 2550 4142 καὶ
2583 4088 2746 4152 αὐτὸς
2793 4088 2864 4142 τά
2890 4087 3070 4142 πάντα
3099 4086 3402 4158 εἰργάσατο
3426 4087 3523 4141 σὺν
3555 4078 3726 4149 Πατρὶν

2165 4179 2260 4233 καὶ
2307 4179 2402 4234 σὺν
2429 4179 2573 4248 ἁγιῳ
2622 4177 2922 4250 Πνεύματι.
2977 4176 3062 4244 Τῷ
3093 4177 3204 4248 γὰρ
3239 4180 3406 4248 λόγῳ
3439 4174 3646 4244 Κυρίου
3679 4168 3727 4220 οἱ

2165 4269 2414 4340 οὐρανοὶ
2476 4270 2965 4338 ἐστερεώθησαν.
3018 4271 3118 4323 καὶ
3166 4268 3248 4336 τῷ
3295 4269 3587 4338 πνεύματι
3635 4256 3725 4314 τοῦ

2166 4362 2466 4432 στόματος
2493 4361 2683 4416 αὐτοῦ
2710 4361 2881 4416 πᾶσα
2913 4363 2953 4429 ἠ
2989 4359 3242 4430 δύναμις
3267 4359 3490 4416 αὐτῶν.
3532 4353 3612 4408 Διὸ
3645 4347 3721 4403 καὶ

2100 4503 2143 4559 D
2171 4451 2311 4523 μετὰ
2363 4451 2667 4522 ἀσφαλείας
2695 4454 2723 4506 ὁ
2758 4451 2964 4524 Κύριος
2990 4452 3050 4505 ὲν
3076 4451 3155 4523 τῷ
3205 4449 3520 4522 Εὑαγγελίῳ
3555 4445 3716 4510 ἔλεγε,

2167 4543 2454 4614 γινώσκων
2495 4542 2598 4606 τὰς
2637 4543 2892 4606 ὑπονοίας
2937 4544 3048 4596 τῶν
3111 4541 3572 4615 πεπλανημένων,
3607 4547 3717 4602 προ-

2167 4634 2417 4706 γνώστης
2441 4633 2539 4696 ὢν.
2575 4633 2653 4698 ὡς
2677 4633 2832 4701 Θεὸς,
2867 4633 2963 4688 καὶ
2987 4633 3065 4698 ὼς
3099 4633 3334 4704 ἦμελλεν
3373 4633 3591 4688 ἕκαστος
3623 4617 3718 4675 ἀπὸ

2165 4727 2266 4798 τῆς
2307 4725 2568 4797 ἀληθείας
2614 4726 2806 4779 ἑαυτὸν
2857 4724 3142 4779 ὲκὸάλλειν
3164 4763 3180 4787 ,
3229 4724 3386 4794 ἔλεγε
3440 4719 3570 4793 πρὸς
3611 4710 3714 4770 τοὺς

2179 4818 2462 4880 Ἰουδαίους
2483 4833 2496 4848 ο
2522 4817 2714 4872 Οὐδὲν
2739 4817 2839 4886 ἀφ’
2858 4816 3076 4871 ἑαυτοῦ
3115 4815 3274 4870 ποιεῖ
3296 4819 3330 4871 ὁ
3361 4813 3504 4879 Υἱὸς,
3531 4807 3626 4863 ἐὰν
3638 4797 3711 4871 μὴ

2166 4907 2266 4977 wn
2306 4907 2416 4961 τὸν
2455 4905 2690 4976 Πατέρα
2735 4906 3044 4960 ποιοῦντα.
3099 4907 3210 4959 Καὶ
3259 4906 3361 4976 οὐχ
3405 4905 3486 4957 ὅτι
3527 4891 3711 4967 πρῶτον

2167 5000 2290 5071 ὁρᾷ,
2320 4997 2514 5052 ἔπειτα
2543 4998 2806 5069 πράττει·
2833 4996 2970 5052 ἀλλὰ
2995 4996 3173 5052 πάντα
3201 4997 3261 5052 ὲν
3287 4994 3463 5067 ἐαυτῷ
3492 4991 3594 5063 ἔγει
3629 4979 3704 5037 καὶ

2168 5092 2420 5161 πράττει,
2451 5089 2489 5145 ἃ
2522 5088 2792 5160 βούλεται.

2241 5273 2316 5326 E'.
2358 5271 2484 5337 Πῶς
2512 5267 2606 5327 οὖν
2635 5271 2808 5327 ταῦτα
2839 5271 3014 5336 ἔσται,
3039 5271 3087 5326 ὦ
3107 5273 3374 5340 Φωτεινέ;
3403 5272 3469 5326 Ἦ
3501 5275 3575 5328 τις
3605 5263 3630 5315 ὃ
3656 5258 3701 5308 έν

2171 5365 2254 5418 σοὶ
2285 5364 2448 5418 πάλιν
2480 5367 2610 5436 ἡμῖν
2637 5364 3074 5435 τροόαλλόμενος
3093 5364 3252 5418 τοῦτο
3270 5365 3331 5418 τὸ
3360 5360 3601 5428 ζιζάνιοῊ
3622 5346 3695 5406 Τίς

2166 5459 2196 5510 δ
2216 5458 2276 5510 τὸ
2312 5457 2636 5528 δηλητήριον
2669 5456 2828 5526 τοῦτο
2853 5457 3273 5521 κατασκευάσας
3298 5456 3377 5527 τῷ
3405 5455 3526 5525 βίῳ;
3559 5438 3694 5498 Πόθεν

2167 5551 2230 5604 τὸ
2259 5550 2494 5621 πονηρόν
2539 5565 2621 5603 σοι
2669 5549 3022 5621 ἐνθυμεῖσθαι
3068 5550 3211 5604 κατὰ
3255 5549 3350 5603 τοῦ
3402 5540 3580 5614 Κυρίου
3616 5542 3689 5584 σου

559 5725 574 5754 ¹
604 5701 828 5808 limiti,
863 5731 914 5808 1Γ
991 5735 1020 5808 ζ
1047 5730 1175 5790 ibid.
1200 5734 1254 5789 5.
1331 5737 1350 5768 ³
1379 5734 1538 5793 Joan.
1569 5753 1620 5802 ν,
1647 5737 1729 5792 l7.
1807 5738 1827 5769 ⁸
1859 5737 2002 5794 Psal.
2033 5751 2057 5791 ι

2165 5751 2202 5804 ι,
2237 5735 2290 5793 6.
2368 5731 2646 5801 anmv,
2676 5733 2756 5790 ιο.
2836 5736 2856 5768 σ
2884 5733 3124 5791 Ε.⁹Αλ),ά
3150 5750 3248 5808 pro
3269 5737 3364 5801 ὡς.
3435 5709 3681 5783 vacca“.

485 5790 510 5822 ⁸
537 5791 644 5862 ch
695 5790 969 5867 ἀλλοτρίου
997 5801 1168 5864 ὄντος.
