3988 6404
158 397 263 456 331

823 397 1188 456 ADVERSUS
1226 400 1572 456 H/ERESES
1611 401 1737 458 LIB.

1909 402 2075 460 T031.
2115 404 2238 457 1.-
2282 403 2560 460 IUEIiES.
2602 403 2813 460 LXXII.

3347 411 3456 467 582

167 513 489 584 βλᾶσφημοι
516 513 714 569 λαϐεῖν
737 515 1020 581 ὑπόνοιανς
1046 517 1159 570 Οὐκ
1186 516 1375 570 ἔπεισέ
1399 533 1459 570 σε
1489 517 1762 590 Ἀϐραὰμ,

1878 519 2150 573 sceleratae
2233 518 2761 587 contumeliosisque
2819 517 2874 572 in
2954 515 3124 598 Deum
3181 521 3462 590 opinionis

162 609 401 675 φάσκων
439 606 583 677 πρὸς
623 606 787 661 αὑτὸν
821 608 914 662 καὶ⁹
943 607 1118 677 λέγων
1141 625 1154 640 ’
1196 609 1250 660 '0
1295 609 1520 678 κρίνων
1558 608 1768 665 πᾶσαν

163 698 292 764 τὴν
318 697 454 766 γῆν,
494 699 569 754 οὐ
599 699 874 766 ποιήσεις
902 702 1140 768 κρίσιν;
1181 701 1504 774 Ἐλέγχθητι
1531 704 1663 775 γὰρ,
1692 704 1768 769 ὼς

163 790 308 860 παρ’
344 787 493 860 αὐτῷ
532 793 561 845 ὁ
589 790 718 855 Υἱὸς
756 792 1092 864 ἐπεδήμησε,
1135 794 1228 847 καὶ
1266 794 1328 847 οὐ
1377 796 1632 866 προφορά
1684 813 1771 861 τις

163 881 274 944 ὢν,
305 882 422 936 ἀλλ’
450 883 816 946 ὲνυπόστατος
859 885 992 948 Θεὸς
1028 885 1220 954 Λόγος.
1251 887 1361 940 Καὶ
1387 888 1536 951 ὅπως
1565 887 1767 960 γνῲης,

167 969 219 1027 ὦ
266 973 582 1044 ἔθελόσοφε,
637 975 698 1028 τὸ
735 975 906 1046 πέρας
941 976 1049 1029 τῶν
1101 977 1160 1030 ὲν
1199 977 1372 1050 ταύτῃ
1403 979 1470 1049 τῇ
1511 978 1770 1032 ὑποθέσει

175 1067 789 1138 πεπραγματευμένων,
817 1068 893 1132 ὼς
922 1069 978 1121 ὲν
1008 1071 1076 1140 τῇ
1115 1069 1237 1141 θείᾳ
1269 1070 1460 1142 Γραφῇ
1493 1072 1769 1143 ἐπισφρα-

177 1159 477 1228 γισάμενος
519 1157 582 1211 τὸ
622 1159 826 1212 τέλειον
859 1162 991 1230 ἡμῖν
1037 1162 1356 1234 ἀπεφήνατο
1395 1162 1646 1232 φάσκων,
1687 1166 1769 1218 ὅτι

181 1248 428 1316 ἐὔρεξε
472 1249 689 1317 Κύριος
725 1249 826 1304 ἀπ’
861 1251 1123 1319 οὐρανοῦ
1163 1250 1284 1320 πῦρ
1323 1253 1422 1306 καί
1468 1251 1632 1318 θεῖον
1667 1253 1768 1306 ἐπί

171 1338 420 1409 Σόδομα
448 1339 548 1392 καί
573 1341 845 1409 Γόμορῤα
871 1341 1036 1410 παρὰ
1056 1343 1298 1411 Κυρίου.
1331 1345 1442 1397 Καὶ
1465 1345 1568 1398 οὐκ
1592 1339 1766 1411 εἶπεν,

169 1435 201 1485 ὁ
238 1431 421 1500 Λόγος
465 1430 560 1484 τοῦ
590 1432 820 1504 Κυρίου,
870 1433 1030 1496 ἀλλὰ,
1065 1435 1282 1502 Κύριος
1318 1437 1479 1505 παρὰ
1507 1441 1730 1505 Κυρίου
1753 1453 1767 1468 ’

172 1521 258 1584 ὡς
293 1521 395 1574 καὶ
423 1521 585 1586 Δαὸὶδ
607 1520 758 1590 λέγει
773 1537 787 1552 ·
804 1524 990 1577 Εἶπεν
1019 1527 1053 1578 ό
1075 1525 1292 1594 Κύριος
1313 1523 1392 1590 τῷ
1415 1526 1609 1594 Κυρίῳ
1625 1543 1766 1595 μου.

172 1612 292 1665 Καὶ
341 1612 429 1665 ἵνα
469 1611 486 1643 ⁸
531 1612 615 1665 ὅτι
655 1613 716 1666 οὐ
757 1612 895 1684 μετά
936 1613 1036 1684 τὴν
1080 1613 1344 1684 ἐνσαρκον
1390 1614 1694 1686 παρουσίαν
1741 1615 1772 1668 ὁ

173 1701 310 1765 Υἱὸς
339 1703 504 1772 μόνον
531 1703 868 1775 εὑρίσκεται,
897 1703 1166 1774 διηγεῖται
1211 1705 1306 1758 καὶ
1365 1705 1495 1777 περὶ
1519 1705 1622 1775 τῆς
1659 1705 1768 1759 ἀπ-

172 1793 381 1864 αρχῆς.
405 1793 488 1846 ὅτι
529 1794 626 1849 Ἐκ
654 1795 914 1863 γαστρὸς
941 1795 1056 1863 πρὸ
1086 1795 1434 1865 Ἑωσφόρου
1465 1793 1769 1865 ἐγέννησὰ

1871 618 2064 664 auctor
2117 609 2260 664 fuit?
2323 609 2443 664 Non
2507 609 2592 664 vel
2640 608 2987 664 Abrahamus
3037 613 3463 678 lﬂCliOl‘elll‘liDi

1869 710 2110 757 mentem
2132 701 2463 773 persuadere
2489 699 2690 770 potuit,
2711 700 2806 770 qui
2834 699 3002 756 Deum
3029 702 3110 757 sic
3132 703 3462 772 alloquitur:

1873 792 1977 858 Qui
2009 793 2223 862 iudicas
2278 809 2480 849 omnem
2505 802 2724 855 terram,
2771 808 2877 845 non
2922 793 3086 861 facies
3119 795 3463 864 judicium'?

1870 881 2009 938 Illud
2051 899 2184 939 vero
2232 883 2562 951 redarguere
2603 889 2658 936 te
2696 881 2880 946 debet,
2911 884 3057 952 quod
3102 885 3242 952 apud
3285 886 3463 954 ipsum

1872 984 2126 1030 versatus
2171 989 2297 1030 esse
2341 971 2514 1028 Filius
2559 973 2784 1036 dicitur,
2824 987 2934 1027 non
2971 977 3244 1031 sermonis
3279 977 3462 1046 aliqua

1872 1067 2128 1137 prolatio,
2178 1067 2274 1123 sed
2329 1066 2471 1122 Dens
2511 1065 2752 1122 Verbum
2798 1067 3131 1122 subsistens.
3193 1069 3374 1138 Atque
3405 1078 3465 1123 ut

1870 1174 2083 1224 eorum,
2111 1174 2233 1229 quae
2261 1159 2314 1213 in
2345 1158 2448 1213 hoc
2471 1159 2690 1229 negotio
2711 1171 2859 1228 gesta
2885 1165 3037 1224 sunt,
3065 1160 3272 1213 exitum
3305 1159 3468 1214 intel-

1870 1251 2030 1322 ligas,
2076 1266 2111 1306 o
2156 1250 2438 1322 sapientia:
2489 1250 2671 1304 inanis
2722 1248 3026 1310 all‘ectator.
3088 1249 3194 1304 hoc
3241 1251 3360 1320 ipso
3409 1252 3465 1306 in

1872 1339 2173 1412 Scriptum
2217 1343 2340 1397 loco
2383 1341 2529 1412 quod
2566 1339 2867 1410 perfectum
2917 1347 2972 1394 et
3017 1339 3330 1398 absolutum
3379 1349 3466 1397 est

1871 1432 2020 1486 velut
2058 1432 2382 1503 obsignans,
2421 1430 2722 1485 declaravit
2770 1430 2857 1484 his
2887 1431 3113 1486 verbis:
3170 1429 3319 1486 I’luit
3355 1432 3463 1486 Do-

1872 1525 2045 1578 minus
2075 1540 2104 1577 e
2132 1527 2258 1578 cado
2289 1524 2483 1593 ignem,
2515 1532 2564 1576 et
2599 1521 2763 1592 833
2791 1521 3014 1588 sulphur
3047 1523 3104 1575 in
3143 1521 3377 1577 Sodoma
3414 1532 3465 1579 et

1872 1612 2168 1668 Gomorrlta
2201 1631 2232 1667 ο
2265 1613 2488 1668 Domino
2507 1617 2549 1666 ⁵.
2600 1611 2717 1666 Non
2751 1611 2910 1674 dixit,
2961 1610 3194 1667 Verbum
3227 1612 3463 1678 Domini,

1875 1704 1996 1768 sed,
2030 1704 2288 1760 Dominus
2317 1723 2349 1759 ο
2383 1704 2628 1760 Domino.
2666 1703 2738 1760 Ut
2781 1712 2838 1758 et
2880 1703 3049 1758 David
3099 1705 3315 1761 locutus
3345 1713 3464 1760 est:

1881 1796 2031 1851 Dixit
2064 1797 2322 1852 Dominus
2346 1796 2572 1850 Domino
2599 1811 2712 1849 meo
2737 1795 2780 1848 ⁵.
2809 1793 2877 1849 Ut
2900 1805 3082 1850 autem
3113 1804 3326 1851 constet
3357 1812 3466 1852 non

171 1898 276 1938 σε.
320 1885 434 1938 Καὶ
470 1885 598 1957 περὶ
633 1885 729 1942 τοῦ
757 1886 914 1956 ἀγίου
942 1885 1289 1958 Πνεύματος,
1326 1882 1372 1942 ὦ
1399 1889 1768 1960 περιττολόγε,

1878 1891 2049 1945 solum
2095 1897 2218 1960 post
2265 1888 2696 1944 incarnationem
2745 1885 2866 1940 Filii
2913 1901 3113 1941 nomen
3187 1889 3466 1956 usurpari,

182 1976 285 2029 καὶ
314 1977 376 2029 ὲν
403 1976 593 2047 ἀργοῖς
627 1977 723 2031 καὶ
755 1977 1066 2049 περιέργοις
1097 1979 1416 2050 ταττόμενε,
1475 1979 1650 2044 οὐδεὶς
1684 1980 1770 2034 δέ·

175 2066 333 2130 ξεταί
365 2083 458 2120 σου
481 2067 569 2120 τὸν
589 2067 766 2136 λόγον.
793 2067 932 2122 Οὔτε
958 2071 1068 2142 γὰρ
1099 2069 1413 2142 μειζότερον
1435 2073 1498 2126 τὸ
1521 2073 1766 2144 Πνεῦμα,

172 2158 304 2212 οὗτε
341 2159 688 2232 μικρότερον.
724 2161 817 2227 Τίς
855 2162 966 2232 γὰρ
995 2163 1183 2218 ταῦτα
1209 2163 1551 2232 ἐξεζήτησε,
1575 2166 1765 2236 φησὶν,

172 2249 248 2303 ἐκ
288 2247 411 2304 τῶν
439 2251 656 2320 χειρῶν
680 2251 882 2320 timor;
918 2253 1158 2324 Ἐλέγχει
1185 2272 1246 2306 σε
1274 2254 1332 2307 δὲ
1363 2257 1391 2308 ὁ
1418 2255 1582 2319 αὐτὸς
1608 2255 1766 2324 ἅγιος

175 2339 389 2408 Λόγος,
434 2339 512 2404 ὡς
541 2341 740 2409 φάσκει
775 2342 979 2412 Κύριος
1014 2344 1144 2416 περὶ
1186 2345 1282 2399 τοῦ
1313 2346 1630 2418 Πνεύματος
1665 2345 1762 2401 τοῦ

176 2431 372 2499 ἁγίου·
403 2431 680 2502 ὁμολογῶν
727 2433 859 2487 αὐτὸ
891 2435 1112 2506 γνήσιον
1138 2435 1240 2505 τῆς
1286 2436 1453 2490 αὐτοῦ
1487 2437 1761 2509 θεότητος,

177 2523 334 2594 φησί·
375 2522 444 2578 Τὸ
469 2523 680 2579 ἐκτοῦ
703 2527 936 2596 Πατρός
983 2527 1465 2598 ἐκπορευόμενον
1508 2529 1604 2585 καὶ
1655 2529 1765 2585 τοῦ

173 2613 327 2682 ἐμοῦ
351 2615 635 2684 λήψεται.

1881 1980 1950 2036 de
1964 1996 2030 2037 eo
2045 1995 2283 2051 quoque,
2299 1980 2444 2052 quod
2461 1997 2488 2032 a
2506 1979 2777 2050 principio
2792 1978 2996 2032 factum
3008 1985 3114 2043 est,
3131 1979 3462 2034 mentionem

1873 2071 2027 2128 facit.
2064 2069 2148 2125 Ea:
2167 2081 2339 2135 utero,
2360 2071 2558 2141 inquit,
2574 2081 2695 2125 ante
2716 2070 3017 2139 Luciferum
3035 2075 3189 2143 genui
3212 2075 3312 2128 te“.
3343 2073 3468 2128 Jam

1870 2177 2002 2219 vero
2023 2163 2091 2218 de
2112 2163 2320 2234 Spiritu
2347 2173 2540 2217 sancto
2562 2177 2724 2217 nemo
2741 2170 2844 2225 est,
2876 2163 3040 2218 homo
3086 2164 3472 2234 loquacissime

1867 2261 1923 2308 et
1963 2253 2106 2307 inter
2145 2251 2354 2308 otiosos
2411 2253 2774 2322 curiososque
2814 2255 3169 2318 numerande,
3209 2257 3302 2324 qui
3345 2271 3465 2311 ser-

1871 2359 2064 2400 mones
2101 2350 2227 2399 tuos
2276 2343 2452 2414 aequis
2499 2344 2730 2400 auribus
2780 2344 3052 2401 admittat.
3110 2345 3241 2400 Nam
3294 2363 3472 2416 neque

1873 2437 2070 2506 major,
2123 2452 2304 2506 neque
2335 2437 2516 2490 minor
2565 2434 2674 2489 dici
2715 2444 2897 2506 potest
2937 2436 3176 2507 Spiritus
3219 2449 3468 2495 sanctus.

1873 2527 2006 2594 Quis
2025 2529 2162 2582 enim
2187 2527 2318 2592 huic,
2337 2528 2536 2597 inquit,
2558 2528 2826 2598 requisivit
2855 2527 2924 2582 de
2942 2530 3187 2583 manibus
3210 2531 3392 2584 veslris
3413 2532 3470 2584 7?

1873 2621 2184 2688 Quinetiam
2219 2619 2364 2676 idem
2397 2630 2450 2675 te
2481 2620 2894 2676 sanctissimum
2918 2619 3180 2687 Verbum,
3213 2621 3469 2678 Christus

176 2707 431 2762 videlicet
459 2709 720 2766 Dominus
745 2711 1108 2780 condemnat;
1143 2715 1236 2784 qui
1261 2715 1328 2771 de
1345 2715 1550 2786 Spiritu
1579 2725 1773 2772 saneto
1811 2716 1895 2774 sic
1921 2716 2190 2788 loquitur,
2221 2715 2528 2771 divinitatis
2560 2723 2618 2770 ut
2647 2731 2762 2771 sua:
2801 2731 3122 2788 germanum
3176 2728 3240 2772 ac
3301 2719 3474 2788 parti-

174 2801 359 2872 cipem
391 2814 670 2872 agnoscat.
703 2804 791 2858 Ait
818 2807 997 2861 enim:
1035 2807 1140 2873 Qui
1162 2824 1227 2862 ea:
1259 2808 1421 2864 Patre
1451 2812 1688 2880 procedit
1703 2812 1748 2877 ⁸,
1787 2818 1842 2868 et
1867 2810 1933 2866 de
1960 2826 2074 2865 meo
2105 2811 2330 2879 accipiet
2353 2809 2397 2864 '.

251 2899 344 2964 (τ’.
368 2897 478 2950 Καὶ
495 2898 657 2950 πόσαι
679 2898 834 2952 ἄλλαι
864 2899 1192 2969 τυγχάνουσι
1223 2903 1553 2974 μαρτυρίαι;
1589 2902 1774 2956 Ἐπειο

177 2988 246 3059 δὴ
264 2989 320 3041 δὲ
347 2991 514 3042 πᾶσιν
549 2991 581 3061 ἡ
606 2991 672 3060 σὴ
703 2989 993 3061 ὲρεσχελία
1025 2990 1185 3062 δῆλός
1231 2994 1350 3046 ἐστι
1378 2994 1588 3066 πλάνης
1611 2991 1767 3059 οὖσα,

181 3080 279 3133 καὶ
319 3077 422 3135 οὐκ
463 3079 760 3152 ἀληθείαςο
812 3083 1202 3155 φωοαθήσεται
1242 3085 1301 3138 δὲ
1351 3085 1414 3140 οὐ
1457 3087 1616 3158 μόνον
1663 3089 1770 3142 ἀπὸ

182 3173 446 3237 συνετῶν,
477 3173 614 3228 ἀλλά
645 3175 740 3229 καὶ
768 3175 878 3230 ἀπὸ
905 3175 1012 3228 τῶν
1041 3175 1220 3246 ὀλίγον
1253 3195 1307 3231 τι
1336 3179 1435 3248 τῆς
1466 3179 1616 3243 θείας
1635 3181 1770 3251 Γρα-

179 3263 289 3337 φῆς
311 3263 410 3336 τὴν
442 3265 765 3320 ἀκολουθίαν
808 3267 1302 3336 ὲπιγινωσκόντων,
1323 3251 1404 3321 ’δι’
1435 3271 1500 3340 ἥν
1529 3271 1629 3324 οὐκ
1651 3271 1771 3324 ἐπι-

177 3357 520 3428 δεηθήσομαι
545 3355 754 3410 πολλῶν
779 3357 1120 3429 μαρτυριῶν,
1143 3359 1175 3429 ἦ
1203 3357 1404 3429 πολλῆς
1423 3360 1764 3431 ἀνατροπῆς·

179 3448 456 3501 εὐάλωτον
496 3448 606 3517 γάρ
664 3465 758 3501 σου
800 3448 862 3502 τὸ
903 3449 1148 3520 διήγημα
1191 3449 1283 3501 καὶ
1333 3451 1366 3520 ἡ
1415 3449 1768 3506 κακοπιστία.

179 3538 274 3590 Διὸ
304 3537 552 3609 ἀρκετῶς
583 3538 726 3610 ἔχειν
755 3539 822 3593 τὰ
863 3540 1000 3610 πρὸς
1025 3542 1083 3593 σὲ
1119 3541 1405 3612 εἰρημένα,
1433 3542 1508 3607 ὡς
1531 3542 1641 3596 ἀπὸ
1664 3543 1770 3613 γῆς

178 3625 560 3696 ἀναφύσαντος
588 3627 882 3696 κνωδάλου,
913 3628 1118 3700 ἀτόμου
1138 3631 1158 3660 ¹
1191 3645 1248 3682 τε
1275 3629 1370 3681 καὶ
1394 3627 1668 3699 ἀδυνάμου
1691 3627 1769 3700 τῷ

179 3720 307 3774 ποδὶ
350 3719 444 3773 τοῦ
485 3718 643 3789 λόγου
692 3719 1011 3792 συντρίψας,
1046 3720 1141 3775 καὶ
1185 3719 1251 3792 τῇ
1288 3719 1382 3775 τοῦ
1414 3719 1551 3773 Θεοῦ
1596 3719 1773 3788 Λόγου

178 3809 416 3882 ἀληθείᾳ.
435 3827 449 3841 ο
505 3811 540 3882 ἢ
568 3811 643 3876 ὡς
666 3811 922 3882 ἕλμιγγα,
958 3812 1079 3881 ἦτοι
1120 3813 1223 3882 γῆς
1253 3809 1577 3881 ἐντεριώνην
1606 3827 1776 3864 κατα-

179 3903 374 3972 λείψω.
417 3901 555 3973 Ἤδη
594 3902 704 3974 γὰρ
741 3901 835 3955 καὶ
871 3900 1226 3972 διεσκεδάσθη
1257 3901 1336 3962 είς
1370 3899 1551 3968 ὀλίγον
1583 3898 1774 3970 χρόνον

180 3993 218 4065 ἠ
264 3994 457 4048 τούτου
489 3994 582 4048 τοῦ
625 3993 980 4065 ἠπατημένοι)
1011 3993 1241 4064 αἵρεσις.
1279 3991 1404 4044 Ἐπὶ
1421 3991 1478 4045 δὲ
1508 3991 1608 4055 τὰς
1648 3991 1776 4062 ἑξῆς

181 4085 434 4157 συνήθως
462 4086 593 4140 Θεὸν
617 4084 1046 4156 ἐπικαλούμενος
1077 4083 1500 4158 προελεύσομαι.

1959 2901 2049 2957 Vl.
2079 2903 2252 2968 Quam
2281 2902 2448 2956 multa
2477 2911 2606 2957 sunt
2631 2913 2686 2959 et
2711 2902 2815 2958 alia
2837 2903 3172 2967 testimonia,
3196 2919 3318 2974 qua:
3340 2919 3471 2960 con-

1878 2993 2026 3048 sulto
2060 2999 2369 3063 prmtereo;
2401 2993 2664 3062 quoniam
2694 2991 2912 3064 quidem
2941 3000 3032 3048 tua
3064 2994 3322 3049 omnibus
3355 2994 3458 3047 im-

1878 3085 2190 3155 portunitas
2219 3093 2304 3140 est
2347 3085 2665 3149 manifesta,
2693 3101 2816 3157 quae
2840 3086 2908 3141 ab
2934 3101 3141 3152 errore,
3177 3102 3285 3142 non
3313 3101 3342 3140 a
3373 3103 3470 3140 ve-

1876 3175 2039 3231 ritate
2074 3176 2468 3247 proiiciscitur,
2500 3176 2636 3232 adeo
2674 3185 2732 3231 ut
2760 3193 2869 3231 non
2905 3193 3026 3233 eam
3059 3177 3222 3232 modo
3253 3178 3472 3246 sapien-

1879 3266 2071 3329 tiores,
2101 3266 2198 3320 scd
2230 3273 2288 3318 ut
2331 3265 2408 3319 illi
2457 3264 2618 3320 facile
2647 3265 3083 3335 deprehendant,
3116 3267 3210 3338 qui
3237 3268 3473 3321 nonnul-

1877 3357 1988 3410 lum
2023 3373 2309 3412 sacrarum
2358 3357 2692 3412 Litterarum
2737 3373 2896 3414 usum
2937 3359 3246 3414 habuerint.
3289 3359 3472 3424 Quare

1876 3461 1986 3500 nun
2021 3454 2106 3500 est
2138 3446 2284 3517 quod
2331 3445 2582 3516 pluribus
2615 3445 2884 3501 adversus
2935 3447 3084 3500 illam
3141 3449 3472 3503 testimoniis

1873 3547 1966 3591 aut
1990 3537 2218 3608 longiori
2243 3536 2571 3592 refutatione
2593 3552 2734 3606 opus
2761 3551 2885 3592 esse
2915 3537 3073 3591 nobis
3109 3539 3464 3593 arbitremur.

1873 3628 2017 3684 Nihil
2063 3629 2209 3684 enim
2254 3628 2569 3684 narratione
2619 3639 2709 3683 tua
2756 3637 2810 3684 et
2854 3627 3172 3684 inﬁdelitate
3217 3628 3284 3683 ad
3330 3644 3466 3682 eon-

1879 3722 2206 3778 vincendum
2252 3720 2488 3776 facilius.
2527 3721 2683 3778 Unde
2716 3736 2838 3791 qua:
2878 3731 3070 3775 contra
3107 3729 3161 3777 te
3192 3722 3468 3792 disputata

1881 3822 2015 3870 sunt
2061 3814 2350 3880 hactenus,
2401 3815 2540 3870 satis
2584 3814 2826 3869 arbitror
2876 3811 3096 3880 futura;
3136 3828 3200 3867 ac
3247 3813 3472 3883 perinde

1881 3913 1940 3960 ut
1972 3904 2245 3961 insectum
2281 3904 2559 3975 quoddam
2615 3906 2816 3960 animal
2853 3920 2883 3962 e
2918 3913 3063 3960 terra
3096 3920 3370 3961 emersum
3414 3915 3469 3960 et

1882 3995 2218 4050 imbecillum
2261 4013 2275 4051 :
2317 3997 2399 4051 sic
2450 4008 2804 4067 posteaquam
2862 4005 2916 4053 te
2967 3995 3139 4052 divini
3180 3995 3344 4052 Verbi
3404 4012 3471 4053 ac

1879 4083 2133 4138 veritatis
2165 4085 2394 4154 vestigio
2430 4086 2773 4160 proculcavi,
2815 4087 2932 4143 sive
2971 4088 3226 4142 lumbrici
3270 4089 3466 4152 instar,

181 4188 282 4233 aut
307 4186 466 4232 terra:
495 4178 784 4242 interanei,
816 4177 1044 4232 missum
1077 4184 1355 4247 postremo
1395 4174 1615 4229 faciam.
1651 4171 1774 4228 Jam
1823 4175 1968 4228 enim
2023 4174 2173 4230 brevi
2229 4176 2526 4230 admodum
2578 4189 2827 4248 tempore
2881 4180 3028 4236 illius
3087 4189 3172 4236 est
3238 4180 3469 4237 haeresis

181 4275 478 4346 dissipata.
512 4272 672 4329 Nunc
703 4274 1016 4345 implorata,
1048 4280 1106 4327 ut
1129 4272 1392 4337 solemus,
1427 4285 1531 4341 ope
1559 4268 1677 4339 Dei,
1707 4269 1776 4325 ad
1816 4269 2061 4341 reliquas
2090 4270 2329 4325 hereses
2360 4269 2795 4342 progrediemur.

575 4414 766 4468 ΚΑΤΑ
799 4411 1379 4476 ΜΑΡΚΕΔΛΙΔΝΩΝ,

182 4549 577 4620 "marmori;
609 4549 878 4620 δευτέρα,
910 4551 949 4620 ἠ
983 4548 1082 4603 καί
1117 4543 1463 4615 ἑπτακοστὴ
1497 4543 1771 4613 δευτέρα.

261 4659 343 4712 Δ’.
380 4658 470 4730 Τῷ
492 4659 548 4712 δὲ
584 4659 734 4730 αὐτῷ
768 4659 932 4714 πάλιν
961 4659 1140 4731 χρόνῳ
1191 4659 1321 4729 (ὑπὸ
1345 4658 1404 4713 ἒν
1430 4657 1540 4730 γάρ
1573 4658 1774 4723 πάντες

184 4739 338 4800 οὗτοι
368 4743 540 4818 ἦσαν)
589 4749 908 4820 Μάρκελλος
947 4751 1169 4819 γέγονεν
1211 4752 1269 4803 ὲν
1335 4749 1600 4821 Ἀγκύρῃ.
1652 4750 1776 4802 Ἔτι

186 4839 302 4911 γάρ
330 4840 423 4894 καὶ
449 4840 628 4914 δεῦρο,
656 4843 765 4896 ἀπὸ
787 4843 880 4896 τοῦ
910 4843 1064 4907 ἔτους
1085 4842 1274 4896 τούτου
1298 4843 1374 4906 ὡς
1399 4843 1508 4898 ἀπὸ
1525 4843 1618 4896 δύο
1639 4843 1773 4896 ἑτῶν

188 4929 466 4992 ἐτελεύτα,
509 4931 542 5002 ἢ
577 4931 748 4985 πλείω
783 4933 816 5005 ἢ
848 4933 1079 4987 ἐλάσσω.
1117 4933 1371 5004 Ἐποίησε
1399 4933 1457 4986 δὲ
1489 4933 1582 4986 καὶ
1613 4933 1774 4998 αὐτός

187 5037 312 5074 τινα
336 5020 596 5092 διαίρεσιν
624 5023 682 5076 ὲν
723 5024 788 5093 τῇ
832 5022 1128 5093 Ἐκκλησία
1150 5023 1246 5076 ἀπ’
1275 5023 1453 5094 ἀρχῆς
1481 5023 1576 5076 τοῦ
1605 5021 1772 5076 αὑτοῦ

188 5111 404 5182 χρόνον.
470 5112 688 5183 ὀλίγην
733 5113 792 5166 δέ
839 5129 962 5166 τινα
1006 5112 1216 5166 ἔννοιαν
1257 5113 1555 5182 ὑπέφαινεν
1593 5105 1771 5177 οὗτος,

188 5199 623 5272 ἀπεικαζόμενος
647 5201 918 5272 Σαϐελλίῳ
941 5219 1003 5256 τε
1029 5203 1122 5256 καὶ
1143 5202 1380 5273 Ναυάτῳ
1408 5201 1516 5256 ἀπὸ
1545 5200 1639 5255 τοῦ
1664 5201 1774 5255 τῶν

200 5293 492 5364 ’Δρειανῶν
541 5293 678 5365 πρὸς
722 5293 886 5347 αὑτὸν
926 5293 1300 5364 παροξυσμοῦ,
1343 5292 1506 5362 δῆθεν
1547 5291 1636 5347 διὰ
1677 5291 1772 5346 τοῦ

185 5383 452 5455 λογισμοῦ
467 5384 568 5455 τῆς
587 5384 724 5456 πρὸς
741 5385 867 5449 τοὺς
897 5386 1209 5456 Ἀρειανοὺς
1229 5384 1576 5449 ἀντιθέσεως.
1609 5383 1774 5438 Ὅθεν

186 5475 289 5529 καὶ
321 5473 472 5544 παρά
498 5491 660 5527 τινων
691 5474 1094 5545 βλασφημεῖται
1120 5474 1228 5527 ἀπὸ
1260 5475 1482 5546 μέρους,
1509 5473 1586 5536 ὡς
1613 5472 1770 5543 ἔφην,

183 5561 564 5616 Σαδελλιανῶν
585 5561 834 5635 ἐσχηκὼς
859 5563 958 5635 τὴν
986 5562 1316 5634 ὲρεσχελίαν.
1370 5562 1523 5625 Τινὲς
1548 5562 1607 5616 δὲ
1631 5561 1772 5634 ὑπὲρ

265 5716 284 5748 ι
321 5714 478 5770 Deest
505 5715 667 5786 γνῷς.
744 5718 781 5786 ’ί
805 5715 865 5768 F.
899 5715 1110 5769 ἀτόνου.
1188 5716 1208 5746 ³
1241 5715 1377 5770 Gen.
1407 5715 1672 5783 xvm,25.

182 5791 206 5824 ⁸
234 5785 398 5846 Joan.
432 5804 495 5840 3'"
541 5785 632 5839 “ili.
707 5787 727 5818 °
759 5785 915 5839 Joan.
963 5803 1073 5851 xu,
1115 5786 1194 5852 li,
1241 5787 1325 5850 15,

1801 4423 1849 4480 1)

2225 4403 2514 4463 CONTRA
2545 4403 3104 4471 MARCELLIANOS,

2148 4541 2282 4608 Qua:
2309 4549 2390 4598 est
2417 4540 2638 4596 hwresis
2672 4537 2800 4602 LII,
2829 4539 2936 4593 sire
2967 4536 3204 4593 LXXII.

1950 4655 1992 4710 Ι.
2035 4654 2140 4714 Per
2176 4657 2318 4712 idem
2341 4663 2558 4726 tempus
2589 4653 2739 4726 (nam
2771 4654 2826 4708 in
2862 4653 3111 4709 eamdem
3142 4657 3357 4707 aetatem
3389 4650 3464 4704 illi

1875 4761 2070 4804 omnes
2101 4745 2374 4816 incidunt)
2401 4745 2635 4816 Ancyra).
2667 4743 2956 4799 Marcellus
2985 4741 3220 4804 exstitit,
3266 4741 3360 4810 qui
3396 4741 3466 4794 ad

1877 4844 2069 4893 nostra
2109 4852 2281 4908 usque
2321 4845 2567 4906 tempora
2610 4834 2875 4906 pervenit,
2913 4844 2964 4888 et
3014 4832 3231 4888 duobus
3264 4831 3466 4886 abhinc

1877 4927 2004 4998 plus
2055 4926 2240 4984 minus
2295 4926 2458 4983 annis
2503 4925 2661 4980 obiit.
2708 4923 2809 4979 Hic
2848 4923 3098 4979 nonnihil
3138 4923 3194 4978 in
3225 4921 3469 4981 Ecclesia

1875 5019 2096 5075 divortii
2149 5018 2426 5084 conflavit,
2481 5017 2674 5073 eodem
2750 5015 2865 5072 fere
2925 5023 2984 5070 ut
3030 5015 3140 5070 dixi
3200 5023 3468 5086 tempore.

1878 5107 2084 5162 Verum
2108 5107 2404 5163 obscuram
2438 5106 2732 5162 admodum
2763 5104 3036 5176 dogmatis
3070 5104 3156 5161 sui
3187 5103 3469 5176 signiticaa

1873 5197 2080 5254 tionem
2122 5195 2291 5262 dedit,
2342 5189 2510 5268 834
2569 5210 2695 5250 cum
2752 5193 2820 5250 ad
2871 5195 3100 5251 Sabellii
3163 5205 3218 5252 et
3269 5195 3466 5254 Novati

1883 5290 2178 5348 factionem
2235 5291 2648 5362 adjungeretur,
2700 5288 2922 5344 Arianis
2965 5291 3311 5361 potissimum
3370 5306 3468 5360 pro

1880 5396 1984 5438 suo
2017 5382 2072 5437 in
2107 5382 2263 5436 illum
2291 5382 2421 5437 odio
2446 5381 2551 5436 hoc
2594 5380 2775 5451 ipsum
2806 5380 3288 5450 exprobrantibus,
3321 5382 3464 5450 quod

1880 5470 2137 5526 nimirum
2175 5472 2441 5528 adversus
2487 5469 2726 5526 Arianos
2770 5470 3147 5526 contenderet.
3199 5467 3339 5522 llinc
3383 5480 3467 5523 est

1878 5563 2026 5632 quod
2056 5578 2088 5618 a
2117 5565 2399 5621 nonnullis
2445 5580 2512 5621 eo
2561 5563 2787 5619 nomine
2829 5561 3147 5626 incessitur,
3191 5560 3351 5630 quasi
3395 5560 3464 5614 ad

1775 5716 1795 5750 ⁸
1819 5692 2102 5784 ῦοιι.ἰιι,
2131 5719 2220 5774 24.
2300 5720 2320 5752 ⁵
2348 5718 2494 5777 Psal.
2522 5734 2634 5789 cu,
2665 5718 2711 5774 Ι.
2789 5719 2810 5751 ⁶
2833 5715 2969 5773 ibid.
2989 5716 3045 5771 3.
3121 5715 3139 5746 '
3173 5714 3277 5769 lsa.
3307 5729 3344 5780 ι,
3379 5713 3462 5778 l3.
