  <div class='ocr_page' id='page_1' title='image "/cluster/home/n/w/nwhite01/storage/ocr_20150623/42:no.2/coo.31924054869403/197.png"; bbox 0 0 3988 6476; ppageno 0'>
   <div class='ocr_carea' id='block_1_1' title="bbox 561 457 666 515">
    <p class='ocr_par' dir='ltr' id='par_1_1' title="bbox 561 457 666 515">
     <span class='ocr_line' id='line_1_1' title="bbox 561 457 666 515; baseline 0 0"><span class='ocrx_word' id='word_1_1' title='bbox 561 457 666 515; x_wconf 72' lang='lat'><strong>885</strong></span> 
     </span>
    </p>
   </div>
   <div class='ocr_carea' id='block_1_2' title="bbox 2009 449 2442 507">
    <p class='ocr_par' dir='ltr' id='par_1_2' title="bbox 2009 449 2442 507">
     <span class='ocr_line' id='line_1_2' title="bbox 2009 449 2442 507; baseline -0.007 0"><span class='ocrx_word' id='word_1_2' title='bbox 2009 452 2065 507; x_wconf 89' lang='lat' dir='ltr'><strong>S.</strong></span> <span class='ocrx_word' id='word_1_3' title='bbox 2102 449 2442 506; x_wconf 75' lang='lat' dir='ltr'><strong>EPIPHANII</strong></span> 
     </span>
    </p>
   </div>
   <div class='ocr_carea' id='block_1_3' title="bbox 3733 451 3822 507">
    <p class='ocr_par' dir='ltr' id='par_1_3' title="bbox 3733 451 3822 507">
     <span class='ocr_line' id='line_1_3' title="bbox 3733 451 3822 507; baseline 0 0"><span class='ocrx_word' id='word_1_4' title='bbox 3733 451 3822 507; x_wconf 66' lang='lat'><strong>384</strong></span> 
     </span>
    </p>
   </div>
   <div class='ocr_carea' id='block_1_4' title="bbox 562 563 2138 638">
    <p class='ocr_par' dir='ltr' id='par_1_4' title="bbox 562 566 2138 637">
     <span class='ocr_line' id='line_1_4' title="bbox 562 566 2138 637; baseline -0.005 -8"><span class='ocrx_word' id='word_1_5' title='bbox 562 573 998 628; x_wconf 88' lang='lat' dir='ltr'><strong>Sabellianorum</strong></span> <span class='ocrx_word' id='word_1_6' title='bbox 1046 567 1423 624; x_wconf 90' lang='lat' dir='ltr'><strong>cavillationes</strong></span> <span class='ocrx_word' id='word_1_7' title='bbox 1457 568 1654 637; x_wconf 84' lang='lat' dir='ltr'><strong>partim</strong></span> <span class='ocrx_word' id='word_1_8' title='bbox 1687 567 2000 623; x_wconf 72' lang='lat' dir='ltr'><strong>adhmserit.</strong></span> <span class='ocrx_word' id='word_1_9' title='bbox 2033 566 2138 621; x_wconf 83' lang='lat' dir='ltr'><strong>Ve-</strong></span> 
     </span>
    </p>
   </div>
   <div class='ocr_carea' id='block_1_5' title="bbox 2240 563 3822 638">
    <p class='ocr_par' dir='ltr' id='par_1_5' title="bbox 2244 563 3822 638">
     <span class='ocr_line' id='line_1_5' title="bbox 2244 563 3822 638; baseline 0.001 -17"><span class='ocrx_word' id='word_1_10' title='bbox 2244 566 2410 621; x_wconf 81' lang='grc' dir='ltr'><strong>αὐτοῦ</strong></span> <span class='ocrx_word' id='word_1_11' title='bbox 2430 565 2838 636; x_wconf 79' lang='grc' dir='ltr'><strong>ἀπελογήσαντο</strong></span> <span class='ocrx_word' id='word_1_12' title='bbox 2859 563 2936 637; x_wconf 82' lang='grc' dir='ltr'><strong>μὴ</strong></span> <span class='ocrx_word' id='word_1_13' title='bbox 2959 566 3128 630; x_wconf 76' lang='grc' dir='ltr'><strong>οὕτως</strong></span> <span class='ocrx_word' id='word_1_14' title='bbox 3151 567 3238 638; x_wconf 77' lang='grc' dir='ltr'><strong>ἔχε</strong></span> <span class='ocrx_word' id='word_1_15' title='bbox 3248 584 3324 630; x_wconf 88' lang='grc' dir='ltr'><strong>ιν,</strong></span> <span class='ocrx_word' id='word_1_16' title='bbox 3345 565 3468 620; x_wconf 77' lang='grc' dir='ltr'><strong>ἀλλ’</strong></span> <span class='ocrx_word' id='word_1_17' title='bbox 3483 565 3656 636; x_wconf 80' lang='grc' dir='ltr'>ὀρθῶς</span> <span class='ocrx_word' id='word_1_18' title='bbox 3685 566 3822 623; x_wconf 73' lang='grc' dir='ltr'><strong>αὑτὸν</strong></span> 
     </span>
    </p>
   </div>
   <div class='ocr_carea' id='block_1_6' title="bbox 559 654 2138 727">
    <p class='ocr_par' dir='ltr' id='par_1_6' title="bbox 559 654 2138 727">
     <span class='ocr_line' id='line_1_6' title="bbox 559 654 2138 727; baseline -0.006 -11"><span class='ocrx_word' id='word_1_19' title='bbox 559 679 680 716; x_wconf 89' lang='lat' dir='ltr'><strong>rum</strong></span> <span class='ocrx_word' id='word_1_20' title='bbox 725 662 815 715; x_wconf 83' lang='lat' dir='ltr'><strong>alii</strong></span> <span class='ocrx_word' id='word_1_21' title='bbox 857 659 1032 715; x_wconf 85' lang='lat' dir='ltr'><strong>eidem</strong></span> <span class='ocrx_word' id='word_1_22' title='bbox 1090 659 1499 727; x_wconf 72' lang='lat' dir='ltr'><strong>p..troeinantes</strong></span> <span class='ocrx_word' id='word_1_23' title='bbox 1533 672 1724 710; x_wconf 89' lang='lat' dir='ltr'><strong>verum</strong></span> <span class='ocrx_word' id='word_1_24' title='bbox 1774 654 1829 708; x_wconf 88' lang='lat' dir='ltr'><strong>id</strong></span> <span class='ocrx_word' id='word_1_25' title='bbox 1873 672 1996 710; x_wconf 87' lang='lat' dir='ltr'><strong>esse</strong></span> <span class='ocrx_word' id='word_1_26' title='bbox 2043 670 2138 708; x_wconf 89' lang='lat' dir='ltr'><strong>nc-</strong></span> 
     </span>
    </p>
   </div>
   <div class='ocr_carea' id='block_1_7' title="bbox 556 746 2139 825">
    <p class='ocr_par' dir='ltr' id='par_1_7' title="bbox 556 746 2139 825">
     <span class='ocr_line' id='line_1_7' title="bbox 556 746 2139 825; baseline -0.005 -18"><span class='ocrx_word' id='word_1_27' title='bbox 556 763 704 825; x_wconf 76' lang='lat' dir='ltr'><strong>gant,</strong></span> <span class='ocrx_word' id='word_1_28' title='bbox 756 767 788 806; x_wconf 93' lang='lat' dir='ltr'><strong>e</strong></span> <span class='ocrx_word' id='word_1_29' title='bbox 823 749 1106 804; x_wconf 89' lang='lat' dir='ltr'><strong>contrario</strong></span> <span class='ocrx_word' id='word_1_30' title='bbox 1133 763 1262 803; x_wconf 90' lang='lat' dir='ltr'><strong>vero</strong></span> <span class='ocrx_word' id='word_1_31' title='bbox 1301 749 1561 818; x_wconf 62' lang='lat' dir='ltr'><strong>praeclare</strong></span> <span class='ocrx_word' id='word_1_32' title='bbox 1615 746 1766 800; x_wconf 89' lang='lat' dir='ltr'><strong>illum</strong></span> <span class='ocrx_word' id='word_1_33' title='bbox 1821 747 2025 800; x_wconf 76' lang='lat' dir='ltr'><strong>vixisse</strong></span> <span class='ocrx_word' id='word_1_34' title='bbox 2075 761 2139 799; x_wconf 88' lang='lat' dir='ltr'><strong>ae</strong></span> 
     </span>
    </p>
   </div>
   <div class='ocr_carea' id='block_1_8' title="bbox 558 835 2142 906">
    <p class='ocr_par' dir='ltr' id='par_1_8' title="bbox 558 835 2142 906">
     <span class='ocr_line' id='line_1_8' title="bbox 558 835 2142 906; baseline -0.006 -10"><span class='ocrx_word' id='word_1_35' title='bbox 558 850 707 897; x_wconf 87' lang='lat' dir='ltr'><strong>recte</strong></span> <span class='ocrx_word' id='word_1_36' title='bbox 751 843 997 897; x_wconf 86' lang='lat' dir='ltr'><strong>sensisse</strong></span> <span class='ocrx_word' id='word_1_37' title='bbox 1040 839 1389 896; x_wconf 89' lang='lat' dir='ltr'><strong>conﬁrmant.</strong></span> <span class='ocrx_word' id='word_1_38' title='bbox 1423 835 1580 891; x_wconf 85' lang='lat' dir='ltr'><strong>Unde</strong></span> <span class='ocrx_word' id='word_1_39' title='bbox 1603 849 1797 906; x_wconf 82' lang='lat' dir='ltr'><strong>magna</strong></span> <span class='ocrx_word' id='word_1_40' title='bbox 1823 835 1891 890; x_wconf 91' lang='lat' dir='ltr'><strong>de</strong></span> <span class='ocrx_word' id='word_1_41' title='bbox 1921 850 1988 889; x_wconf 94' lang='lat' dir='ltr'><strong>eo</strong></span> <span class='ocrx_word' id='word_1_42' title='bbox 2015 850 2142 888; x_wconf 86' lang='lat' dir='ltr'><strong>con-</strong></span> 
     </span>
    </p>
   </div>
   <div class='ocr_carea' id='block_1_9' title="bbox 555 927 2141 998">
    <p class='ocr_par' dir='ltr' id='par_1_9' title="bbox 555 927 2141 998">
     <span class='ocr_line' id='line_1_9' title="bbox 555 927 2141 998; baseline -0.003 -12"><span class='ocrx_word' id='word_1_43' title='bbox 555 932 820 988; x_wconf 86' lang='lat' dir='ltr'><strong>troversia</strong></span> <span class='ocrx_word' id='word_1_44' title='bbox 845 933 1078 988; x_wconf 88' lang='lat' dir='ltr'><strong>conflata</strong></span> <span class='ocrx_word' id='word_1_45' title='bbox 1103 937 1206 987; x_wconf 85' lang='lat' dir='ltr'><strong>est.</strong></span> <span class='ocrx_word' id='word_1_46' title='bbox 1239 930 1527 985; x_wconf 80' lang='lat' dir='ltr'><strong>Enimvero</strong></span> <span class='ocrx_word' id='word_1_47' title='bbox 1547 943 1670 998; x_wconf 71' lang='lat' dir='ltr'><strong>qua:</strong></span> <span class='ocrx_word' id='word_1_48' title='bbox 1701 929 1753 980; x_wconf 91' lang='lat' dir='ltr'><strong>in</strong></span> <span class='ocrx_word' id='word_1_49' title='bbox 1784 928 1930 982; x_wconf 87' lang='lat' dir='ltr'><strong>illius</strong></span> <span class='ocrx_word' id='word_1_50' title='bbox 1955 927 2141 981; x_wconf 88' lang='lat' dir='ltr'><strong>animo</strong></span> 
     </span>
    </p>
   </div>
   <div class='ocr_carea' id='block_1_10' title="bbox 557 1019 2139 1091">
    <p class='ocr_par' dir='ltr' id='par_1_10' title="bbox 557 1019 2139 1091">
     <span class='ocr_line' id='line_1_10' title="bbox 557 1019 2139 1091; baseline -0.004 -13"><span class='ocrx_word' id='word_1_51' title='bbox 557 1025 777 1080; x_wconf 88' lang='lat' dir='ltr'><strong>occulta</strong></span> <span class='ocrx_word' id='word_1_52' title='bbox 809 1024 1054 1087; x_wconf 91' lang='lat' dir='ltr'><strong>fuerunt,</strong></span> <span class='ocrx_word' id='word_1_53' title='bbox 1091 1023 1185 1077; x_wconf 92' lang='lat' dir='ltr'><strong>uni</strong></span> <span class='ocrx_word' id='word_1_54' title='bbox 1237 1020 1350 1076; x_wconf 85' lang='lat' dir='ltr'><strong>Deo</strong></span> <span class='ocrx_word' id='word_1_55' title='bbox 1409 1021 1629 1091; x_wconf 80' lang='lat' dir='ltr'><strong>cognita</strong></span> <span class='ocrx_word' id='word_1_56' title='bbox 1689 1029 1838 1075; x_wconf 90' lang='lat' dir='ltr'><strong>sunt.</strong></span> <span class='ocrx_word' id='word_1_57' title='bbox 1870 1019 2139 1075; x_wconf 63' lang='lat' dir='ltr'><strong>Caeterum</strong></span> 
     </span>
    </p>
   </div>
   <div class='ocr_carea' id='block_1_11' title="bbox 476 1108 2143 1180">
    <p class='ocr_par' dir='ltr' id='par_1_11' title="bbox 476 1108 2143 1180">
     <span class='ocr_line' id='line_1_11' title="bbox 476 1108 2143 1180; baseline -0.005 -10"><span class='ocrx_word' id='word_1_58' title='bbox 476 1145 481 1150; x_wconf 64' lang='grc' dir='ltr'><em>η</em></span> <span class='ocrx_word' id='word_1_59' title='bbox 559 1115 712 1170; x_wconf 86' lang='lat' dir='ltr'><strong>illius</strong></span> <span class='ocrx_word' id='word_1_60' title='bbox 755 1122 1083 1180; x_wconf 84' lang='lat' dir='ltr'><strong>sectatores,</strong></span> <span class='ocrx_word' id='word_1_61' title='bbox 1122 1119 1178 1168; x_wconf 89' lang='lat' dir='ltr'><strong>et</strong></span> <span class='ocrx_word' id='word_1_62' title='bbox 1207 1113 1278 1166; x_wconf 91' lang='lat' dir='ltr'><strong>ab</strong></span> <span class='ocrx_word' id='word_1_63' title='bbox 1305 1126 1372 1166; x_wconf 91' lang='lat' dir='ltr'><strong>eo</strong></span> <span class='ocrx_word' id='word_1_64' title='bbox 1405 1111 1662 1173; x_wconf 82' lang='lat' dir='ltr'><strong>instituti,</strong></span> <span class='ocrx_word' id='word_1_65' title='bbox 1691 1125 1814 1162; x_wconf 88' lang='lat' dir='ltr'><strong>cum</strong></span> <span class='ocrx_word' id='word_1_66' title='bbox 1842 1108 1962 1178; x_wconf 80' lang='lat' dir='ltr'><strong>ejus</strong></span> <span class='ocrx_word' id='word_1_67' title='bbox 1991 1123 2143 1162; x_wconf 87' lang='lat' dir='ltr'><strong>men-</strong></span> 
     </span>
    </p>
   </div>
   <div class='ocr_carea' id='block_1_12' title="bbox 556 1199 2143 1279">
    <p class='ocr_par' dir='ltr' id='par_1_12' title="bbox 556 1199 2143 1279">
     <span class='ocr_line' id='line_1_12' title="bbox 556 1199 2143 1279; baseline -0.004 -19"><span class='ocrx_word' id='word_1_68' title='bbox 556 1213 666 1260; x_wconf 63' lang='lat' dir='ltr'><strong>tem</strong></span> <span class='ocrx_word' id='word_1_69' title='bbox 692 1205 1030 1277; x_wconf 89' lang='lat' dir='ltr'><strong>ignorarent.</strong></span> <span class='ocrx_word' id='word_1_70' title='bbox 1064 1219 1165 1259; x_wconf 92' lang='lat' dir='ltr'><strong>nec</strong></span> <span class='ocrx_word' id='word_1_71' title='bbox 1191 1218 1313 1279; x_wconf 59' lang='lat' dir='ltr'><strong>quae</strong></span> <span class='ocrx_word' id='word_1_72' title='bbox 1347 1217 1470 1256; x_wconf 89' lang='lat' dir='ltr'><strong>vere</strong></span> <span class='ocrx_word' id='word_1_73' title='bbox 1515 1201 1604 1256; x_wconf 88' lang='lat' dir='ltr'><strong>ille</strong></span> <span class='ocrx_word' id='word_1_74' title='bbox 1651 1201 1916 1257; x_wconf 73' lang='lat' dir='ltr'><strong>sensis~et</strong></span> <span class='ocrx_word' id='word_1_75' title='bbox 1962 1199 2143 1268; x_wconf 80' lang='lat' dir='ltr'><strong>expri-</strong></span> 
     </span>
    </p>
   </div>
   <div class='ocr_carea' id='block_1_13' title="bbox 559 1288 2142 1364">
    <p class='ocr_par' dir='ltr' id='par_1_13' title="bbox 559 1288 2142 1364">
     <span class='ocr_line' id='line_1_13' title="bbox 559 1288 2142 1364; baseline -0.005 -15"><span class='ocrx_word' id='word_1_76' title='bbox 559 1303 792 1360; x_wconf 83' lang='lat' dir='ltr'><strong>merent,</strong></span> <span class='ocrx_word' id='word_1_77' title='bbox 843 1303 957 1350; x_wconf 82' lang='lat' dir='ltr'><strong>tres</strong></span> <span class='ocrx_word' id='word_1_78' title='bbox 1006 1296 1330 1364; x_wconf 75' lang='lat' dir='ltr'><strong>liypostases</strong></span> <span class='ocrx_word' id='word_1_79' title='bbox 1386 1289 1636 1346; x_wconf 89' lang='lat' dir='ltr'><strong>conﬁteri</strong></span> <span class='ocrx_word' id='word_1_80' title='bbox 1694 1290 2008 1352; x_wconf 89' lang='lat' dir='ltr'><strong>noluerunt,</strong></span> <span class='ocrx_word' id='word_1_81' title='bbox 2063 1288 2142 1342; x_wconf 89' lang='lat' dir='ltr'><strong>uti</strong></span> 
     </span>
    </p>
   </div>
   <div class='ocr_carea' id='block_1_14' title="bbox 563 1378 2141 1453">
    <p class='ocr_par' dir='ltr' id='par_1_14' title="bbox 563 1378 2141 1453">
     <span class='ocr_line' id='line_1_14' title="bbox 563 1378 2141 1453; baseline -0.006 -12"><span class='ocrx_word' id='word_1_82' title='bbox 563 1388 771 1441; x_wconf 85' lang='lat' dir='ltr'><strong>veritas</strong></span> <span class='ocrx_word' id='word_1_83' title='bbox 825 1386 1008 1448; x_wconf 83' lang='lat' dir='ltr'><strong>docet,</strong></span> <span class='ocrx_word' id='word_1_84' title='bbox 1055 1398 1180 1453; x_wconf 73' lang='lat' dir='ltr'><strong>qua!</strong></span> <span class='ocrx_word' id='word_1_85' title='bbox 1217 1397 1383 1436; x_wconf 87' lang='lat' dir='ltr'><strong>unam</strong></span> <span class='ocrx_word' id='word_1_86' title='bbox 1431 1389 1622 1436; x_wconf 88' lang='lat' dir='ltr'><strong>censet</strong></span> <span class='ocrx_word' id='word_1_87' title='bbox 1659 1395 1781 1435; x_wconf 88' lang='lat' dir='ltr'><strong>esse</strong></span> <span class='ocrx_word' id='word_1_88' title='bbox 1805 1378 2141 1433; x_wconf 80' lang='lat' dir='ltr'><strong>divinitatem</strong></span> 
     </span>
    </p>
   </div>
   <div class='ocr_carea' id='block_1_15' title="bbox 559 1469 2139 1546">
    <p class='ocr_par' dir='ltr' id='par_1_15' title="bbox 559 1469 2139 1546">
     <span class='ocr_line' id='line_1_15' title="bbox 559 1469 2139 1546; baseline -0.004 -15"><span class='ocrx_word' id='word_1_89' title='bbox 559 1492 834 1546; x_wconf 87' lang='lat' dir='ltr'><strong>unamque</strong></span> <span class='ocrx_word' id='word_1_90' title='bbox 866 1475 1091 1546; x_wconf 82' lang='lat' dir='ltr'><strong>gloriam</strong></span> <span class='ocrx_word' id='word_1_91' title='bbox 1128 1482 1183 1529; x_wconf 84' lang='lat' dir='ltr'><strong>et</strong></span> <span class='ocrx_word' id='word_1_92' title='bbox 1218 1472 1748 1529; x_wconf 81' lang='lat' dir='ltr'><strong>consubstantialem</strong></span> <span class='ocrx_word' id='word_1_93' title='bbox 1777 1469 2139 1534; x_wconf 78' lang='lat' dir='ltr'><strong>Trinitatem,</strong></span> 
     </span>
    </p>
   </div>
   <div class='ocr_carea' id='block_1_16' title="bbox 556 1563 2143 1639">
    <p class='ocr_par' dir='ltr' id='par_1_16' title="bbox 556 1563 2143 1639">
     <span class='ocr_line' id='line_1_16' title="bbox 556 1563 2143 1639; baseline -0.004 -16"><span class='ocrx_word' id='word_1_94' title='bbox 556 1584 680 1639; x_wconf 62' lang='lat' dir='ltr'><strong>qua;</strong></span> <span class='ocrx_word' id='word_1_95' title='bbox 721 1569 860 1622; x_wconf 84' lang='lat' dir='ltr'><strong>nihil</strong></span> <span class='ocrx_word' id='word_1_96' title='bbox 899 1567 954 1622; x_wconf 90' lang='lat' dir='ltr'><strong>in</strong></span> <span class='ocrx_word' id='word_1_97' title='bbox 993 1567 1165 1637; x_wconf 78' lang='lat' dir='ltr'><strong>gloria</strong></span> <span class='ocrx_word' id='word_1_98' title='bbox 1207 1580 1307 1621; x_wconf 88' lang='lat' dir='ltr'><strong>sua</strong></span> <span class='ocrx_word' id='word_1_99' title='bbox 1357 1563 1640 1620; x_wconf 88' lang='lat' dir='ltr'><strong>diversum</strong></span> <span class='ocrx_word' id='word_1_100' title='bbox 1682 1563 1901 1627; x_wconf 76' lang='lat' dir='ltr'><strong>habent,</strong></span> <span class='ocrx_word' id='word_1_101' title='bbox 1958 1569 2143 1632; x_wconf 84' lang='lat' dir='ltr'><strong>utpote</strong></span> 
     </span>
    </p>
   </div>
   <div class='ocr_carea' id='block_1_17' title="bbox 560 1655 2144 1730">
    <p class='ocr_par' dir='ltr' id='par_1_17' title="bbox 560 1655 2144 1730">
     <span class='ocr_line' id='line_1_17' title="bbox 560 1655 2144 1730; baseline -0.004 -18"><span class='ocrx_word' id='word_1_102' title='bbox 560 1659 803 1730; x_wconf 89' lang='lat' dir='ltr'><strong>perfecta</strong></span> <span class='ocrx_word' id='word_1_103' title='bbox 827 1658 1092 1723; x_wconf 84' lang='lat' dir='ltr'><strong>Trinitas,</strong></span> <span class='ocrx_word' id='word_1_104' title='bbox 1122 1665 1179 1712; x_wconf 92' lang='lat' dir='ltr'><strong>et</strong></span> <span class='ocrx_word' id='word_1_105' title='bbox 1213 1671 1322 1711; x_wconf 90' lang='lat' dir='ltr'><strong>una</strong></span> <span class='ocrx_word' id='word_1_106' title='bbox 1353 1656 1635 1718; x_wconf 78' lang='lat' dir='ltr'><strong>divinitas,</strong></span> <span class='ocrx_word' id='word_1_107' title='bbox 1669 1670 1778 1709; x_wconf 88' lang='lat' dir='ltr'><strong>una</strong></span> <span class='ocrx_word' id='word_1_108' title='bbox 1811 1655 2007 1728; x_wconf 87' lang='lat' dir='ltr'><strong>virtus,</strong></span> <span class='ocrx_word' id='word_1_109' title='bbox 2037 1667 2144 1706; x_wconf 87' lang='lat' dir='ltr'><strong>una</strong></span> 
     </span>
    </p>
   </div>
   <div class='ocr_carea' id='block_1_18' title="bbox 557 1744 2143 1820">
    <p class='ocr_par' dir='ltr' id='par_1_18' title="bbox 557 1744 2143 1820">
     <span class='ocr_line' id='line_1_18' title="bbox 557 1744 2143 1820; baseline -0.008 -13"><span class='ocrx_word' id='word_1_110' title='bbox 557 1752 832 1817; x_wconf 86' lang='lat' dir='ltr'><strong>essentia;</strong></span> <span class='ocrx_word' id='word_1_111' title='bbox 886 1765 1063 1820; x_wconf 90' lang='lat' dir='ltr'><strong>neque</strong></span> <span class='ocrx_word' id='word_1_112' title='bbox 1093 1749 1149 1804; x_wconf 89' lang='lat' dir='ltr'><strong>in</strong></span> <span class='ocrx_word' id='word_1_113' title='bbox 1180 1763 1350 1803; x_wconf 90' lang='lat' dir='ltr'><strong>unum</strong></span> <span class='ocrx_word' id='word_1_114' title='bbox 1399 1753 1704 1813; x_wconf 88' lang='lat' dir='ltr'><strong>contracta,</strong></span> <span class='ocrx_word' id='word_1_115' title='bbox 1749 1753 1845 1800; x_wconf 89' lang='lat' dir='ltr'><strong>aut</strong></span> <span class='ocrx_word' id='word_1_116' title='bbox 1896 1744 2143 1807; x_wconf 87' lang='lat' dir='ltr'><strong>confusa,</strong></span> 
     </span>
    </p>
   </div>
   <div class='ocr_carea' id='block_1_19' title="bbox 568 1835 2146 1912">
    <p class='ocr_par' dir='ltr' id='par_1_19' title="bbox 568 1835 2146 1912">
     <span class='ocr_line' id='line_1_19' title="bbox 568 1835 2146 1912; baseline -0.003 -16"><span class='ocrx_word' id='word_1_117' title='bbox 568 1857 672 1897; x_wconf 89' lang='lat' dir='ltr'><strong>nec</strong></span> <span class='ocrx_word' id='word_1_118' title='bbox 710 1844 820 1896; x_wconf 90' lang='lat' dir='ltr'><strong>ulla</strong></span> <span class='ocrx_word' id='word_1_119' title='bbox 853 1841 939 1897; x_wconf 91' lang='lat' dir='ltr'><strong>sui</strong></span> <span class='ocrx_word' id='word_1_120' title='bbox 963 1849 1120 1912; x_wconf 88' lang='lat' dir='ltr'><strong>parte</strong></span> <span class='ocrx_word' id='word_1_121' title='bbox 1148 1840 1400 1902; x_wconf 86' lang='lat' dir='ltr'><strong>inferior,</strong></span> <span class='ocrx_word' id='word_1_122' title='bbox 1428 1846 1524 1894; x_wconf 91' lang='lat' dir='ltr'><strong>aut</strong></span> <span class='ocrx_word' id='word_1_123' title='bbox 1551 1839 1817 1908; x_wconf 81' lang='lat' dir='ltr'><strong>subjecta.</strong></span> <span class='ocrx_word' id='word_1_124' title='bbox 1859 1835 2146 1892; x_wconf 79' lang='lat' dir='ltr'><strong>Marcellus</strong></span> 
     </span>
    </p>
   </div>
   <div class='ocr_carea' id='block_1_20' title="bbox 2245 655 3823 729">
    <p class='ocr_par' dir='ltr' id='par_1_20' title="bbox 2245 655 3823 729">
     <span class='ocr_line' id='line_1_20' title="bbox 2245 655 3823 729; baseline 0 -19"><span class='ocrx_word' id='word_1_125' title='bbox 2245 657 2588 726; x_wconf 75' lang='grc' dir='ltr'><strong>βεϐιωκέναι,</strong></span> <span class='ocrx_word' id='word_1_126' title='bbox 2637 657 2732 710; x_wconf 79' lang='grc' dir='ltr'><strong>καὶ</strong></span> <span class='ocrx_word' id='word_1_127' title='bbox 2775 656 2855 727; x_wconf 84' lang='grc' dir='ltr'><strong>τῷ</strong></span> <span class='ocrx_word' id='word_1_128' title='bbox 2889 659 3193 729; x_wconf 80' lang='grc' dir='ltr'><strong>φρονήματι</strong></span> <span class='ocrx_word' id='word_1_129' title='bbox 3250 657 3437 711; x_wconf 84' lang='grc' dir='ltr'><strong>αὐτὸν</strong></span> <span class='ocrx_word' id='word_1_130' title='bbox 3492 655 3668 725; x_wconf 83' lang='grc' dir='ltr'><strong>ὀρθῶς</strong></span> <span class='ocrx_word' id='word_1_131' title='bbox 3704 658 3823 726; x_wconf 75' lang='grc' dir='ltr'><strong>ἔχειν</strong></span> 
     </span>
    </p>
   </div>
   <div class='ocr_carea' id='block_1_21' title="bbox 2240 745 3821 818">
    <p class='ocr_par' dir='ltr' id='par_1_21' title="bbox 2240 745 3821 818">
     <span class='ocr_line' id='line_1_21' title="bbox 2240 745 3821 818; baseline 0.003 -19"><span class='ocrx_word' id='word_1_132' title='bbox 2240 745 2653 817; x_wconf 74' lang='grc' dir='ltr'><strong>διισχυρίζοντο.</strong></span> <span class='ocrx_word' id='word_1_133' title='bbox 2681 747 2772 799; x_wconf 82' lang='grc' dir='ltr'><strong>Διὸ</strong></span> <span class='ocrx_word' id='word_1_134' title='bbox 2789 747 2958 818; x_wconf 80' lang='grc' dir='ltr'><strong>πολλὴ</strong></span> <span class='ocrx_word' id='word_1_135' title='bbox 2989 748 3117 818; x_wconf 79' lang='grc' dir='ltr'><strong>περὶ</strong></span> <span class='ocrx_word' id='word_1_136' title='bbox 3142 748 3344 815; x_wconf 78' lang='grc' dir='ltr'><strong>τούτρυ</strong></span> <span class='ocrx_word' id='word_1_137' title='bbox 3376 745 3616 818; x_wconf 77' lang='grc' dir='ltr'><strong>ζήτησις</strong></span> <span class='ocrx_word' id='word_1_138' title='bbox 3637 746 3821 815; x_wconf 84' lang='grc' dir='ltr'><strong>γέγονε.</strong></span> 
     </span>
    </p>
   </div>
   <div class='ocr_carea' id='block_1_22' title="bbox 2243 838 3825 910">
    <p class='ocr_par' dir='ltr' id='par_1_22' title="bbox 2243 838 3825 910">
     <span class='ocr_line' id='line_1_22' title="bbox 2243 838 3825 910; baseline 0 -18"><span class='ocrx_word' id='word_1_139' title='bbox 2243 839 2353 892; x_wconf 80' lang='lat' dir='ltr'><strong>Kal.</strong></span> <span class='ocrx_word' id='word_1_140' title='bbox 2384 839 2454 892; x_wconf 73' lang='grc' dir='ltr'><strong>τὰ</strong></span> <span class='ocrx_word' id='word_1_141' title='bbox 2479 840 2575 910; x_wconf 84' lang='grc' dir='ltr'><strong>μὲν</strong></span> <span class='ocrx_word' id='word_1_142' title='bbox 2601 838 2811 910; x_wconf 76' lang='grc' dir='ltr'><strong>κρύφια</strong></span> <span class='ocrx_word' id='word_1_143' title='bbox 2835 839 2936 910; x_wconf 84' lang='grc' dir='ltr'><strong>τῆς</strong></span> <span class='ocrx_word' id='word_1_144' title='bbox 2961 840 3167 904; x_wconf 77' lang='grc' dir='ltr'><strong>ἑννοίας</strong></span> <span class='ocrx_word' id='word_1_145' title='bbox 3188 838 3317 909; x_wconf 86' lang='grc' dir='ltr'><strong>Θεῷ</strong></span> <span class='ocrx_word' id='word_1_146' title='bbox 3350 839 3653 906; x_wconf 75' lang='grc' dir='ltr'><strong>ἔγνωσται.</strong></span> <span class='ocrx_word' id='word_1_147' title='bbox 3704 839 3760 891; x_wconf 86' lang='grc' dir='ltr'>Οἱ</span> <span class='ocrx_word' id='word_1_148' title='bbox 3779 840 3825 892; x_wconf 73' lang='grc' dir='ltr'><strong>δὲ</strong></span> 
     </span>
    </p>
   </div>
   <div class='ocr_carea' id='block_1_23' title="bbox 2247 929 3825 1002">
    <p class='ocr_par' dir='ltr' id='par_1_23' title="bbox 2247 929 3825 1002">
     <span class='ocr_line' id='line_1_23' title="bbox 2247 929 3825 1002; baseline 0.001 -18"><span class='ocrx_word' id='word_1_149' title='bbox 2247 931 2344 984; x_wconf 83' lang='grc' dir='ltr'><strong>ἀπ’</strong></span> <span class='ocrx_word' id='word_1_150' title='bbox 2377 930 2541 984; x_wconf 83' lang='grc' dir='ltr'><strong>αὐτοῦ</strong></span> <span class='ocrx_word' id='word_1_151' title='bbox 2577 931 2866 999; x_wconf 81' lang='grc' dir='ltr'><strong>γεγονότες</strong></span> <span class='ocrx_word' id='word_1_152' title='bbox 2901 932 2995 984; x_wconf 75' lang='grc' dir='ltr'><strong>καὶ</strong></span> <span class='ocrx_word' id='word_1_153' title='bbox 3023 931 3473 1002; x_wconf 59' lang='grc' dir='ltr'><strong>καηχηθέντες,</strong></span> <span class='ocrx_word' id='word_1_154' title='bbox 3508 931 3560 984; x_wconf 75' lang='lat' dir='ltr'><strong>oi</strong></span> <span class='ocrx_word' id='word_1_155' title='bbox 3587 929 3684 1002; x_wconf 82' lang='grc' dir='ltr'><strong>τήν</strong></span> <span class='ocrx_word' id='word_1_156' title='bbox 3705 931 3825 985; x_wconf 61' lang='lat' dir='ltr'><strong>sxa!-</strong></span> 
     </span>
    </p>
   </div>
   <div class='ocr_carea' id='block_1_24' title="bbox 2244 1021 3822 1094">
    <p class='ocr_par' dir='ltr' id='par_1_24' title="bbox 2244 1021 3822 1094">
     <span class='ocr_line' id='line_1_24' title="bbox 2244 1021 3822 1094; baseline 0.001 -20"><span class='ocrx_word' id='word_1_157' title='bbox 2244 1038 2337 1074; x_wconf 92' lang='grc' dir='ltr'><strong>νου</strong></span> <span class='ocrx_word' id='word_1_158' title='bbox 2375 1021 2585 1076; x_wconf 74' lang='grc' dir='ltr'><strong>ἔννοιαν</strong></span> <span class='ocrx_word' id='word_1_159' title='bbox 2629 1021 2974 1091; x_wconf 79' lang='grc' dir='ltr'><strong>ἀγνοοῦντες,</strong></span> <span class='ocrx_word' id='word_1_160' title='bbox 3003 1025 3052 1076; x_wconf 79' lang='lat' dir='ltr'><strong>oi</strong></span> <span class='ocrx_word' id='word_1_161' title='bbox 3099 1022 3176 1094; x_wconf 84' lang='grc' dir='ltr'><strong>μή</strong></span> <span class='ocrx_word' id='word_1_162' title='bbox 3207 1024 3279 1077; x_wconf 83' lang='grc' dir='ltr'><strong>τὰ</strong></span> <span class='ocrx_word' id='word_1_163' title='bbox 3311 1022 3540 1076; x_wconf 75' lang='grc' dir='ltr'><strong>ἐκείνου</strong></span> <span class='ocrx_word' id='word_1_164' title='bbox 3573 1023 3738 1093; x_wconf 79' lang='grc' dir='ltr'><strong>ἀληθῆ</strong></span> <span class='ocrx_word' id='word_1_165' title='bbox 3758 1023 3822 1075; x_wconf 78' lang='grc' dir='ltr'><strong>δι-</strong></span> 
     </span>
    </p>
   </div>
   <div class='ocr_carea' id='block_1_25' title="bbox 2241 1108 3819 1182">
    <p class='ocr_par' dir='ltr' id='par_1_25' title="bbox 2241 1108 3819 1182">
     <span class='ocr_line' id='line_1_25' title="bbox 2241 1108 3819 1182; baseline 0 -20"><span class='ocrx_word' id='word_1_166' title='bbox 2241 1110 2376 1180; x_wconf 84' lang='grc' dir='ltr'><strong>ηγού</strong></span> <span class='ocrx_word' id='word_1_167' title='bbox 2385 1128 2557 1180; x_wconf 89' lang='grc' dir='ltr'><strong>μενοι,</strong></span> <span class='ocrx_word' id='word_1_168' title='bbox 2571 1109 2694 1163; x_wconf 76' lang='grc' dir='ltr'><strong>οὔτε</strong></span> <span class='ocrx_word' id='word_1_169' title='bbox 2705 1110 2802 1174; x_wconf 82' lang='grc' dir='ltr'><strong>τὰς</strong></span> <span class='ocrx_word' id='word_1_170' title='bbox 2814 1114 2962 1182; x_wconf 83' lang='grc' dir='ltr'><strong>τρεῖς</strong></span> <span class='ocrx_word' id='word_1_171' title='bbox 2974 1111 3242 1165; x_wconf 80' lang='grc' dir='ltr'><strong>ὑποστάσε</strong></span> <span class='ocrx_word' id='word_1_172' title='bbox 3251 1128 3306 1174; x_wconf 87' lang='grc' dir='ltr'><strong>ις</strong></span> <span class='ocrx_word' id='word_1_173' title='bbox 3321 1108 3623 1179; x_wconf 79' lang='grc' dir='ltr'><strong>ὁμολογεῖν</strong></span> <span class='ocrx_word' id='word_1_174' title='bbox 3637 1108 3819 1180; x_wconf 83' lang='grc' dir='ltr'><strong>ήθελον,</strong></span> 
     </span>
    </p>
   </div>
   <div class='ocr_carea' id='block_1_26' title="bbox 2239 1201 3818 1273">
    <p class='ocr_par' dir='ltr' id='par_1_26' title="bbox 2239 1201 3818 1273">
     <span class='ocr_line' id='line_1_26' title="bbox 2239 1201 3818 1273; baseline -0.004 -18"><span class='ocrx_word' id='word_1_175' title='bbox 2239 1201 2314 1266; x_wconf 87' lang='grc' dir='ltr'><strong>ὼς</strong></span> <span class='ocrx_word' id='word_1_176' title='bbox 2342 1203 2512 1273; x_wconf 75' lang='grc' dir='ltr'><strong>ἑχειή</strong></span> <span class='ocrx_word' id='word_1_177' title='bbox 2543 1201 2791 1272; x_wconf 86' lang='grc' dir='ltr'><strong>ἀλήθεια,</strong></span> <span class='ocrx_word' id='word_1_178' title='bbox 2817 1204 2900 1256; x_wconf 79' lang='grc' dir='ltr'><strong>ὅτι</strong></span> <span class='ocrx_word' id='word_1_179' title='bbox 2935 1203 3034 1272; x_wconf 82' lang='grc' dir='ltr'><strong>μία</strong></span> <span class='ocrx_word' id='word_1_180' title='bbox 3063 1202 3212 1255; x_wconf 75' lang='grc' dir='ltr'><strong>ἐστὶν</strong></span> <span class='ocrx_word' id='word_1_181' title='bbox 3242 1204 3280 1272; x_wconf 90' lang='grc' dir='ltr'><strong>ή</strong></span> <span class='ocrx_word' id='word_1_182' title='bbox 3314 1201 3546 1270; x_wconf 82' lang='grc' dir='ltr'><strong>θεότης,</strong></span> <span class='ocrx_word' id='word_1_183' title='bbox 3583 1201 3679 1270; x_wconf 76' lang='grc' dir='ltr'><strong>μία</strong></span> <span class='ocrx_word' id='word_1_184' title='bbox 3699 1202 3818 1268; x_wconf 76' lang='grc' dir='ltr'><strong>δοξο-</strong></span> 
     </span>
    </p>
   </div>
   <div class='ocr_carea' id='block_1_27' title="bbox 2239 1291 3816 1365">
    <p class='ocr_par' dir='ltr' id='par_1_27' title="bbox 2239 1291 3816 1365">
     <span class='ocr_line' id='line_1_27' title="bbox 2239 1291 3816 1365; baseline 0 -18"><span class='ocrx_word' id='word_1_185' title='bbox 2239 1293 2418 1362; x_wconf 87' lang='grc' dir='ltr'><strong>λογία,</strong></span> <span class='ocrx_word' id='word_1_186' title='bbox 2440 1293 2606 1364; x_wconf 83' lang='grc' dir='ltr'><strong>ὁμοού</strong></span> <span class='ocrx_word' id='word_1_187' title='bbox 2614 1310 2727 1357; x_wconf 91' lang='grc' dir='ltr'><strong>σιος</strong></span> <span class='ocrx_word' id='word_1_188' title='bbox 2743 1291 2880 1348; x_wconf 78' lang='grc' dir='ltr'><strong>οὖσα</strong></span> <span class='ocrx_word' id='word_1_189' title='bbox 2893 1296 2928 1365; x_wconf 90' lang='grc' dir='ltr'><strong>ή</strong></span> <span class='ocrx_word' id='word_1_190' title='bbox 2944 1293 3132 1364; x_wconf 79' lang='grc' dir='ltr'><strong>Τριάς,</strong></span> <span class='ocrx_word' id='word_1_191' title='bbox 3153 1294 3245 1346; x_wconf 73' lang='grc' dir='ltr'><strong>καὶ</strong></span> <span class='ocrx_word' id='word_1_192' title='bbox 3259 1293 3436 1346; x_wconf 76' lang='grc' dir='ltr'><strong>οὐδὲν</strong></span> <span class='ocrx_word' id='word_1_193' title='bbox 3457 1292 3816 1348; x_wconf 71' lang='grc' dir='ltr'><strong>διαλλάττουσι</strong></span> 
     </span>
    </p>
   </div>
   <div class='ocr_carea' id='block_1_28' title="bbox 2239 1381 3816 1457">
    <p class='ocr_par' dir='ltr' id='par_1_28' title="bbox 2239 1381 3816 1457">
     <span class='ocr_line' id='line_1_28' title="bbox 2239 1381 3816 1457; baseline -0.01 -7"><span class='ocrx_word' id='word_1_194' title='bbox 2239 1386 2339 1456; x_wconf 77' lang='grc' dir='ltr'><strong>τῆς</strong></span> <span class='ocrx_word' id='word_1_195' title='bbox 2365 1385 2501 1448; x_wconf 70' lang='grc' dir='ltr'><strong>ιδίας</strong></span> <span class='ocrx_word' id='word_1_196' title='bbox 2530 1385 2711 1457; x_wconf 82' lang='grc' dir='ltr'><strong>δόξης,</strong></span> <span class='ocrx_word' id='word_1_197' title='bbox 2743 1385 2917 1457; x_wconf 86' lang='grc' dir='ltr'><strong>Τριάς</strong></span> <span class='ocrx_word' id='word_1_198' title='bbox 2954 1384 3135 1438; x_wconf 86' lang='grc' dir='ltr'><strong>τελεία</strong></span> <span class='ocrx_word' id='word_1_199' title='bbox 3174 1381 3339 1446; x_wconf 78' lang='grc' dir='ltr'><strong>οὖσα,</strong></span> <span class='ocrx_word' id='word_1_200' title='bbox 3373 1384 3480 1437; x_wconf 74' lang='grc' dir='ltr'><strong>καὶ</strong></span> <span class='ocrx_word' id='word_1_201' title='bbox 3514 1383 3613 1453; x_wconf 91' lang='grc' dir='ltr'><strong>μία</strong></span> <span class='ocrx_word' id='word_1_202' title='bbox 3639 1384 3816 1454; x_wconf 72' lang='grc' dir='ltr'><strong>θεότης,</strong></span> 
     </span>
    </p>
   </div>
   <div class='ocr_carea' id='block_1_29' title="bbox 2245 1471 3817 1548">
    <p class='ocr_par' dir='ltr' id='par_1_29' title="bbox 2245 1471 3817 1548">
     <span class='ocr_line' id='line_1_29' title="bbox 2245 1471 3817 1548; baseline -0.002 -17"><span class='ocrx_word' id='word_1_203' title='bbox 2245 1477 2343 1548; x_wconf 90' lang='grc' dir='ltr'><strong>μία</strong></span> <span class='ocrx_word' id='word_1_204' title='bbox 2363 1477 2612 1546; x_wconf 81' lang='grc' dir='ltr'><strong>δύναμις,</strong></span> <span class='ocrx_word' id='word_1_205' title='bbox 2641 1477 2738 1548; x_wconf 90' lang='grc' dir='ltr'><strong>μία</strong></span> <span class='ocrx_word' id='word_1_206' title='bbox 2757 1478 2936 1538; x_wconf 77' lang='grc' dir='ltr'><strong>οὐσία.</strong></span> <span class='ocrx_word' id='word_1_207' title='bbox 2960 1476 3083 1531; x_wconf 73' lang='grc' dir='ltr'><strong>οὔτε</strong></span> <span class='ocrx_word' id='word_1_208' title='bbox 3113 1476 3426 1546; x_wconf 81' lang='grc' dir='ltr'><strong>συναλοιφή</strong></span> <span class='ocrx_word' id='word_1_209' title='bbox 3452 1493 3540 1538; x_wconf 81' lang='grc' dir='ltr'><strong>τις</strong></span> <span class='ocrx_word' id='word_1_210' title='bbox 3556 1471 3702 1538; x_wconf 83' lang='grc' dir='ltr'><strong>οὖσα,</strong></span> <span class='ocrx_word' id='word_1_211' title='bbox 3719 1476 3817 1529; x_wconf 73' lang='grc' dir='ltr'><strong>οὔτε</strong></span> 
     </span>
    </p>
   </div>
   <div class='ocr_carea' id='block_1_30' title="bbox 2241 1562 3817 1638">
    <p class='ocr_par' dir='ltr' id='par_1_30' title="bbox 2241 1562 3817 1638">
     <span class='ocr_line' id='line_1_30' title="bbox 2241 1562 3817 1638; baseline 0 -18"><span class='ocrx_word' id='word_1_212' title='bbox 2241 1566 2632 1637; x_wconf 75' lang='grc' dir='ltr'><strong>ὑποϐεϐηκυῖα.</strong></span> <span class='ocrx_word' id='word_1_213' title='bbox 2669 1562 2836 1632; x_wconf 77' lang='grc' dir='ltr'><strong>Οὗτος</strong></span> <span class='ocrx_word' id='word_1_214' title='bbox 2867 1567 2946 1633; x_wconf 86' lang='grc' dir='ltr'><strong>δὲ,</strong></span> <span class='ocrx_word' id='word_1_215' title='bbox 2975 1567 3331 1622; x_wconf 78' lang='grc' dir='ltr'><strong>ὲπιπλεῖστον</strong></span> <span class='ocrx_word' id='word_1_216' title='bbox 3366 1567 3696 1638; x_wconf 80' lang='grc' dir='ltr'><strong>βουλόμενός</strong></span> <span class='ocrx_word' id='word_1_217' title='bbox 3722 1585 3817 1620; x_wconf 71' lang='grc' dir='ltr'><strong>τινα</strong></span> 
     </span>
    </p>
   </div>
   <div class='ocr_carea' id='block_1_31' title="bbox 2241 1657 3816 1730">
    <p class='ocr_par' dir='ltr' id='par_1_31' title="bbox 2241 1657 3816 1730">
     <span class='ocr_line' id='line_1_31' title="bbox 2241 1657 3816 1730; baseline -0.001 -19"><span class='ocrx_word' id='word_1_218' title='bbox 2241 1657 2421 1726; x_wconf 87' lang='grc' dir='ltr'><strong>λέγειν</strong></span> <span class='ocrx_word' id='word_1_219' title='bbox 2449 1659 2600 1730; x_wconf 84' lang='grc' dir='ltr'><strong>παρά</strong></span> <span class='ocrx_word' id='word_1_220' title='bbox 2629 1675 2793 1723; x_wconf 86' lang='grc' dir='ltr'><strong>τισιν,</strong></span> <span class='ocrx_word' id='word_1_221' title='bbox 2845 1659 2921 1722; x_wconf 83' lang='grc' dir='ltr'><strong>ὡς</strong></span> <span class='ocrx_word' id='word_1_222' title='bbox 2955 1659 3059 1712; x_wconf 77' lang='grc' dir='ltr'><strong>ὑπὸ</strong></span> <span class='ocrx_word' id='word_1_223' title='bbox 3083 1658 3174 1712; x_wconf 79' lang='grc' dir='ltr'><strong>τὸν</strong></span> <span class='ocrx_word' id='word_1_224' title='bbox 3208 1659 3518 1712; x_wconf 60' lang='lat' dir='ltr'><strong>meeum</strong></span> <span class='ocrx_word' id='word_1_225' title='bbox 3545 1657 3624 1728; x_wconf 85' lang='grc' dir='ltr'><strong>τῷ</strong></span> <span class='ocrx_word' id='word_1_226' title='bbox 3651 1658 3816 1728; x_wconf 71' lang='grc' dir='ltr'><strong>φρονή-</strong></span> 
     </span>
    </p>
   </div>
   <div class='ocr_carea' id='block_1_32' title="bbox 2246 1744 3813 1821">
    <p class='ocr_par' dir='ltr' id='par_1_32' title="bbox 2246 1744 3813 1821">
     <span class='ocr_line' id='line_1_32' title="bbox 2246 1744 3813 1821; baseline -0.002 -19"><span class='ocrx_word' id='word_1_227' title='bbox 2246 1765 2376 1818; x_wconf 85' lang='grc' dir='ltr'><strong>ματι</strong></span> <span class='ocrx_word' id='word_1_228' title='bbox 2412 1747 2610 1815; x_wconf 78' lang='grc' dir='ltr'><strong>ἔδειξεν</strong></span> <span class='ocrx_word' id='word_1_229' title='bbox 2642 1744 2801 1803; x_wconf 79' lang='grc' dir='ltr'><strong>εῖναι.</strong></span> <span class='ocrx_word' id='word_1_230' title='bbox 2844 1749 2936 1803; x_wconf 80' lang='grc' dir='ltr'><strong>Διδ</strong></span> <span class='ocrx_word' id='word_1_231' title='bbox 2959 1751 3052 1819; x_wconf 72' lang='grc' dir='ltr'><strong>καὶ</strong></span> <span class='ocrx_word' id='word_1_232' title='bbox 3092 1750 3232 1821; x_wconf 77' lang='grc' dir='ltr'><strong>αὐτή</strong></span> <span class='ocrx_word' id='word_1_233' title='bbox 3286 1751 3355 1802; x_wconf 75' lang='grc' dir='ltr'><strong>ἐν</strong></span> <span class='ocrx_word' id='word_1_234' title='bbox 3395 1748 3619 1818; x_wconf 76' lang='grc' dir='ltr'><strong>αἱρέσει</strong></span> <span class='ocrx_word' id='word_1_235' title='bbox 3655 1747 3813 1817; x_wconf 72' lang='grc' dir='ltr'><strong>ἐλέχθη</strong></span> 
     </span>
    </p>
   </div>
   <div class='ocr_carea' id='block_1_33' title="bbox 2243 1837 3815 1914">
    <p class='ocr_par' dir='ltr' id='par_1_33' title="bbox 2243 1837 3815 1914">
     <span class='ocr_line' id='line_1_33' title="bbox 2243 1837 3815 1914; baseline -0.002 -20"><span class='ocrx_word' id='word_1_236' title='bbox 2243 1841 2340 1894; x_wconf 79' lang='grc' dir='ltr'><strong>καὶ</strong></span> <span class='ocrx_word' id='word_1_237' title='bbox 2357 1839 2661 1911; x_wconf 70' lang='grc' dir='ltr'><strong>ἠριθμήθη.</strong></span> <span class='ocrx_word' id='word_1_238' title='bbox 2700 1841 3096 1914; x_wconf 83' lang='grc' dir='ltr'><strong>Παραθήσομαι</strong></span> <span class='ocrx_word' id='word_1_239' title='bbox 3117 1842 3175 1896; x_wconf 82' lang='grc' dir='ltr'><strong>δὲ</strong></span> <span class='ocrx_word' id='word_1_240' title='bbox 3199 1837 3367 1905; x_wconf 73' lang='grc' dir='ltr'><strong>αὖθις</strong></span> <span class='ocrx_word' id='word_1_241' title='bbox 3392 1840 3494 1894; x_wconf 73' lang='grc' dir='ltr'><strong>καὶ</strong></span> <span class='ocrx_word' id='word_1_242' title='bbox 3517 1839 3616 1910; x_wconf 78' lang='grc' dir='ltr'><strong>τήν</strong></span> <span class='ocrx_word' id='word_1_243' title='bbox 3636 1839 3815 1893; x_wconf 77' lang='grc' dir='ltr'><strong>ἔκθεσιν</strong></span> 
     </span>
    </p>
   </div>
   <div class='ocr_carea' id='block_1_34' title="bbox 561 1923 2138 2004">
    <p class='ocr_par' dir='ltr' id='par_1_34' title="bbox 561 1926 2138 1999">
     <span class='ocr_line' id='line_1_34' title="bbox 561 1926 2138 1999; baseline -0.003 -12"><span class='ocrx_word' id='word_1_244' title='bbox 561 1941 744 1989; x_wconf 89' lang='lat' dir='ltr'><strong>autem</strong></span> <span class='ocrx_word' id='word_1_245' title='bbox 776 1933 1170 1987; x_wconf 83' lang='lat' dir='ltr'><strong>nonnullorum</strong></span> <span class='ocrx_word' id='word_1_246' title='bbox 1207 1931 1478 1987; x_wconf 75' lang='lat' dir='ltr'><strong>sententia</strong></span> <span class='ocrx_word' id='word_1_247' title='bbox 1510 1945 1636 1985; x_wconf 92' lang='lat' dir='ltr'><strong>cum</strong></span> <span class='ocrx_word' id='word_1_248' title='bbox 1674 1927 1878 1999; x_wconf 86' lang='lat' dir='ltr'><strong>aliquid</strong></span> <span class='ocrx_word' id='word_1_249' title='bbox 1906 1926 2138 1998; x_wconf 85' lang='lat' dir='ltr'><strong>amplius</strong></span> 
     </span>
    </p>
   </div>
   <div class='ocr_carea' id='block_1_35' title="bbox 2240 1923 3814 2004">
    <p class='ocr_par' dir='ltr' id='par_1_35' title="bbox 2241 1923 3814 2004">
     <span class='ocr_line' id='line_1_35' title="bbox 2241 1923 3814 2004; baseline -0.001 -20"><span class='ocrx_word' id='word_1_250' title='bbox 2241 1931 2337 1984; x_wconf 88' lang='grc' dir='ltr'><strong>τοῦ</strong></span> <span class='ocrx_word' id='word_1_251' title='bbox 2381 1931 2562 2000; x_wconf 87' lang='grc' dir='ltr'><strong>λόγου,</strong></span> <span class='ocrx_word' id='word_1_252' title='bbox 2607 1924 2670 1985; x_wconf 76' lang='grc' dir='ltr'><strong>οῦ</strong></span> <span class='ocrx_word' id='word_1_253' title='bbox 2713 1932 3004 2004; x_wconf 85' lang='grc' dir='ltr'><strong>πεποίηται</strong></span> <span class='ocrx_word' id='word_1_254' title='bbox 3061 1933 3269 2004; x_wconf 79' lang='grc' dir='ltr'><strong>Ἰουλίῳ</strong></span> <span class='ocrx_word' id='word_1_255' title='bbox 3315 1923 3722 2004; x_wconf 56' lang='grc' dir='ltr'><strong>τῷἣιαχαρίτῃ</strong></span> <span class='ocrx_word' id='word_1_256' title='bbox 3753 1930 3814 2000; x_wconf 87' lang='grc' dir='ltr'>τῷ</span> 
     </span>
    </p>
   </div>
   <div class='ocr_carea' id='block_1_36' title="bbox 564 2017 2141 2089">
    <p class='ocr_par' dir='ltr' id='par_1_36' title="bbox 564 2017 2141 2089">
     <span class='ocr_line' id='line_1_36' title="bbox 564 2017 2141 2089; baseline -0.004 -11"><span class='ocrx_word' id='word_1_257' title='bbox 564 2026 652 2080; x_wconf 85' lang='lat' dir='ltr'><strong>bis</strong></span> <span class='ocrx_word' id='word_1_258' title='bbox 688 2032 938 2081; x_wconf 87' lang='lat' dir='ltr'><strong>astruere</strong></span> <span class='ocrx_word' id='word_1_259' title='bbox 984 2024 1166 2089; x_wconf 82' lang='lat' dir='ltr'><strong>vellet,</strong></span> <span class='ocrx_word' id='word_1_260' title='bbox 1198 2023 1253 2076; x_wconf 93' lang='lat' dir='ltr'><strong>in</strong></span> <span class='ocrx_word' id='word_1_261' title='bbox 1309 2021 1534 2077; x_wconf 80' lang='lat' dir='ltr'><strong>Sabellil</strong></span> <span class='ocrx_word' id='word_1_262' title='bbox 1585 2035 1830 2076; x_wconf 90' lang='lat' dir='ltr'><strong>errorem</strong></span> <span class='ocrx_word' id='word_1_263' title='bbox 1878 2017 2141 2072; x_wconf 88' lang='lat' dir='ltr'><strong>incidisse</strong></span> 
     </span>
    </p>
   </div>
   <div class='ocr_carea' id='block_1_37' title="bbox 561 2110 2139 2184">
    <p class='ocr_par' dir='ltr' id='par_1_37' title="bbox 561 2110 2139 2184">
     <span class='ocr_line' id='line_1_37' title="bbox 561 2110 2139 2184; baseline -0.006 -13"><span class='ocrx_word' id='word_1_264' title='bbox 561 2117 714 2171; x_wconf 81' lang='lat' dir='ltr'><strong>visus</strong></span> <span class='ocrx_word' id='word_1_265' title='bbox 741 2124 846 2170; x_wconf 87' lang='lat' dir='ltr'><strong>est.</strong></span> <span class='ocrx_word' id='word_1_266' title='bbox 880 2113 956 2167; x_wconf 78' lang='lat' dir='ltr'><strong>Er</strong></span> <span class='ocrx_word' id='word_1_267' title='bbox 988 2127 1101 2184; x_wconf 87' lang='lat' dir='ltr'><strong>quo</strong></span> <span class='ocrx_word' id='word_1_268' title='bbox 1135 2112 1339 2167; x_wconf 89' lang='lat' dir='ltr'><strong>factum</strong></span> <span class='ocrx_word' id='word_1_269' title='bbox 1362 2120 1468 2178; x_wconf 88' lang='lat' dir='ltr'><strong>est,</strong></span> <span class='ocrx_word' id='word_1_270' title='bbox 1499 2119 1561 2166; x_wconf 92' lang='lat' dir='ltr'><strong>ut</strong></span> <span class='ocrx_word' id='word_1_271' title='bbox 1586 2113 1731 2166; x_wconf 90' lang='lat' dir='ltr'><strong>inter</strong></span> <span class='ocrx_word' id='word_1_272' title='bbox 1766 2111 2002 2166; x_wconf 69' lang='lat' dir='ltr'><strong>haereses</strong></span> <span class='ocrx_word' id='word_1_273' title='bbox 2036 2110 2139 2164; x_wconf 88' lang='lat' dir='ltr'><strong>ista</strong></span> 
     </span>
    </p>
   </div>
   <div class='ocr_carea' id='block_1_38' title="bbox 559 2193 2142 2276">
    <p class='ocr_par' dir='ltr' id='par_1_38' title="bbox 559 2193 2142 2276">
     <span class='ocr_line' id='line_1_38' title="bbox 559 2193 2142 2276; baseline -0.004 -16"><span class='ocrx_word' id='word_1_274' title='bbox 559 2221 780 2276; x_wconf 82' lang='lat' dir='ltr'><strong>quoque</strong></span> <span class='ocrx_word' id='word_1_275' title='bbox 820 2204 1157 2260; x_wconf 85' lang='lat' dir='ltr'><strong>recensenda</strong></span> <span class='ocrx_word' id='word_1_276' title='bbox 1201 2218 1267 2258; x_wconf 89' lang='lat' dir='ltr'><strong>ac</strong></span> <span class='ocrx_word' id='word_1_277' title='bbox 1315 2202 1650 2260; x_wconf 86' lang='lat' dir='ltr'><strong>confutanda</strong></span> <span class='ocrx_word' id='word_1_278' title='bbox 1697 2193 1928 2258; x_wconf 75' lang='lat' dir='ltr'><strong>veniret.</strong></span> <span class='ocrx_word' id='word_1_279' title='bbox 1985 2199 2142 2255; x_wconf 85' lang='lat' dir='ltr'><strong>Libet</strong></span> 
     </span>
    </p>
   </div>
   <div class='ocr_carea' id='block_1_39' title="bbox 566 2293 2143 2365">
    <p class='ocr_par' dir='ltr' id='par_1_39' title="bbox 566 2293 2143 2365">
     <span class='ocr_line' id='line_1_39' title="bbox 566 2293 2143 2365; baseline -0.006 -12"><span class='ocrx_word' id='word_1_280' title='bbox 566 2305 751 2353; x_wconf 84' lang='lat' dir='ltr'><strong>autem</strong></span> <span class='ocrx_word' id='word_1_281' title='bbox 803 2305 860 2352; x_wconf 90' lang='lat' dir='ltr'><strong>et</strong></span> <span class='ocrx_word' id='word_1_282' title='bbox 909 2298 1058 2352; x_wconf 90' lang='lat' dir='ltr'><strong>illius</strong></span> <span class='ocrx_word' id='word_1_283' title='bbox 1101 2295 1408 2351; x_wconf 88' lang='lat' dir='ltr'><strong>orationem</strong></span> <span class='ocrx_word' id='word_1_284' title='bbox 1460 2293 1754 2365; x_wconf 79' lang='lat' dir='ltr'><strong>subjicere,</strong></span> <span class='ocrx_word' id='word_1_285' title='bbox 1805 2307 1970 2363; x_wconf 92' lang='lat' dir='ltr'><strong>quam</strong></span> <span class='ocrx_word' id='word_1_286' title='bbox 2014 2307 2143 2360; x_wconf 82' lang='lat' dir='ltr'><strong>pur-</strong></span> 
     </span>
    </p>
   </div>
   <div class='ocr_carea' id='block_1_40' title="bbox 561 2381 2143 2460">
    <p class='ocr_par' dir='ltr' id='par_1_40' title="bbox 561 2381 2143 2460">
     <span class='ocr_line' id='line_1_40' title="bbox 561 2381 2143 2460; baseline -0.006 -17"><span class='ocrx_word' id='word_1_287' title='bbox 561 2388 724 2459; x_wconf 90' lang='lat' dir='ltr'><strong>gandi</strong></span> <span class='ocrx_word' id='word_1_288' title='bbox 750 2389 836 2443; x_wconf 84' lang='lat' dir='ltr'><strong>sui</strong></span> <span class='ocrx_word' id='word_1_289' title='bbox 862 2389 1037 2460; x_wconf 85' lang='lat' dir='ltr'><strong>gratia</strong></span> <span class='ocrx_word' id='word_1_290' title='bbox 1067 2387 1132 2441; x_wconf 88' lang='lat' dir='ltr'><strong>ad</strong></span> <span class='ocrx_word' id='word_1_291' title='bbox 1164 2387 1334 2440; x_wconf 70' lang='lat' dir='ltr'><strong>beatae</strong></span> <span class='ocrx_word' id='word_1_292' title='bbox 1357 2385 1633 2441; x_wconf 60' lang='lat' dir='ltr'><strong>memoria:</strong></span> <span class='ocrx_word' id='word_1_293' title='bbox 1681 2383 1887 2439; x_wconf 82' lang='lat' dir='ltr'><strong>Julium</strong></span> <span class='ocrx_word' id='word_1_294' title='bbox 1938 2381 2143 2436; x_wconf 81' lang='lat' dir='ltr'><strong>Roma-</strong></span> 
     </span>
    </p>
   </div>
   <div class='ocr_carea' id='block_1_41' title="bbox 563 2473 2146 2549">
    <p class='ocr_par' dir='ltr' id='par_1_41' title="bbox 563 2473 2146 2549">
     <span class='ocr_line' id='line_1_41' title="bbox 563 2473 2146 2549; baseline -0.005 -16"><span class='ocrx_word' id='word_1_295' title='bbox 563 2493 760 2534; x_wconf 85' lang='lat' dir='ltr'><strong>norum</strong></span> <span class='ocrx_word' id='word_1_296' title='bbox 802 2480 1120 2549; x_wconf 85' lang='lat' dir='ltr'><strong>episcopum</strong></span> <span class='ocrx_word' id='word_1_297' title='bbox 1161 2476 1408 2547; x_wconf 84' lang='lat' dir='ltr'><strong>scripsit.</strong></span> <span class='ocrx_word' id='word_1_298' title='bbox 1447 2475 1566 2541; x_wconf 85' lang='lat' dir='ltr'><strong>Qua</strong></span> <span class='ocrx_word' id='word_1_299' title='bbox 1603 2490 1670 2530; x_wconf 80' lang='lat' dir='ltr'><strong>ex</strong></span> <span class='ocrx_word' id='word_1_300' title='bbox 1707 2473 2050 2536; x_wconf 90' lang='lat' dir='ltr'><strong>defensione,</strong></span> <span class='ocrx_word' id='word_1_301' title='bbox 2088 2478 2146 2526; x_wconf 82' lang='lat' dir='ltr'><strong>et</strong></span> 
     </span>
    </p>
   </div>
   <div class='ocr_carea' id='block_1_42' title="bbox 563 2564 2142 2634">
    <p class='ocr_par' dir='ltr' id='par_1_42' title="bbox 563 2564 2142 2634">
     <span class='ocr_line' id='line_1_42' title="bbox 563 2564 2142 2634; baseline -0.004 -12"><span class='ocrx_word' id='word_1_302' title='bbox 563 2570 746 2624; x_wconf 82' lang='lat' dir='ltr'><strong>libello</strong></span> <span class='ocrx_word' id='word_1_303' title='bbox 792 2569 1056 2623; x_wconf 92' lang='lat' dir='ltr'><strong>nonnulla</strong></span> <span class='ocrx_word' id='word_1_304' title='bbox 1105 2575 1300 2622; x_wconf 87' lang='lat' dir='ltr'><strong>contra</strong></span> <span class='ocrx_word' id='word_1_305' title='bbox 1331 2567 1603 2622; x_wconf 87' lang='lat' dir='ltr'><strong>sinceram</strong></span> <span class='ocrx_word' id='word_1_306' title='bbox 1661 2565 1818 2619; x_wconf 91' lang='lat' dir='ltr'><strong>ﬁdem</strong></span> <span class='ocrx_word' id='word_1_307' title='bbox 1859 2564 2142 2634; x_wconf 88' lang='lat' dir='ltr'><strong>opinatum</strong></span> 
     </span>
    </p>
   </div>
   <div class='ocr_carea' id='block_1_43' title="bbox 559 2655 2142 2716">
    <p class='ocr_par' dir='ltr' id='par_1_43' title="bbox 559 2655 2142 2716">
     <span class='ocr_line' id='line_1_43' title="bbox 559 2655 2142 2716; baseline -0.005 -2"><span class='ocrx_word' id='word_1_308' title='bbox 559 2676 684 2715; x_wconf 86' lang='lat' dir='ltr'><strong>esse</strong></span> <span class='ocrx_word' id='word_1_309' title='bbox 727 2660 1030 2716; x_wconf 89' lang='lat' dir='ltr'><strong>constabit.</strong></span> <span class='ocrx_word' id='word_1_310' title='bbox 1099 2657 1312 2713; x_wconf 90' lang='lat' dir='ltr'><strong>Etenim</strong></span> <span class='ocrx_word' id='word_1_311' title='bbox 1369 2658 1415 2712; x_wconf 91' lang='lat' dir='ltr'><strong>si</strong></span> <span class='ocrx_word' id='word_1_312' title='bbox 1449 2655 1583 2711; x_wconf 83' lang='lat' dir='ltr'><strong>nihil</strong></span> <span class='ocrx_word' id='word_1_313' title='bbox 1631 2655 1702 2710; x_wconf 87' lang='lat' dir='ltr'><strong>ab</strong></span> <span class='ocrx_word' id='word_1_314' title='bbox 1735 2655 1824 2708; x_wconf 87' lang='lat' dir='ltr'><strong>illa</strong></span> <span class='ocrx_word' id='word_1_315' title='bbox 1864 2655 2142 2708; x_wconf 88' lang='lat' dir='ltr'><strong>diversum</strong></span> 
     </span>
    </p>
   </div>
   <div class='ocr_carea' id='block_1_44' title="bbox 2254 2019 3815 2096">
    <p class='ocr_par' dir='ltr' id='par_1_44' title="bbox 2254 2019 3815 2096">
     <span class='ocr_line' id='line_1_44' title="bbox 2254 2019 3815 2096; baseline -0.003 -20"><span class='ocrx_word' id='word_1_316' title='bbox 2254 2022 2540 2093; x_wconf 81' lang='grc' dir='ltr'><strong>Ῥωμαίων</strong></span> <span class='ocrx_word' id='word_1_317' title='bbox 2565 2023 2850 2094; x_wconf 84' lang='grc' dir='ltr'><strong>ὲπισκόπῳ</strong></span> <span class='ocrx_word' id='word_1_318' title='bbox 2880 2025 2909 2078; x_wconf 81' lang='grc' dir='ltr'><strong>ὁ</strong></span> <span class='ocrx_word' id='word_1_319' title='bbox 2932 2023 3092 2088; x_wconf 76' lang='grc' dir='ltr'><strong>αὐτὸς</strong></span> <span class='ocrx_word' id='word_1_320' title='bbox 3113 2023 3473 2096; x_wconf 84' lang='grc' dir='ltr'><strong>Μάρκελλος,</strong></span> <span class='ocrx_word' id='word_1_321' title='bbox 3510 2023 3614 2076; x_wconf 85' lang='grc' dir='ltr'><strong>ὖπε</strong></span> <span class='ocrx_word' id='word_1_322' title='bbox 3624 2019 3815 2092; x_wconf 77' lang='grc' dir='ltr'><strong>ραπολοο</strong></span> 
     </span>
    </p>
   </div>
   <div class='ocr_carea' id='block_1_45' title="bbox 2243 2113 3812 2186">
    <p class='ocr_par' dir='ltr' id='par_1_45' title="bbox 2243 2113 3812 2186">
     <span class='ocr_line' id='line_1_45' title="bbox 2243 2113 3812 2186; baseline -0.002 -19"><span class='ocrx_word' id='word_1_323' title='bbox 2243 2114 2509 2184; x_wconf 80' lang='grc' dir='ltr'><strong>γούμενος</strong></span> <span class='ocrx_word' id='word_1_324' title='bbox 2552 2114 2713 2186; x_wconf 79' lang='grc' dir='ltr'><strong>δῆθεν</strong></span> <span class='ocrx_word' id='word_1_325' title='bbox 2760 2114 2978 2169; x_wconf 80' lang='grc' dir='ltr'><strong>ἑαυτοῦ.</strong></span> <span class='ocrx_word' id='word_1_326' title='bbox 3027 2116 3122 2170; x_wconf 84' lang='grc' dir='ltr'><strong>Ἐκ</strong></span> <span class='ocrx_word' id='word_1_327' title='bbox 3165 2115 3222 2169; x_wconf 82' lang='grc' dir='ltr'><strong>δὲ</strong></span> <span class='ocrx_word' id='word_1_328' title='bbox 3253 2115 3366 2186; x_wconf 85' lang='grc' dir='ltr'><strong>τῆς</strong></span> <span class='ocrx_word' id='word_1_329' title='bbox 3418 2113 3712 2182; x_wconf 83' lang='grc' dir='ltr'><strong>ἀπολογίας</strong></span> <span class='ocrx_word' id='word_1_330' title='bbox 3737 2113 3812 2166; x_wconf 69' lang='grc' dir='ltr'><strong>καὶ</strong></span> 
     </span>
    </p>
   </div>
   <div class='ocr_carea' id='block_1_46' title="bbox 2241 2203 3814 2278">
    <p class='ocr_par' dir='ltr' id='par_1_46' title="bbox 2241 2203 3814 2278">
     <span class='ocr_line' id='line_1_46' title="bbox 2241 2203 3814 2278; baseline -0.001 -20"><span class='ocrx_word' id='word_1_331' title='bbox 2241 2203 2337 2258; x_wconf 89' lang='grc' dir='ltr'><strong>τοῦ</strong></span> <span class='ocrx_word' id='word_1_332' title='bbox 2383 2204 2628 2258; x_wconf 79' lang='grc' dir='ltr'><strong>λισέλλου</strong></span> <span class='ocrx_word' id='word_1_333' title='bbox 2657 2206 2956 2278; x_wconf 79' lang='grc' dir='ltr'><strong>φανήσεται</strong></span> <span class='ocrx_word' id='word_1_334' title='bbox 2990 2206 3154 2278; x_wconf 75' lang='grc' dir='ltr'><strong>ἕτερα</strong></span> <span class='ocrx_word' id='word_1_335' title='bbox 3197 2207 3362 2277; x_wconf 80' lang='grc' dir='ltr'><strong>παρὰ</strong></span> <span class='ocrx_word' id='word_1_336' title='bbox 3399 2205 3504 2276; x_wconf 80' lang='grc' dir='ltr'><strong>τήν</strong></span> <span class='ocrx_word' id='word_1_337' title='bbox 3539 2205 3714 2258; x_wconf 89' lang='grc' dir='ltr'><strong>πίστιν</strong></span> <span class='ocrx_word' id='word_1_338' title='bbox 3736 2203 3814 2272; x_wconf 73' lang='grc' dir='ltr'><strong>τῆς</strong></span> 
     </span>
    </p>
   </div>
   <div class='ocr_carea' id='block_1_47' title="bbox 2242 2293 3810 2369">
    <p class='ocr_par' dir='ltr' id='par_1_47' title="bbox 2242 2293 3810 2369">
     <span class='ocr_line' id='line_1_47' title="bbox 2242 2293 3810 2369; baseline -0.001 -22"><span class='ocrx_word' id='word_1_339' title='bbox 2242 2293 2498 2366; x_wconf 80' lang='grc' dir='ltr'><strong>ἀληθείας</strong></span> <span class='ocrx_word' id='word_1_340' title='bbox 2526 2295 2906 2368; x_wconf 62' lang='grc' dir='ltr'><strong>πεφρονηκιῖκ.</strong></span> <span class='ocrx_word' id='word_1_341' title='bbox 2962 2298 3024 2351; x_wconf 82' lang='lat' dir='ltr'><strong>El</strong></span> <span class='ocrx_word' id='word_1_342' title='bbox 3067 2297 3142 2369; x_wconf 78' lang='grc' dir='ltr'><strong>μὴ</strong></span> <span class='ocrx_word' id='word_1_343' title='bbox 3176 2295 3289 2367; x_wconf 79' lang='grc' dir='ltr'><strong>γὰρ</strong></span> <span class='ocrx_word' id='word_1_344' title='bbox 3320 2297 3497 2366; x_wconf 72' lang='grc' dir='ltr'><strong>ἕτερα</strong></span> <span class='ocrx_word' id='word_1_345' title='bbox 3523 2294 3810 2366; x_wconf 79' lang='grc' dir='ltr'><strong>ἐφρόνησεν,</strong></span> 
     </span>
    </p>
   </div>
   <div class='ocr_carea' id='block_1_48' title="bbox 2244 2383 3811 2460">
    <p class='ocr_par' dir='ltr' id='par_1_48' title="bbox 2244 2383 3811 2460">
     <span class='ocr_line' id='line_1_48' title="bbox 2244 2383 3811 2460; baseline 0 -24"><span class='ocrx_word' id='word_1_346' title='bbox 2244 2383 2385 2456; x_wconf 80' lang='grc' dir='ltr'><strong>ὑπὲρ</strong></span> <span class='ocrx_word' id='word_1_347' title='bbox 2418 2385 2588 2439; x_wconf 88' lang='grc' dir='ltr'><strong>ποίων</strong></span> <span class='ocrx_word' id='word_1_348' title='bbox 2623 2387 2701 2452; x_wconf 89' lang='grc' dir='ltr'><strong>είς</strong></span> <span class='ocrx_word' id='word_1_349' title='bbox 2740 2388 3035 2457; x_wconf 81' lang='grc' dir='ltr'><strong>ἀπολογίαν</strong></span> <span class='ocrx_word' id='word_1_350' title='bbox 3067 2389 3287 2460; x_wconf 82' lang='grc' dir='ltr'><strong>ήρχετο.</strong></span> <span class='ocrx_word' id='word_1_351' title='bbox 3331 2389 3386 2440; x_wconf 79' lang='grc' dir='ltr'><strong>εἰ</strong></span> <span class='ocrx_word' id='word_1_352' title='bbox 3424 2387 3506 2458; x_wconf 78' lang='grc' dir='ltr'><strong>μὴ</strong></span> <span class='ocrx_word' id='word_1_353' title='bbox 3549 2387 3654 2456; x_wconf 71' lang='grc' dir='ltr'><strong>ἄρα</strong></span> <span class='ocrx_word' id='word_1_354' title='bbox 3689 2385 3811 2452; x_wconf 81' lang='grc' dir='ltr'><strong>λόγοι</strong></span> 
     </span>
    </p>
   </div>
   <div class='ocr_carea' id='block_1_49' title="bbox 2243 2471 3806 2549">
    <p class='ocr_par' dir='ltr' id='par_1_49' title="bbox 2243 2471 3806 2549">
     <span class='ocr_line' id='line_1_49' title="bbox 2243 2471 3806 2549; baseline 0.002 -25"><span class='ocrx_word' id='word_1_355' title='bbox 2243 2471 2305 2539; x_wconf 73' lang='grc' dir='ltr'>ἐξ</span> <span class='ocrx_word' id='word_1_356' title='bbox 2333 2472 2498 2526; x_wconf 82' lang='grc' dir='ltr'><strong>αὑτοῦ</strong></span> <span class='ocrx_word' id='word_1_357' title='bbox 2533 2473 2795 2546; x_wconf 73' lang='grc' dir='ltr'><strong>ἐτέθησαν</strong></span> <span class='ocrx_word' id='word_1_358' title='bbox 2843 2477 2944 2530; x_wconf 78' lang='grc' dir='ltr'><strong>οὐκ</strong></span> <span class='ocrx_word' id='word_1_359' title='bbox 2973 2476 3144 2549; x_wconf 77' lang='grc' dir='ltr'><strong>ὀρθοὶ,</strong></span> <span class='ocrx_word' id='word_1_360' title='bbox 3188 2477 3284 2531; x_wconf 83' lang='grc' dir='ltr'><strong>καί</strong></span> <span class='ocrx_word' id='word_1_361' title='bbox 3319 2493 3482 2538; x_wconf 85' lang='grc' dir='ltr'><strong>τινας</strong></span> <span class='ocrx_word' id='word_1_362' title='bbox 3512 2475 3806 2546; x_wconf 71' lang='grc' dir='ltr'><strong>ταράξαντες</strong></span> 
     </span>
    </p>
   </div>
   <div class='ocr_carea' id='block_1_50' title="bbox 2245 2562 3807 2640">
    <p class='ocr_par' dir='ltr' id='par_1_50' title="bbox 2245 2562 3807 2640">
     <span class='ocr_line' id='line_1_50' title="bbox 2245 2562 3807 2640; baseline 0.001 -24"><span class='ocrx_word' id='word_1_363' title='bbox 2245 2563 2326 2626; x_wconf 78' lang='grc' dir='ltr'><strong>εἰς</strong></span> <span class='ocrx_word' id='word_1_364' title='bbox 2340 2562 2541 2635; x_wconf 84' lang='grc' dir='ltr'><strong>ταύτην</strong></span> <span class='ocrx_word' id='word_1_365' title='bbox 2558 2567 2868 2637; x_wconf 81' lang='grc' dir='ltr'><strong>κατήγαγον</strong></span> <span class='ocrx_word' id='word_1_366' title='bbox 2883 2568 2984 2640; x_wconf 82' lang='grc' dir='ltr'><strong>τὴν</strong></span> <span class='ocrx_word' id='word_1_367' title='bbox 3009 2567 3344 2637; x_wconf 85' lang='grc' dir='ltr'><strong>ἀπολογίαν;</strong></span> <span class='ocrx_word' id='word_1_368' title='bbox 3375 2567 3576 2621; x_wconf 82' lang='grc' dir='ltr'><strong>Τοίνυν</strong></span> <span class='ocrx_word' id='word_1_369' title='bbox 3598 2565 3656 2620; x_wconf 81' lang='grc' dir='ltr'><strong>τὸ</strong></span> <span class='ocrx_word' id='word_1_370' title='bbox 3684 2565 3807 2620; x_wconf 84' lang='grc' dir='ltr'><strong>ἀντί-</strong></span> 
     </span>
    </p>
   </div>
   <div class='ocr_carea' id='block_1_51' title="bbox 2247 2652 2833 2722">
    <p class='ocr_par' dir='ltr' id='par_1_51' title="bbox 2247 2652 2833 2722">
     <span class='ocr_line' id='line_1_51' title="bbox 2247 2652 2833 2722; baseline 0.007 -18"><span class='ocrx_word' id='word_1_371' title='bbox 2247 2652 2458 2722; x_wconf 75' lang='grc' dir='ltr'><strong>γραφόν</strong></span> <span class='ocrx_word' id='word_1_372' title='bbox 2485 2653 2602 2706; x_wconf 78' lang='grc' dir='ltr'><strong>ἐστι</strong></span> <span class='ocrx_word' id='word_1_373' title='bbox 2629 2653 2785 2708; x_wconf 89' lang='grc' dir='ltr'><strong>τοῦτο</strong></span> <span class='ocrx_word' id='word_1_374' title='bbox 2819 2673 2833 2687; x_wconf 88' lang='grc'>·</span> 
     </span>
    </p>
   </div>
   <div class='ocr_carea' id='block_1_52' title="bbox 565 2745 3803 2821">
    <p class='ocr_par' dir='ltr' id='par_1_52' title="bbox 565 2745 3803 2821">
     <span class='ocr_line' id='line_1_52' title="bbox 565 2745 3803 2821; baseline -0.002 -16"><span class='ocrx_word' id='word_1_375' title='bbox 565 2751 838 2807; x_wconf 84' lang='lat' dir='ltr'><strong>sensisset</strong></span> <span class='ocrx_word' id='word_1_376' title='bbox 900 2764 1167 2821; x_wconf 86' lang='lat' dir='ltr'><strong>unquam,</strong></span> <span class='ocrx_word' id='word_1_377' title='bbox 1191 2749 1481 2820; x_wconf 74' lang='lat' dir='ltr'><strong>cuiusnam</strong></span> <span class='ocrx_word' id='word_1_378' title='bbox 1517 2749 1598 2802; x_wconf 87' lang='lat' dir='ltr'><strong>rei</strong></span> <span class='ocrx_word' id='word_1_379' title='bbox 1630 2747 1828 2819; x_wconf 84' lang='lat' dir='ltr'><strong>gratia,</strong></span> <span class='ocrx_word' id='word_1_380' title='bbox 1861 2747 2005 2801; x_wconf 74' lang='lat' dir='ltr'><strong>lianc</strong></span> <span class='ocrx_word' id='word_1_381' title='bbox 2066 2745 2214 2800; x_wconf 85' lang='lat' dir='ltr'><strong>illam</strong></span> <span class='ocrx_word' id='word_1_382' title='bbox 2255 2745 2340 2800; x_wconf 78' lang='lat' dir='ltr'><strong>sui</strong></span> <span class='ocrx_word' id='word_1_383' title='bbox 2392 2747 2770 2816; x_wconf 77' lang='lat' dir='ltr'><strong>purgationem</strong></span> <span class='ocrx_word' id='word_1_384' title='bbox 2815 2748 3164 2816; x_wconf 77' lang='lat' dir='ltr'><strong>institueret;</strong></span> <span class='ocrx_word' id='word_1_385' title='bbox 3203 2750 3311 2806; x_wconf 89' lang='lat' dir='ltr'><strong>nisi</strong></span> <span class='ocrx_word' id='word_1_386' title='bbox 3355 2751 3609 2821; x_wconf 66' lang='lat' dir='ltr'><strong>quredam</strong></span> <span class='ocrx_word' id='word_1_387' title='bbox 3639 2748 3701 2803; x_wconf 92' lang='lat' dir='ltr'><strong>ab</strong></span> <span class='ocrx_word' id='word_1_388' title='bbox 3731 2745 3803 2800; x_wconf 86' lang='lat' dir='ltr'><strong>illo</strong></span> 
     </span>
    </p>
   </div>
   <div class='ocr_carea' id='block_1_53' title="bbox 563 2831 3800 2915">
    <p class='ocr_par' dir='ltr' id='par_1_53' title="bbox 563 2831 3800 2915">
     <span class='ocr_line' id='line_1_53' title="bbox 563 2831 3800 2915; baseline -0.001 -18"><span class='ocrx_word' id='word_1_389' title='bbox 563 2857 759 2915; x_wconf 88' lang='lat' dir='ltr'><strong>parum</strong></span> <span class='ocrx_word' id='word_1_390' title='bbox 809 2857 883 2896; x_wconf 67' lang='lat' dir='ltr'><strong>rei</strong></span> <span class='ocrx_word' id='word_1_391' title='bbox 900 2849 955 2896; x_wconf 91' lang='lat' dir='ltr'><strong>te</strong></span> <span class='ocrx_word' id='word_1_392' title='bbox 1001 2841 1179 2911; x_wconf 85' lang='lat' dir='ltr'><strong>posita</strong></span> <span class='ocrx_word' id='word_1_393' title='bbox 1230 2855 1295 2896; x_wconf 90' lang='lat' dir='ltr'><strong>ac</strong></span> <span class='ocrx_word' id='word_1_394' title='bbox 1347 2831 1698 2909; x_wconf 78' lang='lat' dir='ltr'><strong>pronuntiata</strong></span> <span class='ocrx_word' id='word_1_395' title='bbox 1747 2837 1962 2902; x_wconf 91' lang='lat' dir='ltr'><strong>forent,</strong></span> <span class='ocrx_word' id='word_1_396' title='bbox 2014 2851 2137 2906; x_wconf 70' lang='lat' dir='ltr'><strong>qua:</strong></span> <span class='ocrx_word' id='word_1_397' title='bbox 2202 2849 2330 2890; x_wconf 90' lang='lat' dir='ltr'><strong>cum</strong></span> <span class='ocrx_word' id='word_1_398' title='bbox 2377 2837 2591 2905; x_wconf 84' lang='lat' dir='ltr'><strong>aliquos</strong></span> <span class='ocrx_word' id='word_1_399' title='bbox 2638 2839 3075 2907; x_wconf 87' lang='lat' dir='ltr'><strong>perturbassent,</strong></span> <span class='ocrx_word' id='word_1_400' title='bbox 3141 2839 3484 2897; x_wconf 76' lang='lat' dir='ltr'><strong>defendendi</strong></span> <span class='ocrx_word' id='word_1_401' title='bbox 3533 2840 3617 2898; x_wconf 88' lang='lat' dir='ltr'><strong>sui</strong></span> <span class='ocrx_word' id='word_1_402' title='bbox 3666 2847 3800 2907; x_wconf 81' lang='lat' dir='ltr'><strong>atque</strong></span> 
     </span>
    </p>
   </div>
   <div class='ocr_carea' id='block_1_54' title="bbox 542 2925 2898 2999">
    <p class='ocr_par' dir='ltr' id='par_1_54' title="bbox 542 2925 2898 2999">
     <span class='ocr_line' id='line_1_54' title="bbox 542 2925 2898 2999; baseline -0.003 -9"><span class='ocrx_word' id='word_1_403' title='bbox 542 2933 860 2991; x_wconf 77' lang='lat' dir='ltr'><strong>excusandi</strong></span> <span class='ocrx_word' id='word_1_404' title='bbox 901 2931 1280 2986; x_wconf 83' lang='lat' dir='ltr'><strong>necessitatem</strong></span> <span class='ocrx_word' id='word_1_405' title='bbox 1313 2929 1642 2986; x_wconf 83' lang='lat' dir='ltr'><strong>attulerint?</strong></span> <span class='ocrx_word' id='word_1_406' title='bbox 1673 2928 1992 2999; x_wconf 80' lang='lat' dir='ltr'><strong>Exemplum</strong></span> <span class='ocrx_word' id='word_1_407' title='bbox 2029 2927 2196 2999; x_wconf 82' lang='lat' dir='ltr'><strong>igitur</strong></span> <span class='ocrx_word' id='word_1_408' title='bbox 2223 2925 2470 2997; x_wconf 73' lang='lat' dir='ltr'><strong>epistola:</strong></span> <span class='ocrx_word' id='word_1_409' title='bbox 2491 2926 2572 2983; x_wconf 90' lang='lat' dir='ltr'><strong>sic</strong></span> <span class='ocrx_word' id='word_1_410' title='bbox 2601 2942 2661 2983; x_wconf 90' lang='lat' dir='ltr'><strong>se</strong></span> <span class='ocrx_word' id='word_1_411' title='bbox 2693 2927 2858 2984; x_wconf 88' lang='lat' dir='ltr'><strong>habet</strong></span> <span class='ocrx_word' id='word_1_412' title='bbox 2883 2944 2898 2982; x_wconf 89' lang='lat'><strong>:</strong></span> 
     </span>
    </p>
   </div>
   <div class='ocr_carea' id='block_1_55' title="bbox 565 3041 2140 3114">
    <p class='ocr_par' dir='ltr' id='par_1_55' title="bbox 565 3041 2140 3114">
     <span class='ocr_line' id='line_1_55' title="bbox 565 3041 2140 3114; baseline -0.003 -15"><span class='ocrx_word' id='word_1_413' title='bbox 565 3042 880 3112; x_wconf 67' lang='lat' dir='ltr'><strong>Exemplum</strong></span> <span class='ocrx_word' id='word_1_414' title='bbox 927 3043 1165 3114; x_wconf 71' lang='lat' dir='ltr'><strong>epistola:</strong></span> <span class='ocrx_word' id='word_1_415' title='bbox 1187 3042 1450 3114; x_wconf 69' lang='lat' dir='ltr'><strong>Marcelli,</strong></span> <span class='ocrx_word' id='word_1_416' title='bbox 1478 3059 1630 3113; x_wconf 85' lang='lat' dir='ltr'><strong>quem</strong></span> <span class='ocrx_word' id='word_1_417' title='bbox 1654 3042 1716 3098; x_wconf 82' lang='lat' dir='ltr'><strong>ob</strong></span> <span class='ocrx_word' id='word_1_418' title='bbox 1745 3041 1986 3097; x_wconf 75' lang='lat' dir='ltr'><strong>hwresim</strong></span> <span class='ocrx_word' id='word_1_419' title='bbox 2015 3058 2140 3111; x_wconf 77' lang='lat' dir='ltr'><strong>syn-</strong></span> 
     </span>
    </p>
   </div>
   <div class='ocr_carea' id='block_1_56' title="bbox 1147 3113 1574 3183">
    <p class='ocr_par' dir='ltr' id='par_1_56' title="bbox 1147 3113 1574 3183">
     <span class='ocr_line' id='line_1_56' title="bbox 1147 3113 1574 3183; baseline 0.002 -16"><span class='ocrx_word' id='word_1_420' title='bbox 1147 3113 1280 3168; x_wconf 71' lang='lat' dir='ltr'><strong>odus</strong></span> <span class='ocrx_word' id='word_1_421' title='bbox 1310 3115 1574 3183; x_wconf 73' lang='lat' dir='ltr'><strong>deposuit.</strong></span> 
     </span>
    </p>
   </div>
   <div class='ocr_carea' id='block_1_57' title="bbox 2331 3039 3745 3130">
    <p class='ocr_par' dir='ltr' id='par_1_57' title="bbox 2331 3039 3745 3130">
     <span class='ocr_line' id='line_1_57' title="bbox 2331 3039 3745 3130; baseline 0 0"><span class='ocrx_word' id='word_1_422' title='bbox 2331 3039 3078 3130; x_wconf 50' lang='grc' dir='ltr'><strong>ἎἭῃοξεξρνβξίςτῖελῆς</strong></span> <span class='ocrx_word' id='word_1_423' title='bbox 3103 3042 3214 3130; x_wconf 67' lang='grc'><strong>(³⁵)</strong></span> <span class='ocrx_word' id='word_1_424' title='bbox 3253 3043 3653 3130; x_wconf 45' lang='lat' dir='ltr'><strong>clave-LW,</strong></span> <span class='ocrx_word' id='word_1_425' title='bbox 3685 3041 3745 3096; x_wconf 75' lang='grc' dir='ltr'><strong>δν</strong></span> 
     </span>
    </p>
   </div>
   <div class='ocr_carea' id='block_1_58' title="bbox 2398 3111 3654 3183">
    <p class='ocr_par' dir='ltr' id='par_1_58' title="bbox 2398 3111 3654 3183">
     <span class='ocr_line' id='line_1_58' title="bbox 2398 3111 3654 3183; baseline 0.002 -20"><span class='ocrx_word' id='word_1_426' title='bbox 2398 3111 2672 3164; x_wconf 76' lang='grc' dir='ltr'><strong>καθεῖλεν</strong></span> <span class='ocrx_word' id='word_1_427' title='bbox 2699 3112 2738 3179; x_wconf 82' lang='grc' dir='ltr'><strong><em>ἠ</em></strong></span> <span class='ocrx_word' id='word_1_428' title='bbox 2765 3111 3026 3179; x_wconf 82' lang='grc' dir='ltr'><strong>σύνοδος</strong></span> <span class='ocrx_word' id='word_1_429' title='bbox 3050 3111 3226 3182; x_wconf 81' lang='grc' dir='ltr'><strong>χάριν</strong></span> <span class='ocrx_word' id='word_1_430' title='bbox 3251 3111 3654 3183; x_wconf 62' lang='grc' dir='ltr'><strong>ἑτεροδοξίας.</strong></span> 
     </span>
    </p>
   </div>
   <div class='ocr_carea' id='block_1_59' title="bbox 635 3201 2138 3298">
    <p class='ocr_par' dir='ltr' id='par_1_59' title="bbox 635 3223 2138 3298">
     <span class='ocr_line' id='line_1_59' title="bbox 635 3223 2138 3298; baseline 0.001 -20"><span class='ocrx_word' id='word_1_431' title='bbox 635 3223 702 3281; x_wconf 91' lang='lat' dir='ltr'><strong>ll.</strong></span> <span class='ocrx_word' id='word_1_432' title='bbox 742 3223 1074 3282; x_wconf 85' lang='lat' dir='ltr'><strong>Beatissimo</strong></span> <span class='ocrx_word' id='word_1_433' title='bbox 1097 3226 1318 3298; x_wconf 63' lang='lat' dir='ltr'><strong>collegae</strong></span> <span class='ocrx_word' id='word_1_434' title='bbox 1344 3225 1488 3282; x_wconf 81' lang='lat' dir='ltr'><strong>Julio</strong></span> <span class='ocrx_word' id='word_1_435' title='bbox 1522 3225 1810 3281; x_wconf 78' lang='lat' dir='ltr'><strong>Marcellus</strong></span> <span class='ocrx_word' id='word_1_436' title='bbox 1844 3224 1898 3279; x_wconf 90' lang='lat' dir='ltr'><strong>in</strong></span> <span class='ocrx_word' id='word_1_437' title='bbox 1923 3223 2138 3279; x_wconf 84' lang='lat' dir='ltr'><strong>Christo</strong></span> 
     </span>
    </p>
   </div>
   <div class='ocr_carea' id='block_1_60' title="bbox 2240 3201 3794 3298">
    <p class='ocr_par' dir='ltr' id='par_1_60' title="bbox 2314 3219 3794 3298">
     <span class='ocr_line' id='line_1_60' title="bbox 2314 3219 3794 3298; baseline 0 -24"><span class='ocrx_word' id='word_1_438' title='bbox 2314 3219 2391 3276; x_wconf 82' lang='lat' dir='ltr'><strong>B’.</strong></span> <span class='ocrx_word' id='word_1_439' title='bbox 2407 3221 2499 3293; x_wconf 82' lang='grc' dir='ltr'><strong>Τῷ</strong></span> <span class='ocrx_word' id='word_1_440' title='bbox 2517 3222 2921 3295; x_wconf 81' lang='grc' dir='ltr'><strong>μακαριωτάτῳ</strong></span> <span class='ocrx_word' id='word_1_441' title='bbox 2943 3224 3216 3278; x_wconf 85' lang='grc' dir='ltr'><strong>συλλειτου</strong></span> <span class='ocrx_word' id='word_1_442' title='bbox 3224 3225 3342 3298; x_wconf 86' lang='grc' dir='ltr'><strong>ργῷ</strong></span> <span class='ocrx_word' id='word_1_443' title='bbox 3361 3225 3568 3296; x_wconf 84' lang='grc' dir='ltr'><strong>Ἰουλίῳ</strong></span> <span class='ocrx_word' id='word_1_444' title='bbox 3587 3220 3794 3292; x_wconf 77' lang='grc' dir='ltr'><strong>Μάρκελ-</strong></span> 
     </span>
    </p>
   </div>
   <div class='ocr_carea' id='block_1_61' title="bbox 564 3315 2140 3388">
    <p class='ocr_par' dir='ltr' id='par_1_61' title="bbox 564 3315 2140 3388">
     <span class='ocr_line' id='line_1_61' title="bbox 564 3315 2140 3388; baseline -0.002 -16"><span class='ocrx_word' id='word_1_445' title='bbox 564 3315 821 3372; x_wconf 79' lang='lat' dir='ltr'><strong>salutem.</strong></span> <span class='ocrx_word' id='word_1_446' title='bbox 879 3317 1015 3370; x_wconf 86' lang='lat' dir='ltr'><strong>Cum</strong></span> <span class='ocrx_word' id='word_1_447' title='bbox 1070 3317 1318 3372; x_wconf 89' lang='lat' dir='ltr'><strong>nonnulli</strong></span> <span class='ocrx_word' id='word_1_448' title='bbox 1371 3332 1437 3373; x_wconf 78' lang='lat' dir='ltr'><strong>ex</strong></span> <span class='ocrx_word' id='word_1_449' title='bbox 1492 3317 1560 3373; x_wconf 89' lang='lat' dir='ltr'><strong>iis</strong></span> <span class='ocrx_word' id='word_1_450' title='bbox 1597 3315 1723 3388; x_wconf 85' lang='lat' dir='ltr'><strong>qui,</strong></span> <span class='ocrx_word' id='word_1_451' title='bbox 1772 3315 1916 3388; x_wconf 90' lang='lat' dir='ltr'><strong>quod</strong></span> <span class='ocrx_word' id='word_1_452' title='bbox 1947 3330 2140 3386; x_wconf 89' lang='lat' dir='ltr'><strong>parum</strong></span> 
     </span>
    </p>
   </div>
   <div class='ocr_carea' id='block_1_62' title="bbox 566 3407 2134 3478">
    <p class='ocr_par' dir='ltr' id='par_1_62' title="bbox 566 3407 2134 3478">
     <span class='ocr_line' id='line_1_62' title="bbox 566 3407 2134 3478; baseline -0.002 -16"><span class='ocrx_word' id='word_1_453' title='bbox 566 3407 776 3478; x_wconf 84' lang='lat' dir='ltr'><strong>integre</strong></span> <span class='ocrx_word' id='word_1_454' title='bbox 799 3407 868 3462; x_wconf 88' lang='lat' dir='ltr'><strong>de</strong></span> <span class='ocrx_word' id='word_1_455' title='bbox 913 3409 1018 3462; x_wconf 85' lang='lat' dir='ltr'><strong>ﬁde</strong></span> <span class='ocrx_word' id='word_1_456' title='bbox 1067 3408 1358 3475; x_wconf 89' lang='lat' dir='ltr'><strong>sentirent,</strong></span> <span class='ocrx_word' id='word_1_457' title='bbox 1409 3417 1569 3464; x_wconf 88' lang='lat' dir='ltr'><strong>antea</strong></span> <span class='ocrx_word' id='word_1_458' title='bbox 1595 3407 1949 3463; x_wconf 87' lang='lat' dir='ltr'><strong>condemnati</strong></span> <span class='ocrx_word' id='word_1_459' title='bbox 1981 3415 2134 3473; x_wconf 86' lang='lat' dir='ltr'><strong>sunt,</strong></span> 
     </span>
    </p>
   </div>
   <div class='ocr_carea' id='block_1_63' title="bbox 562 3496 2141 3569">
    <p class='ocr_par' dir='ltr' id='par_1_63' title="bbox 562 3496 2141 3569">
     <span class='ocr_line' id='line_1_63' title="bbox 562 3496 2141 3569; baseline -0.001 -19"><span class='ocrx_word' id='word_1_460' title='bbox 562 3496 770 3567; x_wconf 80' lang='lat' dir='ltr'><strong>quique</strong></span> <span class='ocrx_word' id='word_1_461' title='bbox 798 3512 829 3550; x_wconf 92' lang='lat' dir='ltr'><strong>a</strong></span> <span class='ocrx_word' id='word_1_462' title='bbox 854 3512 940 3552; x_wconf 88' lang='lat' dir='ltr'><strong>me</strong></span> <span class='ocrx_word' id='word_1_463' title='bbox 965 3498 1018 3552; x_wconf 91' lang='lat' dir='ltr'><strong>in</strong></span> <span class='ocrx_word' id='word_1_464' title='bbox 1050 3496 1268 3553; x_wconf 69' lang='lat' dir='ltr'><strong>Nieazna</strong></span> <span class='ocrx_word' id='word_1_465' title='bbox 1305 3497 1516 3569; x_wconf 84' lang='lat' dir='ltr'><strong>synodo</strong></span> <span class='ocrx_word' id='word_1_466' title='bbox 1544 3498 1778 3552; x_wconf 78' lang='lat' dir='ltr'><strong>convicti</strong></span> <span class='ocrx_word' id='word_1_467' title='bbox 1823 3505 1971 3559; x_wconf 89' lang='lat' dir='ltr'><strong>sunt,</strong></span> <span class='ocrx_word' id='word_1_468' title='bbox 2010 3509 2141 3550; x_wconf 85' lang='lat' dir='ltr'><strong>eon-</strong></span> 
     </span>
    </p>
   </div>
   <div class='ocr_carea' id='block_1_64' title="bbox 562 3586 2138 3658">
    <p class='ocr_par' dir='ltr' id='par_1_64' title="bbox 562 3586 2138 3658">
     <span class='ocr_line' id='line_1_64' title="bbox 562 3586 2138 3658; baseline -0.001 -17"><span class='ocrx_word' id='word_1_469' title='bbox 562 3595 650 3642; x_wconf 88' lang='lat' dir='ltr'><strong>tra</strong></span> <span class='ocrx_word' id='word_1_470' title='bbox 683 3603 770 3643; x_wconf 93' lang='lat' dir='ltr'><strong>me</strong></span> <span class='ocrx_word' id='word_1_471' title='bbox 800 3587 867 3642; x_wconf 86' lang='lat' dir='ltr'><strong>ad</strong></span> <span class='ocrx_word' id='word_1_472' title='bbox 904 3589 1155 3658; x_wconf 89' lang='lat' dir='ltr'><strong>pietatem</strong></span> <span class='ocrx_word' id='word_1_473' title='bbox 1177 3597 1325 3643; x_wconf 90' lang='lat' dir='ltr'><strong>tuam</strong></span> <span class='ocrx_word' id='word_1_474' title='bbox 1357 3589 1597 3643; x_wconf 89' lang='lat' dir='ltr'><strong>scribere</strong></span> <span class='ocrx_word' id='word_1_475' title='bbox 1618 3603 1728 3644; x_wconf 91' lang='lat' dir='ltr'><strong>non</strong></span> <span class='ocrx_word' id='word_1_476' title='bbox 1750 3586 2138 3652; x_wconf 82' lang='lat' dir='ltr'><strong>dubitaverint,</strong></span> 
     </span>
    </p>
   </div>
   <div class='ocr_carea' id='block_1_65' title="bbox 562 3676 2136 3745">
    <p class='ocr_par' dir='ltr' id='par_1_65' title="bbox 562 3676 2136 3745">
     <span class='ocr_line' id='line_1_65' title="bbox 562 3676 2136 3745; baseline 0 -13"><span class='ocrx_word' id='word_1_477' title='bbox 562 3693 652 3734; x_wconf 88' lang='lat' dir='ltr'><strong>me</strong></span> <span class='ocrx_word' id='word_1_478' title='bbox 684 3693 785 3733; x_wconf 89' lang='lat' dir='ltr'><strong>nec</strong></span> <span class='ocrx_word' id='word_1_479' title='bbox 813 3691 979 3745; x_wconf 80' lang='lat' dir='ltr'><strong>recte,</strong></span> <span class='ocrx_word' id='word_1_480' title='bbox 1024 3693 1124 3732; x_wconf 90' lang='lat' dir='ltr'><strong>nec</strong></span> <span class='ocrx_word' id='word_1_481' title='bbox 1152 3693 1278 3734; x_wconf 90' lang='lat' dir='ltr'><strong>cum</strong></span> <span class='ocrx_word' id='word_1_482' title='bbox 1315 3676 1572 3733; x_wconf 70' lang='lat' dir='ltr'><strong>Ecclesiae</strong></span> <span class='ocrx_word' id='word_1_483' title='bbox 1619 3678 1869 3733; x_wconf 87' lang='lat' dir='ltr'><strong>doctrina</strong></span> <span class='ocrx_word' id='word_1_484' title='bbox 1898 3691 2136 3732; x_wconf 87' lang='lat' dir='ltr'><strong>consen-</strong></span> 
     </span>
    </p>
   </div>
   <div class='ocr_carea' id='block_1_66' title="bbox 565 3767 2140 3834">
    <p class='ocr_par' dir='ltr' id='par_1_66' title="bbox 565 3767 2140 3834">
     <span class='ocr_line' id='line_1_66' title="bbox 565 3767 2140 3834; baseline 0 -10"><span class='ocrx_word' id='word_1_485' title='bbox 565 3779 724 3824; x_wconf 90' lang='lat' dir='ltr'><strong>tanee</strong></span> <span class='ocrx_word' id='word_1_486' title='bbox 754 3768 824 3824; x_wconf 90' lang='lat' dir='ltr'><strong>de</strong></span> <span class='ocrx_word' id='word_1_487' title='bbox 871 3767 976 3823; x_wconf 89' lang='lat' dir='ltr'><strong>ﬁde</strong></span> <span class='ocrx_word' id='word_1_488' title='bbox 1020 3776 1282 3834; x_wconf 86' lang='lat' dir='ltr'><strong>statuere,</strong></span> <span class='ocrx_word' id='word_1_489' title='bbox 1337 3770 1418 3824; x_wconf 90' lang='lat' dir='ltr'><strong>uti</strong></span> <span class='ocrx_word' id='word_1_490' title='bbox 1473 3771 1682 3826; x_wconf 88' lang='lat' dir='ltr'><strong>crimen</strong></span> <span class='ocrx_word' id='word_1_491' title='bbox 1739 3784 1899 3824; x_wconf 86' lang='lat' dir='ltr'><strong>suum</strong></span> <span class='ocrx_word' id='word_1_492' title='bbox 1952 3768 2008 3823; x_wconf 90' lang='lat' dir='ltr'><strong>in</strong></span> <span class='ocrx_word' id='word_1_493' title='bbox 2051 3783 2140 3824; x_wconf 91' lang='lat' dir='ltr'><strong>me</strong></span> 
     </span>
    </p>
   </div>
   <div class='ocr_carea' id='block_1_67' title="bbox 565 3855 2139 3928">
    <p class='ocr_par' dir='ltr' id='par_1_67' title="bbox 565 3855 2139 3928">
     <span class='ocr_line' id='line_1_67' title="bbox 565 3855 2139 3928; baseline 0.003 -19"><span class='ocrx_word' id='word_1_494' title='bbox 565 3855 968 3910; x_wconf 79' lang='lat' dir='ltr'><strong>transferrent:</strong></span> <span class='ocrx_word' id='word_1_495' title='bbox 994 3863 1282 3926; x_wconf 85' lang='lat' dir='ltr'><strong>propterea</strong></span> <span class='ocrx_word' id='word_1_496' title='bbox 1335 3858 1651 3914; x_wconf 86' lang='lat' dir='ltr'><strong>necessario</strong></span> <span class='ocrx_word' id='word_1_497' title='bbox 1695 3855 1925 3912; x_wconf 79' lang='lat' dir='ltr'><strong>Romam</strong></span> <span class='ocrx_word' id='word_1_498' title='bbox 1974 3855 2139 3928; x_wconf 72' lang='lat'><strong>835</strong></span> 
     </span>
    </p>
   </div>
   <div class='ocr_carea' id='block_1_68' title="bbox 565 3945 2138 4020">
    <p class='ocr_par' dir='ltr' id='par_1_68' title="bbox 565 3945 2138 4020">
     <span class='ocr_line' id='line_1_68' title="bbox 565 3945 2138 4020; baseline 0.003 -21"><span class='ocrx_word' id='word_1_499' title='bbox 565 3945 702 4000; x_wconf 87' lang='lat' dir='ltr'><strong>mihi</strong></span> <span class='ocrx_word' id='word_1_500' title='bbox 751 3945 1077 4000; x_wconf 88' lang='lat' dir='ltr'><strong>veniendum</strong></span> <span class='ocrx_word' id='word_1_501' title='bbox 1120 3953 1177 4002; x_wconf 86' lang='lat' dir='ltr'><strong>et</strong></span> <span class='ocrx_word' id='word_1_502' title='bbox 1215 3954 1270 4002; x_wconf 89' lang='lat' dir='ltr'><strong>te</strong></span> <span class='ocrx_word' id='word_1_503' title='bbox 1316 3948 1773 4004; x_wconf 89' lang='lat' dir='ltr'><strong>commonendum</strong></span> <span class='ocrx_word' id='word_1_504' title='bbox 1813 3948 2030 4020; x_wconf 88' lang='lat' dir='ltr'><strong>putavi,</strong></span> <span class='ocrx_word' id='word_1_505' title='bbox 2077 3957 2138 4003; x_wconf 91' lang='lat' dir='ltr'><strong>ut</strong></span> 
     </span>
    </p>
   </div>
   <div class='ocr_carea' id='block_1_69' title="bbox 563 4037 2136 4109">
    <p class='ocr_par' dir='ltr' id='par_1_69' title="bbox 563 4037 2136 4109">
     <span class='ocr_line' id='line_1_69' title="bbox 563 4037 2136 4109; baseline 0.002 -17"><span class='ocrx_word' id='word_1_506' title='bbox 563 4051 662 4092; x_wconf 89' lang='lat' dir='ltr'><strong>eos</strong></span> <span class='ocrx_word' id='word_1_507' title='bbox 695 4037 789 4106; x_wconf 91' lang='lat' dir='ltr'><strong>qui</strong></span> <span class='ocrx_word' id='word_1_508' title='bbox 827 4045 1019 4092; x_wconf 90' lang='lat' dir='ltr'><strong>contra</strong></span> <span class='ocrx_word' id='word_1_509' title='bbox 1051 4053 1138 4093; x_wconf 92' lang='lat' dir='ltr'><strong>me</strong></span> <span class='ocrx_word' id='word_1_510' title='bbox 1164 4038 1508 4109; x_wconf 87' lang='lat' dir='ltr'><strong>scripserunt</strong></span> <span class='ocrx_word' id='word_1_511' title='bbox 1538 4054 1870 4104; x_wconf 86' lang='lat' dir='ltr'><strong>arcesseres,</strong></span> <span class='ocrx_word' id='word_1_512' title='bbox 1908 4049 1969 4095; x_wconf 88' lang='lat' dir='ltr'><strong>ut</strong></span> <span class='ocrx_word' id='word_1_513' title='bbox 2010 4055 2136 4095; x_wconf 90' lang='lat' dir='ltr'><strong>cum</strong></span> 
     </span>
    </p>
   </div>
   <div class='ocr_carea' id='block_1_70' title="bbox 567 4123 2134 4192">
    <p class='ocr_par' dir='ltr' id='par_1_70' title="bbox 567 4123 2134 4192">
     <span class='ocr_line' id='line_1_70' title="bbox 567 4123 2134 4192; baseline 0.002 -15"><span class='ocrx_word' id='word_1_514' title='bbox 567 4123 945 4192; x_wconf 87' lang='lat' dir='ltr'><strong>advenissent,</strong></span> <span class='ocrx_word' id='word_1_515' title='bbox 973 4125 1042 4182; x_wconf 92' lang='lat' dir='ltr'><strong>de</strong></span> <span class='ocrx_word' id='word_1_516' title='bbox 1067 4126 1284 4184; x_wconf 87' lang='lat' dir='ltr'><strong>duobus</strong></span> <span class='ocrx_word' id='word_1_517' title='bbox 1321 4128 1429 4184; x_wconf 89' lang='lat' dir='ltr'><strong>illis</strong></span> <span class='ocrx_word' id='word_1_518' title='bbox 1458 4144 1489 4184; x_wconf 88' lang='lat' dir='ltr'><strong>a</strong></span> <span class='ocrx_word' id='word_1_519' title='bbox 1524 4143 1612 4185; x_wconf 90' lang='lat' dir='ltr'><strong>me</strong></span> <span class='ocrx_word' id='word_1_520' title='bbox 1657 4129 2134 4192; x_wconf 84' lang='lat' dir='ltr'><strong>convincerentur,</strong></span> 
     </span>
    </p>
   </div>
   <div class='ocr_carea' id='block_1_71' title="bbox 565 4215 2133 4290">
    <p class='ocr_par' dir='ltr' id='par_1_71' title="bbox 565 4215 2133 4290">
     <span class='ocr_line' id='line_1_71' title="bbox 565 4215 2133 4290; baseline 0.003 -22"><span class='ocrx_word' id='word_1_521' title='bbox 565 4229 692 4269; x_wconf 90' lang='lat' dir='ltr'><strong>cum</strong></span> <span class='ocrx_word' id='word_1_522' title='bbox 749 4215 839 4271; x_wconf 89' lang='lat' dir='ltr'><strong>illa</strong></span> <span class='ocrx_word' id='word_1_523' title='bbox 893 4216 1011 4287; x_wconf 90' lang='lat' dir='ltr'><strong>ipsa</strong></span> <span class='ocrx_word' id='word_1_524' title='bbox 1064 4217 1202 4273; x_wconf 88' lang='lat' dir='ltr'><strong>falsa</strong></span> <span class='ocrx_word' id='word_1_525' title='bbox 1246 4233 1390 4283; x_wconf 88' lang='lat' dir='ltr'><strong>esse,</strong></span> <span class='ocrx_word' id='word_1_526' title='bbox 1419 4235 1542 4290; x_wconf 68' lang='lat' dir='ltr'><strong>quae</strong></span> <span class='ocrx_word' id='word_1_527' title='bbox 1572 4220 1626 4274; x_wconf 91' lang='lat' dir='ltr'><strong>in</strong></span> <span class='ocrx_word' id='word_1_528' title='bbox 1655 4235 1742 4275; x_wconf 89' lang='lat' dir='ltr'><strong>me</strong></span> <span class='ocrx_word' id='word_1_529' title='bbox 1774 4221 2133 4290; x_wconf 89' lang='lat' dir='ltr'><strong>scripserunt,</strong></span> 
     </span>
    </p>
   </div>
   <div class='ocr_carea' id='block_1_72' title="bbox 565 4309 2137 4383">
    <p class='ocr_par' dir='ltr' id='par_1_72' title="bbox 565 4309 2137 4383">
     <span class='ocr_line' id='line_1_72' title="bbox 565 4309 2137 4383; baseline 0.004 -22"><span class='ocrx_word' id='word_1_530' title='bbox 565 4317 682 4362; x_wconf 88' lang='lat' dir='ltr'><strong>tum</strong></span> <span class='ocrx_word' id='word_1_531' title='bbox 716 4323 813 4365; x_wconf 91' lang='lat' dir='ltr'><strong>eos</strong></span> <span class='ocrx_word' id='word_1_532' title='bbox 842 4309 1022 4365; x_wconf 90' lang='lat' dir='ltr'><strong>adhuc</strong></span> <span class='ocrx_word' id='word_1_533' title='bbox 1067 4310 1124 4366; x_wconf 92' lang='lat' dir='ltr'><strong>in</strong></span> <span class='ocrx_word' id='word_1_534' title='bbox 1161 4313 1398 4382; x_wconf 90' lang='lat' dir='ltr'><strong>pristino</strong></span> <span class='ocrx_word' id='word_1_535' title='bbox 1439 4327 1628 4368; x_wconf 89' lang='lat' dir='ltr'><strong>errore</strong></span> <span class='ocrx_word' id='word_1_536' title='bbox 1658 4328 2006 4383; x_wconf 85' lang='lat' dir='ltr'><strong>perseverare</strong></span> <span class='ocrx_word' id='word_1_537' title='bbox 2027 4353 2042 4378; x_wconf 94' lang='lat'><strong>,</strong></span> <span class='ocrx_word' id='word_1_538' title='bbox 2081 4322 2137 4368; x_wconf 92' lang='lat' dir='ltr'><strong>et</strong></span> 
     </span>
    </p>
   </div>
   <div class='ocr_carea' id='block_1_73' title="bbox 565 4399 2136 4471">
    <p class='ocr_par' dir='ltr' id='par_1_73' title="bbox 565 4399 2136 4471">
     <span class='ocr_line' id='line_1_73' title="bbox 565 4399 2136 4471; baseline 0.001 -15"><span class='ocrx_word' id='word_1_539' title='bbox 565 4399 786 4471; x_wconf 84' lang='lat' dir='ltr'><strong>indigna</strong></span> <span class='ocrx_word' id='word_1_540' title='bbox 829 4401 1076 4470; x_wconf 71' lang='lat' dir='ltr'><strong>quaedam</strong></span> <span class='ocrx_word' id='word_1_541' title='bbox 1123 4401 1388 4460; x_wconf 86' lang='lat' dir='ltr'><strong>adversus</strong></span> <span class='ocrx_word' id='word_1_542' title='bbox 1439 4402 1710 4459; x_wconf 82' lang='lat' dir='ltr'><strong>Ecelesias</strong></span> <span class='ocrx_word' id='word_1_543' title='bbox 1756 4401 1848 4459; x_wconf 87' lang='lat' dir='ltr'><strong>Dei</strong></span> <span class='ocrx_word' id='word_1_544' title='bbox 1909 4417 1975 4457; x_wconf 90' lang='lat' dir='ltr'><strong>ac</strong></span> <span class='ocrx_word' id='word_1_545' title='bbox 2033 4418 2136 4458; x_wconf 88' lang='lat' dir='ltr'><strong>nos</strong></span> 
     </span>
    </p>
   </div>
   <div class='ocr_carea' id='block_1_74' title="bbox 2240 3311 3794 3388">
    <p class='ocr_par' dir='ltr' id='par_1_74' title="bbox 2240 3311 3794 3388">
     <span class='ocr_line' id='line_1_74' title="bbox 2240 3311 3794 3388; baseline -0.001 -22"><span class='ocrx_word' id='word_1_546' title='bbox 2240 3311 2332 3377; x_wconf 83' lang='grc' dir='ltr'><strong>λος</strong></span> <span class='ocrx_word' id='word_1_547' title='bbox 2366 3313 2423 3366; x_wconf 82' lang='grc' dir='ltr'><strong>ὲν</strong></span> <span class='ocrx_word' id='word_1_548' title='bbox 2452 3312 2673 3385; x_wconf 87' lang='grc' dir='ltr'><strong>Χριστῷ</strong></span> <span class='ocrx_word' id='word_1_549' title='bbox 2701 3314 2932 3386; x_wconf 88' lang='grc' dir='ltr'><strong>χαίρειν.</strong></span> <span class='ocrx_word' id='word_1_550' title='bbox 2982 3316 3197 3388; x_wconf 81' lang='grc' dir='ltr'><strong>Ἐπειδὴ</strong></span> <span class='ocrx_word' id='word_1_551' title='bbox 3231 3334 3383 3382; x_wconf 82' lang='grc' dir='ltr'><strong>τινες</strong></span> <span class='ocrx_word' id='word_1_552' title='bbox 3413 3317 3525 3370; x_wconf 82' lang='grc' dir='ltr'><strong>τῶν</strong></span> <span class='ocrx_word' id='word_1_553' title='bbox 3554 3328 3794 3380; x_wconf 81' lang='grc' dir='ltr'><strong>καταγνω-</strong></span> 
     </span>
    </p>
   </div>
   <div class='ocr_carea' id='block_1_75' title="bbox 2243 3396 3788 3476">
    <p class='ocr_par' dir='ltr' id='par_1_75' title="bbox 2243 3396 3788 3476">
     <span class='ocr_line' id='line_1_75' title="bbox 2243 3396 3788 3476; baseline 0.002 -23"><span class='ocrx_word' id='word_1_554' title='bbox 2243 3399 2480 3455; x_wconf 79' lang='grc' dir='ltr'><strong>σθέντων</strong></span> <span class='ocrx_word' id='word_1_555' title='bbox 2516 3401 2782 3473; x_wconf 85' lang='grc' dir='ltr'><strong>πρότερον</strong></span> <span class='ocrx_word' id='word_1_556' title='bbox 2814 3403 2907 3456; x_wconf 75' lang='grc' dir='ltr'><strong>ἐπὶ</strong></span> <span class='ocrx_word' id='word_1_557' title='bbox 2942 3402 3019 3474; x_wconf 88' lang='grc' dir='ltr'><strong>τῷ</strong></span> <span class='ocrx_word' id='word_1_558' title='bbox 3066 3403 3142 3475; x_wconf 82' lang='grc' dir='ltr'><strong>μή</strong></span> <span class='ocrx_word' id='word_1_559' title='bbox 3173 3404 3355 3476; x_wconf 83' lang='grc' dir='ltr'><strong>ὀρθῶς</strong></span> <span class='ocrx_word' id='word_1_560' title='bbox 3386 3401 3678 3462; x_wconf 78' lang='grc' dir='ltr'><strong>πιστεύειν,</strong></span> <span class='ocrx_word' id='word_1_561' title='bbox 3715 3396 3788 3456; x_wconf 73' lang='grc' dir='ltr'><strong>οὓς</strong></span> 
     </span>
    </p>
   </div>
   <div class='ocr_carea' id='block_1_76' title="bbox 2239 3484 3788 3567">
    <p class='ocr_par' dir='ltr' id='par_1_76' title="bbox 2239 3484 3788 3567">
     <span class='ocr_line' id='line_1_76' title="bbox 2239 3484 3788 3567; baseline -0.001 -23"><span class='ocrx_word' id='word_1_562' title='bbox 2239 3490 2351 3560; x_wconf 72' lang='grc' dir='ltr'><strong>ἐγὼ</strong></span> <span class='ocrx_word' id='word_1_563' title='bbox 2379 3493 2440 3545; x_wconf 85' lang='grc' dir='ltr'><strong>ὲν</strong></span> <span class='ocrx_word' id='word_1_564' title='bbox 2465 3493 2532 3563; x_wconf 79' lang='grc' dir='ltr'><strong>τῇ</strong></span> <span class='ocrx_word' id='word_1_565' title='bbox 2564 3493 2705 3546; x_wconf 83' lang='grc' dir='ltr'><strong>κατά</strong></span> <span class='ocrx_word' id='word_1_566' title='bbox 2734 3494 2967 3549; x_wconf 85' lang='grc' dir='ltr'><strong>Νικαίαν</strong></span> <span class='ocrx_word' id='word_1_567' title='bbox 2996 3495 3197 3567; x_wconf 84' lang='grc' dir='ltr'><strong>συνόδῳ</strong></span> <span class='ocrx_word' id='word_1_568' title='bbox 3226 3495 3514 3567; x_wconf 75' lang='grc' dir='ltr'><strong>διήλεγξα,</strong></span> <span class='ocrx_word' id='word_1_569' title='bbox 3543 3493 3655 3547; x_wconf 79' lang='grc' dir='ltr'><strong>κατ’</strong></span> <span class='ocrx_word' id='word_1_570' title='bbox 3682 3484 3788 3559; x_wconf 73' lang='grc' dir='ltr'><strong>ἐμοῦ</strong></span> 
     </span>
    </p>
   </div>
   <div class='ocr_carea' id='block_1_77' title="bbox 2237 3581 3782 3660">
    <p class='ocr_par' dir='ltr' id='par_1_77' title="bbox 2237 3581 3782 3660">
     <span class='ocr_line' id='line_1_77' title="bbox 2237 3581 3782 3660; baseline 0.011 -27"><span class='ocrx_word' id='word_1_571' title='bbox 2237 3581 2447 3651; x_wconf 77' lang='grc' dir='ltr'><strong>γράψαι</strong></span> <span class='ocrx_word' id='word_1_572' title='bbox 2475 3585 2542 3654; x_wconf 71' lang='grc' dir='ltr'><strong>τῇ</strong></span> <span class='ocrx_word' id='word_1_573' title='bbox 2577 3583 2859 3657; x_wconf 78' lang='grc' dir='ltr'><strong>θεοσεϐείᾳ</strong></span> <span class='ocrx_word' id='word_1_574' title='bbox 2884 3602 2978 3639; x_wconf 91' lang='grc' dir='ltr'><strong>σου</strong></span> <span class='ocrx_word' id='word_1_575' title='bbox 3013 3586 3341 3660; x_wconf 74' lang='grc' dir='ltr'><strong>ἐτόλμησαν.</strong></span> <span class='ocrx_word' id='word_1_576' title='bbox 3373 3589 3452 3653; x_wconf 84' lang='grc' dir='ltr'><strong>ὡς</strong></span> <span class='ocrx_word' id='word_1_577' title='bbox 3485 3587 3550 3641; x_wconf 80' lang='grc' dir='ltr'><strong>ἂν</strong></span> <span class='ocrx_word' id='word_1_578' title='bbox 3581 3582 3701 3655; x_wconf 79' lang='grc' dir='ltr'><strong>ἐμοῦ</strong></span> <span class='ocrx_word' id='word_1_579' title='bbox 3725 3581 3782 3650; x_wconf 64' lang='grc' dir='ltr'><strong>μὴ</strong></span> 
     </span>
    </p>
   </div>
   <div class='ocr_carea' id='block_1_78' title="bbox 2237 3669 3781 3750">
    <p class='ocr_par' dir='ltr' id='par_1_78' title="bbox 2237 3669 3781 3750">
     <span class='ocr_line' id='line_1_78' title="bbox 2237 3669 3781 3750; baseline -0.001 -25"><span class='ocrx_word' id='word_1_580' title='bbox 2237 3673 2434 3745; x_wconf 83' lang='grc' dir='ltr'><strong>ὀρθῶς,</strong></span> <span class='ocrx_word' id='word_1_581' title='bbox 2461 3675 2596 3746; x_wconf 89' lang='grc' dir='ltr'><strong>μήτε</strong></span> <span class='ocrx_word' id='word_1_582' title='bbox 2621 3675 3090 3746; x_wconf 81' lang='grc' dir='ltr'><strong>έκκλησιαστικῶς</strong></span> <span class='ocrx_word' id='word_1_583' title='bbox 3129 3679 3478 3750; x_wconf 82' lang='grc' dir='ltr'><strong>φρονοῦντος,</strong></span> <span class='ocrx_word' id='word_1_584' title='bbox 3511 3677 3571 3730; x_wconf 81' lang='grc' dir='ltr'><strong>τὸ</strong></span> <span class='ocrx_word' id='word_1_585' title='bbox 3608 3669 3781 3727; x_wconf 76' lang='grc' dir='ltr'><strong>ἑαυτῶν</strong></span> 
     </span>
    </p>
   </div>
   <div class='ocr_carea' id='block_1_79' title="bbox 2238 3760 3778 3839">
    <p class='ocr_par' dir='ltr' id='par_1_79' title="bbox 2238 3760 3778 3839">
     <span class='ocr_line' id='line_1_79' title="bbox 2238 3760 3778 3839; baseline -0.002 -21"><span class='ocrx_word' id='word_1_586' title='bbox 2238 3765 2490 3836; x_wconf 76' lang='grc' dir='ltr'><strong>ἔγκλημα</strong></span> <span class='ocrx_word' id='word_1_587' title='bbox 2529 3766 2609 3829; x_wconf 83' lang='grc' dir='ltr'><strong>είς</strong></span> <span class='ocrx_word' id='word_1_588' title='bbox 2645 3765 2744 3836; x_wconf 76' lang='grc' dir='ltr'><strong>ἐμὲ</strong></span> <span class='ocrx_word' id='word_1_589' title='bbox 2787 3767 3145 3839; x_wconf 80' lang='grc' dir='ltr'><strong>μετατεθῆναι</strong></span> <span class='ocrx_word' id='word_1_590' title='bbox 3176 3769 3598 3832; x_wconf 76' lang='grc' dir='ltr'><strong>σπουδάζοντεςο</strong></span> <span class='ocrx_word' id='word_1_591' title='bbox 3626 3760 3778 3816; x_wconf 80' lang='grc' dir='ltr'><strong>τούτου</strong></span> 
     </span>
    </p>
   </div>
   <div class='ocr_carea' id='block_1_80' title="bbox 2237 3846 3779 3931">
    <p class='ocr_par' dir='ltr' id='par_1_80' title="bbox 2237 3846 3779 3931">
     <span class='ocr_line' id='line_1_80' title="bbox 2237 3846 3779 3931; baseline -0.002 -22"><span class='ocrx_word' id='word_1_592' title='bbox 2237 3855 2420 3909; x_wconf 72' lang='grc' dir='ltr'><strong>ἕνεκεν</strong></span> <span class='ocrx_word' id='word_1_593' title='bbox 2442 3857 2736 3926; x_wconf 70' lang='grc' dir='ltr'><strong>ἀναγκαῖον</strong></span> <span class='ocrx_word' id='word_1_594' title='bbox 2760 3857 3079 3930; x_wconf 78' lang='grc' dir='ltr'><strong>ἡγησάμην,</strong></span> <span class='ocrx_word' id='word_1_595' title='bbox 3109 3859 3434 3931; x_wconf 83' lang='grc' dir='ltr'><strong>ἀπαντήσας</strong></span> <span class='ocrx_word' id='word_1_596' title='bbox 3453 3859 3534 3920; x_wconf 90' lang='grc' dir='ltr'><strong>είς</strong></span> <span class='ocrx_word' id='word_1_597' title='bbox 3563 3853 3655 3923; x_wconf 80' lang='grc' dir='ltr'><strong>τὴν</strong></span> <span class='ocrx_word' id='word_1_598' title='bbox 3679 3846 3779 3902; x_wconf 79' lang='grc' dir='ltr'><strong>Ῥὼ·</strong></span> 
     </span>
    </p>
   </div>
   <div class='ocr_carea' id='block_1_81' title="bbox 2239 3947 3778 4023">
    <p class='ocr_par' dir='ltr' id='par_1_81' title="bbox 2239 3947 3778 4023">
     <span class='ocr_line' id='line_1_81' title="bbox 2239 3947 3778 4023; baseline 0 -21"><span class='ocrx_word' id='word_1_599' title='bbox 2239 3965 2369 4018; x_wconf 88' lang='grc' dir='ltr'><strong>μην,</strong></span> <span class='ocrx_word' id='word_1_600' title='bbox 2410 3948 2723 4020; x_wconf 77' lang='grc' dir='ltr'><strong>ὑπομνῆσαι</strong></span> <span class='ocrx_word' id='word_1_601' title='bbox 2763 3967 2845 4015; x_wconf 89' lang='grc' dir='ltr'><strong>σε,</strong></span> <span class='ocrx_word' id='word_1_602' title='bbox 2882 3951 2969 4004; x_wconf 76' lang='grc' dir='ltr'><strong>ἵνα</strong></span> <span class='ocrx_word' id='word_1_603' title='bbox 3009 3953 3135 4016; x_wconf 81' lang='grc' dir='ltr'><strong>τοὺς</strong></span> <span class='ocrx_word' id='word_1_604' title='bbox 3173 3953 3296 4006; x_wconf 85' lang='grc' dir='ltr'><strong>κατ’</strong></span> <span class='ocrx_word' id='word_1_605' title='bbox 3338 3951 3478 4023; x_wconf 80' lang='grc' dir='ltr'><strong>ἐμοῦ</strong></span> <span class='ocrx_word' id='word_1_606' title='bbox 3502 3947 3778 4019; x_wconf 73' lang='grc' dir='ltr'><strong>γράψαντας</strong></span> 
     </span>
    </p>
   </div>
   <div class='ocr_carea' id='block_1_82' title="bbox 2239 4030 3774 4114">
    <p class='ocr_par' dir='ltr' id='par_1_82' title="bbox 2239 4030 3774 4114">
     <span class='ocr_line' id='line_1_82' title="bbox 2239 4030 3774 4114; baseline -0.005 -20"><span class='ocrx_word' id='word_1_607' title='bbox 2239 4030 2564 4113; x_wconf 78' lang='grc' dir='ltr'><strong>μεταστείλῃ</strong></span> <span class='ocrx_word' id='word_1_608' title='bbox 2595 4042 2734 4114; x_wconf 85' lang='grc' dir='ltr'><strong>ὑπὲρ</strong></span> <span class='ocrx_word' id='word_1_609' title='bbox 2761 4041 2858 4096; x_wconf 86' lang='grc' dir='ltr'><strong>τοῦ</strong></span> <span class='ocrx_word' id='word_1_610' title='bbox 2887 4043 3300 4114; x_wconf 80' lang='grc' dir='ltr'><strong>ἀπαντήσαντος</strong></span> <span class='ocrx_word' id='word_1_611' title='bbox 3319 4045 3334 4075; x_wconf 86' lang='grc'>¹</span> <span class='ocrx_word' id='word_1_612' title='bbox 3367 4041 3563 4103; x_wconf 76' lang='grc' dir='ltr'><strong>αὐτοὺς</strong></span> <span class='ocrx_word' id='word_1_613' title='bbox 3587 4036 3665 4091; x_wconf 73' lang='grc' dir='ltr'><strong>ἐπ’</strong></span> <span class='ocrx_word' id='word_1_614' title='bbox 3687 4035 3774 4102; x_wconf 75' lang='grc' dir='ltr'><strong>ἀμ·</strong></span> 
     </span>
    </p>
   </div>
   <div class='ocr_carea' id='block_1_83' title="bbox 2236 4127 3774 4205">
    <p class='ocr_par' dir='ltr' id='par_1_83' title="bbox 2236 4127 3774 4205">
     <span class='ocr_line' id='line_1_83' title="bbox 2236 4127 3774 4205; baseline -0.017 -3"><span class='ocrx_word' id='word_1_615' title='bbox 2236 4131 2483 4202; x_wconf 73' lang='grc' dir='ltr'><strong>φοτέροιϐ</strong></span> <span class='ocrx_word' id='word_1_616' title='bbox 2499 4133 2817 4204; x_wconf 73' lang='grc' dir='ltr'><strong>ὲλεγχθῆνιιι</strong></span> <span class='ocrx_word' id='word_1_617' title='bbox 2838 4135 2931 4188; x_wconf 80' lang='grc' dir='ltr'><strong>ὑπ’</strong></span> <span class='ocrx_word' id='word_1_618' title='bbox 2955 4133 3111 4205; x_wconf 75' lang='grc' dir='ltr'><strong>ἐμοῦ,</strong></span> <span class='ocrx_word' id='word_1_619' title='bbox 3134 4137 3216 4190; x_wconf 85' lang='grc' dir='ltr'><strong>ὃτι</strong></span> <span class='ocrx_word' id='word_1_620' title='bbox 3243 4152 3304 4188; x_wconf 90' lang='grc' dir='ltr'><strong>τε</strong></span> <span class='ocrx_word' id='word_1_621' title='bbox 3330 4135 3428 4190; x_wconf 76' lang='grc' dir='ltr'><strong>καὶ</strong></span> <span class='ocrx_word' id='word_1_622' title='bbox 3447 4133 3484 4189; x_wconf 75' lang='grc' dir='ltr'><strong>ἀ</strong></span> <span class='ocrx_word' id='word_1_623' title='bbox 3507 4127 3774 4201; x_wconf 72' lang='grc' dir='ltr'><strong>γεγράφασι</strong></span> 
     </span>
    </p>
   </div>
   <div class='ocr_carea' id='block_1_84' title="bbox 2235 4211 3772 4297">
    <p class='ocr_par' dir='ltr' id='par_1_84' title="bbox 2235 4211 3772 4297">
     <span class='ocr_line' id='line_1_84' title="bbox 2235 4211 3772 4297; baseline -0.007 -15"><span class='ocrx_word' id='word_1_624' title='bbox 2235 4221 2356 4276; x_wconf 73' lang='grc' dir='ltr'><strong>κατ’</strong></span> <span class='ocrx_word' id='word_1_625' title='bbox 2386 4222 2545 4294; x_wconf 63' lang='grc' dir='ltr'><strong>ἐμοῦ,</strong></span> <span class='ocrx_word' id='word_1_626' title='bbox 2565 4224 2734 4296; x_wconf 75' lang='grc' dir='ltr'><strong>ψευδῆ</strong></span> <span class='ocrx_word' id='word_1_627' title='bbox 2762 4225 2890 4279; x_wconf 75' lang='grc' dir='ltr'><strong>ὄντα</strong></span> <span class='ocrx_word' id='word_1_628' title='bbox 2931 4227 3207 4297; x_wconf 82' lang='grc' dir='ltr'><strong>τυγχάνει,</strong></span> <span class='ocrx_word' id='word_1_629' title='bbox 3244 4226 3340 4279; x_wconf 74' lang='grc' dir='ltr'><strong>καὶ</strong></span> <span class='ocrx_word' id='word_1_630' title='bbox 3368 4228 3451 4281; x_wconf 75' lang='grc' dir='ltr'><strong>ὅτι</strong></span> <span class='ocrx_word' id='word_1_631' title='bbox 3491 4223 3568 4276; x_wconf 75' lang='grc' dir='ltr'><strong>ἔτι</strong></span> <span class='ocrx_word' id='word_1_632' title='bbox 3594 4218 3676 4273; x_wconf 78' lang='grc' dir='ltr'><strong>καὶ</strong></span> <span class='ocrx_word' id='word_1_633' title='bbox 3700 4211 3772 4266; x_wconf 76' lang='grc' dir='ltr'><strong>νῦν</strong></span> 
     </span>
    </p>
   </div>
   <div class='ocr_carea' id='block_1_85' title="bbox 2235 4297 3771 4386">
    <p class='ocr_par' dir='ltr' id='par_1_85' title="bbox 2235 4297 3771 4386">
     <span class='ocr_line' id='line_1_85' title="bbox 2235 4297 3771 4386; baseline -0.007 -21"><span class='ocrx_word' id='word_1_634' title='bbox 2235 4312 2552 4383; x_wconf 71' lang='grc' dir='ltr'><strong>ἐπιμένουσι</strong></span> <span class='ocrx_word' id='word_1_635' title='bbox 2567 4317 2631 4384; x_wconf 79' lang='grc' dir='ltr'><strong>τῇ</strong></span> <span class='ocrx_word' id='word_1_636' title='bbox 2659 4313 2867 4368; x_wconf 77' lang='grc' dir='ltr'><strong>ἑαυτῶν</strong></span> <span class='ocrx_word' id='word_1_637' title='bbox 2892 4315 3134 4386; x_wconf 76' lang='grc' dir='ltr'><strong>προτέρᾳ</strong></span> <span class='ocrx_word' id='word_1_638' title='bbox 3149 4313 3326 4386; x_wconf 81' lang='grc' dir='ltr'><strong>πλάνῃ</strong></span> <span class='ocrx_word' id='word_1_639' title='bbox 3342 4330 3356 4345; x_wconf 79' lang='grc' dir='ltr'><strong>ο</strong></span> <span class='ocrx_word' id='word_1_640' title='bbox 3393 4313 3486 4366; x_wconf 84' lang='grc' dir='ltr'><strong>καὶ</strong></span> <span class='ocrx_word' id='word_1_641' title='bbox 3502 4309 3640 4362; x_wconf 85' lang='grc' dir='ltr'><strong>δεινά</strong></span> <span class='ocrx_word' id='word_1_642' title='bbox 3659 4297 3771 4355; x_wconf 81' lang='grc' dir='ltr'><strong>κατά</strong></span> 
     </span>
    </p>
   </div>
   <div class='ocr_carea' id='block_1_86' title="bbox 2233 4387 3768 4477">
    <p class='ocr_par' dir='ltr' id='par_1_86' title="bbox 2233 4387 3768 4477">
     <span class='ocr_line' id='line_1_86' title="bbox 2233 4387 3768 4477; baseline -0.001 -22"><span class='ocrx_word' id='word_1_643' title='bbox 2233 4418 2292 4455; x_wconf 87' lang='grc' dir='ltr'><strong>τε</strong></span> <span class='ocrx_word' id='word_1_644' title='bbox 2328 4403 2436 4457; x_wconf 85' lang='grc' dir='ltr'><strong>τῶν</strong></span> <span class='ocrx_word' id='word_1_645' title='bbox 2459 4403 2553 4457; x_wconf 90' lang='grc' dir='ltr'><strong>τοῦ</strong></span> <span class='ocrx_word' id='word_1_646' title='bbox 2575 4403 2707 4458; x_wconf 85' lang='grc' dir='ltr'><strong>Θεοῦ</strong></span> <span class='ocrx_word' id='word_1_647' title='bbox 2744 4405 3077 4477; x_wconf 82' lang='grc' dir='ltr'><strong>Ἐκκλησιῶν</strong></span> <span class='ocrx_word' id='word_1_648' title='bbox 3111 4405 3204 4473; x_wconf 75' lang='grc' dir='ltr'><strong>καὶ</strong></span> <span class='ocrx_word' id='word_1_649' title='bbox 3238 4405 3394 4476; x_wconf 82' lang='grc' dir='ltr'><strong>ήμῶν</strong></span> <span class='ocrx_word' id='word_1_650' title='bbox 3419 4401 3524 4456; x_wconf 87' lang='grc' dir='ltr'><strong>τῶν</strong></span> <span class='ocrx_word' id='word_1_651' title='bbox 3539 4387 3768 4466; x_wconf 76' lang='grc' dir='ltr'><strong>προεστώ-</strong></span> 
     </span>
    </p>
   </div>
   <div class='ocr_carea' id='block_1_87' title="bbox 563 4484 2138 4588">
    <p class='ocr_par' dir='ltr' id='par_1_87' title="bbox 563 4492 2132 4564">
     <span class='ocr_line' id='line_1_87' title="bbox 563 4492 2132 4564; baseline 0.001 -18"><span class='ocrx_word' id='word_1_652' title='bbox 563 4495 714 4561; x_wconf 87' lang='lat' dir='ltr'><strong>ipsos</strong></span> <span class='ocrx_word' id='word_1_653' title='bbox 756 4492 974 4548; x_wconf 92' lang='lat' dir='ltr'><strong>illarum</strong></span> <span class='ocrx_word' id='word_1_654' title='bbox 1012 4494 1274 4564; x_wconf 60' lang='lat' dir='ltr'><strong>praesides</strong></span> <span class='ocrx_word' id='word_1_655' title='bbox 1303 4509 1426 4550; x_wconf 89' lang='lat' dir='ltr'><strong>esse</strong></span> <span class='ocrx_word' id='word_1_656' title='bbox 1472 4494 1828 4550; x_wconf 87' lang='lat' dir='ltr'><strong>machinatos.</strong></span> <span class='ocrx_word' id='word_1_657' title='bbox 1867 4493 1972 4550; x_wconf 86' lang='lat' dir='ltr'><strong>Sed</strong></span> <span class='ocrx_word' id='word_1_658' title='bbox 2009 4509 2132 4548; x_wconf 91' lang='lat' dir='ltr'><strong>cum</strong></span> 
     </span>
    </p>
   </div>
   <div class='ocr_carea' id='block_1_88' title="bbox 2240 4484 3768 4588">
    <p class='ocr_par' dir='ltr' id='par_1_88' title="bbox 2240 4484 3768 4588">
     <span class='ocr_line' id='line_1_88' title="bbox 2240 4484 3768 4588; baseline -0.007 -41"><span class='ocrx_word' id='word_1_659' title='bbox 2240 4511 2344 4548; x_wconf 88' lang='grc' dir='ltr'><strong>των</strong></span> <span class='ocrx_word' id='word_1_660' title='bbox 2362 4494 2540 4550; x_wconf 84' lang='grc' dir='ltr'><strong>αὐτῶν</strong></span> <span class='ocrx_word' id='word_1_661' title='bbox 2558 4497 2980 4570; x_wconf 84' lang='grc' dir='ltr'><strong>τετολμήκασιν.</strong></span> <span class='ocrx_word' id='word_1_662' title='bbox 3019 4499 3170 4553; x_wconf 70' lang='grc' dir='ltr'><strong>Ἐπεὶ</strong></span> <span class='ocrx_word' id='word_1_663' title='bbox 3187 4499 3366 4552; x_wconf 90' lang='grc' dir='ltr'><strong>τοίνυν</strong></span> <span class='ocrx_word' id='word_1_664' title='bbox 3385 4493 3674 4562; x_wconf 80' lang='grc' dir='ltr'><strong>ἀπαντῆσαι</strong></span> <span class='ocrx_word' id='word_1_665' title='bbox 3691 4484 3768 4588; x_wconf 50' lang='grc' dir='ltr'><strong>οξκ</strong></span> 
     </span>
    </p>
   </div>
   <div class='ocr_carea' id='block_1_89' title="bbox 563 4571 2138 4671">
    <p class='ocr_par' dir='ltr' id='par_1_89' title="bbox 563 4581 2136 4656">
     <span class='ocr_line' id='line_1_89' title="bbox 563 4581 2136 4656; baseline 0.002 -20"><span class='ocrx_word' id='word_1_666' title='bbox 563 4581 644 4636; x_wconf 87' lang='lat' dir='ltr'><strong>illi</strong></span> <span class='ocrx_word' id='word_1_667' title='bbox 688 4583 877 4639; x_wconf 91' lang='lat' dir='ltr'><strong>venire</strong></span> <span class='ocrx_word' id='word_1_668' title='bbox 920 4584 1217 4652; x_wconf 89' lang='lat' dir='ltr'><strong>noluerint,</strong></span> <span class='ocrx_word' id='word_1_669' title='bbox 1253 4585 1480 4640; x_wconf 86' lang='lat' dir='ltr'><strong>tametsi</strong></span> <span class='ocrx_word' id='word_1_670' title='bbox 1512 4585 1857 4656; x_wconf 84' lang='lat' dir='ltr'><strong>presbyteros</strong></span> <span class='ocrx_word' id='word_1_671' title='bbox 1889 4583 1958 4639; x_wconf 88' lang='lat' dir='ltr'><strong>ad</strong></span> <span class='ocrx_word' id='word_1_672' title='bbox 1989 4583 2136 4655; x_wconf 89' lang='lat' dir='ltr'><strong>ipsos</strong></span> 
     </span>
    </p>
   </div>
   <div class='ocr_carea' id='block_1_90' title="bbox 2240 4571 3763 4671">
    <p class='ocr_par' dir='ltr' id='par_1_90' title="bbox 2241 4571 3763 4671">
     <span class='ocr_line' id='line_1_90' title="bbox 2241 4571 3763 4671; baseline 0.005 -34"><span class='ocrx_word' id='word_1_673' title='bbox 2241 4585 2638 4658; x_wconf 74' lang='grc' dir='ltr'><strong>ἠϐουλήθησαν,</strong></span> <span class='ocrx_word' id='word_1_674' title='bbox 2674 4586 3091 4654; x_wconf 77' lang='grc' dir='ltr'><strong>ἀποστείλαντος</strong></span> <span class='ocrx_word' id='word_1_675' title='bbox 3123 4607 3217 4643; x_wconf 88' lang='grc' dir='ltr'><strong>σου</strong></span> <span class='ocrx_word' id='word_1_676' title='bbox 3252 4586 3636 4661; x_wconf 76' lang='grc' dir='ltr'><strong>πρεσϐυτέρους</strong></span> <span class='ocrx_word' id='word_1_677' title='bbox 3656 4571 3763 4671; x_wconf 50' lang='grc' dir='ltr'>πρξς</span> 
     </span>
    </p>
   </div>
   <div class='ocr_carea' id='block_1_91' title="bbox 565 4672 2138 4747">
    <p class='ocr_par' dir='ltr' id='par_1_91' title="bbox 565 4672 2138 4747">
     <span class='ocr_line' id='line_1_91' title="bbox 565 4672 2138 4747; baseline 0.004 -21"><span class='ocrx_word' id='word_1_678' title='bbox 565 4672 806 4739; x_wconf 86' lang='lat' dir='ltr'><strong>miseris,</strong></span> <span class='ocrx_word' id='word_1_679' title='bbox 840 4689 942 4744; x_wconf 85' lang='lat' dir='ltr'><strong>ego</strong></span> <span class='ocrx_word' id='word_1_680' title='bbox 969 4690 1099 4730; x_wconf 91' lang='lat' dir='ltr'><strong>vero</strong></span> <span class='ocrx_word' id='word_1_681' title='bbox 1135 4689 1282 4735; x_wconf 88' lang='lat' dir='ltr'><strong>anno</strong></span> <span class='ocrx_word' id='word_1_682' title='bbox 1312 4676 1526 4747; x_wconf 73' lang='lat' dir='ltr'><strong>integro</strong></span> <span class='ocrx_word' id='word_1_683' title='bbox 1552 4689 1618 4731; x_wconf 88' lang='lat' dir='ltr'><strong>ac</strong></span> <span class='ocrx_word' id='word_1_684' title='bbox 1649 4675 1824 4732; x_wconf 90' lang='lat' dir='ltr'><strong>tribus</strong></span> <span class='ocrx_word' id='word_1_685' title='bbox 1857 4676 2138 4732; x_wconf 88' lang='lat' dir='ltr'><strong>mensibus</strong></span> 
     </span>
    </p>
   </div>
   <div class='ocr_carea' id='block_1_92' title="bbox 633 4827 1274 4900">
    <p class='ocr_par' dir='ltr' id='par_1_92' title="bbox 633 4827 1274 4900">
     <span class='ocr_line' id='line_1_92' title="bbox 633 4827 1274 4900; baseline 0 -16"><span class='ocrx_word' id='word_1_686' title='bbox 633 4827 655 4862; x_wconf 81' lang='grc'>⁸</span> <span class='ocrx_word' id='word_1_687' title='bbox 681 4828 808 4886; x_wconf 90' lang='lat' dir='ltr'><strong>Cor.</strong></span> <span class='ocrx_word' id='word_1_688' title='bbox 834 4827 1274 4900; x_wconf 72' lang='grc' dir='ltr'><strong>ἀπαντήσαντας.</strong></span> 
     </span>
    </p>
   </div>
   <div class='ocr_carea' id='block_1_93' title="bbox 631 4974 2136 5052">
    <p class='ocr_par' dir='ltr' id='par_1_93' title="bbox 631 4974 2136 5052">
     <span class='ocr_line' id='line_1_93' title="bbox 631 4974 2136 5052; baseline 0.004 -20"><span class='ocrx_word' id='word_1_689' title='bbox 631 4974 753 5052; x_wconf 68' lang='grc' dir='ltr'>(ξὸ)</span> <span class='ocrx_word' id='word_1_690' title='bbox 786 4980 1178 5052; x_wconf 15' lang='grc' dir='ltr'><strong>ΑἈντίγραφον</strong></span> <span class='ocrx_word' id='word_1_691' title='bbox 1206 4981 1557 5052; x_wconf 69' lang='grc' dir='ltr'><strong>ἐπιστολῆς.</strong></span> <span class='ocrx_word' id='word_1_692' title='bbox 1596 4982 1777 5038; x_wconf 86' lang='lat' dir='ltr'><strong>Edidit</strong></span> <span class='ocrx_word' id='word_1_693' title='bbox 1823 4984 1966 5038; x_wconf 88' lang='lat' dir='ltr'><strong>hanc</strong></span> <span class='ocrx_word' id='word_1_694' title='bbox 2008 4983 2136 5038; x_wconf 86' lang='lat' dir='ltr'><strong>ﬁdei</strong></span> 
     </span>
    </p>
   </div>
   <div class='ocr_carea' id='block_1_94' title="bbox 568 5047 2131 5123">
    <p class='ocr_par' dir='ltr' id='par_1_94' title="bbox 568 5047 2131 5123">
     <span class='ocr_line' id='line_1_94' title="bbox 568 5047 2131 5123; baseline 0.006 -22"><span class='ocrx_word' id='word_1_695' title='bbox 568 5047 993 5123; x_wconf 54' lang='lat' dir='ltr'><strong>professionem&#39;</strong></span> <span class='ocrx_word' id='word_1_696' title='bbox 1045 5047 1375 5123; x_wconf 56' lang='lat' dir='ltr'><strong>Earcellus,</strong></span> <span class='ocrx_word' id='word_1_697' title='bbox 1421 5047 1740 5123; x_wconf 74' lang='lat' dir='ltr'><strong>postquam</strong></span> <span class='ocrx_word' id='word_1_698' title='bbox 1785 5057 1855 5109; x_wconf 90' lang='lat' dir='ltr'><strong>ab</strong></span> <span class='ocrx_word' id='word_1_699' title='bbox 1908 5055 2131 5110; x_wconf 81' lang='lat' dir='ltr'><strong>Arianis</strong></span> 
     </span>
    </p>
   </div>
   <div class='ocr_carea' id='block_1_95' title="bbox 568 5117 2135 5194">
    <p class='ocr_par' dir='ltr' id='par_1_95' title="bbox 568 5117 2135 5194">
     <span class='ocr_line' id='line_1_95' title="bbox 568 5117 2135 5194; baseline 0.004 -25"><span class='ocrx_word' id='word_1_700' title='bbox 568 5117 698 5194; x_wconf 69' lang='lat' dir='ltr'><strong>sede</strong></span> <span class='ocrx_word' id='word_1_701' title='bbox 721 5133 820 5170; x_wconf 89' lang='lat' dir='ltr'><strong>sua</strong></span> <span class='ocrx_word' id='word_1_702' title='bbox 844 5121 1037 5188; x_wconf 86' lang='lat' dir='ltr'><strong>pulsus</strong></span> <span class='ocrx_word' id='word_1_703' title='bbox 1058 5121 1285 5194; x_wconf 80' lang='lat' dir='ltr'><strong>Romam</strong></span> <span class='ocrx_word' id='word_1_704' title='bbox 1319 5117 1386 5178; x_wconf 86' lang='lat' dir='ltr'><strong>ad</strong></span> <span class='ocrx_word' id='word_1_705' title='bbox 1412 5117 1618 5178; x_wconf 83' lang='lat' dir='ltr'><strong>Julium</strong></span> <span class='ocrx_word' id='word_1_706' title='bbox 1648 5138 1840 5194; x_wconf 88' lang='lat' dir='ltr'><strong>papam</strong></span> <span class='ocrx_word' id='word_1_707' title='bbox 1864 5123 2135 5194; x_wconf 77' lang='lat' dir='ltr'><strong>confugit,</strong></span> 
     </span>
    </p>
   </div>
   <div class='ocr_carea' id='block_1_96' title="bbox 566 5188 2140 5254">
    <p class='ocr_par' dir='ltr' id='par_1_96' title="bbox 566 5188 2140 5254">
     <span class='ocr_line' id='line_1_96' title="bbox 566 5188 2140 5254; baseline 0.004 -12"><span class='ocrx_word' id='word_1_708' title='bbox 566 5188 636 5242; x_wconf 90' lang='lat' dir='ltr'><strong>ab</strong></span> <span class='ocrx_word' id='word_1_709' title='bbox 663 5201 838 5254; x_wconf 89' lang='lat' dir='ltr'><strong>eoque</strong></span> <span class='ocrx_word' id='word_1_710' title='bbox 866 5205 972 5243; x_wconf 89' lang='lat' dir='ltr'><strong>una</strong></span> <span class='ocrx_word' id='word_1_711' title='bbox 1002 5206 1127 5245; x_wconf 88' lang='lat' dir='ltr'><strong>eum</strong></span> <span class='ocrx_word' id='word_1_712' title='bbox 1180 5192 1479 5252; x_wconf 77' lang='lat' dir='ltr'><strong>Athanasio</strong></span> <span class='ocrx_word' id='word_1_713' title='bbox 1528 5188 1818 5250; x_wconf 71' lang='lat' dir='ltr'><strong>restitutus</strong></span> <span class='ocrx_word' id='word_1_714' title='bbox 1866 5201 1969 5248; x_wconf 91' lang='lat' dir='ltr'><strong>est.</strong></span> <span class='ocrx_word' id='word_1_715' title='bbox 2000 5188 2140 5249; x_wconf 67' lang='lat' dir='ltr'><strong>Vide</strong></span> 
     </span>
    </p>
   </div>
   <div class='ocr_carea' id='block_1_97' title="bbox 568 5256 2138 5337">
    <p class='ocr_par' dir='ltr' id='par_1_97' title="bbox 568 5256 2138 5337">
     <span class='ocr_line' id='line_1_97' title="bbox 568 5256 2138 5337; baseline 0.006 -29"><span class='ocrx_word' id='word_1_716' title='bbox 568 5257 797 5337; x_wconf 48' lang='lat' dir='ltr'><strong>Annales</strong></span> <span class='ocrx_word' id='word_1_717' title='bbox 827 5256 1022 5337; x_wconf 76' lang='lat' dir='ltr'><strong>Baron.</strong></span> <span class='ocrx_word' id='word_1_718' title='bbox 1055 5276 1144 5314; x_wconf 90' lang='lat' dir='ltr'><strong>an.</strong></span> <span class='ocrx_word' id='word_1_719' title='bbox 1169 5261 1422 5337; x_wconf 40' lang='grc' dir='ltr'><strong>διίηΩυὶ</strong></span> <span class='ocrx_word' id='word_1_720' title='bbox 1453 5263 1521 5318; x_wconf 92' lang='lat' dir='ltr'><strong>de</strong></span> <span class='ocrx_word' id='word_1_721' title='bbox 1551 5264 1653 5337; x_wconf 88' lang='lat' dir='ltr'><strong>hoc</strong></span> <span class='ocrx_word' id='word_1_722' title='bbox 1678 5264 1798 5337; x_wconf 83' lang='lat' dir='ltr'><strong>ipso</strong></span> <span class='ocrx_word' id='word_1_723' title='bbox 1826 5262 2009 5337; x_wconf 84' lang='lat' dir='ltr'><strong>libello</strong></span> <span class='ocrx_word' id='word_1_724' title='bbox 2036 5264 2138 5318; x_wconf 88' lang='lat' dir='ltr'><strong>du-</strong></span> 
     </span>
    </p>
   </div>
   <div class='ocr_carea' id='block_1_98' title="bbox 569 5328 2139 5397">
    <p class='ocr_par' dir='ltr' id='par_1_98' title="bbox 569 5328 2139 5397">
     <span class='ocr_line' id='line_1_98' title="bbox 569 5328 2139 5397; baseline 0.001 -13"><span class='ocrx_word' id='word_1_725' title='bbox 569 5328 723 5390; x_wconf 88' lang='lat' dir='ltr'><strong>bitat,</strong></span> <span class='ocrx_word' id='word_1_726' title='bbox 757 5328 878 5382; x_wconf 89' lang='lat' dir='ltr'><strong>isne</strong></span> <span class='ocrx_word' id='word_1_727' title='bbox 916 5329 1008 5397; x_wconf 87' lang='lat' dir='ltr'><strong>sit,</strong></span> <span class='ocrx_word' id='word_1_728' title='bbox 1039 5344 1199 5397; x_wconf 89' lang='lat' dir='ltr'><strong>quem</strong></span> <span class='ocrx_word' id='word_1_729' title='bbox 1237 5331 1384 5386; x_wconf 77' lang='lat' dir='ltr'><strong>lulio</strong></span> <span class='ocrx_word' id='word_1_730' title='bbox 1426 5341 1540 5387; x_wconf 92' lang='lat' dir='ltr'><strong>tum</strong></span> <span class='ocrx_word' id='word_1_731' title='bbox 1579 5328 1797 5395; x_wconf 83' lang='lat' dir='ltr'><strong>obtulit,</strong></span> <span class='ocrx_word' id='word_1_732' title='bbox 1828 5347 1953 5387; x_wconf 90' lang='lat' dir='ltr'><strong>cum</strong></span> <span class='ocrx_word' id='word_1_733' title='bbox 1989 5335 2044 5388; x_wconf 92' lang='lat' dir='ltr'><strong>in</strong></span> <span class='ocrx_word' id='word_1_734' title='bbox 2072 5348 2139 5388; x_wconf 90' lang='lat' dir='ltr'><strong>eo</strong></span> 
     </span>
    </p>
   </div>
   <div class='ocr_carea' id='block_1_99' title="bbox 569 5396 2140 5472">
    <p class='ocr_par' dir='ltr' id='par_1_99' title="bbox 569 5396 2140 5472">
     <span class='ocr_line' id='line_1_99' title="bbox 569 5396 2140 5472; baseline 0.004 -21"><span class='ocrx_word' id='word_1_735' title='bbox 569 5397 717 5472; x_wconf 57' lang='lat' dir='ltr'><strong>nulla</strong></span> <span class='ocrx_word' id='word_1_736' title='bbox 755 5396 940 5472; x_wconf 58' lang='lat' dir='ltr'><strong>sitfoﬁ</strong></span> <span class='ocrx_word' id='word_1_737' title='bbox 971 5396 1260 5472; x_wconf 74' lang='grc' dir='ltr'><strong>ῥμοουσίου</strong></span> <span class='ocrx_word' id='word_1_738' title='bbox 1291 5403 1518 5472; x_wconf 87' lang='lat' dir='ltr'><strong>mentio.</strong></span> <span class='ocrx_word' id='word_1_739' title='bbox 1551 5403 1753 5460; x_wconf 84' lang='lat' dir='ltr'><strong>Verum</strong></span> <span class='ocrx_word' id='word_1_740' title='bbox 1787 5417 1894 5456; x_wconf 91' lang='lat' dir='ltr'><strong>non</strong></span> <span class='ocrx_word' id='word_1_741' title='bbox 1926 5418 2140 5472; x_wconf 85' lang='lat' dir='ltr'><strong>semper</strong></span> 
     </span>
    </p>
   </div>
   <div class='ocr_carea' id='block_1_100' title="bbox 569 5465 2139 5538">
    <p class='ocr_par' dir='ltr' id='par_1_100' title="bbox 569 5465 2139 5538">
     <span class='ocr_line' id='line_1_100' title="bbox 569 5465 2139 5538; baseline 0.003 -17"><span class='ocrx_word' id='word_1_742' title='bbox 569 5469 622 5521; x_wconf 92' lang='lat' dir='ltr'><strong>in</strong></span> <span class='ocrx_word' id='word_1_743' title='bbox 654 5465 951 5538; x_wconf 61' lang='lat' dir='ltr'><strong>catholica</strong></span> <span class='ocrx_word' id='word_1_744' title='bbox 975 5465 1098 5523; x_wconf 87' lang='lat' dir='ltr'><strong>ﬁdei</strong></span> <span class='ocrx_word' id='word_1_745' title='bbox 1122 5471 1576 5538; x_wconf 85' lang='lat' dir='ltr'><strong>professionibus,</strong></span> <span class='ocrx_word' id='word_1_746' title='bbox 1603 5484 1696 5528; x_wconf 90' lang='lat' dir='ltr'><strong>aut</strong></span> <span class='ocrx_word' id='word_1_747' title='bbox 1723 5473 1776 5528; x_wconf 93' lang='lat' dir='ltr'><strong>in</strong></span> <span class='ocrx_word' id='word_1_748' title='bbox 1806 5465 2139 5527; x_wconf 79' lang='lat' dir='ltr'><strong>convincen-</strong></span> 
     </span>
    </p>
   </div>
   <div class='ocr_carea' id='block_1_101' title="bbox 567 5537 2136 5608">
    <p class='ocr_par' dir='ltr' id='par_1_101' title="bbox 567 5537 2136 5608">
     <span class='ocr_line' id='line_1_101' title="bbox 567 5537 2136 5608; baseline 0.005 -20"><span class='ocrx_word' id='word_1_749' title='bbox 567 5539 654 5592; x_wconf 83' lang='lat' dir='ltr'><strong>dis</strong></span> <span class='ocrx_word' id='word_1_750' title='bbox 700 5537 991 5608; x_wconf 69' lang='lat' dir='ltr'><strong>limreticis,</strong></span> <span class='ocrx_word' id='word_1_751' title='bbox 1047 5538 1249 5592; x_wconf 90' lang='lat' dir='ltr'><strong>recenti</strong></span> <span class='ocrx_word' id='word_1_752' title='bbox 1299 5540 1476 5594; x_wconf 87' lang='lat' dir='ltr'><strong>adhuc</strong></span> <span class='ocrx_word' id='word_1_753' title='bbox 1514 5543 1568 5595; x_wconf 93' lang='lat' dir='ltr'><strong>in</strong></span> <span class='ocrx_word' id='word_1_754' title='bbox 1615 5542 1832 5596; x_wconf 67' lang='lat' dir='ltr'><strong>Nicaano</strong></span> <span class='ocrx_word' id='word_1_755' title='bbox 1880 5542 2136 5608; x_wconf 81' lang='lat' dir='ltr'><strong>concilio,</strong></span> 
     </span>
    </p>
   </div>
   <div class='ocr_carea' id='block_1_102' title="bbox 571 5607 2138 5680">
    <p class='ocr_par' dir='ltr' id='par_1_102' title="bbox 571 5607 2138 5680">
     <span class='ocr_line' id='line_1_102' title="bbox 571 5607 2138 5680; baseline 0.006 -23"><span class='ocrx_word' id='word_1_756' title='bbox 571 5614 804 5680; x_wconf 66' lang='lat' dir='ltr'><strong>tessera</strong></span> <span class='ocrx_word' id='word_1_757' title='bbox 836 5607 926 5660; x_wconf 86' lang='lat' dir='ltr'><strong>illa</strong></span> <span class='ocrx_word' id='word_1_758' title='bbox 953 5608 1098 5680; x_wconf 84' lang='lat' dir='ltr'><strong>ﬁdei</strong></span> <span class='ocrx_word' id='word_1_759' title='bbox 1139 5623 1201 5680; x_wconf 86' lang='lat' dir='ltr'><strong>ae</strong></span> <span class='ocrx_word' id='word_1_760' title='bbox 1235 5608 1640 5680; x_wconf 15' lang='grc' dir='ltr'><strong>τοῦίὸμθουσίου</strong></span> <span class='ocrx_word' id='word_1_761' title='bbox 1672 5611 1819 5680; x_wconf 75' lang='lat' dir='ltr'><strong>clara</strong></span> <span class='ocrx_word' id='word_1_762' title='bbox 1849 5619 1904 5666; x_wconf 88' lang='lat' dir='ltr'><strong>et</strong></span> <span class='ocrx_word' id='word_1_763' title='bbox 1931 5607 2138 5667; x_wconf 85' lang='lat' dir='ltr'><strong>diserta</strong></span> 
     </span>
    </p>
   </div>
   <div class='ocr_carea' id='block_1_103' title="bbox 569 5675 2138 5750">
    <p class='ocr_par' dir='ltr' id='par_1_103' title="bbox 569 5675 2138 5750">
     <span class='ocr_line' id='line_1_103' title="bbox 569 5675 2138 5750; baseline 0.006 -24"><span class='ocrx_word' id='word_1_764' title='bbox 569 5675 844 5750; x_wconf 66' lang='lat' dir='ltr'><strong>confessio</strong></span> <span class='ocrx_word' id='word_1_765' title='bbox 862 5679 1093 5750; x_wconf 78' lang='lat' dir='ltr'><strong>solebat</strong></span> <span class='ocrx_word' id='word_1_766' title='bbox 1120 5678 1283 5750; x_wconf 57' lang='lat' dir='ltr'><strong>erigi.</strong></span> <span class='ocrx_word' id='word_1_767' title='bbox 1319 5675 1577 5750; x_wconf 76' lang='lat' dir='ltr'><strong>Exemplo</strong></span> <span class='ocrx_word' id='word_1_768' title='bbox 1604 5683 1678 5735; x_wconf 89' lang='lat' dir='ltr'><strong>sit</strong></span> <span class='ocrx_word' id='word_1_769' title='bbox 1704 5679 1916 5736; x_wconf 87' lang='lat' dir='ltr'><strong>Ursacii</strong></span> <span class='ocrx_word' id='word_1_770' title='bbox 1945 5691 2001 5736; x_wconf 90' lang='lat' dir='ltr'><strong>et</strong></span> <span class='ocrx_word' id='word_1_771' title='bbox 2031 5680 2138 5735; x_wconf 84' lang='lat' dir='ltr'><strong>Va-</strong></span> 
     </span>
    </p>
   </div>
   <div class='ocr_carea' id='block_1_104' title="bbox 569 5743 2130 5820">
    <p class='ocr_par' dir='ltr' id='par_1_104' title="bbox 569 5743 2130 5820">
     <span class='ocr_line' id='line_1_104' title="bbox 569 5743 2130 5820; baseline 0.005 -24"><span class='ocrx_word' id='word_1_772' title='bbox 569 5743 730 5820; x_wconf 71' lang='lat' dir='ltr'><strong>lentis</strong></span> <span class='ocrx_word' id='word_1_773' title='bbox 782 5747 999 5820; x_wconf 65' lang='lat' dir='ltr'><strong>Arianae</strong></span> <span class='ocrx_word' id='word_1_774' title='bbox 1051 5743 1326 5820; x_wconf 70' lang='lat' dir='ltr'><strong>fat-tionis.</strong></span> <span class='ocrx_word' id='word_1_775' title='bbox 1354 5743 1662 5820; x_wconf 72' lang='lat' dir='ltr'><strong>principum</strong></span> <span class='ocrx_word' id='word_1_776' title='bbox 1705 5751 1941 5820; x_wconf 88' lang='lat' dir='ltr'><strong>libellus,</strong></span> <span class='ocrx_word' id='word_1_777' title='bbox 1969 5766 2130 5820; x_wconf 87' lang='lat' dir='ltr'><strong>quem</strong></span> 
     </span>
    </p>
   </div>
   <div class='ocr_carea' id='block_1_105' title="bbox 568 5809 2130 5890">
    <p class='ocr_par' dir='ltr' id='par_1_105' title="bbox 568 5809 2130 5890">
     <span class='ocr_line' id='line_1_105' title="bbox 568 5809 2130 5890; baseline 0.006 -27"><span class='ocrx_word' id='word_1_778' title='bbox 568 5809 711 5890; x_wconf 35' lang='lat' dir='ltr'><strong>J&#39;ulio</strong></span> <span class='ocrx_word' id='word_1_779' title='bbox 745 5831 894 5890; x_wconf 74' lang='lat' dir='ltr'><strong>papze</strong></span> <span class='ocrx_word' id='word_1_780' title='bbox 929 5818 1262 5890; x_wconf 68' lang='lat' dir='ltr'><strong>obtulerunt,</strong></span> <span class='ocrx_word' id='word_1_781' title='bbox 1302 5809 1410 5889; x_wconf 76' lang='lat' dir='ltr'><strong>quo</strong></span> <span class='ocrx_word' id='word_1_782' title='bbox 1459 5829 1511 5874; x_wconf 87' lang='lat' dir='ltr'><strong>et</strong></span> <span class='ocrx_word' id='word_1_783' title='bbox 1535 5809 1756 5873; x_wconf 52' lang='lat' dir='ltr'><strong>&#39;errmis</strong></span> <span class='ocrx_word' id='word_1_784' title='bbox 1788 5821 1885 5890; x_wconf 87' lang='lat' dir='ltr'><strong>sui</strong></span> <span class='ocrx_word' id='word_1_785' title='bbox 1917 5809 2130 5873; x_wconf 75' lang='lat' dir='ltr'><strong>veniam</strong></span> 
     </span>
    </p>
   </div>
   <div class='ocr_carea' id='block_1_106' title="bbox 568 5885 2132 5951">
    <p class='ocr_par' dir='ltr' id='par_1_106' title="bbox 568 5885 2132 5951">
     <span class='ocr_line' id='line_1_106' title="bbox 568 5885 2132 5951; baseline 0.007 -19"><span class='ocrx_word' id='word_1_786' title='bbox 568 5885 840 5951; x_wconf 79' lang='lat' dir='ltr'><strong>deprecati</strong></span> <span class='ocrx_word' id='word_1_787' title='bbox 891 5893 1041 5951; x_wconf 78' lang='lat' dir='ltr'><strong>sunt,</strong></span> <span class='ocrx_word' id='word_1_788' title='bbox 1075 5895 1128 5940; x_wconf 91' lang='lat' dir='ltr'><strong>et</strong></span> <span class='ocrx_word' id='word_1_789' title='bbox 1161 5888 1290 5944; x_wconf 80' lang='lat' dir='ltr'><strong>Ario</strong></span> <span class='ocrx_word' id='word_1_790' title='bbox 1319 5885 1584 5947; x_wconf 75' lang='lat' dir='ltr'><strong>damnato</strong></span> <span class='ocrx_word' id='word_1_791' title='bbox 1617 5889 1939 5944; x_wconf 80' lang='lat' dir='ltr'><strong>catholicam</strong></span> <span class='ocrx_word' id='word_1_792' title='bbox 1973 5892 2132 5947; x_wconf 83' lang='lat' dir='ltr'><strong>fidem</strong></span> 
     </span>
    </p>
   </div>
   <div class='ocr_carea' id='block_1_107' title="bbox 2243 4673 3763 4752">
    <p class='ocr_par' dir='ltr' id='par_1_107' title="bbox 2243 4673 3763 4752">
     <span class='ocr_line' id='line_1_107' title="bbox 2243 4673 3763 4752; baseline -0.001 -20"><span class='ocrx_word' id='word_1_793' title='bbox 2243 4676 2461 4746; x_wconf 81' lang='grc' dir='ltr'><strong>αὐτοὺς,</strong></span> <span class='ocrx_word' id='word_1_794' title='bbox 2487 4677 2779 4734; x_wconf 73' lang='grc' dir='ltr'><strong>καὶταῦτα</strong></span> <span class='ocrx_word' id='word_1_795' title='bbox 2807 4679 2941 4752; x_wconf 79' lang='grc' dir='ltr'><strong>ἐμοῦ</strong></span> <span class='ocrx_word' id='word_1_796' title='bbox 2961 4680 3203 4735; x_wconf 77' lang='grc' dir='ltr'><strong>ἐνιαυτὸν</strong></span> <span class='ocrx_word' id='word_1_797' title='bbox 3230 4681 3324 4735; x_wconf 77' lang='grc' dir='ltr'><strong>καὶ</strong></span> <span class='ocrx_word' id='word_1_798' title='bbox 3353 4680 3497 4751; x_wconf 82' lang='grc' dir='ltr'><strong>τρεῖς</strong></span> <span class='ocrx_word' id='word_1_799' title='bbox 3521 4673 3659 4732; x_wconf 78' lang='grc' dir='ltr'><strong>ὅλους</strong></span> <span class='ocrx_word' id='word_1_800' title='bbox 3682 4678 3763 4734; x_wconf 81' lang='grc' dir='ltr'><strong>μη·</strong></span> 
     </span>
    </p>
   </div>
   <div class='ocr_carea' id='block_1_108' title="bbox 2237 4972 3751 5055">
    <p class='ocr_par' dir='ltr' id='par_1_108' title="bbox 2237 4972 3751 5055">
     <span class='ocr_line' id='line_1_108' title="bbox 2237 4972 3751 5055; baseline 0.003 -18"><span class='ocrx_word' id='word_1_801' title='bbox 2237 4984 2490 5053; x_wconf 80' lang='lat' dir='ltr'><strong>professi.</strong></span> <span class='ocrx_word' id='word_1_802' title='bbox 2541 4983 2732 5040; x_wconf 83' lang='lat' dir='ltr'><strong>Exstat</strong></span> <span class='ocrx_word' id='word_1_803' title='bbox 2771 4985 2913 5055; x_wconf 89' lang='lat' dir='ltr'><strong>apud</strong></span> <span class='ocrx_word' id='word_1_804' title='bbox 2960 4986 3319 5042; x_wconf 81' lang='lat' dir='ltr'><strong>Athanasium</strong></span> <span class='ocrx_word' id='word_1_805' title='bbox 3370 4983 3516 5053; x_wconf 78' lang='lat' dir='ltr'><strong>Apol.</strong></span> <span class='ocrx_word' id='word_1_806' title='bbox 3553 4977 3602 5055; x_wconf 53' lang='grc' dir='ltr'><strong>ξε</strong></span> <span class='ocrx_word' id='word_1_807' title='bbox 3631 4972 3751 5055; x_wconf 59' lang='lat' dir='ltr'><strong>&quot;&#39;f&quot;</strong></span> 
     </span>
    </p>
   </div>
   <div class='ocr_carea' id='block_1_109' title="bbox 2237 5050 3748 5135">
    <p class='ocr_par' dir='ltr' id='par_1_109' title="bbox 2237 5050 3748 5135">
     <span class='ocr_line' id='line_1_109' title="bbox 2237 5050 3748 5135; baseline -0.001 -27"><span class='ocrx_word' id='word_1_808' title='bbox 2237 5050 2368 5135; x_wconf 67' lang='lat' dir='ltr'><strong>vero</strong></span> <span class='ocrx_word' id='word_1_809' title='bbox 2397 5057 2466 5135; x_wconf 78' lang='lat' dir='ltr'><strong>de</strong></span> <span class='ocrx_word' id='word_1_810' title='bbox 2489 5057 2759 5135; x_wconf 65' lang='grc' dir='ltr'><strong>ὁμοουσίεί)</strong></span> <span class='ocrx_word' id='word_1_811' title='bbox 2788 5050 3013 5135; x_wconf 59' lang='lat' dir='ltr'><strong>verbum</strong></span> <span class='ocrx_word' id='word_1_812' title='bbox 3046 5059 3256 5135; x_wconf 77' lang='lat' dir='ltr'><strong>nullum</strong></span> <span class='ocrx_word' id='word_1_813' title='bbox 3281 5073 3294 5120; x_wconf 94' lang='lat'><strong>;</strong></span> <span class='ocrx_word' id='word_1_814' title='bbox 3345 5050 3474 5135; x_wconf 70' lang='lat' dir='ltr'><strong>nam</strong></span> <span class='ocrx_word' id='word_1_815' title='bbox 3493 5062 3541 5106; x_wconf 88' lang='lat' dir='ltr'><strong>et</strong></span> <span class='ocrx_word' id='word_1_816' title='bbox 3571 5050 3628 5135; x_wconf 36' lang='lat' dir='ltr'><strong>in.</strong></span> 
     </span>
    </p>
   </div>
   <div class='ocr_carea' id='block_1_110' title="bbox 2236 5105 3748 5196">
    <p class='ocr_par' dir='ltr' id='par_1_110' title="bbox 2236 5105 3748 5196">
     <span class='ocr_line' id='line_1_110' title="bbox 2236 5105 3748 5196; baseline -0.005 -21"><span class='ocrx_word' id='word_1_817' title='bbox 2236 5105 2366 5196; x_wconf 41' lang='lat' dir='ltr'><strong>sint}</strong></span> <span class='ocrx_word' id='word_1_818' title='bbox 2394 5105 2763 5196; x_wconf 47' lang='lat' dir='ltr'><strong>Lassata;</strong></span> <span class='ocrx_word' id='word_1_819' title='bbox 2799 5105 2869 5180; x_wconf 68' lang='grc' dir='ltr'><strong>’ίῖί</strong></span> <span class='ocrx_word' id='word_1_820' title='bbox 2888 5105 3013 5196; x_wconf 55' lang='lat' dir='ltr'><strong>at;</strong></span> <span class='ocrx_word' id='word_1_821' title='bbox 3040 5105 3320 5196; x_wconf 49' lang='lat' dir='ltr'><strong>ganeae</strong></span> <span class='ocrx_word' id='word_1_822' title='bbox 3345 5105 3629 5196; x_wconf 46' lang='lat' dir='ltr'><strong>&#39;Knib&#39;rusto</strong></span> <span class='ocrx_word' id='word_1_823' title='bbox 3653 5105 3748 5196; x_wconf 50' lang='lat'><strong>{’11:</strong></span> 
     </span>
    </p>
   </div>
   <div class='ocr_carea' id='block_1_111' title="bbox 2236 5186 3744 5266">
    <p class='ocr_par' dir='ltr' id='par_1_111' title="bbox 2236 5186 3744 5266">
     <span class='ocr_line' id='line_1_111' title="bbox 2236 5186 3744 5266; baseline 0.001 -20"><span class='ocrx_word' id='word_1_824' title='bbox 2236 5193 2416 5251; x_wconf 90' lang='lat' dir='ltr'><strong>ladius</strong></span> <span class='ocrx_word' id='word_1_825' title='bbox 2444 5186 2920 5266; x_wconf 25' lang='lat' dir='ltr'><strong>etASecundianns&#39;</strong></span> <span class='ocrx_word' id='word_1_826' title='bbox 2944 5197 3188 5265; x_wconf 85' lang='lat' dir='ltr'><strong>episcopi</strong></span> <span class='ocrx_word' id='word_1_827' title='bbox 3215 5193 3454 5266; x_wconf 87' lang='lat' dir='ltr'><strong>damnati</strong></span> <span class='ocrx_word' id='word_1_828' title='bbox 3487 5186 3744 5266; x_wconf 49' lang='lat' dir='ltr'><strong>sllyltflﬂ“</strong></span> 
     </span>
    </p>
   </div>
   <div class='ocr_carea' id='block_1_112' title="bbox 2237 5242 3745 5335">
    <p class='ocr_par' dir='ltr' id='par_1_112' title="bbox 2237 5242 3745 5335">
     <span class='ocr_line' id='line_1_112' title="bbox 2237 5242 3745 5335; baseline -0.006 -19"><span class='ocrx_word' id='word_1_829' title='bbox 2237 5242 2290 5317; x_wconf 72' lang='grc' dir='ltr'><strong>ἱῖι</strong></span> <span class='ocrx_word' id='word_1_830' title='bbox 2298 5242 3519 5335; x_wconf 47' lang='lat' dir='ltr'><strong>arguisse;31‘.“Ege};(satiatae?iam,</strong></span> <span class='ocrx_word' id='word_1_831' title='bbox 3548 5242 3616 5335; x_wconf 56' lang='lat' dir='ltr'><strong>iis</strong></span> <span class='ocrx_word' id='word_1_832' title='bbox 3630 5242 3745 5335; x_wconf 43' lang='lat' dir='ltr'><strong>indin-</strong></span> 
     </span>
    </p>
   </div>
   <div class='ocr_carea' id='block_1_113' title="bbox 2240 5322 3742 5403">
    <p class='ocr_par' dir='ltr' id='par_1_113' title="bbox 2240 5322 3742 5403">
     <span class='ocr_line' id='line_1_113' title="bbox 2240 5322 3742 5403; baseline 0 -17"><span class='ocrx_word' id='word_1_833' title='bbox 2240 5335 2385 5387; x_wconf 62' lang='lat' dir='ltr'><strong>(eium</strong></span> <span class='ocrx_word' id='word_1_834' title='bbox 2420 5334 2638 5402; x_wconf 88' lang='lat' dir='ltr'><strong>aliquod</strong></span> <span class='ocrx_word' id='word_1_835' title='bbox 2673 5322 2888 5388; x_wconf 56' lang='lat' dir='ltr'><strong>Arianm</strong></span> <span class='ocrx_word' id='word_1_836' title='bbox 2918 5335 3280 5403; x_wconf 86' lang='lat' dir='ltr'><strong>professionis</strong></span> <span class='ocrx_word' id='word_1_837' title='bbox 3303 5322 3527 5403; x_wconf 72' lang='lat' dir='ltr'><strong>eliceret,</strong></span> <span class='ocrx_word' id='word_1_838' title='bbox 3559 5322 3742 5403; x_wconf 56' lang='lat' dir='ltr'><strong>idco‘l&#39;fc</strong></span> 
     </span>
    </p>
   </div>
   <div class='ocr_carea' id='block_1_114' title="bbox 2241 5380 3739 5472">
    <p class='ocr_par' dir='ltr' id='par_1_114' title="bbox 2241 5380 3739 5472">
     <span class='ocr_line' id='line_1_114' title="bbox 2241 5380 3739 5472; baseline -0.01 -16"><span class='ocrx_word' id='word_1_839' title='bbox 2241 5380 2969 5472; x_wconf 32' lang='lat' dir='ltr'><strong>variisvint&#39;m&#39;vr‘ogationiburs</strong></span> <span class='ocrx_word' id='word_1_840' title='bbox 2988 5380 3330 5464; x_wconf 57' lang='lat' dir='ltr'><strong>laTBé&#39;s&#39;érEtf</strong></span> <span class='ocrx_word' id='word_1_841' title='bbox 3343 5380 3534 5456; x_wconf 81' lang='lat' dir='ltr'><strong>nullam</strong></span> <span class='ocrx_word' id='word_1_842' title='bbox 3561 5380 3739 5472; x_wconf 39' lang='grc' dir='ltr'><strong>δοκε-νίζ’</strong></span> 
     </span>
    </p>
   </div>
   <div class='ocr_carea' id='block_1_115' title="bbox 2241 5464 3738 5542">
    <p class='ocr_par' dir='ltr' id='par_1_115' title="bbox 2241 5464 3738 5542">
     <span class='ocr_line' id='line_1_115' title="bbox 2241 5464 3738 5542; baseline -0.011 -16"><span class='ocrx_word' id='word_1_843' title='bbox 2241 5474 2514 5527; x_wconf 79' lang='lat' dir='ltr'><strong>stantialis</strong></span> <span class='ocrx_word' id='word_1_844' title='bbox 2546 5464 2874 5542; x_wconf 52' lang='lat' dir='ltr'><strong>men&#39;tionem</strong></span> <span class='ocrx_word' id='word_1_845' title='bbox 2913 5473 3110 5542; x_wconf 83' lang='lat' dir='ltr'><strong>attigit,</strong></span> <span class='ocrx_word' id='word_1_846' title='bbox 3160 5472 3252 5528; x_wconf 89' lang='lat' dir='ltr'><strong>sed</strong></span> <span class='ocrx_word' id='word_1_847' title='bbox 3283 5474 3392 5526; x_wconf 59' lang='lat' dir='ltr'><strong>hac</strong></span> <span class='ocrx_word' id='word_1_848' title='bbox 3423 5464 3738 5542; x_wconf 38' lang='lat' dir='ltr'><strong>tantulum-liti;</strong></span> 
     </span>
    </p>
   </div>
   <div class='ocr_carea' id='block_1_116' title="bbox 2242 5527 3736 5614">
    <p class='ocr_par' dir='ltr' id='par_1_116' title="bbox 2242 5527 3736 5614">
     <span class='ocr_line' id='line_1_116' title="bbox 2242 5527 3736 5614; baseline -0.001 -20"><span class='ocrx_word' id='word_1_849' title='bbox 2242 5543 2460 5608; x_wconf 89' lang='lat' dir='ltr'><strong>munia;</strong></span> <span class='ocrx_word' id='word_1_850' title='bbox 2513 5542 2707 5614; x_wconf 75' lang='lat' dir='ltr'><strong>ecquid</strong></span> <span class='ocrx_word' id='word_1_851' title='bbox 2754 5527 3498 5614; x_wconf 12' lang='lat' dir='ltr'><strong>Filius,ini’mortalis,_bonus</strong></span> <span class='ocrx_word' id='word_1_852' title='bbox 3526 5544 3580 5584; x_wconf 73' lang='lat' dir='ltr'><strong>ac</strong></span> 
     </span>
    </p>
   </div>
   <div class='ocr_carea' id='block_1_117' title="bbox 2240 5589 3733 5702">
    <p class='ocr_par' dir='ltr' id='par_1_117' title="bbox 2240 5589 3733 5702">
     <span class='ocr_line' id='line_1_117' title="bbox 2240 5589 3733 5702; baseline -0.004 -37"><span class='ocrx_word' id='word_1_853' title='bbox 2240 5589 2504 5702; x_wconf 51' lang='lat' dir='ltr'><strong>esset,a:,1c</strong></span> <span class='ocrx_word' id='word_1_854' title='bbox 2528 5589 2737 5702; x_wconf 59' lang='lat' dir='ltr'><strong>r&#39;cli‘qua</strong></span> <span class='ocrx_word' id='word_1_855' title='bbox 2767 5613 2982 5702; x_wconf 69' lang='lat' dir='ltr'><strong>generis</strong></span> <span class='ocrx_word' id='word_1_856' title='bbox 3010 5589 3733 5702; x_wconf 29' lang='lat' dir='ltr'><strong>ejusdem{Quinctimiﬂhg</strong></span> 
     </span>
    </p>
   </div>
   <div class='ocr_carea' id='block_1_118' title="bbox 2240 5669 3704 5751">
    <p class='ocr_par' dir='ltr' id='par_1_118' title="bbox 2240 5669 3704 5751">
     <span class='ocr_line' id='line_1_118' title="bbox 2240 5669 3704 5751; baseline 0.009 -19"><span class='ocrx_word' id='word_1_857' title='bbox 2240 5669 2734 5751; x_wconf 43' lang='lat' dir='ltr'><strong>nasibSymbolum</strong></span> <span class='ocrx_word' id='word_1_858' title='bbox 2765 5669 2886 5735; x_wconf 45' lang='lat' dir='ltr'><strong>cum</strong></span> <span class='ocrx_word' id='word_1_859' title='bbox 2916 5682 2986 5751; x_wconf 87' lang='lat' dir='ltr'><strong>sit</strong></span> <span class='ocrx_word' id='word_1_860' title='bbox 3015 5669 3258 5747; x_wconf 59' lang='lat' dir='ltr'><strong>«fuardam</strong></span> <span class='ocrx_word' id='word_1_861' title='bbox 3293 5669 3410 5735; x_wconf 64' lang='lat' dir='ltr'><strong>fidei</strong></span> <span class='ocrx_word' id='word_1_862' title='bbox 3437 5669 3704 5751; x_wconf 48' lang='lat' dir='ltr'><strong>eXPOSij&#39;Bj</strong></span> 
     </span>
    </p>
   </div>
   <div class='ocr_carea' id='block_1_119' title="bbox 2240 5729 3726 5819">
    <p class='ocr_par' dir='ltr' id='par_1_119' title="bbox 2240 5729 3726 5819">
     <span class='ocr_line' id='line_1_119' title="bbox 2240 5729 3726 5819; baseline -0.02 -15"><span class='ocrx_word' id='word_1_863' title='bbox 2240 5729 2636 5818; x_wconf 55' lang='grc' dir='ltr'><strong>ἕῖὲὶὶῆἓζὶῖέίἰ</strong></span> <span class='ocrx_word' id='word_1_864' title='bbox 2648 5729 2742 5802; x_wconf 62' lang='grc' dir='ltr'><strong>Ἴὲδ</strong></span> <span class='ocrx_word' id='word_1_865' title='bbox 2770 5729 3726 5819; x_wconf 35' lang='lat' dir='ltr'><strong>sitLSoBEto&#39;JGEéfr‘iniE&#39;propugnaret,</strong></span> 
     </span>
    </p>
   </div>
   <div class='ocr_carea' id='block_1_120' title="bbox 2239 5819 3344 5889">
    <p class='ocr_par' dir='ltr' id='par_1_120' title="bbox 2239 5819 3344 5889">
     <span class='ocr_line' id='line_1_120' title="bbox 2239 5819 3344 5889; baseline 0.002 -17"><span class='ocrx_word' id='word_1_866' title='bbox 2239 5819 2481 5889; x_wconf 85' lang='lat' dir='ltr'><strong>ejusdem</strong></span> <span class='ocrx_word' id='word_1_867' title='bbox 2516 5821 2761 5876; x_wconf 82' lang='lat' dir='ltr'><strong>vocabuli</strong></span> <span class='ocrx_word' id='word_1_868' title='bbox 2792 5822 3120 5875; x_wconf 86' lang='lat' dir='ltr'><strong>mentionem</strong></span> <span class='ocrx_word' id='word_1_869' title='bbox 3146 5820 3344 5875; x_wconf 85' lang='lat' dir='ltr'><strong>omisit.</strong></span> 
     </span>
    </p>
   </div>
  </div>
