3988 6396
145 332 243 391 385
756 321 1118 380 ADVERSUS
1148 321 1490 380 IIERESES
1527 325 1654 381 LIB.
1689 325 1776 381 Ill.
1810 325 1974 382 ΤΟΜ.
2007 326 2117 381 1.-
2138 325 2412 381 IL-ERES.
2457 326 2666 382 LXXII.
3259 335 3364 395 535

144 465 230 510 νας
258 449 316 500 ὲν
337 420 408 514 τῇ
448 441 628 512 Ῥώμῃ
654 441 1030 511 πεποιηκότος,
1059 441 1353 508 ἀναγκαῖον
1379 442 1690 513 ἡγησάμην,

1797 439 1981 494 Romae
2010 448 2376 494 cornnioralus
2409 452 2623 504 tuerun,
2658 439 2723 491 l‘ai
2747 451 2960 492 urnam;
3013 443 3142 497 mihi
3189 448 3367 502 omni-

145 538 339 609 μέλλων
371 533 615 585 ἐντεῦθεν
645 532 863 596 ἐξιέναι,
908 532 1180 602 ἐγγραφόν
1217 550 1296 584 σοι
1325 533 1424 604 τὴν
1451 532 1688 604 ὲμαυτοῦ

1789 545 1860 584 no
1903 531 2112 596 censui,
2175 537 2234 583 ut
2265 539 2557 597 antequam
2604 530 2727 581 hinc
2781 531 3173 598 proﬁciscerer,
3229 551 3363 593 mea;

140 633 308 683 πίστιν
328 626 468 695 μετά
489 626 662 693 πάσης
686 622 938 693 ἀληθείας
965 626 1028 693 τῇ
1053 624 1288 692 ἐμαυτοῦ
1313 626 1456 696 χειρὶ
1474 625 1690 696 γράψας

1788 620 1910 674 ﬁdei
1962 619 2356 690 professionem
2410 619 2505 672 tibi
2577 619 2786 673 sincere
2836 631 2999 690 atque
3049 639 3113 677 ex
3176 627 3363 680 animo

142 719 418 780 ἐπιδοῦναι,
441 715 509 785 ἢν
535 713 748 784 ἔμαθον,
771 714 833 766 ἐκ
853 731 912 764 τε
944 713 1051 766 τῶν
1078 714 1232 766 θείων
1261 715 1490 785 Γραφῶν
1519 714 1689 768 ὲδιδά-

1788 722 2017 778 meaque
2067 723 2230 761 manu
2279 708 2636 778 perscriptum
2679 709 2926 763 ollerrem
2961 730 2974 764 :
3009 715 3222 782 qualem
3277 717 3361 769 di-

140 813 277 881 χθην,
297 811 386 861 καὶ
407 808 518 859 τῶν
541 804 716 866 κακῶς
744 805 834 856 ὑπ’
852 804 1027 857 αὐτῶν
1052 805 1358 874 λεγομένων
1380 806 1691 875 ὑπομνῆσαι

1787 798 1917 861 dici,
1950 805 2113 866 atque
2147 815 2214 852 ex
2247 798 2448 852 divinis
2500 796 2719 852 Litteris
2760 815 2879 853 sum
2917 802 3165 869 edoctus,
3209 815 3262 860 et
3301 815 3360 862 ut

144 919 213 960 σε.
237 901 318 952 ἵνα
342 897 506 967 γνῷς.
539 892 614 954 οἷς
641 897 910 966 χρώμενοι
933 897 1067 964 πρὸς
1100 897 1314 964 ἀπάτην
1335 896 1441 948 τῶν
1469 896 1690 950 ἀκουόν-

1787 885 1840 939 in
1873 887 2187 940 memoriam
2225 887 2317 940 tibi
2345 901 2653 940 revocat-em
2697 904 2815 957 qua‘
2845 905 3122 960 perperam
3157 895 3223 949 ab
3253 896 3359 951 illis

146 1009 233 1043 των
256 990 448 1056 λόγοις,
483 988 579 1058 τὴν
605 987 858 1056 ἀλήθειαν
893 987 1153 1058 κρύπτειν
1177 987 1474 1058 βούλονται.

1789 985 2154 1031 asseruntur:
2186 994 2249 1031 ex
2299 978 2499 1047 quibus
2531 979 2891 1048 intelligeres,
2927 982 3252 1050 quibusnam
3285 985 3353 1038 ad

1787 1065 2071 1119 auditores
2112 1065 2463 1134 decipiendos
2494 1067 2755 1123 adhibitis
2784 1072 3129 1129 sermonibus
3150 1074 3349 1128 verita-

1791 1165 1895 1209 tem
1919 1157 2194 1210 occultare
2218 1169 2501 1211 conantur.

203 1247 320 1300 Φασὶ
353 1246 464 1316 γὰρ
506 1244 580 1316 μὴ
619 1245 746 1298 ἴδιον
785 1245 879 1298 καὶ
911 1245 1157 1316 ἀληθινὸν
1197 1246 1367 1314 Λόγον
1413 1243 1550 1302 εἶναι
1592 1249 1684 1303 τοῦ

1858 1247 1916 1298 ln
1951 1246 2137 1314 primis
2168 1248 2312 1300 enim
2337 1257 2535 1317 negant
2570 1247 2857 1304 Dominum
2893 1261 3150 1316 nostrum
3173 1254 3357 1310 Jesum

148 1338 556 1407 παντοκράτορος
584 1335 718 1388 Θεοῦ
756 1335 848 1388 τὸν
880 1336 1006 1388 Υἱὸν
1039 1335 1127 1388 τὸν
1163 1335 1363 1408 Κύριον
1395 1337 1550 1409 ήμῶν
1583 1340 1688 1410 ’1η-

1785 1334 2061 1390 Christum
2087 1337 2363 1407 proprium
2396 1353 2460 1392 ac
2493 1355 2678 1393 verum
2705 1338 2797 1394 Dei
2823 1345 3210 1412 omnipotentis
3233 1363 3355 1402 eSse

147 1431 251 1482 σοῦν
294 1427 546 1498 Χριστὸν,
596 1427 710 1481 ἀλλ’
759 1427 943 1497 ἓτερον
986 1425 1149 1480 αὐτοῦ
1194 1427 1360 1496 Λόγον
1392 1424 1552 1495 εἶναι,
1594 1431 1688 1484 καὶ

1787 1423 2047 1491 Verbum,
2087 1429 2180 1483 sed
2230 1427 2376 1482 aliud
2423 1429 2593 1498 ipsius
2618 1446 2739 1486 esse
2763 1430 3021 1498 Verbum,
3065 1436 3224 1490 aliam
3267 1453 3357 1491 sa.-

145 1524 310 1594 ὲτέραν
353 1519 548 1589 σοφίαν
589 1521 682 1572 καὶ
721 1517 970 1588 δύναμιν.
1042 1518 1240 1572 Τοῦτον
1274 1519 1562 1589 γενόμενον
1594 1521 1686 1574 ὑπ’

1787 1515 2045 1587 pientiam
2080 1525 2133 1572 et
2180 1518 2435 1573 virtutem
2478 1535 2601 1574 esse
2639 1522 2962 1590 pradicant.
3006 1522 3160 1579 lllum
3207 1544 3357 1594 vero,

142 1612 283 1668 αὑτοῦ
317 1610 630 1681 ὠνομάσθαι
681 1609 885 1678 Λόγον,
927 1608 1020 1662 καὶ
1058 1610 1266 1678 σοφίαν,
1308 1611 1402 1664 καὶ
1439 1610 1682 1683 δύναμιν.

1787 1618 2075 1679 postquam
2107 1609 2160 1663 in
2195 1609 2369 1665 lucem
2396 1611 2466 1665 sit
2503 1611 2704 1677 editus,
2751 1613 2821 1667 ab
2860 1614 2978 1684 ipso
3013 1613 3269 1684 Verbum,
3303 1627 3357 1673 et

145 1704 238 1759 Καὶ
269 1703 349 1757 διὰ
389 1702 452 1754 τὸ
496 1700 669 1764 οὕτως
704 1700 901 1761 αὐτοὺς
938 1701 1171 1770 φρονεῖν,
1201 1700 1365 1772 ἄλλην
1395 1702 1686 1756 ὑπόστασιν

1791 1702 2115 1772 sapientiam
2173 1700 2536 1772 virtutemque
2589 1704 2953 1764 nominatum.
3018 1705 3174 1772 Quod
3230 1723 3355 1764 cum

145 1793 409 1847 διεστῶσαν
437 1790 533 1845 τοῦ
568 1791 782 1860 Πατρὸς
814 1785 950 1844 εἷναί
988 1809 1168 1860 φασιν.
1227 1793 1345 1845 Ἔτι
1382 1792 1564 1864 μέντοι
1595 1797 1688 1847 καὶ⁵
1719 1798 1720 1849 ἶ

1789 1793 2047 1856 sentiant,
2080 1791 2242 1846 aliam
2273 1806 2302 1844 a
2328 1789 2489 1848 Patre
2538 1792 2807 1849 diversam
2857 1795 3188 1866 hypostasim
3234 1813 3359 1855 esse

143 1883 485 1954 προϋπάρχειν
529 1881 626 1934 τοῦ
654 1880 782 1935 Υίοῦ
819 1881 910 1935 τὸν
947 1881 1183 1952 Πατέρα,
1223 1881 1290 1936 δι’
1323 1875 1396 1936 ὧν
1443 1883 1682 1954 γράφου-

1787 1881 1935 1935 illum
1964 1879 2294 1936 existimant.
2330 1878 2591 1937 Praeterea
2624 1881 2841 1938 Patrem
2874 1891 2999 1937 ante
3028 1883 3227 1940 Filium
3261 1901 3357 1941 ex-

143 1993 227 2038 σιν,
264 1975 650 2044 ἀποφαίνονται
697 1973 771 2044 μὴ
810 1970 948 2028 εἷναι
994 1973 1156 2028 αὐτὸν
1193 1973 1406 2044 ἀληθῶς
1454 1973 1571 2027 re»
1619 1974 1685 2026 ὲκ

1785 1971 2000 2035 sistere,
2047 1985 2115 2026 ex
2165 1971 2250 2026 his
2289 1987 2409 2041 quae
2438 1973 2688 2028 scribunt
2727 1973 3016 2031 manifeste
3041 1976 3355 2046 declarant;

142 2067 216 2120 τοῦ
249 2066 409 2120 Θεοῦ·
453 2065 592 2119 ἀλλά
635 2064 736 2118 κᾶν
781 2064 1028 2133 λέγουσιν
1067 2067 1131 2118 ὲκ
1165 2064 1258 2119 τοῦ
1296 2064 1462 2128 Θεοῦ,
1512 2064 1685 2128 οὕτως

1795 2075 1896 2114 nec
1921 2060 2100 2129 ipsum
2134 2076 2260 2116 vere
2288 2077 2412 2117 esse
2439 2061 2659 2127 Filium,
2684 2079 2714 2118 a
2742 2063 2904 2120 Patre
2927 2069 3306 2136 procedentem
3336 2088 3352 2125 :

141 2155 357 2222 λέγουσιν
409 2155 485 2215 ὡς
542 2154 688 2207 κατὶι
737 2154 932 2207 πάντα.
1003 2154 1122 2206 Ἔτι
1190 2153 1295 2224 μὴν
1339 2152 1431 2206 καὶ
1486 2154 1566 2206 ὅτι
1615 2148 1683 2223 ἦν

1796 2151 1890 2206 sed
1921 2153 2022 2206 etsi
2051 2166 2082 2205 a
2116 2150 2224 2206 Deo
2253 2167 2374 2207 esse
2402 2153 2608 2219 dicant,
2638 2155 2862 2223 perinde
2895 2157 3045 2212 illum
3078 2160 3351 2213 arbitran-

142 2263 268 2312 ποτε,
295 2248 377 2300 ὅτε
422 2246 523 2299 οὐκ
560 2243 652 2318 ἦν,
703 2246 878 2315 λέγειν
908 2245 1180 2316 τολμῶσι·
1226 2245 1318 2298 καὶ
1350 2245 1551 2314 κτίσμα
1581 2245 1681 2298 αύο

1784 2251 1871 2296 tur
1913 2257 1977 2295 ac
2025 2251 2217 2296 caetera
2277 2243 2460 2296 omnia
2520 2253 2702 2297 creata
2746 2245 3037 2315 proﬁcisci.
3078 2249 3161 2303 Ad
3214 2250 3350 2314 haec,

142 2337 214 2388 τον
251 2339 336 2391 καὶ
380 2337 595 2410 ποίημα
641 2333 798 2402 εἶναι,
843 2337 1166 2410 διορίζοντες
1228 2335 1390 2390 αὑτὸν
1440 2334 1547 2388 ἀπὸ
1587 2333 1680 2387 τοῦ

1783 2331 1952 2387 fuisse
1978 2333 2293 2401 aliquando,
2320 2347 2444 2387 cum
2477 2334 2716 2389 nondum
2749 2346 2916 2399 esset,
2951 2337 3219 2394 allirmare
3241 2356 3349 2396 non

143 2427 343 2496 Πατρός.
397 2429 540 2492 Τοὺς
587 2423 682 2482 οὖν
721 2427 891 2480 ταῦτα
941 2427 1196 2495 λέγοντας
1237 2425 1543 2496 ἀλλοτρίους
1585 2425 1682 2495 τῆς

1781 2422 2072 2478 dubitant:
2111 2421 2352 2492 adeoque
2399 2433 2705 2477 creaturam
2765 2435 2816 2480 et
2876 2427 3152 2496 opiﬁcium
3198 2444 3350 2495 esse;

144 2521 396 2592 καὼλικῆς
451 2519 783 2591 Ἐκκλησίας
825 2515 962 2572 εἶναι
1001 2519 1386 2588 πεπίστευμαι.
1437 2516 1682 2571 Πιστεύω

1781 2528 1941 2582 quem
1966 2513 2130 2566 etiam
2171 2527 2200 2565 a
2245 2511 2404 2566 Patre
2443 2511 2758 2582 seiungunt.
2815 2513 2927 2585 Ego
2956 2531 3083 2570 vero
3110 2519 3200 2588 qui
3236 2518 3351 2574 hch

143 2612 188 2665 δὲ
215 2613 460 2684 ἑπόμενος
495 2614 621 2674 ταῖς
659 2610 831 2674 θείαις
868 2610 1127 2681 Γραφαῖς,
1176 2611 1258 2663 ὃτι
1289 2603 1370 2671 εἷς
1401 2607 1552 2672 Θεὸς,
1588 2607 1683 2662 καὶ

1783 2609 2035 2660 asserunt
2062 2603 2131 2658 ab
2160 2601 2401 2657 Ecclesia
2430 2603 2698 2656 catholica
2729 2605 2936 2660 alienos
2961 2621 3085 2661 esse
3114 2624 3344 2677 persua-

144 2700 168 2753 ό
201 2701 365 2755 τούτου
402 2701 702 2772 μονογενὴς
735 2699 862 2762 Υἱὸς
918 2698 1108 2766 Λόγος,
1145 2699 1172 2752 ὁ
1204 2697 1290 2750 ἀεὶ
1326 2697 1682 2767 συνυπάρχων

1783 2709 1904 2748 sum
1936 2693 2134 2748 habeo.
2190 2688 2326 2746 Tum
2375 2694 2553 2749 sacris
2605 2692 2829 2749 Litteris
2880 2695 3152 2752 inhaerens
3183 2701 3352 2754 credo

143 2789 205 2860 τῷ
228 2791 404 2863 Πατρὶ,
427 2790 521 2844 καὶ
551 2787 912 2860 μηδεπώποτε
940 2788 1113 2860 ἀρχὴν
1131 2787 1225 2841 τοῦ
1251 2783 1386 2840 εἶναι
1412 2787 1680 2858 ἐσχηκὼς,

1783 2799 1950 2839 unum
1984 2800 2109 2840 esse
2142 2783 2306 2839 Deum
2337 2792 2392 2838 ct
2424 2785 2764 2854 unigenitum
2805 2787 2926 2855 ejus
2972 2787 3169 2843 Filium
3225 2793 3354 2845 γετ-

146 2880 324 2951 ἀληθῶς
353 2885 412 2934 ὲκ
438 2880 533 2935 τοῦ
572 2879 710 2934 Θεοῦ
740 2879 1018 2950 ὑπάρχων,
1047 2880 1108 2932 οὑ
1149 2879 1403 2944 κτισθεὶς,
1430 2880 1490 2931 ού
1523 2896 1680 2950 ποιη-

1781 2874 1932 2938 bum.
1960 2876 2050 2944 qui
2076 2891 2198 2929 cum
2230 2874 2389 2929 Patre
2416 2890 2629 2945 semper
2657 2877 2896 2943 exsistit,
2922 2893 3022 2932 nec
3045 2880 3349 2933 exsistendi

147 2969 253 3033 051;,
289 2971 415 3024 ἀλλά
453 2971 542 3025 ἀεὶ
589 2970 684 3036 ὣν,
733 2969 820 3022 ἀεὶ
861 2969 1269 3040 συμϐασιλεύων
1312 2967 1388 3038 τῷ
1424 2969 1543 3040 Θεῷ
1589 2971 1682 3023 καὶ

1781 2967 1997 3020 initium
2032 2966 2198 3020 ullum
2233 2980 2470 3036 unquam
2505 2966 2695 3020 habuit
2724 2985 2737 3020 :
2768 2966 2908 3022 idem
2951 2982 3136 3022 revera
3176 2985 3205 3022 a
3242 2968 3351 3024 Deo

149 3060 308 3132 Πατρὶ,
328 3057 396 3118 οὗ
422 3061 526 3131 τῆς
553 3061 902 3126 βασιλείας,
938 3059 1076 3114 κατὰ
1120 3061 1218 3131 τὴν
1252 3059 1345 3113 τοῦ
1386 3060 1680 3114 ἀποστόλου

1784 3058 2102 3124 procedens,
2135 3073 2240 3110 non
2270 3066 2509 3120 creatus,
2559 3072 2667 3112 non
2706 3056 2906 3121 lactus,
2945 3060 3039 3114 sed
3076 3062 3348 3116 exsistens

150 3131 434 3223 μαρτυρίαν,
461 3155 579 3208 οὐκ
607 3151 777 3207 ἔσται
806 3151 998 3217 τέλος.
1033 3146 1197 3215 Οὗτος
1223 3151 1371 3215 Υίὸς,
1403 3146 1553 3214 οὗτος
1590 3151 1678 3204 δύ·
1707 3132 1725 3188 (

1783 3162 2016 3216 semper,
2037 3161 2100 3200 ac
2124 3162 2248 3200 cum
2286 3146 2393 3200 Deo
2419 3146 2575 3200 Patre
2608 3157 2870 3217 perpetuo
2904 3165 3156 3219 regnans,
3195 3153 3345 3219 cujus

147 3257 297 3311 ναμις,
324 3237 467 3308 οὗτος
502 3243 693 3312 σοφία,
719 3236 872 3305 οὗτος
910 3240 1039 3305 ἴδιος
1086 3243 1179 3295 καὶ
1207 3242 1410 3312 ἀληθὴς
1430 3241 1521 3294 τοῦ
1545 3241 1678 3294 Θεοῦ

1779 3237 1942 3306 regni,
1976 3244 2035 3289 ut
2076 3245 2308 3291 testatur
2349 3238 2629 3306 apostolus
2655 3277 2670 3302 ,
2722 3255 2825 3292 non
2874 3241 2971 3292 erit
3015 3241 3136 3307 ﬁnis
3169 3243 3208 3294 ί.
3252 3240 3351 3297 llic

145 3330 304 3397 Λόγος,
333 3333 361 3384 ό
401 3333 613 3403 Κύριος
653 3330 808 3400 ἡμῶν
851 3328 1060 3400 Ἰησοῦς
1090 3329 1344 3400 Χριστὸς,
1377 3327 1680 3400 ἀδιαίρετος

1781 3323 1896 3392 ipse
1936 3321 2127 3386 Filius,
2180 3324 2294 3393 ipse
2338 3327 2532 3387 virtus,
2584 3326 2697 3394 ipse
2741 3327 3028 3396 sapientia,
3064 3331 3178 3397 ipse
3218 3345 3347 3398 pro-

145 3420 336 3493 δύναμις
363 3423 451 3477 τοῦ
478 3422 642 3486 Θεοῦ,
685 3422 752 3475 δι’
783 3414 843 3475 οὗ
873 3421 941 3474 τά
972 3420 1147 3474 πάντα
1187 3417 1256 3470 τὰ
1288 3418 1553 3489 γενόμενα
1585 3417 1679 3484 γέο

1779 3415 1956 3483 prium
2009 3429 2307 3484 verumque
2374 3412 2468 3469 Dei
2531 3413 2794 3481 Verbum,
2849 3417 3110 3472 Dominus
3161 3427 3347 3474 noster

147 3513 478 3579 γονε,’καθὼς
514 3515 586 3567 τὸ
622 3511 950 3582 Εὐαγγέλιον
993 3513 1280 3582 μαρτυρεῖ,
1324 3508 1511 3576 λέγον·
1579 3505 1681 3561 Ἐν

1781 3501 1945 3558 Jesus
2024 3503 2311 3567 Christus,
2362 3503 2594 3560 indivisa
2643 3503 2735 3559 Dei
2784 3507 2998 3562 virtus:
3031 3523 3124 3576 per
3184 3523 3346 3578 quem

147 3600 273 3670 ἀρχῇ
301 3600 373 3673 ἦν
399 3607 430 3658 ό
455 3607 676 3669 Λόγος,
701 3601 799 3656 καὶ
823 3604 856 3655 ὁ
888 3602 1078 3670 Λόγος
1100 3596 1178 3672 ἦν
1205 3599 1355 3669 πρὸς
1377 3599 1486 3652 τὸν
1510 3597 1677 3662 Θεὸν,

1779 3601 1964 3649 creata
1992 3594 2173 3649 omnia
2206 3593 2472 3663 producta
2512 3606 2660 3660 sunt,
2696 3603 2755 3649 ut
2791 3596 2958 3668 836
2996 3595 3345 3670 Evangelimn

147 3694 223 3746 καὶ
250 3695 380 3762 Θεὸς
404 3691 489 3767 ἦν
527 3699 566 3750 ὁ
598 3695 804 3765 Λόγος.
857 3692 1057 3748 Πάντα
1088 3691 1161 3745 δι’
1191 3691 1377 3746 αὐτοῦ
1405 3689 1640 3758 ἐγένετο
1662 3703 1675 3718 ·

1780 3684 1956 3738 docet.
2020 3681 2080 3736 1η
2111 3683 2390 3750 principio,
2439 3683 2636 3753 inquit,
2669 3694 2786 3738 erat
2829 3684 3070 3750 Verbum,
3125 3697 3172 3740 et
3223 3688 3349 3742 Ver-

148 3785 223 3836 καὶ
246 3787 406 3854 χωρὶς
443 3784 636 3841 αὑτοῦ
674 3784 909 3855 ἐγένετο
950 3782 1092 3837 οὐδὲ
1125 3781 1213 3837 ἓν.
1268 3775 1433 3843 οὗτός
1463 3781 1607 3833 ἐστιν
1651 3779 1680 3831 ὁ

1871 3789 1900 3825 n
1921 3783 2032 3828 erat
2067 3773 2204 3841 apud
2235 3772 2423 3837 Deum,
2477 3785 2525 3827 et
2550 3772 2690 3827 Deus
2715 3783 2830 3828 erat
2870 3772 3114 3830 Verbum.
3155 3776 3347 3833 Omnia
3444 3823 3446 3825 .

147 3876 304 3942 Λόγος,
327 3878 447 3950 περὶ
475 3872 536 3932 οὗ
565 3876 660 3929 καὶ
682 3876 894 3939 Λουκᾶς
917 3876 946 3928 ὁ
972 3873 1360 3944 εὐαγγελιστὴς
1393 3873 1680 3944 μαρτυρεῖ,

1777 3878 1868 3932 per
1900 3863 2070 3932 ipsum
2095 3863 2241 3932 facta
2273 3871 2428 3927 sunt;
2450 3872 2498 3916 et
2522 3863 2636 3918 sine
2662 3865 2772 3933 ipso
2804 3865 3004 3934 factum
3045 3877 3121 3921 est
3158 3869 3342 3925 nihil'.

147 3964 507 4036 λέγων’Καθὼς
517 3967 875 4036 παρέδωκαν
885 3967 1030 4037 ἡμῖν
1038 3969 1092 4020 oi
1103 3964 1383 4035 ἀπαρχῆς
1394 3965 1682 4018 αὐτόπται

1780 3951 1896 4008 Hoc
1924 3952 2142 4008 demum
2171 3951 2413 4008 Verbum
2449 3961 2555 4018 est,
2588 3954 2656 4008 de
2685 3970 2794 4028 quo
2821 3955 2997 4012 Lucas
3017 3959 3345 4029 evangelista

149 4056 228 4108 mi
242 4060 506 4127 ὑπηρέται
529 4059 841 4130 γενόμενοι
857 4057 962 4112 τοῦ
977 4058 1189 4127 Λόγου.
1231 4057 1366 4128 Περὶ
1381 4056 1569 4109 τούτου
1587 4055 1682 4109 καὶ

1779 4051 2047 4100 testatur:
2086 4043 2256 4108 Sicut,
2298 4045 2495 4114 inquit,
2533 4045 2868 4101 tradiderunt
2915 4049 3100 4113 nobis,
3147 4052 3342 4121 qni‘ab

148 4146 282 4200 A1616
305 4147 430 4220 εφηο
465 4149 863 4216 Ἑξηρεύξατο
884 4146 922 4214 ἡ
949 4147 1164 4214 καρδία
1188 4163 1306 4215 μου
1323 4146 1518 4214 Λόγον
1539 4145 1682 4214 ἁγαρ

1781 4133 1932 4186 initio
1988 4134 2304 4202 inspectores
2368 4143 2417 4187 et
2480 4135 2712 4190 ministri
2773 4136 2919 4204 fuere
2989 4136 3142 4192 Verbi
3169 4140 3206 4193 '.
3265 4139 3341 4192 Ad

147 4236 250 4288 θόν.
281 4238 425 4291 υῦτω
453 4240 546 4292 καὶ
581 4239 610 4290 ό
631 4237 833 4307 Κύριος
853 4234 1010 4307 ἡμῶν
1038 4235 1248 4306 Ἰησοῦς
1273 4234 1506 4307 Χριστὸς
1532 4236 1681 4305 ἡμᾶς

1780 4221 2028 4276 eumdem
2074 4223 2239 4277 etiam
2291 4223 2459 4278 David
2501 4227 2765 4296 respexit,
2814 4243 2938 4282 cum
2986 4229 3061 4284 ita
3106 4230 3347 4284 cecinit:

147 4321 348 4380 διδάσκει
377 4328 460 4381 διὰ
502 4326 598 4381 τοῦ
627 4325 977 4394 Εὑαγγελίου,
1021 4324 1220 4394 λέγων’
1292 4323 1437 4394 Ἐγὼ
1471 4323 1540 4377 ἐκ
1573 4323 1680 4377 τοῦ

1783 4311 2060 4366 Eructavit
2096 4329 2184 4366 cor
2215 4330 2384 4367 meum
2425 4312 2648 4368 Verbum
2685 4314 2876 4370 bonum
2901 4317 2940 4370 δ.
2969 4317 3059 4372 Sic
3088 4328 3141 4373 et
3167 4318 3348 4372 Domi-

149 4411 342 4480 Παιρὸς
367 4416 650 4484 ἐξῆλθον,
675 4413 771 4469 καί
799 4413 943 4480 ἥκω.
975 4407 1160 4476 Οὗτος,
1196 4413 1282 4466 ἐπ’
1309 4411 1550 4482 ἐσχάτων
1572 4410 1680 4463 τῶν
1712 4448 1724 4504 1

1785 4417 1888 4457 nus
1933 4412 2122 4457 noster
2165 4401 2326 4458 Jesus
2374 4401 2628 4460 Christus
2677 4403 2732 4459 in
2782 4405 3074 4475 Evangelia
3111 4423 3212 4462 nos
3245 4409 3346 4460 do-

153 4502 340 4577 ἡμερῶν
364 4505 639 4560 κατελθὼν
680 4504 768 4558 διὰ
801 4503 899 4574 τὴν
941 4504 1211 4574 ἡμετέραν
1246 4503 1534 4574 σωτηρίαν,
1581 4501 1675 4554 καὶ
1712 4491 1728 4504 ’

1784 4493 1897 4546 cuit
1922 4512 1934 4547 :
1970 4491 2101 4562 Ego,
2129 4493 2322 4563 inquit,
2355 4509 2388 4545 (ι
2442 4491 2605 4547 Patre
2633 4495 2790 4558 exivi,
2816 4505 2864 4550 et
2891 4500 3034 4549 venio
3053 4497 3095 4549 ⁸.
3133 4496 3231 4551 llic
3262 4505 3347 4552 est

154 4593 204 4644 ἐκ
236 4595 322 4665 τῆς
359 4597 634 4669 Παρθένου
671 4595 889 4666 Μαρίας
928 4595 1229 4664 γεννηθεὶς,
1257 4594 1347 4646 τὸν
1390 4593 1674 4664 ἄνθρωπον

1783 4585 1878 4654 qui
1935 4586 2226 4654 postremis
2279 4585 2619 4657 temporibus
2681 4596 2884 4642 nostra:
2932 4589 3126 4643 salutis
3176 4591 3351 4659 gratia

151 4681 296 4738 ἔλαϐε.
1782 4675 2120 4731 descendens
2157 4685 2210 4730 et
2242 4694 2308 4732 ex
2345 4675 2567 4748 Virgine
2599 4676 2767 4731 Maria
2794 4679 3033 4750 genitus,
3069 4680 3345 4734 hominem

1787 4767 2052 4836 suscepit.

199 4858 260 4912 I".
278 4863 511 4916 Πιστεύω
527 4858 620 4916 οὖν
639 4863 718 4925 είς
732 4860 867 4914 Θεὸν
885 4857 1316 4931 παντοκράτορα,
1339 4859 1434 4913 καὶ
1454 4861 1532 4924 εἰς
1555 4860 1682 4930 Χρι-

1863 4857 1946 4912 Ill.
1985 4859 2162 4913 Credo
2192 4860 2356 4929 igitur
2389 4860 2444 4914 in
2480 4859 2646 4914 Deum
2701 4861 3149 4930 omnipotentem,
3195 4870 3247 4915 et
3295 4863 3347 4916 in

157 4946 252 4998 στὸν
272 4951 462 5021 Ἰησοῦν
490 4953 580 5005 τὸν
597 4952 722 5004 Υίδν
739 4949 904 5004 αὑτοῦ
936 4950 1026 5002 τὸν
1051 4952 1332 5021 μονογενῆ,
1354 4950 1444 5002 τὸν
1475 4949 1678 5021 Κύριον

1781 4949 2061 5004 Christum
2107 4949 2292 5006 Jesum
2320 4952 2493 5020 ipsius
2535 4951 2728 5006 Filium
2777 4954 3117 5022 unigenitum
3165 4952 3347 5006 Domi.

157 5030 300 5096 ἡμῶν.
313 5038 394 5090 τὸν
407 5038 732 5109 γεννηθέντα
745 5041 809 5091 ὲκ
822 5037 1137 5109 Πνεύματος
1150 5038 1308 5106 ἁγίου
1319 5080 1331 5100 ,
1352 5039 1445 5090 καὶ
1461 5038 1678 5108 Μαρίας

1782 5054 1912 5091 num
1961 5045 2235 5104 nostrum,
2267 5041 2506 5110 genitum
2546 5041 2610 5095 de
2650 5038 2856 5112 Spiritu
2885 5051 3074 5096 sancto
3099 5050 3154 5097 et
3185 5041 3349 5097 Maria

157 5118 232 5185 τῆς
251 5123 529 5193 Παρθένου,
553 5128 642 5180 τὸν
657 5128 748 5180 ἐπὶ
767 5127 991 5180 Ποντίου
1017 5125 1248 5180 Πιλάτου
1273 5126 1552 5198 σταυρωθέ
1565 5144 1674 5194 θτα,

1781 5128 2040 5199 Virgine,
2092 5130 2186 5199 qui
2230 5130 2332 5184 sub
2370 5129 2564 5183 Pontio
2605 5129 2778 5186 Pilato
2823 5132 3121 5190 crucifixus
3168 5142 3250 5187 est
3301 5144 3353 5184 rt

160 5211 230 5260 ni
257 5216 496 5282 ταφέντα,
527 5219 619 5271 καὶ
643 5220 708 5289 τῇ
733 5218 888 5290 τρίτῃ
917 5216 1099 5288 ἡμέρᾳ
1127 5218 1432 5270 ἀναστάντα
1472 5219 1534 5270 ὲκ
1567 5217 1676 5270 τῶν

1779 5220 2043 5288 sepultus,
2071 5228 2122 5272 et
2149 5221 2302 5274 tertia
2339 5219 2427 5274 die
2466 5222 2765 5275 resurrexit
2795 5235 2823 5274 a
2851 5225 3082 5277 mortuis
3107 5241 3122 5288 ;
3159 5240 3351 5278 aScen-

159 5305 350 5374 νεκρῶν,
376 5309 641 5365 ἀναϐάντα
663 5312 741 5372 είς
769 5311 895 5373 τοὺς
919 5309 1198 5379 οὐρανοὺς,
1232 5310 1326 5361 καὶ
1367 5308 1675 5378 καθήμενον

1782 5311 1862 5364 dit
1889 5310 1942 5362 in
1976 5311 2196 5373 cmlum,
2229 5319 2281 5366 et
2308 5311 2460 5366 sedet
2513 5312 2579 5365 ad
2633 5312 2909 5366 dexteram
2958 5311 3138 5367 Patris
3167 5331 3180 5366 :
3211 5313 3353 5366 unde

157 5387 204 5441 ιν
220 5391 348 5466 δεξιᾷ
369 5399 457 5450 τοῦ
480 5401 706 5472 Πατρὸς,
735 5401 858 5454 ὅθεν
883 5399 1098 5470 ἔρχεται
1122 5399 1326 5470 κρίνειν
1351 5399 1556 5463 ζῶντας
1581 5400 1676 5452 καὶ

1783 5408 2045 5454 venturus
2085 5408 2168 5455 est
2191 5401 2440 5468 judicare
2471 5401 2622 5455 vivos
2650 5411 2705 5456 et
2737 5411 3016 5465 mortuos;
3054 5408 3100 5454 el
3137 5400 3190 5452 in
3230 5397 3351 5466 Spi-

157 5486 376 5552 νεκρούς·
410 5491 502 5542 καὶ
523 5492 600 5555 είς
623 5491 682 5544 τὸ
703 5490 857 5559 ἅγιον
868 5489 1112 5572 Πνεῦμα,
1140 5489 1300 5558 ἀγίαν
1325 5489 1670 5559 Ἐκκλησίαν,

1781 5491 1947 5546 ritum
1997 5503 2274 5555 sanctum,
2319 5501 2565 5548 sanctam
2613 5492 2934 5558 Ecclesiam,
2973 5491 3350 5547 remissionem

223 5661 527 5740 ‘Luc.i,'53
620 5676 640 5708 ³
677 5671 836 5730 Joau.
865 5687 905 5738 I,
931 5672 982 5727 '5.
1062 5671 1082 5704 ³
1114 5671 1245 5726 Luc.
1273 5687 1310 5737 ι,
1345 5672 1388 5725 l.
1466 5671 1488 5704 ⁸
1513 5671 1658 5726 Psal.
1693 5687 1834 5736 xuv,
1865 5673 1918 5726 2.
1996 5676 2015 5704 ⁸
2044 5671 2073 5727 J
2098 5690 2196 5726 van.
2236 5690 2345 5738 xvi,
2372 5675 2462 5732 28.
