3988 6400
639 349 740 404 587

2076 347 2136 404 S.
2169 345 2510 406 EPIPHANII

637 467 1009 530 peccatorum,
1031 457 1215 514 carnis
1244 457 1725 526 resurrectionem,
1743 459 1910 513 vitam
1937 465 2214 512 teternam.

2323 458 2516 527 ἄφεσιν
2548 456 2853 528 ἁμαρτιῶν,
2892 456 3092 529 σαρκὸς
3129 457 3438 523 ἀνάστασιν,
3477 458 3610 529 ζωὴν
3633 460 3824 520 αἰώνιον.

638 549 758 604 Jam
800 548 981 604 Patris
1007 555 1060 604 et
1099 548 1225 604 Filii
1266 549 1607 604 divinitatem
1635 547 1806 603 dividi
1847 561 1956 602 non
1988 561 2148 618 posse
2181 561 2214 602 e

638 641 812 696 sacris
863 639 1082 695 Litteris
1103 639 1425 696 didicimus.
1457 637 1590 693 Nam
1621 639 1667 694 si
1694 639 1816 708 quis
1849 637 2072 700 Filium,
2109 638 2214 691 hoc

637 740 724 786 est
770 731 1163 800 omnipotentis
1210 729 1305 786 Dei
1348 730 1611 794 Verbum,
1654 746 1912 800 separare
1958 730 2211 794 voluerit,

638 838 866 878 necesse
908 831 991 878 est
1035 831 1098 876 ut
1144 831 1238 876 aut
1277 823 1418 878 duos
1457 838 1579 878 esse
1619 821 1760 877 Deos
1803 822 2118 884 arbitretur,
2161 821 2212 876 id

637 914 781 984 quod
812 929 841 967 a
875 915 1082 969 caelesti
1127 913 1376 968 doctrina
1429 912 1776 968 confessione
1823 912 2066 965 omnium
2119 911 2216 964 ab-

640 1007 846 1071 horret,
904 1016 994 1060 aut
1046 1004 1281 1060 Verbum
1337 1020 1458 1060 esse
1495 1003 1662 1057 Deum
1721 1002 1992 1056 inlicietur
2025 1021 2037 1056 :
2071 1002 2214 1072 quod

638 1105 693 1149 et
747 1095 922 1164 ipsum
983 1095 1051 1149 ab
1108 1095 1321 1149 sincera
1382 1093 1486 1148 fide
1543 1093 1757 1147 videtur
1787 1093 2042 1156 alienum,
2090 1106 2214 1146 cum

638 1182 967 1251 evangelista
1025 1181 1229 1236 dicat:
1280 1178 1348 1234 Et
1407 1179 1548 1232 Deus
1614 1189 1725 1232 erat
1783 1175 2028 1230 Verbum.
2103 1177 2216 1246 Ego

640 1287 772 1325 vero
817 1279 972 1326 certo
1016 1271 1149 1325 illud
1189 1269 1390 1336 didici,
1435 1271 1688 1324 virtutem
1735 1267 1933 1330 Patris,
1980 1267 2084 1322 hoc
2131 1275 2218 1322 est

640 1361 875 1425 Filium,
921 1377 1099 1432 neque
1142 1362 1332 1426 dividi,
1386 1376 1563 1431 neque
1611 1361 1854 1430 separari
1895 1346 2075 1429 posse.
2137 1356 2213 1416 lla

637 1455 784 1509 enim
832 1453 1084 1510 Salvator
1125 1469 1191 1508 ac
1231 1437 1496 1508 Dominus
1536 1461 1724 1508 noster
1761 1449 1923 1506 Iesus
1961 1450 2215 1506 Christus

638 1546 927 1615 loquitur:
981 1545 1047 1600 lu
1090 1563 1170 1600 me
1205 1545 1386 1609 Pater,
1411 1557 1459 1599 et
1502 1561 1595 1614 ego
1645 1544 1701 1597 in
1755 1543 1983 1598 Patre'.
2041 1544 2210 1597 Item:

637 1635 750 1706 Ego
775 1646 824 1690 et
858 1635 1023 1691 Pater
1061 1651 1224 1689 unum
1256 1651 1437 1689 sumus
1467 1637 1511 1689 ².
1549 1633 1614 1686 Et
1643 1651 1655 1688 :
1689 1633 1794 1700 Qui
1834 1633 1970 1688 videt
2001 1649 2099 1697 me,
2139 1632 2216 1685 oi-

635 1725 722 1778 det
756 1736 805 1780 et
829 1723 1049 1779 Patrem
1072 1725 1114 1778 ⁸.
1149 1724 1302 1780 lianc
1334 1725 1519 1796 igitur,
1551 1740 1713 1794 quam
1751 1735 1807 1777 et
1836 1738 1865 1776 a
1894 1722 2066 1778 sacris
2104 1720 2216 1776 Lit-

639 1813 776 1869 teris
812 1814 1152 1883 accepimus,
1190 1823 1244 1868 et
1277 1829 1307 1867 a
1338 1813 1639 1884 majoribus
1679 1813 1882 1868 nostris
1913 1812 2212 1868 secundant
2245 1812 2286 1868 Β

639 1903 806 1958 Deum
840 1903 1155 1969 didicimus,
1196 1903 1354 1958 fidem
1403 1919 1526 1959 cum
1568 1905 1620 1958 in
1670 1905 1918 1961 Ecclesia
1947 1901 2039 1957 Dei
2072 1917 2209 1973 pra:-

637 1995 784 2056 dico,
813 2001 928 2048 tum
960 1994 1026 2048 ad
1058 2003 1110 2049 te
1143 1994 1301 2050 modo
1336 1997 1637 2064 perscribo,
1678 1995 1907 2066 ejusque
1934 2009 2099 2064 penes
2127 2007 2213 2048 me

637 2084 922 2154 exemplar
975 2085 1196 2139 retinui.
1253 2084 1536 2140 Postremo
1574 2085 1706 2140 illud
1744 2101 1774 2138 a
1824 2093 1876 2139 te
1923 2093 2086 2154 peto,
2157 2091 2217 2138 ut

635 2176 883 2245 ejusdem
925 2191 1055 2230 mea?
1095 2175 1456 2246 professionis
1500 2177 1808 2246 exemplum
1855 2177 1965 2230 tuis
1999 2174 2066 2229 ad
2101 2174 2216 2243 epi-

634 2279 834 2334 scopos
881 2263 1077 2318 litteris
1133 2266 1379 2330 inseras,
1436 2281 1504 2321 ne
1557 2267 1682 2336 quis
1746 2280 1956 2331 eorum,
2015 2265 2216 2335 quibus

634 2361 892 2409 accurate
920 2354 1190 2423 perspecti
1225 2370 1332 2409 non
1369 2369 1582 2420 sumus,
1620 2357 1838 2410 illorum
1867 2355 1934 2410 de
1963 2372 2049 2410 me
2078 2359 2217 2412 scri-

635 2446 744 2514 ptis
788 2444 944 2500 flilem
991 2445 1260 2502 adhibens
1311 2445 1366 2501 in
1400 2462 1642 2502 errorem
1669 2447 1980 2502 inducatur.
2008 2447 2212 2504 Valete.

635 2535 910 2590 Hactenus
931 2536 1178 2606 epistola.

702 2625 863 2695 837
900 2624 986 2680 IV.
1019 2625 1289 2680 Caeterum
1345 2639 1413 2679 an
1448 2625 1665 2680 libellus
1696 2625 1800 2681 istc
1833 2635 1981 2683 recte
2019 2642 2078 2692 se
2125 2625 2216 2682 ha-

635 2714 761 2766 beat
790 2728 996 2777 nccne,
1041 2715 1220 2784 legant
1257 2713 1350 2782 qui
1399 2721 1663 2782 possunt,
1708 2725 1761 2768 et
1819 2716 1910 2784 qui
1955 2723 2203 2770 exactam

634 2817 853 2873 eorum,
880 2817 999 2871 quae
1033 2803 1085 2857 in
1116 2816 1181 2855 eo
1220 2802 1423 2871 scripta
1459 2809 1626 2867 sunt,
1673 2803 2081 2874 intelligentiam
2116 2806 2215 2860 ha-

636 2891 764 2946 bere
793 2899 1060 2961 possunt,
1097 2890 1292 2961 ecquid
1329 2892 1384 2946 in
1411 2906 1476 2946 eo
1516 2891 1631 2945 vitii
1669 2892 1740 2947 sit
1764 2892 2030 2962 judicent.
2068 2893 2213 2950 Nihil

634 2981 780 3034 enim
813 2987 1172 3051 praeterquam
1200 2982 1345 3051 quod
1377 2981 1604 3048 scimus,
1635 2991 1689 3038 et
1720 2983 1784 3037 ad
1814 2999 1914 3038 nos
1944 2986 2211 3056 perlatum

634 3080 736 3135 est,
771 3087 1086 3127 asseverare
1111 3073 1384 3127 volumus.
1416 3071 1495 3127 Ac
1525 3073 1654 3127 licet
1682 3074 1817 3128 nihil
1857 3075 1911 3130 in
1938 3091 2003 3130 eo
2031 3077 2212 3132 libello

634 3178 744 3217 non
777 3174 988 3218 castum
1017 3177 1082 3218 ac
1112 3163 1386 3219 sincerum
1440 3165 1531 3231 sit,
1563 3164 1646 3219 vel
1677 3179 1742 3219 ex
1775 3165 1896 3235 ipso
1925 3166 2204 3221 nihilomi-
2239 3139 2284 3198 θ

635 3267 739 3309 nus
773 3261 1130 3323 argumento,
1172 3254 1264 3324 qui
1289 3253 1436 3309 hunc
1467 3254 1650 3325 legunt
1681 3263 1776 3310 aut
1815 3255 2080 3320 audiunt,
2114 3271 2209 3312 co-

635 3344 808 3414 gitare
830 3344 1028 3399 debent
1057 3359 1165 3399 non
1195 3343 1419 3407 frustra,
1453 3360 1554 3400 nec
1577 3357 1780 3401 temere
1805 3345 1872 3400 ad
1895 3346 2036 3402 hanc
2064 3347 2215 3401 illum

633 3434 960 3490 defendendi
993 3435 1078 3490 sui
1111 3435 1492 3491 necessitatem
1524 3447 1815 3490 venturum
1851 3435 2026 3492 fuisse
2046 3477 2062 3500 ,
2111 3436 2216 3492 nisi

633 3525 898 3579 nonnulla
934 3525 1298 3594 protulisset,
1342 3538 1465 3594 qua:
1512 3525 1799 3580 turbarum
1835 3525 2040 3595 aliquid
2068 3525 2217 3580 exci-

633 3621 879 3679 tassent,
923 3622 978 3669 et
1019 3631 1084 3669 eo
1109 3615 1386 3669 hominem
1425 3613 1816 3680 adduxissent,
1859 3624 1918 3669 ut
1942 3616 2214 3671 dictorum

636 3705 914 3759 reddenda
946 3706 1087 3758 ratio
1119 3706 1417 3760 videretur.
1452 3704 1665 3760 Etenim
1703 3705 1816 3760 fieri
1852 3705 1982 3761 illud
2015 3707 2212 3776 potuit,

635 3800 699 3846 ut
733 3787 864 3862 post
909 3807 1151 3847 errorem
1197 3809 1293 3864 per
1341 3795 1586 3849 libellum
1638 3809 1760 3850 sese
1805 3807 2092 3853 excusaret
2151 3813 2216 3853 ac

635 3870 978 3954 corrigeret:
1014 3892 1107 3938 aut
1137 3893 1196 3939 ut
1234 3884 1426 3940 eodem
1477 3886 1570 3939 illo
1603 3885 1786 3942 libello
1829 3887 1904 3942 ita
1944 3889 2217 3946 sermoni-

635 3972 740 4026 bus
771 3972 887 4027 suis
935 3973 1118 4027 fucum
1149 3973 1374 4038 faceret,
1407 3983 1467 4028 ut
1489 3989 1610 4044 qua)
1635 3984 1794 4030 antea
1826 3976 2056 4032 dixisset
2088 3994 2217 4032 con-

637 4062 787 4132 sulto
817 4062 1229 4128 dissimularet,
1271 4080 1342 4125 ne
1371 4065 1425 4119 in
1456 4064 1708 4121 ordinem
1740 4065 2106 4138 redigeretur,
2144 4071 2213 4126 ab

633 4153 913 4207 communi
941 4156 1323 4226 episcOporum
1355 4169 1625 4211 consessu
1657 4164 1710 4212 et
1743 4172 1955 4214 canone
1982 4159 2214 4230 deposi-

637 4252 770 4300 tus:
808 4253 1086 4316 utcunque
1140 4261 1199 4301 se
1249 4261 1337 4302 res
1373 4245 1571 4302 habeat
1600 4289 1615 4314 ,
1652 4249 1767 4303 hare
1817 4259 1947 4305 sunt
1976 4267 2098 4322 quae
2145 4253 2213 4309 de

633 4336 889 4391 Marcello
920 4352 1237 4408 comparare
1292 4339 1592 4409 potuimus.
1637 4338 1714 4395 De
1759 4357 1869 4410 quo
1917 4359 2042 4396 cum
2107 4343 2210 4397 ali-

631 4427 854 4497 quando
887 4428 1107 4483 beatum
1139 4443 1336 4498 papam
1364 4429 1726 4510 Athanasium
1758 4430 2205 4503 interrogassent,

630 4517 939 4588 cujusmodi
974 4533 1098 4573 eum
1153 4518 1512 4575 arbitraretur
1537 4556 1554 4584 ,
1602 4520 1692 4575 ille
1744 4536 1919 4592 neque
1957 4525 2208 4592 purgavit

630 4609 930 4675 hominem,
958 4625 1136 4680 neque
1162 4625 1292 4665 vero
1318 4613 1566 4681 asperius
1608 4613 1851 4678 notavit;
1889 4613 1982 4668 sed
2017 4615 2209 4670 leniter

630 4701 882 4756 arridens
903 4739 920 4766 ,
947 4716 1055 4756 non
1081 4701 1314 4755 multum
1354 4703 1424 4757 ab
1468 4703 1816 4773 improbitate
1857 4703 2208 4760 abhorruisse

631 4790 960 4860 signiﬁcavit
980 4829 997 4858 ,
1047 4799 1101 4847 et
1147 4791 1203 4847 in
1231 4807 1422 4849 eorum
1453 4792 1574 4848 loco
1599 4832 1614 4860 ,
1644 4793 1739 4864 qui
1768 4808 1828 4848 se
1854 4804 2202 4865 purgassem,

633 4880 842 4935 habuit.

703 4969 766 5023 ν.
796 4969 950 5027 Libet
981 4979 1160 5028 autem
1193 4972 1280 5028 hic
1313 4988 1375 5028 ea
1414 4973 1704 5043 subjicere,
1719 4991 1840 5044 quae
1873 4976 1928 5030 in
1963 4974 2201 5032 Marcelli

633 5060 852 5130 scriptis
882 5077 912 5114 a
943 5065 1268 5132 quibusdam
1309 5064 1600 5120 observata
1632 5076 1797 5130 sunt,
1829 5084 1949 5137 qua:
1980 5069 2069 5123 isti
2092 5123 2097 5129 _
2118 5084 2203 5124 re-

633 5151 1008 5219 prehendenda
1039 5165 1403 5224 putaverunt:
1447 5157 1590 5211 unde
1628 5165 1682 5211 et
1734 5158 1786 5211 in
1820 5160 2072 5213 eumdem
2115 5162 2201 5215 in-

630 5244 769 5299 vecti
795 5243 1108 5297 confutandi
1139 5249 1311 5316 gratia
1348 5249 1706 5318 scripserunt.
1735 5250 2055 5321 Quanquam
2086 5253 2197 5315 alii,

631 5350 730 5406 pro
773 5349 839 5390 co
867 5332 1013 5404 quod
1066 5335 1157 5404 qui
1202 5339 1463 5394 adversus
1501 5342 1650 5395 illum
1692 5351 2040 5398 connuentati
2073 5353 2201 5398 sunt

703 5474 720 5506 ¹
748 5471 909 5527 Joan.
952 5488 1064 5536 xw,
1099 5474 1182 5530 l0.
1293 5478 1314 5507 '
1341 5473 1498 5541 Joan.
1540 5493 1593 5541 κ,
1618 5479 1707 5532 50.

630 5551 946 5613 corruptus.

698 5651 812 5720 (56)
858 5650 1006 5725 fma
1041 5650 1105 5702 δὲ
1126 5653 1334 5706 ἄλλων
1365 5652 1568 5707 πάλιν.
1604 5656 1891 5725 Utrunque
1941 5660 2098 5714 licuit
2139 5677 2204 5716 cx

631 5720 1049 5790 corruptissimo
1082 5725 1199 5777 loco
1240 5732 1566 5778 sententiain
1595 5720 1930 5783 extrusinius
2004 5730 2075 5784 lle
2126 5733 2208 5786 his

1821 5480 1842 5510 ³
1862 5479 2021 5536 Joan.
2048 5497 2158 5545 xw,
2195 5484 2248 5537 9.

2332 549 2656 620 Ἀδιαίρετον
2690 545 2828 603 εἶναι
2872 548 2974 620 τὴν
3017 548 3247 619 θεότητα
3277 548 3371 604 τοῦ
3426 551 3625 622 Πατρός
3653 554 3825 610 καὶτοῦ

2320 639 2472 703 Υίοῦ,
2496 640 2649 712 παρά
2675 641 2782 694 τῶν
2804 641 2965 694 θείων
2985 641 3378 712 μεμαθήκαμεν
3409 642 3646 713 Γραφιῖη.
3671 645 3725 697 El
3745 647 3828 718 γάρ

2318 749 2404 796 τις
2430 731 2653 804 χωρίζει
2684 733 2774 786 τδν
2808 734 2960 798 Υιὸν,
2982 733 3228 786 τουτέστι
3256 733 3346 786 τὸν
3369 734 3536 802 Λόγον
3560 734 3646 788 τοῦ
3670 751 3827 792 παντο⁴

2322 825 2586 896 κράτορος
2604 823 2760 884 Θεοῦ,
2789 825 3003 896 ἀνάγκη
3025 825 3184 878 αὑτὸν
3209 825 3241 897 ἢ
3265 826 3355 880 δύο
3380 826 3544 889 Esaia;
3567 824 3690 880 εἶναι
3712 829 3829 899 νομί-

2321 913 2456 978 ζειν,
2483 916 2621 985 ὅπερ
2651 914 2930 986 ἀλλότριον
2961 917 3058 986 τῆς
3092 916 3242 980 Θείας
3271 916 3606 980 διδασκαλίας
3629 913 3746 970 εἶναι
3766 937 3830 972 νε-

2321 1005 2593 1075 νόμισται,
2623 999 2656 1075 ἢ
2688 1005 2780 1058 τὸν
2805 1006 2977 1073 Λόγον
3001 1005 3075 1075 μὴ
3105 1001 3244 1059 εἶναι
3264 1005 3397 1058 θεὸν
3415 1003 3702 1076 ὁμολογεῖν·
3727 1007 3831 1078 ὅπερ

2321 1099 2414 1151 καὶ
2435 1097 2564 1150 αὐτὸ
2589 1096 2864 1167 ἀλλότριον
2891 1096 2991 1166 τῆς
3010 1096 3176 1167 ὀρθῆς
3199 1097 3434 1159 πίστεως
3459 1091 3591 1150 εῖναι
3611 1097 3829 1165 φαίνεται,

2319 1187 2415 1242 τοῦ
2459 1188 2844 1256 εὐαγγελιστοῦ
2880 1187 3128 1255 λέγοντος
3149 1203 3163 1218 ·
3209 1187 3317 1242 Καὶ
3353 1188 3496 1252 Θεὸς
3518 1183 3592 1256 ἦν
3614 1191 3643 1242 ό
3665 1189 3828 1258 Λόγος.

2335 1278 2474 1347 Ἐγὼ
2498 1278 2554 1331 δὲ
2581 1277 2822 1349 ἀκριϐῶς
2849 1276 3167 1348 μεμάθηκα,
3199 1277 3281 1331 ότι
3306 1277 3599 1347 ἀδιαίρετος
3625 1279 3706 1331 καὶ
3723 1277 3828 1348 ἀχώ-

2325 1371 2504 1440 ριστός
2529 1371 2674 1423 ἐστιν
2699 1371 2732 1439 η
2753 1369 2980 1440 δύναμις
2999 1369 3092 1422 τοῦ
3116 1369 3346 1441 Πατρός,
3373 1371 3402 1424 6
3426 1370 3566 1432 Υἱός.
3596 1369 3742 1433 Δὺτδς
3753 1371 3829 1439 γὰρ

2320 1461 2350 1512 6
2382 1460 2572 1532 Σωτὴρ
2600 1461 2629 1513 6
2657 1460 2861 1530 Κύριος
2899 1460 3057 1531 ἡμῶν
3091 1460 3298 1532 Ἰησοῦς
3321 1461 3553 1532 Χριστός
3574 1476 3721 1530 φησι’
3759 1462 3830 1515 Ἐν

2320 1547 2449 1617 ἐμοὶ
2480 1552 2512 1602 d
2538 1547 2759 1616 Πατὴρ,
2791 1547 2954 1618 κάγὼ
2988 1548 3058 1602 ἐν
3087 1547 3166 1614 τῷ
3189 1549 3376 1618 Harp!
3398 1566 3412 1578 ·
3449 1549 3569 1612 καὶ,
3606 1547 3734 1618 Ἐγὼ
3760 1549 3829 1602 καί

2322 1644 2356 1696 ό
2389 1640 2591 1708 Πατὴρ
2623 1639 2692 1693 ἓν
2715 1640 2935 1709 ἐσμεν*
2987 1641 3103 1705 καὶ,
3151 1641 3214 1694 ’0
3241 1639 3346 1710 ἐμὲ
3377 1639 3638 1710 ἑωρακὼς
3665 1640 3832 1708 ἑώρακε

2320 1731 2428 1786 τὸν
2467 1731 2718 1800 Πατέρα.
2777 1730 2994 1803 Ταύτην
3039 1731 3135 1786 καὶ
3169 1731 3317 1801 παρά
3347 1731 3457 1786 τῶν
3484 1731 3633 1784 θείων
3654 1732 3830 1803 Γραφῶν

2315 1823 2552 1894 εἰληφὼς
2579 1825 2679 1894 τὴν
2718 1823 2920 1886 πίστιν,
2952 1823 3046 1876 καὶ
3088 1822 3251 1893 παράζ
3272 1823 3382 1876 τῶν
3421 1823 3561 1876 κατά
3594 1823 3712 1876 Θεὸν
3737 1839 3830 1894 προ-

2315 1916 2487 1986 γόνων
2510 1915 2800 1987 διδαχθεὶς,
2823 1916 2881 1970 ἐν
2905 1933 2964 1970 τε
2989 1919 3054 1987 τῇ
3085 1915 3178 1970 τοῦ
3205 1915 3339 1969 Θεοῦ
3377 1915 3662 1987 Ἐκκλησία
3683 1917 3830 1986 κηρύτ-

2313 2025 2412 2080 τω,
2446 2009 2540 2064 καὶ
2583 2008 2718 2080 πρὸς
2750 2008 2811 2062 σὲ
2851 2007 2947 2062 νῦν
2969 2007 3242 2080 γέγραφα,
3267 2007 3328 2060 τὸ
3353 2008 3672 2080 ἀντίγραφον
3689 2008 3830 2061 τούτου

2315 2098 2445 2170 παρ’
2486 2097 2708 2170 ἐμαυτῷ
2747 2095 3055 2168 κατασχών.
3088 2098 3196 2150 Καὶ
3230 2096 3369 2161 άξιῶ
3406 2097 3468 2150 τὸ
3506 2095 3762 2151 ἀντίτυπόν
3791 2112 3832 2148 σε

2314 2188 2504 2242 τούτου
2535 2191 2602 2260 τῇ
2630 2188 2768 2259 πρὸς
2798 2189 2924 2253 τοὺς
2961 2189 3294 2252 ἐπισκόπους
3316 2189 3574 2261 ἐπιστολῇ
3600 2188 3831 2260 ἐγγράψαι,

2315 2279 2405 2334 ἵνα
2429 2279 2504 2352 μή
2543 2295 2689 2342 τινες
2705 2278 2816 2333 τῶν
2837 2279 3078 2350 ἀκριδῶς
3109 2278 3183 2350 μὴ
3212 2279 3435 2336 εἰδότων
3451 2280 3833 2352 ὴμᾶς,κάκείνοις

2313 2370 2428 2432 τοῖς
2467 2367 2558 2420 ὑπ’
2579 2366 2757 2422 αὐτῶν
2792 2369 3048 2439 γραφεῖσι
3089 2366 3476 2439 προσέχοντες,
3519 2367 3831 2440 ἀπατηθῶσιν.

2318 2459 2626 2532 Ἔρρωσθε.
2666 2458 3050 2530 Πεπλήρωται.

2383 2633 2455 2690 Δ’.
2487 2636 2552 2694 El
2576 2635 2754 2690 τοίνυν
2782 2635 2811 2690 ό
2845 2634 3086 2700 λίσελλος
3105 2629 3261 2702 οὗτος
3290 2637 3476 2704 καλῶς
3507 2638 3634 2710 ἔχει,
3653 2639 3697 2692 oi
3715 2637 3829 2692 δυνόι

2317 2745 2467 2798 μενοι
2500 2725 2921 2794 ἀναγνώτωσαν,
2961 2728 3056 2781 καὶ
3084 2729 3133 2780 οἱ
3177 2728 3470 2799 δυνάμενοι
3497 2730 3764 2801 ἀκριδῶσαι
3787 2729 3832 2780 τὰ

2313 2821 2371 2872 έν
2397 2818 2545 2890 αὑτῷ
2574 2819 2859 2890 εἰρημένα·
2893 2821 2988 2873 καὶ
3015 2821 3064 2872 εί
3096 2819 3195 2891 μὲν
3224 2821 3416 2884 κακῶς
3442 2822 3571 2893 ἔχει,
3600 2822 3732 2876 αὐτοὶ
3752 2820 3831 2874 δια-

2312 2910 2666 2982 κρινέτωσαν.
2704 2911 2778 2963 Οὺ
2816 2911 2924 2984 γὰρ
2957 2912 3258 2983 βουλόμεθα
3309 2915 3468 2985 παρὰ
3518 2907 3629 2967 δῶν
3665 2913 3831 2967 ἐπιστά-

2315 3000 2456 3072 μεθα
2481 3002 2574 3055 καὶ
2601 3002 2708 3055 τῶν
2746 3003 2827 3066 εἰς
2870 3004 3017 3073 ἡμᾶς
3051 3003 3311 3057 ἐλθόντων
3338 3004 3541 3075 λέγειν.
3574 3006 3633 3060 Et
3659 3003 3830 3076 γὰρκαὶ

2317 3091 2498 3156 καλῶς
2522 3091 2635 3162 ἔχει
2665 3093 2695 3145 6
2727 3093 2969 3157 λίσελλος
3001 3095 3066 3146 ἐκ
3087 3097 3186 3165 τῆς
3222 3094 3555 3161 ὑποθέσεως,
3590 3095 3730 3149 πάλιν
3751 3093 3830 3146 δια-

2317 3178 2670 3251 νοηθήσονται
2704 3181 2756 3233 οί
2796 3181 3218 3252 ὲντυγχάνοντές
3253 3199 3314 3236 τε
3343 3185 3446 3239 καὶ
3479 3185 3754 3246 ἀκούοντες,
3775 3182 3831 3235 ὅτι

2314 3269 2416 3322 οὐκ
2442 3271 2523 3334 είς
2553 3270 2753 3342 μάτην,
2789 3269 2912 3325 οὔτε
2947 3273 3029 3335 είς
3054 3273 3355 3344 ἀργότητα,
3390 3275 3514 3330 οὔτε
3544 3281 3653 3332 κατ’
3677 3277 3832 3330 ἐκείνου

2316 3359 2525 3428 ἐγίνετο
2553 3360 2703 3432 αὐτῷ
2734 3361 2946 3435 ἀνάγκη
2983 3363 3300 3432 ἀπολογίας,
3337 3368 3389 3419 εἰ
3421 3367 3497 3439 μὴ
3527 3369 3626 3438 άρα
3654 3365 3829 3436 ἐξήμεσι

2315 3449 2508 3518 λόγους
2535 3452 2687 3516 τινάς
2711 3454 3106 3524 ταράσσοντας,
3149 3456 3244 3508 καὶ
3273 3456 3678 3526 ἀναγκάσαντας
3713 3455 3830 3509 αὐτὸν

2313 3540 2396 3604 είς
2419 3541 2716 3610 ἀπολογίαν
2747 3543 2904 3614 ἣκειν
2935 3545 3065 3615 περὶ
3112 3545 3221 3609 τῶν
3247 3547 3339 3600 ὑπ’
3362 3549 3526 3602 αὑτοῦ
3568 3549 3827 3620 εἰρημένων.

2316 3631 2615 3700 Συμδαίνει
2646 3632 2778 3704 γὰρ,
2811 3635 2904 3686 καὶ
2937 3635 3075 3704 μετά
3096 3635 3158 3688 τδ
3193 3637 3459 3704 ἐσφάλθαι
3480 3638 3651 3702 αὑτὸν,
3679 3633 3828 3690 mea

2313 3721 2560 3774 λιϐέλλου
2605 3723 3217 3795 ὐπεραπολογήσασθαι,
3257 3729 3354 3780 καὶ
3383 3730 3573 3784 ἑαυτὸν
3599 3726 3828 3798 διορθώσα-

2316 3814 2462 3870 σθαιο
2505 3815 2538 3885 ἧ
2581 3815 2664 3869 ὅτι
2699 3817 2800 3888 μὲν
2833 3818 2911 3888 τῷ
2950 3818 3175 3889 λιόέλλιρ
3229 3823 3538 3896 ἐκόσμησεν
3567 3821 3712 3877 αὑτοῦ
3739 3819 3828 3880 τοὺς

2314 3903 2523 3975 λόγους,
2559 3909 2647 3961 ἶνα
2685 3911 3024 3984 παρακρύψῃ
3072 3912 3140 3966 τὰ
3182 3913 3273 3982 ὑπ’
3308 3915 3474 3970 ,αὑτοῦ
3507 3913 3730 3985 ρηθέντα,
3768 3909 3827 3958 ἵνα

2317 3996 2392 4068 μὴ
2450 3998 2660 4070 ἐκπέσῃ
2718 3999 2806 4058 διὰ
2839 4001 2941 4072 τῆς
2987 4001 3361 4075 καθαιρέσεως
3410 4005 3504 4058 τοῦ
3558 4000 3716 4058 κοινοῦ
3752 3997 3826 4049 τῶν

2313 4089 2634 4144 ἐπισκόπων
2663 4091 2919 4161 συλλόγου
2949 4109 3006 4146 τε
3039 4095 3132 4151 καὶ⁵
3163 4095 3256 4148 τοῦ
3308 4096 3550 4158 κανόνος.
3591 4095 3749 4162 Ὅμως
3779 4085 3825 4138 τά

2313 4179 2444 4250 περὶ
2490 4179 2806 4252 Μαρκέλλου
2851 4183 2930 4246 είς
2969 4184 3115 4254 ἡμᾶς
3162 4183 3386 4240 ἐλθόντα
3432 4184 3613 4240 ταῦτα.
3642 4180 3826 4253 Ἠρίμην

2311 4266 2368 4321 δὲ
2400 4268 2560 4332 αὐτὸς
2581 4268 2693 4339 ἐγὼ
2718 4271 2893 4343 χρόνῳ
2924 4273 3032 4325 τινὶ
3063 4272 3152 4324 τὸν
3185 4275 3497 4346 μακαρίτην
3525 4275 3694 4327 πάπαν
3713 4266 3824 4319 Ἀθα·

2311 4359 2495 4414 νάσιον
2557 4362 2686 4433 περὶ
2743 4362 2933 4416 τούτου
2965 4363 3060 4418 τοῦ
3113 4365 3460 4436 Μαρκέλλου,
3495 4364 3606 4428 πῶς
3650 4361 3706 4415 ἂν
3743 4357 3823 4428 Exul

2241 4479 2283 4537 υ
2315 4451 2442 4523 περὶ
2481 4453 2666 4506 αὐτοῦ.
2706 4455 2764 4508 '0
2786 4450 2843 4509 δέ
2879 4453 3002 4508 οὔτε
3049 4456 3582 4529 ὑπεραπελογησατο,
3625 4452 3727 4507 οὗτε
3751 4447 3820 4537 πάξ

2311 4540 2393 4594 λιν
2423 4543 2558 4614 πρὸς
2603 4544 2767 4598 αὐτὸν
2823 4545 3076 4616 ἀπεχθῶς
3111 4547 3331 4618 ὴνέχθη’
3366 4548 3522 4618 μόνον
3548 4546 3601 4600 δὲ
3642 4541 3716 4596 διὰ
3755 4533 3820 4591 τυῧ

2312 4632 2602 4702 προσώπου
2635 4634 2916 4704 μειδιάσας
2951 4636 3214 4707 ὑπέφηνε,
3236 4638 3538 4708 μοχθηρίας
3566 4635 3635 4707 μὴ
3657 4629 3820 4705 μακράν

2310 4723 2471 4776 αὑτὸν
2497 4719 2658 4790 εἶναι,
2689 4727 2784 4779 καὶ
2819 4725 2895 4790 ὡς
2918 4727 3396 4800 ἀπολογησάμενον
3430 4726 3560 4801 εἶχε.

2381 4987 2455 5039 Ε’.
2494 4988 2890 5060 Παραθήσομαι
2929 4992 2986 5044 σὲ
3026 4991 3183 5047 ἅτινά
3209 5010 3355 5058 τινες
3381 4993 3621 5064 εὑρόντες
3661 4989 3710 5040 ἐν
3735 4984 3818 5044 ταῖς

2308 5074 2476 5128 αὐτοῦ
2513 5079 2831 5147 Μαρκέλλου
2883 5083 3343 5153 συντάγμασιν,”ἀ
3375 5083 3544 5136 ἐδόκει
3573 5075 3817 5146 ἐπιλήψιμα

2309 5167 2490 5228 αὐτοῖς
2523 5167 2830 5235 φαίνεσθαι,
2877 5173 3011 5241 πρὸς
3058 5171 3117 5224 ὃν
3155 5172 3555 5243 ἀποτεινόμενοι
3587 5170 3668 5222 καὶ
3704 5159 3817 5217 αὐτοὶ

2308 5257 2747 5323 ἁντισυνέταξαν.
2765 5261 2900 5314 Ὑπὸ
2932 5263 2987 5315 δὲ
3012 5263 3186 5317 ἄλλων
3211 5265 3370 5319 πάλιν
3385 5264 3497 5336 (56)
3522 5263 3602 5315 διά
3617 5260 3668 5313 τὸ
3683 5255 3781 5313 τοὺς
3801 5249 3816 5278 ⁵

2307 5348 2817 5416 ἀντισυντάξαντας,
2857 5352 3080 5426 ὕστερον
3113 5358 3194 5420 είς
3225 5356 3351 5411 ἀλλο
3385 5355 3668 5426 τραπέντας
3702 5344 3813 5409 θέτ’

2327 5484 2348 5514 ⁸
2374 5484 2435 5539 F.
2466 5488 2627 5559 πέρα.
2703 5490 2726 5520 ⁸
2754 5487 2816 5543 F.
2845 5487 2995 5544 ἄλλοι
3017 5490 3075 5544 δὲ
3105 5491 3269 5545 πάλιν
3296 5490 3382 5546 διὰ
3404 5489 3547 5552 τούς.
3573 5485 3727 5540 Locus
3747 5477 3813 5531 illi:

2315 5671 2518 5720 autem.
2548 5679 2687 5732 quos
2722 5666 2991 5727 nominat,
3034 5666 3255 5731 Acacio,
3292 5665 3507 5725 Basilio,
3539 5661 3737 5726 (ἶσοι-διο
3763 5666 3807 5703 π

2318 5734 2566 5801 reliquis.
2588 5743 2780 5804 agetur
2809 5737 2862 5789 in
2894 5739 3141 5808 sequenti
3170 5738 3358 5793 haeresi
3393 5735 3640 5804 pluribus.
