3988 6428
216 349 336 410 339
924 353 1290 411 ADVERSUS
1325 355 1665 411 HIERESES
1703 356 1828 411 LIB.
1872 353 1960 410 Ill.
1991 354 2156 413 ΤΟΜ.
2196 359 2235 413 l.
2271 390 2338 399 —-
2364 357 2636 414 HAERES.
2678 359 2896 417 LXXII.
3415 367 3526 424 δξὶθ

226 487 336 541 χου
370 467 564 540 χάριν,
593 469 663 524 τά
701 469 1188 542 άντισυνταχθέντα
1219 473 1317 528 ὑπ’
1343 473 1526 528 αὐτῶν
1551 471 1820 544 προθαλλό

1948 481 2136 542 postea
2185 477 2494 534 contrarias
2545 478 2612 533 ad
2661 489 2844 549 partes
2885 479 3271 551 desciverunt,
3327 483 3523 543 horum

234 578 400 633 μενοι
431 560 734 628 ἐδείκνυον,
764 562 856 615 καὶ
882 563 940 614 ὲν
969 565 1082 626 τοῖς
1107 564 1257 632 σφῶν
1285 563 1464 618 αὐτῶν
1493 564 1820 634 συντάγμασι

1938 563 2184 634 ipsorum
2231 563 2642 627 lucubrationes
2697 571 2939 633 refutare
2983 576 3225 648 aggressi
3268 587 3430 644 sunt,
3465 578 3521 634 in

230 650 394 708 κατά
423 651 525 714 τὰς
574 651 876 722 λεγομένας
913 652 1210 723 διαιρέσεις
1257 653 1529 724 άναμέσον
1567 652 1678 707 τῶν
1709 651 1820 724 περ¹

1937 654 2140 722 quibus
2195 656 2446 724 vulgatas
2495 659 2617 715 illas
2695 661 2993 722 divisiones
3060 665 3320 722 Acacium
3379 667 3524 723 inter

247 741 513 796 Ἀκάκιον
541 741 638 795 καὶ
672 742 950 797 Βασίλειον
979 743 1072 796 τὸν
1131 744 1378 815 Γαλάτην
1415 743 1511 798 καὶ
1567 743 1838 815 Γεώργιον

229 835 335 886 τὸν
376 833 698 897 Λαοδικείας
745 836 1068 906 ἐποιήσαντο
1122 836 1258 907 πρὸς
1295 837 1512 905 ἔλεγχον
1542 836 1638 890 τοῦ
1668 823 1835 892 αὑτοῦ

246 925 540 980 ’Δκακίοω
595 919 765 989 Οὗτος
793 927 901 997 γάρ
923 922 992 998 ἦν
1034 929 1064 980 ὁ
1086 927 1195 982 ἀπὸ
1233 927 1329 981 τοῦ
1359 928 1678 999 Μαρκέλλου
1709 945 1835 982 συν·

229 1020 543 1089 ταγμάτων
599 1019 745 1073 κατὰ
797 1021 1121 1092 Μαρκέλλου
1173 1022 1364 1085 εἰπὼν,
1416 1024 1504 1076 ἶνα
1554 1025 1615 1076 ἐν
1666 1026 1834 1079 πᾶσιν

235 1112 410 1180 ἡμεῖς
432 1110 531 1180 τῆς
560 1111 818 1183 ἀληθείας
858 1114 1024 1184 μηδὲν
1069 1115 1508 1186 παραλείψαντες
1546 1115 1830 1188 δείξωμεν,

234 1204 323 1255 ὅτι
352 1201 481 1257 οὔτε
511 1205 863 1276 ἀπευχόμεθα
892 1205 961 1258 τά
989 1207 1126 1279 πρὸς
1157 1207 1465 1278 διόρθωσιν,
1496 1207 1619 1261 οὕτε
1651 1227 1833 1262 συναι-

231 1296 358 1346 νεῖν
384 1293 684 1365 βουλόμεθα
705 1299 816 1360 τοῖς
839 1314 892 1349 τι
926 1297 1082 1368 παρά
1102 1298 1164 1350 τὸ
1188 1298 1440 1367 ἀληθινὸν
1476 1299 1831 1372 ἐπιχειροῦσι.

231 1386 355 1438 Καὶ
406 1385 523 1438 ἔστι
572 1385 748 1439 ταῦτα
776 1388 842 1441 ὲκ
867 1387 966 1459 τῆς
1001 1389 1256 1454 Ἀκακίου
1288 1388 1442 1458 Πρὸς
1477 1389 1836 1460 Μάρκελλον

227 1476 558 1547 ἀντιλογίας
586 1477 738 1532 τάδε·

675 1589 867 1645 Ταῦτα
904 1590 1003 1645 διὰ
1031 1592 1411 1661 Μαρκέλλου.

310 1702 412 1767 (τ’.
444 1699 632 1755 Ταῦτα
659 1702 758 1772 μὲν
785 1698 879 1756 οὖν
897 1703 992 1757 καὶ
1017 1703 1087 1758 τὰ
1113 1703 1338 1759 τοιαῦτα
1372 1705 1484 1775 (57)
1500 1704 1598 1778 τὴν
1627 1705 1833 1778 παρεξ-.

1943 752 1997 802 et
2025 744 2285 828 Basilium
2313 746 2562 803 Galatam
2610 759 2665 807 et
2723 751 3016 826 Georgium
3043 755 3408 814 Laodicenum
3434 773 3522 816 re-

1939 835 2151 891 futandi
2186 837 2372 892 Acacii
2410 854 2575 896 causa
2613 843 2834 913 scriptis
2878 847 3231 906 mandarunt.
3285 849 3387 906 Hic
3433 855 3520 907 est

1933 926 2080 979 enim
2110 926 2198 980 ille
2223 967 2237 990 ,
2267 926 2358 996 qui
2393 926 2708 986 Marcellum
2745 949 2810 986 ex
2843 934 3131 1004 ipsiusmet
3158 939 3316 994 libris
3359 955 3517 996 coar-

1936 1015 2084 1084 guit:
2118 1032 2240 1086 qua:
2265 1033 2368 1075 nos
2394 1019 2518 1075 ideo
2549 1025 2964 1092 proposuimus,
2994 1042 3064 1083 ne
3085 1031 3374 1086 veritatem
3406 1034 3511 1088 ali-

1935 1121 2045 1175 qua
2075 1123 2142 1162 ex
2193 1117 2352 1178 parte
2395 1113 2729 1181 praeteriisse
2766 1115 3052 1171 videamur
3074 1157 3089 1181 ,
3125 1121 3382 1188 quoniam
3416 1137 3515 1177 ne-

1934 1212 2042 1266 que
2073 1198 2140 1253 de
2169 1201 2548 1257 emendatione
2581 1203 2937 1275 desperamus
2957 1249 2972 1275 ,
3026 1224 3125 1262 nec
3151 1210 3218 1264 iis
3253 1213 3513 1266 assentiri

1935 1288 2221 1353 volumus,
2271 1290 2366 1360 qui
2408 1301 2680 1364 utcunque
2713 1310 2742 1348 a
2783 1298 3010 1354 veritate
3041 1300 3351 1358 discedunt.
3385 1300 3516 1369 Quae

1935 1391 2241 1451 sequuntur
2293 1384 2458 1454 igitur
2506 1401 2575 1440 ex
2631 1387 2820 1444 Acacii
2872 1393 3273 1448 commentario
3327 1405 3517 1452 contra

1935 1469 2252 1526 Marcellum
2289 1477 2690 1546 excerpsimus.

2073 1587 2242 1658 838
2294 1587 2379 1642 Ex
2411 1590 2596 1646 Acacii
2637 1592 2772 1648 libro
2810 1603 2999 1650 contra
3031 1595 3368 1656 Marcellum.

2003 1695 2094 1752 Vl.
2134 1696 2259 1752 ηαξ
2287 1707 2341 1752 et
2370 1699 2458 1754 his
2490 1700 2691 1755 similia
2722 1699 3009 1758 Marcellus
3044 1705 3294 1775 quaedam
3319 1717 3508 1762 contra

229 1793 448 1864 ήγησιν
494 1794 604 1847 τῶν
650 1796 731 1858 είς
760 1796 860 1858 τὰς
905 1797 1214 1867 Παροιμίας
1268 1797 1448 1869 ῥητῶν
1481 1797 1758 1868 γέγραφεν
1804 1800 1820 1851 ί

1939 1789 2104 1844 Deum
2143 1792 2326 1861 iniqua
2365 1794 2615 1863 gari-iens
2640 1834 2655 1859 ,
2685 1803 2740 1850 et
2771 1795 2824 1850 in
2857 1797 3093 1853 sublime
3125 1813 3298 1854 cornu
3343 1816 3506 1856 suum

225 1885 585 1956 Μάρκελλος,
613 1887 791 1940 λαλῶν
814 1905 873 1941 τε
922 1888 1066 1942 κατά
1107 1889 1202 1942 τοῦ
1239 1889 1375 1942 Θεοῦ
1403 1889 1636 1954 ἀδικίαν,
1671 1890 1829 1943 ἐπαί-

232 1991 357 2045 ρων
385 1975 440 2028 δὲ
470 1977 548 2039 είς
572 1975 705 2045 ὕψος
737 1978 799 2030 τὸ
840 1977 1012 2049 κέρας
1037 1978 1224 2041 αὐτοῦ,
1263 1978 1552 2048 γενόμενος
1581 1979 1720 2049 ὑπὲρ
1759 1979 1828 2032 τά

231 2065 390 2136 μέσα
415 2066 512 2118 τοῦ
531 2066 758 2137 βιϐλίου,
782 2068 876 2121 καὶ
899 2069 1060 2123 πάλιν
1085 2069 1200 2132 θεὶς
1221 2068 1497 2141 Ἀστερίου
1512 2071 1581 2124 τά
1601 2069 1826 2138 λέγοντα

231 2158 487 2225 ῥήματα·
519 2175 539 2209 ι
580 2157 772 2221 Ἀλλος
801 2160 900 2229 μὲν
924 2160 1032 2229 γάρ
1053 2162 1201 2214 ἐστιν
1237 2162 1266 2214 ὁ
1297 2161 1485 2232 Πατὴρ
1512 2163 1540 2214 ὁ
1561 2163 1826 2231 γεννήσας

225 2247 298 2311 ἐξ
319 2248 518 2302 ἑαυτοῦ
547 2249 639 2304 τὸν
681 2253 944 2322 μονογενῆ
978 2253 1170 2321 Λόγον,
1201 2253 1295 2306 καὶ
1345 2253 1690 2326 προηότοκον
1719 2256 1820 2308 πά-

231 2353 342 2407 σης
377 2339 623 2403 κτίσεως,
669 2340 828 2410 μόνος
862 2341 1040 2411 μόνον,
1075 2343 1279 2406 τέλειος
1315 2344 1538 2409 τέλειον,
1572 2344 1825 2415 βασιλεὺς

230 2425 486 2496 βασιλέα,
521 2429 726 2501 Κύριος
758 2431 984 2503 Κύριον,
1017 2432 1151 2497 Θεὸς
1184 2434 1336 2497 Θεὸν,
1376 2435 1563 2498 οὐσίας
1590 2452 1672 2498 τε,
1730 2437 1822 2490 καὶ

231 2515 462 2588 βουλῆς,
501 2518 919 2590 καὶδυνάμεως,
979 2523 1075 2575 καὶ
1103 2523 1263 2594 δόξης
1289 2523 1705 2594 ἀπαράλλακτον
1741 2527 1822 2578 εί-

227 2607 395 2660 κόνα.
436 2627 455 2659 ι
487 2609 609 2673 Θεὶς
637 2606 731 2664 οὖν
751 2611 924 2664 ταῦτα
949 2613 1044 2665 καὶ
1063 2613 1429 2684 δυσχεραίνων
1460 2616 1599 2688 πρὸς
1625 2617 1722 2688 τὴν
1747 2619 1823 2670 εί-

227 2697 376 2749 κόνα,
419 2697 518 2765 τὴν
560 2699 998 2770 ἀπαράλλακτον,
1045 2704 1293 2756 τουτέστι
1324 2704 1387 2758 τὸ
1439 2704 1674 2760 ἔκτυπον
1724 2707 1820 2760 καὶ

225 2787 432 2857 τρανὲς
480 2790 770 2858 ἐκμαγεῖον
823 2792 919 2845 τοῦ
971 2793 1106 2846 Θεοῦ
1157 2795 1259 2865 τῆς
1306 2795 1498 2859 οὐσίας
1569 2797 1664 2850 καὶ
1710 2798 1820 2852 τῶν

229 2879 387 2950 ἑξῆς.
417 2881 626 2952 φαύλην
669 2883 852 2938 καλῶν
901 2885 1000 2955 τὴν
1037 2886 1304 2959 ὑπόληψιν
1338 2888 1560 2958 ταύτην,
1594 2891 1818 2942 ἐπισυν-

227 2973 401 3026 άπτει
419 2974 517 3043 τὴν
543 2974 935 3046 δυσαρέστησιν
959 2976 1148 3044 αὐτοῦ,
1173 2979 1402 3050 γράφων
1422 2973 1548 3033 ὧδε·
1587 2998 1606 3033 ι
1634 2981 1820 3034 Ταῦτα

228 3066 303 3118 τά
340 3067 562 3137 ῥήματα
596 3068 784 3136 σαφῶς
805 3068 903 3140 τὴν
941 3070 1138 3124 ἑαυτοῦ
1169 3071 1379 3143 φαύλην
1411 3075 1541 3144 περὶ
1566 3073 1818 3145 θεότητος

231 3157 644 3228 ἐλέγχειδόξαν.
670 3159 795 3223 Πῶς
815 3161 922 3233 γάρ
956 3163 984 3214 ὸ
1014 3161 1219 3233 Κύριος
1252 3164 1347 3217 καὶ
1367 3163 1497 3228 Θεὸς
1516 3165 1816 3236 γεννηθεὶς,
1846 3185 1888 3242 c

230 3250 313 3313 ὡς
357 3250 522 3314 αὐτὸς
554 3249 844 3322 προλαῆὼν
895 3252 1022 3325 ἔφη.
1065 3253 1290 3308 δύναται
1341 3254 1422 3310 ἔτι
1471 3255 1634 3310 είκὼν
1683 3256 1818 3310 Θεοῦ

229 3337 410 3407 dvas;
445 3342 670 3412 Ἕτερον
717 3343 826 3415 γὰρ
855 3343 989 3398 Θεοῦ
1023 3346 1227 3414 ἐίκὼν,
1280 3347 1372 3400 καὶ
1425 3347 1611 3418 ἕτερον
1665 3345 1817 3412 Θεός.

230 3432 404 3485 Ὥστε
434 3434 482 3486 εί
515 3433 614 3504 μὲν
643 3433 828 3498 εἰκὼν,
863 3436 922 3489 οὐ
975 3436 1198 3507 Κύριος,
1247 3437 1368 3490 οὐδὲ
1402 3437 1554 3502 Θεὸς,
1583 3437 1696 3490 ἀλλ’
1740 3439 1820 3492 εί-

232 3523 352 3577 κὼν
379 3524 582 3594 Κυρίου
620 3527 715 3578 καὶ
737 3526 892 3580 Θεοῦ·
926 3529 976 3582 εί
1004 3529 1063 3582 δὲ
1117 3528 1322 3602 Κύριος
1345 3530 1515 3593 ὄντως
1558 3531 1653 3584 καὶ
1687 3530 1820 3594 Θεὸς

231 3613 434 3679 ὄντως,
471 3617 658 3671 οὐκέτι
689 3619 718 3670 ὁ
748 3617 954 3691 Κύριος
987 3620 1080 3672 καὶ
1111 3621 1241 3683 Θεὸς
1269 3619 1434 3674 εἰκὼν
1481 3621 1686 3692 Κυρίου
1725 3621 1818 3675 καὶ

229 3706 372 3760 Θεοῦ
390 3703 526 3762 εἶναι
549 3708 790 3764 δύναται.
823 3731 842 3762 ι
877 3711 985 3764 Καὶ
1015 3711 1159 3782 ἑξῆς·
1191 3730 1210 3764 ι
1243 3711 1410 3766 Οὐδὲν
1437 3709 1530 3766 οὖν
1556 3711 1716 3766 αὑτὸν
1741 3706 1817 3768 ὧν

231 3802 497 3870 προεῖπον
523 3800 659 3856 εἶναι
696 3802 960 3873 βούλεται.
1006 3805 1231 3867 Πάντως
1259 3804 1368 3875 γὰρ
1395 3805 1597 3858 τούτων
1630 3805 1816 3859 είκόνα

232 3890 400 3943 αὑτὸν
436 3886 575 3946 εἶναι
619 3894 789 3962 λέγει.
821 3893 1030 3948 Οὐκοῦν
1063 3896 1112 3948 εί
1133 3895 1320 3958 οὐσίας
1351 3895 1500 3949 ἐστὶν
1537 3896 1720 3960 εἰκὼν,
1752 3897 1815 3951 οὐ

230 3981 459 4036 δύναται
501 3983 791 4038 αὐτοουσία
830 3979 990 4038 εἶναι’
1023 3985 1117 4038 καὶ
1151 3987 1200 4038 εί
1231 3985 1426 4056 βουλῆς
1449 3987 1597 4040 έστιν
1626 3986 1811 4053 εἰκὼν,

230 4072 421 4125 οὐκέτι
479 4073 777 4145 αὐτοὸουλὴ
833 4070 971 4128 εἶναι
1008 4073 1251 4129 δύναται·
1302 4075 1398 4129 καὶ
1435 4076 1486 4129 εί
1531 4076 1815 4147 δυνάμεως

233 4162 422 4227 είκὼν,
451 4164 634 4218 οὐκέτι
689 4165 941 4236 δύναμιςν
978 4167 1074 4220 καὶ
1113 4167 1163 4219 εί
1214 4166 1374 4236 δόξης
1411 4165 1594 4232 εἰκὼν,
1630 4167 1813 4222 οὐκέτι

231 4255 386 4322 δόξα.
449 4255 516 4310 Ἦ
546 4257 654 4328 γὰρ
685 4257 848 4314 είκὼν
880 4259 980 4329 οὐχ
1009 4259 1229 4330 ἑαυτῆς,
1270 4258 1385 4314 ἀλλ’
1434 4257 1622 4330 ἑτέρου
1667 4258 1814 4324 τινός

235 4350 383 4402 ἔστι.
419 4365 440 4402 ι

307 4610 382 4662 Ζ’.
415 4606 598 4663 Ταῦτα
624 4608 681 4663 δὲ
716 4609 804 4676 σὺ,
843 4609 1153 4682 Μάρκελλε,
1193 4610 1261 4664 τὰ
1303 4610 1523 4681 ῥήματα
1551 4607 1622 4662 τὰ
1673 4607 1808 4680 πρό-

234 4717 393 4770 τερον
418 4701 703 4763 ἐπαινέσας
731 4701 790 4754 ὲν
822 4701 963 4773 ἀρχῇ
994 4700 1088 4754 τοῦ
1120 4700 1348 4771 βιϐλίου,
1380 4699 1476 4753 νῦν
1496 4699 1552 4753 δὲ
1580 4699 1813 4772 ἀρνησά-

241 4809 398 4864 μενος
420 4791 507 4845 τὸν
536 4791 667 4845 Θεὸν
695 4793 759 4846 ὲκ
788 4791 924 4846 Θεοῦ
949 4794 1119 4862 Λόγον
1145 4793 1273 4848 ὄντα
1294 4793 1386 4847 τὸν
1411 4792 1560 4856 Υίὸν,
1594 4793 1688 4846 καὶ
1716 4791 1812 4862 μό·

239 4901 324 4937 νον
349 4885 412 4936 ὲκ
439 4882 620 4952 μόνου,
652 4883 746 4936 καὶ
770 4883 975 4937 τέλειον
1003 4884 1067 4937 ὲκ
1095 4884 1324 4949 τελείου,
1352 4883 1539 4954 σαφῶς
1560 4883 1656 4953 τὴν
1673 4882 1810 4951 φαύ-

240 4984 335 5044 Λην
369 4991 461 5027 σου
493 4977 622 5044 περὶ
665 4976 918 5048 θεότητος
951 4975 1182 5046 ἤλεγξας
1218 4975 1394 5042 δόξαν.
1428 4974 1534 5028 Τοῦ
1563 4974 1670 5046 γὰρ
1704 4974 1809 5026 Βα-

243 5063 428 5128 σιλέως
457 5065 548 5118 τοῦ
601 5065 839 5134 μεγάλου
884 5066 984 5136 τὴν
1035 5067 1220 5120 εἰκόνα
1250 5064 1450 5121 λαόὼν.
1503 5062 1676 5134 ἀζωῖᾳ
1713 5063 1807 5116 καὶ

237 5157 504 5226 ἀθεότητι,
536 5158 764 5230 ἀϐουλίᾳ
802 5175 861 5210 τε
892 5158 985 5213 καὶ
1031 5157 1322 5226 ἀδυναμίᾳ,
1356 5156 1448 5210 καὶ
1480 5155 1682 5226 ἀδοξίᾳ.
1713 5154 1805 5208 καὶ

235 5248 310 5316 τῷ
343 5247 591 5318 ἁνουσίῳ,
625 5248 988 5319 ἐκτετμῆσθαι
1016 5248 1114 5320 τὴν
1138 5247 1357 5303 ἀνοσίαν
1385 5244 1608 5315 ὥφειλες
1637 5244 1805 5314 γλῶτο

321 5426 338 5457 ι
365 5426 483 5480 Col.
515 5443 552 5494 ι,
583 5426 664 5481 l5.

1929 1884 2167 1953 erigens,
2196 1895 2320 1951 post
2351 1900 2506 1940 suam
2530 1887 2681 1942 illam
2708 1885 3130 1944 Proverbiorum
3159 1890 3510 1960 depravatio-

1930 1987 2054 2025 nem
2092 1975 2273 2042 potius
2295 2012 2312 2037 ,
2347 1990 2510 2045 quam
2544 1975 3053 2047 interpretationem
3089 1979 3393 2049 subjuuxit.
3427 1981 3508 2038 Ac

1931 2062 2166 2131 primum
2220 2063 2336 2118 haec
2374 2065 2577 2120 Asterii
2620 2067 2782 2122 verba
2813 2069 3113 2138 proponit:
3158 2087 3178 2121 ι
3219 2069 3374 2125 Alius
3421 2079 3508 2126 est

1928 2155 2074 2208 eiiim
2100 2153 2298 2220 Pater,
2347 2157 2439 2224 qui
2471 2157 2695 2212 unicum
2728 2173 2795 2212 ex
2827 2159 3010 2228 seipse
3039 2157 3238 2215 Filium
3269 2160 3505 2217 Verbum

1927 2233 2152 2311 genuit,
2182 2243 2604 2314 primogenitum
2635 2254 2900 2300 creatura:
2926 2247 3108 2302 omnis
3145 2247 3186 2313 ί,
3223 2250 3378 2305 solus
3406 2264 3503 2306 so-

1929 2331 2040 2389 lum
2067 2374 2081 2398 ,
2116 2333 2394 2402 perfectus
2427 2336 2727 2405 perfectum
2755 2376 2769 2398 ,
2814 2351 2910 2391 rex
2955 2352 3172 2407 regem,
3237 2337 3503 2398 Dominus

1931 2419 2216 2476 Dominum
2244 2463 2259 2489 ,
2296 2422 2442 2479 Deus
2494 2423 2688 2490 Deum,
2729 2425 2984 2482 essentia:
3028 2427 3356 2499 consiliique
3412 2431 3502 2486 sui

1927 2525 1993 2566 ac
2019 2512 2237 2568 virtutis
2273 2523 2321 2568 et
2351 2515 2537 2584 gloria:
2577 2517 2727 2570 nulla
2753 2518 2807 2570 in
2842 2531 2902 2571 re
2930 2516 3332 2588 discrepantem
3363 2521 3504 2578 ima-

1924 2601 2127 2672 ginem.
2158 2623 2177 2655 ι
2216 2603 2426 2670 Quibus
2451 2605 2504 2659 in
2554 2607 2792 2661 medium
2825 2609 3100 2672 adductis,
3132 2611 3236 2665 hoc
3274 2612 3502 2681 petissi-

1924 2706 2076 2746 mum
2105 2693 2368 2759 oﬂensus,
2399 2696 2544 2765 quod
2576 2699 2722 2754 nulla
2755 2698 2808 2751 in
2841 2715 2897 2754 re
2931 2700 3328 2770 discrepantem
3362 2703 3502 2756 ima-

1924 2783 2104 2852 ginem
2161 2786 2469 2856 appellarit,
2500 2789 2602 2843 hoc
2629 2799 2713 2846 est
2749 2789 2945 2845 divinae
2971 2793 3222 2846 essentia:
3247 2807 3310 2846 ac
3335 2802 3498 2848 caete-

1923 2889 2111 2930 rorum
2133 2879 2376 2932 omnium
2406 2895 2721 2950 expressam
2748 2891 2802 2937 et
2849 2883 3155 2940 evidentem
3184 2884 3497 2954 imaginem,

1923 2963 2238 3020 istiusmodi
2300 2969 2626 3022 sententiam
2684 2969 3096 3044 improbandam
3147 2986 3271 3027 esse
3319 2972 3496 3039 dicit;

1923 3063 2084 3125 atque
2112 3055 2264 3112 hisce
2300 3057 2504 3121 verbis.
2551 3051 2815 3129 quantum
2876 3061 2980 3116 sibi
3030 3061 3119 3115 illa
3148 3061 3496 3132 displiceant,

1923 3146 2196 3202 ostendit:
2223 3166 2240 3199 ι
2268 3145 2393 3202 Haec
2407 3150 2609 3204 Asterii
2636 3151 2800 3206 verba
2832 3151 3117 3208 manifeste.
3131 3168 3352 3222 pravam
3375 3154 3498 3230 ejus

1919 3235 1988 3292 de
2019 3234 2302 3291 divinitate
2337 3239 2663 3293 sententiam
2693 3249 2949 3312 arguunt.
2987 3240 3198 3296 Etenim
3238 3243 3331 3312 qui
3379 3243 3496 3299 ﬁeri

1917 3333 2130 3396 potest.
2175 3334 2236 3380 ut
2266 3326 2526 3385 Dominus
2564 3344 2629 3384 ac
2668 3329 2810 3386 Deus
2837 3332 2965 3396 ille,
2996 3333 3092 3404 qui
3139 3333 3211 3388 sit
3255 3334 3496 3403 genitus,

1918 3423 1980 3470 ut
2030 3417 2259 3486 ipsemet
2306 3426 2465 3473 antea
2519 3423 2761 3492 scripsit,
2797 3421 2892 3476 Dei
2942 3423 3120 3493 imago
3167 3426 3498 3481 censeatur?

1916 3505 2078 3565 Aliud
2124 3508 2268 3561 enim
2309 3517 2394 3562 est
2429 3509 2607 3580 imago
2654 3510 2788 3577 Dei;
2826 3511 2975 3566 aliud
3018 3512 3179 3569 Deus.
3221 3512 3400 3579 Quare
3447 3516 3495 3570 si

1918 3599 2102 3671 imago
2139 3598 2232 3654 Dei
2281 3608 2366 3656 est
2389 3641 2404 3667 ,
2437 3615 2546 3655 non
2598 3610 2682 3656 est
2711 3602 3012 3668 Dominus,
3053 3613 3145 3658 aut
3179 3603 3356 3669 Deus.
3397 3607 3494 3663 sed

1915 3690 2094 3762 imago
2127 3689 2340 3745 Domini
2389 3703 2452 3747 ac
2484 3691 2597 3746 Dei.
2632 3691 2727 3748 Sin
2776 3709 2964 3749 revera
2993 3695 3258 3751 Dominus
3305 3706 3390 3752 est
3429 3712 3494 3752 ac

1915 3780 2090 3848 Deus,
2122 3783 2214 3853 qui
2248 3782 2516 3852 ejusmodi
2545 3793 2630 3838 est
2651 3825 2667 3851 ,
2699 3784 2790 3839 Dei
2821 3799 2885 3843 ac
2915 3785 3126 3839 Domini
3161 3787 3339 3857 imago
3371 3802 3496 3844 esse

1913 3888 2023 3928 non
2052 3882 2252 3945 potest.
2296 3894 2316 3927 ι
2346 3874 2541 3929 Subdit
2568 3884 2797 3944 postea:
2832 3893 2850 3926 ι
2872 3874 3017 3930 Μὴίι
3057 3876 3224 3947 igitur
3275 3878 3493 3933 illorum

1913 3980 2035 4036 qua:
2067 3965 2202 4030 dixi,
2237 3981 2360 4021 esse
2392 3975 2548 4039 putat
2583 3967 2785 4036 ipsum,
2820 3980 2946 4020 cum
2979 3981 3169 4021 eorum
3200 3967 3492 4038 imaginem

1913 4072 2036 4112 esse
2065 4057 2306 4113 deﬁniat.
2337 4056 2490 4113 Unde
2514 4057 2557 4113 si
2592 4057 2870 4122 essentiae,
2904 4058 3053 4113 verbi
3076 4058 3272 4128 gratia,
3315 4059 3493 4128 imago

1914 4149 2017 4216 sit;
2053 4149 2288 4218 ipsamet
2341 4151 2581 4218 essentia
2611 4165 2720 4204 non
2754 4150 2897 4214 erit,
2950 4165 3128 4219 neque
3175 4151 3222 4205 si
3275 4151 3490 4205 consilii

1913 4240 1985 4294 sit
2034 4240 2254 4311 imago,
2287 4239 2586 4310 ipsummet
2646 4255 2770 4295 esse
2823 4241 3117 4296 consilium
3173 4241 3395 4311 poterit.
3433 4240 3489 4294 Si

1911 4331 2131 4387 virtutis
2153 4339 2237 4387 est
2259 4331 2467 4403 imago,
2498 4333 2674 4388 virtus
2700 4348 2809 4386 non
2839 4339 2923 4387 est
2951 4349 2966 4397 ;
3000 4347 3178 4402 neque
3203 4332 3373 4403 gloria
3391 4369 3407 4394 ,
3442 4331 3488 4386 si

1913 4422 2081 4492 hujus
2109 4422 2288 4494 imago
2320 4422 2411 4478 sit.
2444 4421 2626 4492 Imago
2655 4423 2801 4486 enim
2835 4437 2944 4476 non
2984 4422 3092 4486 sui,
3122 4421 3217 4478 sed
3258 4421 3490 4489 alicujus

1839 4515 1884 4571 D
1915 4515 2145 4570 alterius
2168 4521 2306 4570 est.»

1993 4603 2099 4659 νη.
2132 4605 2256 4660 Haec
2291 4613 2382 4669 tu,
2411 4604 2662 4660 Marcelle
2690 4643 2704 4667 ,
2734 4604 2893 4659 verba
2917 4643 2932 4668 ,
2967 4619 3090 4659 cum
3132 4612 3292 4659 antea
3335 4601 3490 4657 initio

1915 4697 2039 4752 libri
2064 4697 2484 4761 eollaudavcris,
2514 4712 2660 4751 nunc
2685 4705 2864 4752 autem
2889 4695 3182 4751 inﬁcieris:
3210 4694 3485 4758 nimirum,

1916 4787 2086 4844 Deum
2137 4805 2204 4843 ex
2252 4787 2364 4844 Deo
2392 4786 2632 4844 Verbum
2682 4803 2805 4845 esse
2837 4788 3030 4843 Filium
3057 4825 3072 4851 ,
3118 4793 3173 4841 et
3204 4785 3380 4840 solum
3421 4798 3487 4838 ex

1916 4881 2054 4946 solo,
2088 4889 2140 4936 et
2169 4896 2232 4936 ex
2262 4880 2504 4952 perfecto
2532 4880 2855 4952 perfectura,
2896 4880 3182 4951 perspicue
3209 4878 3486 4933 sinistram

1914 4979 2064 5024 tuam
2097 4972 2165 5025 de
2193 4971 2479 5026 divinitate
2507 4971 2830 5026 sententiam
2862 4969 3088 5040 detegis.
3112 4966 3359 5036 Cumque
3383 4981 3491 5019 ma-

1913 5064 2003 5135 gni
2038 5062 2202 5132 Regis
2243 5063 2532 5133 imaginem
2565 5063 2788 5132 capiens
2821 5062 2929 5116 vita
2951 5101 2967 5126 ,
3002 5060 3286 5115 divinitate
3310 5099 3327 5124 ,
3361 5073 3488 5113 con-

1911 5154 2039 5208 silio
2060 5195 2074 5218 ,
2123 5155 2394 5223 potentia,
2438 5153 2608 5222 gloria
2629 5192 2644 5216 ,
2676 5153 2916 5207 essentia
2943 5151 3178 5221 denique
3211 5149 3486 5222 spoliaris,

1911 5245 2111 5316 dignus
2162 5261 2256 5312 es,
2315 5244 2481 5314 839
2528 5243 2615 5299 cui
2671 5243 2835 5314 impia
2894 5243 3078 5314 lingua
3137 5242 3486 5315 praecidatur,

304 5603 418 5684 (ξιῖ)
462 5605 652 5684 Ταῦτα
695 5607 810 5684 μὲν
852 5598 983 5684 οὖνΑ
1011 5607 1108 5684 καὶ
1145 5605 1217 5660 τὰ
1244 5607 1504 5684 formica.
1551 5604 1801 5684 Asterius

1925 5602 2201 5684 'ei'utasset
2230 5601 2536 5684 Marcellus,
2574 5601 2788 5683 longius
2816 5601 3092 5684 progredi.
3119 5609 3182 5684 ει
3205 5599 3260 5652 in
3293 5596 3484 5684 Sabel-

235 5669 478 5743 SopliiSta
525 5669 889 5730 Christianam
955 5676 1113 5730 ﬁdem
1181 5678 1480 5744 amplexus.
1507 5675 1800 5752 ‘ttonnulla
1904 5673 2113 5752 lianant
2161 5673 2409 5752 haeresim
2444 5669 2751 5752 desciscere
2795 5669 2946 5752 visus
2976 5681 3098 5752 last.
3139 5669 3271 5752 Quae
3299 5669 3481 5752 omnia

236 5741 525 5814 scripserat
559 5746 773 5801 Ariame
803 5748 1041 5816 perﬁdiae
1075 5741 1462 5803 consentanea.
1499 5745 1628 5810 Qua:
1675 5760 1796 5797 cum
1902 5742 2288 5812 copiosissime
2327 5743 2493 5798 babes
2546 5743 2598 5795 in
2649 5743 2846 5795 Annal.
2879 5741 3171 5795 ecclesiast.
3212 5741 3479 5808 exposita.
