3988 6400
530 360 625 421 591

1944 343 2002 398 ε.
2045 339 2389 397 EPIPHANII

3653 344 3746 402 391

527 473 967 550 quandoquidem
1017 471 1446 528 consceleratam
1486 466 1542 522 in
1577 464 1747 522 Deum
1797 478 1986 519 vocem
2022 463 2108 532 je-

2235 479 2336 525 :av,
2361 459 2530 514 εἰπὼν
2566 460 2717 532 ῥῆμα
2750 459 2829 524 εἰς
2861 459 3091 534 Κύριον,
3117 459 3214 516 καὶ
3237 460 3554 534 τελευτήσας
3574 465 3644 528 εἰς
3664 469 3750 535 ψυ-

529 570 692 632 cisti,
745 581 807 620 ac
843 574 949 619 tam
999 562 1327 630 sacrilegum
1378 556 1549 612 animi
1581 569 1805 612 sensum
1839 561 2114 625 postremo

531 655 840 729 prodidisti.
876 652 1012 707 Nam
1047 651 1141 722 qui
1177 649 1270 706 Dei
1303 649 1596 720 imaginem
1651 654 1855 700 mutam
1896 660 1960 700 ac
2006 643 2115 697 vita

529 755 809 804 carentem
846 743 1076 811 tinxisti,
1119 743 1258 796 hanc
1285 748 1342 795 tu
1379 754 1558 810 neque
1597 735 1907 799 Dominum,
1941 749 2117 804 neque

534 839 745 906 Deum,
791 852 895 892 nec
926 835 1222 894 essentiam
1243 875 1259 900 ,
1311 847 1414 887 nec
1437 829 1758 893 consilium,
1795 841 1972 896 neque
2004 827 2118 880 vir-

531 937 703 984 tutem
735 967 750 993 ,
801 943 980 998 neque
1029 925 1259 998 gloriam
1308 937 1433 978 esse
1465 920 1716 992 judicas,
1765 918 1863 974 sed
1919 918 2116 972 horum

533 1019 777 1076 omnium
806 1018 1142 1073 immobilem
1168 1013 1418 1086 elfigiem,
1441 1027 1564 1082 quae
1590 1026 1690 1066 nec
1711 1011 1917 1072 anima,
1942 1023 2120 1078 neque

533 1108 644 1162 vita
676 1106 904 1178 prazdita
940 1107 1013 1161 sit
1041 1145 1057 1172 ,
1095 1104 1240 1160 velut
1273 1101 1421 1157 foras
1473 1099 1778 1170 expositam
1812 1097 2119 1165 arbitraris,

535 1209 702 1271 alque
750 1201 823 1254 ita
877 1197 1176 1252 inanimam
1207 1236 1222 1263 ,
1268 1201 1324 1249 et
1353 1194 1590 1250 humana
1622 1193 1800 1247 solum
1839 1198 1959 1244 arte
1988 1203 2123 1244 con-

536 1299 797 1348 stantem.
836 1289 1082 1345 Viventis
1129 1295 1312 1342 autem
1357 1285 1453 1340 Dei
1504 1284 1775 1340 viventem
1826 1282 2122 1353 imaginem

536 1400 661 1440 esse
712 1398 879 1452 negas
903 1422 918 1446 ,
956 1387 1051 1435 aut
1100 1378 1398 1435 essentiam
1431 1375 1682 1433 essentia:
1702 1414 1718 1439 ,
1751 1381 1848 1428 aut
1880 1371 2120 1438 consilii,

535 1475 775 1541 virtutis,
802 1489 864 1528 ac
891 1472 1098 1544 gloriae,
1131 1470 1445 1534 consilium,
1473 1468 1752 1533 virtutem,
1779 1480 1845 1521 ac
1870 1465 2120 1535 gloriam,

539 1577 597 1621 nt
650 1567 764 1620 haec
801 1565 983 1634 imago
1030 1563 1101 1618 ab
1134 1577 1200 1618 eo
1233 1561 1395 1631 cujus
1428 1561 1607 1631 imago
1637 1567 1722 1614 est
1776 1557 1928 1611 nulla
1981 1557 2034 1610 in
2065 1571 2125 1612 re

535 1657 831 1727 discrepet.
865 1653 988 1708 1am
1038 1669 1165 1708 cum
1221 1653 1370 1708 nulla
1422 1666 1482 1707 re
1529 1651 1846 1718 discrepare
1899 1647 2124 1712 dicitur,

537 1765 648 1804 non
687 1747 917 1819 perinde
956 1756 1064 1811 est,
1095 1761 1160 1800 ac
1206 1745 1255 1800 si
1301 1743 1599 1816 ingenitam
1625 1757 1751 1798 esse
1779 1738 2123 1806 fateremini;

2215 553 2317 625 χὴν
2362 553 2533 618 οὕτως
2581 552 2950 623 ἀσεϐήσασαν.
2985 553 3098 626 Τὴν
3143 554 3251 626 γὰρ
3303 554 3483 608 εἰκόνα
3513 554 3600 622 τοῦ
3640 556 3750 611 Osci)

2193 643 2800 716 ,ἁζωῖᾳ.περιγράψας,
2830 643 2956 697 ούτε
2988 644 3215 716 Κύριον,
3246 644 3368 699 οὔτε
3397 646 3542 710 Θεὸν,
3570 647 3660 700 οὐκ
3683 649 3756 701 οὑ-

2218 735 2360 801 σίαν,
2387 736 2450 788 ού
2497 734 2714 805 βουλὴν,
2749 737 2810 788 ού
2843 736 3097 808 δύναμιν,
3142 737 3204 790 ού
3233 737 3388 802 δόξαν
3412 734 3543 792 εἶναι
3563 739 3754 811 ταύτην,

2216 826 2420 880 τούτων
2443 825 2500 879 δὲ
2523 827 2780 896 ἀκίνητον
2817 828 3003 881 εἰκόνα
3031 823 3172 880 εἶναι
3214 827 3386 892 Θέλεις
3413 828 3593 900 αὐτὴν,
3619 831 3758 884 οἷονεί

2218 917 2425 989 ἄψυχον
2457 917 2552 972 καὶ
2583 918 2760 983 ἄζωον
2787 917 2892 985 ἔξω
2917 918 3233 978 ὲκτεθεῖσαν
3269 921 3438 992 αὐτὴν
3476 920 3650 986 ποιῶν,
3681 923 3756 976 καὶ

2217 1009 2292 1072 ὡς
2313 1008 2473 1072 αὐτὸς
2487 1010 2509 1040 ⁵
2530 1009 2734 1079 ἄψυχον
2753 1009 2850 1062 καὶ
2872 1009 3190 1083 ἀνθρωπίνῃ
3208 1010 3372 1084 τέχνῃ
3390 1013 3521 1085 μόνῃ
3541 1015 3761 1066 συνεστῶ-

2223 1116 2343 1154 σαν.
2370 1099 2579 1163 Ζῶντος
2608 1100 2665 1154 δὲ
2691 1100 2874 1165 ζῶσαν
2905 1101 2968 1154 ού
3007 1101 3182 1167 θέλεις
3209 1099 3281 1156 εἷ’.
3292 1121 3348 1158 αι
3377 1105 3472 1175 τὴν
3499 1107 3664 1160 εἰκόνα
3683 1106 3760 1162 τοῦ

2220 1187 2380 1255 Θεοῦ,
2408 1190 2527 1244 οὐδὲ
2550 1191 2736 1255 ούσίας
2762 1192 2954 1246 οὐσίαν
2979 1194 3184 1258 εἰκόνα,
3208 1195 3330 1248 οὐδὲ
3359 1195 3551 1268 βουλῆς
3583 1200 3666 1252 καὶ
3687 1200 3762 1253 δυο

2223 1279 2441 1350 νάμεως
2491 1281 2588 1335 καὶ
2633 1280 2812 1352 δόξης,
2855 1274 3050 1356 βουλὴν
3100 1285 3195 1338 καὶ
3241 1285 3470 1358 δύναμιν
3511 1288 3599 1342 καὶ
3635 1288 3764 1353 δόξαν

2223 1371 2662 1444 ἀπαραλλάκτως
2693 1374 2898 1428 εἰκόνα.
2929 1376 3004 1429 Τὸ
3045 1376 3102 1429 δὲ
3151 1378 3578 1450 ἀπαραλλάκτως
3622 1383 3765 1434 εἰπεῖν

2223 1462 2323 1534 οὐχ
2371 1457 2483 1521 οἶόν
2537 1481 2591 1518 τι
2639 1465 2734 1520 καί
2762 1467 3096 1538 ἀγεννήτως,
3153 1469 3269 1524 ἀλλ’
3309 1471 3393 1525 δτι
3430 1472 3664 1537 ἑκτύπως
3694 1474 3767 1528 καὶ

2224 1553 2469 1626 ἀκριϐῶς
2497 1555 2859 1630 ὡμοιωμένην
2889 1559 3026 1630 πρὸς
3053 1563 3326 1634 πατρικὴν
3367 1565 3658 1636 ἀγαθότητα
3694 1567 3768 1621 καὶ
3838 1577 3843 1584 ’

2228 1645 2459 1719 θεότητα
2510 1651 2604 1703 καὶ
2667 1653 2850 1705 πᾶσαν
2902 1653 3204 1725 ἐνέργειαν.
3265 1659 3381 1712 Kal.
3433 1659 3549 1729 μεθ’
3605 1660 3766 1731 ἕτερα·

2233 1746 2382 1801 Ἔδει
2415 1747 2471 1801 δέ
2522 1766 2606 1803 σοι
2652 1751 2823 1805 ἄλαλα
2848 1753 3142 1824 γενηθῆναι
3168 1753 3240 1808 τὰ
3284 1752 3441 1824 χείλη
3465 1752 3531 1805 τὸ.
3548 1752 3696 1817 δόλια,
3719 1752 3772 1804 τὰ

538 1842 637 1900 sed
688 1840 824 1896 illud
858 1839 1038 1894 solum
1072 1836 1383 1893 ostenditur
1404 1875 1421 1900 ,
1457 1834 1527 1889 ad
1567 1841 1807 1904 paterna:
1838 1831 2123 1896 bonitatis.

2235 1840 2492 1895 λαλοῦντα
2522 1843 2668 1897 κατὰ
2697 1846 2792 1899 τοῦ
2821 1846 2958 1900 Θεοῦ
2991 1849 3205 1903 ἀδικίαν
3243 1850 3302 1901 ὲν
3331 1845 3684 1918 ύπερηφανεία
3700 1845 3771 1899 καὶ

539 1943 597 1989 ει
628 1933 938 1989 divinitatis
959 1971 975 1997 ,
1009 1938 1065 1986 et
1093 1929 1328 1984 actionis
1365 1927 1547 1983 omnis
1580 1926 1861 1995 exemplar
1888 1926 2131 1980 exactis-

541 2025 679 2078 sime
702 2019 1220 2088 absolutissimeque
1243 2030 1366 2072 esse
1389 2015 1539 2070 illam
1559 2026 1900 2084 expressam.
1926 2009 2130 2066 Deinde

540 2116 705 2186 paulo
747 2122 871 2184 post
911 2129 924 2166 :
961 2111 1107 2166 Muta
1155 2120 1248 2165 tua
1282 2109 1373 2162 illa
1405 2121 1530 2163 esse
1570 2105 1760 2160 dolosa
1791 2102 1934 2158 labia
1962 2117 2131 2174 opor-

540 2208 711 2272 tebat,
741 2220 862 2276 quae
913 2205 1212 2274 loquuntur
1247 2199 1512 2255 adversus
1554 2195 1725 2252 Deum
1759 2194 2123 2265 injustitiam'

540 2314 667 2354 cum
718 2297 972 2368 superbia
1020 2303 1075 2349 et
1107 2299 1449 2362 contemptu.
1498 2287 1713 2344 Etenim
1763 2287 1917 2344 solus
1947 2287 2128 2344 solum

539 2389 706 2444 Pater
733 2388 957 2442 unicum
1001 2384 1200 2440 Filium
1245 2383 1434 2454 genuit
1464 2423 1481 2448 ,
1533 2380 1786 2451 quamvis
1819 2381 2045 2436 minime
2074 2379 2130 2435 id

543 2483 642 2536 tibi
677 2483 889 2552 p'aceat
911 2519 926 2543 ,
953 2479 1044 2534 cui
1086 2475 1234 2532 aliud
1262 2475 1423 2529 modo
1455 2474 1630 2545 placet
1653 2513 1670 2536 .
1712 2487 1893 2543 neque
1924 2488 2056 2528 vero
2099 2486 2132 2526 a

544 2575 786 2644 quodam
835 2569 1343 2626 Valentinianorum
1386 2581 1602 2621 :eonum
1644 2563 1919 2634 principio
1957 2561 2132 2620 Filius

2229 1931 2601 1998 ὲξουδενὼσει.
2637 1937 2749 1990 Καὶ
2777 1938 2889 2010 γὰρ
2933 1941 3092 2011 μόνος
3127 1941 3290 2012 μόνον
3327 1941 3609 2011 ἐγέννησεν
3633 1940 3659 1990 ό
3682 1941 3770 1992 Πα-

2229 2025 2336 2096 τὴρ
2384 2025 2478 2079 τὸν
2524 2029 2831 2100 Μονογενῆ,
2867 2031 2972 2084 κᾶν
3019 2033 3085 2086 σὺ
3121 2033 3197 2103 μὴ
3236 2031 3445 2094 Θέλεις,
3471 2029 3565 2084 νῦν
3590 2028 3700 2085 ἄλλο
3732 2046 3772 2081 τι

2231 2116 2422 2181 Θέλων,
2467 2118 2569 2172 οὐκ
2599 2121 2657 2188 ἐξ
2687 2122 2868 2187 αἰτίας
2909 2123 3018 2177 τῶν
3063 2122 3277 2178 αἰώνων
3317 2122 3655 2177 Οὐαλεντίνου
3698 2121 3774 2191 τὴν

2233 2206 2466 2278 πάροδον
2494 2207 2749 2275 λαϐόντος
2781 2212 2878 2265 τοῦ
2899 2212 3053 2280 Υἰοῦ,
3076 2212 3189 2267 ἀλλ’
3210 2214 3276 2266 ὲκ
3297 2213 3460 2284 μόνου
3489 2210 3678 2282 [ἰατρὸς
3699 2208 3774 2278 τὴν

2231 2299 2486 2370 γέννησιν
2515 2300 2752 2372 ἔχοντος·
2802 2307 2900 2359 καὶ
2939 2305 3145 2370 τέλειος
3175 2305 3408 2360 τέλειον.
3452 2305 3648 2368 Ἀτελὲς
3690 2302 3775 2373 γὰρ

2231 2391 2385 2446 οὐδὲν
2434 2395 2494 2447 έν
2523 2396 2720 2468 Πατρί·
2755 2398 2840 2452 διὸ
2879 2398 3001 2452 οὐδὲ
3030 2400 3090 2452 έν
3133 2399 3270 2470 Υἰῷ,
3309 2399 3447 2454 ἀλλὰ
3477 2398 3570 2468 τῆς
3607 2394 3774 2448 ἐκείνου

2231 2481 2570 2554 τελειότητος
2627 2489 2723 2542 καὶ
2773 2490 3259 2563 ύπερτελειότητος
3301 2492 3546 2562 γέννημα
3596 2487 3777 2558 γνήσιον

2229 2573 2326 2628 τοῦ
2365 2576 2495 2632 Υίοῦ
2514 2578 2636 2634 τελε
2644 2581 2812 2653 ιόντης.

545 2665 851 2738 processit,
879 2665 974 2718 sed
1005 2677 1036 2716 a
1085 2660 1204 2716 solo
1254 2657 1413 2712 Patre
1477 2657 1696 2726 genitus
1733 2664 1862 2717 est;
1901 2655 2029 2710 item
2085 2660 2361 2728 perfectus
2412 2671 2716 2740 perfectum
2767 2676 2978 2746 genuit.
3011 2675 3155 2733 Nihil
3201 2679 3353 2733 enim
3420 2679 3558 2733 inest
3614 2675 3775 2743 imper.

547 2760 763 2836 [εειιιιιιΧ
800 2756 855 2809 in
913 2753 1077 2808 Patre
1119 2769 1134 2806 :
1177 2749 1300 2805 ideo
1346 2763 1469 2842 neti
1500 2748 1554 2802 in
1589 2746 1730 2802 Filio
1766 2754 1946 2818 potest
1977 2749 2181 2821 inesse,
2217 2771 2344 2814 cum
2381 2759 2530 2818 illius
2559 2763 2956 2836 perfectionis,
2997 2786 3119 2841 quae
3171 2772 3557 2842 perfectionem
3600 2777 3776 2821 omnm

548 2857 793 2921 superat,
818 2861 1114 2919 germanus
1145 2844 1291 2900 fetus
1328 2844 1402 2899 sit
1431 2840 1554 2896 Filii
1582 2841 1868 2912 perfectio.

620 2966 727 3022 Sed
756 2974 811 3022 et
841 2981 935 3022 rex
973 2979 1156 3036 regem
1185 2963 1396 3035 genuit.
1439 2960 1648 3016 Pietate
1675 2961 1875 3033 quippe
1899 2977 2136 3020 consen-

548 3070 767 3116 taneum
798 3065 919 3124 est,
954 3069 1184 3127 regnare
1227 3054 1432 3119 Deum,
1475 3067 1598 3107 cum
1654 3053 1872 3108 interim
1919 3055 2138 3126 genitus

549 3161 679 3208 ante
735 3150 936 3207 saecula
985 3146 1196 3211 Filius,
1237 3144 1493 3215 idemque
1538 3161 1637 3200 rex
1695 3159 1864 3216 regno
1910 3147 2137 3205 alterius

550 3244 856 3314 subjectus,
890 3256 986 3312 per
1016 3253 1176 3310 quem
1207 3238 1380 3308 ipsius
1409 3252 1574 3308 regno
1604 3246 1799 3292 caetera
1829 3237 2137 3309 subjacent,

551 3337 861 3405 subjectum
901 3347 962 3388 se
990 3345 1112 3387 esse
1135 3337 1292 3400 grato
1331 3329 1517 3381 animo
1551 3326 1806 3384 fateatur.
1838 3329 1957 3384 Non
1993 3331 2139 3385 enim

551 3429 822 3501 privatum
850 3466 865 3491 ,
893 3423 988 3481 sed
1019 3437 1203 3494 regem
1240 3422 1393 3476 illum
1424 3421 1613 3491 genuit
1640 3421 1789 3493 regni
1825 3422 1910 3477 sui
1945 3423 2137 3480 Pater:

550 3520 698 3592 quod
733 3535 910 3591 neque
945 3517 1212 3589 temporis
1269 3515 1464 3578 illitiO‘,
1500 3530 1677 3585 neque
1711 3515 1836 3571 vita:
1883 3516 1991 3571 line
2034 3519 2144 3572 cir-

551 3615 948 3683 cumscriptum
976 3618 1085 3665 est.
1117 3607 1389 3674 Quoniam
1438 3609 1560 3678 ejus
1608 3609 1850 3679 dignitas
1899 3626 2009 3664 non
2044 3627 2142 3665 ex-

553 3707 828 3761 trinsecus
877 3702 1050 3758 ascita
1079 3741 1096 3765 ,
1153 3700 1248 3756 sed
1295 3700 1438 3754 utin
1469 3698 1662 3764 Patre,
1698 3716 1728 3752 a
1765 3716 1874 3770 quo
1925 3702 2142 3771 genitus

552 3807 672 3863 est,
707 3797 776 3852 ad
805 3795 1102 3852 essentiam
1154 3794 1330 3865 ipsam
1359 3794 1618 3864 pertinet.
1655 3792 1737 3847 0b
1778 3793 1832 3848 id
1870 3796 2141 3865 scriptum

554 3891 689 3947 illud
741 3898 863 3946 est:
901 3886 970 3940 Et
1021 3887 1169 3958 regni
1217 3887 1364 3940 illius
1413 3902 1518 3940 non
1564 3887 1666 3940 erit
1699 3887 1824 3955 ﬁnis
1851 3889 1893 3942 '.
1941 3886 2142 3944 Eodem

556 3983 722 4036 modo
761 3981 818 4037 εί
872 3979 1136 4034 Dominus
1167 3977 1459 4032 Dominum
1485 4019 1500 4042 ,
1538 3986 1590 4033 et
1637 3977 1784 4034 Deus
1818 3977 2024 4044 Deum,
2066 3981 2144 4036 uti

555 4089 659 4129 nos
689 4073 1027 4135 asserimus,
1061 4070 1269 4141 genuit.
1300 4069 1516 4140 Atque,
1553 4079 1614 4123 nt
1648 4085 1759 4124 uno
1797 4071 1965 4126 verbo
2011 4071 2146 4127 defi-

555 4167 742 4230 niam,
790 4165 1084 4229 essentne,
1134 4161 1394 4225 consilii,
1431 4160 1649 4217 virtutis
1699 4171 1753 4216 ct
1795 4163 1982 4233 gloria:
2034 4179 2143 4218 non

554 4267 765 4314 mutam
841 4271 906 4310 ac
967 4261 1240 4310 mortuam
1275 4252 1568 4324 imaginem
1614 4253 1709 4309 sed
1738 4260 1977 4310 essentia
2013 4271 2145 4311 con-

555 4343 905 4414 sultandique
955 4343 1005 4397 vi
1061 4342 1342 4412 praaditam
1404 4356 1468 4396 ac
1529 4350 1800 4412 potentem
1849 4354 1897 4399 el
1953 4346 2148 4416 glorio-

555 4450 674 4489 sam
725 4450 848 4490 esse
896 4431 1265 4488 defendimus.
1301 4430 1488 4486 Virtus
1523 4432 1668 4487 enim
1713 4434 2144 4490 imbecillitatem

554 4543 666 4582 non
701 4535 922 4598 generat
947 4567 962 4588 ,
995 4525 1091 4581 sed
1123 4526 1300 4596 ipsam
1339 4523 1506 4596 8&0
1557 4540 1654 4594 per
1697 4541 1818 4582 sese
1865 4527 2147 4583 virtutem:

553 4619 629 4673 ita
680 4619 854 4690 gloria
889 4634 999 4672 non
1053 4617 1448 4689 ignobilitatem
1479 4659 1496 4685 ,
1532 4617 1627 4673 sed
1661 4618 1924 4688 gloriam;
1960 4620 2149 4675 consi-

555 4713 689 4768 lium
725 4728 832 4767 non
867 4711 1089 4766 consilii
1121 4725 1318 4780 expers
1348 4709 1578 4780 aliquid,
1606 4709 1699 4766 sed
1729 4720 1783 4766 et
1809 4711 1984 4781 ipsum
2015 4727 2151 4766 con-

556 4805 781 4870 silium;
822 4804 1062 4859 essentia
1100 4802 1338 4873 denique
1389 4817 1497 4856 non
1550 4803 1789 4857 essentia
1827 4818 2026 4858 carens
2057 4804 2153 4857 ali-

557 4896 687 4964 quid
717 4934 730 4957 ,
777 4896 870 4949 sed
901 4893 1205 4950 essentiam
1255 4891 1447 4963 gignit.
1478 4893 1660 4959 Quare
1694 4875 2146 4964 Verbum-ipsum

559 4987 739 5056 imago
786 4985 929 5042 Deus
965 4995 1081 5049 est,
1139 4985 1442 5054 vivensque
1489 4984 1757 5054 sapientia
1815 4985 2146 5050 subsistens,

560 5077 799 5133 Verbum
830 5078 1016 5133 eilieax
1065 5087 1120 5133 et
1158 5077 1330 5132 Filius
1353 5117 1369 5142 ,
1421 5075 1722 5147 eademque
1757 5076 1845 5130 illa
1879 5076 2146 5146 sapientia

561 5169 857 5226 essentiam
917 5170 1100 5224 habet.
1152 5168 1280 5224 Haec
1329 5169 1476 5224 enim
1515 5181 1600 5224 est
1655 5183 1763 5238 qua
1808 5184 1867 5224 se
1901 5169 2146 5238 quotidie

561 5263 705 5319 Deus
748 5262 1074 5326 oblectabat,
1116 5278 1240 5316 cmn
1275 5265 1528 5317 absoluto
1559 5269 1829 5316 terrarum
1857 5261 1990 5314 orbe
2018 5276 2146 5332 gau-

560 5358 723 5412 debat
762 5357 800 5410 ³.
839 5354 970 5420 Quae
1000 5353 1217 5423 quidem
1251 5355 1435 5409 omnia
1461 5370 1584 5409 eum
1614 5361 1695 5418 ιιι,
1731 5351 2009 5414 Marcelle,
2041 5369 2138 5407 co-

562 5465 676 5501 ram
739 5447 1055 5501 hominibus
1108 5461 1312 5516 neges,
1376 5446 1596 5516 negabit
1646 5453 1700 5498 et
1756 5446 1845 5499 illa
1877 5453 1929 5498 te
1953 5460 2141 5500 coram

565 5537 756 5605 Patre,
787 5539 882 5610 qni
922 5540 974 5592 in
1005 5541 1160 5594 ccnlis
1189 5547 1274 5602 est
1304 5539 1362 5602 δε
1401 5538 1687 5617 negabcris
1725 5559 1852 5601 vero
1882 5551 2143 5616 praeterea

638 5764 657 5794 ¹
679 5763 816 5819 Psal.
852 5781 984 5829 xxx,
1015 5769 1097 5826 l9.
1173 5774 1194 5805 '
1224 5771 1358 5827 Luc.
1386 5788 1426 5840 ι,
1455 5771 1545 5825 ⁸55.
1622 5769 1642 5801 ³
1681 5767 1844 5824 Prov.
1871 5782 1991 5832 Vlll,
2027 5765 2114 5821 50.

2255 5765 2444 5825 Matth.
2482 5778 2536 5827 Χ,
2566 5764 2654 5820 35.
2731 5765 2843 5831 ⁸Ἐ.
2872 5768 3156 5835 ὡσαύτως.

2313 2971 2425 3028 Καὶ
2457 2973 2710 3045 βασιλεὺς
2737 2978 2984 3050 βασιλέα.
3009 2980 3248 3044 Εύσεδὲς
3277 2981 3390 3054 γὰρ
3415 2981 3503 3035 τὸν
3527 2979 3647 3033 Θεὸν
3665 2977 3777 3050 βασι-

2242 3075 2441 3143 λεύειν,
2468 3077 2575 3150 πρὸ
2602 3079 2710 3133 τῶν
2761 3081 2973 3136 αἰώνων
3000 3082 3356 3154 γεννηθέντος
3406 3081 3498 3135 τοῦ
3533 3079 3668 3144 Υἰοῦ,
3707 3076 3778 3130 καὶ

2165 3187 2211 3248 C
2243 3168 2660 3243 βασιλευομένου
2693 3173 2978 3244 βασιλέως,
3014 3175 3080 3229 δι’
3131 3171 3192 3231 οῦ
3224 3176 3318 3229 καὶ
3369 3176 3440 3230 τὰ
3485 3174 3632 3228 λοιπὰ
3657 3171 3777 3243 βασι-

2239 3269 2480 3336 λεύεται,
2535 3273 2879 3346 εὐχαρίστως
2929 3275 3325 3346 ὁμολογοῦντος
3385 3276 3483 3347 τὴν
3526 3270 3776 3340 ὑποταγὴν.

2241 3374 2355 3428 om:
2384 3373 2600 3444 ἰδιώτην
2629 3376 2757 3447 γὰρ,
2791 3376 2928 3432 ἀλλὰ
2960 3377 3184 3448 βασιλέα
3229 3379 3558 3450 γεγέννηκεν
3577 3379 3602 3430 ὁ
3629 3373 3778 3442 Πατὴρ

2239 3465 2339 3536 τῆς
2366 3464 2647 3535 βασιλείας
2673 3466 2864 3533 αὑτοῦ,
2894 3468 3018 3523 οὔτε
3042 3470 3218 3542 ἀρχὴν
3252 3470 3496 3543 ἡμερῶν,
3530 3467 3640 3522 οὗτε
3667 3466 3778 3533 ζωῆς

2242 3553 2392 3618 τέλος
2426 3554 2676 3625 ἐχούσης.
2716 3557 2792 3610 Ού
2820 3557 2928 3631 γὰρ
2962 3558 3161 3625 ἔξωθεν
3191 3559 3254 3612 τδ
3276 3560 3514 3631 ἀξίωμα,
3534 3559 3606 3622 εἰς
3631 3553 3777 3609 οὐσίαν

2241 3652 2299 3706 δὲ
2325 3654 2478 3726 αὐτῷ
2512 3656 2779 3722 συντελεῖ,
2809 3658 3015 3729 ὁμοίως
3044 3659 3224 3732 Πατρί¹
3246 3662 3586 3733 γεννήσαντι.
3610 3655 3688 3710 Διὸ
3707 3654 3778 3707 καὶ

2242 3757 2552 3829 γέγραπται
2575 3759 2658 3826 τὸ,
2696 3760 2804 3812 Καὶ
2832 3758 2944 3827 τῆς
2962 3759 3290 3826 ,ϐασιλείας
3320 3760 3504 3815 αὐτοῦ
3519 3761 3621 3814 οὐκ
3647 3757 3778 3812 ἔσται

2243 3851 2440 3916 τέλος.
2475 3850 2664 3915 Οὕτως
2685 3851 2741 3906 δὲ
2789 3852 2883 3906 καὶ
2923 3851 3126 3922 Κύριος
3153 3851 3381 3923 Κύριον,
3411 3853 3503 3906 καὶ
3521 3851 3638 3914 Θεὸς
3677 3847 3778 3900 Θεὸν

2244 3941 2440 4010 γεννᾷν
2479 3939 2609 4012 παρ’
2649 3940 2807 4012 ἡμῶν
2853 3941 3224 4013 ὡμολόγηται.
3259 3944 3376 3997 Καὶ
3407 3943 3584 4004 ἁπλῶς
3617 3939 3774 3999 εἰπεῖν,

2244 4031 2435 4096 οὐσίας
2481 4034 2577 4086 καὶ
2624 4031 2820 4103 βουλῆς
2862 4034 2958 4087 καὶ
3002 4034 3283 4106 δυνάμεως
3320 4037 3416 4090 καὶ
3445 4035 3593 4104 δόξης
3632 4029 3776 4084 εἰκόνα

2245 4136 2475 4209 λέγομεν
2521 4139 2622 4191 οὐκ
2670 4138 2876 4209 ἄψυχον
2924 4139 3020 4193 καὶ
3061 4139 3282 4211 νεκρὰν,
3337 4141 3452 4194 ἀλλ’
3479 4135 3684 4204 οὐσιώδη
3706 4128 3776 4186 καὶ
3857 4123 3860 4125 Α

2249 4233 2574 4306 βουλητικὴν
2608 4236 2705 4290 καὶ
2737 4236 2972 4308 δυνατὴν
3018 4241 3114 4292 xa‘t
3153 4239 3386 4307 ἔνδοξον.
3440 4241 3656 4310 Δύναμις
3695 4232 3777 4302 γὰρ

2245 4327 2346 4380 οὐκ
2391 4328 2694 4399 ἀδυναμίαν
2728 4331 2915 4402 γεννᾷ,
2948 4330 3085 4384 ἀλλὰ
3120 4332 3500 4405 αύτοδύναμιν·
3554 4332 3638 4386 καὶ
3680 4327 3774 4392 δόξα

2245 4420 2348 4473 οὐκ
2387 4419 2604 4485 ἀδοξίαν
2646 4423 2834 4492 γεννᾷ,
2881 4421 3018 4476 ἀλλὰ
3058 4424 3372 4488 αὐτοδόξαν·
3404 4426 3494 4479 καὶ
3525 4423 3667 4494 βουλὴ
3703 4419 3775 4470 οὐκ

2245 4511 2504 4565 ἀδουλίαν
2538 4515 2723 4583 γεννᾷ,
2771 4513 2909 4567 ἀλλὰ
2957 4514 3309 4587 αὐτοὸούλήν·
3364 4518 3457 4570 καὶ
3480 4514 3623 4570 οὐσία
3653 4506 3775 4564 οὐτὸ

2252 4603 2539 4675 ὁμοούσιον
2569 4606 2612 4674 ⁸,
2644 4605 2782 4658 ἀλλὰ
2809 4605 3144 4662 αὐτοούσιον.
3185 4609 3363 4663 Εἰκὼν
3379 4612 3482 4682 ἄρα
3510 4609 3640 4662 ἐστὶν
3659 4606 3682 4656 ό
3704 4600 3775 4655 M-

2254 4700 2351 4764 γος
2386 4698 2538 4764 Θεὸς,
2571 4697 2720 4762 ζῶσα
2771 4700 2932 4768 σοφία
2978 4701 3335 4773 ύποστατικὴ,
3367 4704 3531 4770 Λόγος
3572 4695 3771 4767 ἐνεργὴςν

2255 4789 2350 4843 καὶ
2379 4789 2528 4853 Υἱὸς,
2553 4789 2692 4861 αῦτη
2745 4791 3076 4865 οὐσιωμένη.
3119 4794 3268 4865 Αὕτη
3299 4795 3406 4867 γὰρ
3501 4791 3770 4865 προσέχαιρε

2254 4883 2378 4937 καθ’
2406 4885 2619 4956 ἡμέραν
2653 4888 2682 4938 ὁ
2713 4885 2866 4948 Θεὸς,
2895 4887 2985 4940 ὅτε
3025 4889 3348 4961 εὐφραίνετο
3387 4891 3480 4962 τὴν
3506 4882 3772 4956 οἰκουμένην

2256 4975 2600 5039 συντελέσας.
2632 4977 2705 5030 Σὺ
2731 4977 2809 5041 δὲ,
2845 4979 3157 5051 Μάρκελλε,
3189 4981 3358 5036 ταῦτα
3391 4980 3687 5055 ἀρνούμενος
3705 4973 3772 5040 ἔμ’

2254 5064 2491 5134 προσθεν
2536 5065 2644 5119 τῶν
2690 5068 3016 5140 ἀνθρώπων,
3057 5072 3340 5146 omnem
3379 5075 3473 5143 μὲν
3514 5069 3595 5125 ὑπ’
3639 5061 3770 5128 αὐτῆς

2253 5155 2468 5225 ἐκείνης
2511 5155 2819 5228 ἔμπροσθεν
2847 5159 2942 5213 τοῦ
2975 5161 3190 5234 Πατρὸς
3215 5164 3308 5217 τοῦ
3333 5167 3390 5218 έν
3418 5166 3524 5227 τοῖς
3553 5157 3768 5231 οὐρανοῖς,

2251 5257 2536 5332 ἀρνηθήσῃ
2556 5259 2612 5313 δὲ
2643 5263 2736 5315 καὶ
2761 5261 3071 5335 ἔμπροσθεν
3095 5268 3193 5338 τῆς
3227 5267 3542 5340 Ἐκκλησίας
3573 5263 3656 5334 τῆς
3690 5255 3768 5312 ὑπὸ

2251 5351 2343 5405 τὸν
2367 5353 2594 5424 οὐρανὸν
2631 5356 2949 5430 γραφούσης
2999 5361 3128 5432 περὶ
3175 5360 3269 5415 σοῦ
3309 5359 3566 5432 πανταχοῦ
3603 5357 3658 5426 τῇ
3695 5352 3764 5420 ΥῘΓ

2253 5446 2472 5499 Ἀκουε
2492 5447 2687 5517 Λόγον
2712 5451 2951 5518 Κυρίου.
2971 5454 3222 5524 Γράψον
3251 5455 3357 5511 τὸν
3383 5454 3558 5522 ἄνδρα
3580 5447 3752 5503 τοῦτον
3752 5480 3764 5502 ν

2251 5539 2628 5610 ἐκκήρυκτον
2659 5542 2994 5612 ἄνθρωπον
3031 5546 3121 5602 ὅτι
3147 5550 3221 5604 οὐ
3241 5550 3328 5620 μὴ
3362 5543 3581 5616 αὐξηθῇ
3608 5543 3666 5597 ἐκ
3685 5532 3764 5592 τοῦ

3234 5773 3254 5806 ⁸
3284 5773 3404 5829 Cor.
3429 5770 3660 5826 ἀνούσιον.
