3988 6402
211 377 333 433 593

868 368 1244 425 ADVERSUS
1287 368 1630 425 HERESES
1668 367 1797 422 LIB.
1840 367 1929 422 Ill.
1971 367 2135 422 TOM.
2176 368 2217 423 Ι.
2260 370 2328 409 ‘—
2367 368 2644 426 HIERES.
2686 370 2893 426 LXXII.

3395 373 3499 426 594

212 455 584 562 σπιξρδιιττιτο‹;⁴
613 487 803 544 αὐτοῦ
845 491 1046 558 ἄρχων
1067 489 1156 544 ἔτι
1198 489 1268 542 ἐν
1312 489 1394 553 τῷ
1435 489 1644 554 Ἰούδᾳ,
1668 491 1809 542 καθ-

1923 497 1966 543 et
1999 503 2186 543 coram
2220 488 2486 556 Ecclesia,
2515 507 2638 562 qua:
2667 494 2770 549 sub
2798 495 2940 551 caelo
2966 507 3053 552 cst
3088 537 3102 563 ,
3133 513 3256 579 quae
3289 500 3494 569 ubique

211 589 446 657 ήμενος
465 585 561 638 ἐπὶ
586 585 802 652 θρόνου
830 582 1026 637 Δαϐίδ.
1076 601 1094 633 ι

1926 588 2198 635 terrarum
2265 581 2333 635 de
2397 592 2452 636 te
2507 585 2740 639 scribit:
2800 587 2941 640 Audi
2992 589 3204 643 verbum
3242 590 3486 647 Domini:

212 683 410 739 Scribe
445 682 616 736 virum
670 679 807 733 hunc
861 678 1166 733 abdicatum
1202 677 1506 742 hominem;
1556 677 1806 748 quoniam
1847 692 1951 731 non
1983 684 2178 730 crescet
2207 691 2272 729 ea:
2302 678 2416 744 ejus
2447 680 2641 732 semine
2663 681 2906 750 princeps
2941 680 3169 754 amplius
3220 685 3279 738 in
3325 683 3493 748 Juda,

210 775 410 830 sedens
447 773 500 826 in
533 774 720 826 throno
763 771 931 825 David
960 773 1002 822 ⁸.
1027 789 1045 822 ι

287 862 376 916 H'.
412 863 523 917 Καὶ
575 862 695 933 μεθ’
727 862 914 933 ἕτερα,
967 859 1443 932 μνημονεύσαντος
1485 860 1809 932 Μαρκέλλου

210 955 332 1010 τῶν
371 956 648 1026 Ἀστερίου
686 953 886 1026 ῥητῶν,
924 954 1174 1024 ἐπιφέρει
1199 953 1395 1022 λέγων’

294 1066 316 1098 ι
356 1047 482 1112 Θείς
508 1041 601 1100 οῦν
629 1047 823 1110 ταῦτα,
863 1046 957 1100 καὶ
986 1045 1179 1118 χωρῶν
1203 1049 1270 1118 τῇ
1306 1048 1531 1118 ἀρνήσει
1555 1046 1811 1117 Σωτῆρος

216 1138 381 1208 ἡμῶν
421 1139 630 1203 είκόνος
655 1140 750 1192 καὶ
777 1138 986 1203 οὐσίας,
1016 1140 1110 1192 καὶ
1141 1141 1239 1209 τῆς
1280 1138 1601 1208 μονογενοῦς
1635 1139 1812 1208 υἰότη-

215 1249 313 1295 τος
347 1233 411 1284 ἐκ
438 1232 670 1303 Πατρὸς,
695 1231 789 1285 καὶ
819 1231 929 1285 τῶν
950 1231 1334 1302 πρωτοτοκίων
1352 1231 1532 1302 πάσης
1557 1231 1808 1298 κτίσεως,

217 1321 317 1375 καὶ
341 1321 441 1392 τῆς
467 1323 532 1375 ὲκ
568 1323 888 1394 μονογενοῦς
917 1323 1232 1393 μονότητος,
1271 1323 1367 1375 καὶ
1391 1324 1488 1393 τῆς
1511 1324 1574 1376 ἐκ
1605 1323 1812 1376 τελείου

213 1410 581 1483 τελειότητος,
614 1414 708 1466 καὶ
743 1413 844 1484 τῆς
871 1415 936 1466 ἐκ
960 1413 1224 1482 βασιλέως
1259 1413 1555 1485 βασιλείας,
1592 1414 1815 1482 καὶτῆς

216 1503 286 1554 ὲκ
312 1501 521 1574 Κυρίου
545 1503 890 1574 κυριότητος,
917 1505 1010 1557 καὶ
1037 1503 1139 1572 τῆς
1169 1505 1234 1557 ὲκ
1265 1504 1400 1556 Θεοῦ
1432 1503 1706 1574 Θεότητος,
1733 1504 1815 1556 οὐ·

219 1595 351 1657 σίας
371 1610 432 1646 τε
457 1593 663 1659 ἁπλῶς,
705 1593 798 1648 καὶ
830 1593 1045 1665 βουλῆς,
1080 1595 1174 1648 καὶ
1198 1594 1501 1665 δυνάμεως,
1535 1595 1630 1650 καὶ
1656 1594 1814 1665 δόξης

211 1683 359 1738 Θεοῦ
385 1686 596 1750 εἰκόνος
629 1686 1072 1758 ἀπαραλλάκτου,
1111 1687 1173 1740 οὐ
1228 1689 1442 1758 μικροῖς
1493 1686 1673 1755 λόγοις
1712 1688 1812 1758 ἀρ-

211 1778 481 1849 νούμενος
511 1777 820 1850 ἔμπροσθεν
838 1779 947 1832 τῶν
982 1779 1310 1851 ἀνθρώπων,
1333 1779 1411 1832 διὸ
1440 1780 1534 1834 καὶ
1570 1779 1812 1850 ἀρνηθη-

216 1869 452 1940 σόμενος
473 1869 782 1941 ἔμπροσθεν
820 1869 911 1923 τοῦ
935 1871 1146 1943 Πατρὸς
1176 1870 1364 1934 αὐτοῦ,
1401 1862 1662 1940 ἄντικρυς
1677 1871 1811 1924 ταῦ-

209 1979 286 2014 τα
317 1963 571 2034 γράφεις
632 1961 817 2016 Ταῦτα
848 1963 918 2017 τὰ
979 1965 1204 2034 ῥήματα
1243 1964 1430 2032 σαφῶς
1469 1965 1568 2034 τὴν
1602 1964 1812 2034 φαύλην

209 2054 387 2107 αὐτοῦ
442 2045 572 2126 περὶ
618 2053 869 2125 Θεότητος
920 2056 1136 2127 Πατρὸς
1188 2057 1280 2108 καὶ
1335 2055 1464 2111 Υἰοῦ
1515 2057 1814 2128 παρίστησι

211 2144 401 2210 δόξαν.
444 2145 510 2197 Ἠ
541 2145 599 2198 δὲ
627 2144 832 2198 τούτων
876 2145 1105 2218 ἄρνησις
1131 2147 1230 2216 τὴν
1279 2147 1378 2217 σὴν
1427 2146 1813 2220 ἐνδιάστροφον

213 2238 316 2289 καὶ
348 2235 559 2308 φαύλην
575 2238 706 2309 περὶ
729 2237 981 2308 θεότητος
1009 2238 1104 2291 καὶ
1129 2238 1316 2302 οὐσίας
1339 2239 1597 2311 Χριστοῦ,
1629 2239 1816 2310 σαφῶς

212 2329 452 2401 ἥλεγξεν
484 2326 830 2404 ἑτεροδοξίαν.
856 2351 875 2386 ι

287 2594 374 2648 8'.
402 2593 515 2648 Καὶ
539 2593 658 2665 μεθ’
694 2593 857 2666 ἕτερα
884 2592 1137 2663 ἐπιφέρει
1160 2590 1228 2645 τὰ
1253 2591 1598 2662 Μαρκέλλουο

296 2703 320 2736 ι
363 2686 544 2738 ’Έωλα
573 2682 667 2739 οὖν
693 2685 760 2739 τά
790 2685 919 2755 ἑξῆς
958 2684 1208 2755 ἐπιφέρει
1241 2685 1486 2754 γράφωνο
1512 2681 1682 2737 Οὐδὲν
1712 2682 1811 2736 αὐ-

216 2778 333 2831 τῶν
360 2765 435 2831 ὧν
463 2781 720 2849 προεῖπεν
753 2773 892 2832 εἶναι
919 2775 1188 2845 βούλεται.
1220 2774 1446 2829 Πάντων
1468 2774 1577 2844 γάρ
1609 2772 1813 2827 τούτων

217 2870 411 2922 εἰκόνα
462 2869 624 2923 αὐτὸν
661 2865 801 2922 εἶναι
830 2868 1030 2938 λέγεις.
1071 2866 1282 2921 Οὐκοῦν
1329 2867 1378 2918 εἰ
1423 2865 1612 2928 οὐσίας
1667 2865 1813 2918 ἐστὶν

218 2961 413 3028 εἰκὼν,
436 2963 620 3016 οὐκέτι
642 2961 931 3016 αὐτοουσία
960 2961 1183 3015 δύναται
1215 2956 1374 3012 εἶναι.
1405 2957 1516 3010 Καὶ
1545 2958 1594 3009 εἰ
1617 2954 1814 3026 βουλῆς

221 3053 376 3105 ἐστιν
420 3051 607 3115 εἰκὼν,
641 3051 825 3104 οὐκέτι
866 3049 1169 3121 αὐτοϐουλὴ
1195 3045 1333 3102 εἶναι
1363 3047 1606 3101 δύναται·
1642 3047 1736 3099 καὶ
1764 3046 1814 3097 εί

1993 851 2125 906 V'lll.
2159 851 2291 908 Post
2315 853 2427 909 haec
2446 870 2570 910 cum
2593 871 2662 910 ex
2691 859 2905 913 Asterio
2924 858 3208 918 Marcellus
3231 865 3496 919 nonnulla

1919 953 2426 1010 commemorasset,
2461 947 2697 1016 subjecit
2724 948 2958 1005 Aeacius
2979 970 2992 1004 :
3456 946 3460 951 ’

1993 1055 2011 1086 ε
2045 1035 2140 1089 llis
2190 1040 2374 1106 itaque
2404 1039 2635 1108 positis,
2671 1040 2890 1112 longius
2925 1043 3125 1099 deinde
3173 1061 3500 1116 progressus

1917 1127 2209 1196 imaginem
2245 1125 2584 1194 Salvatoris,
2635 1140 2689 1186 et
2735 1134 3032 1188 essentiam
3059 1175 3074 1198 ,
3106 1144 3160 1190 et
3199 1138 3344 1191 unici
3375 1137 3498 1192 Filii
3588 1189 3592 1191 ,

1917 1231 1981 1270 ex
2017 1215 2179 1272 Patre
2203 1257 2220 1281 ,
2267 1234 2481 1274 necnon
2556 1229 2611 1276 et
2645 1223 2990 1294 primogeniti
3024 1226 3204 1280 omnis
3237 1236 3501 1284 creaturae

1915 1309 2286 1365 conditionem
2320 1327 2554 1382 negans;
2589 1320 2753 1382 atque
2800 1315 2946 1370 illam
2985 1317 3228 1387 ejusdem
3261 1322 3503 1392 singula-

1915 1401 2133 1457 ritatem
2155 1443 2168 1468 ,
2203 1419 2325 1474 quas
2376 1421 2402 1458 a
2434 1405 2698 1476 singulari
2725 1406 2832 1462 Deo
2857 1417 3083 1474 manat,
3119 1423 3172 1466 et
3205 1413 3500 1482 perfectio-

1915 1507 2039 1546 nem
2074 1509 2102 1547 a
2131 1496 2374 1564 perfecto
2405 1536 2421 1560 ,
2454 1505 2509 1552 et
2539 1497 2741 1568 regiam
2775 1500 2843 1554 ab
2872 1516 3000 1571 rege
3055 1512 3412 1573 potestatem,
3468 1524 3500 1562 a

1916 1579 2150 1638 Domino
2185 1585 2525 1641 dominatum
2547 1628 2562 1653 ,
2612 1599 2667 1643 et
2693 1589 3029 1647 divinitatem
3071 1609 3100 1647 a
3134 1593 3244 1650 Deo
3269 1635 3284 1659 ,
3323 1604 3376 1652 et
3409 1614 3501 1653 es-

1919 1675 2150 1729 sentiam
2176 1676 2415 1747 denique
2454 1694 2520 1734 ac
2569 1681 2902 1746 consilium,
2935 1685 3193 1742 virtutem
3243 1689 3501 1758 gloriam-

1917 1777 2025 1832 que
2061 1764 2216 1820 nullo
2250 1766 2412 1822 modo
2439 1766 2671 1824 diversae
2700 1770 2956 1842 imaginis
2988 1772 3079 1826 Dei
3114 1774 3361 1833 funditus
3392 1781 3498 1831 tol-

1913 1853 2064 1920 lens,
2098 1872 2275 1927 neque
2321 1861 2512 1929 paucis
2554 1862 2740 1918 verbis
2785 1879 2970 1918 coram
3017 1865 3333 1927 hominibus
3375 1871 3501 1926 inii-

1914 1943 2090 2007 cians,
2133 1947 2378 2018 adeoque
2407 1965 2592 2005 coram
2620 1951 2782 2009 Patre
2811 1955 2958 2012 illius
2989 1957 3339 2031 inﬁciandus,
3385 1965 3498 2021 haec

1914 2045 2100 2102 aperte
2135 2037 2438 2107 scripsisti:
2491 2039 2775 2109 Ejusmodi
2831 2046 2992 2100 verba
3046 2064 3267 2118 pravam
3327 2054 3498 2124 ipsius

1914 2125 1983 2180 de
2010 2125 2192 2183 Patris
2227 2144 2292 2185 ac
2323 2129 2445 2184 Filii
2497 2133 2785 2190 divinitate
2829 2142 3156 2194 sententiam
3187 2154 3374 2213 aperte
3403 2149 3498 2204 de-

1914 2224 2244 2272 monstrant.
2283 2221 2482 2276 V‘erum
2519 2230 2576 2278 tu
2609 2225 2719 2280 illis
2761 2227 2946 2296 potius
2981 2233 3246 2301 negandis
3278 2251 3498 2304 perver—

1915 2322 2031 2361 sam
2060 2308 2525 2383 depravatamque
2563 2326 2712 2369 tuam
2762 2317 2830 2372 de
2861 2317 3065 2375 Christi
3120 2323 3402 2383 divinitate
3443 2341 3497 2384 et

1914 2401 2154 2454 essentia
2181 2403 2490 2471 opinionem
2517 2419 2678 2461 rectae
2703 2407 2824 2464 tidei
2848 2413 3183 2469 contrariam
3211 2420 3497 2490 perspicue

1916 2490 2226 2558 prodidisti.
2259 2513 2276 2546 ι

1986 2579 2078 2635 ΙΧ.
2118 2581 2249 2640 Post
2280 2584 2394 2640 haec
2438 2584 2680 2642 Marcelli
2712 2591 2877 2646 verba
2909 2593 3170 2664 subjicit:

1992 2692 2011 2724 ι
2042 2671 2224 2746 Inepta
2281 2679 2513 2747 proinde
2562 2690 2692 2737 sunt
2737 2699 2859 2753 quae
2910 2683 3196 2744 Marcellus
3250 2689 3492 2761 adjecit:

1913 2762 2059 2819 Nihil
2101 2781 2293 2822 eorum
2352 2786 2474 2840 qua;
2529 2783 2689 2829 antea
2746 2789 3314 2846 commemoraverat,
3374 2799 3498 2840 esse

1916 2860 2141 2926 statuit;
2179 2871 2234 2915 tu
2267 2863 2410 2917 enim
2443 2865 2678 2922 istorum
2709 2868 2953 2923 omnium
2984 2885 3110 2926 esse
3141 2887 3333 2932 censes
3362 2875 3499 2930 ima-

1915 2948 2116 3019 ginem.
2150 2949 2305 3007 Unde
2334 2954 2379 3008 si
2406 2958 2660 3012 essentiae
2697 2959 2878 3031 imago
2929 2970 3013 3018 cst
3037 3004 3052 3029 ,
3088 2963 3206 3034 ipsa
3235 2981 3358 3024 esse
3387 2985 3496 3025 non

1919 3047 2101 3109 potest
2129 3045 2368 3098 essentia
2396 3065 2410 3100 :
2441 3057 2496 3101 et
2527 3049 2573 3103 si
2609 3051 2824 3106 consilii
2859 3052 3040 3124 imago
3079 3057 3171 3121 sit,
3205 3061 3495 3115 consilium

219 3144 530 3212 δυνάμεως,
559 3142 742 3195 οὐκέτι
773 3141 1020 3214 δύναμις·
1058 3142 1154 3194 καὶ
1175 3142 1224 3194 εἰ
1251 3141 1429 3212 δόξης,
1454 3140 1636 3193 οὐκέτι
1664 3139 1810 3204 δόξα.

1923 3129 2098 3199 ipsum
2129 3148 2254 3188 esse
2282 3137 2499 3206 nequit;
2531 3155 2708 3209 neque
2738 3143 2934 3210 virtus,
2959 3145 3006 3199 si
3043 3146 3262 3204 virtutis
3282 3166 3499 3222 ;-nequu

233 3235 303 3286 Ἦ
330 3235 439 3303 γὰρ
471 3233 632 3286 εἰκὼν
667 3234 764 3304 οὐχ
805 3234 1025 3305 ἑαυτῆς,
1060 3233 1175 3287 ἀλλ’
1214 3232 1402 3304 ἐτέρου
1460 3232 1605 3294 τινὸς
1650 3229 1812 3283 εἰκῶν

220 3326 398 3377 ἐστιν.
429 3324 613 3378 Ἔωλα
640 3323 719 3388 δὲ,
754 3323 1062 3395 Μάρκελλε,
1095 3323 1189 3376 καὶ
1225 3320 1395 3391 ψευδῆ
1444 3319 1636 3372 ταῦτα.
1671 3319 1814 3372 Πάν-

221 3433 296 3467 τα
337 3414 446 3484 γὰρ
474 3413 696 3467 αὐτὸνᾶ
742 3416 1002 3484 προεῖπον
1041 3410 1318 3482 Ἀστέριος
1363 3405 1502 3461 εἶναι
1544 3407 1810 3478 βούλεται,

222 3507 424 3574 λέγων’
455 3505 717 3568 Βασιλεὺς
736 3505 985 3576 βασιλέα,
1009 3503 1216 3574 Κύριος
1247 3503 1473 3574 Κύριον,
1493 3501 1625 3563 Θεὸς
1658 3500 1810 3553 Θεόν.

226 3598 344 3652 Καὶ
367 3596 482 3649 λύει
517 3614 611 3650 σου
636 3596 733 3668 τὴν
759 3596 963 3667 ἄψυχον
993 3595 1198 3658 εἰκόνα,
1228 3592 1326 3665 τὴν
1355 3592 1497 3646 κατά
1520 3593 1579 3645 σὲ
1607 3590 1815 3661 ἀνθρω-

228 3688 368 3759 πίνη
399 3688 563 3760 τέχνῃ
596 3686 938 3740 συνεστῶσαν
992 3685 1150 3756 μόνῃ.
1191 3683 1416 3737 Πάντων
1462 3682 1571 3753 γὰρ
1611 3681 1814 3734 τούτων

230 3781 417 3844 ζῶσαν
466 3781 648 3834 εἰκόνα
696 3779 864 3848 λέγει,
920 3779 1016 3832 καὶ
1049 3777 1250 3842 ζῶντος
1281 3775 1485 3839 εἰκόνος
1522 3776 1815 3846 ἐκμαγεῖον

231 3869 403 3926 οὖσαν
431 3873 526 3926 τοῦ
555 3873 965 3942 γεγεννηκότος·
997 3871 1089 3924 καί⁸
1116 3869 1302 3932 οὐσίας
1330 3866 1654 3922 αὐτοουσίαν
1679 3867 1816 3919 εἰκό-

234 3985 304 4019 να
333 3967 499 4032 λεγει,
532 3968 626 4020 καὶ
659 3965 855 4035 βουλῆς
885 3961 1235 4032 αὐτοὸουλὴν,
1269 3961 1364 4014 καὶ
1403 3959 1684 4030 δυνάμεως
1712 3959 1812 4011 αὐ-

232 4057 550 4127 τοδύναμιν,
605 4058 702 4109 καὶ
753 4055 911 4124 δόξης
965 4052 1294 4118 αὐτοδοξίαν,
1329 4052 1423 4105 καὶ
1450 4051 1548 4120 οὐχ
1593 4049 1813 4118 ἑαυτῆς,

229 4147 351 4201 ἀλλ’
377 4147 566 4219 ἑτέρου
615 4147 843 4210 εἰκόνος.
875 4146 946 4198 Σὺ
972 4144 1052 4207 δὲ,
1099 4143 1232 4196 Θεὸν
1276 4143 1342 4195 ὲκ
1379 4140 1515 4194 Θεοῦ
1553 4139 1645 4193 τὸν
1692 4140 1815 4191 Υἱὸν

230 4242 335 4310 οὐχ
360 4239 665 4311 ὁμολογῶν,
692 4239 814 4293 οὐδὲ
844 4237 960 4308 φῶς
999 4238 1064 4290 ὲκ
1095 4236 1292 4305 φωτὸς,
1323 4233 1443 4287 οὐδὲ
1474 4231 1702 4302 δύναμιν
1751 4234 1817 4285 ἐκ

229 4331 537 4402 δυνάμεως,
567 4329 692 4404 οὐτε
727 4329 881 4395 Θεὸν,
914 4327 1036 4381 οὐτε
1061 4326 1197 4396 φῶς,
1227 4326 1288 4380 οὐ
1308 4325 1556 4394 δύναμιν,
1585 4323 1685 4377 οὐκ
1725 4323 1816 4376 οὐ·

233 4424 379 4487 σίαν,
413 4425 474 4477 οὐ
533 4423 751 4493 βουλὴν,
780 4423 841 4475 οὐ
871 4421 1027 4487 δόξαν
1071 4421 1163 4474 τὸν
1203 4418 1332 4472 Υἱὸν
1377 4412 1516 4470 εἶναι
1569 4415 1743 4479 Θέλεις
1773 4415 1814 4470 ¹.

1917 3223 2130 3290 gloria,
2187 3227 2231 3280 si
2277 3229 2496 3296 quidem
2544 3233 2724 3303 imago
2752 3235 2939 3305 gloria:
2986 3247 3091 3292 est.
3129 3239 3266 3295 Nam
3320 3243 3498 3313 imago

1916 3329 2024 3367 non
2061 3317 2145 3369 sui
2184 3317 2395 3386 ipsius,
2451 3321 2548 3376 sed
2598 3324 2823 3381 alterius
2874 3327 3109 3396 alicujus
3165 3330 3344 3402 imago
3392 3343 3495 3389 est.

1918 3401 2025 3459 Sed
2075 3407 2191 3461 ham
2222 3409 2457 3476 insulsa,
2489 3410 2740 3468 Marcelle
2761 3456 2776 3480 ,
2809 3425 2938 3472 sunt
2967 3433 3032 3473 ac
3062 3419 3218 3475 falsa.
3248 3401 3498 3481 Asterius

1915 3497 2059 3550 enim
2093 3501 2274 3554 omnia
2305 3502 2420 3557 haec
2451 3504 2604 3558 illum
2635 3522 2758 3562 esse
2799 3507 3022 3574 indicat,
3051 3528 3174 3583 quae
3195 3515 3364 3588 841
3395 3509 3492 3571 an-

1915 3595 2002 3643 tea
2037 3596 2377 3659 numeravit,
2427 3611 2552 3651 cum
2589 3597 2765 3654 dixit:
2824 3600 2943 3656 Rex
2995 3619 3204 3674 regem,
3236 3605 3495 3664 Dominus

1917 3679 2209 3737 Dominum
2235 3724 2250 3748 ,
2281 3687 2422 3742 Deus
2463 3686 2656 3744 Deum.
2694 3689 2906 3756 Quibus
2935 3695 3120 3750 verbis
3168 3707 3314 3751 tuam
3349 3699 3494 3753 illam

1917 3769 2214 3827 inanimam
2243 3775 2471 3847 ctiigiem
2500 3817 2516 3841 ,
2551 3793 2618 3834 ac
2646 3782 2763 3836 solo
2785 3823 2797 3845 ,
2826 3793 2883 3837 ut
2913 3785 3198 3843 arbitraris
3219 3827 3233 3852 ,
3263 3788 3499 3846 hominis

1917 3862 2156 3915 artificio
2194 3867 2547 3921 constitutam
2599 3867 2848 3924 funditus
2882 3874 3093 3926 evertit.
3131 3873 3343 3947 Quippe
3375 3877 3497 3933 illo-

1917 3968 2040 4006 rum
2073 3956 2321 4010 omnium
2353 3958 2530 4012 vivam
2572 3975 2694 4014 esse
2740 3961 2899 4017 docet
2933 3964 3247 4034 imaginem,
3281 3968 3386 4022 hoc
3416 3982 3494 4026 est

1915 4045 2095 4099 vivam
2129 4049 2235 4102 vivi
2289 4050 2556 4118 genitoris
2593 4051 2823 4123 ciligiem
2849 4094 2863 4117 ,
2915 4063 2968 4110 et
3013 4059 3267 4113 cssentiae
3305 4075 3497 4117 essen-

1917 4137 2049 4189 tiam
2077 4178 2093 4203 ,
2126 4151 2182 4191 et
2214 4141 2432 4194 consilii
2482 4144 2774 4198 consilium
2798 4184 2813 4209 ,
2851 4145 3070 4201 virtutis
3110 4149 3364 4205 virtutem
3391 4193 3406 4215 ,
3441 4163 3493 4206 et

1918 4228 2104 4296 glorim
2128 4230 2400 4298 gloriam;
2448 4249 2627 4302 neque
2662 4251 2828 4304 porro
2859 4238 2942 4291 sui
2985 4237 3190 4307 ipsius,
3226 4240 3320 4294 sed
3356 4243 3485 4295 alte-

1919 4319 2032 4374 rius
2063 4320 2352 4390 imaginem
2377 4337 2500 4379 esse
2520 4324 2879 4381 demonstrat.
2906 4325 2988 4381 Tu
3018 4344 3147 4383 vero
3174 4345 3298 4384 cum
3326 4331 3416 4388 Det
3440 4350 3494 4391 tn

1917 4426 1982 4464 ex
2015 4409 2126 4465 Deo
2159 4410 2356 4466 Filium
2391 4429 2514 4469 esse
2551 4406 2715 4480 nolis,
2747 4432 2924 4486 neque
2953 4419 3137 4472 lumen
3167 4419 3235 4474 de
3267 4420 3496 4487 lumine,

243 4515 407 4569 Ἀλλά
444 4515 504 4568 τὸ
533 4515 693 4586 σῶμα
730 4514 903 4567 ταῦτα
940 4511 1191 4581 ἀφανίζει
1235 4507 1450 4571 ἀσεϐῶς
1493 4509 1550 4559 ἐν
1583 4509 1648 4578 τῇ
1685 4523 1812 4560 συν-

1923 4515 2097 4569 neque
2119 4499 2374 4554 virtutem
2405 4518 2470 4555 ex
2506 4503 2730 4568 virtute,
2761 4520 2938 4574 neque
2967 4504 3136 4560 Deum
3157 4546 3172 4570 ,
3207 4522 3384 4576 neque
3411 4508 3490 4560 lu-

231 4607 416 4677 τελείᾳ
470 4607 607 4676 μετὰ
638 4606 860 4659 τούτων.
898 4603 1012 4658 Καὶ
1065 4604 1202 4674 ἀρνῇ
1255 4600 1354 4670 μὲν
1380 4599 1464 4662 τὸ,
1502 4598 1646 4663 Θεὸς
1673 4593 1753 4667 ἦν
1780 4600 1813 4650 ὁ

232 4699 447 4766 Λόγος,
477 4699 602 4751 Υίὸν
627 4698 685 4751 δὲ
707 4696 840 4750 Θεοῦ
879 4695 1084 4757 καλεῖς,
1115 4693 1148 4763 ἢ
1175 4693 1398 4762 ὀνόματι
1436 4689 1602 4759 μόνῳ,
1635 4689 1668 4758 ἢ
1706 4687 1814 4742 τῶν

237 4787 539 4859 ἀνθρώπων
557 4790 601 4852 ¹,
651 4787 718 4840 ἵν’
750 4785 1042 4855 ἑτερογενῆ
1071 4781 1275 4850 γεννῶν
1313 4783 1397 4850 εἴη
1423 4781 1453 4833 ὁ
1480 4778 1632 4841 Θεὸς,
1667 4777 1812 4830 οέσει

233 4879 492 4950 γεννητὸν
529 4879 677 4939 Υἱὸν,
713 4876 956 4938 κατὰτὸ,
984 4874 1155 4938 Υἱοὺς
1174 4871 1496 4940 ἐγέννησα,
1527 4868 1624 4920 καὶ
1659 4868 1815 4936 ὕφωο

232 4986 339 5023 σα·
379 4971 473 5020 καὶ
501 4969 642 5022 κατὰ
671 4969 750 5030 τὸ,
794 4965 1068 5019 Ἐλάόετε
1090 4961 1332 5030 Πνεῦμα
1359 4959 1681 5022 υἱοθεσίας·
1720 4960 1814 5014 καὶ

232 5063 316 5126 τὸ,
369 5062 682 5131 Ἐνέγκατε
705 5058 785 5125 τῷ
814 5058 1028 5125 Κυρίῳ,
1059 5055 1176 5109 υἱοὶ
1205 5053 1374 5107 Θεοῦ.

1921 4607 2043 4644 men
2066 4631 2080 4656 ,
2121 4607 2297 4662 neque
2330 4593 2618 4658 virtutem,
2655 4611 2754 4651 nec
2782 4597 3078 4652 essentiam
3105 4639 3121 4666 ,
3163 4613 3337 4668 neque
3364 4615 3494 4653 con-

1919 4681 2126 4747 silium,
2162 4698 2339 4752 neque
2369 4684 2599 4754 gloriam
2633 4701 2754 4741 esse
2784 4684 2980 4740 Filium
3011 4687 3293 4742 existimas
3335 4725 3349 4738 .
3383 4727 3396 4740 .
3429 4728 3442 4738 .
3481 4727 3494 4739 .

1920 4773 2014 4827 sed
2045 4773 2159 4828 haec
2190 4775 2354 4843 impie
2382 4790 2604 4846 corpus,
2641 4777 2695 4830 in
2727 4777 2830 4832 line
2858 4778 3072 4842 mundi,
3104 4794 3209 4832 una
3231 4794 3355 4832 cum
3391 4779 3498 4834 illis

1917 4868 2291 4939 exstinguunt.
2314 4868 2389 4922 Ita
2419 4868 2647 4924 Joannis
2672 4869 2802 4923 illud
2828 4870 3204 4926 testimonium
3238 4871 3496 4940 abnegas,

1920 4959 2064 5013 Deus
2101 4970 2217 5014 erat
2259 4960 2485 5014 Verbum
2516 4961 2556 5023 ⁸,
2603 4959 2742 5016 Filio
2775 4977 2937 5030 porro
2993 4961 3082 5016 Dei
3135 4961 3222 5016 vel
3277 4961 3501 5015 nomine

1921 5059 2105 5112 tenus,
2138 5053 2220 5105 vel
2245 5053 2423 5105 solum
2451 5052 2725 5105 hominem
2760 5052 3022 5121 appellas,
3050 5058 3110 5105 ut
3134 5051 3339 5106 diversi
3369 5065 3399 5102 a
3443 5065 3501 5103 se

234 5156 452 5224 generis
508 5154 701 5210 Filium
759 5153 1027 5224 producat
1080 5148 1265 5211 Deus,
1325 5147 1532 5217 quique
1587 5147 1701 5202 sola
1755 5147 1826 5201 sit
1888 5147 2180 5214 adoptione
2242 5144 2456 5210 Filius,
2507 5145 2818 5215 cuiusmodi
2867 5147 2920 5200 in
2981 5147 3088 5202 illis
3137 5144 3275 5200 locis
3317 5145 3500 5212 expri-

235 5245 434 5303 mit'ur:
484 5245 651 5301 Filios
701 5247 895 5316 genui,
946 5253 996 5297 et
1049 5242 1280 5296 exaltavi
1313 5239 1372 5308 ⁸;
1432 5240 1602 5294 item:
1663 5241 1953 5309 Accepistis
2012 5242 2270 5310 Spiritum
2332 5241 2718 5310 adoptionis‘;
2771 5242 2936 5296 item:
2997 5241 3195 5310 A/I'erte
3253 5238 3495 5302 Domino,

259 5340 342 5393 ilii
375 5339 466 5392 Dei
489 5338 532 5391 ‘.

259 5342 342 5393 iiii
375 5342 466 5392 Dei
489 5342 532 5391 ⁵.

237 5342 273 5410 r
308 5405 507 5493 Οὐσίας
538 5425 653 5492 οὖν,
690 5426 1111 5496 καὶδυνάμεως,
1139 5425 1230 5478 καὶ
1276 5423 1490 5494 βουλῆς,
1532 5423 1626 5476 καὶ
1651 5419 1809 5490 δόξης

235 5520 660 5592 ἀπαράλλακτον
689 5520 864 5586 λέγων
911 5517 1186 5586 Ἀστέριος
1215 5515 1396 5568 εἰκόνα
1431 5514 1522 5566 τὸν
1551 5513 1677 5566 Υἱὸν
1717 5511 1810 5564 τοῦ

1987 5418 2122 5471 Cum
2177 5419 2339 5486 igitur
2384 5391 2631 5472 Asteriiis
2692 5417 2888 5472 Filium
2938 5425 3177 5487 paternae
3226 5418 3496 5478 cssentim,

1923 5511 2160 5575 virtutis,
2190 5508 2425 5572 consilii,
2461 5510 2752 5578 gloriaeque
2793 5509 2940 5562 nulla
2973 5523 3030 5561 re
3062 5507 3327 5560 diversam
3362 5508 3496 5559 ima-

312 5681 329 5708 ¹
366 5677 487 5732 Haec
514 5677 594 5729 vel
622 5677 800 5729 alieno
847 5675 966 5726 loco
1017 5672 1217 5742 posita,
1271 5671 1352 5724 vel
1411 5674 1666 5736 corrupta
1708 5681 1808 5719 sun

1937 5667 1954 5696 ²
1986 5664 2044 5718 F.
2071 5665 2160 5716 τὸν
2193 5644 2499 5733 ἄνθρωπον.
2577 5664 2597 5694 ⁸
2625 5660 2826 5717 Jerem.
2853 5675 2986 5722 χχιι,
3018 5659 3109 5714 50.
3179 5652 3200 5682 ⁸
3239 5659 3340 5712 lsa.
3373 5672 3409 5720 ›,
3441 5658 3495 5712 2.

239 5751 262 5780 ⁵
298 5749 452 5802 [ιυηι.
489 5764 608 5810 vm,
644 5746 727 5799 15.
804 5747 823 5776 ⁸
863 5745 1006 5798 Psal.
1035 5758 1229 5804 xxvm,
1263 5744 1308 5794 1.

443 5889 716 5951 Parnm.
759 5885 873 5944 Gn.
921 5882 1117 5944 XLII.

3115 5855 3190 5918 13
