3988 6400
538 394 646 450 395
1557 406 1570 411 -
1976 384 2031 442 S.
2067 384 2113 440 Ε]

2215 383 2405 442 nam
3683 341 3790 455 ’δυσ

535 513 717 584 ginem
739 528 861 570 esse
887 512 1036 575 velit,
1077 523 1310 566 necesse
1352 515 1456 574 est,
1483 514 1542 561 ut
1573 514 1855 579 paternas,
1886 507 2035 562 velut
2075 507 2110 560 it

2236 512 2474 584 Πατρδς,
2515 509 2734 578 πάντως
2762 509 2926 565 οἱονεὶ
2959 511 3087 572 τοὺς
3127 508 3430 580 πατρικοὺς
3464 509 3786 582 χαρακτῆρας

542 611 680 670 ﬁlio,
723 615 882 662 notas
914 620 979 661 ac
999 604 1200 673 ﬁguras
1227 600 1775 670 inessejudicaverit,
1805 613 1981 670 eaque
2007 615 2117 670 qua

2239 607 2438 661 ἑνεῖναι
2492 605 2645 674 λέγει
2692 604 2774 676 τῷ
2802 603 2939 674 Υίῷ,
2962 604 3058 656 καὶ
3095 601 3166 655 τὰ
3190 602 3546 673 ἑπινοούμενα
3575 603 3663 656 τοῦ
3691 605 3787 658 [Ια-

533 697 601 752 de
631 697 792 756 Patre
843 698 1029 754 animo
1077 694 1488 765 concipiuntur,
1552 692 1606 746 in
1670 691 1806 746 Filio
1843 706 2103 761 expressa

2235 699 2364 772 τρδς
2391 698 2758 763 τετυπῶσθαι,
2800 696 2832 768 ἦ
2861 696 3109 750 δεδόσθαι
3140 694 3221 766 τῷ
3243 693 3374 766 Υἱῷ,
3399 694 3501 749 οὒκ
3523 694 3650 752 ἄλλα
3679 699 3789 766 παρ’

533 789 619 844 vel
647 789 697 844 ei
723 803 1012 853 concessa,
1035 803 1157 860 quae
1183 802 1293 843 non
1324 785 1436 842 sint
1465 785 1532 838 ab
1556 783 1676 856 ipso
1700 783 1859 839 Patre
1888 783 2103 838 diversa

2237 791 2402 846 αὑτὸν
2433 791 2584 845 ὄντα.
2641 791 2828 845 Πάντα
2851 784 2943 844 οὖν
2971 788 3008 843 ἃ
3030 790 3313 860 προεῖπεν,
3336 787 3497 841 αὑτὸν
3521 784 3652 842 εἶναι
3677 788 3791 860 βού-

533 881 678 952 Ergo
709 881 826 940 haec
863 896 986 952 quae
1015 879 1229 935 dixerat
1251 878 1432 934 omnia
1455 892 1579 932 esse
1611 876 1728 931 vult
1759 873 1980 932 Filium.
2008 874 2108 931 Νοι

2239 883 2415 938 λεται.
2453 883 2527 936 Οὐ
2564 881 2672 954 γὰρ
2711 880 2811 953 τὴν
2846 880 2905 933 ἑν
2952 877 3241 951 χρώμασιν
3299 878 3482 932 εἰκόνα
3521 880 3647 943 νοεῖ,
3691 881 3790 934 οὐδὲ

532 972 679 1028 enim
707 973 855 1028 velut
881 971 1262 1027 adumbratam
1300 969 1580 1026 coloribus
1631 969 1924 1039 imaginem
1979 968 2101 1038 cogi

2238 975 2419 1047 τρίτον
2458 973 2750 1045 ζωγράφον
2774 972 3006 1041 εἰσάγει.
3037 971 3121 1025 ἵνα
3145 969 3540 1040 διαφωνοῦντος
3570 972 3695 1042 πρὸς
3716 974 3790 1026 τὸν

535 1063 713 1131 tavit;
756 1078 936 1133 neque
985 1063 1209 1118 tertium
1267 1061 1530 1132 piatorem
1573 1061 1798 1124 invexit,
1830 1067 1889 1114 ut
1918 1059 2110 1116 discret

2237 1064 2460 1135 Πατέρα
2487 1063 2576 1117 διὰ
2610 1061 2919 1135 χρωμάτων
2956 1059 3055 1124 τὰς
3092 1059 3386 1130 ποιότητας
3418 1057 3648 1129 ἀλλαχοῦ
3672 1060 3786 1132 γρα-

533 1157 719 1225 pantis
751 1170 781 1210 a
810 1155 972 1212 Patre
1000 1154 1142 1221 Filii,
1182 1154 1262 1212 sic
1294 1161 1557 1225 tanquam
1585 1153 1866 1210 coloribus
1894 1154 2108 1225 qualita.

2237 1171 2335 1230 φῃ,
2366 1156 2460 1209 καὶ
2493 1154 2651 1208 τοῦτο
2683 1154 2812 1208 Υίδν
2855 1154 3031 1208 καλεῖ.
3060 1151 3219 1206 Οὕτω
3247 1151 3355 1222 γὰρ
3387 1151 3453 1203 σὺ
3483 1151 3693 1220 νοήσας,
3714 1150 3791 1204 καὶ

533 1257 619 1302 tes
657 1247 785 1304 alibi
829 1248 1183 1319 exprimeret,
1247 1245 1413 1317 idque
1464 1247 1646 1316 ipsum
1705 1246 2005 1318 appellaret
2039 1244 2108 1301 Fit

2239 1245 2316 1317 μὴ
2359 1246 2582 1316 νοήσας,
2621 1245 2747 1316 φῂς.
2783 1243 2996 1299 Οὐκοῦν
3039 1244 3088 1297 εί
3122 1243 3309 1306 οὐσίας
3343 1242 3494 1295 ἑστιν
3533 1240 3704 1304 εἰκὼν,
3741 1243 3791 1293 οὐ

534 1338 688 1394 lium.
742 1338 856 1396 Hoc
889 1341 1033 1396 enim
1068 1346 1124 1393 tu
1176 1339 1292 1396 sive
1323 1339 1589 1410 prudens,
1638 1339 1756 1394 sive
1808 1337 2109 1410 imprudens

2235 1337 2461 1391 δύναται
2491 1337 2786 1392 αὐτοουσία
2821 1333 2964 1390 εἶναι
2985 1353 2998 1367 ·
3045 1335 3141 1391 καλ⁸
3178 1337 3226 1388 εί
3268 1334 3490 1405 βουλῆς,
3518 1333 3690 1386 οὐκέτι
3715 1334 3792 1386 αὐ-

535 1431 760 1495 asseris,
797 1447 923 1487 cum
951 1432 1025 1486 ita
1056 1431 1316 1502 loqueris.
1363 1431 1533 1503 igitur
1577 1429 1624 1486 si
1660 1429 1917 1486 essentiae
1949 1429 2110 1502 imagt

2236 1429 2486 1502 τοόσυλή.
2517 1431 2658 1484 Καθ’
2680 1430 2830 1502 ἡμᾶς
2851 1429 2961 1502 γὰρ
2993 1431 3041 1483 εί
3073 1428 3262 1492 οὐσίας
3286 1427 3434 1481 ἐστὶν
3459 1425 3620 1480 είκὼν
3649 1426 3790 1490 ζῶσα,

531 1534 636 1590 est,
666 1527 901 1582 essentia
929 1526 1051 1597 ipsa
1081 1540 1203 1583 esse
1242 1542 1350 1581 non
1378 1533 1576 1598 potest,
1606 1541 1782 1598 neque
1810 1526 2102 1582 consilium

2236 1523 2528 1577 αὑτοουσία
2559 1521 2782 1577 δύναται
2815 1517 2979 1587 εἶναι,
3005 1523 3101 1575 καὶ
3122 1520 3260 1574 ἐστι.
3294 1520 3408 1573 Καὶ
3439 1517 3610 1582 οὕτως
3635 1517 3789 1580 οὐσίας

532 1617 580 1672 si
619 1617 798 1690 imago
826 1619 1045 1674 consilii
1083 1625 1188 1676 est.
1220 1615 1420 1672 Nostra
1450 1632 1582 1672 vero
1604 1617 1900 1682 sententia,
1953 1617 1998 1672 si
2040 1632 2107 1672 est

2235 1612 2425 1667 οὐσίαν
2460 1613 2646 1666 εἰκόνα
2677 1613 2910 1684 λέγομεν
2943 1611 3031 1666 διὰ
3065 1612 3295 1683 μίμησιν
3329 1611 3650 1683 ὁμοιοτάτην
3675 1609 3790 1678 ζωῆς

531 1708 724 1763 sentite
746 1707 866 1764 viva
891 1709 965 1764 sit
993 1709 1194 1780 imago,
1225 1706 1470 1764 essentia
1499 1707 1619 1778 ipsa
1644 1723 1769 1763 esse
1793 1715 1992 1778 potest,
2018 1716 2104 1763 est

2235 1722 2295 1758 τε
2323 1705 2415 1759 καὶ
2441 1705 2724 1778 ἐνεργείας
2747 1721 2761 1735 °
2789 1705 2930 1758 οὕτω
2961 1703 3018 1757 δὲ
3051 1704 3144 1756 καὶ
3167 1703 3366 1774 βουλῆς
3395 1701 3592 1774 βουλὴν
3616 1701 3787 1763 εἰκόνα,

531 1815 639 1870 que
655 1801 862 1856 revera’.
890 1801 1068 1872 Atque
1099 1802 1172 1856 ita
1212 1801 1467 1857 essentia:
1488 1799 1780 1870 imaginem
1834 1815 1959 1856 esse
1995 1814 2100 1854 con

2235 1794 2327 1847 τὸν
2377 1794 2621 1866 μεγάλης
2671 1791 2866 1868 βουλῆς
2894 1795 3156 1865 Ἄγγελον
3175 1834 3191 1860 ,
3241 1795 3335 1848 καὶ
3391 1793 3682 1865 δυνάμεως,
3715 1793 3791 1846 καὶ

534 1892 773 1956 ﬁtentur,
809 1892 875 1948 ad
905 1902 1155 1948 exactam
1185 1893 1308 1948 vitae
1336 1900 1390 1948 et
1447 1892 1680 1947 actionis
1717 1891 2109 1948 similitudinen

2233 1883 2393 1958 δόξης
2420 1886 2673 1959 δύναμιν,
2705 1888 2800 1942 καὶ
2827 1887 3008 1954 δόξαν.
3036 1887 3146 1942 Καὶ
3180 1885 3389 1940 τούτων
3418 1883 3789 1957 παραστατικὸν

532 1997 873 2050 expressam.
907 1982 1112 2039 Eodem
1145 1983 1306 2038 modo
1333 1990 1387 2038 et
1415 1982 1631 2038 consilii
1663 1981 1964 2053 im'aginem
1995 1996 2107 2040 con

2235 1978 2317 2043 τὸ,
2348 1978 2584 2047 Ὥσπερ
2626 1978 2737 2049 γὰρ
2767 1981 2800 2034 ὀ
2823 1977 3025 2047 Πατὴρ
3050 1977 3176 2047 ἔχει
3229 1977 3386 2046 ζωὴν
3411 1977 3482 2030 ἐν
3501 1973 3788 2040 ἐαυτῷβῦ·

533 2071 718 2126 silium
753 2071 984 2129 facimus
1012 2089 1027 2139 ;
1052 2073 1233 2144 magni
1275 2071 1487 2128 scilicet
1531 2071 1748 2126 consilii
1779 2070 2048 2142 Angelum
2084 2071 2100 2102 ¹

2234 2085 2350 2136 τως
2370 2069 2471 2123 καὶ
2494 2068 2574 2135 τῷ
2611 2067 2725 2135 Υιῷ
2753 2069 2936 2124 ἔδωκε
2968 2068 3123 2137 («thr
3151 2068 3318 2139 ἔχειν
3352 2069 3427 2122 ἐν
3459 2064 3644 2131 ἐαυτῷ
3663 2083 3676 2095 ο
3697 2065 3787 2130 καὶ,

533 2175 598 2215 ac
627 2170 903 2232 postremo
923 2162 1112 2233 gloriae
1140 2170 1194 2218 et
1222 2163 1442 2218 virtutis
1472 2161 1767 2234 imaginem
1798 2161 2030 2233 gloriam
2063 2175 2108 2214 at

2237 2162 2469 2232 Ὠσπερ
2511 2166 2546 2218 ὁ
2579 2161 2783 2232 Πατὴρ
2824 2161 3039 2233 ἐγείρει
3069 2161 3216 2228 τοὺς
3256 2158 3536 2229 νεκροὺς,
3569 2157 3661 2211 καί
3684 2155 3789 2217 ζωο-

531 2253 790 2308 virtutem
840 2268 962 2310 esse
1005 2255 1318 2310 statuimus.
1351 2253 1485 2321 Quae
1526 2253 1747 2324 quidem
1799 2253 1987 2308 omnia
2041 2253 2106 2308 hi:

2234 2255 2412 2311 ποιεῖ.
2447 2256 2522 2310 Τὸ
2551 2255 2682 2329 γὰρ,
2727 2254 2954 2325 ὥσπερ,
2999 2255 3209 2320 οὕτως,
3245 2251 3529 2323 εῑκονικῆς
3569 2254 3675 2307 ἑστι
3719 2265 3789 2321 μι-

535 2343 717 2399 vcrbis
740 2358 771 2398 a
799 2342 1026 2400 Christo
1052 2344 1443 2400 declarantur:
1486 2343 1636 2400 Sicut
1670 2343 1840 2399 Pater
1874 2343 2028 2399 habet
2059 2345 2109 2398 ui

2027 2354 2028 2389 1
2059 2345 2133 2398 ui-
2231 2348 2477 2418 μήσεως,
2509 2347 2604 2401 καὶ
2634 2345 2952 2418 ὁμοιώσεως
2973 2345 3203 2417 ἀκριϐὲς
3233 2345 3553 2416 ἑκμαγεϊον.
3584 2360 3602 2395 t

545 2444 655 2489 tam
713 2437 767 2488 in
824 2436 1017 2504 seipse,
1047 2438 1123 2490 sic
1151 2436 1296 2491 dedit
1350 2447 1400 2491 et
1450 2435 1597 2492 Filio
1643 2437 1806 2492 vitam
1837 2435 2028 2494 habere
2091 2437 2148 2492 in
2177 2440 2349 2508 seipse
2381 2441 2552 2505 ’;et:
2587 2437 2738 2495 Sicut
2798 2438 2961 2493 Pater
3019 2438 3242 2492 suscitat
3290 2447 3534 2491 mortuos
3574 2443 3618 2490 et
3651 2431 3789 2501 vivi/i-

434 2579 438 2582 η
535 2527 690 2580 cat’.
749 2525 1033 2597 Ejusmodi
1063 2529 1230 2601 842
1289 2530 1493 2602 quippe
1549 2545 1729 2596 voces,
1764 2531 1923 2596 sicut,
1963 2531 2062 2597 sic,
2101 2531 2520 2590 similitudinem
2578 2533 2874 2606 quamdam
2919 2531 3196 2604 imaginis,
3232 2540 3286 2588 et
3328 2530 3402 2586 ad
3462 2528 3784 2586 imitationem

534 2637 856 2693 expressam
890 2623 1122 2695 cliigiem
1145 2624 1552 2680 demonstrant.
1589 2644 1608 2677 ι
3197 2678 3202 2681 .

602 2711 674 2767 Χ.
711 2711 918 2769 Deinde
967 2715 1162 2785 paucis
1210 2715 1520 2786 interjectis
1561 2733 1574 2770 :
1615 2735 1633 2768 ι
1675 2715 1797 2772 Νοη
1832 2717 2003 2784 enim,
2042 2717 2131 2772 in-

2307 2718 2366 2771 l'.
2403 2715 2515 2770 Kal.
2557 2713 2675 2787 μεθ’
2703 2714 2868 2786 ἔτερα
2911 2713 3069 2784 ὀλίγα
3088 2730 3101 2743 ·
3129 2731 3146 2765 ι
3191 2713 3266 2767 Οὐ
3294 2713 3407 2786 γὰρ
3425 2712 3634 2783 όΛὸγος
3659 2712 3783 2776 Θεὸς,

536 2805 678 2876 quit,
704 2803 952 2861 divinum
986 2804 1251 2873 Verbum,
1277 2805 1440 2865 Jesus
1464 2809 1675 2866 scilicet
1697 2809 1888 2877 vitam,
1921 2820 1976 2866 et
2006 2811 2111 2881 pul-

2245 2805 2404 2880 [ἀλλ’]
2444 2807 2474 2860 ὁ
2515 2806 2722 2880 Ἰησοῦς
2769 2806 3031 2880 παρέχων
3079 2805 3224 2876 ζωὴν
3250 2846 3266 2868 ,
3313 2807 3415 2860 καὶ
3459 2806 3664 2872 κάλλος,
3712 2805 3784 2859 καί

537 2896 934 2963 ι·ιιι·ἱῑιι(1ἰηειιι,
970 2906 1025 2954 et
1072 2896 1328 2955 decorem
1390 2901 1660 2968 tribuens,
1721 2901 1846 2957 vitae
1892 2902 2029 2972 ipse,
2064 2917 2112 2957 at

2239 2900 2488 2974 μορφὴν,
2535 2900 2700 2969 αὐτὸς
2743 2899 2941 2966 άξωος,
2989 2900 3085 2953 καὶ
3117 2897 3381 2970 άκαλλῆς,
3437 2900 3531 2955 καὶ
3580 2898 3785 2971 ἄμορφός

538 2989 990 3061 pulchritudinis,
1021 2998 1075 3046 et
1096 2989 1314 3046 decoris
1352 3007 1549 3064 expers
1574 3001 1659 3050 est
1703 2993 1759 3049 in
1791 3000 1990 3059 morte,
2043 3010 2110 3048 ve

2237 2995 2407 3058 ἑστιν,
2443 2993 2502 3046 ἑν
2547 2992 2855 3062 νεκρότητι,
2885 2991 2920 3064 ἢ
2957 2989 3037 3062 τῷ
3066 2991 3141 3062 μὴ
3165 2985 3306 3045 εἶναι
3331 2991 3650 3064 νοούμενος,
3679 2989 3785 3044 ἀλλὰ

535 3098 604 3139 eo
635 3091 782 3139 statu
809 3082 866 3137 in
888 3097 998 3154 quo
1025 3081 1164 3138 nihil
1197 3083 1426 3140 omnino
1473 3084 1566 3153 sit,
1617 3085 1988 3154 constitutus;
2034 3101 2110 3142 set

2239 3087 2530 3158 πατρικοῖς
2567 3085 2913 3158 χαρακτῆρσι
2959 3082 3352 3155 μεμόρφωται-
3385 3083 3485 3155 οὐχ
3525 3082 3598 3148 ὡς
3637 3082 3785 3155 ἑτερος

537 3182 797 3246 paternas
836 3175 892 3230 in
919 3191 981 3230 se
1035 3185 1198 3231 notas
1237 3175 1399 3231 habet
1453 3191 1746 3248 expressas
1779 3193 1793 3229 :
1831 3193 1941 3234 non
1972 3193 2111 3248 quas

2240 3178 2404 3244 αὐτὸς
2429 3175 2537 3245 ὢν,
2581 3177 2804 3248 ἑτέρους
2835 3176 2894 3230 δὲ
2929 3176 3057 3241 τοὺς
3085 3175 3448 3248 χαρακτῆρας
3483 3176 3582 3247 τῆς
3611 3172 3786 3246 μορφῆς

535 3266 676 3320 alter
709 3265 825 3336 ipse
857 3265 950 3331 sit,
1000 3275 1054 3321 et
1075 3265 1199 3323 aliis
1229 3266 1415 3338 ﬁgura:
1449 3270 1596 3324 notis
1629 3269 1910 3340 praeditus,
1937 3285 2110 3326 verun

2236 3270 2375 3343 ἔχων
2393 3285 2407 3300 °
2442 3269 2558 3325 ἀλλ’
2581 3271 2640 3324 ἑν
2667 3268 2744 3342 τῷ
2782 3265 2924 3325 εἶναι
2946 3267 3111 3324 αὐτοῦ
3132 3271 3183 3324 oi
3208 3268 3558 3342 χαρακτῆρές
3587 3269 3699 3330 είσι,
3713 3263 3785 3317 καὶ

536 3362 593 3410 et
621 3356 677 3410 in
700 3355 820 3426 ejus
842 3358 1087 3412 essentia
1125 3358 1367 3428 propria:
1405 3358 1554 3418 illius
1583 3370 1726 3416 uotae
1756 3361 1952 3432 positae
1981 3369 2111 3418 sunt

2239 3365 2298 3417 ἑν
2328 3364 2443 3428 τοῖς
2467 3363 2814 3436 χαρακτῆρσι
2842 3361 2904 3417 τὸ
2929 3359 3069 3417 εἶναι
3107 3362 3297 3418 αὐτοῦ.
3336 3362 3407 3416 Ἦ
3431 3361 3489 3416 δὲ
3523 3357 3674 3414 εἰκὼν
3697 3355 3779 3409 ἑτὲν

534 3448 676 3503 etin
728 3449 966 3521 propriis
1023 3449 1171 3504 notis
1229 3451 1472 3506 essentia
1526 3452 1809 3509 consistit.
1862 3451 2109 3510 Caeterun

2243 3472 2364 3526 ρου,
2396 3456 2492 3509 καὶ⁵
2514 3455 2614 3526 οὐχ
2642 3455 2842 3526 ἑαυτῆς
2868 3453 3032 3508 εἰκὼν
3063 3450 3221 3520 οὖσα,
3259 3453 3410 3510 καθὰ
3431 3451 3605 3508 καὶσὺ
3623 3448 3783 3510 Θέλεις,

537 3539 722 3610 imago
755 3555 881 3595 cum
931 3540 1182 3608 alterius,
1227 3555 1336 3595 non
1397 3541 1784 3613 suimetipsius
1830 3542 2010 3616 imago
2042 3543 2112 3601 sit

2235 3546 2330 3601 τοῦ
2353 3545 2712 3620 πρωτοτύπΟυ
2743 3549 2802 3601 ἐν
2842 3547 3008 3619 ἑαυτῇ
3030 3547 3158 3611 τοὺς
3183 3545 3541 3620 χαρακτῆρας
3566 3542 3781 3614 ιρέρουσα.

537 3639 600 3688 ιιι
621 3639 675 3687 et
706 3633 823 3703 ipse
849 3633 1072 3697 statuis,
1094 3632 1426 3704 exemplaris
1457 3633 1514 3687 in
1558 3649 1620 3690 se
1651 3635 1878 3707 ﬁguram
1911 3650 2108 3708 gerens

2234 3640 2334 3710 τὴν
2361 3639 2659 3711 ἑτερότητα
2688 3639 3018 3712 παρίστησιν
3039 3655 3053 3670 °
3088 3640 3387 3713 ἑτερότητα
3407 3640 3464 3694 δὲ
3488 3639 3560 3702 ὡς
3576 3633 3781 3708 ὁμοιότη-

539 3723 913 3780 diversitatem
964 3723 1210 3791 indicat;
1245 3724 1342 3779 sed
1400 3723 1676 3794 ejusmodi
1733 3725 2106 3782 diversitatem

2234 3747 2326 3784 τα.
2372 3732 2486 3802 Οὐχ
2535 3731 2739 3802 ἑαυτῆς
2776 3730 2906 3803 γὰρ,
2943 3731 3132 3802 ἑτέρου
3181 3729 3239 3784 δέ
3281 3748 3431 3796 τινος
3477 3727 3630 3784 είκών
3669 3725 3783 3776 ἐστιν

539 3829 663 3885 quae
714 3813 857 3869 idem
892 3829 956 3868 ac
1009 3812 1315 3868 similitudo
1355 3813 1448 3869 sit.
1487 3812 1608 3869 Non
1645 3815 1790 3870 enim
1836 3816 1929 3871 sui
1957 3815 2114 3886 ipsius

2237 3823 2391 3891 οὗτος
2426 3825 2522 3893 ὢν,
2546 3828 2574 3881 ὃ
2609 3829 2759 3881 ἑστιν
2785 3826 2950 3881 εἰκὼν
2973 3826 3066 3880 τοῦ
3093 3825 3229 3881 Θεοῦ
3256 3825 3350 3881 τοῦ
3381 3824 3626 3898 ἀοράτου.
3643 3816 3779 3879 Εῐκὼν

539 3908 816 3962 exsistens
854 3905 942 3960 ille
980 3905 1120 3975 ipse,
1145 3905 1240 3960 sed
1271 3904 1582 3976 cujuspiam
1612 3906 1841 3963 alterius
1871 3916 1955 3964 est
1997 3909 2114 3962 ima

2239 3914 2338 3973 οὖν
2377 3917 2472 3970 τοῦ
2504 3918 2718 3989 Πατρὸς
2743 3920 2772 3972 ό
2807 3918 2959 3983 Υἱὸς,
2985 3915 3136 3982 ζῶσα
3155 3916 3380 3984 ζῶντος,
3413 3918 3471 3970 ἑν
3498 3913 3688 3983 κινήσει
3713 3906 3777 3959 κα1

541 4012 646 4068 go;
680 3997 882 4069 imago,
915 3996 1138 4067 inquam
1161 4037 1177 4061 ,
1214 4012 1326 4051 non
1375 3997 1728 4067 aspectabilis
1783 3996 1898 4054 Dei.
1956 3997 2116 4054 Patri:

2237 4010 2512 4081 ἑνεργείίι,
2545 4009 2774 4080 δυνάμει
2805 4025 2864 4062 τε
2905 4010 2997 4063 καὶ
3034 4007 3222 4080 βουλῇ,
3250 4007 3344 4062 καὶ
3392 4006 3539 4080 δόξῃ,
3563 4004 3652 4058 οὐκ
3675 3998 3776 4067 ἄψυ-

542 4089 712 4162 igitur
762 4087 940 4160 imago
994 4086 1170 4142 Filius
1234 4099 1340 4152 est,
1384 4088 1573 4146 vivens
1632 4090 1824 4162 utique
1878 4091 2113 4147 viventis

2242 4119 2355 4174 χος,
2381 4101 2501 4155 οὐδὲ
2522 4101 2800 4172 ἀκίνητος,
2829 4101 2887 4155 ἑν
2915 4100 3089 4173 ἑτέρῳ
3115 4100 3212 4171 μὲν
3235 4100 3294 4153 τὸ
3327 4094 3469 4154 εἶναι
3496 4098 3694 4170 ἔχουσα,
3714 4089 3780 4141 καί

542 4188 694 4236 motu
721 4187 883 4251 atque
909 4179 1175 4235 eﬂicicndi
1206 4179 1281 4245 vi,
1327 4195 1542 4236 necnon
1598 4189 1654 4237 et
1690 4182 1912 4249 virtute,
1949 4185 2117 4241 consi-

2249 4191 2594 4262 γραφομένη.
2643 4191 2782 4262 αὐτὴ
2832 4190 2932 4262 μὲν
2975 4192 3034 4243 ἑν
3067 4190 3236 4260 ἑαυτῇ
3279 4190 3374 4243 καὶ
3419 4188 3485 4243 δι’
3508 4183 3706 4252 ἑαυτῆς,
3737 4179 3779 4231 ἐν

542 4273 616 4329 lio
644 4271 928 4344 gloriaque
975 4271 1200 4342 praedita
1234 4311 1249 4338 ,
1304 4287 1416 4327 non
1467 4273 1648 4328 anima
1725 4282 1986 4346 motuque
2039 4290 2117 4330 ca-

2247 4284 2462 4353 κινήσει
2493 4283 2568 4354 μὴ
2597 4277 2751 4336 οὖσα.
2786 4282 2890 4337 Καὶ
2913 4281 3076 4336 εἰκὼν
3111 4283 3259 4336 ἑστιν
3289 4279 3705 4353 ἀπαράλλακτος,
3731 4275 3777 4326 0'3

541 4379 693 4431 rens,
743 4373 840 4420 aut
890 4363 1185 4436 ejusmodi,
1233 4379 1358 4435 qua:
1396 4365 1450 4419 in
1492 4364 1601 4419 alio
1633 4373 1693 4420 ut
1728 4366 1799 4421 sit
1832 4367 2049 4430 habeat,
2082 4385 2112 4421 c

2243 4375 2345 4444 τῆς
2381 4374 2795 4446 ἀπαραλλαξίας
2827 4375 3047 4446 Πατέρα
3090 4373 3370 4445 ποιούσης,
3391 4372 3501 4427 ἀλλ’
3526 4369 3643 4424 Υίὺν
3666 4365 3774 4429 ἀπη-

541 4452 947 4530 quodanttttodo
973 4457 1250 4527 pingatur,
1289 4457 1343 4512 in
1376 4458 1554 4529 seipsa
1593 4473 1746 4525 vero,
1781 4474 1846 4514 ac
1883 4475 1978 4529 per
2013 4477 2116 4517 sese

1090 4467 1250 4527 ;atur,
1289 4457 1343 4512 in
1376 4458 1554 4529 seipsa
1593 4473 1746 4525 vero,
1781 4474 1846 4514 ac
1883 4475 1978 4529 per
2013 4477 2134 4517 sese
2244 4465 2607 4538 κριϐωμένον.
2649 4484 2665 4516 ι

541 4548 768 4604 minime
798 4555 1103 4602 moveatur.
1132 4545 1269 4602 Cum
1307 4557 1488 4602 autem
1543 4548 1723 4618 imago
1785 4551 1935 4603 nulla
1986 4550 2039 4604 in
2069 4566 2129 4607 re
2162 4553 2230 4607 ab
2270 4555 2576 4626 exemplari
2634 4555 2856 4619 diversa
2917 4555 3164 4618 dicitur,
3213 4553 3429 4609 Patrem
3484 4555 3661 4606 exacta
3709 4538 3773 4595 ill-1

543 4639 849 4699 similitudo
874 4655 984 4695 non
1019 4637 1172 4703 facit,
1220 4637 1318 4694 sed
1364 4639 1562 4694 Filium
1606 4640 1864 4696 omnibus
1903 4641 1971 4696 ad
2009 4643 2145 4698 illud
2182 4649 2468 4718 exemplar
2505 4651 2752 4704 numeris
2784 4663 3131 4719 expressum.
3183 4666 3202 4700 ι

616 4756 897 4812 Hactenus
923 4770 990 4812 ex
1013 4755 1234 4810 Acacio.
1263 4753 1383 4810 Jam
1411 4770 1543 4810 vero
1577 4757 1802 4826 quidam
1848 4774 1912 4812 ex
1948 4760 2136 4814 ortho-
2173 4780 2191 4834 ι

2198 4783 2213 4830 I
2312 4767 2708 4840 Πεπλήρωνται
2748 4765 2817 4820 τὰ
2869 4765 3058 4821 ἐνθάδε
3103 4763 3383 4820 Ἀκακίου.
3419 4762 3530 4817 Νῦν
3566 4758 3617 4812 δέ
3645 4767 3773 4825 φασιν

545 4849 704 4906 doxis
730 4847 994 4905 fratribus
1050 4847 1256 4903 nostris
1287 4857 1340 4902 et
1382 4847 1802 4904 cunfessorihus
1839 4852 2120 4920 expositio-

2249 4863 2300 4915 οί
2326 4861 2622 4934 όρθὸδοξοι,
2663 4862 2760 4915 καὶ
2802 4859 3024 4929 ἀδελφοὶ
3057 4858 3338 4930 ἡμέτεροι,
3375 4856 3466 4911 καὶ
3494 4840 3770 4923 ὁμολογῆταιὶ

550 4958 671 4998 nem
705 4941 828 4997 ﬁdei
852 4957 882 4996 a
912 4941 1246 5012 quibusdam
1273 4939 1518 4996 Marcelli
1544 4941 1835 5011 discipulis
1857 4943 2125 5013 accepiss¢

2293 4953 2402 5026 αρά
2418 4973 2584 5008 τινων
2622 4954 2729 5007 ὑπὸ
2767 4951 3090 5025 Μαρκέλλου
3147 4946 3601 5018 καταλειφθέντων
3633 4934 3769 5010 μαθη·
3864 4951 3868 4961 “

549 5054 608 5094 se
635 5036 845 5103 dicunt,
905 5053 1013 5108 qua
1073 5035 1197 5092 ﬁdei
1261 5051 1377 5092 suae
1417 5036 1688 5091 rationein
1750 5037 1842 5092 ille
1875 5036 2124 5092 reddidit.

2247 5045 2355 5097 τῶν
2387 5044 2602 5098 ἔκθεσιν
2629 5043 2910 5114 εἰληφέναι
2955 5042 3250 5112 ὁμολογίας
3277 5040 3404 5111 περὶ
3431 5037 3648 5091 πίστεως
3667 5027 3767 5080 ἀπο·

547 5131 726 5199 Quam
750 5130 970 5199 quidem
1008 5131 1096 5184 hic
1127 5128 1515 5186 ascrilxendam
1535 5130 1745 5200 putavi,
1776 5130 1993 5186 tametsi
2024 5131 2122 5186 sin-

2245 5134 2584 5205 λογουμένης
2602 5151 2616 5165 ο
2650 5130 2718 5204 ἦς
2747 5133 2816 5186 τὰ
2855 5131 3308 5202 λεπτολογήματα
3344 5127 3499 5188 αὐτὸς
3523 5121 3594 5194 μὴ
3622 5128 3766 5171 κατει-

547 5225 698 5297 gula,
731 5236 856 5293 qua:
899 5223 964 5275 ad
1002 5221 1150 5274 illam
1209 5223 1505 5292 pertinent,
1570 5221 1814 5278 nondum
1877 5233 2122 5278 accurat:

2245 5225 2454 5297 ληφὼςο
2491 5226 2662 5296 αὐτὴν
2711 5223 2944 5278 ἐνταῦθα
2977 5223 3319 5295 παρεθέμην.
3349 5219 3456 5276 Καὶ
3489 5214 3594 5269 ἐστι
3626 5209 3677 5263 τὸ
3693 5210 3765 5263 ἀν-

548 5311 920 5387 cognoverim.
951 5311 1270 5380 Exemplqu
1309 5327 1439 5367 vero
1470 5321 1556 5366 est
1597 5313 1893 5383 ejusmodi.

1104 5311 1270 5380 iplutn
1309 5327 1439 5367 vero
1470 5321 1556 5366 est
1597 5313 1893 5383 ejusmodi.
2245 5316 2510 5386 τίγραφον
2536 5316 2674 5368 τόδε.

955 5398 1235 5498 Expositio
1285 5428 1411 5497 ﬁdei
1454 5427 1721 5483 Marcelli.
2434 5429 2503 5481 Ἡ

2434 5429 2503 5481 Ἡ
2531 5425 2826 5496 ἐπιγραφὴ
2851 5426 3108 5490 πίστεως
3137 5423 3240 5477 τοῦ
3269 5417 3621 5488 Μαρκέλλου.

620 5545 708 5598 XI.
745 5542 1166 5602 Venerabilibus
1200 5553 1254 5596 et
1280 5543 1646 5598 sanctis-sumis
1692 5542 1971 5612 episc0pis
2004 5541 2133 5594 Diu-

2318 5543 2415 5596 IA'.
2450 5542 2575 5604 Τοῖς
2613 5539 3062 5610 αἰδεσιμωτάτοις
3108 5537 3201 5592 καὶ
3242 5534 3552 5604 ἁγιωτάτοις
3583 5513 3757 5612 ἐπισκλά

552 5657 797 5700 exserere
825 5648 1048 5711 prepter
1069 5638 1432 5693 orthodoxam
1467 5639 1768 5691 Salvatoris
1810 5638 1981 5692 nostri
2005 5634 2127 5692 Jcsu

2246 5652 2389 5702 ποις,
2417 5637 2534 5696 τοῖς
2559 5635 2617 5687 ὲν
2650 5631 3036 5703 Διοκαισαρεὶᾳ
3074 5627 3495 5703 ὑπερορισθεῖσιν
3533 5617 3657 5686 ὑπὲρ
3684 5625 3753 5676 της

600 5801 612 5829 ¹
680 5799 889 5860 lsa.tx,
921 5796 975 5850 6.
1054 5795 1072 5824 '
1096 5794 1252 5849 Joan.
1287 5814 1336 5852 v.
1371 5793 1461 5848 9.6.
1548 5794 1563 5823 ’
1592 5791 1721 5847 ibid.
1754 5795 1844 5846 2|.
