3988 6396
559 371 664 427 599

1942 377 1999 433 S.
2044 374 2385 431 EPII'HANH

3690 393 3769 452 400

556 488 796 542 hominis
829 495 1080 542 naturam
1114 488 1438 559 assumpsit,
1483 487 1586 544 hoc
1621 497 1707 545 est
1734 488 1945 545 ratione
1971 499 2024 545 et
2056 490 2128 544 in-

2248 489 2350 558 τῆς
2401 489 2751 560 ἀνθρωπόας
2800 488 3041 559 φύσεως,
3069 483 3323 545 ’τουτέστι
3366 492 3533 566 ψυχῆς
3575 496 3774 571 λογικῆς,

557 582 853 652 telligcntia
879 582 1158 653 praeditam
1185 581 1424 636 animam
1458 583 1864 653 humanamque
1892 598 2138 638 carnem.

553 674 843 728 tircdimus
905 674 957 727 in
1007 689 1177 727 unum
1210 657 1395 727 Deum.
1431 672 1650 729 Patrem
1684 675 2138 744 omnipotentem,

551 766 796 821 omnium
828 765 1129 821 visibilium
1164 765 1632 836 invisibilimnque
1655 766 2034 834 conditorem;
2087 774 2143 821 et

551 873 606 911 in
645 871 814 911 unum
850 855 1144 910 Dominum
1201 854 1391 911 Jesmu
1441 855 1727 909 Christum
1780 853 1979 910 Filium
2020 854 2137 922 Dei,

549 950 792 1020 genitum
824 963 889 1003 es
921 946 1104 1013 Patre,
1136 946 1498 1017 unigenitum,
1536 948 1638 1002 hoc
1671 957 1758 1004 est
1785 947 1854 1003 ab
1897 949 2139 1004 essentia

548 1039 751 1105 Patris,
778 1038 949 1095 Deum
975 1038 1145 1114 844
1165 1038 1232 1095 de
1252 1037 1381 1106 Deo,
1406 1041 1590 1096 lumen
1618 1040 1687 1095 de
1714 1040 1939 1105 lumine,
1965 1039 2136 1095 Deum

550 1148 739 1188 verum
766 1135 840 1195 de
869 1130 981 1187 Deo
1015 1147 1187 1200 vero;
1228 1134 1471 1204 genitum
1504 1148 1613 1188 non
1637 1132 1864 1199 factum,
1899 1134 2140 1189 consub-

549 1226 861 1284 stantialem
892 1224 1063 1291 Patri,
1098 1240 1195 1296 per
1224 1240 1385 1296 quem
1420 1227 1603 1280 omnia
1649 1225 1793 1281 facta
1826 1235 1975 1293 sunt,
2014 1236 2137 1298 quae

549 1315 607 1368 in
641 1314 801 1380 caelo,
855 1328 1087 1384 quasque
1144 1313 1197 1369 in
1232 1314 1389 1369 terra
1438 1324 1606 1384 sunt;
1659 1316 1753 1387 qui
1786 1327 2010 1387 propter
2032 1333 2134 1372 nos

546 1405 822 1470 homines,
854 1413 908 1460 et
938 1413 1163 1477 pr0pter
1195 1412 1443 1461 nostram
1476 1407 1708 1463 salutem
1748 1407 2053 1476 descendit,
2082 1419 2136 1464 et

545 1499 870 1554 incarnatus
891 1506 994 1563 est,
1029 1506 1086 1554 et
1130 1497 1297 1554 homo
1346 1500 1543 1565 factus,
1574 1507 1629 1555 et
1683 1514 1881 1570 passus
1928 1508 2049 1568 est;
2080 1510 2134 1555 et

544 1592 848 1649 resurrexit
876 1591 1037 1646 tertia
1074 1591 1203 1660 die;
1236 1592 1488 1649 ascendit
1517 1593 1571 1647 in
1596 1594 1821 1658 emtum,
1853 1600 1908 1649 et
1936 1601 2133 1650 ventu-

543 1700 642 1742 rus
661 1694 747 1743 est
771 1683 1025 1755 judicare
1048 1685 1204 1742 vivos
1227 1692 1283 1741 et
1331 1692 1616 1753 mortuos;
1662 1696 1717 1740 et
1749 1687 1805 1740 in
1865 1685 2129 1757 Spiritum

543 1786 819 1834 sanctum.
866 1776 975 1834 Eos
1018 1784 1201 1833 autem
1258 1777 1355 1848 qui
1382 1778 1600 1832 tdicnnt
1631 1799 1643 1833 :
1680 1778 1804 1833 Fuit
1832 1780 2131 1852 aliquando

2247 581 2342 635 καὶ
2379 583 2593 652 νοερᾶς,
2625 582 2719 634 καὶ
2755 583 2957 653 σαρκὸς
3000 583 3363 656 ἀνθρωπίνης.
3391 587 3691 660 Πιστεύομεν
3717 600 3778 659 si;

2243 674 2339 727 ἕνα
2365 675 2501 728 Θεὸν
2532 674 2755 746 Πατέρα
2782 676 3232 750 παντοκράτορα,
3272 679 3487 734 πάντων
3523 682 3709 751 ὁρατῶν
3733 704 3779 740 τά

2243 766 2337 819 καὶ
2370 766 2619 838 ἀοράτων
2665 768 2897 841 ποιητήν
2920 783 2936 798 ο
2971 768 3067 820 καὶ
3117 768 3199 833 εἰς
3242 769 3339 824 ἕνα
3378 771 3575 843 Κύριον
3607 774 3779 845 Ἰησοῦν

2241 854 2479 929 Χριστὸν
2504 900 2519 926 ,
2563 856 2655 911 τὸν
2686 858 2816 912 Υίὸν
2838 857 2936 912 τοῦ
2964 856 3124 924 Θεοῦ,
3152 860 3243 915 τὸν
3273 862 3591 943 γεννηθέντα
3618 865 3676 917 ὲκ
3704 866 3778 920 τοῦ

2242 948 2461 1021 Πατρὸς
2495 950 2788 1021 μονογενῆ,
2810 952 3112 1023 ⁵τουτέστιν
3145 953 3211 1006 ὲκ
3239 952 3336 1024 τῆς
3362 954 3544 1018 οὐσίας
3579 956 3663 1010 τοῦ
3688 958 3779 1010 Πα-

2240 1041 2388 1111 τρος,
2412 1039 2544 1092 Θεὸν
2572 1042 2635 1093 ὲκ
2658 1037 2818 1103 Θεοῦ,
2855 1039 2972 1109 φῶς
2993 1042 3058 1094 ὲκ
3089 1041 3285 1111 φωτὸς,
3318 1041 3449 1095 Θεὸν
3485 1042 3709 1114 ἀληθινὸν
3732 1048 3781 1098 ἐκ

2238 1132 2375 1186 Θεοῦ
2411 1130 2669 1203 ἀληθινοῦ
2694 1172 2708 1194 ,
2748 1132 3084 1202 γεννηθέντα
3111 1132 3172 1184 οὐ
3201 1132 3512 1203 ποιηθέντα,
3540 1134 3779 1205 ὁμοούσιον

2237 1220 2316 1294 τῷ
2346 1222 2543 1296 Πατρὶ,
2576 1222 2643 1276 δι’
2667 1214 2730 1275 οῦ
2756 1222 2825 1276 τὰ
2852 1223 3033 1276 πάντα
3063 1221 3300 1291 ἐγένετο,
3346 1223 3416 1276 τά
3443 1236 3501 1275 τε
3532 1225 3584 1276 ὲν
3606 1225 3781 1295 οὐρανῷ

2239 1315 2334 1368 καὶ
2360 1315 2429 1369 τὰ
2451 1316 2544 1369 ἐπὶ
2561 1314 2663 1386 τῆς
2686 1314 2792 1384 γῆς
2812 1329 2826 1345 ·
2860 1313 2951 1367 τὸν
2977 1313 3045 1367 δι’
3068 1314 3219 1385 ἡμᾶς
3245 1313 3371 1378 τοὺς
3390 1312 3685 1387 ἀνθρώπους
3701 1318 3776 1371 καὶ

2235 1406 2326 1461 διὰ
2341 1408 2441 1478 τὴν
2459 1406 2734 1479 ἡμετέραν
2751 1407 3027 1478 σωτηρίαν
3048 1406 3401 1471 κατελθόντα,
3416 1406 3510 1460 καὶ
3526 1408 3781 1479 σαρκωθέν-

2234 1515 2325 1563 τα,
2342 1497 2438 1551 καὶ
2452 1497 2953 1570 ὲνανθρωπήσαντα
2973 1540 2988 1565 ,
3011 1498 3250 1553 παθόντα
3266 1539 3281 1565 ,
3303 1498 3401 1552 καὶ
3428 1499 3710 1555 ἀναστάντα
3726 1503 3778 1572 τῇ

2234 1590 2392 1660 τρίτῃ
2410 1589 2616 1662 ἡμέρᾳ,
2643 1589 2937 1643 ἀνελθόντα
2960 1593 3039 1654 εἰς
3054 1590 3182 1654 τοὺς
3217 1591 3501 1662 οὐρανοὺς,
3532 1591 3779 1663 ἐρχόμενον

2234 1684 2418 1754 κρῖναι
2438 1679 2650 1746 ζῶντας
2687 1682 2782 1735 καὶ
2807 1682 3035 1753 νεκρούς
3055 1699 3067 1711 ·
3096 1685 3191 1736 καὶ
3208 1683 3289 1746 εἰς
3316 1684 3381 1736 τὸ
3402 1682 3551 1753 ἅγιον
3578 1682 3777 1755 Πνεῦμα.

2233 1773 2372 1838 Τοὺς
2386 1774 2444 1828 δὲ
2470 1773 2751 1843 λέγοντας,
2775 1770 2883 1828 Ἦν
2909 1791 3039 1828 ποτε
3065 1774 3155 1828 ὅτε
3182 1774 3284 1828 οὐκ
3313 1769 3406 1846 ἦν,
3438 1775 3531 1829 καὶ
3552 1777 3669 1845 πρὶν
3681 1791 3779 1845 γεν-

543 1885 672 1926 cum
720 1885 831 1926 non
885 1881 1025 1934 erat,
1059 1878 1114 1924 et
1160 1877 1454 1941 antequam
1488 1870 1804 1943 gigneretur
1833 1888 1939 1928 non
1976 1886 2128 1942 erat;

2232 1865 2463 1938 νηθῆναι
2517 1867 2617 1919 οὐκ
2649 1862 2740 1936 ἦν,
2795 1865 2891 1921 καὶ
2943 1866 3029 1920 ὅτι.
3098 1864 3189 1933 Ἐξ
3234 1867 3337 1921 ούκ
3374 1867 3539 1920 ὄντων
3584 1866 3778 1936 ἐγένετο,

545 1968 643 2015 aut
681 1977 711 2017 e
747 1960 941 2028 nihilo,
999 1960 1115 2017 sive
1159 1975 1226 2016 ex
1255 1960 1430 2016 altera
1468 1978 1724 2032 persona,
1758 1973 1855 2019 aut
1887 1966 2129 2021 essentia

542 2055 739 2111 dicunt
792 2055 1095 2122 exstitisse,
1138 2057 1253 2113 sive
1320 2056 1566 2112 converti
1615 2057 1933 2129 mutarique
1967 2074 2132 2130 posse

545 2148 641 2205 Dei
666 2146 864 2204 Filium
884 2148 1173 2217 alﬁrmant,
1194 2149 1296 2207 hos
1319 2149 1671 2206 anathemate
1693 2149 1921 2205 damnat
1947 2151 2135 2206 catho-

541 2242 649 2296 lica
678 2252 732 2298 et
758 2241 1061 2313 apostolica
1096 2240 1363 2299 Ecclesia.
1397 2241 1509 2314 Ego
1537 2240 1810 2300 Photinus
1838 2243 2129 2315 presbyter

541 2338 846 2407 Ancyranze
873 2333 1134 2392 Ecclesia:
1160 2334 1233 2391 ita
1263 2335 1431 2392 credo
1463 2342 1518 2391 et
1551 2336 1751 2403 sentio,
1785 2344 1844 2391 ut
1874 2335 1962 2391 hic
1985 2338 2129 2393 sci-i-

540 2436 696 2501 ptum
725 2439 830 2487 est.
858 2431 971 2503 Ego
990 2429 1237 2503 Sigerius
1272 2431 1560 2503 presbyter
1590 2430 1838 2501 ejusdem
1873 2430 2131 2488 Ecclesiae

542 2525 616 2577 ita
638 2522 803 2600 credo
826 2531 879 2578 et
902 2522 1099 2589 sentio,
1131 2532 1189 2579 ut
1218 2523 1307 2577 hic
1327 2524 1594 2595 scriptum
1617 2531 1722 2580 est.
1749 2521 1864 2593 Ego
1888 2522 2131 2596 Hyginus

539 2612 810 2669 diaconus
847 2611 1097 2683 ejusdem
1128 2608 1391 2669 Ecclesiae
1416 2614 1491 2668 ita
1530 2612 1700 2669 credo
1746 2606 1802 2668 et
1834 2617 2035 2682 sentio,
2072 2624 2132 2670 ut

542 2703 633 2759 hic
662 2703 930 2776 scriptum
973 2714 1079 2761 est.
1106 2702 1219 2775 Ego
1245 2703 1564 2761 Heraclides
1590 2705 1963 2764 subdiaconus
1989 2708 2132 2779 ejus-

540 2795 666 2851 dem
701 2793 962 2851 Ecclesia:
990 2797 1065 2851 ita
1095 2797 1260 2853 credo
1293 2804 1348 2853 et
1393 2798 1594 2866 sentio,
1643 2806 1703 2854 ut
1743 2800 1832 2856 hic
1861 2801 2129 2871 scriptum

540 2894 647 2944 est.
667 2885 779 2959 Ego
798 2886 1047 2959 Elpidius
1063 2887 1235 2943 lector
1253 2888 1504 2959 ejusdem
1527 2889 1786 2947 Ecclesia:
1804 2893 1879 2946 ita
1895 2893 2059 2950 credo
2077 2903 2128 2949 et

539 2981 742 3047 sentio,
774 2989 834 3035 nt
868 2980 959 3036 hic
977 2980 1254 3052 scriptum
1285 2991 1389 3040 est.
1429 2982 1543 3055 Ego
1578 2982 1843 3055 Cyriacns
1868 2983 2132 3041 defensor

538 3073 786 3146 ejusdem
817 3075 1078 3131 Ecclesiae
1106 3075 1183 3130 ita
1210 3076 1378 3133 credo
1424 3084 1479 3132 et
1531 3077 1735 3143 sentio,
1766 3084 1827 3133 ut
1856 3077 1947 3133 hic
1984 3080 2129 3134 scri-

538 3175 693 3239 ptum
722 3176 827 3224 est.
862 3165 990 3224 Haec
1031 3175 1163 3224 sunt
1188 3183 1310 3239 qua}
1343 3167 1414 3223 ad
1444 3167 1795 3226 confessores
1826 3181 1882 3226 et
1908 3168 2123 3238 Patres,

2235 1957 2270 2030 ἢ
2297 1957 2356 2025 ὲξ
2388 1958 2583 2030 ἑτέρας
2612 1957 3024 2029 ὑποστάσεωςῆ
3059 1956 3249 2023 οὐσίας
3281 1958 3587 2029 φάσκοντας
3608 1954 3779 2028 simul

2234 2051 2470 2123 τρεπτὸν
2491 2093 2505 2117 ,
2549 2051 2583 2123 ἢ
2626 2050 2926 2122 ἀλλοιωτὴν
2967 2051 3062 2105 τὸν
3105 2051 3236 2105 Υἱὺν
3278 2049 3376 2105 τοῦ
3422 2050 3573 2115 Θεοῦ,
3602 2049 3779 2113 τούτους

2235 2141 2627 2213 ἀναθεματίζει
2650 2143 2683 2213 ἡ
2711 2141 2976 2213 καθολικὴ
3004 2142 3098 2195 καὶ
3125 2140 3460 2214 ἀποστολικὴ
3499 2140 3772 2213 Ἐκκλησία.

2249 2234 2392 2305 Ἐγὼ
2410 2234 2676 2300 Φωτεινδς
2697 2234 3071 2308 πρεσϐύτερος
3091 2234 3192 2305 τῆς
3221 2235 3365 2289 κατὰ
3388 2236 3654 2308 Ἄγκυραν
3688 2234 3781 2288 Ἐκ-

2234 2329 2468 2402 κλησίας
2491 2328 2637 2384 οῦτω
2657 2330 2902 2383 πιστεύω
2924 2328 3019 2382 καὶ
3044 2325 3247 2397 φρονῶ,
3280 2312 3360 2391 ῶς
3387 2328 3778 2399 προγέγραπται.

2247 2421 2390 2492 Ἐγὼ
2417 2422 2668 2493 Σιγέριος
2695 2419 3068 2494 πρεσσύτερος
3094 2422 3193 2492 τῆς
3210 2418 3387 2491 αὐτῆς
3413 2419 3554 2473 οὔτω
3582 2415 3779 2471 πιστεύω

2234 2513 2335 2568 καὶ
2361 2513 2568 2587 φρονῶ,
2601 2513 2677 2578 ὡς
2703 2512 3144 2587 προγέγραπται.
3181 2510 3326 2580 Ἐγὼ
3363 2510 3779 2580 ’Υγῖνοςδιάκονος

2230 2605 2334 2678 τῆς
2366 2606 2539 2677 αὐτῆς
2575 2605 2720 2659 οὕτω
2753 2606 2999 2659 πιστεύω
3033 2604 3129 2659 καὶ
3158 2604 3370 2678 φρονῶ,
3412 2602 3488 2667 ὡς
3517 2600 3779 2675 προγέγρα-

2233 2714 2386 2752 πται.
2430 2694 2572 2765 Ἐγὼ
2596 2695 2958 2768 Ἡρακλείδης
2988 2696 3344 2760 ὑποδιακονος
3358 2694 3460 2767 τῆς
3488 2694 3648 2764 αὐτῆς
3666 2690 3777 2747 οὕτω

2233 2787 2478 2843 πιστεύω
2505 2788 2599 2842 καὶ
2634 2788 2842 2861 φρονῶ,
2885 2789 2962 2854 ὡς
2998 2789 3447 2862 προγέγραπται.
3482 2786 3615 2856 Ἐγὼ
3637 2782 3779 2839 Ἐλπί-

2230 2881 2341 2948 διος
2361 2881 2720 2954 ἀναγνιῦστης
2739 2883 2768 2935 ό
2803 2881 3008 2952 ταύτης
3041 2880 3186 2936 οὕτω
3214 2881 3462 2936 πιστεύω
3490 2879 3579 2934 καὶ
3602 2875 3776 2950 φρονῶ.

2230 2973 2307 3038 ὼς
2342 2973 2784 3046 προγέγραπται.
2837 2972 2981 3041 Ἐγὼ
3021 2972 3309 3046 Κυριακὸς
3359 2971 3658 3045 προστάτης
3700 2967 3776 3037 τῆς

2232 3066 2406 3137 αὐτῆς
2429 3065 2576 3120 οὕτω
2607 3066 2852 3120 πιστεύω
2886 3066 2984 3120 καὶ
3012 3065 3228 3138 φρονῶ,
3271 3066 3347 3131 ὡς
3386 3066 3776 3140 προγέγραπται.

2233 3157 2421 3212 Ταῦτά
2443 3159 2561 3212 ἐστι.
2594 3157 2666 3213 τὰ
2687 3158 2780 3212 ὐπ’
2809 3156 2990 3213 αὐτῶν
3032 3157 3170 3229 πρὸς
3196 3158 3327 3221 τοὺς
3352 3153 3672 3229 ὀμολογητὰς
3703 3151 3776 3205 καὶ

538 3260 617 3313 illi
667 3260 1033 3332 scripserunt.
1066 3256 1198 3326 Quae
1255 3259 1302 3315 si
1334 3258 1388 3314 in
1428 3259 1749 3316 melioribus
1777 3274 1901 3318 esse
1929 3276 2127 3317 nume-

2233 3250 2382 3305 Πατέ
2393 3267 2492 3322 ρας
2519 3250 2822 3324 γραφέντα.
2848 3249 2912 3304 El
2944 3223 3126 3304 τοίνύν
3153 3223 3778 3320 δύναται-παράνσδνετῶν

536 3349 729 3416 randa,
756 3351 1121 3423 intelligentes
1142 3350 1532 3423 iudicaverint,
1557 3366 1654 3423 per
1670 3366 1755 3407 me
1774 3358 1833 3406 ut
1855 3351 2129 3422 ejusmodi

537 3446 845 3502 habeantur
873 3447 1022 3501 licet.
1046 3443 1144 3500 Sin
1178 3445 1231 3500 in
1260 3431 1364 3500 hac
1387 3445 1504 3518 ipsa
1530 3445 1889 3507 excusatione
1917 3460 1983 3500 ac
2011 3445 2129 3502 dis-

535 3539 820 3609 putatione
849 3538 1143 3594 titubatum
1173 3537 1242 3592 ab
1269 3536 1379 3594 illis
1409 3537 1781 3604 nonnihilest,
1838 3552 1904 3592 ac
1934 3552 2128 3610 parum

536 3635 685 3683 recte
708 3628 970 3698 positum,
1004 3642 1166 3683 suum
1190 3626 1335 3698 apud
1361 3627 1611 3683 eruditos
1637 3628 1817 3683 locum
1847 3630 2128 3685 ordinem-

533 3735 643 3791 que
672 3727 915 3776 teneant.
945 3717 1233 3775 Postremo
1254 3734 1381 3775 cum
1398 3718 1466 3773 de
1495 3717 1753 3774 Marcello
1782 3722 2127 3790 superiorem

535 3827 756 3866 omnem
785 3810 1160 3866 narrationem
1196 3809 1415 3866 abunde
1444 3809 1873 3881 instituerimus,
1904 3812 1973 3868 ab
2025 3814 2143 3869 hoc'

536 3903 606 3961 ad
637 3903 774 3959 alias
801 3902 1040 3960 haereses
1068 3901 1448 3958 transibimus.

869 4014 1247 4072 ADVERSUS
1301 4013 1771 4073 SEHIARIANOS
1788 4058 1804 4083 ,

747 4131 880 4199 Qua:
908 4141 988 4188 est
1037 4130 1255 4188 lucresis
1283 4128 1455 4197 LIII,
1496 4129 1604 4186 sive
1635 4128 1912 4185 LXXIII.

605 4243 648 4302 Ι.
680 4242 1065 4314 Posteaquam,
1108 4240 1416 4313 opitulante
1466 4238 1600 4305 Deo,
1648 4239 1789 4307 Arii,
1820 4255 2125 4312 eorumque

535 4334 631 4404 qui
660 4333 792 4389 Ario
817 4336 1230 4393 successerunt,
1291 4330 1532 4386 infelicia
1562 4332 1818 4403 dogmata
1867 4330 2123 4402 perrupi-

535 4439 682 4488 mns,
713 4423 768 4477 in
790 4421 1096 4494 primisque
1147 4418 1399 4488 Photini;
1447 4421 1542 4475 sed
1591 4428 1646 4477 et
1672 4419 1913 4478 Marcelli
1940 4421 2125 4492 priora

534 4516 628 4571 illa
657 4514 1059 4580 discussimus,
1088 4515 1146 4570 in
1174 4515 1375 4586 quibus
1406 4514 1658 4571 nonnihil
1691 4513 1931 4570 titubare
1972 4514 2122 4569 visus

532 4616 638 4675 est,
669 4622 900 4680 quaeque
922 4607 1080 4664 lnitio
1106 4607 1334 4678 perinde
1359 4615 1525 4678 atque
1545 4608 1812 4664 ebrietate
1836 4615 2124 4678 correptus

532 4700 795 4757 evomuit.
829 4699 1037 4772 (Atque
1071 4700 1279 4756 utinam
1317 4700 1466 4756 illius
1496 4710 1821 4764 sectatores,
1850 4701 2121 4771 siquidem

534 4793 651 4849 ﬁeri
677 4802 876 4861 potest,
904 4790 1326 4876 emendentur!)
1351 4790 1430 4847 Ad
1457 4791 1574 4847 haec
1597 4806 1722 4846 cum
1745 4790 1910 4865 845
1931 4798 2122 4847 exorta

534 4886 606 4941 ab
635 4886 867 4957 ipsomet
903 4885 1035 4942 Ario
1064 4884 1276 4941 zizania
1303 4884 1489 4951 verbo,
1541 4884 1688 4955 quod
1722 4894 1808 4940 est
1838 4885 1988 4939 omni
2017 4886 2127 4956 gla-

534 4978 628 5033 dio
662 4978 890 5048 ancipiti
921 4979 1319 5049 penetrabilius
1360 4981 1402 5045 ',
1438 4977 1829 5043 exciderimns,
1868 4978 2122 5033 conside-

535 5069 769 5125 randum
828 5071 990 5125 modo
1040 5072 1202 5127 nobis
1256 5080 1362 5134 est.
1398 5069 1901 5142 quemadmodum,
1935 5071 2119 5141 pullu-

536 5163 686 5217 lante
714 5161 856 5216 mala
908 5162 1001 5216 illa
1044 5164 1162 5218 Arii
1200 5163 1577 5228 fruticatioue,
1607 5179 1784 5236 genus
1844 5164 2119 5235 quoddam

534 5253 1033 5319 cmerseritsectaa,
1067 5269 1231 5323 quam
1263 5255 1734 5310 Semiarianorum
1760 5263 1974 5311 vocant.
2014 5253 2120 5321 Qui

534 5349 753 5417 quidem
781 5346 906 5400 licet
934 5345 1083 5401 illius
1132 5360 1330 5401 nomen
1356 5347 1593 5417 ejurent,
1628 5347 1884 5403 eumdem
1938 5347 2119 5419 ipsum

535 5450 738 5506 tamen,
773 5454 838 5494 ac
867 5439 1195 5495 sceleratam
1232 5438 1378 5494 illius
1416 5439 1729 5509 opinionem
1766 5440 2027 5507 induunt,
2068 5451 2123 5497 et

535 5535 793 5587 ementita
822 5532 1059 5602 quadam
1094 5531 1297 5601 specie,
1328 5545 1393 5585 ac
1424 5532 1575 5585 larva
1616 5533 1809 5586 faciem
1834 5547 1988 5587 suam
2023 5533 2121 5589 oh-

537 5621 765 5688 ducunt,
794 5640 858 5678 ac
880 5624 1255 5679 dissimulant.
1307 5624 1631 5694 Cujusmodi
1691 5624 2023 5682 histrionum
2063 5627 2119 5681 in

539 5710 765 5771 theatris
801 5733 924 5771 esse
953 5719 1241 5773 consuevit
1278 5718 1423 5771 actio
1459 5735 1472 5772 :
1504 5716 1600 5785 qui
1634 5718 1736 5772 sub
1765 5718 1958 5775 alienis
2000 5720 2117 5774 vul-

617 5859 814 5922 ’chr.
850 5884 928 5933 Iv,
967 5867 1053 5924 12.
1128 5872 1148 5905 ²
1192 5870 1251 5927 F.
1292 5868 1773 5939 ὲπιπλασσόμενοι.

2229 3342 2465 3396 νοεῖσθαι
2491 3344 2549 3396 ὲν
2570 3342 2847 3397 καλλίοσιν
2873 3341 3162 3413 ὑπάρχειν,
3193 3341 3289 3395 καὶ
3310 3341 3377 3412 δὴ
3394 3341 3535 3396 οὕτω
3556 3335 3774 3408 τετάχθω.

2229 3432 2296 3486 El
2323 3432 2381 3487 δὲ
2405 3432 2500 3487 καὶ
2524 3434 2707 3487 ἐκεῖσε
2740 3432 2906 3490 πάλιν
2928 3432 3018 3487 διὰ
3045 3436 3145 3505 τῆς
3175 3434 3235 3487 ὲν
3270 3435 3413 3505 αὐτῇ
3451 3434 3516 3505 τῇ
3557 3427 3777 3497 ἀπολογίᾳ

2227 3524 2484 3596 διαλογῆς
2516 3524 2781 3595 ἔσφαλται
2811 3542 2934 3579 τινα
2964 3524 3034 3579 τὸ.
3059 3525 3161 3579 οὐκ
3186 3524 3324 3597 ὀρθὰ
3350 3524 3671 3597 ὑπάρχοντα,
3691 3517 3775 3572 πά·

2226 3616 2315 3671 λιν
2361 3617 2627 3682 ὡσαύτως
2651 3620 2766 3683 τοῖς
2809 3618 3137 3689 φιλομαθέσι
3162 3618 3432 3689 τετάχθω.
3479 3617 3561 3680 Ὠς
3587 3611 3668 3669 οὖν
3690 3611 3777 3664 τῶν

2229 3708 2644 3781 προειρημένων
2667 3709 2884 3763 πάντων
2903 3709 3003 3780 τὴν
3024 3708 3304 3780 ὑφήγησιν
3326 3707 3658 3781 διεξήλθομεν
3676 3702 3775 3772 περὶ

2235 3799 2330 3854 τοῦ
2364 3799 2535 3853 αὐτοῦ
2567 3799 2925 3872 Μαρκέλλου,
2979 3798 3397 3872 παρελεύσομαι
3449 3798 3542 3853 καὶ
3596 3793 3773 3853 τοῦτον.

2231 3893 2328 3947 καὶ
2363 3892 2488 3967 [είς]
2517 3892 2617 3957 τὰς
2650 3893 2777 3964 ἑξῆς
2805 3892 3272 3969 διασκοπησομαι.

2716 4026 2908 4081 ΚΑΤΑ
2935 4026 3351 4094 HMIAPEION,

2219 4140 2459 4209 Αἵρεσις
2474 4139 2858 4211 πεντηκοστὴ
2875 4140 3065 4210 τρίτη,
3088 4138 3127 4209 ἢ
3149 4138 3246 4194 καὶ
3266 4135 3606 4207 έπτακοστὴ
3622 4135 3768 4205 τρίτη·

2297 4253 2377 4305 A'.
2396 4252 2484 4308 Ἑν
2503 4255 2571 4325 τῇ
2596 4250 2690 4305 τοῦ
2721 4251 2858 4306 Θεοῦ
2877 4252 3109 4326 δυνάμει
3128 4252 3222 4308 τοῦ
3265 4251 3477 4326 ’Ἀρείου
3505 4250 3571 4305 τὰ
3595 4245 3772 4320 σχέτλια

2226 4342 2623 4415 διαρρήξαντες
2651 4345 2879 4399 καὶτῶν
2911 4348 3031 4417 μετ’
3061 4346 3248 4415 αὐτὸν,
3275 4342 3541 4400 Φωτεινοῦ
3568 4341 3622 4396 τέ
3642 4353 3768 4410 φημι,

2227 4433 2364 4488 ἀλλὰ
2392 4435 2487 4488 καὶ
2515 4435 2878 4507 Μαρκέλλου,
2925 4439 2985 4491 δν
3027 4427 3073 4505 ᾧ
3111 4434 3277 4506 ὀλίγῳ
3314 4431 3462 4501 εδοξε
3504 4442 3770 4504 παρασεση-

2227 4524 2475 4591 λεῦσθαι,
2500 4527 2538 4582 ἃ.
2573 4527 2633 4595 ἐξ
2658 4529 2913 4601 ὑπαρχῆς
2937 4526 3229 4600 ἐξήμεσεν,
3258 4527 3337 4593 ὡς
3362 4529 3420 4582 ἒν
3452 4525 3583 4599 μέθῃ
3605 4526 3631 4577 ὁ
3661 4518 3769 4589 ἀνὴρ

2202 4618 2568 4690 ’προληφθοίς
2598 4620 2833 4690 (γένοιτο
2880 4621 2939 4676 δὲ
2962 4622 3091 4686 τοὺς
3120 4619 3286 4675 αὐτοῦ
3344 4619 3709 4692 διορθωθῆναι.
3732 4609 3772 4662 εἴ

2225 4722 2290 4779 γε
2315 4707 2693 4781 διορθώσοιντο
2711 4713 2724 4765 l
2802 4711 2939 4766 ἀλλὰ
2959 4711 3182 4768 καὶτῶν
3206 4712 3266 4778 ἐξ
3288 4712 3451 4766 αὐτοῦ
3471 4706 3567 4764 τοῦ
3585 4703 3766 4777 ’Ἀρείου

2229 4802 2612 4873 γεγενημένων
2635 4808 2704 4857 τὰ
2733 4802 2951 4868 ζιζάνια
2976 4802 3068 4858 διὰ
3085 4803 3179 4858 τοῦ
3211 4803 3355 4857 θείου
3376 4803 3531 4871 λόγου
3551 4798 3636 4852 τοῦ
3656 4792 3765 4861 ὑπὲρ

2230 4894 2416 4947 πᾶσαν
2449 4893 2727 4965 μάχαιραν
2750 4895 3003 4966 δίστομον
3024 4895 3337 4965 τομωτὲρου
3371 4892 3672 4964 ἐκτεμόντες
3687 4884 3764 4956 τῆς

2230 4982 2293 5050 ἐξ
2325 4984 2490 5038 αὐτοῦ
2530 4986 2624 5038 τοῦ
2659 4987 2869 5057 Ἀρείου
2904 4987 3135 5059 φυείσης
3168 4987 3484 5060 ύλομανίας,
3510 4975 3765 5043 διασκοπή·

2238 5091 2423 5144 σωμεν
2457 5075 2576 5140 πῶς
2610 5094 2758 5142 τινες
2815 5078 3264 5151 Ἠμιαρείζουσιν
3289 5116 3307 5145 ,
3355 5076 3556 5132 ἐκείνου
3599 5070 3684 5143 μὲν
3717 5065 3764 5119 τὸ

2224 5164 2397 5236 ὄνομα
2429 5166 2786 5237 ἀρνούμενοι,
2822 5170 2988 5223 αὐτὸν
3020 5170 3078 5223 δὲ
3117 5172 3213 5224 καὶ
3238 5170 3336 5241 τὴν
3370 5168 3529 5223 αὐτοῦ
3568 5159 3758 5218 κακοδο-

2228 5256 2349 5322 ξίαν
2381 5257 2745 5330 ἐνδεδυμένοι,
2773 5263 3129 5334 προσχήματί
3160 5280 3265 5317 τινι
3294 5255 3650 5335 προσποιητῶς
3672 5252 3762 5302 ἐπι·

2226 5351 2557 5424 ςτλαιῖόμενοι
2581 5354 2602 5384 ¹
2637 5357 2852 5420 ἑαυτοῖς
2882 5356 2944 5410 τὸ
2978 5347 3271 5428 πρόσωπον
3299 5351 3665 5427 ἠλλοιωμένον·
3698 5340 3759 5400 ὡς

2225 5448 2265 5516 ἦ
2291 5446 2400 5499 τῶν
2430 5447 2525 5499 ἐπὶ
2566 5450 2770 5520 σκηνῆς
2812 5450 3122 5504 πέπλασται
3179 5445 3613 5521 δραματουργία,
3643 5435 3757 5489 ὥστε

2227 5540 2598 5610 προσωπείοις
2622 5542 2834 5614 ἑτέροις
2855 5543 2955 5607 τὰς
2980 5544 3190 5598 ἑαυτῶν
3217 5544 3366 5615 ὄψεις
3411 5534 3752 5608 ἐπικρύπτειν,

2227 5632 2321 5684 καὶ
2364 5631 2576 5687 ἔνδοθεν
2612 5635 2709 5688 τοῦ
2748 5635 3047 5707 προσώπου
3073 5637 3142 5691 τὰ
3166 5635 3268 5707 τῆς
3289 5630 3564 5705 κωμῳδίαι
3588 5615 3750 5690 ataui

2224 5740 2283 5776 τε
2311 5725 2405 5778 καὶ
2432 5725 2603 5797 μέθης
2638 5727 2852 5798 ἔμπλεα
2871 5730 3199 5801 διηγεῖσθαι,
3229 5730 3262 5801 ἢ
3291 5726 3461 5791 ἄλλως
3490 5719 3747 5793 φερόμεναι

2161 4594 2200 4645 υ
