3988 6404
273 389 340 424 w
352 382 370 422 Ι

909 366 1276 423 ADVERSUS
1316 367 1662 422 HjEllESES
1701 367 1827 423 LIB.
1863 369 1948 423 lll.
1995 369 2158 425 TUM.
2201 371 2238 424 1.
2281 402 2349 409 ——
2391 370 2663 426 llx’EllliS.
2711 370 2938 428 LXXIII.

3439 377 3544 426 40⁸2

269 495 303 562 ἢ
341 491 872 563 πχηματοποιοῦντες
901 489 1009 542 τῶν
1045 489 1292 542 παλαιῶν
1315 491 1447 552 τοὺς
1490 489 1714 559 μύθους,
1747 490 1858 542 τῶν

1978 490 2116 543 .ihns
2149 490 2550 554 delitescentes,
2585 508 2646 544 ac
2686 494 2988 560 personati,
3015 508 3134 559 qua:
3168 492 3219 544 in
3261 493 3547 546 culnmdiis

270 585 403 655 παρ’
431 586 618 647 αὐτοῖς
649 583 885 654 ποιητῶν
914 581 1075 634 τοῦτο
1105 580 1518 653 ἐργασαμένων.
1569 579 1725 633 Οὕτω
1765 580 1861 632 καὶ

267 669 443 738 οὗτοι,
473 675 681 745 πλανᾷν
717 673 990 736 ἐθέλοντες
1035 673 1164 735 τοὺς
1212 673 1532 742 ἀκεραίους,
1567 672 1722 724 αὐτοὶ
1761 671 1859 740 μέν

269 767 385 818 εἰσι
417 767 515 818 καὶ
547 764 626 836 τῷ
663 763 960 835 προσώπῳ,
994 763 1088 816 καὶ
1118 762 1194 833 τῷ
1225 761 1366 832 ἡθει,
1401 762 1496 814 καὶ
1532 764 1597 831 τῇ
1634 761 1858 813 κακοδο-

273 858 370 927 ξίᾳ
405 857 568 929 ὁποίᾳ
601 858 818 927 ’Ἄρειος
847 857 941 909 καὶ
983 855 1423 925 Ἀρειομανίται’
1461 852 1620 922 δῆθεν
1665 851 1722 904 δὲ
1772 852 1866 904 καὶ

271 950 572 1013 κολακείας
601 949 764 1002 ἕνεκα
795 947 1080 1018 ἀπατηλῆς
1122 947 1220 1016 τὴν
1252 946 1381 1016 παρ’
1405 945 1637 1008 ἐκείνοις
1675 943 1866 1013 ὁμολο-

261 1042 555 1112 γουμένην
621 1039 1004 1109 ἐνδιάστροφον
1068 1035 1418 1089 διδασκαλίαν
1494 1035 1862 1104 κατακοσμεῖν

277 1119 578 1195 ἐθέλοντες,
611 1132 817 1202 κτίσμα
845 1130 942 1200 μὲν
965 1127 1056 1182 τὸν
1086 1128 1212 1180 Υἱὸν
1240 1126 1332 1179 τοῦ
1362 1125 1499 1179 Θεοῦ
1534 1143 1704 1194 φασιν
1724 1139 1738 1151 ⁸
1778 1125 1866 1178 ἵνα

275 1226 331 1278 δὲ
363 1222 524 1293 δῆθεν
555 1223 900 1292 ἁπατήσωσι,
934 1219 1029 1272 καὶ
1051 1217 1128 1289 τῷ
1161 1217 1274 1287 Υἱῷ
1316 1216 1414 1269 τοῦ
1441 1215 1576 1268 Θεοῦ
1616 1233 1668 1268 τι
1702 1215 1863 1286 χαρί-

273 1332 508 1378 σωνται,
567 1312 704 1384 μετὰ
758 1310 1000 1373 θωπείας
1043 1312 1155 1372 τοῖς
1197 1307 1305 1360 ἀπὸ
1336 1307 1429 1358 τοῦ
1468 1305 1630 1374 λόγου
1665 1305 1857 1358 τούτου

271 1403 610 1475 πυρομένοις
633 1405 647 1434 ¹
677 1399 1005 1472 ἁγυρτωδῶς
1043 1397 1410 1466 ἐπιλέγουσιν,
1460 1396 1544 1448 ὅτι
1583 1415 1600 1447 ι
1636 1395 1710 1448 Dii
1743 1412 1850 1464 φα-

275 1511 386 1564 μεν
430 1492 634 1563 κτίσμα
659 1493 736 1555 ὡς
779 1491 836 1544 ’ἐν
878 1491 986 1543 τῶν
1012 1489 1346 1560 κτισμάτων,
1371 1487 1494 1541 οὔτε
1525 1487 1770 1558 γέννημα
1791 1487 1866 1551 ὡς

271 1585 336 1640 ἓν
379 1584 487 1659 τῶν
509 1584 882 1653 γεννημάτων.
929 1600 946 1630 ι

1961 581 2300 651 turpissima,
2335 590 2388 634 ct
2409 583 2690 637 ebrietatis
2715 584 2871 651 plena
2907 584 3257 636 continentur
3283 623 3296 645 ,
3334 582 3540 637 edissc~

1965 680 2127 724 runt:
2160 673 2275 727 sive
2309 680 2552 727 veterum
2593 683 2878 742 poetarum
2919 674 3130 727 fabulas
3160 683 3315 744 gestu
3347 673 3466 741 ipso
3493 681 3547 725 et

1963 763 2398 820 conformatione
2431 767 2681 836 corporis
2709 765 3040 834 exprimant.
3086 767 3176 819 Sic
3209 774 3262 818 et
3291 767 3380 820 isti
3411 769 3545 819 sim-

1967 855 2287 925 plicioribus
2329 856 2558 910 illudere
2589 857 2894 936 cupientes,
2919 872 3041 909 cum
3081 865 3135 910 et
3167 857 3316 910 vultu
3350 858 3468 925 ipso
3491 863 3546 908 et

1969 946 2233 1010 moribus,
2258 955 2312 1001 et
2341 948 2506 1017 impio
2533 947 2786 1016 dogmate
2824 947 2892 1001 ab
2920 947 3050 999 Ario
3085 946 3410 1014 Arianisque
3434 962 3542 999 non

1963 1037 2235 1103 dilTerant,
2279 1038 2635 1093 nihilominus
2674 1038 2912 1109 quodam
2950 1037 3280 1092 adulationis
3315 1037 3545 1091 artilicio

1964 1127 2387 1196 perditissimam
2419 1130 2660 1182 omnium
2692 1128 3040 1184 confessione
3094 1129 3308 1182 illormn
3345 1126 3540 1182 doctri-

1965 1234 2089 1272 nam
2119 1219 2302 1274 fucare
2323 1235 2386 1273 ac
2414 1219 2766 1275 dissimulare
2784 1223 3090 1290 cupientes,
3127 1223 3198 1274 ita
3225 1220 3315 1274 Dei
3347 1219 3542 1272 Filium

1962 1319 2268 1363 creaturam
2322 1327 2444 1365 esse
2493 1311 2772 1375 dictitant,
2827 1329 2938 1382 quo
2984 1313 3200 1368 facilius
3247 1313 3541 1381 decipiant,

1964 1414 2029 1454 ac
2062 1400 2314 1455 videlicet
2338 1401 2428 1458 Dei
2459 1400 2596 1456 Filio
2621 1403 3015 1471 gratificentur,
3068 1405 3113 1458 si
3146 1419 3284 1474 quos
3310 1403 3545 1457 viderint

1965 1492 2036 1544 ob
2064 1491 2333 1562 ejusmodi
2353 1510 2636 1550 sermones
2655 1497 2957 1558 exturbari,
2981 1496 3542 1550 circumforancorum
3565 1532 3568 1536 ι

1968 1597 2121 1636 more
2179 1585 2364 1638 statim
2417 1585 2745 1641 blandiendo
2794 1586 3543 1656 subjiciantuNonperimle

272 1691 588 1738 creaturam
621 1681 772 1734 illum
807 1678 1061 1741 facimus,
1131 1692 1195 1733 ac
1249 1683 1572 1732 czeterarum
1634 1675 1916 1746 aliquam;
1956 1695 2132 1750 neque
2177 1680 2346 1736 fetum
2391 1663 2717 1738 caaierorum
2772 1684 2948 1740 instar
2988 1685 3194 1741 fetuum
3239 1699 3362 1740 esse
3404 1683 3543 1739 dici-

274 1795 424 1834 IDUS.
459 1798 480 1831 ι

345 1873 422 1925 Τὸ
469 1871 547 1935 δὲ,
579 1870 921 1940 ὀιιοοὺσιον,
954 1867 1156 1920 τέλειον
1203 1865 1554 1930 ἐκϐἆλλουσι,
1585 1865 1746 1935 δῆθεν
1790 1866 1939 1932 ὼςοθ

271 1963 556 2033 ἀλλότριον
599 1960 657 2014 ὃν
687 1962 784 2030 τῆς
817 1958 967 2021 Θείας
1016 1958 1260 2029 Γραφῆς.
1312 1957 1450 2027 Περὶ
1483 1957 1540 2010 δὲ
1571 1956 1774 2010 τούτων
1807 1957 1865 2009 ὲν

269 2055 342 2125 τῇ
386 2053 528 2106 κατὰ
575 2054 791 2122 Ἀρειον
821 2050 1096 2122 ἁκρὸτατα
1129 2047 1508 2120 διελέχθημεν.
1542 2047 1658 2105 ἰνα
1683 2047 1740 2100 δὲ
1772 2047 1866 2100 καὶ

269 2148 462 2217 ὅμοιον
489 2143 660 2214 τούτῳ
695 2143 848 2214 ῥῆμα
877 2141 1286 2214 προϐάλλοιντο,
1317 2143 1365 2193 οί
1402 2159 1466 2194 πε
1478 2141 1529 2212 ρ“ι
1559 2141 1864 2204 Βασίλειον,

274 2236 446 2305 φημὶ,
491 2234 582 2286 καὶ
628 2230 924 2302 Γεώργιον,
973 2231 1069 2284 καὶ⁹
1111 2231 1213 2300 τῆς
1267 2231 1600 2301 Ἢμιαρείων
1661 2231 1866 2302 ταύτης

272 2326 378 2395 τῆς
405 2325 668 2394 αἱρέσεως
705 2321 1008 2392 προστάται
1041 2321 1240 2391 φασίνο
1286 2322 1360 2375 Οὐ
1401 2321 1635 2392 λέγομεν
1675 2323 1869 2392 ὁμοού-

275 2435 415 2480 σιον,
461 2415 595 2470 ἀλλὰ
632 2412 961 2485 ὁμοιούσιον.
1016 2409 1195 2476 Ἷισαν
1247 2415 1304 2469 δὲ
1334 2407 1479 2468 οῦτοι
1526 2416 1572 2468 οἱ
1624 2415 1733 2470 ἀπὸ
1769 2415 1869 2485 τῆς

281 2507 506 2561 συνόδου
554 2504 910 2576 διαιρεθέντες
937 2504 1108 2575 αὐτῆς
1150 2505 1250 2576 τῆς
1291 2499 1746 2577 Ἀρειομανίτιδος
1785 2509 1869 2560 αί-

279 2599 492 2671 ρέσεως
516 2611 529 2624 ·
573 2598 600 2650 ὁ
630 2595 790 2659 αὐτὸς
813 2595 1092 2659 Βασίλειος
1130 2596 1445 2667 ’Λγκυρῖνος
1466 2597 1671 2650 τούτων
1699 2599 1870 2668 ἀρχη-

275 2692 398 2760 γὸς,
444 2691 535 2744 καὶ
583 2689 853 2760 Γεώργιος
894 2691 922 2742 ὁ
954 2687 1272 2752 Λαοδικείας
1300 2683 1324 2719 ί
1348 2690 1445 2760 τῆς
1493 2689 1629 2760 πρὸς
1667 2689 1870 2743 Ἀντιό-

279 2800 438 2854 χειαν
473 2783 583 2852 (59)
619 2783 854 2852 Δάφνης,
892 2782 1062 2851 ἤγουν
1090 2781 1291 2852 Κοίλης
1331 2782 1552 2854 Συρίας.
1588 2784 1654 2835 Οί
1684 2782 1739 2835 δὲ
1768 2782 1869 2835 αὑ-

281 2877 371 2930 τοὶ
399 2877 492 2930 καὶ
522 2877 652 2948 περὶ
688 2874 784 2927 τοῦ
827 2874 984 2942 ἁγίου
1026 2875 1166 2926 IIsz
1177 2892 1344 2945 ματος
1375 2874 1506 2938 ἴσως
1547 2876 1660 2938 τοῖς
1704 2877 1871 2929 Πνευ-

191 3041 194 3044 γ
281 2967 623 3038 ματομάχοις
680 2966 818 3020 εἰσὶν
877 2963 1113 3035 ἔχοντες.
1176 2965 1373 3018 Οὐκέτι
1431 2965 1542 3038 γὰρ
1599 2965 1674 3028 ὠς
1734 2965 1893 3041 μετὰ·

279 3060 649 3129 δυσωπήσεως
669 3099 683 3122 ,
731 3055 792 3128 ἢ¹
813 3060 952 3128 μετά
981 3074 1127 3122 τινος
1178 3055 1530 3111 διστακτικοῦ
1575 3057 1733 3126 λόγου
1756 3099 1770 3122 ,
1797 3057 1872 3120 ὡς

280 3152 414 3222 περὶ
448 3151 538 3204 τοῦ
576 3150 704 3205 Υίοῦ
728 3191 742 3216 ,
788 3150 1170 3221 αἰσχυνόμενοι
1202 3150 1408 3203 τέλειον
1458 3150 1665 3221 κτίσμα
1709 3151 1870 3204 αὑτὸν

2039 1864 2155 1920 Jam
2209 1869 2676 1930 consubstantialis
2718 1886 2905 1927 vocem
2933 1913 2946 1937 ,
2993 1881 3250 1944 tanquam
3297 1890 3327 1928 a
3373 1879 3547 1933 sacris

1969 1957 2193 2014 Litteris
2227 1961 2482 2026 alienam,
2516 1963 2749 2034 'penitus
2792 1965 3274 2036 explodunt.-.Sed
3324 1967 3392 2023 de
3439 1970 3548 2036 his,

1968 2066 2094 2104 cum
2125 2051 2390 2107 adversus
2421 2051 2610 2108 Arium
2646 2069 2931 2125 ageremus
2951 2096 2964 2120 ,
2993 2059 3402 2116 accuratissime
3431 2061 3546 2116 dis-

1970 2142 2301 2210 putavimus.
2343 2142 2633 2210 Cazterum,
2679 2155 2739 2200 ut
2783 2147 2929 2202 aliud
2962 2149 3106 2205 illius
3142 2150 3320 2206 simile
3351 2168 3548 2207 mnncn

1969 2233 2267 2301 obiiciant,
2310 2233 2544 2291 Basilius
2589 2237 2890 2307 inprimis,
2927 2253 2991 2293 ac
3023 2237 3319 2310 Georgius,
3368 2241 3545 2296 Semi-

1971 2324 2282 2379 arianorum
2317 2326 2478 2383 istius
2499 2337 2661 2383 secta:
2695 2330 2992 2401 principes,
3023 2331 3242 2400 Filium,
3273 2335 3546 2404 inquiunt.

1973 2430 2081 2486 non
2115 2416 2538 2486 ὀμοούσιον,1ιοο
2560 2427 2664 2483 est,
2711 2421 3231 2489 consubstantialem,
3277 2426 3368 2480 sed
3390 2429 3546 2496 ὁμοιο

1971 2505 2172 2572 ούσιον,
2219 2509 2321 2564 hoc
2356 2521 2468 2575 est,
2510 2513 2673 2566 simili
2708 2499 3008 2568 substantia
3045 2517 3358 2584 prwditum,
3393 2533 3547 2573 asse-

1973 2599 2165 2655 rimus.
2201 2603 2374 2672 Atque
2400 2602 2454 2656 hi
2485 2603 2702 2660 demum
2741 2603 2979 2671 fuerunt,
3007 2607 3098 2678 qui
3131 2617 3252 2675 post
3279 2609 3548 2679 synodum

1974 2691 2044 2744 ab
2083 2691 2274 2746 insana
2303 2693 2628 2749 Arianorum
2661 2697 2894 2752 factione
2923 2698 3158 2767 separati
3203 2707 3332 2753 sunt
3360 2719 3372 2754 :
3407 2682 3547 2770 quo;

1973 2798 2092 2836 rum
2138 2783 2245 2837 dux
2310 2783 2545 2841 Basilius
2601 2786 2925 2859 Ancyranus
2969 2791 3212 2850 exstitit.
3270 2807 3378 2844 una
3423 2809 3549 2846 cum

1974 2873 2208 2946 Georgio
2243 2876 2547 2946 Laodiceae,
2585 2889 2638 2934 et
2665 2879 2917 2950 Daphnes
2945 2878 3015 2933 ad
3048 2881 3412 2947 Antiochiam,
3446 2883 3551 2936 hoc

1973 2975 2057 3022 est
2095 2967 2425 3039 Coalesyriaz.
2470 2969 2634 3027 lidem
2675 2980 2731 3028 et
2778 2972 2845 3027 de
2881 2971 3086 3043 Spiritu
3139 2981 3333 3029 sancto
3364 2975 3550 3030 eadem

1973 3072 2098 3111 cum
2130 3058 2278 3116 illius
2307 3064 2776 3132 oppugnatoribus
2811 3073 3012 3121 tenent.
3047 3065 3234 3137 Neque
3272 3083 3402 3122 vero
3437 3077 3550 3123 ter—

1975 3150 2320 3219 giversando,
2348 3161 2442 3208 aut
2477 3153 2814 3222 hzesitando,
2853 3157 3310 3228 quemadmodum
3360 3159 3413 3213 in
3460 3158 3552 3214 Fi-

282 3242 481 3304 είπεῖν,
510 3242 646 3312 ὅπερ
673 3242 768 3293 καὶ
804 3239 977 3304 οὕτως
1022 3240 1206 3311 έχουσι
1229 3257 1241 3269 '
1275 3239 1364 3293 διὰ
1395 3240 1452 3293 δὲ
1491 3241 1582 3294 τὸν
1609 3242 1745 3312 πρὸς
1779 3243 1871 3294 ἀν-

1978 3242 2082 3306 Iio;
2107 3259 2268 3312 quem
2300 3261 2423 3298 cum
2455 3248 2703 3303 absolute
2725 3257 3032 3305 creaturam
3057 3253 3414 3320 pronuntiare
3445 3268 3553 3307 non

282 3329 535 3404 θρώπους
574 3333 739 3401 φόϐον
790 3331 1111 3403 ἐπιφέρουσι
1163 3332 1225 3385 τὸ
1275 3330 1604 3402 ὁμοιούσιον,
1662 3333 1758 3385 καὶ
1801 3333 1866 3386 τὸ

290 3421 501 3492 κτίσμα
527 3422 602 3486 ὡς
636 3423 655 3454 ³
686 3421 745 3475 ἓν
773 3423 880 3476 τῶν
931 3423 1268 3492 κτισμάτων.
1311 3421 1446 3494 Περὶ
1478 3421 1536 3474 δὲ
1573 3421 1667 3474 τοῦ
1713 3422 1870 3490 ἁγίου

287 3513 606 3583 Πνεύματος
625 3555 639 3577 ,
665 3513 740 3577 ὡς
770 3513 930 3584 ἔφην,
961 3515 1022 3567 οὐ
1053 3513 1381 3576 διστατικῶς
1407 3512 1685 3583 ὁρμῶνται
1705 3554 1720 3575 ,
1755 3513 1870 3566 ἀλλ’

283 3605 367 3669 ὡς
393 3605 732 3676 λυσσητῆρες
762 3604 954 3671 κυνες,
984 3605 1220 3674 ἀφειδῶς
1249 3605 1458 3676 κτίσμα
1497 3604 1629 3659 αὐτὸ
1668 3605 1874 3658 παντά-

284 3712 459 3748 πασιν
480 3695 770 3765 ὁρίζονται,
806 3695 900 3748 καὶ
920 3694 1093 3759 οὕτως
1118 3693 1578 3760 διαϐεϐαιοῦνται,
1609 3695 1702 3748 καὶ
1722 3694 1876 3747 ἀλλόο

285 3803 440 3859 τριον
466 3786 678 3858 Πατρδς
712 3787 804 3840 καὶ
830 3786 962 3840 Υίοῦ
998 3787 1260 3857 ὑπάρχον.
1286 3788 1395 3840 Καὶ
1419 3787 1505 3840 ἵνα
1531 3789 1605 3858 μή
1633 3805 1716 3850 τις
1735 3786 1877 3839 εἴποι

287 3876 436 3932 κατὰ
462 3878 854 3946 συκοφάντησιν
887 3877 1028 3931 κατά
1055 3894 1213 3930 τινων
1233 3877 1384 3947 ἡμᾶς
1407 3877 1610 3944 λέγειν,
1644 3875 1878 3930 ἐνταῦθα

291 3968 684 4040 παραθήσομαι
724 3969 800 4032 ὡς
827 3968 1065 4039 ἔγραψεν
1089 3967 1321 4032 ἕκαστος
1349 3969 1530 4022 αὐτῶν
1562 3966 1878 4038 επιστολὴν,

404 4083 420 4112 ¹
455 4099 557 4166 χρ.
606 4083 985 4154 πειρωμένοις.
1039 4081 1184 4152 Lego
1238 4082 1618 4155 πτυρομένοις,
1681 4083 1766 4137 vel
1822 4086 2204 4156 πυρουμένοις.

289 4152 395 4222 οὐχ
439 4152 534 4214 ὼς.

377 4271 488 4340 (59)
528 4273 637 4325 Kal
667 4273 1008 4342 Γεώργιοςὸ
1041 4272 1390 4337 Λαοδικείας
1421 4272 1530 4341 τῆς
1554 4273 1704 4341 πρὸς
1752 4274 1880 4328 Ἀν-

298 4344 584 4409 τιόχειαν.
640 4343 794 4397 llnnc
861 4346 1039 4396 locum
1082 4344 1352 4413 integrum
1394 4358 1502 4413 non
1550 4358 1672 4398 esse
1698 4345 1880 4413 suspi—

299 4413 638 4483 i-arialiquis
671 4414 882 4482 possit;
925 4427 1046 4483 nam
1080 4411 1351 4468 Laodicea
1403 4411 1574 4483 Syria:
1629 4413 1760 4465 nihil
1798 4411 1876 4467 ad

302 4481 566 4551 Daphnen
611 4484 885 4574 ‘pertipe‘t.’
931 4482 1224 4574 AntiocLhia
1269 4481 1670 4574 por.ro:Syri:el
1714 4492 1879 4574 caput
1913 4519 1956 4574 Β

300 4561 665 4621 cognmnento
697 4555 791 4605 ἐπὶ
820 4553 1057 4621 Δάφνης,
1085 4555 1153 4606 ab
1181 4552 1555 4607 ammnissimo
1583 4552 1874 4612 suburbio,

301 4620 564 4691 aALatinis
580 4624 740 4676 etiam
765 4620 1117 4690 Epidaphnes,
1137 4623 1275 4691 apud
1299 4621 1440 4675 Plin.
1467 4622 1558 4674 lib.
1578 4639 1629 4679 v.
1648 4638 1770 4688 cap.
1785 4623 1877 4678 25·

312 4689 532 4745 l‘acitus
589 4693 681 4747 lib.
742 4706 776 4745 ιι
865 4689 1006 4744 Ann.
1077 4693 1145 4744 ait
1170 4689 1193 4744 Ξ
1227 4691 1536 4745 Germanico
1572 4692 1872 4758 sepulcrum

307 4762 603 4817 Antiochia:
631 4768 999 4823 constitutum,
1032 4761 1121 4815 ubi
1169 4775 1464 4820 crematus:
1493 4762 1727 4814 tribunal
1755 4761 1883 4829 Epi-

306 4831 552 4899 daphmr,
594 4849 694 4902 quo
746 4834 800 4885 in
833 4832 946 4883 loco
980 4833 1139 4885 vitam
1169 4833 1400 4901 ﬁnierat.
1437 4829 1705 4902 Nimirum
1736 4831 1881 4900 quod

308 4903 403 4973 snt
441 4902 660 4973 Δάφνῃ,
705 4904 787 4973 vel
827 4903 937 4973 ὲπι
966 4902 1182 4970 Δάφνης
1231 4903 1424 4956 crebro
1481 4901 1880 4973 nominaretur,

312 4970 456 5042 uulgi
491 4970 886 5027 consuetudine
919 4972 1140 5032 factum,
1174 4981 1230 5025 ut
1273 4987 1380 5025 una
1410 4985 1542 5042 voce
1585 4971 1883 5042 Ἐπιδὰιρνη

313 5041 539 5110 Daphne
575 5043 688 5111 ipsa
718 5044 996 5096 diceretur
1028 5059 1041 5094 ε
1075 5041 1536 5109 quemadmmlum
1569 5055 1636 5111 εις
1671 5041 1886 5095 duabus

313 5109 450 5181 istis
497 5109 795 5166 Homericis
868 5113 1096 5164 vocibus
1141 5113 1221 5181 εἰν
1268 5111 1550 5181 νἈρίμοις,
1611 5109 1886 5181 Inarimen

313 5179 585 5236 conﬂasse
628 5182 909 5251 Virgilium
940 5179 1680 5251 grammaticisuspicantur.
1708 5180 1888 5247 Quare

315 5266 428 5303 non
451 5248 973 5312 assentior—Orteliu,
1002 5251 1093 5318 qui
1127 5250 1270 5319 apud
1291 5248 1540 5303 Tacitum
1575 5258 1628 5319 et
1654 5249 1885 5305 Plinium

319 5335 421 5386 pro
455 5319 780 5388 Epidaphne,
803 5323 883 5375 vel
913 5318 1246 5388 Epidaphnes
1280 5318 1696 5376 rescribendum
1713 5321 1889 5375 credit

321 5389 534 5446 Latinis
560 5394 808 5454 vocibus,
845 5391 983 5459 apud
1014 5391 1286 5456 Daphnen.
1331 5389 1404 5442 Ex
1438 5390 1506 5444 iis
1535 5391 1730 5445 merito
1755 5407 1889 5445 con-

323 5459 438 5532 jici
470 5472 661 5528 potest,
713 5461 857 5532 apud
909 5461 1273 5532 Epiphanium
1327 5461 1545 5532 inverso
1594 5463 1886 5532 verborum

323 5529 516 5603 ordine
573 5533 646 5603 ita
704 5529 804 5603 legi
857 5529 1038 5603 potius
1085 5538 1360 5603 oportere.
1401 5529 1500 5597 τῆς
1540 5529 1675 5603 πρὸς
1705 5531 1890 5603 Δάφνῃ

332 5599 683 5669 Ἀντιοχείας.
717 5599 879 5670 quam
919 5601 1017 5670 τῆς
1071 5600 1208 5670 πρὸς
1262 5600 1662 5670 ξΑντιοχκΔάφ.
1708 5599 1892 5670 Neque

322 5677 507 5740 tamen
544 5669 826 5740 propterea
858 5669 1177 5739 eXphcatiOr
1225 5669 1314 5722 hic
1353 5669 1666 5740 AipseLlocus
1688 5669 1887 5740 fuerit.

321 5737 686 5803 Quaerendum
717 5743 860 5796 enim
897 5737 1175 5809 prmterea,
1211 5754 1310 5792 CII‘
1349 5737 1616 5792 Laodicea
1648 5739 1746 5807 τῆς
1771 5740 1892 5791 Ἀν-

324 5811 561 5876 τιοχείας
589 5813 910 5880 appelletur.
939 5813 1021 5864 An
1055 5809 1156 5865 huc
1185 5809 1605 5864 existimandum
1629 5818 1713 5863 cst
1733 5851 1747 5875 ,
1780 5812 1885 5864 Λιι-

1973 3331 2236 3396 audeant,
2259 3335 2361 3386 etsi
2412 3333 2463 3388 id
2499 3337 2724 3390 omnino
2756 3338 3030 3404 sentiant,
3064 3338 3420 3394 nihilominus
3455 3341 3552 3393 ho-

1973 3420 2182 3474 minum
2224 3422 2684 3480 existimationem
2745 3427 2938 3493 veriti,
2975 3444 3162 3483 vocem
3211 3430 3356 3482 illam
3398 3433 3551 3498 ὁμοι-

1974 3510 2155 3564 ούσιον
2193 3512 2518 3578 obtrudunt,
2547 3523 2596 3570 et
2635 3525 2943 3574 creaturam
2977 3520 3046 3575 ab
3077 3529 3393 3575 casterarum
3421 3537 3554 3575 con-

1976 3601 2186 3656 ditione
2232 3603 2505 3658 diversam
2553 3623 2675 3663 esse
2717 3609 3020 3674 definiunt,
3064 3626 3188 3664 cum
3237 3610 3304 3666 de
3346 3610 3553 3682 Spiritu

1976 3694 2144 3766 846
2190 3705 2402 3763 sancto,
2441 3699 2684 3769 inquam,
2721 3701 2906 3772 igitur,
2940 3719 3047 3758 non
3085 3703 3270 3758 timide
3313 3718 3376 3758 ac
3413 3703 3554 3757 dilli-

1975 3787 2202 3854 denter,
2257 3790 2350 3844 sed
2403 3791 2721 3847 rabidorum
2768 3810 2964 3848 canum
3007 3811 3158 3851 more
3203 3804 3316 3850 toto
3351 3797 3553 3867 impetu

1979 3875 2232 3962 feruntur
2263 3887 2316 3934 et
2362 3888 2672 3936 creaturam
2724 3897 2848 3937 esse
2899 3883 3018 3938 sine
3051 3884 3159 3938 ulla
3205 3887 3557 3940 cunctatione

1975 3968 2192 4036 docent,
2224 3979 2278 4028 et
2312 3988 2342 4027 a
2393 3972 2579 4038 Patre,
2615 3988 2680 4028 ac
2713 3972 2849 4029 Filio
2895 3975 3208 4032 abalienare
3262 3985 3552 4032 conantur.

2309 4091 2331 4119 ¹
2367 4086 2442 4144 De
2485 4088 2590 4145 hoc
2639 4089 2758 4145 loco
2799 4093 3025 4147 consule
3062 4101 3240 4149 notas.
3346 4093 3370 4126 ³
3398 4093 3557 4149 Addo

1987 4271 2270 4335 tiochiam,
2315 4272 2398 4326 vel
2443 4269 2704 4340 Daphnen
2735 4286 2833 4341 pro
2875 4271 3096 4340 regione
3127 4271 3555 4341 ipsa,_et_C(ele-

1987 4344 2130 4413 syria
2160 4339 2546 4413 nonnunquam
2576 4339 2829 4413 usurpari
2846 4341 2869 4394 ?
2885 4339 3028 4413 quod
3043 4339 3326 4413 sequentia
3343 4339 3559 4413 docent,

1985 4410 2108 4467 cum
2160 4411 2309 4465 addit
2338 4411 2504 4480 ἤγουν
2533 4413 2632 4480 τῆς
2667 4410 2865 4481 Κοίλης
2893 4411 3111 4481 Συρίας.
3151 4411 3554 4481 Daphnensium

1985 4479 2683 4552 quidemComitatensium
2735 4480 2889 4552 inter
2922 4479 3171 4552 legiones
3191 4479 3393 4552 Notitia
3443 4495 3556 4532 me-

1987 4550 2166 4606 minit.
2197 4551 2438 4605 Dicerem
2474 4550 2798 4603 Antiocheni
2824 4551 3059 4619 alicujus
3092 4550 3333 4619 episcopi
3360 4565 3557 4603 nomen

1987 4624 2075 4676 hic
2108 4621 2428 4682 desiderari,
2461 4621 2505 4672 si
2563 4619 2688 4688 quis
2738 4628 3050 4674 occurreret
3091 4621 3556 4688 Semiarianormn

1986 4694 2188 4755 fantur,
2215 4703 2269 4746 et
2292 4689 2518 4760 signifer
2549 4709 2560 4741 :
2588 4687 2902 4758 cujusmodi
2948 4690 3155 4744 nullum
3181 4690 3413 4760 reperio.
3447 4687 3558 4742 lmo

1967 4778 2114 4826 ,vero
2146 4758 2444 4826 Eudoxi'us,
2465 4761 2556 4828 qui
2576 4761 2970 4814 Antiochenam
2989 4761 3170 4815 sedem
3195 4768 3317 4829 post
3346 4758 3556 4813 Leontii

1987 4834 2195 4886 obitum
2226 4832 2535 4900 occupavit,
2570 4830 2775 4892 Basilii,
2809 4846 2873 4884 ac
2899 4830 3112 4894 Geor-aii
3138 4829 3428 4883 Laudiceni
3465 4845 3560 4894 per

1988 4903 2079 4955 illa
2116 4911 2361 4971 tempora
2412 4900 2586 4958 hostis
2637 4901 2938 4971 acerrimus
2967 4901 3105 4971 fuit.
3152 4900 3285 4955 Vide
3338 4900 3559 4971 Suaom.

1989 4973 2083 5025 lih.
2111 4989 2185 5035 tv,
2213 4969 2427 5042 cap.rl2
2455 4978 2508 5042 et
2538 4969 3138 5042 sequentibus._Credat
3163 4971 3327 5040 igitur
3361 4970 3563 5042 aliquis

1989 5043 2058 5096 ab
2098 5039 2397 5111 Epiphanio
2427 5041 2524 5110 τὴν
2556 5041 2649 5090 ἐπὶ
2677 5039 2977 5111 Ἀντιοχείᾳ
3006 5039 3223 5110 Δάφνην
3263 5055 3358 5109 pro
3385 5040 3562 5111 tlwlreo

1989 5108 2432 5182 syria'liocloco
2471 5108 2611 5164 suini
2633 5108 2824 5182 ;7quod
2854 5108 3236 5182 novummilii,
3265 5108 3322 5163 et
3346 5109 3562 5164 inaudi-

1990 5179 2105 5235 tum
2132 5198 2254 5236 esse
2282 5180 2475 5234 fateor.
2519 5179 2785 5249 Quolnisi
2830 5181 2917 5233 cui
2950 5181 3269 5249 conjectura
3300 5181 3404 5235 ista
3443 5183 3562 5248 pla-

1989 5259 2138 5317 ceat,
2185 5249 2614 5320 simplicissima,
2658 5260 2721 5320 et
2764 5247 2996 5320 fortasse
3038 5247 3164 5305 vera
3196 5253 3336 5305 ratio
3362 5247 3465 5312 est,
3502 5257 3566 5301 ut

1991 5320 2259 5376 Laodicea
2293 5319 2656 5389 cognomento
2687 5319 2934 5387 Daphnes
2977 5322 3250 5390 appellata
3290 5320 3561 5378 videatur,

1991 5392 2135 5462 quod
2165 5393 2214 5446 ei
2251 5394 2372 5444 loco
2401 5390 2935 5462 longe‘nobilissimo
2956 5404 3028 5462 ac
3059 5390 3418 5462 celeberrimo
3441 5403 3565 5462 pro-

1992 5457 2202 5532 pinqua
2220 5463 2377 5523 lorct,
2402 5459 2545 5512 κατὰ
2562 5457 2846 5532 διαστολὴν
2861 5459 3148 5532 Laodicea;
3171 5460 3419 5519 alterius,
3457 5459 3566 5532 imo

1995 5527 2228 5600 plurium
2263 5531 2491 5584 aliarum
2521 5527 2928 5600 cognominum.
2952 5528 3101 5600 lnter
3131 5531 3270 5583 hanc
3298 5543 3450 5600 vero.
3475 5527 3562 5579 cui

1992 5597 2044 5654 i-t
2069 5601 2311 5655 Cabiosa:
2337 5616 2532 5653 nomen
2567 5597 2819 5660 inditum,
2855 5611 2903 5652 et
2935 5599 3276 5652 Antiochiam
3304 5597 3370 5649 ad
3395 5597 3566 5649 Oron-

1993 5681 2123 5734 tem,
2153 5670 2434 5740 interjecta
2464 5670 2564 5722 fuit
2592 5667 2834 5740 Daphne.
2860 5669 3013 5740 Quod
3042 5677 3096 5721 ut
3129 5668 3446 5740 expressius
3464 5664 3565 5740 de-

1993 5742 2229 5793 clararet
2286 5734 2642 5809 Epiphanius,
2671 5734 2880 5806 adjecit
2909 5738 3076 5809 ἤγουν
3114 5737 3315 5809 Κοίλης
3344 5734 3566 5809 Συρίας,

1995 5827 2061 5865 ne
2085 5811 2210 5884 quis
2242 5806 2530 5881 Phrygiam
2557 5816 2792 5880 putaret,
2823 5816 2915 5862 aut
2947 5808 3108 5861 aliam
3138 5806 3456 5878 quanthbct.
