3988 6480
360 369 471 429 605

961 353 1332 425 Αονιιιιευε
1367 356 1709 433 “massas
1748 353 1876 410 LIB.
1913 354 1952 406 ιι

2059 353 2204 408 IOM.
2251 352 2376 407 l.—
2401 353 2679 410 mentas.
2718 354 2950 442 LXXIII.

3535 362 3643 416 “'6

373 481 742 554 Ἐκκλησίας,
789 483 1205 554 ἐκϐεϐλημένων
1253 483 1361 535 τῶν
1411 479 1745 543 σκανδάλων,
1802 478 1953 549 εἰρη-

2061 469 2192 523 mini
2242 471 2417 527 nostri
2455 472 2764 529 Constantii
2808 475 3060 545 imperio,
3110 477 3406 530 concilia-ta
3440 479 3642 548 ubique

362 575 548 628 νεύειν
577 593 637 628 τε
667 576 762 629 καὶ
793 578 912 639 ταῖς
942 575 1222 647 λατρείαις
1255 573 1348 628 τοῦ
1385 574 1522 628 Θεοῦ
1554 573 1911 645 προσανέχειν
1937 589 1950 602 ·

359 669 555 740 ἐπειδὴ
589 667 668 733 δὲ,
705 669 779 733 ὼς
807 668 1006 733 ἔοικεν,
1047 669 1107 722 οὐ
1143 669 1376 722 παύεται
1409 671 1438 722 ὁ
1464 666 1708 730 διάϐολος
1735 665 1824 720 διὰ
1848 666 1956 720 τῶν

357 761 585 814 οἰκείων
611 761 823 815 σκευῶν
854 761 1171 828 σπουδάζων
1198 761 1322 816 καθ’
1353 761 1564 824 ἑαυτὸν,
1596 761 1686 814 ἴνα
1713 759 1778 830 δὴ
1819 759 1976 814 πάν--

358 871 475 916 τως
499 853 571 906 τά
598 871 657 908 τε
698 856 828 926 περὶ
859 854 875 886 ¹
909 853 1004 908 τοῦ
1035 855 1243 927 Κυρίου
1296 853 1710 926 προρρηθέντα,
1743 852 1836 906 καὶ
1869 852 1957 906 διὰ

358 946 461 998 τοῦ
490 946 651 1015 ἁγίου
693 947 1017 1001 Ἀποστόλου
1056 947 1354 1019 σύμφωνα,
1399 947 1476 1010 ὼς
1505 946 1598 999 ἐπὶ
1631 945 1954 1018 προφυλακῇ

360 1039 477 1090 τῶν
508 1039 716 1093 πιστῶν
765 1040 1110 1112 κηρυχθέντα
1149 1043 1228 1106 είς
1257 1040 1596 1096 ἀποστασίαν
1627 1038 1953 1110 ἐργάσηται,

364 1128 607 1182 ἐπινοῶν
653 1135 979 1203 καινισμοὺς
1025 1132 1166 1187 κατὰ
1209 1133 1309 1204 τῆς
1348 1131 1810 1205 ὲκκλησιαστικῆς
1865 1127 1955 1182 πί-

366 1240 566 1289 στεως,
600 1225 694 1278 καὶ
720 1223 815 1279 νῦν
841 1227 898 1279 ὲν
932 1225 1214 1298 μορφώσει
1251 1226 1407 1291 τινάς
1433 1224 1714 1288 εὐσεϐείας
1743 1221 1956 1277 οίκειώ-

367 1313 591 1378 σασθαι,
624 1314 718 1368 καὶ
747 1315 1011 1388 βεϐήλους
1035 1317 1400 1387 καινοφωνίας
1427 1317 1493 1370 δι’
1524 1315 1704 1370 αὐτῶν
1735 1316 1952 1386 ἐπινοῆ-

367 1421 465 1457 σαι
497 1405 637 1460 κατά
685 1408 785 1478 τῆς
822 1409 1080 1474 εὐσεϐοῦς
1111 1411 1462 1482 γνησιότητος
1498 1409 1595 1464 τοῦ
1633 1408 1955 1481 μονογενοῦς

368 1497 504 1551 Υίοῦ
549 1497 643 1553 τοῦ
677 1500 834 1566 Θεοῦ,
883 1503 1147 1575 πρότερον
1187 1504 1286 1576 μὲν
1327 1504 1618 1568 ἀκούοντες
1670 1503 1811 1558 κατὰ
1855 1505 1955 1574 τὴν

379 1590 710 1662 Ἀντιόχειαν
739 1593 1042 1667 διατρέχειν
1070 1597 1225 1660 τινὰς
1242 1635 1256 1660 ,
1289 1597 1426 1651 ἀλλά
1453 1599 1548 1651 καὶ
1569 1597 1668 1669 τὴν
1706 1595 1955 1661 Ἀλεξάν-

363 1681 575 1752 δρειαν,
604 1684 684 1740 ἔτι
709 1703 768 1739 τε
798 1688 892 1742 καὶ
919 1688 1018 1759 τὴν
1037 1689 1258 1753 Λυδίαν,
1281 1689 1333 1742 εί
1355 1707 1413 1742 τε
1445 1689 1586 1746 κατά
1603 1689 1701 1760 τὴν
1745 1689 1951 1754 Ἀσίαν,

370 1774 466 1826 καὶ
503 1775 762 1844 ἐμϐαλεῖν
808 1779 1108 1851 σπινθῆρας
1148 1782 1405 1846 ἀσεϐείας
1449 1786 1569 1848 ταῖς
1607 1784 1718 1839 τῶν
1756 1784 1949 1838 ἀπλου·
1983 1811 2028 1867 Β

365 1867 581 1938 στέρων
606 1869 825 1940 ψυχαῖς,
857 1873 1152 1944 ἐλπίζομεν
1191 1875 1282 1929 διὰ
1302 1876 1363 1928 τὸ
1393 1875 1668 1949 τολμηρὸν
1694 1879 1793 1948 τῆς
1833 1879 1954 1932 ἀσε-

363 1958 544 2022 ϐείας,
582 1962 675 2014 καὶ
705 1963 960 2019 τοσοῦτον
1008 1967 1222 2031 ἀναιδὲς
1247 1968 1429 2022 αὐτῶν
1467 1971 1951 2043 ὐπερμαχούντων,

363 2051 466 2104 καὶ
489 2051 598 2106 τῶν
643 2054 785 2108 κατά
825 2057 989 2110 τόπον
1015 2058 1219 2129 κυρίων
1263 2059 1714 2132 συλλειτουργῶν,
1749 2081 1956 2135 μαραν-

363 2140 532 2285 θῆνῗι
565 2145 665 2215 τὴν
699 2148 1091 2221 προνοηθεῖσαν
1118 2151 1356 2223 αἵρεσιν,
1396 2152 1492 2207 καὶ
1521 2153 1818 2226 σϐεσθῆναι
1853 2156 1954 2227 τὴν

363 2247 477 2285 κακ
503 2249 590 2285 αν.

363 2247 477 2286 κακ
485 2247 590 2288 ιαν.

451 2497 672 2571 Ἐπειδὴ
703 2500 834 2572 ἑξῆς
879 2503 934 2558 οῖ
971 2522 1033 2558 τε
1067 2508 1133 2562 ἐκ
1176 2506 1281 2563 τῶν
1315 2511 1737 2582 προειρημένων
1775 2515 1956 2587 τόπων

362 2590 764 2664 ἐπιδημοῦντες
808 2599 903 2652 καὶ
945 2601 994 2653 οἱ
1039 2601 1149 2656 ἀπὸ
1191 2602 1300 2657 τῶν
1344 2604 1489 2658 κατὰ
1539 2604 1600 2659 τὸ
1661 2605 1957 2680 Ἰλλυρικὸν

361 2681 830 2753 ἀπαγγέλλουσιν,
859 2689 935 2755 ὡς
979 2693 1216 2766 σπουδὴν
1253 2695 1496 2761 τιθέντες
1543 2699 1594 2752 οἱ
1627 2683 1816 2754 τούτου
1860 2700 1955 2755 τοῦ

369 2776 547 2830 κακοῦ
581 2779 888 2851 ἐξευρεταὶ,
916 2786 1011 2838 καὶ
1037 2787 1291 2853 πλείονας
1323 2788 1583 2860 βλάπτειν
1609 2793 1915 2864 τολμῶντες
1939 2836 1955 2862 ,

373 2866 632 2957 καὶπρὸς
659 2871 858 2927 κακίαν
882 2873 1112 2946 ζυμοῦν,
1134 2878 1318 2933 οὐκέτι
1347 2881 1709 2954 ἀνασχόμενοι
1735 2885 1957 2957 ὑπερτί-

362 2955 560 3012 θεσθαι
585 2997 600 3022 ,
658 2960 795 3016 ἀλλά
843 2963 937 3017 καὶ
985 2967 1099 3030 τοῖς
1157 2970 1485 3041 γράμμασιν
1534 2955 1958 3046 ἐντυγχάνοντες

363 3050 480 3112 τοῖς
511 3048 605 3104 τοῦ
630 3051 905 3126 ὁμοψύχου
928 3056 1344 3133 συλλειτουργοῦ
1368 3065 1401 3134 η
1409 3063 1527 3133 μῶν
1552 3063 1828 3138 Γεωργίου
1860 3065 1956 3121 τοῦ

2058 566 2130 621 ab
2156 575 2278 623 ortu
2315 567 2381 621 ad
2430 584 2686 625 occasum
2727 569 2995 636 Ecclesia,
3035 572 3336 643 ejectisque
3366 573 3645 630 scandalis

2061 675 2248 731 pacem
2281 661 2552 725 obtinere.
2587 677 2652 716 ac
2685 663 2886 719 divinis
2911 665 3191 734 obsequiis
3225 665 3503 722 insistere.
3537 665 3642 720 Sed

2059 752 2345 822 quoniam,
2380 761 2440 806 ut
2468 752 2711 819 videtur,
2754 753 3028 820 diabolus,
3070 770 3177 824 quo
3216 755 3424 810 scilicet
3458 755 3642 809 omnia

2063 843 2175 908 illa,
2202 859 2322 913 qua:
2352 859 2382 897 a
2415 842 2650 898 Domino
2693 845 2952 914 praedicta
2998 853 3148 910 sunt,
3180 853 3234 900 et
3271 845 3340 901 ab
3379 846 3642 916 Apostolo

2058 947 2430 992 consentanec
2477 938 2544 991 ad
2586 936 2828 993 ﬁdelium
2873 938 3183 994 cautionem
3225 938 3292 994 de
3335 937 3644 993 defectione

2059 1029 2388 1099 praedicata,
2432 1028 2500 1082 ad
2563 1029 2769 1084 exitum
2814 1028 3070 1095 deducat,
3121 1029 3278 1084 novis
3311 1029 3640 1100 quibusdam

2060 1121 2389 1176 commentis
2429 1129 2623 1176 contra
2675 1121 3051 1178 ecclesiastica
3096 1120 3218 1177 ﬁdei
3270 1122 3641 1177 sinceritatem

2057 1213 2350 1285 oppositis,
2393 1214 2445 1269 id
2476 1229 2640 1286 agere
2666 1215 2960 1286 molirique
3007 1229 3119 1269 non
3149 1214 3372 1279 desinit,
3406 1222 3464 1268 ut
3503 1231 3642 1269 nou-

2058 1307 2226 1364 nullis
2271 1307 2454 1378 specie
2499 1308 2735 1379 quadam
2768 1307 3044 1364 ementita:
3086 1307 3304 1378 pietatis
3343 1307 3642 1378 adjunctis,

2058 1398 2318 1472 profanas
2340 1399 2606 1471 quasdam
2645 1415 2840 1455 vocum
2869 1401 3141 1455 novitates
3160 1440 3176 1462 ,
3215 1399 3482 1456 adversus
3513 1399 3644 1454 reli-

2057 1493 2266 1565 giosam
2312 1493 2578 1565 unigeniti
2622 1492 2716 1548 Dei
2750 1491 2874 1546 Filii
2919 1493 3334 1564 germanitatem
3375 1507 3472 1555 per
3521 1491 3646 1546 illos

2058 1585 2350 1656 excogitet.
2367 1583 2504 1640 Cum
2525 1593 2580 1641 et
2603 1593 2761 1640 antea
2779 1584 3070 1640 nonnullos
3095 1583 3441 1639 Antiochiam
3465 1583 3643 1647 obire,

2059 1693 2277 1735 necnon
2312 1685 2367 1734 et
2399 1677 2784 1734 Alexandriam
2816 1692 2878 1733 ac
2914 1676 3162 1748 Lydiam,
3188 1683 3241 1731 et
3263 1675 3428 1747 847
3454 1675 3644 1729 Asiam

2061 1768 2431 1834 audissemus,
2463 1767 2649 1838 ibique
2683 1767 2981 1839 impietatis
3001 1783 3116 1823 sua:
3150 1768 3420 1823 scintillas
3450 1765 3641 1822 rudio-

2059 1877 2179 1916 rum
2217 1860 2416 1916 animis
2452 1859 2767 1924 immittere,
2800 1874 2996 1930 magna
3039 1875 3142 1916 nos
3177 1876 3304 1930 spes
3333 1869 3504 1924 tenet,
3545 1877 3644 1931 pro

2059 1962 2210 2010 tanta
2261 1954 2490 2011 sceleris
2540 1953 2794 2017 audacia,
2838 1968 2903 2008 ac
2959 1961 3069 2008 tam
3119 1953 3364 2023 project‘a
3425 1953 3679 2008 illorum'

2058 2045 2416 2117 impudentia,
2450 2045 2497 2103 si
2527 2054 2582 2101 et
2617 2060 2742 2114 nos,
2773 2051 2828 2100 et
2873 2045 2969 2116 qui
3007 2045 3064 2100 in
3101 2045 3210 2100 illis
3241 2045 3376 2100 locis
3405 2045 3644 2101 ministri

2059 2137 2276 2192 Domini
2304 2152 2368 2192 ac
2393 2137 2616 2209 collega:
2663 2143 2814 2204 sunt,
2848 2135 3111 2193 Ecclesia:
3149 2137 3641 2209 propugnationem

2058 2229 2488 2300 susciperemus,
2523 2229 2800 2284 inventam
2837 2228 2987 2283 illam
3027 2244 3202 2299 nuper
3223 2228 3473 2285 haeresim
3519 2246 3646 2300 pro—

2058 2319 2270 2393 ﬂigari,
2327 2329 2492 2392 atque
2529 2335 2746 2378 omnem
2807 2319 2954 2375 illam
3021 2318 3429 2390 improbitatem
3484 2337 3647 2392 posse

2059 2412 2344 2485 restingui.
3225 2421 3228 2424 ’
3561 2452 3563 2454 -

2129 2507 2401 2575 Quoniam
2441 2520 2571 2563 vero
2619 2513 2730 2560 tam
2787 2505 2857 2562 ab
2903 2504 2973 2561 iis
3015 2513 3239 2576 postea,
3279 2505 3376 2577 qui
3425 2520 3490 2561 ex
3539 2504 3648 2563 illis

2059 2603 2197 2660 locis
2231 2603 2340 2658 huc
2377 2601 2610 2674 profecti
2639 2609 2789 2668 sunt,
2825 2616 2990 2673 quam
3021 2617 3088 2658 ex
3124 2601 3468 2674 Illyricorum
3505 2619 3649 2658 nun-

2060 2695 2152 2751 tiis
2183 2694 2520 2765 accepimus,
2553 2694 2682 2750 mali
2726 2694 2892 2766 hujus
2927 2703 3183 2751 auctores
3231 2709 3453 2750 onmem
3486 2693 3648 2748 indu-

2060 2791 2252 2844 striam
2303 2788 2602 2854 adbibere,
2651 2802 2717 2844 ac
2769 2787 3049 2860 plerisque
3101 2787 3402 2860 perniciem
3435 2787 3648 2842 machi-

2059 2882 2205 2950 nari,
2235 2895 2441 2953 eosque
2468 2881 2620 2937 velut
2673 2879 3003 2938 fermentum
3039 2880 3319 2952 quoddam
3343 2881 3412 2935 ad
3455 2880 3648 2950 nequi-

2060 2973 2190 3028 tiam
2231 2972 2546 3029 distendere
2571 3015 2588 3041 ,
2629 2987 2744 3028 rem
2779 2972 2924 3028 ultra
2972 2971 3326 3028 dill'ercndam
3362 2985 3487 3026 esse
3535 2985 3648 3025 non

2061 3065 2402 3122 censuimus.
2431 3066 2536 3124 Sed
2576 3081 2702 3122 cum
2757 3065 2973 3123 litteras
3023 3066 3250 3137 insuper
3300 3065 3370 3122 ab
3401 3066 3648 3121 unanimi

365 3141 471 3212 τῆς
509 3143 826 3212 Λαοδικείας
863 3149 1208 3224 Ἐκκλησίας,
1242 3147 1317 3209 ὧν
1349 3156 1418 3210 τά
1455 3157 1722 3212 ἀντίτυπα
1752 3160 1953 3215 ὑπετά-

2059 3159 2270 3230 collega
2316 3166 2509 3214 nostro
2561 3157 2798 3231 Georgio
2840 3157 3101 3229 episcopo
3142 3157 3463 3214 Laodic’ena:
3492 3157 3649 3212 urbis

364 3234 564 3306 ξαμεν,
612 3239 708 3292 καὶ
756 3241 858 3306 τάς
913 3247 1222 3318 μαρτυρίας
1271 3249 1382 3302 τῶν
1425 3250 1952 3325 διαμαρτυραμένων

366 3325 510 3398 πρὸς
543 3327 690 3399 ἡμᾶς
718 3332 812 3386 ἐπὶ
853 3333 1021 3400 Θεοῦ,
1068 3335 1494 3407 εὐλαϐηθέντες,
1539 3340 1615 3403 ὡς
1658 3341 1890 3394 ἐνεδίδου
1926 3343 1955 3396 ὀ

364 3424 590 3496 καιρὸς,
619 3427 720 3497 τῆς
747 3426 909 3496 ἁγίας
948 3429 1163 3501 ἡμέρας
1193 3429 1290 3484 τοῦ
1327 3430 1520 3502 Πάσχα
1561 3432 1950 3505 ἐπικειμένης,

367 3517 729 3587 συναχθέντες
767 3519 882 3574 ὅσοι
921 3537 986 3588 γε
1018 3519 1366 3592 ἠδυνήθημεν
1387 3572 1392 3574 ν
1414 3520 1553 3594 [καὶ]
1589 3524 1951 3594 συναχθῆναι,

363 3609 457 3663 διὰ
482 3611 573 3666 καὶ
587 3610 712 3665 τὸν⁹
741 3613 988 3684 χειμῶνα
1009 3614 1122 3678 τοῖς
1154 3613 1368 3678 πολλοῖς
1397 3614 1650 3685 ἐμποδὼν
1675 3616 1950 3686 γενέσθαι,

363 3700 444 3763 ὡς
461 3702 549 3757 διὰ
581 3704 691 3759 τῶν
711 3705 1056 3778 γραμμάτων
1077 3707 1177 3778 ὲσή
1187 3725 1385 3779 μαναν,
1415 3708 1672 3764 ἐκθέσθαι
1697 3711 1777 3774 είς
1798 3711 1956 3766 τοῦτο

363 3793 430 3846 τὸ
459 3790 596 3859 εἶδος
624 3796 737 3867 (46)
777 3797 876 3869 τῆς
910 3798 1146 3863 πίστεως
1175 3799 1237 3853 τὺ
1281 3800 1477 3871 ἰδίωμα
1513 3802 1953 3874 ἐσπουδάσαμεν,

366 3885 495 3938 ὅσον
538 3887 631 3940 ἐπὶ
675 3889 787 3951 τοῖς
819 3889 1047 3953 λοιποῖς,
1079 3891 1148 3960 τῇ
1193 3890 1250 3944 ὲν
1293 3891 1623 3964 Ἀντιοχείᾳ,
1672 3894 1749 3959 ὡς
1812 3913 1950 3968 προ-

253 4017 258 4019 .
365 3976 607 4046 έφημεν,
651 3977 932 4051 ὲκτεθείσῃ
966 3996 1025 4031 τε
1058 3980 1239 4034 πίστει
1271 3984 1336 4051 τῇ
1384 3982 1442 4034 ἐν
1470 3984 1582 4048 τοῖς
1620 3985 1948 4053 ὲγκαινίοις·

367 4068 508 4122 ἀλλά
537 4070 630 4124 καὶ
670 4071 729 4124 ὲν
759 4072 828 4141 τῇ
863 4071 1103 4143 Σαρδικῇ
1128 4112 1142 4137 ,
1173 4072 1240 4143 ἢν
1272 4072 1561 4143 ἀνείληφεν
1588 4075 1620 4143 ἠ
1657 4076 1714 4129 ἐν
1739 4077 1953 4149 Σιρμίῳ

368 4159 617 4224 σύνοδος,
670 4161 762 4214 καὶ
807 4163 922 4225 τοῖς
969 4162 1176 4215 ἐκεῖθεν
1231 4161 1548 4233 λογισμοῖς,
1596 4163 1956 4236 διαρθρώσειν

367 4249 616 4330 ἀκριϐῶς
661 4251 760 4322 τὴν
805 4251 884 4315 είς
917 4250 1014 4323 τὴν
1053 4251 1216 4320 ἁγίαν
1260 4252 1467 4323 Τριάδα
1513 4253 1612 4324 τῆς
1657 4253 1956 4327 καθολικῆς

381 4341 710 4413 Ἐκκλησίας
751 4342 964 4397 πίστιν’
1003 4342 1139 4415 πρὸς
1182 4343 1240 4397 δὲ
1281 4343 1460 4409 τοῦτο,
1504 4345 1580 4409 ὡς
1607 4346 1950 4420 προέφημεν,

364 4437 469 4503 τῆς
518 4435 866 4506 καινοτομίας
928 4435 992 4488 τὸ
1037 4432 1176 4500 εἶδος
1233 4436 1415 4507 μόνον,
1473 4437 1550 4501 ὡς
1602 4439 1836 4503 ἐνεδίδου
1886 4440 1948 4493 τὸ

365 4524 615 4596 Πνεῦμα,
647 4527 1142 4599 ὑπαγορεύσαντες.
1177 4529 1287 4582 Καὶ
1319 4529 1745 4602 παρακαλοῦμεν
1780 4533 1946 4603 ὑμᾶς,

382 4616 566 4688 κύριοι
631 4617 951 4690 τιμιώτατοι
1004 4619 1409 4693 συλλειτουργοὶ
1459 4623 1808 4693 ἐντυχόντες,
1866 4627 1951 4680 ὅτι

362 4708 638 4780 ἑράσθητε
653 4710 674 4742 ³
688 4713 755 4782 τῇ
775 4711 840 4766 ἐκ
864 4711 1117 4784 πατέρων
1141 4714 1510 4790 παραδοθείσῃ
1535 4715 1735 4777 πίστει,
1755 4718 1851 4772 καὶ
1873 4720 1951 4784 ὡς

359 4797 633 4869 σύμφωνα
676 4802 805 4873 ὑμῖν
849 4803 1178 4875 φρονοῦμεν,
1215 4805 1290 4870 ὡς
1321 4807 1787 4881 πεπιστεύκαμεν,
1817 4812 1950 4866 ὑπο-

360 4892 744 4961 σημήνασθαιο
797 4893 884 4948 ἴνα
953 4895 1462 4968 πληροφορηθέντες
1519 4900 1567 4952 oi
1626 4899 1726 4970 τὴν
1774 4903 1948 4975 αὐτὴν

355 4980 615 5035 ἀσέϐειαν
653 4984 968 5053 ἐπεισάγειν
993 4985 1323 5056 τολμῶντες,
1350 4989 1432 5042 ὅτι
1467 4989 1719 5063 καθάπερ
1748 4994 1947 5066 κλῆρόν

357 5090 484 5124 τινα
508 5072 604 5144 τὴν
644 5076 709 5128 ὲκ
733 5076 844 5128 τῶν
886 5076 1261 5134 άποστολικῶν
1290 5081 1500 5154 χρόνων
1525 5083 1615 5140 διὰ
1645 5085 1753 5140 τῶν
1780 5088 1840 5141 ἐν
1870 5089 1952 5160 τῷ

360 5163 518 5233 μέσῳ
558 5166 684 5236 ἄχρι
714 5167 810 5221 καὶ
846 5167 1006 5239 ἡμῶν
1049 5169 1310 5246 πατέρων
1340 5172 1732 5246 ὑποδεξάμενοι
1770 5178 1954 5237 πίστιν

358 5230 733 5328 ξρυλάσσομεν,
764 5260 797 5331 ἢ
828 5230 1213 5332 αίσχυνθένέες
1235 5230 1731 5339 διορθωθήσονται,
1763 5230 1952 5343 ἢ

360 5347 620 5418 μένοντες
646 5351 1073 5424 ἀποκηρυχθῶσι
1112 5355 1212 5425 τῆς
1267 5357 1596 5429 Ἐκκλησίας
1618 5399 1636 5425 ,
1672 5361 1772 5434 τὴν
1815 5364 1949 5419 ἀπο-

2061 3250 2492 3319 accepissemus,
2519 3265 2757 3321 quarum
2789 3250 3101 3322 exemplum
3137 3249 3226 3306 hic
3261 3250 3646 3321 ascripsimus.

2055 3351 2112 3399 et
2144 3358 2334 3398 eorum
2371 3342 2840 3409 denuntiationes,
2872 3345 2968 3414 qui
2999 3358 3182 3399 coram
3218 3341 3459 3397 Deo‘nos
3487 3342 3645 3396 obte-

2057 3433 2370 3498 stabantur,
2405 3440 2627 3490 reverttt
2663 3440 2937 3498 essemus,
2969 3447 3070 3502 pro
3099 3447 3166 3486 eo
3197 3444 3261 3484 ac
3298 3445 3395 3500 per
3431 3438 3648 3500 tempus

2058 3525 2300 3590 licebat,
2353 3524 2676 3581 imminente
2714 3531 3072 3580 sacrosancto
3114 3521 3404 3578 Paschatis
3447 3521 3557 3584 die,
3591 3521 3645 3574 in

2058 3631 2230 3670 unum
2267 3615 2503 3681 collecti,
2532 3622 2804 3692 quotquot
2824 3615 3016 3671 adesse
3038 3613 3318 3684 potuimus
3342 3611 3504 3683 (nam
3531 3611 3646 3682 plc-

2058 3723 2262 3778 rosque
2300 3707 2478 3764 hiems
2508 3707 2840 3773 interclusit,
2876 3715 2936 3761 ut
2963 3721 3028 3761 ex
3056 3720 3247 3761 eorum
3280 3704 3479 3759 litteris
3505 3703 3648 3757 didi-

2059 3797 2296 3870 cimus),
2316 3812 2539 3868 operam
2575 3797 2854 3863 dedimus,
2879 3803 2939 3850 ut
2965 3795 3035 3851 ad
3058 3803 3337 3866 receptam
3374 3792 3500 3848 ﬁdei
3537 3791 3648 3847 t‘or-

2057 3891 2260 3945 mulam
2300 3891 2580 3961 proprium
2617 3889 2903 3961 quiddam,
2942 3895 3106 3960 atque
3132 3885 3451 3959 expressius
3479 3883 3647 3940 adde-

2058 3990 2231 4052 retur,
2273 3991 2332 4038 ut
2380 3989 2503 4054 post
2541 3989 2769 4039 ca-teras
2810 3981 2933 4036 ﬁdei
2971 3980 3366 4052 professiones,
3399 3994 3518 4034 eam
3560 3978 3646 4032 ni-

2056 4074 2279 4141 mirum,
2313 4090 2437 4146 qtize
2479 4075 2782 4130 Antiochia:
2820 4073 2926 4132 sub
2957 4073 3218 4130 Ecclesia:
3245 4071 3647 4127 dedicationem

2056 4168 2338 4239 proposita
2378 4176 2502 4237 est;
2562 4183 2776 4225 necnon
2823 4176 2880 4224 et
2925 4168 2981 4222 in
3029 4165 3347 4222 Sardiccnsi
3414 4163 3644 4236 synodo,

2055 4271 2219 4327 quam
2254 4256 2575 4315 Sirmiensis
2598 4258 2848 4329 amplexa
2882 4267 3006 4325 est;
3039 4265 3092 4314 et
3121 4257 3189 4311 ad
3221 4257 3466 4310 rationes
3501 4255 3644 4318 illas,

2055 4363 2177 4420 qua:
2224 4347 2280 4403 in
2334 4349 2485 4404 hisce
2532 4349 2785 4405 conciliis
2834 4350 3117 4420 explicatae
3162 4357 3311 4412 sunt,
3358 4345 3647 4401 catholica:

2058 4440 2316 4497 Ecclesiae
2345 4439 2414 4496 de
2445 4448 2640 4496 sancta
2673 4440 2946 4497 Trinitate
2971 4439 3168 4510 dogma
3201 4438 3520 4495 distinctius
3549 4452 3645 4491 ex-

2060 4534 2322 4604 plicatum
2371 4547 2402 4586 a
2446 4532 2608 4589 nobis
2647 4533 2952 4589 accederet.
2994 4532 3054 4587 ln
3090 4546 3197 4604 qua
3237 4529 3455 4602 quidem
3505 4543 3644 4584 nova

2060 4625 2185 4682 ﬁdei
2225 4622 2597 4681 declaratione
2640 4624 2776 4680 nihil
2805 4624 2952 4679 aliud
2996 4638 3162 4696 quam
3213 4622 3360 4694 quod
3405 4621 3643 4692 Spiritus

2057 4720 2596 4788 sanctus‘mentibus
2629 4720 2836 4777 nostris
2877 4717 3225 4790 suggerebat,
3272 4715 3487 4771 dictare
3522 4722 3642 4770 stu-

2055 4813 2298 4869 duimus.
2317 4813 2584 4881 Quocirca
2609 4815 2773 4871 etiam
2802 4823 2965 4885 atque
2999 4811 3162 4868 etiam
3188 4825 3286 4866 vos
3317 4822 3641 4882 precamur,

2055 4906 2396 4962 venerabiles
2440 4906 2648 4962 domini
2682 4920 2747 4960 ac
2786 4906 3030 4976 collegae,
3066 4913 3127 4957 ut
3165 4901 3323 4957 lectis
3355 4900 3444 4956 his
3495 4899 3644 4953 litte-

2052 4997 2152 5064 ris,
2186 5012 2312 5052 cum
2360 4997 2517 5053 vobis
2551 4996 2810 5052 traditam
2850 5011 2881 5050 a
2927 4993 3233 5065 majoribus
3277 4991 3438 5046 ﬁdem
3487 4989 3642 5044 cordi

2050 5105 2208 5156 esse;
2246 5096 2361 5145 tum
2390 5103 2494 5146 nos
2518 5089 2708 5144 eadem
2736 5088 3023 5144 vobiscum
3049 5086 3274 5151 sentire,
3301 5099 3363 5139 ac
3395 5081 3641 5155 proﬁteri

2052 5183 2416 5254 signiﬁcetis:
2462 5190 2520 5239 ut
2549 5183 2642 5253 qui
2695 5179 3228 5253 impietatem-illam
3273 5177 3644 5233 disseminare

2054 5291 2165 5331 non
2190 5282 2472 5339 verentur,
2506 5290 2630 5330 cum
2672 5273 2727 5328 id
2756 5282 2910 5329 certo
2933 5271 3328 5344 compererint,
3365 5270 3510 5324 illam
3539 5281 3640 5323 nos

2054 5370 2236 5435 ﬁdem,
2269 5385 2437 5441 quam
2486 5369 2556 5423 ab
2587 5367 2907 5440 apostolicis
2947 5366 3073 5423 inde
3112 5363 3474 5435 temporibus.
3507 5375 3641 5414 con-

356 5439 590 5494 στασίαν
616 5442 696 5514 τῷ
723 5443 825 5515 υίῷ
855 5445 953 5515 τῆς
987 5445 1218 5517 ἀνομίας
1237 5490 1250 5516 ,
1280 5448 1342 5514 ὃς
1369 5449 1574 5522 τολμᾷν
1602 5452 1826 5509 ἀπειλεῖ
1850 5459 1942 5512 καὶ

2059 5461 2262 5518 tinuata
2289 5439 2364 5518 ad
2444 5439 2635 5530 patres
2657 5463 2879 5514 nostros
2906 5467 3078 5528 usque
3109 5448 3459 5508 successione
3482 5461 3634 5503 acce-

435 5605 448 5635 ¹
486 5604 544 5658 F.
574 5605 740 5676 παρά.
819 5605 838 5636 ³
874 5603 935 5660 F.
959 5605 1020 5659 τὸ
1051 5607 1152 5664 καὶ,
1172 5608 1283 5666 τόν.
1363 5610 1381 5642 ³
1403 5609 1463 5665 F.
1490 5611 1791 5688 ὴράσθητε,
1839 5618 1934 5674 sed

2059 5637 2168 5676 rum
2231 5622 2484 5680 sincerus
2543 5625 2633 5680 hic
2663 5624 2838 5680 locus.

435 5761 914 5852 (νιφιᾙκθέςζᾷαι
959 5766 1046 5829 είς
1085 5765 1261 5852 τοῦτο
1323 5767 1386 5820 τὸ
1428 5763 1610 5848 cidae.
1655 5768 1784 5852 Hoc.
1825 5781 1909 5826 est

2071 5776 2339 5846 formula,
2395 5778 2848 5852 profcssioneque
2909 5775 3031 5833 ﬁdei
3083 5769 3406 5831 nominatim
3478 5768 3617 5842 ejus,

358 5832 509 5901 quod
534 5834 597 5890 ab
624 5833 894 5891 haereticis
922 5844 1289 5908 oppugnatur,
1317 5832 1648 5896 mentionem
1679 5841 1940 5911 adjicere.
