3988 6402
495 320 598 376 407

1886 333 1942 391 S.
1985 335 2324 394 ENPIMNII
3633 369 3718 424 £08

500 439 702 509 pimus,
739 445 888 499 velut
931 439 1324 516 patrimonium
1357 454 1520 522 tueri,
1553 470 1618 510 ac
1647 455 1963 526 defendere,
1996 477 2060 515 ve

500 535 702 557 __,,.-__
1087 555 1113 557 α
1159 542 1192 557 ..
1512 556 1519 557 κ
1867 551 1886 557 -

2185 465 2267 526 είς
2293 463 2384 516 τὸν
2420 465 2548 519 ναὸν
2573 466 2668 521 τοῦ
2701 469 2839 524 Θεοῦ
2885 473 3106 526 καθίσαι
3145 476 3246 547 ἤδη
3272 517 3285 541 ,
3314 477 3377 532 δι’
3413 480 3588 534 ἐαυτὸν
3611 502 3718 557 προ.

497 535 706 602 pudore
741 537 920 592 aﬁ'ecti
961 540 1028 593 ad
1069 542 1350 600 meliorem
1376 556 1615 602 mentem
1646 564 1708 604 se
1750 551 2077 621 conferant;

2184 557 2719 627 παρασκευάζοντες.

497 628 582 681 νει
623 629 670 682 si
717 629 771 684 in
811 632 1160 702 improbitate
1197 641 1510 706 persistant,
1549 641 1618 696 ab
1657 642 1905 700 Ecclesia
1948 649 2401 720 proscribantur;
2462 662 2651 725 utpote
2706 659 2800 729 qui
2868 663 3175 734 iniquitatis
3238 667 3367 731 ﬁlio,
3435 670 3524 739 qui
3557 671 3629 726 vel
3675 673 3722 729 in

497 720 589 778 Dei
617 727 818 796 templo
851 727 1036 784 sedem
1071 747 1226 785 suam
1254 735 1366 804 jam
1401 752 1549 791 mine
1586 755 1645 792 se
1681 741 2078 797 collocaturum
2114 746 2358 801 minatur
2383 748 2423 812 ί,
2453 749 2817 810 defectionem
2851 770 2949 826 per
2979 773 3101 813 sese
3122 769 3460 829 comparent.

559 815 730 887 848
763 815 853 872 lll.
899 820 1068 890 igitur
1110 823 1242 877 ﬁdes
1288 835 1477 882 nostra
1529 829 1594 883 ad
1636 830 1848 886 Patrem
1885 843 1937 887 et
1986 833 2077 888 Fi-

491 906 649 970 lium,
685 918 740 963 et
778 909 1047 980 Spiritum
1087 926 1338 971 sanctum
1372 919 1627 976 refertur.
1664 920 1756 978 Sic
1788 926 1932 979 enim
1966 924 2074 980 Do-

492 998 675 1055 minus
707 1009 895 1058 nostcr
933 1001 1094 1059 Jesus
1128 1008 1380 1065 Christus
1413 1010 1714 1083 discipulos
1753 1032 1884 1072 suos
1917 1019 2070 1073 insti-

491 1089 636 1143 tuit:
682 1089 904 1156 Eunles,
955 1095 1161 1165 inquit,
1206 1097 1385 1154 docete
1427 1117 1603 1156 omnes
1653 1113 1850 1173 gentes,
1899 1108 2071 1176 bapti-

489 1191 672 1237 zantes
718 1201 805 1238 eos
847 1187 902 1239 in
949 1190 1158 1243 nomine
1202 1189 1414 1256 Patris,
1454 1201 1506 1246 et
1548 1191 1705 1260 Filii,
1740 1205 1790 1249 et
1836 1195 2069 1264 Spiritus

487 1276 724 1328 smtcti'.
769 1278 948 1344 Quare
988 1282 1081 1351 qui
1133 1283 1187 1336 in
1225 1283 1367 1338 hanc
1413 1282 1538 1340 ﬁdei
1590 1285 1824 1342 formam
1873 1290 2071 1346 iterato

487 1367 655 1435 geniti
707 1384 928 1438 sumus,
983 1374 1266 1430 nominum
1317 1377 1588 1447 ejusmodi
1646 1381 1899 1439 notiones
1939 1385 2068 1442 reli-

484 1459 636 1526 giose
667 1460 932 1518 debemus
988 1465 1258 1534 accipere.
1307 1466 1497 1539 Neque
1535 1470 1682 1524 enim
1732 1471 1910 1528 dixit:
1961 1473 2070 1528 Ba-

485 1552 750 1617 ptizantes
805 1571 893 1610 eos
949 1556 1003 1611 in
1058 1559 1178 1628 ejus
1212 1561 1434 1616 nomine
1463 1563 1557 1632 qui
1615 1564 1800 1619 carnis
1849 1580 2071 1636 expers,

482 1660 705 1698 carnem
751 1647 966 1714 induit;
1009 1666 1189 1721 neque
1237 1653 1569 1712 immortalis
1611 1664 1665 1712 et
1702 1665 1938 1713 mortem
1974 1673 2069 1713 ex-

2253 839 2325 892 Γ’.
2379 841 2444 893 Ἦ
2472 842 2654 906 πίστις
2681 845 2838 916 ἡμῶν
2862 850 2942 911 είς
2968 849 3190 921 Πατέρα
3213 853 3306 905 καὶ
3333 852 3457 906 Υίόν
3480 855 3567 908 καὶ
3592 855 3723 924 ἅγιον

2178 929 2403 1001 Πνεῦμα
2451 933 2521 1002 (ὃ)
2578 937 2747 991 ἐστιν.
2781 938 2938 993 Οῦτω
2979 941 3090 1013 γὰρ
3123 943 3365 997 ἐδίδασκε
3398 948 3518 1010 τοὺς
3555 948 3722 1002 ἐαυτοῦ

2180 1021 2430 1094 μαθητάς
2470 1027 2500 1078 ὀ
2542 1025 2740 1098 Κύριος
2789 1030 2946 1100 ἡμῶν
3010 1033 3218 1104 Ἰησοῦς
3273 1037 3501 1108 Χριστὸς
3547 1040 3720 1092 είπώνι

2175 1117 2574 1185 Πορευθέντες
2593 1125 3012 1190 μαθητεύσατε
3057 1125 3259 1181 πάντα
3314 1129 3387 1183 τὰ
3432 1129 3599 1198 ἔθνη,
3625 1133 3723 1197 ,ϐα-

2176 1207 2480 1276 πτίζοντες
2503 1214 2726 1280 αὐτοὺς
2757 1217 2845 1282 εὶς
2889 1218 2957 1271 τὸ
2987 1218 3175 1288 ὄνομα
3207 1219 3314 1273 τοῦ
3353 1223 3594 1292 Πατρός,
3637 1226 3722 1281 και

2174 1302 2283 1355 τοῦ
2327 1305 2498 1372 Υίοῦ,
2528 1306 2625 1360 καὶ
2669 1309 2776 1363 τοῦ
2813 1311 2988 1381 ἁγίου
3032 1316 3399 1386 Πνεύματος.
3446 1317 3642 1372 οὐκοῦν
3680 1321 3723 1375 oi

2175 1394 2611 1468 άναγεννώμενοι
2643 1401 2724 1464 είς
2754 1403 2961 1475 ταύτην
2979 1406 3079 1474 τὴν
3107 1407 3311 1470 πίστιν,
3346 1409 3579 1473 εὐσεϐῶς
3606 1413 3727 1464 νοεῖν

2174 1483 2272 1574 τάς
2318 1489 2382 1541 ἐκ
2427 1489 2532 1544 τῶν
2582 1491 2861 1564 ὀνομάτων
2912 1498 3120 1564 ἐννοίας
3167 1500 3472 1572 ὀφείλομεν.
3521 1501 3590 1555 Οὐ
3635 1503 3726 1574 γάρ

2175 1571 2296 1629 εἷπε
2311 1594 2324 1607 '
2353 1580 2744 1651 Βαπτίζοντες
2768 1587 2990 1653 αὐτοὺς
3011 1591 3090 1652 είς
3113 1590 3173 1644 τὸ
3197 1571 3368 1662 ὄνομα
3394 1591 3485 1646 τοῦ
3512 1571 3724 1666 ἀσάρκοιι

2176 1671 2271 1722 καὶ
2298 1672 2695 1743 σαρκωθέντος,
2717 1678 2749 1748 ἢ
2778 1679 2872 1732 τοῦ
2892 1681 3162 1736 ἀθανάτου
3174 1684 3281 1758 -καὶ
3305 1685 3534 1739 θανάτου
3556 1689 3725 1758 πεῖραν

483 1735 620 1802 perti
643 1754 656 1798 ;
683 1752 858 1808 neque
884 1741 1108 1811 ingeniti
1131 1753 1182 1797 et
1208 1746 1410 1815 geniti;
1439 1747 1534 1804 sed
1557 1749 1610 1802 in
1629 1751 1842 1804 nomine
1857 1749 2063 1816 Patris,

2169 1735 2446 1828 λαϐόντος,
2478 1766 2510 1837 ἢ
2541 1768 2636 1822 τοῦ
2655 1735 2968 1842 -άίεννήτου
2999 1735 3094 1828 καί
3563 1735 3724 1844 ⁷είιεΐτὸ

479 1834 527 1878 et
567 1825 720 1893 Filii,
747 1839 798 1885 et
832 1831 1066 1901 Spiritus
1101 1839 1293 1904 sancti,
1331 1847 1388 1894 ut
1415 1843 1810 1912 appellationes
1845 1853 2063 1899 natura-

2170 1851 2279 1906 τοῦ
2306 1825 2558 1924 Harpe-(3
2592 1859 2693 1912 καὶ
2721 1825 2833 1916 τοῦ
2860 1825 2872 1842 Ι
2890 1825 3062 1932 ficii,
3095 1825 3193 1920 καὶ
3224 1825 3334 1922 τοῦ
3372 1825 3543 1938 άγίου
3567 1825 3724 1924 Himi-

481 1917 629 1974 libus
670 1936 736 1975 ex
789 1924 953 1981 rebus
1002 1929 1305 1986 translatas
1344 1932 1661 1999 audientes,
1706 1933 1927 1991 Patrem
1983 1939 2068 1992 sui

481 2010 682 2066 similis
711 2023 920 2070 naturae
958 2019 1289 2090 principium
1326 2023 1739 2096 intelligamus;
1773 2027 2070 2100 itidemque

479 2101 605 2158 Filii
649 2122 848 2163 nomen
899 2111 1207 2179 audientes,
1255 2113 1453 2171 Filium
1503 2118 1625 2188 ejus
1673 2117 1874 2182 Patris,
1907 2122 2068 2193 cujus

479 2195 654 2254 Filius
687 2211 793 2265 est,
828 2203 1064 2258 similem
1098 2220 1223 2261 esse
1261 2208 1590 2279 cogitemus.
1636 2209 1930 2268 Credimus
1963 2214 2068 2286 igi-

477 2299 571 2372 tur
604 2290 658 2344 in
709 2289 960 2358 Patrem,
1003 2303 1059 2350 et
1092 2294 1332 2365 Filium,
1369 2307 1424 2354 et
1466 2298 1733 2371 Spiritum
1774 2313 2064 2373 sanctum;

479 2368 588 2434 non
641 2382 694 2436 in
730 2393 1034 2440 creatorem
1060 2427 1075 2451 ,
1119 2397 1174 2444 et
1218 2397 1549 2447 creaturam.
1599 2394 1761 2449 Aliud
1795 2395 1940 2450 enim
1981 2403 2068 2452 est

477 2484 695 2530 creator
733 2486 788 2532 et
825 2489 1101 2544 creatura,
1147 2481 1294 2538 aliud
1349 2483 1508 2540 Pater
1555 2493 1609 2541 et
1654 2485 1845 2543 Filius.
1887 2487 1969 2544 Ob
2011 2489 2065 2544 id

477 2559 776 2639 utrumque
822 2572 1049 2628 notione
1097 2575 1214 2644 ipsa
1265 2585 1578 2646 separatum
1619 2589 1719 2633 est.
1767 2577 1901 2633 Nam
1937 2596 2063 2635 cum

476 2668 790 2714 creaturam
825 2661 972 2727 dico,
1019 2665 1258 2735 prierem
1291 2682 1412 2722 esse
1451 2678 1754 2724 creatorem
1787 2671 2061 2741 signiﬁco.

475 2751 544 2804 At
578 2749 702 2806 Filii
751 2768 856 2808 vox
903 2770 968 2808 ex
1016 2755 1182 2810 rebus
1227 2767 1490 2828 usurpata
1543 2763 1844 2830 corporeis.
1890 2771 1943 2816 et
1994 2763 2063 2818 ab

477 2840 859 2901 affectionibus
891 2847 1018 2909 illis,
1047 2863 1109 2901 ac
1128 2849 1298 2918 proﬁu
1310 2851 1409 2908 viis
1432 2853 1700 2908 seminum
1718 2870 1838 2925 quae
1860 2855 1914 2910 in
1937 2871 2062 2910 cor-

475 2938 662 3006 poreis
704 2939 956 3008 patribus
1009 2940 1246 3011 ﬁliisque
1282 2951 1606 3012 cernuntur,
1649 2955 1878 3019 purgata
1924 2964 2063 3019 quo-

475 3029 793 3096 dammodo,
850 3048 915 3086 ac
965 3031 1229 3088 defaecata
1279 3043 1516 3090 mentem
1566 3046 1809 3094 nostram
1862 3040 1918 3094 in
1953 3055 2059 3094 una

477 3121 792 3192 incorporei
833 3121 957 3178 Filii
994 3125 1064 3178 ab
1118 3125 1446 3196 incorporeo
1485 3127 1646 3185 Patre
1696 3130 2062 3200 productione

474 3214 682 3286 deﬁgit.
739 3215 1087 3289 Quapropter
1122 3228 1388 3275 creaturae
1425 3237 1644 3292 quoque
1692 3240 1759 3278 ex
1795 3239 1861 3279 eo
1912 3225 2061 3294 quod

473 3320 799 3376 corporeum
840 3317 946 3373 est,
997 3309 1318 3364 translatam
1366 3311 1648 3366 notionem
1702 3312 1952 3382 illigavit.
1992 3311 2062 3366 Et

473 3400 735 3469 quoniam
788 3411 1057 3458 creatura:
1099 3403 1246 3459 nuda
1295 3405 1439 3459 ratio
1478 3401 1677 3458 Filium
1717 3404 2059 3460 constituere

472 3495 683 3564 nequit,
713 3511 742 3549 a
774 3505 1022 3551 creatore
1050 3505 1104 3552 et
1128 3505 1381 3552 creatura
1411 3497 1658 3567 quaedam
1689 3511 2006 3562 secernens,
2027 3511 2058 3549 a

472 3595 718 3646 creatore
750 3588 1034 3651 nimirum,
1071 3589 1116 3644 si
1143 3587 1209 3642 ad
1245 3596 1555 3645 creaturam
1601 3587 1891 3653 referatur,
1928 3603 2053 3658 pas-

472 3678 645 3732 sionis
693 3679 972 3748 expertem
1025 3689 1263 3747 statum;
1300 3696 1329 3734 a
1377 3689 1629 3736 creatura
1671 3696 1802 3735 vero
1841 3681 2058 3735 ﬁrmant

473 3767 760 3838 quiddam,
791 3777 843 3823 et
896 3771 1158 3833 solidum,
1211 3772 1356 3841 quod
1403 3773 1471 3827 ab
1515 3779 1740 3842 experte
1783 3773 2057 3842 passionis

475 3868 728 3913 creatore
767 3861 1074 3929 profectum
1117 3872 1221 3927 est,
1256 3869 1366 3916 tam
1421 3879 1451 3918 a
1485 3878 1752 3934 corporeo
1801 3863 1964 3919 Patre
2003 3874 2058 3919 et

474 3947 635 4012 Filio,
654 3966 816 4020 quam
851 3969 878 4006 a
910 3963 1161 4010 creatore
1187 3967 1242 4011 et
1271 3963 1546 4018 creatura,
1571 3955 1865 4025 perfectam
1896 3957 2058 4010 nobis

472 4056 539 4095 ac
566 4041 836 4098 sinceram
868 4044 935 4100 de
962 4045 1125 4102 Patre
1155 4044 1405 4117 Filioque
1432 4047 1682 4102 notitiam
1716 4046 2054 4103 informavit.

443 4115 688 4188 ‘Etcnim
736 4135 780 4191 si
832 4151 860 4189 a
896 4146 1149 4193 creatura
1200 4148 1382 4195 certas
1427 4139 1720 4211 qualitates
1762 4141 2053 4208 exemeris,

471 4223 644 4291 velut,
684 4225 829 4294 quod
866 4239 1020 4282 extra
1065 4237 1370 4284 creatorem
1423 4229 1713 4293 subsistat,
1742 4229 1888 4301 quod
1927 4245 2053 4285 cum

470 4317 698 4372 materia
747 4328 999 4374 concreta
1049 4322 1140 4384 sit,
1184 4321 1402 4392 aliaque
1447 4322 1500 4376 id
1547 4337 1741 4392 genus,
1774 4337 1896 4393 qua:
1925 4337 2056 4376 cor-

2164 1961 2375 2012 ματος,
2405 1947 2493 2001 ἶνα
2531 1951 2812 2021 ὀνομάτων
2840 1956 3280 2027 προσακούοντες
3316 1959 3425 2013 ἀπὸ
3459 1959 3564 2013 τῶν
3592 1978 3723 2030 ιρυιιι⁸

2169 2035 2303 2100 κῶν,
2336 2037 2417 2108 [ἐν
2446 2037 2550 2112 οἷς]
2581 2043 2672 2095 τὸν
2700 2045 2919 2118 Πατέρα
2949 2047 3120 2103 αῐτιον
3145 2033 3341 2121 ὀμοίᾶς
3374 2051 3535 2105 αὐτοῦ
3563 2052 3725 2116 οὐσίας

2168 2127 2459 2200 ἐννοῶμεν,
2498 2133 2592 2186 καὶ
2620 2134 2680 2187 τὸ
2717 2135 2887 2207 ὄνομα
2913 2139 3006 2192 τοῦ
3054 2139 3185 2193 Υίοῦ
3214 2141 3509 2207 ἀκούοντες
3528 2183 3541 2207 ,
3567 2143 3725 2213 ὅμοιον

2168 2221 2454 2294 νοήσωμεν
2493 2225 2585 2279 τὸν
2621 2227 2749 2281 Υἱὺν
2796 2230 2891 2284 τοῦ
2933 2231 3180 2302 Πατρὸς,
3231 2227 3296 2288 οῦ
3331 2235 3480 2289 ἐστιν
3535 2238 3562 2289 ὀ
3595 2235 3721 2298 Υἱός.

2181 2311 2616 2386 Ἐπιστεὺσαμεν
2652 2313 2746 2371 οῦν
2789 2321 2870 2384 είς
2917 2321 3159 2393 Πατέρα,
3188 2323 3284 2376 καὶ
3302 2324 3451 2390 Υίὸν,
3477 2325 3567 2377 καὶ
3593 2325 3724 2392 ἅγιον

2167 2398 2414 2470 Πνεῦμα,
2444 2402 2542 2456 οὐκ
2570 2405 2650 2468 είς
2677 2405 2908 2478 κτίστην
2926 2410 3022 2462 καὶ
3047 2406 3274 2483 κτίσμα.
3311 2413 3474 2468 Ἀλλο
3496 2413 3598 2484 γάρ
3624 2417 3722 2467 ὲστι

2167 2491 2394 2563 κτίστης
2417 2493 2508 2547 καὶ
2548 2497 2781 2566 κτίσμα,
2821 2499 2950 2553 ἄλλο
2993 2501 3183 2573 Πατὴρ
3232 2503 3333 2558 καὶ
3373 2506 3403 2558 ὀ
3433 2505 3585 2569 Υίός·
3609 2504 3722 2558 διότι

2165 2583 2494 2656 κεχώρισται
2550 2588 2756 2642 τούτων
2826 2591 3086 2664 ἑκάτερον
3140 2596 3206 2666 τῇ
3258 2595 3463 2667 ἐννοίᾳ.
3511 2595 3580 2650 Τὸ
3630 2595 3723 2666 γὰρ

2165 2675 2372 2744 κτίσμα
2406 2677 2600 2744 λέγων,
2630 2679 2847 2751 πρῶτον
2890 2683 3116 2755 κτίστην
3145 2686 3313 2756 φημί.
3352 2687 3464 2740 Καὶ
3497 2682 3720 2751 τδ,Υίὸς,

2164 2765 2242 2830 ὡς
2290 2768 2399 2822 ἀπὸ
2437 2772 2765 2841 σωματικῶν
2809 2775 3387 2848 προσλαμϐανόμενον,
3428 2779 3521 2833 καὶ
3559 2778 3639 2832 διὰ
3664 2777 3722 2831 τὰ

2165 2858 2314 2930 πάθη
2359 2861 2453 2914 καὶ
2495 2862 2594 2926 τὰς
2632 2865 2936 2937 ἀπορροίας
2979 2867 3090 2922 τῶν
3135 2869 3470 2939 σωματικῶν
3498 2870 3721 2941 πατέρων

2163 2952 2259 3004 καὶ
2289 2953 2417 3006 υἱῶν
2452 2954 2708 3028 καθαρῶς
2749 2961 2830 3022 εἰς
2861 2959 2960 3031 τὴν
2991 2961 3084 3014 τοῦ
3109 2959 3170 3026 ἐξ
3194 2961 3496 3034 ἀσωμάτου
3533 2960 3720 3032 Πατρδς

2167 3043 2458 3114 ἀσωμάτου
2507 3045 2639 3099 Υίοῦ
2681 3046 2913 3120 ὓπαρξιν
2947 3049 3159 3122 ἵστησιν
3190 3051 3426 3106 ἔννοιαν.
3463 3052 3560 3106 Διὰ
3587 3049 3722 3104 τοῦτο

2120 3123 2132 3143 ⁸
2166 3137 2259 3189 καὶ
2287 3136 2386 3208 τὴν
2425 3139 2518 3192 τοῦ
2551 3139 2850 3209 κτίσματος
2902 3142 3010 3196 ἀπὸ
3052 3144 3372 3214 σωματικοῦ
3412 3141 3721 3217 παρέπλεξεν

2165 3225 2392 3282 ἔννοιαν.
2435 3231 2546 3284 Καὶ
2573 3231 2759 3304 ἐπειδὴ
2788 3233 2848 3286 τὸ
2880 3235 3086 3304 κτίσμα
3114 3235 3144 3288 ὃ
3173 3239 3320 3288 ποιεῖ
3350 3236 3370 3268 ³
3403 3235 3526 3289 Υίὸν
3561 3233 3718 3306 μόνον.

2163 3317 2271 3371 ἀπὸ
2291 3319 2386 3372 τοῦ
2417 3320 2634 3374 κτίστου
2667 3322 2876 3376 καὶτοῦ
2907 3323 3204 3394 κτίσματος
3236 3323 3422 3378 λαϐὼν
3449 3323 3510 3376 τό
3540 3320 3720 3382 ἀπαθὲς

2164 3410 2258 3462 τοῦ
2279 3411 2575 3476 κτίζοντος,
2599 3413 2676 3478 ὡς
2695 3415 2831 3487 πρὸς
2843 3415 2904 3468 τὸ
2926 3415 3154 3485 κτίσμα,
3182 3417 3278 3469 καὶ
3300 3416 3398 3470 τοῦ
3425 3415 3714 3485 κτίσματος,

2165 3502 2226 3554 τὸ
2255 3501 2315 3566 ἐξ
2342 3502 2588 3566 ἀπαθοῦς
2613 3503 2707 3557 τοῦ
2755 3506 3033 3570 κτίζοντος
3062 3505 3382 3576 ὑφεστῶτος
3409 3507 3597 3573 πάγιον
3621 3502 3720 3556 κτί-

2168 3593 2296 3658 ζων,
2331 3594 2582 3648 ἐϐούλετο
2605 3594 2626 3626 δ
2651 3595 2861 3650 τελείαν
2888 3600 2952 3650 ἐκ
2998 3597 3094 3651 τοῦ
3143 3596 3461 3669 σωματικοῦ
3534 3595 3714 3668 πατρὸς

2169 3686 2265 3738 καὶ
2285 3685 2530 3756 δΥίοῦμέκ
2560 3688 2874 3758 σωματικοῦ
2912 3690 3130 3742 κτίστου
3159 3692 3254 3743 καὶ
3284 3690 3597 3760 κτίσματος,
3629 3685 3714 3754 τὴν

2163 3777 2294 3847 περὶ
2342 3779 2554 3849 Πατρὺς
2598 3779 2692 3832 καὶ
2731 3780 2864 3834 Υίοῦ
2917 3780 3175 3853 καθαρῶς
3223 3783 3377 3852 ἡμᾶς
3427 3777 3717 3834 ἐπαίδευσεν

2162 3869 2390 3923 ἔννοιαν.
2431 3870 2865 3944 ’Ᾱφαιρουμὲνου
2906 3873 3016 3944 γὰρ
3045 3874 3154 3927 ἀπὸ
3197 3873 3294 3927 τοῦ
3326 3874 3615 3944 κτίσματος
3637 3864 3715 3919 τοῦ

2163 3976 2221 4012 τε
2256 3959 2453 4024 ἔξωθεν
2482 3962 2790 4030 ὑφεστῶτος
2815 3965 2907 4018 καὶ
2939 3967 3033 4020 τοῦ
3061 3964 3267 4028 ὑλικοῦ,
3297 3966 3394 4019 καὶ
3417 3963 3523 4017 τῶν
3545 3959 3712 4020 ἄλλων,

2163 4051 2265 4105 ὅσα
2294 4053 2423 4122 περὶ
2451 4053 2473 4084 '
2520 4055 2835 4124 σωματικοῦ
2863 4056 3162 4128 κτίσματος
3194 4057 3256 4112 τὸ
3283 4057 3457 4128 ὀνομα
3484 4052 3714 4144 περιέχεῇ

2168 4142 2305 4214 μόνη
2336 4144 2446 4197 ἀπὸ
2471 4143 2567 4197 τοῦ
2613 4145 2913 4216 κτίσματος
2945 4147 3095 4218 μένει
3124 4148 3157 4218 ἡ
3185 4146 3429 4218 ἀπαθὴς,
3459 4143 3610 4215 φημὶ,
3634 4142 3713 4190 τοῦ

2161 4234 2483 4305 κτίσματος,
2509 4237 2604 4290 καὶ
2631 4238 2814 4290 τελεία
2847 4238 2940 4292 τοῦ
2967 4238 3312 4309 κτιζομένου,
3339 4241 3433 4293 καὶ
3452 4238 3510 4292 ὃν
3532 4237 3551 4267 ⁸
3575 4229 3716 4306 ὴὸοὗ⁶

2161 4325 2284 4379 λετο
2317 4329 2344 4379 ὁ
2378 4329 2576 4392 κτίζων
2609 4329 2888 4394 κτίζεσθαι
2921 4331 2982 4384 τὸ
3014 4330 3354 4401 κτιζόμενον,
3386 4331 3576 4385 ἔννοια.

470 4425 648 4479 pereas
695 4418 961 4467 creaturae
999 4415 1291 4484 appellatio
1318 4415 1587 4478 continet,
1633 4415 1747 4470 sola
1788 4415 2050 4485 deinceps
2102 4419 2376 4488 supererit
2427 4433 2456 4472 a
2499 4422 2757 4489 passione
2800 4433 3006 4477 remota
3049 4422 3404 4494 perfectaque
3455 4426 3709 4476 creatum,

469 4502 700 4570 ejusque
735 4519 895 4573 quem
931 4515 1148 4561 creator
1177 4508 1458 4576 procreari
1489 4506 1744 4570 voluerit,
1773 4506 1948 4562 notio.

543 4597 599 4652 Si
637 4598 802 4669 igitur
828 4615 859 4654 a
899 4609 1148 4655 creatore
1188 4608 1243 4656 et
1273 4608 1529 4656 creatura
1576 4601 1882 4671 segregatis
1926 4600 2056 4655 reli-

2231 4595 2294 4648 Εἰ
2320 4589 2413 4647 οῦν
2440 4595 2548 4649 ἀπὸ
2571 4597 2666 4651 τοῦ
2690 4598 2910 4652 κτίστου
2936 4599 3031 4652 καὶ
3054 4597 3150 4652 τοῦ
3184 4599 3480 4671 κτίσματος
3507 4598 3571 4654 τὰ
3598 4598 3711 4654 ἄλλα

470 4691 624 4762 quis,
671 4692 891 4746 unicam
955 4692 1102 4746 illam
1161 4692 1438 4747 notionem
1497 4689 1835 4761 deligamus,
1871 4706 1979 4762 qua
2025 4707 2057 4746 a

472 4782 752 4854 passionis
785 4793 1011 4855 experte
1042 4783 1415 4855 perfectoque,
1459 4798 1525 4838 ac
1564 4784 1749 4839 stabili
1787 4790 2059 4846 creatore.

472 4882 528 4927 et
573 4872 842 4942 ejusmodi
889 4874 1165 4947 denique.
1213 4874 1522 4945 cujusmodi
1576 4884 1887 4929 creaturam
1937 4889 2062 4930 esse

473 4965 670 5027 voluit,
703 4965 1005 5021 der-iratam
1038 4966 1186 5021 illam
1221 4967 1798 5039 concipimus,‘8&.9
1825 4983 2062 5024 consen-

474 5063 696 5110 taneum
735 5066 840 5119 est,
870 5071 928 5112 ιιι
963 5074 1031 5112 ex
1059 5056 1241 5116 Patris
1266 5057 1502 5131 Filiique
1531 5061 1782 5128 vocibus,
1813 5061 2062 5131 quando-
2095 5051 2097 5053 ’

475 5142 696 5212 quidem
725 5145 780 5199 in
808 5145 1050 5213 Patrem,
1083 5164 1147 5203 ac
1180 5148 1376 5204 Filium
1409 5151 1636 5207 credere
1671 5152 1944 5222 praecipue
1971 5150 2059 5205 di-

475 5237 735 5302 dicimus,
767 5239 1040 5301 eamdem,
1080 5247 1138 5293 ut
1173 5242 1291 5310 pios
1324 5258 1389 5297 ac
1421 5243 1712 5314 religiosos
1751 5242 1926 5307 decet,
1961 5259 2058 5297 no-

475 5326 653 5378 titiam
683 5326 1030 5380 ltauriamus.

544 5415 629 5472 IV.
674 5417 1040 5484 Quamobrem
1074 5420 1119 5474 si
1150 5421 1201 5475 in
1238 5437 1296 5477 re
1326 5426 1624 5495 proposita,
1659 5427 1710 5480 in
1747 5425 1908 5480 Patre
1934 5424 2053 5479 dis-

473 5521 783 5576 cernamus,
836 5509 888 5562 id
932 5512 1077 5581 quod
1127 5513 1406 5569 adhaerere
1454 5515 1612 5579 solet,
1657 5523 1714 5569 ut
1751 5532 1874 5570 cum
1920 5531 2056 5585 qua-

545 5685 567 5758 :
598 5686 854 5758 llj‘hcss.
887 5705 946 5752 ιι,
987 5690 1037 5745 4.
1114 5694 1134 5724 ³
1171 5691 1362 5748 Matth.
1396 5708 1590 5758 xxvm,
1634 5695 1719 5750 19.

477 5753 498 5786 ⁸
525 5754 589 5811 F.
621 5750 747 5808 οἷον.

1803 5695 1820 5725 ³
1856 5694 1916 5749 F.
1953 5695 2011 5745 οὐ
2039 5695 2199 5746 ποιεῖ.

2164 4685 2326 4740 πάλιν
2369 4687 2721 4751 ἐκϐάλλοντες
2743 4729 2757 4753 ,
2791 4689 2893 4758 τὴν
2940 4688 3000 4752 ἐξ
3029 4689 3276 4752 ἀπαθοῦς
3303 4689 3398 4742 τοῦ
3429 4689 3706 4752 κτίζοντος,

2161 4778 2256 4830 καὶ
2284 4778 2490 4832 τελείου
2521 4795 2581 4831 τε
2601 4820 2615 4844 ,
2653 4781 2850 4849 παγίου
2876 4819 2891 4844 ,
2929 4781 3024 4833 καὶ
3052 4775 3164 4833 οἷον
3190 4780 3443 4834 ἐϐούλετο
3485 4776 3613 4833 εἷναι
3657 4775 3709 4829 τὸ

2161 4869 2402 4940 κτίσμα,
2457 4870 2626 4941 μόνην
2685 4871 3106 4941 λαμϐανομένην
3158 4871 3388 4936 ἔννοιαν,
3445 4866 3707 4924 ἀκόλουθόν

2167 4961 2317 5015 ἐστιν
2333 4961 2441 5014 ἀπὸ
2467 4961 2562 5014 τοῦ
2593 4963 2807 5033 Πατρὺς
2835 4964 2930 5015 καὶ
2956 4961 3052 5014 τοῦ
3075 4963 3207 5015 Υίοῦ
3229 4963 3524 5033 ὀνομάτων,
3543 4957 3704 5028 ἐπειδὴ

2164 5054 2398 5123 μάλιστα
2424 5057 2504 5117 είς
2527 5055 2747 5124 Πατέρα
2781 5056 2875 5108 καὶ
2900 5055 3028 5108 Υἱὸν
3055 5055 3333 5108 πιστεύειν
3359 5054 3700 5124 ἐδιδάχθημεν.

2158 5147 2306 5201 Μίαν
2341 5143 2434 5201 οῦν
2461 5166 2581 5201 τινα
2613 5148 2852 5212 εὐσεϐῶς
2883 5149 3177 5219 λαμϐάνειν
3219 5151 3367 5221 ἡμᾶς
3391 5149 3586 5202 ἔννοιαν
3616 5143 3700 5199 δεῖ.

2232 5421 2305 5474 Δ’.
2347 5419 2437 5472 Διὸ
2474 5419 2568 5472 καὶ
2606 5419 2699 5471 ἐπὶ
2733 5419 2907 5488 τούτῳ
2946 5416 3340 5486 ἐκϐαλλομένου
3380 5413 3472 5468 τοῦ
3501 5405 3626 5464 κατὰ
3650 5403 3698 5456 τὸ

2163 5513 2371 5579 πάθος,
2407 5514 2440 5582 ἢ
2486 5511 2798 5584 ἀπορροὴν,
2841 5511 2933 5563 τὸν
2981 5511 3202 5582 Πατέρα
3247 5507 3456 5579 πατέρα
3492 5497 3696 5556 νοεῖσθαι

2273 5691 2294 5723 δ
2324 5689 2384 5746 F.
2422 5692 2514 5745 καὶ
2547 5684 2658 5745 οἷον
2689 5689 2959 5752 ἐϐούλετο,
3019 5697 3077 5744 ιιι
3103 5687 3263 5744 infra.
3341 5689 3361 5717 ⁵
3393 5685 3452 5740 F.
3489 5684 3686 5750 ὅσαπερ.
