3988 6456
250 385 358 442 ιω

891 382 1264 443 Αυνειιευε
1300 382 1647 459 ΗΕιιΕδΕΒ
1678 387 1808 444 LIB.

1925 431 1940 448 .
1981 389 2149 449 TOM.
2190 389 2322 446 l.—
2360 390 2633 449 HERES.
2674 391 2909 452 LX-Xlll.

247 506 355 562 τοῦ
384 484 534 570 ﬂed,
565 508 661 561 καὶ
681 510 773 561 τὸν
801 505 932 560 Υίδν
966 505 1042 578 μὴ
1080 507 1471 579 σπερματικῶς
1498 508 1821 583 καταϐεϐληι

1943 511 2069 567 dam
2099 510 2405 575 aﬁectione,
2448 510 2829 584 proﬂuvioque
2877 512 3000 569 Filii
3056 526 3211 582 pater
3256 518 3528 597 intelliga-

244 599 420 670 μένον
462 605 800 671 σωματικοῖς
844 597 1062 669 φύσεως
1094 597 1471 666 τελειοῦσθαι,
1521 600 1617 654 καὶ
1653 617 1837 654 κινου-

243 691 439 763 μένοις
462 692 551 745 ἀεὶ
578 691 718 763 πρὸς
745 689 916 763 αῦξην
946 691 1042 744 καὶ
1090 690 1298 762 φθοράν
1319 732 1336 757 ,
1362 690 1439 755 ὡς
1459 691 1530 745 τά
1549 693 1836 763 σωματικά

238 783 400 854 ἔχειν
443 786 571 848 τοὺς
611 785 1006 856 χαρακτῆρας,
1040 783 1174 855 μόνη
1205 783 1696 857 παραληφθήσεται
1744 785 1835 840 ἐν-

238 870 371 930 νοὶα
403 875 499 929 τοῦ
529 875 740 946 ὁμοίου.
778 876 868 940 Ὠς
890 874 999 947 γὰρ
1029 874 1139 929 άπὸ
1172 874 1267 930 τοῦ
1307 875 1636 947 κτίσματος,
1672 877 1837 932 πάλιν

239 966 510 1040 ἐροῦμεν,
543 967 761 1021 πάντων
799 966 1237 1038 ἐκϐεϐλημένων,
1271 967 1596 1040 παρελήφθη
1631 971 1665 1038 ή
1690 968 1836 1023 ἀπα-

240 1059 345 1130 θὴς
392 1059 491 1131 μὲν
516 1058 614 1113 τοῦ
662 1059 965 1123 κτίζοντος,
999 1058 1180 1112 τελεία
1204 1099 1218 1123 ,
1248 1058 1345 1111 καὶ
1389 1058 1508 1111 οἵαν
1548 1058 1832 1129 ἠϐούλετο,

244 1153 341 1207 καὶ
400 1152 436 1223 ή
488 1151 661 1220 παγία
695 1148 791 1204 τοῦ
841 1149 1141 1221 κτίσματος
1177 1165 1193 1180 ·
1246 1147 1391 1203 οὑτω
1440 1148 1536 1203 καὶ
1587 1150 1682 1203 ἐπὶ
1733 1151 1830 1204 τοῦ

241 1243 461 1314 Πατρός
495 1241 591 1297 καὶ
644 1240 777 1295 Υίοῦ
797 1281 812 1306 ,
871 1238 1287 1312 ἐπιϐεϐλημένων
1334 1240 1445 1295 τῶν
1498 1240 1833 1312 σωματικῶν

235 1335 503 1401 πάντων,
540 1333 1032 1407 παραληφθήσεται
1082 1335 1218 1407 μόνη
1252 1335 1286 1405 ή
1337 1335 1526 1405 ὁμοίου
1565 1334 1661 1389 καὶ
1707 1334 1831 1389 κατ’

230 1428 436 1483 οὐσίαν
461 1425 603 1494 ζώου
620 1426 1020 1499 γενεσιουργία.
1050 1425 1271 1498 Ἐπειδὴ
1296 1426 1405 1490 πᾶς
1429 1425 1610 1498 πατὴρ
1635 1425 1831 1497 ὁμοίας

228 1518 436 1584 οὐσίας
473 1518 638 1574 αὑτοῦ
670 1521 868 1572 νοεῖται
895 1519 1099 1590 πατήρ.
1130 1517 1195 1571 El
1227 1517 1284 1571 δὲ
1317 1516 1458 1586 μετὰ
1485 1517 1593 1571 τῶν
1624 1516 1831 1571 λοιπῶν

229 1608 505 1664 ἁπάντων
530 1647 546 1674 ,
580 1606 644 1662 ἐκ
674 1624 736 1661 τε
789 1606 886 1662 τοῦ
941 1606 1149 1679 πατρὸς
1180 1605 1276 1660 καὶ
1322 1603 1442 1660 υἱοῦ
1500 1605 1832 1677 σωματικῶν

227 1701 527 1773 ὀνομάτων
557 1699 971 1773 ἐκϐαλλομένων
999 1697 1218 1754 ἐννοιῶν
1237 1737 1253 1763 ,
1294 1696 1706 1752 συνεκϐάλλοιτο
1734 1698 1830 1751 καὶ

224 1794 267 1864 ἡ
313 1794 481 1865 ὁμοία
513 1793 632 1847 κατ’
674 1792 863 1847 οὐσίαν
896 1789 1035 1856 ζώου
1078 1791 1296 1863 Πατρὸς
1342 1790 1661 1863 παρέχουσα
1692 1791 1829 1863 ἡμῖν

1939 609 2060 668 tur;
2095 610 2151 657 et
2181 598 2380 655 Filium
2411 601 2564 655 nullo
2600 604 2812 660 semine
2856 616 3213 678 propagatum
3248 614 3520 685 concipiao

1936 706 2062 747 mus
2104 693 2323 759 animo;
2356 707 2538 762 neque
2565 693 2860 762 ejusmodi,
2896 703 2956 749 ut
2987 701 3271 768 corporeis
3314 712 3527 761 naturae

1933 783 2153 839 viribus
2184 784 2485 849 adolescat,
2526 783 2582 841 et
2633 784 2702 840 ad
2752 786 3171 856 incrementum,
3216 797 3496 866 corruptio

1933 886 2173 943 nemque
2206 873 2447 929 vicissim
2481 880 2747 938 transeat,
2773 890 2894 945 qua:
2921 886 3053 931 sunt
3074 882 3309 950 propriae
3335 899 3523 941 rerum

1934 977 2323 1035 corporearum
2379 973 2523 1021 nota:
2565 982 2579 1019 :
2627 965 2733 1029 his,
2785 967 3033 1037 inquam,
3085 971 3522 1047 circumscriptis

1933 1055 2211 1121 omnibus,
2247 1055 2381 1110 nihil
2424 1065 2623 1127 praeter
2656 1058 2857 1114 similis
2901 1060 3181 1116 notionem
3212 1063 3517 1127 habebitur.

1934 1144 2008 1202 Ut
2033 1148 2180 1202 enim
2224 1161 2351 1202 cum
2389 1162 2417 1201 a
2446 1156 2702 1204 creatura
2746 1149 2895 1221 (nam
2930 1151 2983 1205 id
3020 1151 3202 1209 denuo
3254 1166 3498 1227 repetem

1932 1238 2063 1294 dum
2106 1238 2213 1309 est)
2246 1240 2584 1297 exclusimus
2623 1243 2831 1307 omnia,
2867 1260 3038 1299 unum
3086 1247 3223 1311 illud
3277 1255 3522 1322 sumpsi-

1931 1345 2090 1386 mus:
2121 1331 2178 1386 in
2208 1340 2459 1387 creatone
2491 1330 2710 1403 quidem
2743 1342 2948 1389 statum
2975 1337 3266 1407 quemdam
3311 1343 3523 1413 passio-

1929 1423 2018 1480 nis
2044 1434 2355 1494 expertem;
2391 1425 2447 1479 in
2474 1436 2726 1481 creatura
2763 1442 2897 1482 vero
2940 1428 3264 1498 perfectam,
3299 1441 3354 1489 et
3382 1433 3539 1506 qua?

1930 1514 2035 1570 lem
2066 1514 2323 1570 conditor
2347 1515 2541 1580 voluit,
2576 1530 2641 1570 ac
2670 1516 2905 1573 solidam
2933 1528 3144 1576 naturae
3170 1524 3518 1593 qualitatem:

1943 1605 2024 1660 sic
2058 1605 2114 1659 in
2169 1604 2387 1661 Patrem
2426 1613 2481 1660 et
2522 1605 2748 1672 Filium,
2794 1612 3076 1680 corporeis
3113 1615 3370 1670 omnibus
3404 1631 3521 1672 am-

1928 1696 2158 1767 putatis,
2202 1699 2367 1754 unica
2418 1698 2637 1762 similis,
2660 1699 2803 1769 quod
2853 1702 2922 1756 ad
2952 1704 3253 1760 essentiam
3299 1707 3518 1774 attinet,

1929 1787 2187 1843 animalis
2218 1788 2505 1858 generatio
2548 1788 2902 1845 transfertur.
2937 1789 3102 1848 Pater
3133 1794 3278 1848 enim
3317 1796 3403 1853 sui
3439 1795 3516 1851 si-

226 1863 425 1952 νοεῖν,
473 1884 658 1940 οὐκέτι
695 1884 849 1938 ἔσται
889 1884 1081 1957 Πατὴρ
1131 1885 1227 1939 καὶ
1254 1883 1384 1947 Υίδς
1416 1883 1821 1954 πιστευόμενος,

1929 1879 2077 1934 milis
2130 1880 2458 1936 substantiae
2525 1896 2678 1951 pater
2711 1895 2742 1935 a
2788 1882 2951 1939 nobis
2983 1885 3328 1957 intelligitur.
3363 1889 3518 1955 Quod

227 1970 382 2025 ἀλλά
432 1970 658 2043 κτίστης
711 1972 809 2025 καὶ
862 1972 1070 2043 κτίσμα
1095 2012 1111 2038 ,
1159 1972 1256 2026 καὶ
1294 1969 1528 2043 περιττὰ
1563 1970 1826 2044 ὀνόματα,

231 2062 415 2134 μηδὲν
437 2063 568 2136 παρ’
601 2064 810 2120 ἑαυτῶν
841 2064 1229 2137 είσφερόμενα.

1922 1971 2104 2026 siuna
2145 1986 2274 2027 cum
2315 1973 2532 2028 caeteris
2582 1974 2843 2031 omnibus
2900 1977 3243 2046 nationibus,
3289 1995 3411 2050 qua:
3451 1997 3519 2036 ex

1933 2062 2106 2130 patris
2138 2068 2197 2117 et
2256 2060 2350 2117 ﬁlii
2397 2063 2716 2120 nominibus
2745 2079 3138 2134 corporearum
3179 2084 3364 2123 rerum
3392 2085 3523 2141 pro-

228 2155 381 2227 priis
415 2155 749 2227 cegitatione
777 2157 1173 2229 praedicuntur,
1221 2164 1436 2215 naturae
1471 2171 1694 2231 quoque
1725 2153 1982 2210 animalis
2019 2168 2144 2208 cum
2207 2153 2366 2208 Patre
2428 2154 2732 2211 similitudo
2782 2158 3024 2226 tollatur,
3081 2175 3113 2214 e
3156 2175 3265 2231 qua
3308 2162 3515 2218 intelli-

230 2246 405 2319 gendi
454 2249 722 2307 rationem
764 2264 984 2306 omnem
1018 2249 1296 2320 ducimus,
1322 2249 1541 2306 Patrem
1587 2248 1827 2319 amplius
1855 2246 2092 2305 nullum,
2124 2252 2222 2299 aut
2253 2243 2452 2300 Filium
2482 2261 2607 2303 esse
2647 2247 2967 2306 credemus:
3034 2250 3132 2306 sed
3185 2260 3515 2324 creatorem,

226 2359 301 2400 ac
345 2353 680 2415 creaturam,
715 2355 770 2403 et
819 2361 1229 2419 supervacanea
1274 2346 1524 2419 quaedam
1569 2348 1817 2410 nomina,
1851 2357 1975 2415 quae
2004 2341 2141 2396 nihil
2174 2357 2273 2413 per
2301 2342 2488 2412 seipsa
2521 2342 2835 2400 conferant.

305 2462 422 2517 Kal.
450 2460 604 2517 ἔσται
635 2461 812 2528 οὕτως
836 2463 1064 2537 κτίστης
1101 2465 1202 2537 μὲν
1229 2464 1306 2530 ὡς
1335 2465 1488 2534 Θεὸς,
1520 2466 1640 2520 κατ’
1667 2463 1821 2520 οὐδὲν

226 2554 375 2619 ὅλως
402 2557 613 2629 Πατήρ.
648 2556 771 2611 Ὀτι
795 2555 904 2630 γὰρ
931 2558 1032 2612 οὑκ
1068 2558 1349 2631 ἐνεργείας
1390 2558 1609 2628 λέγεται
1632 2557 1821 2630 Πατὴρ

227 2646 261 2698 6
292 2646 525 2718 Πατὴρ,
560 2647 676 2701 ἀλλ’
717 2647 909 2719 ὁμοίας
957 2647 1135 2719 ἐαυτῷ
1168 2648 1356 2713 οὐσίας
1390 2649 1489 2721 τῆς
1540 2648 1683 2703 κατά
1720 2648 1821 2721 τὴν

228 2739 447 2794 τοιάνδε
473 2740 752 2811 ἐνέργειαν
780 2740 1126 2813 ὑποστάσης,
1159 2742 1318 2813 δῆλον
1346 2745 1412 2797 ἐκ
1443 2741 1552 2798 τῶν
1576 2743 1822 2813 φυσικῶν

230 2832 547 2904 καθέστηκε
594 2833 891 2906 λογισμῶν.
926 2834 1133 2900 Πολλὰς
1169 2834 1281 2909 γὰρ
1308 2836 1589 2908 ἐνεργείας
1622 2835 1761 2908 ἔχων
1791 2839 1821 2893 6

226 2916 389 2991 θεὸς,
421 2925 558 3000 ἄλλῃ
589 2926 687 2998 μὲν
712 2926 962 2999 ἐνεργείᾳ
984 2928 1209 3000 κτίστης
1237 2931 1458 2994 νοεῖται,
1488 2929 1626 2983 καθὸ
1656 2931 1822 3002 οὐρα-

228 3017 325 3073 νοῦ
358 3019 457 3072 καὶ
482 3018 608 3088 γῆς,
639 3019 734 3072 καὶ
773 3019 991 3073 πάντων
1020 3017 1130 3074 τῶν
1158 3021 1215 3074 ἐν
1250 3020 1462 3090 τούτοις
1486 3038 1501 3052 ’
1544 3021 1683 3076 ἀλλὰ
1721 3023 1819 3076 καὶ

227 3109 343 3164 τῶν
377 3110 627 3182 ἀοράτων
658 3109 882 3183 κτίστης
910 3111 1053 3167 ἐστίί
1077 3113 1269 3187 Πατὴρ
1289 3113 1347 3168 δέ
1373 3115 1713 3186 Μονογενοῦς
1740 3116 1817 3171 ὣν

226 3202 330 3273 οὔχ
381 3200 457 3265 ὡς
484 3200 745 3274 κτίστης,
789 3202 905 3257 ἀλλ’
936 3203 1015 3269 ὡς
1070 3204 1253 3278 πατὴρ
1290 3208 1560 3279 γεννήσας
1591 3211 1814 3263 νοεῖται.

1997 2459 2076 2515 lta
2112 2460 2201 2515 llet
2233 2468 2291 2514 ut
2338 2460 2481 2516 Deus
2515 2442 2735 2517 creator
2763 2462 2856 2530 sit,
2903 2478 3006 2519 nec
3058 2464 3166 2519 ulla
3203 2473 3385 2522 tamen
3429 2483 3519 2523 ra-

1926 2554 2079 2610 tione
2113 2553 2184 2609 sit
2215 2551 2411 2612 Pater.
2431 2552 2584 2618 Quod
2617 2553 2763 2607 enim
2810 2554 2969 2610 Pater
2992 2571 3102 2610 non
3135 2556 3311 2627 ipsius
3346 2561 3519 2616 actio-

1926 2646 2034 2715 nis,
2069 2647 2164 2702 sed
2199 2653 2412 2701 natura:
2452 2646 2741 2715 cujusdam
2788 2647 3010 2711 similis,
3057 2665 3180 2719 qua:
3226 2665 3323 2720 per
3370 2651 3515 2709 illam

1929 2735 2200 2792 aetionem
2235 2738 2478 2801 exsistit,
2515 2737 2677 2793 Pater
2710 2738 3036 2808 appelletur,
3066 2742 3350 2800 naturales
3384 2745 3519 2816 ipsa:

1930 2829 2176 2885 rationes
2240 2829 2523 2885 evidenter
2572 2830 2891 2884 ostendunt.
2947 2829 3083 2885 Nam
3145 2847 3271 2887 cum
3344 2840 3516 2894 multa

1925 2940 2094 2996 penes
2125 2923 2295 2980 Deum
2326 2924 2605 2980 actionum
2657 2941 2856 2996 genera
2903 2928 3033 2991 sint,
3073 2926 3177 2981 alia
3212 2936 3297 2984 est
3347 2931 3514 2993 actio,

1924 3032 2031 3088 qua
2061 3003 2385 3072 creatorem‘
2406 3017 2787 3088 intelligimus,
2828 3027 3100 3088 quatenus
3149 3020 3277 3074 ω)ιί
3315 3027 3509 3077 teme-

1922 3126 2050 3183 que,
2086 3117 2141 3167 ct
2173 3125 2295 3181 quae
2336 3110 2423 3166 his
2470 3111 2826 3167 continentur
2873 3111 3142 3177 onmium,
3190 3103 3405 3169 necnon
3455 3120 3511 3169 ct

1922 3217 2114 3257 eorum
2154 3218 2277 3274 quae
2307 3201 2481 3257 videri
2525 3209 2825 3272 nequeunt,
2858 3212 3078 3259 creator
3106 3212 3211 3260 est.
3248 3204 3520 3264 Eumdcm

226 3292 294 3346 Εί
319 3292 380 3345 δέ
424 3291 515 3346 διὰ
562 3292 663 3365 τὴν
714 3294 969 3371 ὑπόνοιαν
999 3295 1098 3367 τὴν
1136 3274 1266 3370 περὶ
1302 3274 1818 3371 *τοὺς-σωματικοὺς

1925 3309 2051 3371 vero
2081 3293 2231 3348 unici
2255 3291 2377 3348 Filii
2416 3305 2698 3364 parentem
2751 3310 2860 3348 non
2898 3303 3157 3365 tanquam
3187 3304 3511 3360 creatorem,

226 3384 477 3455 πατέρας
503 3401 562 3437 τε
592 3385 690 3439 καὶ
714 3370 882 3453 ὄίοὺς,
914 3386 1023 3443 τῶν
1048 3387 1235 3442 παθῶν
1263 3388 1450 3454 δεδιὼς
1485 3370 1561 3462 μήν
1587 3409 1641 3445 τι
1664 3393 1814 3468 πάθῃ

226 3476 440 3547 γεννῶν
472 3478 501 3530 ό
543 3476 834 3550 ἀσώματος
857 3520 873 3541 ,
905 3481 954 3535 εί
990 3480 1065 3552 μὴ
1091 3480 1283 3547 ἀτελὲς
1320 3483 1404 3554 εἴη
1433 3483 1494 3538 τὸ
1535 3484 1810 3557 γεννώμε-

225 3584 343 3634 νον,
374 3569 471 3623 καὶ
516 3571 617 3624 ὅσα
660 3570 947 3642 συμϐαίνει
977 3573 1107 3646 περὶ
1130 3572 1222 3628 τὸν
1255 3575 1569 3645 σωματικὸν
1600 3577 1815 3647 πατέρα

226 3677 288 3713 τε
317 3662 415 3715 καὶ
458 3663 572 3717 υἱὸν
595 3662 1013 3736 εὐλαϐούμενος,
1047 3665 1301 3734 ἀφέλοιτο
1334 3666 1434 3738 τὴν
1467 3667 1696 3739 γνησίαν
1721 3668 1814 3722 ἐπὶ

228 3753 446 3826 Πατρὸς
476 3756 570 3809 καὶ
620 3753 753 3809 Υίοῦ
792 3755 1001 3811 ἔννοιαν
1026 3798 1043 3824 ,
1095 3759 1278 3812 ὁποῖον
1330 3757 1396 3812 ἂν
1432 3758 1581 3829 λέγοι
1627 3760 1814 3831 ἕτερον

227 3848 468 3920 ποίημα,
502 3849 598 3902 καὶ
624 3848 883 3904 οὐδέποτε
911 3850 1028 3922 ἐρεῖ
1061 3848 1155 3905 τὸν
1182 3851 1312 3905 Υίὺν
1340 3850 1492 3906 Υἱόν.
1541 3850 1667 3905 Εἴτε
1703 3852 1814 3922 γάρ

232 3940 456 4011 μεγέθει
487 3939 897 4012 ὑπερϐάλλοντα
917 3940 1098 4012 λέγοι,
1141 3941 1218 4007 ὡς
1267 3940 1497 4015 οὐρανὸν
1544 3943 1737 4014 ὅρους,
1776 3943 1811 4014 ἢ

230 4031 459 4103 βουνοῦ,
490 4030 586 4086 τοῦ
630 4033 741 4089 τῶν
765 4033 1087 4106 ποιημάτων
1115 4034 1309 4104 γένους
1339 4033 1503 4089 αὐτὸν
1521 4075 1537 4100 ,
1568 4034 1671 4090 κᾶν
1719 4052 1816 4106 με-

227 4124 385 4191 γέθει
437 4123 789 4196 ὑπερϐάλλων
831 4127 1040 4190 νοοῖτο,
1093 4123 1331 4193 ἐλέγξειν
1381 4123 1493 4178 εἴτε
1543 4123 1705 4196 χρείᾳ.
1738 4123 1815 4188 ὼς

230 4215 450 4288 πρῶτον
472 4216 635 4269 αὑτὸν
662 4214 941 4284 γεγονότα,
977 4215 1088 4270 εἴτε
1125 4216 1205 4279 είς
1231 4214 1330 4287 τὴν
1359 4213 1532 4270 ἄλλων
1554 4215 1816 4287 δημιουρ-

230 4306 361 4374 γίαν
405 4305 827 4378 ὑπουργήσαντα
852 4347 868 4373 ,
913 4303 1038 4358 οὗτε
1068 4304 1229 4359 αὑτὸν
1259 4303 1431 4369 οὕτως
1460 4304 1566 4369 ἔξω
1594 4305 1814 4376 ποιήσει

227 4396 336 4467 τῆς
363 4396 472 4450 τῶν
503 4396 824 4469 ποιημάτων
853 4398 1081 4460 ἐννοίας.
1124 4397 1211 4460 Ὧς
1247 4397 1358 4469 γὰρ
1386 4395 1538 4450 οὐδὲν
1569 4395 1814 4468 διαφέρει

228 4492 292 4546 τὸ
336 4494 400 4563 τῇ
440 4490 613 4545 λαϐίδι
660 4492 725 4544 ἐκ
754 4489 849 4544 τοῦ
881 4490 1268 4563 θυσιαστηρίου
1316 4489 1411 4543 τὸν
1455 4489 1703 4561 ἄνθρακα
1737 4489 1815 4560 μὴ

228 4585 367 4655 αὐτῇ
391 4585 458 4655 τῇ
488 4583 630 4654 χειρὶ
648 4582 1043 4654 λαμϐάνεσθαι,
1066 4583 1161 4636 καὶ
1184 4581 1277 4637 διὰ
1300 4579 1506 4654 ταύτης
1531 4581 1566 4652 ή
1590 4579 1816 4651 χαλκευ-

1915 3370 2029 3439 εεά
2061 3394 2322 3455 tanquam
2379 3393 2610 3453 patrem,
2668 3385 2761 3454 qui
2802 3388 3013 3456 genuit,
3061 3402 3187 3442 esse
3227 3387 3515 3457 cognosci-

1914 3490 2062 3531 mus.
2094 3473 2296 3531 Verum
2330 3474 2377 3531 si
2426 3483 2652 3546 propter
2683 3475 2853 3543 illam,
2885 3470 3067 3547 quam
3099 3485 3283 3533 mente
3323 3478 3515 3533 conci-

1915 3570 2119 3638 pimus,
2182 3569 2465 3638 corporeis
2523 3569 2573 3620 in
2604 3567 2854 3640 patribus
2925 3582 2990 3622 ac
3043 3563 3172 3624 ﬁliis
3242 3569 3517 3626 conditio-

1913 3672 2039 3711 nem
2096 3657 2450 3728 passionihus
2502 3655 2822 3720 obnoxiam,
2855 3665 3114 3711 vereatur
3172 3656 3394 3726 aliquis,
3442 3671 3512 3711 ne

1916 3748 1962 3804 si
1996 3749 2249 3821 corporis
2274 3765 2472 3820 expers
2512 3748 2654 3805 Deus
2680 3763 2945 3820 generare
2987 3747 3227 3813 dicatur,
3259 3748 3510 3820 quaedam

1913 3841 1965 3896 ei
1997 3842 2273 3896 tribuatur
2301 3840 2540 3906 affectio,
2577 3848 2672 3894 aut
2702 3841 2904 3911 ipsum,
2938 3839 3084 3911 quod
3107 3841 3374 3912 gignitur,
3413 3840 3515 3895 im-

1914 3930 2222 4003 perfectum
2283 3941 2610 3998 censeatur,
2653 3946 2718 3986 ac
2769 3939 2967 3986 caetera
3022 3930 3078 3985 id
3133 3940 3339 4003 genus,
3393 3947 3515 4003 qua:

1919 4036 2192 4093 corporeo
2235 4022 2380 4090 patri
2435 4021 2660 4093 ﬁlioque
2687 4022 3041 4088 conveniunt,
3070 4023 3117 4076 si
3152 4023 3227 4086 id,
3265 4024 3512 4093 inquam,

1913 4122 2191 4179 metuens,
2230 4129 2551 4185 germanam
2592 4113 2772 4172 Patris
2821 4132 2886 4172 ac
2937 4114 3061 4169 Filii
3105 4118 3383 4173 notionem
3415 4132 3513 4172 au-

1911 4205 2075 4272 ferat,
2106 4221 2173 4262 eo
2204 4207 2423 4263 demum
2455 4208 2758 4273 relabetur,
2798 4210 2961 4264 talem
3011 4216 3072 4262 ut
3116 4207 3316 4264 Filium
3357 4225 3515 4266 asse-

1913 4307 2019 4361 rat,
2044 4296 2232 4370 qualia
2260 4306 2392 4354 sunt
2429 4299 2647 4371 Opificia
2682 4301 2916 4372 reliqua,
2949 4314 3050 4354 nec
3091 4300 3248 4355 illum
3283 4302 3513 4357 omnino

1912 4388 2113 4444 Filium
2174 4389 2429 4460 appellet.
2482 4389 2650 4461 850
2700 4389 2913 4446 Etenim
2964 4392 3081 4447 sive
3135 4393 3510 4464 magnitudine

1915 4497 2180 4553 superare
2211 4481 2432 4548 dixerit,
2459 4482 2923 4553 quemadmodum
2964 4485 3163 4541 coelum
3193 4496 3379 4543 monte
3409 4487 3510 4542 ali-

1917 4590 2051 4645 quo,
2097 4575 2184 4630 vel
2214 4575 2356 4631 colle
2403 4576 2583 4645 majus
2623 4583 2734 4644 est,
2766 4576 2832 4631 ad
2864 4591 3091 4648 operum
3144 4578 3509 4635 nihilominus

231 4646 367 4747 τική
395 4676 412 4707 ί
562 4646 880 4728 ἐπελαύνειν
913 4673 1005 4728 τὸν
1030 4672 1247 4745 σίδηρον
1273 4689 1288 4704 ·
1326 4646 1479 4726 ἐσταί
1646 4671 1742 4726 καὶ
1778 4673 1813 4743 ή

1925 4665 2312 4732 conditionem,
2349 4669 2706 4738 quantumvis
2755 4646 3135 4740 magnitudine
3177 4671 3512 4727 antecellere

230 4769 426 4835 λαϐὶς,
457 4768 554 4822 καὶ
593 4768 622 4821 6
675 4767 763 4822 διὰ
806 4767 1012 4838 ταύτης
1059 4765 1415 4837 ἐλαυνόμενος
1450 4764 1669 4836 σίδηρος
1717 4762 1812 4816 τοῦ

231 4862 424 4930 γένους
477 4860 587 4914 τῶν
643 4860 966 4930 ποιημάτων
999 4875 1014 4890 ο
1054 4858 1228 4923 οὑτως
1279 4857 1434 4912 οὐδὲν
1460 4857 1649 4911 διοίσει
1702 4857 1815 4913 τῶν

234 4953 554 5025 ποιημάτων
586 4954 615 5007 6
640 4952 710 5006 δι’
740 4946 801 5006 οὗ
829 4952 899 5006 τὰ
931 4951 1139 5017 πάντα,
1178 4951 1227 5003 εί
1259 4949 1335 5021 μὴ
1366 4948 1511 5002 ἐστιν
1538 4949 1665 5012 Υἱός
1689 4966 1704 4980 ·
1737 4949 1816 5014 ὡς

233 5048 268 5119 ἡ
318 5046 523 5116 φυσικὴ
570 5044 750 5099 ἔννοια
806 5043 1122 5099 ὑποϐάλλει.
1178 5044 1433 5117 Ποιηθεὶς
1485 5042 1544 5097 δέ
1596 5043 1816 5114 πρῶτος

233 5140 385 5193 ἐσται
421 5138 533 5192 τῶν
579 5140 898 5210 ποιημάτων
920 5177 937 5201 ,
988 5137 1085 5191 καὶ
1134 5130 1367 5208 ὄργανον
1412 5135 1695 5208 γινόμενος
1732 5134 1813 5206 τῷ

156 5258 163 5269 -
238 5232 432 5302 ποιητῇ
455 5268 471 5295 ,
498 5229 565 5283 δι’
591 5224 652 5285 οὗ
687 5229 755 5284 τά
780 5229 958 5283 πάντα
984 5228 1014 5282 ὁ
1055 5228 1283 5300 κτίστης
1321 5225 1633 5300 ἐργάζεται.

1912 4759 2065 4823 velit,
2094 4759 2348 4815 eumdem
2384 4759 2538 4815 illum
2564 4759 2809 4829 abjiciet.
2847 4759 2975 4816 Sive
3001 4778 3105 4817 usu
3150 4769 3205 4818 et
3238 4763 3514 4832 obsequio,

1914 4863 2179 4924 praestare
2209 4853 2425 4910 caeteris
2447 4853 2598 4919 velit,
2633 4852 2780 4923 quod
2819 4852 3027 4923 reliqua
3048 4854 3233 4909 omnia
3282 4869 3510 4925 praeces-

1922 4943 2079 5008 serit,
2135 4951 2189 4999 et
2243 4944 2313 4999 ad
2361 4958 2553 5000 eorum
2602 4944 3020 5014 productionem
3078 4960 3299 5014 operam
3350 4961 3507 5002 suam

1921 5030 2238 5096 contulerit,
2278 5030 2452 5087 nihilo
2496 5041 2675 5086 tamen
2708 5032 2882 5103 magis
2915 5032 2985 5087 ab
3015 5034 3360 5104 opiﬁciornm
3404 5052 3508 5091 no-

1921 5119 2069 5175 tione
2104 5120 2424 5176 vindicabit.
2468 5120 2534 5177 Ut
2553 5121 2700 5175 cnim
2723 5121 2875 5176 nihil
2905 5122 3157 5189 interest,
3183 5125 3232 5180 si
3278 5126 3506 5198 forcipe,

1917 5226 2029 5265 non
2061 5227 2225 5267 manu
2260 5213 2401 5283 ipsa,
2433 5214 2604 5269 carbo
2626 5214 2697 5269 de
2726 5214 2884 5269 altari
2916 5215 3189 5286 capiatur,
3212 5233 3324 5289 quo
3349 5219 3507 5276 illius

238 5320 503 5377 beneficio
544 5321 758 5379 fabrilis
809 5336 901 5378 ars
950 5318 1183 5377 ferream
1234 5320 1495 5374 laminam
1548 5305 1803 5389 inducat;
1864 5328 2151 5392 propterea
2197 5321 2342 5394 quod
2407 5330 2519 5377 tam
2577 5321 2813 5395 forceps,
2845 5302 3011 5395 quam
3062 5324 3291 5393 ferrum,
3355 5327 3503 5396 quod

238 5429 330 5486 per
358 5414 509 5470 illam
542 5416 784 5478 ducitur,
837 5413 984 5470 inter
1034 5428 1200 5484 opera
1258 5421 1593 5474 censentur:
1623 5416 1702 5473 ita
1746 5413 1886 5470 nihil
1928 5429 1958 5468 a
2003 5414 2286 5485 productis
2315 5415 2596 5486 operibus,
2658 5416 2772 5483 ille,
2824 5432 2921 5489 per
2968 5431 3129 5488 quem
3186 5415 3330 5468 facta
3375 5424 3508 5473 sunt

238 5507 422 5564 omnia
478 5506 713 5573 dill'eret,
779 5505 1098 5586 nisiFilius
1144 5502 1236 5573 sit,
1275 5500 1739 5577 quemadmodum
1797 5507 2069 5565 naturalis
2126 5510 2271 5565 ratio
2332 5510 2647 5581 persuadet.
2696 5509 2840 5578 Quin
2888 5511 3067 5568 factus
3111 5511 3228 5582 ipse
3264 5506 3507 5579 primum.

238 5602 341 5660 erit
394 5602 639 5657 omnium
686 5618 846 5674 opus,
878 5616 943 5659 ac
999 5603 1149 5659 velut
1184 5602 1485 5660 conditoris
1524 5604 1976 5669 instrumentum,
2018 5619 2116 5675 per
2143 5603 2291 5674 quod
2321 5605 2580 5661 universa
2623 5606 2902 5662 moliatur.

310 5820 326 5851 '
360 5817 420 5876 Ρ.
456 5822 505 5876 εί
528 5820 684 5891 καλκ.

3422 409 3527 467 tm
3622 398 3626 405 ’
