3988 6452
214 381 321 439 “3

832 375 1202 433 ADVERSUS
1245 376 1590 435 H£RESES
1628 378 1759 435 LIB.
1811 378 1901 437 ιιι.
1943 381 2107 439 TOM.
2149 384 2193 439 I.
2233 414 2305 426 -
2342 382 2621 441 HIERES.
2650 382 2885 441 LXXIII.

3399 384 3503 441 ιιι
3556 456 3559 461 η

284 500 379 568 (τ’.
432 499 502 553 Ei
552 499 620 554 δὲ
650 497 738 553 διά
781 497 843 552 τὸ
875 492 1139 553 ἀδύνατον
1183 498 1293 553 τῶν
1334 498 1612 570 λογισμῶν
1658 499 1675 532 ¹
1736 499 1804 572 μὴ

1989 501 2076 556 Vl.
2122 500 2242 557 Jam
2275 502 2320 559 si
2349 511 2637 574 propterea
2663 502 2811 571 quod
2839 516 2907 557 eo
2937 508 3226 573 penetrare
3267 501 3502 553 humana

214 588 390 661 ἔχοιτό
451 605 544 653 τις
589 588 681 643 τὸν
719 586 978 659 λογισμὸν
1021 586 1223 657 γνώσει
1257 587 1433 654 οὕτως
1453 589 1673 662 νοηθείη
1704 591 1814 645 Πα-

211 681 353 753 τὴρ,
383 679 573 746 πάθος
604 698 620 746 ,
651 680 682 752 ἢ
718 679 1008 751 μερισμὸν,
1043 679 1077 751 ἢ
1116 680 1421 753 ἀπόρροιαν
1450 682 1815 753 ὑπομένοντος

212 774 307 828 τοῦ
354 772 624 846 Πατρδς,
656 773 750 827 καὶ
779 772 1180 844 παρωσάμενος
1219 773 1321 846 τὴν
1355 773 1572 839 πίστιν,
1629 772 1663 846 ἢ
1712 776 1815 845 ὑφ-

217 864 399 934 ίστησι
430 864 453 895 ⁹
483 863 598 935 τὴν
625 861 821 934 εὑσεόῆ
855 861 988 934 περὶ
1024 861 1238 934 Πατρδς
1284 864 1381 917 καὶ
1405 861 1539 918 Υίοῦ
1580 863 1810 931 ἔννοιαν,

215 956 516 1026 λογισμοὺς
574 954 829 1026 ἀπαιτοίη
859 994 873 1019 ,
922 953 1255 1025 ἀπαιτητέον
1285 955 1450 1009 αὐτὸν
1494 956 1808 1028 λογισμοὺς,

215 1045 332 1108 πῶς
358 1046 390 1099 6
414 1044 562 1109 Θεὸς
588 1045 949 1117 σταυροῦται·
981 1045 1079 1100 καὶ
1124 1045 1243 1110 πῶς
1275 1046 1338 1100 τδ
1370 1048 1681 1120 μωρότερον
1714 1049 1809 1103 τοῦ

217 1137 581 1208 εὐαγγελικοῦ
633 1138 986 1210 κηρύγματος
1025 1139 1113 1194 διὰ
1141 1140 1204 1194 τὸ
1236 1141 1619 1212 ἀσυλλόγιστον
1659 1142 1813 1213 παρά

215 1233 316 1294 τοῖς
346 1229 619 1285 δοκοῦσιν
656 1227 798 1285 εἶναι
844 1230 941 1286 τοῦ
991 1232 1198 1304 κόσμου
1236 1235 1422 1304 σοφοῖς
1445 1275 1461 1299 ,
1498 1233 1809 1305 σοφώτερον

214 1320 523 1394 ἀνθρώποις
550 1322 576 1354 ³
606 1323 785 1389 ἐστὶν,
815 1322 909 1388 οὒς
943 1323 1066 1378 οὐδὲ
1096 1324 1256 1395 λόγου
1287 1324 1429 1390 ἀξιοῖ
1464 1327 1494 1379 6
1540 1326 1811 1398 μακάριος

213 1411 446 1478 Παῦλος’
488 1412 634 1467 διότι
664 1412 741 1485 τῷ
778 1414 1152 1487 ἀσυλλογίστῳ
1191 1415 1294 1487 τῆς
1331 1417 1616 1488 δυνάμεως
1666 1416 1811 1488 ἐμώ-

216 1516 335 1575 ρανε
362 1503 466 1574 τὴν
503 1504 706 1573 σοφίαν
737 1504 847 1558 τῶν
880 1504 1291 1575 συλλογίζεσθαι
1329 1504 1667 1579 δυναμένων.
1718 1507 1809 1561 Εε-

211 1610 340 1666 ρηκε
368 1595 484 1667 γάρ
508 1612 526 1628 ·
562 1591 790 1651 Ἦλθον
821 1599 1253 1668 καταγγέλλων
1287 1598 1433 1669 ὑμῖν
1464 1600 1529 1654 τὸ
1569 1597 1810 1669 μυστή-

203 1704 334 1756 ριον
369 1687 481 1743 τοῦ
532 1687 696 1744 Θεοῦ
725 1730 741 1755 ,
788 1690 903 1744 οὐκ
956 1690 1027 1744 ἐν
1060 1690 1251 1759 σοφίᾳ
1285 1692 1474 1761 λόγου
1501 1731 1516 1756 ,
1571 1693 1673 1746 ἵνα
1718 1690 1806 1761 μὴ

1916 592 2060 647 ratio
2092 601 2349 664 nequeat,
2397 605 2518 648 eam
2559 593 2614 646 in
2655 606 2777 648 sese
2818 592 3189 662 cognitionem
3238 588 3504 643 informet

1915 684 2212 756 quispiam.
2255 693 2314 739 ut
2348 685 2682 755 passionem,
2727 692 2826 737 aut
2853 682 3204 743 divisionem,
3237 688 3334 733 aut
3379 693 3505 748 pro.

1913 775 2137 830 ﬂuvium
2182 774 2390 845 aliquid
2442 772 2591 828 Patri
2643 772 2996 828 tribuendum
3044 779 3218 842 putet,
3272 770 3319 825 si
3373 786 3505 825 con-

1912 875 2120 938 tempta
2151 866 2277 922 fidei
2317 867 2530 939 regula,
2563 882 2686 938 quae
2718 866 2808 935 pie
2839 866 2907 920 de
2936 863 3098 919 Patre
3133 878 3199 918 ac
3240 862 3382 919 Filio
3409 878 3504 918 co-

1913 961 2070 1031 gitat,
2106 957 2373 1015 rationem
2404 973 2435 1013 a
2474 959 2635 1014 nobis
2682 959 2886 1028 exigat,
2921 955 3166 1013 vicissim
3211 956 3280 1009 ab
3318 971 3387 1010 eo
3416 969 3504 1011 re-

1912 1049 2188 1122 poscenda
2221 1050 2363 1103 ratio
2392 1057 2500 1116 est,
2549 1049 2833 1120 quomodo
2867 1047 2922 1103 in
2968 1060 3135 1102 cruce
3165 1045 3393 1101 suffixus
3432 1047 3505 1100 sit

1914 1142 2078 1198 Deus.
2117 1139 2259 1196 Tum
2287 1156 2398 1212 quo
2425 1147 2588 1212 pacto
2624 1140 2928 1210 evangelici
2959 1138 3217 1209 praeconii
3248 1128 3505 1205 stultitia,
3550 1212 3551 1217 γ

1911 1240 2032 1303 quae
2066 1231 2220 1288 rudis
2264 1247 2329 1288 ac
2361 1233 2511 1287 nulla
2545 1230 2969 1286 ratiocinatione
3004 1231 3134 1284 nixa
3195 1229 3341 1300 apud
3380 1229 3505 1285 illos

1909 1332 2192 1391 censetur,
2223 1324 2411 1395 qui'in
2461 1324 2566 1378 hoc
2601 1322 2807 1378 mundo
2841 1323 3121 1392 sapientes
3153 1337 3277 1377 esse
3314 1320 3503 1376 viden-

1908 1422 2022 1480 tur,
2063 1415 2366 1485 sapientior
2401 1416 2474 1472 sit
2505 1414 2844 1471 hominibus.
2892 1412 3044 1481 Quos
3071 1414 3236 1469 etiam
3267 1412 3421 1467 nullo
3449 1412 3506 1467 in

1908 1506 2037 1562 loco
2074 1504 2230 1564 ducit
2285 1507 2602 1578 Apostolus,
2636 1507 2732 1578 qui
2781 1507 2988 1562 virtute
3040 1518 3107 1560 ac
3158 1505 3404 1576 potentia
3438 1504 3507 1560 ab

1905 1599 2059 1656 omni
2117 1599 2566 1672 syllogismorum
2632 1598 2810 1655 aliena
2865 1598 3025 1661 fuco,
3087 1596 3506 1653 dialecticorum

1906 1693 2160 1748 omnium
2208 1693 2536 1763 sapientiam
2580 1691 2833 1746 stultitiae
2880 1691 3182 1747 damnavit.
3230 1688 3324 1745 Sic
3357 1688 3506 1745 enim

208 1779 435 1849 κενωθῇ
463 1782 500 1836 ό
527 1781 803 1851 σταυρὸς
844 1781 955 1836 τοῦ
988 1781 1268 1851 Χριστοῦ.
1326 1783 1385 1837 ’0
1415 1778 1510 1837 οὖν
1536 1782 1596 1837 ὲν
1641 1784 1804 1857 σοφία

1910 1785 2193 1855 loquitur:
2242 1783 2371 1838 Veni
2405 1784 2719 1854 mysterium
2764 1781 2862 1836 Dei
2905 1780 3050 1857 vobis
3093 1781 3372 1847 nuntians,
3402 1795 3506 1833 non

207 1872 359 1943 λόγου
399 1845 792 1927 ἀπαιτῶνντὸ-
816 1845 1117 1947 μυστήριον
1141 1914 1157 1939 ,
1194 1873 1334 1945 μετά
1369 1875 1470 1946 τῆς
1504 1845 1804 1948 μωρανθείῖ-

1908 1891 2027 1930 cum
2083 1875 2349 1945 sapientia
2410 1875 2705 1937 sermonis,
2768 1882 2825 1926 ut
2881 1854 3013 1927 non.
3044 1881 3326 1927 evacuatur
3374 1885 3506 1925 ctua

210 1978 303 2036 σης
330 1965 532 2035 σοφίας
568 1964 717 2037 ἔχων
746 1965 808 2019 τὸ
840 1965 1005 2039 μέρος
1033 2006 1049 2031 ,
1079 1966 1382 2021 ἀπιστείτω
1420 1967 1443 2001 ⁸
1489 1967 1569 2039 τῷ
1600 1983 1810 2041 μυστη-

212 2056 325 2128 ρίῳ,
372 2057 461 2110 ore
517 2056 632 2112 κᾶν
666 2058 874 2122 ἐκεῖνος
910 2059 1219 2112 ἀπιστεῖται
1264 2061 1323 2112 ὲν
1351 2059 1515 2131 σοφία
1566 2059 1726 2129 λόγου
1777 2060 1810 2115 6

156 2200 163 2203 _
209 2150 409 2217 Παῦλος
431 2192 447 2218 ,
479 2154 575 2208 ἵνα
617 2153 692 2225 μὴ
732 2153 944 2226 κενωθῇ
987 2155 1017 2208 6
1045 2155 1280 2227 σταυρὸς
1317 2154 1412 2209 τοῦ
1450 2157 1710 2229 Χριστοῦ.
1742 2153 1808 2212 Et

207 2244 259 2298 δὲ
282 2246 337 2299 ὲν
365 2244 589 2310 τούτοις
620 2245 997 2318 ἀποκρίνεται,
1028 2247 1129 2301 οὐκ
1156 2249 1218 2301 εν
1252 2248 1417 2321 σοφίᾳ
1451 2248 1637 2317 λόγου,
1666 2249 1808 2304 ἀλλά

211 2337 413 2410 μωρίαν
443 2340 642 2394 πᾶσαν
672 2338 1090 2411 συλλογιπικὴν
1120 2340 1315 2410 σοφίαν
1340 2340 1567 2410 ἐλέγξας
1597 2340 1688 2396 διά
1707 2342 1806 2414 τῆς

208 2432 593 2504 ἀσυλλογίστου
622 2432 908 2505 δυνάμεως
929 2470 944 2498 ,
992 2432 1093 2505 τὴν
1122 2433 1309 2487 πίστιν
1340 2431 1508 2505 μόνην
1535 2432 1806 2505 λαμδάνει

209 2524 334 2598 πρὸς
378 2524 673 2598 σωτηρίαν
710 2523 824 2580 τῶν
870 2524 933 2578 τὸ
976 2524 1243 2597 κήρυγμα
1289 2524 1618 2597 δεχομένων.
1667 2524 1806 2579 οιδι

207 2613 557 2687 ἀποκρίνεται
601 2612 721 2679 πῶς
765 2613 796 2667 ό
841 2613 1032 2687 Πατὴρ
1061 2613 1291 2678 ἀπαθῶς
1319 2616 1486 2686 γεννᾷ
1514 2615 1610 2669 τὺν
1647 2615 1802 2681 Υίὺν,

212 2705 290 2759 ἵνα
318 2705 394 2779 μὴ
416 2705 648 2779 κενωθῇ
671 2704 732 2760 τὸ
760 2696 1064 2779 μυστήριον
1086 2706 1187 2778 τῆς
1215 2706 1283 2761 ὲκ
1319 2706 1535 2779 Πατρδς
1553 2706 1806 2778 υίὺτητος

209 2791 293 2845 τοῦ
333 2793 709 2863 Μονογενοῦς.
775 2792 938 2848 Ἀλλά
989 2795 1413 2868 μωραινομένην
1449 2795 1550 2870 τὴν
1609 2796 1805 2867 σοφίαν

212 2883 308 2939 τῶν
345 2886 598 2940 συνετῶν
632 2884 816 2956 (καθά
860 2884 1176 2957 γέγραπται
1195 2901 1212 2920 ο
1246 2886 1374 2941 Ποῦ
1423 2886 1619 2958 σοφὸς
1642 2927 1657 2953 ,
1685 2889 1806 2944 ποῦ

211 2978 602 3049 γραμματεὺς,
636 2975 757 3035 ποῦ
788 2976 1130 3048 συζητητὴς
1154 2977 1262 3034 τοῦ
1287 2976 1507 3047 αἰῶνος
1532 2980 1746 3037 τούτου
1760 2980 1802 3053 ;)

213 3067 465 3141 ἐλέγχων,
498 3072 616 3127 οὐκ
664 3072 723 3126 ὲν
753 3070 918 3144 σοφίᾳ
940 3070 1101 3139 λόγου
1120 3112 1137 3137 ,
1170 3068 1260 3125 ἵνα
1302 3072 1380 3145 μὴ
1407 3071 1496 3127 διὰ
1532 3071 1602 3127 τά
1629 3074 1695 3129 ὲκ
1717 3072 1805 3128 λο-

213 3160 408 3231 γισμῶν
427 3162 857 3229 ὑποπτευόμενα
880 3160 1091 3260 ξενωθῇ
1110 3203 1126 3227 ,
1151 3163 1316 3234 φημὶ,
1341 3162 1573 3236 εὑσεῦὴς
1598 3163 1797 3233 ἔννοια,
1825 3200 1872 3260 C

214 3252 383 3327 ἠπερὶ
405 3254 634 3329 Πατρδς
667 3255 765 3310 καὶ
795 3251 927 3309 Υίοῦ
950 3268 964 3282 ·
1000 3253 1116 3308 ἀλλ’
1143 3254 1376 3320 ἀπαθῶς
1407 3254 1630 3329 Πατέρα
1655 3297 1670 3324 ,
1705 3256 1802 3311 καὶ

215 3342 328 3400 Υίδν
352 3387 367 3411 ,
422 3348 658 3419 Πατέρα
725 3347 826 3419 μὲν
886 3345 946 3414 ἐξ
995 3345 1191 3401 ἑαυτοῦ
1249 3346 1621 3418 γεγεννηκότα
1671 3347 1800 3402 ἀνευ

216 3437 493 3510 ἀπορροίας
518 3440 626 3496 καὶ
656 3437 863 3503 πάθους
893 3439 986 3493 τὸν
1015 3439 1175 3504 Υίὸν,
1205 3438 1333 3493 Υίδν
1360 3438 1419 3493 δὲ
1442 3438 1661 3510 ὅμοιον,
1704 3440 1801 3494 καὶ

217 3530 319 3584 κατ’
355 3532 540 3588 οὐσίαν
583 3532 649 3586 ὲκ
670 3530 764 3586 τοῦ
791 3530 1007 3603 Πατρὸς
1024 3570 1039 3593 ,
1066 3530 1270 3586 τέλειον
1312 3532 1376 3585 ἐκ
1404 3531 1611 3588 τελείου
1640 3572 1655 3595 ,
1703 3548 1800 3603 μο-

218 3624 388 3697 νογενῆ
435 3624 779 3692 ὑποστάντα,
815 3625 929 3688 τοῖς
988 3627 1234 3690 πιστοῖς,
1284 3623 1317 3697 ἢ
1380 3625 1798 3696 ὲποπτευόμενα

218 3713 609 3786 ἀσυλλογίστως
658 3715 904 3790 κηρύξει.
949 3716 1071 3771 Τῶν
1111 3716 1221 3789 γὰρ
1251 3718 1471 3771 ἀτόπων
1497 3718 1644 3771 ἐστὶν
1666 3757 1682 3782 ,
1733 3719 1800 3772 ὲκ

220 3806 364 3875 σοφοῦ
391 3808 526 3865 Θεοῦ
550 3809 753 3881 σοφίαν
777 3809 1154 3880 ὑφισταμένην
1185 3808 1476 3873 ἀκούοντα,
1511 3808 1588 3873 ὡς
1615 3808 1799 3878 σοφῶς

1906 1956 2112 2022 Christi
2148 1966 2192 2021 ⁸.
2228 1965 2599 2033 Quamobrem
2647 1965 2740 2036 qui
2781 1964 3057 2021 sermonis
3096 1963 3370 2036 sapientia
3402 1962 3508 2022 frc-

1908 2065 1999 2112 tus
2027 2058 2273 2128 mysterii
2306 2057 2454 2113 illius
2496 2058 2766 2111 rationem
2798 2057 3041 2126 postulat
3072 2062 3128 2111 et
3161 2054 3231 2110 ad
3263 2053 3510 2113 stultitia

1906 2150 2216 2205 convictam
2245 2148 2394 2202 illam
2427 2148 2752 2218 sapientiam
2784 2149 3066 2218 ascriptus
3098 2155 3205 2213 est,
3241 2148 3507 2219 mysterio

1910 2241 2071 2296 fidem
2103 2241 2352 2310 abroget.
2386 2239 2844 2310 Quandoquidem
2874 2238 3082 2296 Paulus
3116 2240 3391 2295 sermonis
3415 2254 3506 2294 sa-

1909 2332 2129 2402 pientia:
2160 2330 2373 2387 diffisus
2417 2340 2525 2392 est,
2562 2341 2621 2386 ut
2660 2348 2730 2387 ue
2757 2330 2964 2388 Christi
3003 2348 3139 2389 crux
3176 2346 3352 2387 vacua
3383 2331 3492 2387 red-

1906 2425 2152 2482 deretur.
2183 2424 2344 2490 Quod
2385 2425 2434 2481 si
2468 2424 2676 2496 aliquid
2721 2440 2786 2481 ea
2833 2424 2902 2482 de
2948 2439 3008 2481 re
3046 2424 3362 2496 respondet,
3398 2440 3507 2480 non

1906 2513 1961 2571 id
1989 2531 2057 2572 ex
2103 2515 2211 2573 ista
2244 2517 2524 2573 sermonis
2552 2515 2822 2587 sapientia
2869 2516 3023 2583 facit,
3056 2517 3153 2574 sed
3185 2516 3237 2573 vi
3263 2516 3505 2588 quadarn

1904 2607 2351 2665 ratiocinationis
2405 2615 2634 2679 experte
2684 2609 3033 2665 dialecticam
3065 2608 3232 2681 852
3289 2624 3507 2665 munem

1904 2700 2161 2771 peritiam
2221 2700 2548 2759 stoliditatis
2596 2702 2959 2769 convincens,
3018 2702 3088 2758 ad
3134 2718 3352 2768 eorum,
3414 2701 3507 2773 qui

1904 2792 2283 2865 evangelicum
2332 2794 2672 2866 praeconium
2705 2793 3034 2860 admittunt,
3079 2795 3318 2852 salutem
3372 2794 3509 2849 nihil

1906 2892 2110 2955 praeter
2148 2883 2311 2942 iidem
2351 2885 2726 2943 adhibendum
2766 2894 2943 2959 putat.
2977 2885 3166 2957 Neque
3204 2900 3337 2943 vero
3367 2901 3523 2958 quas,

1904 2976 2070 3033 suoni
2122 2976 2203 3032 illi
2238 2978 2562 3050 respondet,
2613 2994 2854 3051 quonam
2901 2989 3066 3051 pacto
3099 2978 3301 3035 Filium
3348 2979 3510 3035 Pater

1903 3070 2044 3124 citra
2075 3070 2388 3142 passionem
2425 3072 2635 3144 gignat,
2664 3087 2733 3128 ne
2758 3072 3120 3144 proyrietatis
3158 3071 3310 3138 Filii,
3340 3086 3506 3144 quam
3610 3116 3629 3135 .

1906 3156 2237 3230 Unigenitns
2287 3175 2320 3216 a
2360 3159 2528 3218 Patre
2572 3163 2765 3230 trahit,
2798 3164 3127 3235 mysterium
3181 3166 3346 3223 inane
3379 3165 3507 3224 red-

1903 3250 2072 3307 datur
2104 3270 2120 3308 :
2157 3268 2349 3310 verum
2400 3254 2754 3326 prudentium
2805 3254 3091 3312 hominum
3142 3258 3368 3313 stultam
3413 3273 3511 3316 sa.-

1903 3344 2166 3414 pientiam
2207 3346 2298 3417 (de
2335 3362 2442 3419 qua
2484 3348 2756 3419 scriptum
2795 3356 2927 3405 est:
2969 3345 3071 3403 Ubi
3111 3352 3367 3420 sapiens?
3416 3350 3515 3407 ubi:

1900 3435 2121 3492 scriba!
2144 3437 2234 3490 ubi
2260 3437 2588 3508 conquisitor
2617 3439 2803 3493 aa'culi
2831 3440 2991 3507 hujus
3022 3441 3102 3513 '1’)
3134 3442 3515 3513 redarguens.

1904 3527 2113 3582 nullam
2153 3528 2243 3584 hic
2294 3530 2626 3600 sapientiam
2666 3532 2941 3589 sermonis
2985 3534 3388 3597 accommodat,
3438 3551 3517 3590 no

1902 3622 2119 3691 argutis
2175 3620 2311 3679 lisce
2361 3623 2645 3678 rationum
2701 3623 3043 3696 conjecturis
3096 3626 3390 3698 religiosus
3441 3627 3520 3684 ale-

1900 3711 2065 3770 Patre
2094 3713 2341 3786 Filioque
2373 3729 2574 3772 sensus
2605 3716 2789 3771 inanis
2828 3719 2920 3772 tiat
2952 3736 2965 3773 :
2994 3718 3127 3790 quin
3159 3726 3220 3774 ut
3254 3717 3324 3773 ab
3352 3727 3515 3774 utro-u

1900 3819 2011 3876 que
2040 3806 2358 3876 passionem
2390 3806 2692 3864 excludens
2723 3823 2966 3876 omnem,
3002 3806 3224 3865 Patrem
3263 3822 3295 3862 a
3325 3810 3513 3879 seipso

211 3898 311 3956 οἶδε
345 3902 440 3977 τῆς
494 3904 559 3975 ἐξ
626 3902 823 3960 ἑαυτοῦ
878 3903 1235 3976 γεννηθείσης
1294 3902 1489 3970 σοφίας
1542 3901 1797 3972 γενέσθαι

1906 3897 2040 3952 citra
2076 3897 2431 3969 proﬂuvium,
2473 3907 2571 3955 aut
2630 3899 2977 3958 affectionem
3023 3902 3264 3973 aliquam
3307 3900 3507 3956 Filium

220 3990 389 4067 Πατὴρ
411 4036 426 4061 ,
460 3997 644 4061 πάθος
668 3996 868 4050 ἐννοεῖν
899 3992 1029 4065 περὶ
1067 3994 1165 4066 τὴν
1206 3993 1399 4065 σοφίαν
1434 3993 1794 4064 ὑφίστασθαι,

220 4081 261 4133 εἰ
288 4084 456 4153 μέλλοι
489 4086 551 4153 ἐξ
584 4083 749 4141 αὐτοῦ
775 4084 898 4140 κατ’
923 4085 1112 4140 οὐσίαν
1141 4084 1303 4156 ὁμοία
1325 4084 1405 4156 τῷ
1445 4084 1593 4157 σοφῷ
1620 4085 1654 4155 ἢ
1704 4101 1797 4138 σο-

222 4172 306 4241 φία
328 4176 677 4247 ὑφίστασθαι.
710 4178 773 4232 Εἰ
806 4175 916 4249 γὰρ
957 4176 1094 4247 μήτε
1130 4178 1162 4230 6
1189 4176 1351 4246 σοφὸς
1375 4176 1512 4241 Θεὸς
1538 4175 1755 4247 μεθέξει
1775 4177 1797 4208 ⁸

224 4265 393 4334 σοφίας
436 4270 714 4334 συνθέτως
741 4266 904 4339 σοφδς
938 4271 1074 4341 ἡμῖν
1120 4271 1345 4333 νοεῖται,
1404 4267 1521 4322 ἀλλ’
1570 4268 1797 4322 ἀσυνθέ-

222 4372 314 4423 τως
336 4362 492 4428 αὑτός
533 4366 658 4418 ἐστι
688 4362 883 4432 σοφὸς,
939 4362 1128 4425 οὐσίας
1152 4362 1173 4393 ⁶
1212 4361 1351 4427 ἐστὶ,
1390 4362 1529 4432 μήτε
1568 4362 1602 4432 ἡ
1635 4361 1798 4432 σοφία

226 4446 354 4503 ἐστὶν
389 4455 416 4507 ὁ
444 4452 613 4519 Υἱὸς,
669 4453 795 4525 ἑξῆς
808 4446 1070 4507 Νοεῖταιο
1100 4452 1237 4506 ἀλλὰ
1287 4452 1319 4521 ἡ
1372 4452 1535 4522 σοφία
1564 4451 1752 4516 οὐσίας
1774 4453 1795 4485 ⁷

1903 3990 2160 4062 genuisse
2197 3990 2447 4048 fidelibus
2475 3990 2743 4049 declaret.
2785 3993 2851 4047 Et
2879 4008 3003 4069 eum
3035 3994 3254 4066 quidem
3285 3992 3508 4056 Filium.

1902 4083 1996 4152 qui
2027 4080 2179 4135 Patri
2212 4082 2431 4147 similis,
2472 4092 2527 4139 et
2559 4084 2630 4139 ab
2656 4085 2849 4141 eodem
2896 4088 3203 4142 secundum
3239 4087 3506 4143 substan-

1901 4175 2035 4227 tiam
2062 4173 2307 4244 genitus,
2340 4175 2620 4246 perfectus
2658 4194 2689 4233 e
2722 4178 2989 4248 perfecto,
3030 4180 3339 4250 unicnsque
3369 4180 3507 4235 sub-

1901 4266 2099 4333 sistat;
2151 4273 2322 4338 utque
2374 4267 2482 4323 hoc
2523 4272 2849 4340 mysterium
2887 4271 3008 4326 sine
3063 4271 3506 4328 ratiocinationis

1904 4354 2249 4413 adminiculo
2287 4360 2405 4415 sola
2458 4364 2739 4432 cognitum
2791 4364 3256 4433 contemplatione
3301 4362 3505 4431 praedi-

1903 4454 2013 4503 cet.
2053 4445 2151 4502 Est
2184 4450 2333 4503 enim
2382 4449 2678 4506 admodum
2710 4452 3007 4507 ridiculum
3038 4468 3187 4518 eum,
3226 4453 3321 4522 qui
3353 4469 3383 4507 a
3412 4468 3504 4508 sa-

230 4535 360 4592 ὲστὶν
410 4544 517 4599 ἀπὸ
576 4543 741 4613 σοφοῦ
791 4542 981 4607 οὐσίας
1009 4582 1025 4605 ,
1074 4543 1103 4596 ὃ
1152 4545 1269 4596 ἐστι
1304 4541 1467 4612 σοφία
1496 4582 1510 4602 .
1578 4542 1736 4594 οὐσία
1773 4543 1801 4597 6

1906 4541 2077 4611 pienti
2119 4540 2233 4597 Deo
2270 4542 2603 4615 sapientiam
2640 4546 2794 4601 audit
2838 4545 3129 4609 exsistere,
3180 4556 3279 4614 pro
3330 4560 3397 4600 eo
3440 4560 3505 4602 ae

230 4627 339 4696 Υἱὸς
373 4635 645 4702 ὑποστὰς,
672 4636 836 4707 ὁμοία
882 4633 1035 4688 ἔσται
1068 4633 1164 4688 καὶ
1210 4633 1331 4687 κατ’
1361 4631 1548 4686 οὐσίαν
1570 4631 1665 4685 τοῦ
1706 4650 1794 4687 σο-

228 4722 314 4788 φοῦ
342 4728 590 4800 Πατρδς,
619 4728 712 4796 ἀφ’
742 4714 916 4798 οὗπερ
955 4726 1166 4797 ὑπέστη
1199 4725 1363 4794 σοφία
1393 4726 1422 4778 6
1452 4723 1605 4789 Υἱός.

1908 4635 2186 4706 Sapienter
2222 4650 2345 4692 sese
2389 4637 2543 4693 novit
2573 4639 2771 4710 genitae
2809 4654 2837 4692 a
2880 4654 2939 4694 se
2969 4638 3252 4709 sapientiae
3286 4636 3503 4692 Patrem

1906 4743 2062 4793 esse,
2115 4729 2285 4784 ullam
2340 4729 2432 4785 isti
2490 4731 2779 4803 sapientia:
2839 4731 3154 4802 passionem
3205 4730 3503 4795 ascribere,

226 4825 319 4880 quo
358 4818 422 4872 ab
466 4821 567 4876 illo
605 4820 908 4876 secundum
960 4819 1258 4875 essentiam
1307 4818 1539 4888 sapienti
1596 4817 1793 4874 similis
1830 4821 2100 4892 sapientia
2138 4822 2426 4878 subsistat.
2466 4821 2603 4877 Nam
2667 4832 2728 4879 ut
2768 4823 2993 4894 sapiens
3042 4821 3188 4879 Deus
3251 4840 3361 4878 non
3411 4838 3504 4877 sa-

229 4902 425 4973 pientia,
455 4913 610 4968 velut
636 4909 928 4968 affectione
985 4911 1192 4982 aliqua,
1250 4910 1534 4981 praeditus,
1601 4916 1694 4966 aut
1768 4914 2173 4983 compositione
2232 4916 2342 4968 ulla
2398 4916 2620 4986 sapiens
2671 4933 2702 4971 a
2760 4915 2922 4973 nobis
2951 4910 3346 4987 "intelligitur;
3405 4914 3503 4971 sed

230 4991 609 5067 simplicissima
644 5004 878 5067 ratione,
935 5010 990 5059 et
1028 5004 1271 5060 essentia
1310 5019 1412 5060 sua
1458 5006 1579 5061 sine
1626 5006 2033 5077 compositione
2081 5009 2306 5080 sapiens
2340 5018 2471 5065 est:
2526 5010 2604 5064 ita
2656 5027 2838 5082 neque
2904 5010 3196 5081 sapientia,
3249 5011 3345 5082 qui
3402 5010 3501 5066 Fi-

232 5085 319 5147 ιλιιε
362 5110 482 5154 esse
523 5101 751 5165 dicitur,
804 5098 1022 5156 aﬂ'ectio
1073 5100 1316 5171 putanda
1363 5108 1483 5168 est;
1541 5101 1639 5158 sed
1731 5102 2002 5172 sapientia
2064 5103 2302 5175 ipsamet
2364 5106 2677 5162 substantia
2731 5113 2861 5173 est,
2904 5104 2974 5161 ab
3027 5104 3150 5175 ejus
3180 5145 3196 5172 ,
3249 5106 3347 5177 qui
3406 5121 3500 5161 sa-

234 5180 366 5272 piens
386 5201 494 5261 est,
548 5196 862 5253 substantia
914 5197 1204 5267 producta.
1266 5196 1401 5264 Quae
1476 5196 1701 5269 quidem
1759 5198 2030 5269 sapientia
2065 5200 2376 5255 substantia
2459 5201 2580 5272 ipsa
2635 5212 2757 5265 est;
2817 5200 2926 5257 hoc
3015 5210 3101 5258 est
3182 5201 3499 5259 subsistens

234 5268 401 5349 “ius.
421 5288 721 5361 eademque
747 5289 1017 5360 sapientis
1052 5290 1238 5346 Patris
1276 5292 1587 5347 substantia
1622 5268 1880 5347 similisa
1912 5307 2022 5363 quo
2051 5292 2322 5363 sapientia
2357 5268 2534 5351 Filius
2561 5295 2801 5352 exsistit.

291 5368 464 5462 ξ’.Δώ
498 5384 592 5439 καὶ
618 5380 828 5450 εἰωθὼς
862 5385 894 5439 6
941 5385 1211 5458 μακάριος
1249 5383 1463 5448 Παῦλος
1502 5383 1684 5448 καλῶς
1724 5383 1793 5438 τά

1979 5382 2086 5439 Vll.
2129 5384 2498 5452 Quamobrem
2530 5390 2815 5457 apostolus
2864 5390 3091 5457 Paulus,
3123 5390 3239 5462 qui,
3271 5396 3332 5444 ut
3380 5398 3498 5442 erat

244 5452 483 5548 ἐξραιων
515 5452 956 5546 πεπαιδευμένος.
985 5452 1113 5529 ἀπὸ-
1129 5473 1225 5530 τοῦ
1266 5471 1433 5528 αὐτοῦ
1473 5473 1792 5545 Πνεύματος

1906 5471 2181 5535 Hebraicaa
2208 5476 2405 5542 linguae
2441 5452 2834 5548 peritissimis,
2871 5499 3000 5538 cum
3035 5499 3099 5538 ex
3129 5452 3321 5537 eodem
3370 5477 3496 5548 Spi-

238 5544 317 5601 τοῦ
333 5550 385 5607 ἐν
401 5557 605 5637 Παλαιᾷ
629 5565 725 5619 καὶ
742 5544 922 5638 Κήαινῇ
946 5563 1191 5638 Διαθήκῃ
1215 5563 1550 5639 λαλήσαντος
1571 5544 1668 5629 τὰς
1688 5563 1787 5618 αὖ⁶

1906 5568 2029 5633 ritu,
2064 5569 2158 5640 qui
2214 5573 2270 5624 in
2323 5544 2520 5627 Vetere
2566 5586 2632 5628 ac
2675 5544 2832 5630 Novo
2875 5573 3227 5630 Testamento
3271 5544 3490 5625 locutus

239 5715 257 5744 ,
299 5660 689 5750 inn-19mm.
712 5680 1019 5750 Corruptus
1042 5680 1138 5734 hic
1161 5679 1343 5738 locus.
1419 5678 1533 5750 ’F.
1568 5682 1602 5750 ἡ
1632 5680 1727 5749 ὑφί

238 5783 255 5813 ⁹

581 5685 689 5735 βῶν.
712 5681 1019 5750 Corruptus
1042 5681 1138 5734 hic
1161 5681 1343 5738 locus.
1419 5682 1442 5715 ¹
1470 5681 1533 5735 F.
1568 5682 1602 5750 ἡ
1632 5681 1911 5751 ὑφίστησι.
1988 5681 2162 5738 ’Cor.
2203 5683 2539 5754 ἀνθρώπων.
2615 5687 2758 5760 ⁸η).
2792 5685 3134 5742 ἀπιστεῖτ”.
3209 5685 3232 5718 ⁸
3259 5683 3484 5752 [ἔξει.

581 5751 759 5823 οὐσίᾳ,
821 5750 965 5806 οὕτω
1025 5751 1166 5823 μήτε
1217 5752 1280 5825 ’ἡ
1338 5749 1501 5824 σοφία
1549 5753 1697 5807 εστὶν
1759 5752 1790 5805 6
1846 5750 1996 5818 Υἱὸς,
2058 5752 2172 5823 ἕξις
2230 5758 2454 5814 νοεῖται.
2558 5759 2579 5791 ⁷
2630 5759 2699 5819 F.
2748 5759 2930 5818 οὐσία.
3004 5757 3027 5790 ⁸
3312 5769 3354 5823 1,
3400 5753 3487 5811 Π.
