3988 6418
526 352 633 408 ιιε
1919 358 1978 416 8.
2014 355 2350 413 EPIPHANII
3649 354 3742 414 416

515 469 626 526 est,
642 460 833 514 eadem
854 455 1075 511 haurire
1098 467 1257 508 sensa
1276 438 1655 508 consncvisset
1675 447 1891 504 duobus
1913 465 1942 503 c
1965 449 2090 521 psal

2192 475 2292 541 τὰς
2314 476 2497 529 ἕλκειν
2525 472 2756 535 ἑννοίας,
2785 471 2977 543 ὥσπερ
3005 469 3115 524 ἀπὸ
3136 469 3248 524 τῶν
3272 468 3368 541 ᾇύο
3388 468 3626 538 ψαλμῶν,
3651 470 3744 525 amt

515 537 647 627 mis,
666 551 736 605 ab
760 564 827 605 eo
847 549 1096 603 videlicet
1116 548 1170 600 in
1193 562 1304 616 quo
1324 545 1543 601 canitur
1567 543 1820 598 :Judicia
1842 552 1932 597 tua
1958 546 2090 613 ηιμ

2197 530 2292 622 rei;
2314 585 2376 620 τε
2395 566 2644 634 λέγοντος
2662 582 2676 594 ·
2719 530 2801 619 id
2824 530 3075 632 κρίριατὰ
3105 578 3224 617 σου
3253 530 3524 626 άὸυσσοξ
3545 530 3744 630 πολλὴ,

515 661 606 697 sus
643 642 809 695 nauita
834 642 847 672 ¹
870 653 887 702 ;
911 640 1055 694 etab
1076 639 1207 704 alio,
1234 639 1286 692 in
1309 652 1422 707 quo
1441 637 1705 705 scriptum
1738 644 1824 691 est
1850 655 1862 690 :
1900 634 2090 690 Semita

2198 660 2292 713 καὶ
2322 657 2432 713 ἀπὸ
2462 656 2557 710 τοῦ
2577 696 2593 721 ,
2632 658 2703 709 AZ
2751 656 2934 723 τριϐοι
2970 668 3089 707 σου
3144 653 3214 707 ἐν
3252 652 3433 706 ὕδασι
3487 650 3738 716 πολλοῖς

516 748 623 791 tua
646 739 699 789 in
720 735 872 806 aquis
894 735 1097 801 multis,
1114 745 1161 789 et
1188 734 1410 803 vestigia
1428 742 1519 786 tua
1540 748 1642 785 non
1664 741 2042 802 cognoscentur
2057 733 2075 762 ³

2198 751 2298 805 καὶ
2327 751 2401 805 τὰ
2429 750 2571 819 ἴχνη
2604 765 2723 802 σου
2747 747 2820 802 οὐ
2858 743 3334 816 τνωσθήσονται,
3369 742 3464 796 τὸν
3495 741 3617 812 περὶ
3643 758 3740 812 κρι-

518 829 665 881 illam
688 828 757 882 de
791 826 1123 897 Deijudiciis
1148 825 1477 881 sententiam
1509 824 1789 908 paululum
1812 823 2093 878 immutati:

2202 842 2387 914 μάτων
2424 839 2520 894 τοῦ
2549 837 2687 893 Θεοῦ
2730 838 2887 907 λόγον
2937 836 3254 907 μετέϐαλεν.
3300 834 3451 889 ’Δντὶ
3504 833 3599 903 μὶν
3644 832 3744 899 τοῦ,

515 921 845 990 quibusdam
878 920 1177 975 transtulit.
1217 919 1355 974 Nam
1396 933 1493 988 pro
1531 918 1601 973 iis
1627 916 1807 972 verbis
1836 936 1849 972 :
1877 916 2090 987 Abyssu.

2203 937 2269 989 Ἀ
2279 936 2512 999 ϐυσσος
2536 929 2737 998 πολλὴ
2754 969 2769 993 ,
2792 929 2876 992 τὸ,
2904 924 2973 981 Ὦ
3004 926 3198 994 βάθος
3222 923 3531 980 πλούτου]
3563 925 3675 978 ἀντὶ
3698 924 3746 978 δὲ

515 1012 708 1074 multa,
729 1012 981 1083 scripsit:
1003 1012 1049 1067 0
1073 1013 1302 1067 altitudo
1331 1008 1666 1067 divitiarum‘
1683 1008 1810 1065 lPro
1836 1010 1922 1066 his
1942 1025 2068 1064 vero

2197 1027 2293 1081 τοῦ
2317 1067 2331 1089 ,
2384 1028 2453 1080 Αἱ
2481 1024 2665 1092 τρίϐοι
2708 1036 2825 1076 σου
2879 1020 2949 1073 ἐν
2996 1017 3178 1071 ὕδασι
3227 1014 3518 1081 πολλοῖς·
3548 1014 3640 1068 καὶ
3688 1015 3748 1068 τὰ

517 1105 736 1161 Semitas
758 1116 866 1160 tua:
887 1105 942 1159 in
968 1106 1119 1176 aquis
1140 1105 1356 1168 multis;
1378 1115 1427 1159 et
1451 1104 1669 1174 vestigia
1689 1111 1781 1157 tua
1807 1119 1909 1156 non
1930 1118 2092 1172 cogno

2201 1117 2341 1184 ἴχνη
2373 1131 2490 1169 σου
2517 1115 2589 1167 οὐ
2620 1109 3098 1181 τνωσθήσονται,
3124 1107 3207 1168 τὸ.
3258 1104 3742 1174 Ἀνεξιχνίαστοι·

513 1206 728 1252 vocatur
740 1213 759 1262 ;
772 1198 991 1268 scripsit
1008 1216 1021 1253 :
1041 1195 1437 1267 Investigabites
1453 1212 1472 1260 ;
1488 1211 1586 1266 pro
1603 1195 1688 1250 his
1704 1203 1884 1250 autem
1904 1197 2084 1251 verbis

2201 1212 2322 1267 ἀντὶ
2356 1211 2414 1264 δὲ
2463 1208 2559 1262 τοῦ
2583 1248 2598 1273 ,
2643 1207 2720 1262 Τὰ
2763 1202 3018 1275 κρίματὰ
3052 1218 3169 1256 σου
3219 1200 3494 1264 ἄϐυσσος
3547 1195 3747 1263 πολλή.

513 1290 733 1345 Judicia
758 1300 851 1345 tua
888 1292 1109 1361 abyssus
1142 1291 1310 1344 multa
1329 1332 1345 1358 ,
1369 1289 1836 1361 substitutum
1860 1292 1995 1356 haec,
2014 1290 2084 1345 In

2198 1302 2262 1356 τὸ
2282 1343 2298 1367 ,
2343 1298 2806 1367 Ἀνεξερεύνητα
2852 1294 2923 1348 τὰ
2967 1289 3223 1361 κρίματά
3270 1304 3412 1343 σου.
3466 1286 3619 1340 Οὕτω
3672 1286 3751 1338 καὶ

513 1384 829 1439 serutabilia
839 1386 1054 1453 judicia
1075 1385 1190 1452 ejus
1209 1385 1250 1439 ⁸.
1269 1385 1351 1440 Ad
1375 1383 1627 1439 eumdem
1653 1386 1875 1440 modum
1899 1400 2024 1439 cum
2047 1385 2088 1439 al

2201 1392 2331 1465 παρ’
2370 1390 2538 1461 αὐτῆς
2581 1388 2685 1457 τῆς
2724 1384 2924 1455 Σοφιας
2958 1382 3058 1454 τὴν
3101 1382 3231 1452 περὶ
3281 1378 3485 1448 ἑαυτῆς
3535 1375 3625 1429 καὶ
3671 1375 3750 1427 τοῦ

514 1478 631 1547 ipsa
657 1476 939 1548 Sapientia
962 1486 1208 1532 mutuam
1233 1476 1431 1547 ipsius,
1453 1491 1520 1531 ac
1549 1475 1728 1532 Patris
1760 1492 1884 1532 cum
1914 1476 2085 1531 inﬁmi

2199 1483 2412 1554 Πατρὸς
2434 1520 2450 1545 ,
2503 1480 2597 1535 καὶ
2635 1478 2734 1549 τὴν
2785 1476 2923 1546 πρὸς
2960 1473 3088 1528 τάδε
3134 1470 3407 1545 γενόμενα
3444 1467 3625 1536 σχέσιν
3669 1482 3746 1535 μσ-

514 1569 663 1623 hisce
700 1569 1169 1638 comparationem
1217 1567 1706 1636 habitudinemque
1746 1567 2089 1636 cognovisset

2201 1573 2344 1637 θὼν,
2396 1573 2455 1624 ὲν
2510 1571 2626 1632 τοῖς
2669 1564 2864 1621 ἑαυτοῦ
2919 1566 3051 1635 ἡμῖν
3095 1562 3194 1633 τὴν
3232 1560 3365 1631 περὶ
3425 1555 3635 1627 Πατρὸς
3676 1555 3751 1608 καὶ

512 1661 788 1731 propriam
814 1660 1016 1726 Patris,
1043 1675 1108 1715 ac
1131 1658 1278 1724 Filii,
1305 1668 1358 1714 et
1384 1674 1575 1715 eorum
1596 1674 1720 1729 quae
1744 1673 1841 1729 per
1860 1657 2059 1714 Filium
2085 1700 2087 1707 ι

2199 1663 2331 1721 Υἱοῦ
2351 1706 2368 1729 ,
2397 1663 2490 1718 καὶ
2514 1660 2622 1716 τῶν
2659 1662 2725 1713 ὲκ
2752 1658 2967 1729 Πατρὸς
3011 1655 3077 1710 δι’
3116 1652 3246 1709 Υἱοῦ
3283 1650 3587 1723 γεγονότων
3632 1664 3751 1717 παρ-

513 1753 679 1810 Patre
706 1753 974 1824 producta
1007 1762 1160 1818 sunt,
1194 1754 1475 1808 notionem
1514 1753 1631 1808 suis
1677 1751 1732 1808 in
1772 1751 1996 1822 scriptis
2023 1768 2088 1806 ex

2204 1757 2416 1828 ιστησιν
2466 1753 2697 1809 ἔννοιαν.
2737 1751 2851 1821 Τῆς
2885 1748 2998 1819 γὰρ
3032 1746 3229 1814 Σοφίας
3280 1742 3583 1813 εἰπούσης·
3632 1737 3755 1809 Ἐγὼ

509 1845 732 1915 pressit.
758 1840 898 1897 Nam
933 1858 1062 1898 cum
1102 1840 1381 1911 Sapientia
1410 1842 1642 1897 dixisset
1672 1856 1688 1896 :
1718 1840 1829 1912 Ego
1853 1842 2082 1911 sapienti

2203 1849 2242 1917 ἡ
2292 1826 2483 1916 σοφία
2534 1840 2974 1911 starecum-coda
3020 1836 3271 1905 ,βουλὴν
3294 1874 3309 1901 ,
3363 1835 3463 1888 καὶ
3516 1831 3584 1885 τὸ.
3628 1830 3753 1901 ἑξῆς,

510 1935 694 1990 habito
721 1935 778 1988 in
811 1935 1031 1989 consilio
1052 1936 1244 2002 ',etc.,
1271 1942 1387 1990 tum
1427 1934 1494 1989 ad
1531 1950 1653 1990 eam
1681 1934 2085 2005 procreationem

2201 1941 2297 1995 καὶ
2329 1937 2644 2011 μεταϐάσης
2670 1936 2751 1999 εἰς
2778 1934 2871 1988 τὸν
2894 1932 2963 1986 δι’
2989 1925 3051 1986 οὗ
3084 1930 3285 1999 Λόγον·
3316 1929 3512 1999 εἴρηκε
3539 1926 3660 1995 γὰρ.
3689 1921 3752 1976 Δι’

511 2026 1183 2098 administrationemque,
1217 2043 1341 2098 quae
1383 2027 1777 2084 interveniente
1806 2027 1989 2084 Verbo
2027 2029 2084 2083 lit

2198 2031 2345 2102 ἐμοῦ
2374 2029 2657 2097 ,ϐασιλεῖς
2685 2047 2699 2058 ·
2731 2027 2828 2082 καὶ
2865 2025 2949 2090 τὸ,
3001 2023 3142 2079 Ἐὰν
3178 2020 3518 2090 (transilui
3547 2015 3677 2086 ὑμῖν
3698 2012 3756 2099 τό

509 2120 869 2186 descendens,
888 2135 1013 2176 cum
1038 2120 1109 2174 ita
1136 2120 1509 2189 subjunxisset
1534 2119 1674 2175 :Per
1694 2135 1776 2174 me
1801 2135 1967 2189 reges,
1980 2130 2084 2175 etc.

2199 2126 2275 2180 δι’
2307 2123 2452 2195 ἐμοῦ
2472 2165 2487 2189 ,
2515 2120 2917 2193 μνημονεύσω
2947 2118 3021 2174 τὰ
3047 2117 3148 2173 ἀπ’
3179 2113 3403 2178 αἰῶνος
3427 2108 3750 2181 ἀριθμῆσαι·

526 2208 652 2259 item
684 2204 815 2259 illud
850 2222 865 2259 :
902 2203 968 2258 Si
999 2203 1307 2258 nuntiavero
1338 2205 1504 2266 vobis,
1541 2218 1656 2273 qua:
1678 2218 1771 2273 per
1810 2221 1895 2261 me
1932 2206 2101 2275 ﬁunt;

2201 2216 2299 2271 καὶ
2323 2214 2613 2285 εἰπούσηςο
2653 2211 2876 2279 Κύριος
2911 2207 3117 2264 ἔκτισέ
3144 2222 3220 2277 με
3249 2202 3458 2274 ἀρχὴν
3499 2198 3646 2255 ὁδῶν
3669 2198 3755 2251 οὐ·

521 2292 939 2349 commemorabo
977 2309 1096 2363 qua:
1132 2310 1166 2346 a
1196 2292 1393 2348 sm:qu
1421 2299 1545 2346 sunt
1581 2296 1966 2361 percensenda;
2003 2296 2096 2353 de-

2199 2304 2308 2360 τοῦ
2330 2308 2418 2371 εἰς
2450 2304 2595 2374 ἔργα
2617 2300 2803 2356 αὑτοῦ
2829 2316 2845 2331 ’
2880 2299 2997 2369 πρὸ
3037 2297 3143 2352 τοῦ
3168 2296 3392 2360 αἰῶνος
3430 2286 3756 2361 ἐθεμελιωσέ

520 2384 689 2439 inde:
727 2384 987 2439 Dominus
1013 2383 1211 2438 creavit
1254 2399 1334 2436 me
1381 2383 1594 2437 initium
1637 2384 1844 2437 viarum
1883 2399 2095 2439 suarum

2196 2413 2279 2466 με
2297 2412 2311 2426 ο
2343 2395 2458 2464 πρὸ
2486 2393 2555 2447 δὲ
2580 2392 2823 2446 πάντων
2852 2388 3035 2462 γεννᾷ
3068 2405 3147 2459 με
3169 2403 3183 2416 ·
3219 2385 3345 2440 ἀντὶ
3375 2383 3477 2455 μὲν
3503 2380 3595 2435 τοῦ
3620 2419 3635 2443 ,
3673 2380 3756 2445 dp-

520 2477 575 2529 in
608 2492 768 2545 opera
820 2477 990 2544 ipsius
1018 2490 1037 2535 .'
1071 2483 1194 2529 ante
1226 2473 1483 2529 saeculum
1537 2474 1782 2543 fundavit
1833 2491 1950 2539 me;
1982 2486 2095 2531 ante

2202 2486 2345 2558 χὴν,
2374 2485 2562 2539 ἔλαϐεν
2589 2487 2619 2538 ὁ
2663 2482 2985 2546 Ἀπόστολος
3013 2481 3097 2544 τὸ,
3131 2477 3369 2548 πρῶτος
3393 2493 3409 2507 ο
3439 2474 3558 2529 ἀντὶ
3577 2472 3630 2526 δὲ
3660 2468 3753 2532 τοῦ,

519 2570 699 2622 omnia
746 2570 922 2639 genuit
981 2584 1062 2623 me
1089 2583 1109 2622 :
1148 2582 1273 2621 cum
1329 2566 1467 2631 haec,
1522 2567 1770 2636 inquam,
1826 2566 2094 2638 Sapientia

2203 2575 2386 2643 γεννᾷ
2410 2593 2518 2647 με,
2559 2575 2653 2637 τὸ,
2688 2577 2900 2640 τόκοςο
2942 2572 3063 2627 ἀντὶ
3098 2570 3157 2624 δὲ
3193 2566 3289 2623 τοῦ
3328 2567 3455 2620 ὅλου
3490 2561 3617 2634 ὁμοῦ
3638 2600 3652 2626 ,
3689 2559 3755 2621 τὸ,

516 2661 775 2725 dixisset,
807 2660 1103 2730 Apostolus
1149 2673 1248 2729 pro
1291 2674 1358 2714 eo
1403 2659 1551 2728 quod
1588 2666 1696 2722 est,
1734 2658 1969 2724 initium,
2008 2674 2091 2729 po-

2197 2667 2558 2735 Ἕκτισέτμε
2586 2663 2786 2735 ἀρχὴν
2808 2661 2963 2718 ὁδῶν
2992 2661 3180 2717 αὐτοῦ
3201 2679 3213 2691 ·
3248 2659 3347 2714 καὶ
3378 2654 3559 2728 γεννᾷ
3576 2669 3664 2724 με.
3690 2649 3754 2713 τὸ.

519 2752 651 2812 suit,
688 2752 888 2819 primus
913 2770 930 2815 ,-
964 2766 1087 2821 pro,
1111 2751 1289 2821 genuit
1318 2766 1417 2814 me,
1444 2751 1687 2821 genitus;
1736 2765 1836 2820 pro
1867 2757 1984 2805 toto
2011 2751 2094 2805 illa

2203 2756 2576 2822 πρωτότοκος
2623 2754 2827 2824 πάσης
2858 2755 3110 2821 κτίσεως
3137 2769 3150 2783 ·
3191 2752 3314 2805 ἀντὶ
3370 2750 3429 2804 δὲ
3460 2747 3553 2802 τοῦ
3575 2786 3590 2811 ,
3628 2746 3756 2799 Ἐθε-

518 2846 786 2906 membro,
837 2842 1051 2897 Creavit
1090 2859 1172 2896 me
1211 2842 1421 2897 initium
1476 2842 1682 2895 viarum
1726 2857 1982 2907 suarum;
2027 2850 2093 2909 et1

2197 2844 2492 2911 μελίωσε,
2521 2845 2583 2898 τὸ
2606 2884 2621 2908 ,
2667 2846 2770 2899 Ἐν
2807 2842 2969 2908 αὺτῷ
2996 2843 3242 2909 ἐκτίσθη
3281 2841 3361 2895 τὰ
3399 2839 3621 2894 πάντα·
3658 2832 3755 2888 ἀντὶ

516 2934 694 3002 genuit
734 2950 833 3000 me,
874 2933 978 2990 ista
1025 2934 1288 2997 subtexit,
1321 2932 1719 3002 Primogenitus
1750 2933 1919 2986 omnis
1951 2948 2091 2985 crea-

2202 2933 2260 2987 δὲ
2292 2932 2418 2997 τοῦ,
2447 2935 2523 2990 δι’
2551 2933 2717 3006 ἐμοῦ,
2758 2938 2836 2990 Τὰ
2860 2936 2960 2990 ἀπ’
2987 2933 3227 3000 αἰῶνος,
3258 2932 3386 2987 εἴτε
3420 2931 3631 3000 θρόνοι,
3659 2925 3755 2978 sits

518 3029 735 3089 tum”;
782 3040 882 3093 pro
935 3025 1059 3090 hoc,
1104 3023 1375 3079 Fundavit
1430 3040 1531 3088 me,
1567 3023 1812 3093 scripsit,
1872 3022 1938 3077 In
1989 3025 2093 3093 ipso

2203 3025 2567 3093 κυριότητες,
2600 3026 2722 3080 εἴτε
2749 3025 2947 3096 ἀρχαι,
2987 3026 3109 3080 εἴτε
3133 3024 3418 3089 ἐξουσίαι
3438 3063 3455 3089 ,
3492 3020 3563 3075 τὰ
3590 3018 3757 3073 πάντα

519 3125 699 3168 creata
721 3126 843 3170 sunt
872 3117 1070 3170 omnia.
1094 3118 1307 3170 Rursus
1335 3130 1434 3185 pro
1460 3115 1585 3178 huc,
1610 3130 1702 3182 per
1727 3130 1839 3178 me;
1867 3114 2094 3183 Aposto-

1699 3132 1702 3142 ι
1727 3130 1839 3178 me;
1867 3114 2103 3183 Aposto-
2203 3115 2278 3168 δι’
2301 3118 2510 3184 αὐτοῦ,
2537 3118 2635 3172 καὶ
2655 3119 2745 3186 εἰς
2772 3118 2962 3175 αὐτὸν
2987 3118 3274 3175 ἔκτισται.

518 3206 626 3274 lus,
657 3224 774 3279 qua:
819 3225 855 3262 a
911 3209 1106 3264 saeculo
1153 3219 1298 3275 sunt,
1344 3210 1451 3264 sive
1493 3208 1695 3273 throni,
1746 3209 1853 3263 sive
1900 3208 2324 3284 dominationes,
2396 3214 2504 3267 sive
2560 3214 2914 3284 principatus,
2958 3214 3063 3268 sive
3105 3220 3425 3283 potestates,
3479 3205 3647 3263 omnia
3680 3214 3758 3270 μιν

516 3299 710 3368 ipsum,
743 3309 793 3354 et
825 3301 880 3355 in
911 3300 1083 3370 ipsum
1116 3311 1297 3355 creata
1318 3310 1469 3358 sunt.
2170 3282 2177 3295 ’
3233 3336 3239 3343 ·
3696 3350 3701 3361 .

586 3386 777 3459 Itaque
836 3404 960 3444 cum
1011 3390 1257 3460 Apostoli
1306 3389 1577 3445 sententia
1623 3403 1750 3444 cum
1804 3388 2161 3459 Sapient‘mc

2273 3384 2499 3438 Πάντων
2531 3379 2625 3439 οὖν
2650 3384 2786 3456 πρὸς
2833 3383 2979 3452 λέξιν
3027 3383 3393 3453 ἑξισαζόντων
3420 3383 3750 3441 art-omituth

400 3491 402 3493 ’
514 3493 650 3535 voce
705 3479 774 3535 ad
843 3480 1070 3537 verbum
1136 3487 1443 3551 congruat,
1497 3481 1646 3537 velut
1706 3481 1920 3535 initium
1974 3510 1975 3523 ι

2204 3477 2281 3541 ὡς
2309 3474 2379 3529 τὰ
2400 3475 2552 3548 παρὰ
2581 3479 2678 3548 τῆς
2704 3477 2923 3548 Σοφίας,
2946 3477 3190 3532 τουτέστι
3216 3477 3310 3531 τοῦ
3333 3496 3394 3532 τε
3422 3477 3612 3547 ἀρχὴν
3639 3478 3750 3548 πρὸς

514 3570 708 3638 primo,
742 3578 797 3625 et
825 3573 1000 3643 genuit
1025 3586 1150 3626 cum
1178 3572 1556 3642 primogenitus
1578 3579 1666 3635 ;et
1690 3570 1861 3636 istud,
1885 3570 2089 3626 Creavit

2202 3570 2264 3620 τὸ
2300 3567 2551 3636 πρῶτος,
2602 3568 2696 3621 καὶ
2736 3568 2831 3622 τοῦ
2887 3567 3108 3638 raw-gi"
3135 3571 3531 3638 πρωτότοκος,
3578 3570 3661 3622 καὶ
3685 3566 3748 3632 τὸ,

516 3679 598 3717 me
619 3662 832 3717 initium
860 3666 1067 3718 viarum
1090 3679 1314 3719 suarum
1339 3664 1396 3717 in
1421 3678 1579 3731 opera
1603 3663 1790 3732 ipsius‘,
1816 3677 1941 3717 cum
1973 3662 2091 3726 hoc,

2208 3660 2445 3714 ’Έκτισέ
2461 3677 2540 3730 με
2562 3659 2762 3730 ἀρχὴν
2797 3659 2954 3715 ὁδῶν
2999 3661 3210 3725 αὐτοῦ,
3254 3664 3348 3729 εἰς
3394 3662 3538 3733 ἔργα
3574 3658 3749 3721 αὐτοῦ.

516 3750 909 3822 Primogenitus
931 3754 1102 3809 omnis
1122 3763 1381 3809 creatura
1405 3771 1422 3821 ;
1475 3754 1602 3809 item
1623 3769 1720 3823 pro
1731 3752 1975 3822 [undavit
1999 3769 2091 3821 me,

2206 3752 2343 3823 πρὸς
2376 3750 2457 3817 τὸ,
2489 3754 2871 3820 Πρωτότοκος
2904 3750 3112 3820 πάσης
3135 3753 3424 3820 κτίσεωςο
3455 3753 3571 3807 ἀντὶ
3592 3748 3748 3812 δὲτοῦ,

516 3841 634 3896 haec
666 3842 832 3896 verba
863 3842 1161 3898 substituta
1198 3844 1332 3907 sint,
1362 3842 1420 3895 in
1452 3843 1564 3912 ipso
1600 3855 1783 3896 creata
1814 3851 1973 3907 sunt;
2004 3856 2091 3912 prc

2216 3842 2601 3912 Ἐθεμελίωσέ
2629 3861 2730 3914 με,
2762 3844 2844 3910 τὸ,
2890 3844 2988 3898 Ἐν
3039 3842 3200 3910 αὐτῷ
3242 3844 3514 3913 ἐκτίσθη·
3560 3842 3667 3896 ἀντὶ
3704 3840 3748 3893 δὲ

519 3932 624 3986 hoc
657 3946 787 3988 vero
810 3972 826 3999 ,
866 3949 959 4003 per
986 3950 1099 3999 me,
1137 3934 1281 3989 istud
1304 3971 1321 3998 ,
1352 3948 1444 4003 per
1494 3933 1704 4003 ipsum,
1752 3933 2094 3989 manifestum

2203 3935 2320 3996 τοῦ,
2353 3932 2428 3989 δι’
2450 3934 2619 4004 ἐμοῦ,
2659 3934 2735 4000 ὡς
2768 3933 2905 4005 πρὸς
2938 3933 3018 3999 τὸ,
3042 3933 3117 3986 δι’
3145 3934 3338 3989 αὐτοῦ
3358 3951 3370 3961 ·
3411 3933 3650 4005 φανερὸν,
3675 3930 3750 3983 καὶ

518 4031 604 4078 est
650 4024 897 4094 imaginis
932 4040 1131 4081 nomen
1163 4025 1303 4082 citra
1360 4025 1675 4097 passionem
1729 4026 2022 4098 usurpari;
2051 4033 2093 4082 el

2205 4027 2243 4095 ἡ
2275 4026 2456 4082 εἰκὼν
2482 4029 2583 4082 οὐκ
2623 4028 2684 4081 ὲν
2717 4027 2901 4094 πάθει,
2940 4026 3060 4081 ἀλλ’
3090 4026 3213 4081 ἀντὶ
3253 4027 3375 4093 τοῦ,
3422 4026 3563 4097 Ἐγὼ
3596 4025 3630 4092 ἡ
3665 4038 3746 4077 σο-

518 4128 620 4185 pro
653 4114 786 4169 iisce
819 4116 1020 4180 verbis,
1055 4114 1168 4187 Ego
1198 4115 1488 4186 sapientia,
1519 4115 1760 4186 positum
1788 4114 1985 4171 fuisse.
2026 4116 2093 4171 Α(

2203 4119 2333 4188 sola,
2368 4118 2754 4191 παρείληπται.
2799 4118 2909 4173 Καὶ
2939 4118 3015 4183 ὡς
3046 4120 3080 4190 ἡ
3113 4118 3274 4188 σοφία
3315 4118 3412 4173 τοῦ
3444 4115 3599 4187 σοφοῦ
3625 4112 3743 4174 Υἱὺςι

520 4205 748 4276 proinde
777 4206 922 4263 sicut
953 4208 1226 4280 sapientia
1256 4209 1524 4280 sapientis
1558 4207 1731 4263 Filius
1752 4251 1769 4275 ,
1799 4209 2095 4264 substantia

2205 4209 2364 4263 οὐσία
2397 4209 2603 4276 οὐσίας,
2659 4209 2834 4273 οὕτως
2863 4211 2897 4281 ὴ
2928 4208 3093 4263 εἰκὼν
3137 4209 3328 4274 οὐσίας
3354 4209 3510 4281 ὁμοία
3536 4205 3654 4260 ἐστί.
3676 4202 3747 4256 Διὸ

519 4298 838 4354 substantiae
866 4308 952 4355 est
983 4317 999 4354 :
1041 4300 1126 4357 sic
1157 4300 1454 4372 imaginem
1497 4300 1821 4356 substantiae
1871 4316 1994 4356 esse
2032 4301 2094 4357 si-

2205 4303 2301 4356 καὶ
2326 4299 2488 4355 εἰκὼν
2514 4301 2711 4373 ἐνοήθη
2742 4300 2836 4354 τοῦ
2881 4300 3017 4354 Θεοῦ
3047 4299 3306 4372 ἀοράτου,
3351 4300 3410 4365 ὅς
3430 4342 3435 4345 λ
3456 4300 3596 4351 ἐστιν
3626 4292 3743 4354 Υἱός-

519 4391 722 4448 milem.
755 4390 837 4446 Ex
869 4408 979 4463 quo
1006 4394 1228 4465 quidem
1261 4394 1445 4466 imago
1483 4392 1602 4459 Dei,
1634 4393 1729 4464 qui
1771 4392 1945 4449 videri
1973 4409 2094 4450 ocu-

2205 4394 2314 4447 Ka‘t
2355 4392 2552 4463 ἔχομεν
2598 4391 3104 4459 ὲξισαζούσαςιτὰς
3149 4391 3325 4458 λέξεις
3389 4390 3591 4452 πάσαις⁸
3649 4380 3746 4438 ἀντὶ

519 4483 586 4537 lis
620 4499 730 4538 non
773 4492 989 4555 potest,
1035 4486 1139 4540 hoc
1186 4494 1270 4541 est
1299 4484 1498 4549 Filius,
1533 4485 1874 4556 intelligitur.
1910 4483 1988 4538 lta
2019 4484 2094 4538 di-

2208 4481 2307 4552 μὲν
2352 4481 2447 4534 τοῦ
2479 4482 2698 4552 σοφοῦ,
2737 4480 2800 4535 τὸ
2830 4483 2991 4547 Θεός·
3023 4480 3144 4535 ἀντὶ
3177 4480 3234 4533 δὲ
3272 4480 3384 4549 τῆς
3430 4478 3650 4548 σοφίας,
3679 4470 3742 4533 τὸ.

517 4575 728 4631 ctiones
766 4590 956 4631 omnes
984 4577 1052 4631 ad
1084 4578 1351 4632 amussim
1390 4576 1788 4647 respondentes
1819 4576 2092 4631 habemus.

2203 4570 2382 4626 εἰκών
2403 4587 2417 4600 °
2442 4570 2564 4626 ἀντὶ
2582 4571 2640 4624 δὲ
2663 4571 2756 4625 τοῦ
2787 4571 2968 4641 ἀρχὴ,
2994 4569 3228 4639 πρῶτος
3248 4586 3263 4600 ⁸
3301 4571 3421 4625 ἀντὶ
3451 4570 3504 4623 δὲ
3527 4565 3613 4620 τοῦ
3640 4578 3744 4634 τεν·

522 4669 590 4724 Ut
629 4677 757 4738 puta
791 4681 891 4737 pro
926 4668 1185 4737 sapiente.
1219 4668 1389 4734 Deus;
1432 4683 1531 4738 pro
1558 4668 1857 4734 sapientia,
1887 4667 2097 4736 imago;

2206 4660 2303 4729 γᾷ,
2334 4662 2415 4727 τὸ,
2476 4663 2681 4727 τόκος’
2712 4662 2832 4716 ἀντὶ
2872 4662 2929 4715 δὲ
2962 4662 3131 4726 ὅλου.
3167 4660 3318 4731 ὁμοῦ
3345 4677 3548 4732 φαμεν·
3580 4651 3741 4712 ἀντὶᾶ

506 4768 606 4821 pro
645 4751 820 4817 initio,
863 4751 1105 4819 primus‘;
1154 4762 1258 4816 pro
1307 4747 1506 4816 genuit,
1539 4748 1783 4816 genitus;
1832 4759 1932 4815 pro
1972 4754 2081 4799 toto

2167 4749 2180 4796 ⁵
2206 4754 2324 4819 τοῦ,
2372 4753 2589 4824 Ἀρχὴν
2617 4752 2775 4807 ὁδῶν
2800 4753 2988 4808 αὑτοῦ
3042 4754 3248 4809 ἐκτισέ
3272 4771 3353 4823 με
3379 4756 3464 4819 εὶς
3491 4751 3625 4819 ἔργα
3659 4745 3742 4799 αὐ-

513 4859 658 4907 una;
705 4858 806 4913 pro
841 4850 954 4896 toto
999 4840 1093 4895 illo
1134 4839 1403 4902 membro,
1430 4838 1700 4904 videlicet,
1730 4835 1960 4891 Initium
2000 4838 2087 4893 via

2210 4843 2337 4911 τοῦ,
2396 4844 2491 4896 καὶ
2518 4841 2705 4912 γεννᾷ
2747 4860 2846 4913 με,
2896 4842 2978 4907 τὸ,
3011 4843 3389 4911 Πρωτότοκος
3416 4839 3609 4906 πάσης
3643 4831 3739 4886 κτί-

517 4950 635 4985 rum
663 4950 882 4987 suarum
915 4935 1109 4988 creavit
1142 4949 1221 4987 me
1257 4933 1311 4986 in
1348 4949 1506 5002 opera
1537 4948 1656 4995 sua,
1690 4939 1745 4986 et
1779 4931 1959 5001 genuit
1993 4946 2092 4995 me,

2208 4950 2361 5001 σεως
2387 4947 2401 4962 ·
2439 4933 2562 4987 ἀντὶ
2592 4932 2649 4985 δὲ
2692 4931 2806 4993 τοῦ.
2846 4930 3239 5000 Ἐθεμελίωσέ
3260 4948 3358 4999 με,
3385 4931 3463 4997 τὸ,
3498 4927 3591 4982 Ἐν
3611 4915 3742 4983 αὺτῷ

519 5025 910 5096 Primogenitus
936 5029 1105 5082 omnis
1132 5037 1411 5080 creaturae.
1440 5024 1573 5080 item
1599 5040 1697 5094 pro
1733 5023 1979 5093 fundavit
2007 5039 2094 5091 me1

2208 5026 2454 5094 ἐκτίσθη
2481 5041 2496 5057 ⁶
2525 5024 2646 5078 ἀντὶ
2696 5024 2754 5077 δὲ
2780 5022 2895 5088 τοῦ,
2931 5023 3006 5078 δι’
3035 5022 3203 5092 ἐμοῦ,
3237 5020 3313 5080 Τὰ
3341 5022 3528 5075 πάντα
3566 5014 3632 5068 δι’
3658 5011 3740 5065 at)-

513 5113 580 5167 Iu
608 5115 721 5183 ipso
752 5127 931 5169 creata
957 5129 1081 5173 sunt
1104 5136 1123 5184 ;
1148 5129 1201 5174 et
1225 5136 1322 5190 pro
1344 5137 1436 5190 per
1467 5138 1569 5187 me,
1599 5118 1795 5175 Omnia
1816 5136 1911 5189 per
1936 5120 2088 5189 ipsun

2207 5118 2315 5171 1313
2349 5117 2450 5171 καὶ
2478 5119 2566 5181 εἰς
2589 5116 2796 5169 αὐτόν.
2846 5113 3105 5185 Φανερδν,
3138 5111 3215 5176 ὡς
3263 5111 3444 5165 εἰκόνα
3490 5105 3739 5161 ἀκούοντας

513 5216 565 5259 et
596 5206 657 5258 in
676 5206 871 5275 ipsum.
903 5204 986 5261 Ex’
1005 5210 1208 5279 quibus
1237 5212 1446 5282 liquido
1472 5220 1689 5267 constat
1715 5229 1729 5265 :
1758 5226 1855 5266 eos
1889 5211 1985 5280 qui
2021 5209 2088 5265 De

2208 5210 2298 5263 τὸν
2328 5210 2449 5262 Υῐὸν
2478 5207 2571 5261 τοῦ
2598 5205 2733 5260 Θεοῦ
2763 5203 2856 5259 τοῦ
2876 5203 3108 5276 ἀοράτου
3135 5203 3231 5257 καὶ
3253 5202 3423 5264 οὕτως
3444 5194 3647 5256 ἀναιδῶς

519 5315 629 5353 non
680 5299 1028 5369 aspectabilis
1075 5280 1363 5371 imaginem
1415 5320 1539 5360 esse
1592 5302 1794 5358 Filium
1846 5303 2094 5375 audiunt1

2206 5299 2457 5369 tpiCsJGat
2516 5298 2615 5371 τὴν
2666 5297 2786 5351 κατ’
2819 5297 3012 5351 οὐσίαν
3050 5295 3344 5368 ὁμοιότητα
3368 5291 3460 5347 τοῦ
3485 5287 3603 5342 Υἱοῦ
3627 5280 3737 5353 πρὸς

515 5402 571 5447 et
601 5392 965 5449 nihilominus
1004 5394 1171 5461 huius
1222 5409 1346 5450 cum
1376 5396 1535 5453 Patre
1574 5398 1986 5453 similitudinem
2016 5414 2090 5453 ca-

2205 5395 2427 5466 Πατέρα
2458 5392 2873 5464 ἐπιχειροῦντας
2905 5394 3019 5456 τοῖς
3070 5392 3238 5445 πᾶσιν
3292 5388 3495 5458 ἐλέγχει
3530 5390 3728 5466 nepam“

516 5481 776 5541 lumniari
814 5482 928 5540 tam
963 5485 1306 5557 impudenter
1348 5503 1456 5544 non
1490 5489 1762 5558 dubitant,
1789 5491 1996 5546 erroris
2045 5489 2091 5544 al

2204 5464 2396 5552 σόντας
2414 5503 2427 5517 ο
2486 5487 2548 5540 οὐ
2577 5484 2788 5549 Παῦλός
2824 5501 2889 5554 γε
2948 5483 3129 5554 μόνος,
3163 5480 3300 5535 ἀλλὰ
3329 5480 3418 5534 καὶ
3460 5472 3557 5546 πρὸ
3577 5464 3733 5522 τούτω

544 5721 563 5752 γ
589 5665 629 5752 ,ς
662 5663 814 5752 Its-al;
833 5680 1002 5752 irim1
1144 5660 1557 5752 _'_["sal.’t.xxvu,
1589 5665 1682 5721 20.
1758 5666 1780 5697 ³
1809 5664 1968 5721 Rom.
2001 5681 2078 5730 ιι,
2105 5663 2196 5721 '53.
2270 5664 2292 5698 ⁸
2315 5665 2448 5722 ibid.
2517 5664 2722 5723 'Prov.
2754 5681 2872 5733 vui,
2904 5663 3109 5735 iﬁsqq.
3185 5662 3208 5695 ⁸
3233 5659 3442 5717 Coloss.
3482 5667 3521 5719 ι,
3552 5647 3609 5703 15
3632 5655 3729 5713 εσιίι·

586 5731 645 5789 F.
678 5734 770 5786 τοῦ
791 5735 905 5787 ἑκτ.
983 5735 1004 5766 ⁸
1043 5733 1106 5787 F.
1140 5732 1276 5797 πρὸς
1304 5734 1381 5788 τό.
1966 5768 1974 5776 -

861 5751 905 5787 τ.
983 5735 1004 5766 ⁸
1043 5733 1106 5787 F.
1140 5732 1276 5797 πρὸς
1304 5734 1381 5788 τό.
1966 5768 1974 5776 -
2418 5760 2436 5775 ι
