3988 6446
243 378 345 437 II?

886 376 1258 434 ADVERSUS
1296 376 1640 434 ILERESES
1676 377 1804 434 LIB.
1846 378 1934 434 ΙΠ.
1976 382 2144 438 TOM.
2182 384 2223 438 l.
2263 416 2333 427 --
2371 385 2647 444 IUERES.
2688 389 2919 449 LXXIII.

3425 400 3524 457 4'8

257 497 536 568 Ἰωάννης,
587 497 617 549 ὁ
643 496 759 560 υἰὺς
821 496 989 562 ὅντως
1026 496 1273 569 βροντῆς,
1302 499 1368 568 τῇ
1414 496 1591 568 οἰκείᾳ
1621 496 1826 569 μεγαλο

1954 499 2221 570 Apostolo
2238 503 2494 557 convinci
2521 522 2535 558 :
2565 520 2879 575 quanquam
2913 521 3018 561 non
3050 507 3171 563 illos
3200 509 3377 564 solum
3404 516 3529 566 red-

245 588 441 659 φωνίᾳ,
472 590 652 659 ὅσπερ
681 587 745 641 ἐκ
775 606 935 642 τινων
968 589 1209 659 νεφελῶν
1234 588 1344 642 τῶν
1378 590 1480 661 τῆς
1506 589 1708 659 Σοφίας
1743 592 1832 643 αἰ-

1910 592 2124 661 .arguit
2169 592 2487 663 Apostolus,
2520 594 2614 648 sed
2655 604 2708 649 et
2755 602 2881 650 ante
2925 597 3242 666 Apostolum
3286 597 3527 654 Joannes

243 680 549 748 νιγμάτων,
601 680 702 751 τὴν
742 681 939 753 εὐσεϐῆ
969 683 1102 754 ἡμῖν
1149 681 1360 734 ἔννοιαν
1381 679 1478 734 τοῦ
1532 680 1663 734 Υἰοῦ
1691 682 1826 736 κατὰ

1940 682 2110 755 855l
2143 684 2233 739 ille
2270 700 2399 744 vere
2432 685 2656 739 tonitrui
2697 687 2862 743 Iilius.
2902 688 3007 754 Qui
3038 690 3231 761 grandi
3267 690 3359 746 illa
3400 706 3523 754 sua,

242 770 330 822 τὸν
353 770 545 840 ὅμοιον
571 772 772 841 τρόπον
800 773 1022 844 ἀνῆκεν.

1943 772 2361 845 elarissimaque
2400 787 2534 828 voce
2567 789 2598 829 e
2647 773 2941 845 Sapientiae
2984 778 3129 832 velut
3162 776 3522 839 adumbratis,

244 864 297 910 et
324 860 590 916 obscuris
620 862 941 927 involucris,
987 864 1148 936 quasi
1194 863 1523 935 quibusdam
1575 878 1609 919 e
1659 864 1922 932 nubibus,
1956 864 2101 936 piam
2157 863 2227 920 de
2284 862 2427 919 Filio
2477 864 2807 921 sententiam
2867 866 2937 922 ad
2995 868 3247 925 eumdem
3299 868 3521 923 modum

242 951 438 1004 emisit.

312 1041 392 1095 II'.
418 1043 570 1114 Ὅρα
604 1045 731 1115 γὰρ,
762 1045 844 1099 ὅτι
882 1062 977 1100 και
1006 1047 1169 1112 αὐτὸς
1199 1049 1235 1102 ἃ
1264 1048 1511 1119 ἐδιδάχθη
1542 1051 1693 1119 παρὰ
1728 1049 1830 1118 τῆς

242 1130 455 1201 Esaias,
506 1136 684 1189 ταῦτα
739 1140 797 1190 ὲν
846 1137 925 1208 τῷ
957 1141 1088 1209 παρ’
1120 1140 1286 1193 αὐτοῦ
1335 1141 1664 1212 κηρυχθέντι
1697 1144 1829 1211 ἡμῖν

248 1225 570 1297 Εὐαγγελίῳ
594 1228 963 1300 παραδέδωκε.
995 1231 1109 1300 Τῆς
1155 1230 1265 1303 γὰρ
1295 1232 1494 1302 Σοφίας
1532 1231 1826 1302 εἰπούσηςο

250 1316 489 1372 Ἕκτισέ
495 1336 579 1387 με
593 1319 788 1388 ἀρχὴν
804 1319 961 1373 ὁδῶν
974 1321 1182 1387 αὐτοῦ,
1195 1310 1279 1387 τδ,
1299 1322 1369 1376 ἐν
1387 1324 1570 1393 ἀρχῇ,
1593 1323 1826 1390 ἐξέθετο,

244 1407 427 1471 εἰπὼν,
472 1408 581 1462 Ἑν
614 1408 771 1477 ἀρχῇ
797 1404 878 1480 ἦν
914 1412 948 1464 ό
975 1411 1164 1480 Λόγος
1185 1427 1201 1443 ο
1239 1411 1358 1467 ἀντὶ
1391 1409 1828 1477 δὲτοῢ,Ἕκτισέ

239 1516 330 1568 με,
360 1500 473 1553 Kal
507 1500 658 1566 Θεὸς
686 1497 799 1571 ἦν·
831 1503 917 1554 ἵνα
954 1502 1028 1573 μὴ
1061 1503 1154 1556 τὸν
1185 1505 1244 1557 ἐν
1279 1506 1551 1576 προφορᾷ.
1580 1504 1716 1559 ἀλλὰ
1739 1506 1829 1560 τὸν

242 1593 298 1644 ἐν
329 1591 639 1645 ὑποστάσει
680 1593 857 1664 παγίᾳ
904 1594 1091 1666 ἀπαθῆ
1128 1595 1195 1648 ἐκ
1248 1597 1462 1667 [ἰατρὸς
1503 1595 1634 1650 Θεὸν
1656 1596 1830 1665 Λόγον

241 1682 560 1754 νοήσωμεν
623 1683 746 1737 ἀντὶ
794 1684 853 1737 δὲ
906 1684 1023 1749 τοῦ,
1085 1685 1312 1754 Ὴμὴν¹
1367 1687 1706 1758 παράὐτῷ,
1746 1688 1826 1753 τὸ,

242 1773 387 1840 πρὸς
425 1773 585 1827 Θεόν
610 1788 624 1804 ’
657 1773 779 1826 ἀντὶ
802 1772 859 1826 δὲ
884 1773 1002 1837 τοῦ,
1031 1773 1105 1828 δι’
1122 1775 1290 1844 ἐμοῦ,
1315 1775 1394 1841 τὸ,
1428 1775 1553 1848 [ἀπ’
1589 1776 1825 1843 αἰῶνος,

1942 1082 1947 1087 .
2014 1039 2146 1097 VIII.
2188 1041 2579 1097 Animadverte
2604 1042 2752 1097 enim
2779 1050 2860 1107 ut,
2903 1059 3025 1113 quae
3053 1059 3082 1097 a
3119 1043 3397 1115 Sapientia
3436 1048 3520 1102 di-

1936 1134 2091 1198 dicit,
2131 1135 2186 1188 in
2224 1133 2518 1205 Evangelio
2546 1151 2646 1191 suo
2676 1136 2838 1191 nobis
2863 1138 3199 1207 exposuerit.
3236 1137 3370 1193 Nam
3396 1156 3517 1195 cum

1935 1226 2215 1296 Sapientia
2249 1228 2479 1282 dixisset
2514 1245 2527 1281 :
2571 1227 2784 1283 Creauit
2832 1245 2914 1282 me
2959 1229 3279 1299 principium
3317 1233 3518 1285 viarum

1934 1330 2187 1383 suarum,
2245 1314 2486 1372 Joannes
2548 1319 2802 1387 principii
2855 1334 3043 1373 vocem
3106 1322 3413 1390 expressit:
3453 1321 3519 1376 In

1930 1407 2209 1475 principio,
2243 1407 2442 1478 inquit,
2471 1418 2588 1463 erat
2619 1409 2843 1463 Verbum
2865 1411 2886 1441 ⁸
2911 1427 2926 1476 ;
2956 1392 3056 1480 pro
3083 1427 3150 1465 co
3178 1428 3325 1479 vero,
3351 1415 3519 1471 Crea-

1930 1498 2002 1550 rit
2035 1514 2147 1561 me,
2174 1499 2413 1568 subjecit
2438 1499 2609 1564 istud,
2640 1498 2707 1554 Et
2751 1500 2895 1556 Deus
2927 1510 3066 1556 erat.
3098 1500 3175 1556 Ne
3203 1504 3514 1560 istiusmodi

1936 1587 2208 1657 Verbum,
2262 1591 2407 1661 quod
2462 1592 2766 1662 prolatione
2798 1602 3054 1656 constat,
3105 1607 3291 1647 verum
3342 1593 3518 1650 solide

1930 1680 2266 1745 subsistens,
2300 1696 2366 1736 ac
2395 1682 2677 1751 passionis
2703 1698 2922 1752 expers,
2969 1691 3023 1738 et
3063 1699 3093 1737 a
3136 1683 3296 1740 Patre
3324 1700 3516 1755 proce-

1928 1771 2067 1827 dens
2098 1764 2335 1829 Verbum
2381 1773 2553 1828 Deum
2598 1780 2787 1829 mente
2813 1773 3253 1845 concipercmus.
3286 1775 3408 1831 iam
3447 1778 3512 1831 il.

239 1861 343 1933 2b,]
382 1861 600 1933 Πάντα
635 1861 712 1916 δι’
734 1864 924 1917 αὐτοῦ
952 1862 1225 1932 ἐγένετο·
1264 1865 1364 1919 καί
1417 1865 1597 1935 χωρὶς
1640 1866 1826 1921 αὑτοῦ

1932 1859 2197 1926 Iis,Eram
2223 1862 2365 1932 apud
2399 1863 2579 1929 illum,
2605 1863 2711 1919 ista
2752 1866 3107 1933 respondent,
3144 1867 3283 1935 apud
3315 1866 3511 1932 Deum;

239 1952 469 2023 ἐγένετο
508 1953 661 2008 οὐδὲ
685 1954 757 2008 ἓν
774 1970 789 1986 ο
846 1955 968 2009 ἀντὶ
993 1955 1051 2008 δὲ
1072 1955 1190 2022 τοῦ,
1260 1957 1638 2024 ἐθεμελίωσε,
1679 1957 1762 2022 τὸ,
1793 1956 1825 2011 ὃ

240 2045 501 2115 τέτονεν.
546 2047 658 2101 Ἐν
689 2045 851 2113 αὐτῷ
884 2046 997 2116 ζωὴ
1037 2043 1147 2119 ἦν’
1192 2038 1241 2114 ᾧ
1267 2048 1381 2101 ἴσον
1417 2048 1500 2113 τὸ,
1537 2049 1642 2105 Ἑν
1666 2048 1827 2115 αὐτῷ

239 2136 483 2206 ἐκτίσθη
524 2136 606 2192 τὰ
642 2135 842 2191 πάντα
864 2152 876 2167 ο
930 2137 1053 2191 ἀντὶ
1101 2136 1160 2190 δὲ
1194 2135 1310 2201 τοῦ,
1355 2137 1408 2189 Ὀ
1444 2137 1640 2207 Λόγος
1669 2139 1826 2207 σὰρξ

144 2246 145 2255 ι
240 2224 491 2295 ἐγένετο,
541 2226 612 2281 Ἡ
631 2226 819 2295 σοφία
836 2225 1226 2296 ᾠκοδόμησεν
1248 2225 1436 2295 ἑαυτῇ
1471 2222 1638 2282 οἷκον
1660 2244 1675 2258 ·
1704 2228 1826 2283 ἀντὶ

241 2317 294 2371 δὲ
319 2317 428 2381 τοῦ,
464 2320 665 2388 Ἦμητο
693 2318 829 2387 παρ’
849 2318 1011 2385 αὐτῷ
1033 2318 1390 2389 ἁρμόζουσα,
1416 2318 1499 2386 τὸ,
1533 2321 1615 2374 Οὐ
1641 2319 1825 2375 dura-

243 2425 331 2464 ται
393 2414 428 2466 ό
474 2410 618 2476 Υἱὸς
669 2408 863 2463 ποιεῖν
907 2408 1010 2479 ἀφ’
1033 2409 1253 2464 ἑαυτοῦ
1280 2408 1482 2474 οὐδὲν,
1519 2409 1629 2464 ἐὰν
1648 2410 1733 2479 μή
1770 2429 1827 2464 τι

238 2501 432 2568 βλέπῃ
465 2501 586 2555 τὸν
626 2502 859 2570 Πατέρα
888 2502 1205 2557 ποιοῦνταο
1253 2501 1294 2556 ἀ
1324 2502 1438 2572 γὰρ
1475 2500 1553 2557 ἂν
1594 2502 1825 2569 ἐκεῖνος

240 2590 396 2662 ποιῇ,
425 2593 629 2647 ταῦτα
656 2593 804 2648 καὶὸ
830 2594 960 2660 Υἱὸς
993 2595 1201 2664 ὁμοίως
1230 2593 1391 2648 ποιεῖ
1411 2611 1425 2627 ⁸
1452 2594 1529 2658 ὡς
1553 2595 1696 2665 ἔχειν
1726 2595 1824 2667 τὴν

242 2686 326 2739 ἐπὶ
358 2686 636 2757 πόματος
669 2685 764 2740 δύο
800 2687 896 2740 καὶ
921 2686 1089 2758 τριῶν
1131 2687 1460 2758 μαρτύρων¹
1500 2689 1581 2752 εἰς
1613 2688 1825 2742 ἀπόδει-

241 2777 316 2843 ξιν
343 2779 439 2850 τῆς
467 2779 600 2847 κατ’
624 2778 816 2832 οὐσίαν
869 2779 1011 2850 πρὸς.
1036 2779 1255 2851 Πατέρα
1296 2778 1392 2833 τοῦ
1425 2778 1556 2833 Υἰοῦ
1576 2781 1826 2851 ὁμοιότη-

241 2884 343 2931 τος.
382 2868 440 2923 '0
470 2869 580 2940 μὲν
608 2868 718 2939 γὰρ
746 2867 840 2922 τοῦ
864 2868 1029 2938 σοφοῦ
1050 2868 1150 2941 τὴν
1176 2869 1367 2940 σοφίαν
1393 2870 1518 2924 Υἱόν
1536 2887 1552 2900 θ
1589 2873 1620 2924 ό
1649 2871 1706 2924 δὲ
1725 2871 1821 2925 τοῦ

242 2957 366 3011 Θεοῦ
397 2958 488 3014 τὸν
515 2958 701 3026 Λόγον
738 2959 1000 3031 μονογενῆ
1032 2959 1165 3013 Θεόν
1182 2975 1197 2990 ο
1231 2962 1260 3014 ὁ
1316 2960 1374 3013 δὲ
1404 2960 1500 3015 τοῦ
1547 2960 1684 3015 Θεοῦ
1732 2962 1823 3016 τὸν

244 3047 382 3114 Υἰὸν,
406 3051 604 3107 εἰκόνα
633 3052 822 3122 φησιν.
875 3052 961 3116 Ὠς
990 3051 1082 3107 τὸν
1109 3051 1245 3107 Θεοῦ
1265 3052 1458 3122 Λόγον,
1489 3042 1584 3107 διαὶ
1609 3052 1707 3125 τὴν
1730 3069 1823 3108 00-

243 3143 383 3211 φίαν,
407 3145 502 3198 καὶ
529 3144 641 3216 τὴν
672 3144 868 3199 εἰκόνα
896 3144 1082 3215 ὅμοιον
1114 3147 1182 3204 ἐκ
1227 3146 1470 3211 πάντων,
1518 3145 1661 3200 καθὰ
1688 3163 1823 3218 προ-

1930 1953 2053 2009 istis
2083 1970 2230 2019 vero,
2258 1970 2351 2023 per
2375 1971 2477 2019 me,
2505 1955 2644 2021 haec,
2671 1954 2736 2009 ab
2767 1957 3204 2022 azterno;0muia
3224 1972 3317 2026 per
3339 1960 3514 2029 ipsum

1932 2047 2081 2115 facta
2117 2057 2277 2111 sunt,
2311 2058 2362 2101 et
2403 2048 2519 2102 sine
2548 2050 2662 2116 ipso
2702 2047 2904 2116 factum
2935 2058 3012 2102 est
3054 2048 3220 2114 nihil;
3272 2066 3372 2121 pro
3411 2052 3514 2107 hac

1927 2152 2064 2192 voce
2101 2137 2344 2205 fuitdauit
2366 2178 2382 2205 ,
2407 2138 2577 2204 istud,
2607 2140 2746 2209 quod
2785 2140 2990 2209 factum
3022 2150 3120 2194 est.
3149 2141 3217 2194 In
3257 2142 3372 2212 ipso
3403 2145 3513 2200 vita

1926 2238 2063 2284 erat.
2084 2228 2187 2283 Cui
2216 2230 2396 2285 simile
2424 2240 2510 2285 est
2532 2231 2687 2295 illud,
2703 2229 2771 2285 In
2798 2234 2917 2300 ipso
2946 2239 3128 2286 cretus
3152 2244 3279 2287 sunt
3303 2237 3506 2291 omnia.

1926 2318 2062 2375 Nam
2095 2320 2183 2376 his
2206 2320 2409 2385 verbis,
2434 2317 2505 2373 Et
2532 2320 2756 2375 Verbum
2785 2337 2913 2375 caro
2947 2323 3152 2391 factum
3181 2336 3281 2388 est,
3312 2325 3402 2379 illa
3426 2341 3511 2380 re-

1927 2412 2198 2482 spondent.
2225 2430 2239 2466 :
2269 2410 2546 2481 Sapientia
2581 2412 2871 2482 aediﬁcavit
2910 2413 3015 2468 sibi
3058 2414 3274 2468 domum
3291 2415 3334 2471 ‘.
3378 2415 3510 2473 Item

1928 2517 2029 2573 pro
2056 2502 2330 2567 bis,Eram
2364 2500 2502 2570 apud
2532 2505 2706 2571 ipsum
2735 2519 3048 2572 componens
3067 2503 3112 2566 ",
3137 2492 3380 2561 Joannes
3406 2505 3510 2561 ista

1933 2594 2179 2666 scripsit,
2207 2593 2331 2648 Non
2359 2605 2528 2663 potest
2551 2593 2730 2650 Filius
2756 2613 2789 2649 a
2811 2598 2979 2665 seipse
3001 2595 3178 2665 facere
3198 2599 3508 2668 quidquam,

1926 2689 2031 2741 nisi
2069 2685 2209 2757 quod
2243 2685 2431 2742 uiderit
2472 2685 2693 2741 Patrem
2733 2689 3039 2756 (scientem.
3086 2687 3220 2754 Quae
3248 2688 3390 2742 enim
3423 2688 3511 2743 ειι

1924 2776 2089 2847 facit,
2138 2775 2324 2831 eadem
2377 2784 2429 2831 et
2475 2774 2653 2832 Filius
2701 2778 2951 2835 similiter
2995 2777 3187 2847 facit“.
3234 2777 3510 2836 Habemus

1923 2869 2092 2940 igitur
2132 2884 2202 2925 ex
2251 2883 2350 2925 ore
2378 2868 2617 2924 duorum
2653 2869 2740 2925 vel
2775 2870 2943 2925 trium
2991 2871 3217 2926 testium
3261 2868 3388 2926 Filii
3428 2887 3513 2927 se-

1922 2963 2164 3019 cundum
2206 2970 2460 3017 naturam
2510 2962 2945 3019 similitudinem.
2976 2977 3103 3018 cum
3149 2962 3316 3020 Patre
3354 2978 3511 3019 eom-

1921 3054 2228 3123 probatam.
2252 3052 2406 3110 Unus
2426 3055 2627 3124 quippe
2658 3055 2986 3125 sapientiam
3016 3056 3283 3125 sapientis
3304 3054 3500 3110 Filium

1924 3144 2219 3214 praedicat;
2269 3145 2408 3200 alter
2457 3144 2551 3199 Dei
2598 3142 2841 3201 Verbum
2890 3146 3235 3215 unigenitum
3295 3147 3510 3213 Deum;

244 3232 465 3305 εἰρηται,
493 3234 603 3290 καὶ
656 3235 776 3290 κατ’
805 3233 991 3288 οὐσίαν
1021 3235 1148 3290 Υιὸν
1196 3235 1294 3289 τοῦ
1315 3235 1452 3289 Θεοῦ
1484 3235 1579 3289 καὶ
1607 3235 1821 3307 Harpe;

1928 3236 2121 3291 tertius
2154 3234 2249 3291 Dei
2286 3234 2486 3290 Filium
2512 3234 3099 3305 ,inaginemaﬂirmat.
3144 3237 3298 3292 Adeo
3329 3245 3389 3291 ut
3418 3237 3511 3292 Det

245 3328 344 3389 τοῖς
384 3328 527 3380 πᾶσι
580 3324 969 3397 κηρύττεσθαι.
1000 3326 1123 3379 Ἔτι
1158 3325 1213 3379 δὲ
1256 3325 1455 3396 μᾶλλον
1491 3326 1568 3389 ὼς
1592 3325 1685 3379 τδν
1714 3326 1827 3379 Θω-

249 3417 343 3484 μᾶν
378 3417 525 3487 ἡμᾶς
546 3419 623 3488 τῇ
661 3416 907 3488 ψηλαφίᾳ
939 3417 1039 3488 τῆς
1075 3416 1356 3487 ἐνεργείας
1384 3417 1406 3448 ³
1450 3420 1552 3488 τῆς
1581 3416 1699 3471 κατ’
1737 3415 1825 3469 οὑ-

249 3509 357 3562 σίαν
384 3510 711 3580 ὁμοιότητος
738 3510 766 3562 ὁ
802 3507 939 3562 Θεοῦ
960 3508 1134 3576 Λόγος
1166 3508 1435 3580 προσάγει
1470 3507 1645 3576 λέγων
1664 3524 1678 3539 ·
1729 3507 1825 3574 Ὠς

247 3604 277 3655 ό
297 3602 490 3674 Πατὴρ
530 3603 670 3671 ἔχει
714 3601 869 3670 ζωὴν
915 3603 987 3655 ἐν
1021 3599 1234 3667 ἐαυτῷ,
1262 3601 1416 3655 οὕτω
1452 3600 1552 3654 καί
1582 3598 1665 3666 τῷ
1716 3599 1827 3666 Υἱῷ

246 3692 455 3750 δέδωκε
501 3695 667 3764 ζωὴν
696 3696 864 3763 ἔχειν
893 3694 965 3748 ἐν
987 3692 1201 3759 ἐαυτῷ.
1256 3693 1320 3746 Εἰ
1350 3691 1461 3764 γὰρ
1509 3692 1590 3755 τὸ,
1658 3693 1755 3758 Ὠς
1794 3694 1827 3746 ό

249 3788 435 3857 Πατὴρ
460 3790 617 3859 ἔχει,
647 3789 746 3860 οὐχ
797 3787 874 3851 ώς
902 3788 961 3842 ὲν
987 3787 1132 3859 ἄλλῳ
1165 3788 1405 3841 νοεῖται·
1446 3787 1509 3839 οὐ
1545 3785 1655 3859 γὰρ
1699 3785 1829 3839 ἄλλο

252 3879 342 3950 μέν
370 3882 516 3935 ἐστιν
538 3883 578 3936 ὁ
605 3881 818 3952 Πατὴρ,
856 3879 985 3934 ἄλλο
1007 3879 1066 3933 δὲ
1093 3881 1127 3951 ή
1154 3878 1268 3950 ζωὴ
1288 3881 1321 3949 ἡ
1362 3880 1422 3933 ὲν
1448 3878 1619 3949 αὐτῷ.
1649 3878 1736 3932 ἵνα
1763 3878 1827 3932 τὺ

253 3971 341 4039 μὲν
374 3971 517 4043 ἕχον,
541 3972 614 4025 τὸ
631 3972 690 4026 δὲ
720 3972 988 4043 ἐχόμενον
1001 3970 1190 4041 νοῆται
1214 3987 1229 4001 ·
1259 3970 1374 4024 ἀλλ’
1400 3970 1561 4035 αὐτὸς
1596 3970 1827 4026 ἀσυνθέ-

247 4074 347 4125 τως
368 4064 483 4118 ἆστί.
512 4063 634 4134 ζωὴ
659 4065 690 4116 ό
715 4063 927 4135 Πατὴρ,
982 4062 1077 4116 καὶ
1102 4059 1179 4126 ὡς
1199 4060 1310 4132 ἔχει
1339 4061 1520 4126 αὐτὸς.
1559 4060 1703 4114 οὕτω
1733 4060 1827 4115 δέ·-

249 4158 378 4212 δωκε
412 4159 507 4213 καὶ
525 4156 614 4228 τῷ
644 4154 780 4227 Υἰῷ,
812 4153 1058 4226 δηλονότι
1084 4151 1394 4217 amem;
1435 4152 1513 4217 ὡς
1544 4154 1574 4207 ό
1601 4154 1825 4224 Πατήρ’

252 4251 492 4321 φανερὸν,
525 4250 614 4304 ὃτι
648 4246 822 4310 οὕτως
855 4245 1013 4316 ἔχων,
1050 4243 1173 4298 ἐπεὶ
1215 4242 1292 4315 μὴ
1339 4242 1825 4314 ἀγενήτῳςέχει,

259 4341 379 4411 μηδὲ
408 4340 681 4403 συνθέτως
711 4338 847 4410 ἔχει,
884 4337 1085 4409 ὁμοίως
1130 4334 1309 4388 πάντα
1332 4335 1452 4388 κατ’
1478 4334 1688 4400 οὐσίαν,
1731 4334 1828 4388 καὶ

254 4433 574 4497 ἀσυνθέτως,
602 4431 678 4495 ὡς
707 4431 736 4484 ὁ
787 4429 977 4500 Πατήρ
998 4445 1013 4459 ο
1065 4427 1224 4499 δήλου
1252 4426 1425 4492 ὄντος,
1450 4426 1533 4479 ὅτι
1563 4425 1626 4479 τὸ
1641 4426 1828 4495 ὅμοιον

254 4525 494 4580 οὐδέποτε
516 4522 718 4579 ταυτὸν
748 4518 887 4577 εἶναι
919 4519 1141 4574 δύναται
1165 4513 1227 4573 οὗ
1254 4519 1402 4571 ἐστιν
1432 4519 1636 4588 ὅμοιον,
1655 4518 1829 4571 ιάπό-

1941 3325 2196 3391 Verbum,
2224 3334 2274 3381 et
2307 3327 2602 3396 sapientia,
2652 3334 2706 3381 et
2752 3327 2931 3396 imago
2960 3342 3130 3381 unum
3166 3341 3413 3396 prorsus,
3453 3335 3509 3381 ut

1924 3424 2088 3473 antea
2125 3417 2335 3472 dictum
2366 3425 2475 3482 est,
2519 3418 2775 3487 idemque
2804 3416 3153 3486 signiﬁcent;
3184 3430 3249 3470 ac
3279 3416 3373 3472 Dei
3407 3417 3482 3471 Pa

1925 3511 2139 3580 trisque
2169 3508 2474 3566 secundum
2510 3510 2809 3565 essentiam
2840 3508 3016 3563 Filius
3048 3508 3418 3564 communiter
3440 3510 3510 3565 ab

1925 3602 2183 3658 ominibus
2216 3608 2584 3658 assereretur.
2629 3602 2832 3656 Prteter
2869 3602 2986 3656 haec
3031 3615 3164 3656 vero
3202 3599 3370 3656 divini
3410 3615 3511 3658 nos

1927 3696 2201 3753 sermonis
2232 3696 2539 3752 auctoritas
2573 3697 2639 3751 ad
2681 3696 2830 3750 illam
2870 3694 3127 3751 essentia:
3155 3694 3301 3750 velut
3334 3694 3513 3749 mani-

1925 3790 2033 3845 bus
2061 3786 2514 3844 contrectandam
2558 3772 2976 3844 similitudinem
2997 3825 3012 3849 ,
3039 3782 3267 3840 Tboma:
3313 3784 3511 3848 instar,

1927 3880 2174 3945 adducit,
2205 3894 2331 3935 cum
2362 3879 2439 3934 ita
2464 3879 2711 3950 loquitur
2736 3896 2750 3933 :
2784 3876 2936 3933 Sicut
2967 3876 3136 3931 Pater
3168 3875 3323 3931 habet
3351 3877 3511 3931 vitam

1926 3971 1983 4025 in
2021 3987 2215 4040 seipse,
2240 3971 2316 4024 ita
2343 3979 2395 4025 et
2417 3967 2563 4024 Filio
2590 3968 2736 4022 dedit
2765 3968 2932 4023 vitam
2962 3966 3155 4022 habere
3187 3967 3242 4020 in
3270 3968 3448 4036 seipse
3466 3969 3510 4021 ’.

1927 4062 2142 4119 Etenim
2172 4064 2219 4119 si
2267 4063 2383 4118 haec
2406 4062 2597 4125 verba,
2619 4057 2766 4117 Sicut
2800 4059 2964 4115 Pater
3014 4058 3170 4113 habet
3196 4099 3211 4119 .
3250 4058 3331 4114 sic
3362 4058 3513 4113 acci-

1926 4158 2175 4228 piuntur,
2222 4162 2283 4209 ut
2332 4168 2442 4209 non
2480 4153 2548 4208 ad
2592 4153 2741 4208 aliud
2780 4152 3044 4224 quiddam
3078 4153 3409 4216 referantur,
3450 4166 3514 4209 ae

1926 4248 2228 4304 diversum.
2262 4244 2451 4316 Neque
2488 4245 2638 4299 enim
2672 4244 2821 4300 aliud
2855 4252 2942 4301 est
2967 4243 3154 4309 Pater,
3192 4242 3342 4299 aliud
3373 4242 3511 4305 vita,

1925 4353 2051 4410 quae
2080 4346 2165 4393 est
2191 4335 2246 4389 in
2277 4336 2418 4406 ipso,
2452 4334 2613 4405 quasi
2637 4335 2787 4390 aliud
2828 4335 2902 4390 sit
2927 4334 3074 4404 quod
3104 4334 3333 4397 habent,
3363 4333 3511 4387 aliud

1926 4430 2075 4501 quod
2125 4427 2317 4484 haberi
2356 4427 2597 4489 dicatur,
2642 4426 2738 4481 sed
2762 4427 2889 4496 ipse
2928 4425 3050 4481 sine
3097 4425 3206 4480 ulla
3238 4424 3514 4494 composi-

1930 4521 2081 4576 tione
2104 4517 2216 4573 vita
2244 4525 2330 4573 est
2362 4517 2560 4571 Pater:
2592 4531 2761 4586 porro
2790 4517 2936 4572 sicut
2982 4516 3147 4571 habet
3176 4517 3312 4586 ipse,
3344 4516 3425 4571 sic
3460 4524 3512 4571 et

254 4616 403 4683 δειξιν
449 4619 571 4681 τοῦ,
608 4619 668 4672 ὲν
694 4613 1002 4687 ὁμοιώματι
1049 4610 1354 4685 ἀνθρώπων
1397 4582 1690 4681 γενόμενον
1734 4610 1826 4665 τὸν

1931 4608 2074 4664 Filio
2124 4608 2357 4672 dederit,
2393 4582 2652 4662 nimirum
2686 4607 2825 4663 citra
2856 4582 3335 4679 compositionem,
3363 4617 3425 4663 ut
3459 4616 3514 4664 et

259 4708 375 4764 Υἰδν
423 4711 518 4765 τοῦ
567 4708 726 4773 Θεοῦ,
763 4707 1048 4779 ἄνθρωπον
1095 4704 1196 4774 μὲν
1238 4704 1516 4774 γενέσθαι,
1583 4701 1659 4773 μὴ
1685 4702 1830 4756 κατὰ

260 4802 425 4856 πάντα
477 4803 538 4858 δὲ
559 4800 756 4857 ταυτὸν
782 4797 1034 4869 γενέσθαι
1067 4795 1340 4869 ἀνθρώπῳ
1357 4812 1372 4828 ·
1402 4795 1496 4849 καὶ
1518 4792 1828 4866 ὁμοιώματι

261 4893 446 4964 σαρκὸς
496 4890 771 4965 ἁμαρτίας
837 4887 1149 4958 γενόμενον,
1210 4883 1464 4954 γενέσθαι
1492 4883 1592 4955 μὲν
1636 4885 1694 4938 ὲν
1714 4886 1828 4947 τοῖς

262 4983 444 5039 πάθεσι
497 4986 612 5048 τοῖς
640 4981 834 5045 αἰτίοις
890 4979 990 5051 τῆς
1012 4980 1073 5032 ὲν
1129 4977 1293 5049 σαρκὶ
1350 4974 1647 5048 ἁμαρτίας,
1705 4974 1828 5027 πεί-

262 5092 350 5147 νης
382 5078 594 5149 “φαμὲν,
654 5076 751 5130 καὶ
798 5071 981 5143 δίψης,
1030 5070 1123 5124 καὶ
1175 5068 1285 5127 τῶν
1333 5067 1558 5131 λοιπῶν,
1607 5065 1683 5138 μὴ
1732 5082 1826 5135 γε-

264 5165 434 5221 νέσθαι
502 5167 561 5221 δὲ
624 5168 682 5221 ὲν
741 5156 1063 5233 ταυτότητι’
1090 5161 1190 5231 τῆς
1254 5158 1456 5231 σαρκὸς
1526 5156 1821 5229 ἁμαρτίας.

268 5256 416 5310 Ὥστε
441 5258 535 5311 καὶ
559 5258 667 5311 ἀπὸ
698 5255 805 5310 τῶν
853 5251 1221 5308 ἁποστολικῶν
1254 5247 1570 5321 μαρτυριῶν
1609 5248 1704 5303 καὶ
1727 5249 1827 5319 τὴν

267 5350 375 5401 κατ’
397 5349 580 5402 οὐσίαν
606 5347 902 5419 ὁμοιότητα
931 5344 1024 5398 τοῦ
1058 5342 1189 5396 Υἰοῦ
1221 5341 1357 5413 πρὸς
1379 5339 1605 5411 Πατέρα
1631 5339 1832 5412 κηρύτ-

268 5437 457 5496 τεσθαι.

1929 4703 2112 4757 Pater.
2145 4700 2495 4756 Manifestum
2527 4708 2635 4765 est,
2659 4716 2784 4756 cum
2818 4702 2894 4755 ita
2919 4702 3065 4756 illam
3098 4702 3295 4756 habeat
3318 4700 3511 4766 Filius,

1931 4810 2033 4850 nec
2066 4802 2328 4864 tanquam
2360 4794 2638 4863 ingenitus
2680 4793 2879 4849 habeat
2903 4833 2919 4859 ,
2948 4793 3193 4848 eamdem
3235 4794 3513 4864 composi-

1932 4887 2099 4942 tionis
2131 4884 2296 4940 modo
2327 4900 2436 4939 non
2469 4885 2702 4952 habere;
2735 4899 2800 4940 ac
2843 4883 3122 4940 simillime
3151 4883 3207 4937 in
3231 4886 3510 4949 omnibus.

1928 4976 2094 5048 855
2117 4976 2264 5047 quod
2306 4975 2373 5030 ad
2402 4975 2700 5031 essentiam
2723 4974 2943 5039 attinet,
2969 4989 3032 5030 ac
3060 4973 3243 5037 Pater.
3265 4976 3515 5047 citraque

1931 5067 2408 5139 compositionem.
2455 5064 2569 5121 Nec
2606 5066 2754 5121 enim
2794 5073 2879 5121 est
2909 5065 3249 5131 obscurum,
3278 5067 3333 5122 id
3365 5069 3513 5138 quod

1930 5160 2111 5216 simile
2140 5166 2245 5222 est,
2276 5158 2420 5223 idem
2472 5159 2695 5229 penitus
2729 5174 2855 5214 cum
2895 5174 2982 5225 eo,
3015 5159 3178 5231 cujus
3202 5162 3514 5227 simileest,

1932 5264 2059 5307 esse
2083 5265 2193 5305 non
2222 5263 2404 5319 posse.
2430 5248 2604 5318 Cujus
2626 5249 2706 5304 rei
2729 5257 3054 5319 argumento
3082 5250 3176 5315 sit,
3200 5251 3346 5320 quod
3371 5250 3516 5305 idem

1935 5342 2028 5399 ille
2051 5340 2232 5403 factus
2257 5342 2325 5396 ad
2354 5340 2638 5396 hominum
2665 5334 3086 5396 similitudinem
3118 5339 3215 5395 Dei
3235 5338 3517 5403 Filius,“-

1935 5443 2022 5492 cet
2048 5435 2212 5498 homo
2240 5435 2426 5502 fuerit,
2454 5448 2565 5487 non
2605 5442 2790 5488 tamen
2819 5431 2964 5489 idem
2994 5448 3119 5488 cum
3160 5430 3382 5485 homine
3420 5444 3516 5500 ρος

270 5533 408 5587 nitus
436 5531 609 5588 fuerit.
634 5532 711 5587 Ac
738 5527 957 5584 tametsi
988 5532 1243 5594 suscepta
1274 5522 1461 5579 carnis
1492 5520 1704 5593 peccati
1737 5523 2097 5580 similitudine
2126 5524 2170 5555 ¹⁶
2232 5522 2590 5594 passionibus
2647 5523 2780 5592 illis,
2815 5537 2845 5577 a
2907 5522 3110 5594 quibus
3143 5519 3327 5575 carnis
3356 5533 3516 5587 .pec-

332 5721 346 5752 '
380 5729 437 5788 ιτο
464 5736 623 5805 ἢμην·
700 5737 719 5767 ⁸
748 5732 815 5805 F_
838 5728 1181 5805 μαρτυρίαγς,
1248 5727 1430 5805 {Cera
1451 5725 1761 5805 ἐξεργεὶαςς

1839 5723 1862 5756 ⁸
1906 5723 2065 5780 Deest
2096 5727 2176 5790 εἰς
2206 5726 2373 5786 ἀπόδ.
2442 5725 2463 5757 ⁸
2491 5722 2655 5781 Joan.
2707 5736 2748 5791 ι,
2805 5722 2825 5777 i
2888 5734 3011 5788 sqq.

3086 5720 3107 5748 ⁸
3132 5714 3294 5773 Prov.
3325 5731 3406 5784 is.
3458 5715 3512 5774 i.

277 5797 457 5857 ’I‘rov.
481 5794 593 5871 ‘t'tn',
629 5806 723 5861 δυ.
798 5794 1005 5883 ’Ἰοιξιι
1030 5794 1086 5865 ἦν,
1120 5799 1187 5853 I9
1281 5794 1565 5852 'ibid.26.'
1641 5796 1685 5827 "
1712 5794 1849 5851 Itoni
1897 5810 2016 5862 vm,
2039 5795 2074 5851 5
