3988 6442
223 373 317 433 ω
779 366 1154 425 Αονειιευε.
1195 365 1540 432 [UERESES
1573 366 1726 455 L‘ID._
1747 367 1788 422 II

1897 366 2053 434 I‘Oll,
2091 371 2207 426 1.-
2244 370 2524 430 HERES.
2561 374 2794 436 LXXIII.

3380 382 3500 438 42‘}

221 484 548 556 κηρύγματι,
601 482 696 535 καὶ
735 480 872 551 μετά
921 480 1157 543 πίστεως
1207 481 1306 552 τὴν
1338 481 1654 550 ὁμοιότητα,
1704 479 1790 534 καὶ

1904 480 2275 549 prmdicationi
2309 482 2446 538 nihil
2482 483 2772 540 admodum
2799 487 3029 552 trilmat,
3056 503 3234 560 neque
3265 505 3332 546 ex
3365 490 3485 546 ﬁdei

220 581 330 633 κατ’
357 578 546 631 οὐσίαν
597 576 690 630 τοῦ
723 574 853 629 Υίοῦ
898 574 1035 647 πρὸς
1084 574 1303 647 Πατέρα
1343 574 1656 644 ὁμολογοίη,
1715 573 1792 637 ὡς

218 669 575 740 ψευδωνύμως
623 667 797 735 λέγων
844 666 936 720 τὸν
977 667 1196 738 Πατέρα
1245 667 1340 720 καὶ
1386 667 1478 719 τὸν
1517 667 1662 732 Υἰὸν,
1697 668 1793 720 καὶ

223 765 346 833 μήτε
369 759 590 829 Πατέρα
623 757 794 827 λέγων
818 757 1056 830 ἀληθῶς,
1101 759 1248 828 μήτε
1305 758 1452 823 Υἱὸν,
1495 758 1634 812 ἀλλὰ
1672 759 1791 812 κτί-

224 871 344 922 στην
370 852 464 906 καὶ
499 850 726 921 κτίσμα,
769 849 862 903 καὶ
911 848 1232 903 κοινοποιῶν
1280 851 1379 920 τὴν
1432 848 1526 903 τοῦ
1581 849 1793 919 Πατρὸς

222 942 424 999 καὶτοῦ
464 940 596 995 Υίοῦ
627 940 836 995 ἔννοιαν
889 941 982 994 ἐπὶ
1029 942 1137 996 τῶν
1191 941 1394 996 λοιπῶν
1447 943 1789 1013 ποιημάτων,

223 1037 305 1089 καὶ
339 1033 673 1102 ’σοφίζεσθαι
734 1033 902 1086 θέλων
952 1033 1118 1098 εἴτις
1164 1034 1343 1106 χρεία,
1379 1034 1454 1098 ὡς
1483 1034 1545 1088 τὸ
1575 1034 1793 1106 πρῶτον

228 1123 532 1194 ποιημάτων
560 1124 626 1175 δι’
659 1123 846 1187 αὐτοῦ,
905 1124 1014 1177 εἴτε
1049 1124 1322 1195 ὑπερϐολῇ
1371 1124 1461 1177 τοῦ
1504 1124 1790 1193 μεγέθους,

228 1219 307 1272 καὶ
334 1216 475 1270 κατὰ
519 1217 688 1286 μηδὲν
734 1216 1010 1287 ὁμολογῶν
1060 1217 1159 1287 τὴν
1213 1217 1673 1288 ὲκκλησιαστικὴν
1702 1217 1793 1270 πί-

226 1325 325 1362 στιν
350 1306 448 1378 τὴν
474 1307 557 1369 εἰς
587 1307 808 1378 Πατέρα
829 1325 890 1360 τε
920 1309 1015 1361 καὶ
1063 1307 1214 1371 Υἱὸν,
1243 1307 1322 1371 ὡς
1356 1307 1486 1378 παρ’
1519 1307 1547 1360 ὃ
1566 1308 1793 1377 εὐηγγε-

223 1399 420 1453 λίσαντο
452 1399 604 1470 ἡμᾶς
651 1399 700 1452 oi
747 1400 1031 1454 ἀπόστολοι
1058 1399 1228 1453 θέλων
1275 1397 1736 1468 εὐαγγελίσασθαι
1762 1415 1776 1428 ·

221 1492 456 1562 ἀνάθεμα
492 1489 659 1547 ἔστω.
727 1491 860 1553 Καὶ,
910 1491 1054 1546 κατὰ
1105 1492 1195 1545 τὸν
1254 1491 1524 1562 μακάριον
1557 1489 1790 1554 Παῦλον,

227 1585 672 1657 προειρήκαμεν,
693 1585 789 1640 καὶ
813 1583 1143 1654 ἅρτιπάανιν
1156 1587 1314 1656 λέγφ
1370 1582 1386 1611 ¹
1418 1581 1790 1652 ἀνειληφότες,

218 1673 302 1725 καὶ
328 1671 430 1744 [τὸ]
483 1674 804 1742 ἀναγκαίως
833 1674 1037 1744 φαμέν.
1075 1675 1145 1728 Εἴ
1189 1691 1272 1737 τις
1308 1674 1402 1728 τὸν
1437 1675 1600 1745 σοφὸν
1631 1674 1794 1746 μόνον

215 1762 409 1818 ἀκούων
454 1764 703 1833 Πατέρα,
762 1763 856 1818 καὶ
917 1763 1106 1833 σοφίαν
1151 1763 1243 1818 τὸν
1281 1767 1542 1836 μονογενῆ
1603 1765 1792 1819 τούτου

1903 573 2223 644 praescripto
2253 575 2488 628 similem
2525 580 2766 632 essentia
2822 577 2970 633 Patri
3007 578 3206 635 Filium
3239 597 3364 637 esse
3410 583 3485 638 fa-

1868 693 1874 700 -
1902 672 2108 727 teatur,
2153 676 2340 736 utpote
2366 668 2458 737 qui
2492 666 2632 723 falso
2662 667 2876 724 Patrem
2906 680 2960 725 et
2999 670 3194 726 Filium
3228 675 3485 744 appellet,

1901 758 2083 826 reipsa
2114 774 2243 814 vero
2272 775 2451 830 neque
2489 771 2700 825 patrem
2741 779 2919 834 neque
2979 763 3171 829 tilium,
3212 765 3307 821 sed
3332 781 3481 821 crea-

1900 859 2082 905 turam
2125 866 2188 906 ac
2216 860 2552 920 creatorem,
2591 871 2655 909 ac
2715 853 2836 910 Filii
2885 857 3171 929 Patrisque
3205 859 3484 914 notionem

1900 956 2024 996 cum
2078 941 2304 1012 reliquis
2336 944 2596 1013 operibus
2634 948 3033 1008 communicet}
3071 958 3126 1004 et
3162 951 3377 1021 quoties
3422 968 3484 1007 ea

1899 1029 1968 1086 de
2002 1045 2062 1085 re
2103 1032 2305 1102 agitur,
2337 1035 2675 1090 calumniose
2707 1038 3024 1105 mentiatur,
3070 1041 3304 1110 primum
3354 1037 3489 1096 illud

1900 1137 2038 1193 opus
2062 1137 2127 1176 ac
2153 1125 2488 1194 praecipuum
2523 1143 2667 1191 esse,
2698 1130 2842 1198 quod
2881 1131 2950 1184 ab
2992 1131 3115 1201 ipso
3151 1131 3353 1188 factum
3378 1145 3483 1199 est,

1900 1223 1989 1268 aut
2034 1215 2412 1286 magnitudine
2443 1219 2780 1275 antecellens
2811 1236 2824 1271 :
2861 1236 2924 1274 ac
2957 1221 3191 1292 denique
3227 1226 3471 1280 ecclesia-

1900 1305 2098 1360 sticam
2151 1307 2206 1361 in
2256 1306 2476 1363 Patrem
2527 1307 3083 1380 Filiumqneﬁdcm,
3137 1331 3242 1370 non
3295 1317 3483 1371 eodem

1900 1397 2062 1452 modo
2110 1397 2453 1466 proﬁteatur,
2485 1415 2595 1469 quo
2629 1401 2778 1455 iilam
2833 1404 2994 1458 nobis
3047 1407 3276 1475 apostoli
3326 1415 3487 1462 antea

1901 1489 2268 1558 tradiderunt,
2295 1493 2586 1548 anathema
2617 1495 2709 1550 sit.
2744 1494 2812 1550 Et
2843 1496 2979 1550 illud
3005 1507 3184 1562 antea,
3212 1509 3270 1553 ut
3302 1501 3477 1569 loqui-

1902 1592 1990 1638 tur
2035 1584 2367 1654 Apostolus,
2396 1586 2743 1649 prtcdiximus
2769 1605 2787 1642 :
2820 1598 2868 1642 et
2912 1607 3049 1644 nunc
3083 1590 3253 1645 denuo
3297 1593 3488 1661 repeti-

1902 1693 2018 1730 mus
2042 1677 2084 1742 ³,
2115 1692 2180 1731 ac
2210 1679 2529 1734 necessario
2558 1695 2989 1737 commonemus.
3026 1681 3080 1737 Si
3112 1684 3239 1754 quis
3268 1685 3476 1756 sapien.

1902 1773 2012 1821 tem
2045 1766 2224 1822 solum
2255 1768 2494 1826 audiens
2525 1769 2764 1836 Patrem,
2803 1782 2858 1828 ct
2886 1775 3106 1828 unicum
3139 1775 3259 1844 ejus
3285 1775 3482 1832 Filium

217 1852 349 1919 Υἰὸν,
375 1855 574 1908 ταυτὸν
604 1850 743 1909 εἶναι
769 1854 916 1926 λέγοι
955 1855 1053 1927 τὴν
1101 1856 1293 1926 σοφίαν
1333 1856 1412 1928 τῷ
1445 1856 1592 1928 μόνῳ
1616 1857 1788 1928 σοφῷ,

1897 1845 2259 1927 sapientiam,
2302 1859 2444 1915 hanc
2494 1876 2660 1916 unum
2723 1861 2977 1934 idemque
3023 1880 3148 1918 cum
3196 1866 3288 1922 illo
3339 1865 3487 1921 dicat

215 1948 436 2020 ἀναιρῶν
462 1949 525 2003 τὸ
542 1944 689 2003 εἶναι
719 1949 870 2014 Υἱὸν,
901 1950 1147 2020 ἀνάθεμα
1173 1949 1335 2005 ἔστω.
1361 1951 1471 2005 Καὶ
1503 1951 1558 2003 ετ
1583 1969 1669 2015 τις
1699 1951 1792 2006 τὸν

215 2041 360 2109 σοφὸν
386 2039 610 2094 ἀκούων
637 2041 878 2113 Πατέρα,
930 2042 1025 2096 καὶ
1061 2042 1254 2111 σοφίαν
1304 2042 1399 2096 τὸν
1455 2042 1582 2096 Υίὸν
1625 2042 1790 2096 αὑτοῦ

213 2133 447 2203 ἀνόμοιον
473 2131 683 2200 λέγων,
717 2134 814 2188 καὶ
843 2135 965 2187 κατ’
988 2133 1176 2194 οὐσίαν
1217 2133 1318 2205 τὴν
1342 2133 1536 2204 σοφίαν
1573 2134 1667 2189 τοῦ
1699 2152 1791 2188 σο-

212 2225 302 2293 φοῦ
326 2225 483 2293 Θεοῦ,
533 2225 621 2289 ὡς
662 2226 736 2298 μὴ
782 2225 957 2296 λέγων
1005 2226 1098 2280 τὸν
1127 2227 1290 2296 σοφὸν
1313 2228 1412 2296 τῆς
1438 2227 1630 2296 σοφίας
1656 2227 1790 2298 ἁλη-

122 2373 124 2378 τ
214 2315 309 2380 θῶς
365 2317 614 2388 πατέρα,
659 2317 912 2388 ἀνάθεμα
949 2317 1110 2372 ἔστω.
1153 2317 1260 2372 Καὶ
1297 2316 1354 2373 εἴ
1405 2336 1490 2383 τις
1522 2318 1615 2372 τὸν
1655 2317 1791 2372 Θεὸν

212 2408 332 2462 νοῶν
359 2409 445 2462 τὸν
471 2408 726 2481 Πατέρα,
765 2410 857 2464 τὸν
884 2410 944 2464 δὲ
976 2412 1034 2464 ὲν
1065 2410 1207 2482 ἀρχῇ
1245 2409 1418 2479 Λόγον
1442 2427 1502 2464 τε
1534 2410 1629 2464 καὶ
1657 2411 1791 2465 Θεὸν

213 2498 380 2554 τοῦτον
409 2499 557 2569 λέγοι
597 2502 734 2572 πρὸς
759 2501 851 2554 τὸν
880 2501 1013 2555 Θεὸν
1043 2501 1216 2570 Λόγον
1246 2519 1308 2556 τε
1339 2502 1436 2556 καὶ
1474 2502 1609 2556 Θεὸν
1641 2501 1792 2573 αὺτῷ

211 2591 278 2662 τῷ
301 2590 413 2663 Θεῷ
433 2592 514 2663 τῷ
556 2593 704 2664 πρὸς
745 2593 806 2646 ὃν
836 2592 1008 2662 Λόγος
1040 2609 1099 2647 τε
1131 2593 1264 2658 Θεὸς
1285 2595 1330 2660 ²,
1389 2594 1467 2659 ὡς
1508 2594 1585 2667 μὴ
1617 2594 1791 2664 λέγων

213 2683 408 2756 ἀληθῶς
449 2685 598 2750 υἱὸν,
631 2683 880 2756 ἀνάθεμα
930 2685 1090 2740 ἔστω.
1145 2686 1258 2741 Καὶ
1286 2685 1344 2739 εἰ
1370 2703 1455 2750 τις
1497 2686 1588 2740 τὸν
1629 2703 1792 2756 μονο-

214 2779 329 2848 γενῆ
349 2777 478 2832 Θεὸν
499 2777 688 2846 Λόγον
735 2777 866 2832 Υἱὸν
907 2777 1124 2834 ἀκούων
1159 2778 1254 2832 τοῦ
1289 2778 1448 2845 Θεοῦ,
1507 2780 1646 2852 πρὸς
1670 2780 1729 2834 ὃν
1761 2782 1792 2836 ό

215 2872 366 2940 Λόγος
385 2888 443 2926 τε
471 2873 576 2927 καὶ
598 2870 733 2936 Θεὸς
782 2871 1038 2943 ἀνόμοιον
1075 2873 1249 2944 λέγοι,
1309 2873 1405 2928 καὶ
1453 2873 1574 2928 κατ’
1601 2873 1790 2929 οὐσίαν

214 2965 295 3018 τὸν
311 2965 438 3020 Θεὸν
464 2966 651 3036 Λόγον
673 2964 768 3019 τοῦ
806 2965 1042 3038 Πατρὸς,
1093 2967 1188 3022 τὸν
1217 2966 1374 3033 Θεὸν,
1403 2966 1500 3022 τοῦ
1531 2967 1668 3021 Θεοῦ
1697 2968 1791 3023 καὶ

217 3057 428 3130 Πατρὸς,
469 3057 620 3131 πρὸς
667 3056 728 3114 ὃν
757 3059 788 3113 ό
822 3058 1118 3130 μονογενὴς
1168 3059 1229 3114 ἂν
1258 3060 1403 3132 ἀρχῇ
1432 3055 1500 3132 ἦν
1525 3059 1660 3124 Θεὸς
1686 3059 1791 3114 Λό-

217 3165 318 3218 γος,
343 3149 415 3214 ὣς
442 3150 518 3224 μή
538 3150 726 3220 λέγων
755 3149 976 3222 ἀληθῶς
1021 3150 1172 3216 Υίὸν,
1205 3151 1456 3220 ἀνάθεμα
1483 3149 1642 3204 ἔστω.
1680 3149 1790 3203 Καὶ

1898 1963 2046 2013 esse,
2099 1962 2162 2004 ac
2207 1947 2332 2004 Filii
2371 1951 2758 2021 proprietatem
2789 1962 3033 2018 evertat,
3071 1955 3360 2010 anathema
3393 1957 3484 2009 sit.

1902 2037 2031 2094 Item
2067 2038 2113 2094 si
2142 2041 2268 2110 quis
2311 2043 2612 2111 sapientem
2655 2045 2886 2101 audiens
2924 2044 3173 2112 Patrem,
3205 2057 3259 2101 et
3288 2046 3486 2102 Filium

1898 2129 2019 2199 ejus
2057 2131 2381 2201 sapientiam
2427 2134 2736 2199 nominari,
2777 2135 2920 2190 hanc
2956 2137 3128 2206 ipsam
3160 2139 3486 2208 sapientiam

1898 2222 2166 2294 sapientis
2210 2221 2392 2280 Patris
2423 2227 2663 2281 essentia
2704 2226 3027 2284 dissimilem
3061 2229 3324 2298 aﬂirmet,
3367 2241 3486 2285 tan-

1899 2331 2062 2385 quam
2105 2318 2407 2386 sapientem
2446 2332 2569 2373 vere
2616 2319 2897 2390 sapientia!
2943 2331 3159 2390 patrem
3217 2337 3342 2379 esse
3391 2339 3488 2378 ne-

1897 2421 2064 2478 gans,
2109 2407 2398 2462 anathema
2455 2409 2545 2464 sit.
2595 2407 2650 2464 Si
2689 2410 2816 2480 quis
2869 2409 3037 2465 Deum
3083 2427 3207 2467 esse
3263 2411 3484 2468 Patrem

1899 2513 2229 2570 agnoscens,
2279 2515 2405 2555 eum
2444 2500 2609 2572 857
2643 2517 2771 2557 vero
2821 2501 2916 2572 qui
2948 2501 3004 2557 in
3055 2503 3330 2575 principio
3382 2504 3486 2559 fuit

1898 2589 2138 2648 Verbum
2169 2607 2235 2648 ac
2264 2591 2434 2657 Deus,
2461 2593 2609 2648 hunc
2637 2592 2780 2649 idem
2810 2610 2935 2651 esse
2953 2596 3174 2666 penitus
3200 2610 3326 2653 cum
3350 2595 3483 2664 Deo,

1898 2684 2042 2754 apud
2070 2698 2234 2756 quem
2274 2683 2509 2742 Verbum
2532 2725 2549 2748 ,
2591 2701 2658 2742 ac
2687 2685 2829 2741 Deus
2861 2697 2979 2754 est,
3008 2689 3333 2756 constituat,
3362 2697 3485 2744 tan-

1897 2789 2061 2847 quam
2095 2791 2222 2834 vere
2270 2776 2443 2833 lilium
2472 2793 2581 2833 non
2612 2793 2939 2850 agnoscens,
2965 2780 3258 2837 anathema
3287 2781 3377 2837 sit.
3425 2783 3486 2840 Si

1896 2869 2026 2941 quis
2051 2867 2393 2940 unigenitum
2426 2867 2596 2924 Deum
2627 2883 2691 2924 ac
2720 2866 2960 2924 Verbum
3001 2867 3198 2926 Filium
3241 2869 3334 2926 Dei
3378 2887 3488 2926 no-

1897 2959 2096 3015 minari
2138 2959 2403 3023 audiens,
2435 2959 2579 3030 apud
2623 2975 2788 3032 quem
2834 2959 3074 3016 Verbum
3109 2977 3175 3017 ac
3206 2960 3349 3020 Deus
3379 2977 3486 3030 est,

1897 3050 2046 3107 hunc
2075 3052 2254 3124 ipsum
2287 3050 2454 3108 Deum
2477 3091 2494 3117 ,
2536 3067 2601 3107 ac
2639 3051 2820 3110 Patris
2845 3051 3083 3110 Verbum
3106 3093 3122 3119 ,
3152 3053 3250 3109 Dei
3291 3069 3355 3108 ae
3383 3054 3488 3110 Pa-

1899 3144 2022 3211 tris,
2056 3146 2201 3214 apud
2226 3160 2389 3217 quem
2431 3142 2762 3219 Unigenitus
2793 3133 2862 3201 in,
2885 3146 3158 3216 principio
3185 3146 3330 3202 Deus
3365 3157 3485 3202 erat

217 3211 262 3294 ἐι
283 3211 360 3306 τις
605 3211 820 3296 ἀκούων
845 3211 968 3296 τὸν-
999 3241 1130 3298 Υἱὸν
1158 3211 1256 3296 τοῦ
1303 3211 1440 3295 Θεοῦ
1488 3240 1584 3295 τοῦ
1623 3241 1789 3312 ἀορά-

1897 3211 2157 3299 Verbunt,
2186 3211 2510 3292 dissimilem
2542 3211 2792 3302 allirtnet,
2825 3211 3086 3308 tanquam
3122 3255 3249 3294 vere
3288 3239 3485 3295 Filium

216 3333 692 3402 του,ταυτὸνλέγοι
723 3333 823 3405 τὴν
849 3333 1034 3388 εἰκόνα
1065 3332 1144 3404 τῷ
1173 3333 1294 3405 Θεῷ
1326 3332 1408 3404 τῷ
1438 3334 1677 3405 ἀοράτῳ,
1713 3333 1792 3396 ὡς

221 3425 285 3497 μὴ
305 3426 588 3496 ὁμολογῶν
636 3425 854 3498 ἀληθῶς
907 3425 1057 3492 Υίὸν,
1081 3425 1336 3496 ἀνάθεμα
1390 3425 1553 3480 ἔστω.
1586 3425 1695 3479 Καὶ
1741 3423 1797 3478 εἰ

216 3533 288 3581 τις
315 3519 491 3574 εἰκόνα
517 3517 744 3573 ἀκούων
789 3518 882 3573 τὸν
943 3520 1210 3590 μονογενῆ
1254 3519 1383 3573 Υιὸν
1409 3518 1504 3572 τοῦ
1553 3518 1790 3590 ἀοράτου

217 3607 335 3662 Θεοῦ
366 3609 626 3681 ἀνόμοιον
678 3609 823 3678 λέγοι
862 3610 955 3664 καὶ
1011 3611 1134 3666 κατ’
1187 3610 1376 3664 οὐσίαν
1404 3610 1496 3663 τὸν
1530 3610 1679 3677 Υἱὸν,
1715 3611 1793 3663 εί-

218 3698 334 3753 κόνα
357 3701 483 3755 ὅντα
521 3700 629 3755 τοῦ
659 3701 792 3755 Θεοῦ
839 3687 935 3755 τοῦ
963 3702 1219 3773 ἀοράτου,
1251 3695 1312 3756 οὗ
1347 3701 1510 3757 εἰκὼν
1550 3701 1644 3756 καὶ
1671 3701 1790 3754 κατ’

217 3790 381 3847 οὐσίαν
405 3796 635 3858 νοεῖται,
660 3793 736 3857 ὡς
767 3793 985 3865 ἀληθῶς
1037 3795 1112 3865 μὴ
1149 3794 1323 3862 λέγων
1374 3784 1511 3859 υἱὸν,
1541 3793 1792 3865 ἀνάθεμα

218 3880 359 3938 ἔστω.
383 3884 495 3937 Καὶ
520 3882 586 3940 εἴ
609 3901 694 3948 τις
721 3883 936 3939 ἀκούων
968 3885 1060 3938 τοῦ
1100 3886 1218 3940 υἱοῦ
1244 3885 1494 3954 λέγοντος
1518 3901 1531 3916 ·
1565 3887 1794 3954 ’Ὠσπερ

219 3970 315 4041 γὰρ
339 3977 371 4029 ό
419 3975 635 4044 Πατὴρ
673 3975 798 4045 ἔχει
844 3974 998 4046 ζωὴν
1027 3977 1098 4032 ἐν
1124 3977 1337 4044 ἑαυτῷ,
1374 3978 1528 4034 οὕτω
1571 3979 1672 4033 καὶ
1711 3977 1793 4045 τῷ

226 4062 323 4129 Υιῷ
367 4066 594 4131 δέδωκε
627 4067 780 4136 ζωὴν
806 4070 972 4138 ἔχειν
1034 4071 1105 4124 ἐν
1142 4070 1358 4138 ἐαυτῷ,
1401 4071 1596 4126 ταυτὸν
1643 4071 1791 4141 λέγοι

217 4153 297 4207 τὸν
325 4157 588 4229 εἰληφότα
619 4159 770 4231 παρὰ
787 4160 884 4213 τοῦ
919 4160 1134 4231 Πατρὸς
1158 4161 1258 4233 τὴν
1287 4161 1454 4233 ζωὴν,
1487 4163 1582 4216 καὶ
1603 4162 1792 4232 ὁμολο-

218 4247 397 4314 γοῦντα
427 4251 507 4315 τὸ,
540 4250 720 4322 Κάγὼ
747 4250 818 4313 ζῶ
837 4251 934 4306 διὰ
963 4252 1070 4306 τὸν
1097 4253 1352 4321 Πατέρα,
1402 4253 1482 4324 τῷ
1510 4253 1786 4317 δεδωκότι,

218 4339 446 4412 ἀνάθεμα
474 4344 638 4398 ἔστω.
672 4345 780 4400 Καὶ
807 4345 864 4399 ετ
901 4364 985 4410 τις
1036 4345 1252 4400 ἀκούων
1289 4346 1351 4400 τό
1372 4363 1384 4375 ·
1419 4347 1649 4417 Ὠσπερ
1679 4349 1790 4417 γὰρ

220 4431 249 4483 ό
270 4434 460 4503 Πατὴρ
487 4435 647 4505 ζωὴν
695 4437 820 4506 ἔχει
851 4437 922 4490 ἐν
954 4437 1169 4504 ἐαυτῷ,
1222 4438 1378 4492 οὕτω
1412 4438 1510 4492 καὶ
1563 4438 1644 4504 τῷ
1679 4438 1791 4504 Υὶῷ

1892 3329 2120 3384 minime
2148 3328 2440 3393 conﬁtens,
2465 3329 2754 3384 anathema
2789 3330 2878 3384 sit.
2906 3329 2963 3384 Si
2991 3331 3118 3401 quis
3138 3330 3338 3386 Filiqu
3363 3331 3481 3398 Dei,

1892 3418 2180 3490 quivideri
2205 3435 2314 3475 non
2348 3426 2550 3490 potest,
2583 3418 2877 3490 imaginem
2909 3420 3166 3486 audiens,
3191 3421 3334 3476 idem
3358 3437 3485 3478 esse

1893 3527 2016 3566 cum
2047 3528 2156 3566 non
2190 3511 2514 3583 aspectabili
2549 3510 2658 3566 Deo
2687 3511 2835 3566 dicat
2867 3512 3181 3582 imaginem,
3217 3521 3481 3585 tanquam

1894 3618 2021 3660 vere
2085 3603 2259 3658 lilium
2309 3605 2534 3660 minime
2581 3602 2901 3674 professus,
2944 3603 3234 3664 anathema
3285 3605 3378 3658 sit.
3423 3603 3482 3658 Si

1894 3693 2018 3762 quis
2053 3691 2391 3762 unigenitum
2432 3690 2631 3746 Filium
2676 3691 2968 3763 imaginem
3005 3691 3136 3756 Dei,
3173 3692 3265 3762 qui
3311 3691 3481 3746 \ideri

1893 3800 2004 3841 non
2045 3794 2260 3856 potest,
2297 3786 2560 3856 appellari
2597 3785 2851 3850 audiens,
2883 3785 3211 3848 dissimilem
3243 3801 3367 3841 esse
3398 3785 3485 3839 di-

1892 3888 1982 3935 cat
2015 3881 2254 3935 essentia
2288 3877 2509 3943 Filium,
2543 3894 2608 3933 ac
2639 3878 2730 3934 Dei
2764 3894 2873 3934 non
2909 3877 3262 3948 aspectabilis
3290 3879 3484 3950 imagi-

1893 3982 2017 4023 nem
2049 3966 2171 4038 ejus
2205 3967 2366 4035 cujus
2391 3967 2634 4022 essentia
2663 3967 2958 4038 imaginem
3006 3967 3186 4038 ipsum
3228 3965 3489 4038 intelligi-

1894 4074 2037 4126 mus,
2072 4060 2218 4114 velut
2247 4057 2447 4114 Filium
2491 4074 2613 4115 esse
2642 4075 2752 4114 non
2785 4074 2910 4114 vere
2941 4059 3227 4129 proﬁtens,
3261 4060 3488 4115 anathe-

1893 4159 1984 4197 ma
2032 4149 2122 4204 sit.
2172 4147 2307 4201 Item
2351 4148 2397 4204 si
2453 4148 2576 4218 quis
2621 4145 2893 4202 dicentem
2948 4143 3146 4200 Filium
3195 4146 3428 4201 audiens
3467 4163 3483 4199 :

1897 4242 2353 4314 Quemadmodum
2392 4240 2556 4295 Pater
2597 4239 2750 4294 liabet
2787 4240 2950 4295 vitam
2981 4240 3037 4292 in
3087 4239 3293 4308 seipso,
3329 4239 3406 4293 sic
3433 4247 3486 4292 et

1895 4335 2040 4390 Filio
2072 4334 2216 4389 dedit
2245 4334 2406 4386 vitam
2442 4331 2634 4385 habere
2674 4331 2729 4384 in
2759 4330 2928 4399 scipio
2947 4329 2990 4395 ",
3026 4343 3150 4384 eum
3185 4327 3275 4398 qui
3309 4327 3478 4381 vitam

1895 4427 2095 4498 accipit
2123 4441 2154 4480 a
2186 4425 2368 4486 Patre,
2393 4432 2447 4480 et
2474 4423 2605 4477 illud
2636 4421 2906 4476 dicentem
2941 4439 2955 4476 :
2991 4418 3059 4473 Et
3085 4436 3176 4490 ego
3205 4419 3318 4473 vivo
3355 4433 3481 4487 pro-

219 4521 388 4582 ἔδωκε
413 4527 567 4596 ζωὴν
595 4528 762 4598 ἔχειν
813 4530 883 4583 ἐν
905 4529 1098 4595 ἐαυτῷ
1121 4545 1134 4559 ·
1185 4531 1440 4601 ἀνόμοιον
1477 4530 1626 4600 λέγοι
1669 4532 1790 4584 κατ’

1897 4531 2010 4592 pter
2037 4520 2255 4574 Patrem
2276 4519 2320 4582 ⁸,
2355 4516 2496 4570 idem
2522 4530 2647 4570 cum
2679 4514 2804 4567 vita:
2837 4512 3028 4567 datore
3053 4527 3175 4568 esse
3205 4509 3482 4575 defendat,

221 4612 388 4670 οὐσίαν
409 4617 499 4672 τὸν
534 4617 664 4672 Υίόν
693 4618 772 4689 τῷ
810 4619 1005 4691 Πατρὶ,
1033 4619 1562 4692 διαμαρτυρόμενος,
1588 4622 1671 4674 ὅτι
1699 4621 1791 4675 οῦ-

221 4717 318 4767 τως
339 4706 452 4778 ἔχει
479 4709 560 4773 ὡς
593 4709 842 4782 εἴρηκεν,
876 4711 1129 4782 ἀνάθεμα
1182 4712 1343 4767 ἔστω.
1385 4713 1622 4785 Φανερὸν
1660 4715 1790 4786 γὰρ,

221 4793 312 4861 δτι,
332 4800 426 4864 τῆς
455 4802 604 4874 ζωῆς
625 4804 726 4874 τῆς
752 4806 812 4856 ἐν
847 4803 924 4874 τῷ
949 4805 1122 4876 Πατρὶ
1153 4806 1449 4876 νοουμένης
1488 4806 1677 4871 οὐσίας
1704 4824 1795 4878 ση-

225 4894 561 4965 μαινομένης,
586 4937 590 4942 .
614 4895 710 4949 καὶ
740 4896 838 4966 τῆς
871 4895 1018 4967 ζωῆς
1059 4897 1157 4966 τῆς
1203 4897 1296 4950 τοῦ
1317 4899 1658 4967 Μονογενοῦς
1690 4900 1792 4966 τῆς

223 4978 278 5032 ὲκ
305 4983 392 5037 τοῦ
429 4986 643 5058 Πατρὸς
687 4987 1093 5058 γεγεννημένης
1135 4988 1326 5053 οὐσίας
1359 4991 1677 5061 νοουμένης,
1705 4994 1785 5058 τὸ,

223 5073 412 5142 οὕτως,
444 5079 544 5149 τὴν
573 5080 866 5150 ὁμοιότητα
897 5080 997 5150 τῆς
1033 5079 1223 5144 οὐσίας
1271 5082 1405 5151 πρὸς
1452 5084 1640 5140 οὐσίαν
1691 5103 1788 5158 ση-

227 5165 388 5230 μαίνει
412 5169 680 5242 (ἀνάθεμα
713 5170 909 5246 ἔστω).

285 5423 378 5477 ΙΛ’.
421 5429 526 5482 Καὶ
554 5429 606 5482 εἴ
630 5448 710 5494 τις
737 5431 816 5496 τὸ,
854 5434 1098 5488 Ἕχτισέ
1122 5423 1220 5503 με,
1243 5437 1337 5489 καὶ
1358 5438 1438 5501 τὸ,
1474 5438 1658 5508 γεννᾷ
1682 5460 1780 5511 με,

227 5517 342 5584 παρ’
374 5519 536 5572 αὐτοῦ
573 5522 804 5587 ἀκούων,
848 5525 926 5590 τὸ,
971 5526 1152 5595 γεννᾷ
1181 5546 1279 5596 με,
1320 5531 1394 5602 μὴ
1434 5533 1526 5585 ἐπὶ
1551 5533 1646 5586 τοῦ
1682 5537 1782 5589 αὐ-

229 5603 310 5657 τοῦ
342 5611 432 5661 καὶ
475 5614 592 5666 κατ’
626 5615 814 5670 οὐσίαν
865 5618 1052 5684 ὲννοοῖ,
1102 5619 1240 5674 ἀλλά
1270 5623 1468 5676 ταυτὸν
1505 5623 1654 5694 λέγοι
1698 5627 1779 5693 τὸ,

1896 4613 2187 4669 anathema
2229 4611 2320 4667 sit.
2369 4609 2427 4664 Si
2476 4609 2601 4679 quis
2644 4605 2790 4663 istud
2820 4605 3096 4660 audiens:
3136 4601 3284 4658 Sicut
3317 4601 3487 4655 Pater

1898 4707 2058 4763 vitam
2088 4705 2242 4759 habet
2278 4707 2331 4757 in
2361 4703 2533 4770 seipse
2553 4742 2568 4768 ,
2622 4700 2699 4771 sic
2727 4698 2876 4754 Filio
2905 4697 3051 4754 dedit
3083 4697 3244 4750 vitam
3293 4693 3486 4748 habere

1893 4803 1950 4856 in
1984 4802 2154 4868 διείρεο
2177 4839 2191 4863 ,
2229 4797 2576 4852 .dissimilem
2609 4793 2852 4850 essentia
2902 4791 3044 4845 Patri
3078 4788 3279 4843 Filium
3331 4803 3487 4844 assc—

1896 4899 2066 4954 verel,
2088 4897 2163 4952 et,
2190 4890 2264 4942 ita
2289 4889 2366 4942 uti
2397 4885 2556 4951 dicit,
2582 4884 2784 4938 habere
2819 4897 2879 4937 se
2903 4887 3156 4944 testetur,
3191 4878 3486 4933 anathema

1896 4983 1987 5038 sit.
2025 4977 2376 5050 Manifestum
2417 4976 2565 5031 enim
2605 4979 2711 5038 est,
2743 4985 2868 5026 cum
2900 4971 3009 5023 vita
3040 4984 3204 5040 quam
3244 4968 3300 5022 in
3325 4965 3490 5021 Patre

1896 5055 2546 5146 inteliigittius,‘essentia
2595 5067 2695 5131 sit,
2731 5080 2945 5120 necnon
2975 5071 3032 5120 et
3063 5061 3336 5134 Unigeniti
3372 5062 3486 5115 vita

1895 5183 2019 5240 quae
2049 5183 2080 5222 a
2110 5165 2274 5220 Patre
2303 5165 2484 5236 genita
2515 5167 2620 5225 est,
2653 5159 2993 5229 intelligatur
3019 5157 3284 5219 essentia,
3313 5154 3486 5225 parti-

1895 5261 2077 5317 culam
2110 5259 2276 5322 hanc,
2304 5257 2402 5321 sic,
2451 5252 2711 5309 essentia:
2738 5266 2862 5306 cum
2889 5251 3134 5306 essentia
3167 5248 3486 5306 similitudi-

1896 5368 2019 5408 nem
2060 5351 2324 5406 indicare.

1960 5444 2054 5498 XI.
2076 5443 2132 5498 Si
2156 5444 2279 5514 quis
2295 5444 2399 5498 ista
2419 5440 2690 5496 dicentem
2709 5439 2859 5494 illum
2885 5439 3147 5494 audiens:
3169 5434 3380 5491 Creavit
3402 5449 3483 5486 me

1888 5549 1940 5594 et
1959 5539 2137 5609 genuit
2168 5551 2268 5603 me,
2297 5535 2474 5604 genuit
2497 5551 2575 5588 me
2599 5549 2705 5588 non
2727 5533 2793 5586 ad
2821 5532 3074 5587 eumdem
3102 5536 3155 5583 et
3177 5525 3483 5582 secundum

1887 5631 2183 5686 essentiam
2204 5629 2476 5700 pertinere
2492 5635 2646 5698 putet
2667 5646 2679 5683 :
2699 5626 2795 5683 sed
2817 5627 2957 5682 idem
2975 5638 3097 5681 esse
3118 5623 3288 5687 dicat,
3304 5619 3482 5692 genuit

290 5758 313 5792 ³
341 5759 396 5818 Ιι.
433 5764 670 5841 λέγομεν.
747 5773 768 5804 ⁸
789 5772 920 5829 Cur.
952 5776 1044 5828 καὶ
1071 5775 1221 5840 Θεός.
1303 5779 1323 5810 ³
1347 5778 1525 5834 Galat.
1559 5797 1596 5850 I,
1628 5783 1693 5840 l9
1788 5793 1790 5809 ‘

1897 5799 2006 5842 tan.
2031 5802 2085 5855 ν,
2115 5784 2204 5841 26.
2281 5786 2309 5817 ⁵·
2333 5784 2494 5841 Joan.
2528 5799 2600 5844 ιιι,
2631 5781 2719 5839 57.
