3988 6396
540 365 646 423 423

1952 352 2011 409 S.
2058 346 2131 409 EF

2238 352 2405 411 MN"
3680 361 3772 422 ιιι

540 496 643 547 me,
671 493 747 543 et,
777 474 974 531 creavit
1008 489 1108 540 me,
1140 480 1405 543 tanquam
1442 467 1640 525 Filium
1673 469 1810 526 'sine
1855 469 1965 524 ulla
1996 485 2127 541 pas-

2238 470 2416 543 γεννᾷ
2459 487 2558 541 με,
2592 471 2694 544 τῷ,
2743 470 2949 527 Extitre
2973 486 3070 541 με,
3119 473 3199 536 ὼς
3229 473 3304 545 μὴ
3335 472 3507 544 λέγων
3537 476 3623 532 τὸν
3668 480 3772 535 mw

540 569 698 628 sione
735 570 1035 639 perfectum
1092 580 1160 621 ex
1201 564 1418 621 duobus
1477 563 1587 619 illis
1622 562 1906 619 vocabulis
1954 565 2128 618 conti-

536 674 681 728 tcns,
718 660 914 716 creavit
943 675 1043 725 me,
1071 665 1148 721 et,
1173 657 1355 727 genuit
1389 670 1492 720 me,
1525 654 1620 712 sed
1650 662 1963 709 creaturam
1991 652 2129 708 dun-

532 760 838 813 taxat,non
861 750 1057 805 Filium
1082 747 1380 808 aliirmans,
1412 746 1726 817 cuiusmodi
1780 746 1931 817 pium
1965 746 2125 802 nobis

533 857 601 897 cx
632 841 848 896 duabus
877 839 988 894 illis
1036 838 1267 893 vocibus
1296 852 1522 894 sensum
1560 835 1843 908 Sapientia
1875 837 2124 901 tradidit,

534 934 825 992 anathema
848 931 941 986 sit.
976 928 1034 984 Si
1069 930 1217 1000 quis,
1241 927 1380 983 Filio
1405 944 1561 984 suam
1587 944 1710 983 cum
1742 928 1904 983 Patre
1938 944 2130 985 secun-

534 1024 665 1077 dum
696 1023 998 1078 essentiam
1026 1021 1438 1077 similitudinem
1476 1021 1637 1076 nobis
1660 1021 1746 1076 his
1772 1022 1954 1077 verbis
1980 1023 2128 1076 indi--

536 1123 741 1169 caute:
778 1114 931 1169 Sicut
984 1114 1127 1167 enim
1158 1113 1321 1167 Pater
1345 1115 1508 1167 vitam
1545 1112 1700 1167 habet
1737 1115 1791 1167 in
1830 1115 2021 1182 seipse,
2050 1116 2128 1169 sic

532 1215 583 1260 et
609 1203 756 1260 Filio
776 1206 920 1260 dedit
947 1208 1110 1260 vitam
1134 1205 1324 1260 habere
1352 1207 1407 1258 in
1430 1205 1637 1273 seipse;
1660 1220 1778 1260 eam
1814 1221 1947 1261 vero
1973 1207 2130 1262 simi-

537 1300 983 1370 litudincm,’qua:
1005 1302 1061 1353 in
1079 1300 1294 1354 actione
1318 1299 1521 1368 posita,
1553 1300 1639 1355 his
1668 1300 1849 1356 verbis
1862 1301 2125 1358 docente:

536 1395 874 1465 Quwcuuque
918 1395 1059 1448 enim
1104 1390 1269 1445 Pater
1300 1391 1454 1459 facit,
1509 1406 1573 1444 ea
1593 1401 1643 1444 et
1674 1389 1853 1446 Filius
1883 1392 2131 1447 similiter

535 1487 745 1558 facit‘,
805 1487 978 1542 solam
1019 1485 1162 1539 hanc
1211 1483 1449 1539 actionis
1492 1481 1664 1554 858
1712 1483 2128 1539 similitudinem

532 1577 860 1643 concedens,
893 1575 1139 1642 alteram,
1162 1590 1285 1645 quae
1311 1573 1378 1628 ad
1398 1576 1698 1629 essentiam
1728 1584 1963 1645 spectat,
1980 1591 2133 1646 quaa-

531 1684 641 1740 que
670 1667 1007 1739 pmcipuum
1058 1664 1183 1721 ﬁdei
1219 1674 1426 1720 nostra;
1460 1672 1625 1733 caput
1673 1674 1778 1729 est,
1812 1664 1950 1721 Filio
1994 1667 2130 1721 sub-

532 1762 737 1826 trahat,
763 1769 1026 1831 tanquam
1058 1768 1264 1815 aeterna
1288 1760 1419 1823 vita,
1456 1774 1580 1829 qua:
1619 1759 1674 1812 in
1702 1757 1883 1815 Patris
1907 1774 1972 1815 ac
2004 1757 2129 1814 Filii

533 1852 852 1924 cognitione
876 1850 1154 1914 consistit,
1179 1842 1421 1921 seipsiim
1444 1851 1689 1922 privans,
1718 1850 2010 1907 anathema
2033 1853 2127 1909 sit.

535 1942 595 2000 Si
630 1945 757 2015 quis
794 1943 848 1998 in
871 1940 1091 1998 Patrem
1119 1956 1185 1997 ac
1223 1941 1421 1997 Filium
1445 1942 1671 1998 credere
1693 1956 1815 1999 sese
1843 1942 2125 2017 proiitens,

535 2034 754 2090 Patrem
786 2050 896 2089 non
926 2033 1125 2089 similis
1152 2048 1278 2089 cum
1331 2031 1473 2088 Filio
1499 2034 1757 2091 essentia:
1808 2033 1957 2089 dicat
1980 2049 2125 2102 esse,

534 2127 631 2183 sed
661 2127 916 2195 actionis,
966 2133 1225 2197 tanquam
1254 2124 1516 2199 profanas
1557 2140 1756 2182 vocum
1802 2126 2075 2184 novitates
2105 2129 2128 2160 ⁸

533 2219 603 2272 de
626 2216 752 2273 Filii
783 2218 877 2278 Dei
919 2219 1161 2274 essentia
1194 2218 1558 2289 pronuntiare
1610 2235 1801 2285 ausus,
1852 2227 1907 2274 et
1939 2234 2127 2276 veram

534 2309 656 2366 Filii
696 2311 1084 2383 proprietatem
1138 2318 1411 2377 evertens,
1446 2310 1742 2366 anathema
1777 2310 1870 2368 sit.
1906 2308 1967 2366 Si
2000 2312 2128 2384 quis

541 2405 712 2461 ﬁlium
773 2403 1007 2461 similem
1032 2403 1274 2459 essentia
1310 2404 1458 2460 illius
1480 2404 1813 2475 intelligens,
1841 2403 2004 2474 cujus
2067 2407 2151 2461 η.-

535 2496 642 2553 lius
676 2496 1016 2568 intelligitur,
1044 2497 1129 2551 vel
1153 2496 1296 2552 idem
1327 2511 1557 2567 prorsus
1590 2511 1716 2551 cum
1737 2497 1901 2551 Patre
1928 2494 2129 2553 Filium

533 2602 658 2643 esse
680 2587 845 2648 dicat.
880 2588 964 2642 vel
995 2584 1176 2642 Patris
1205 2596 1438 2657 partem.
1471 2587 1555 2642 vel
1591 2585 1862 2657 proﬂuvio
1888 2588 2128 2657 quodam

535 2695 602 2736 ac
630 2680 907 2751 passione,
934 2694 1328 2750 corporeorunt
1355 2681 1531 2734 instar
1570 2679 1836 2747 filiorum,
1872 2679 2131 2750 incorpo-

537 2786 691 2828 reum
716 2772 785 2825 ab
811 2772 1143 2842 incorporeo
1167 2769 1329 2826 Patre
1360 2771 1634 2841 prodiisse
1662 2769 1858 2826 Filium
1890 2780 2125 2839 asserat,

535 2865 828 2920 anathema
857 2864 950 2919 sit.
978 2862 1036 2918 Si
1062 2864 1207 2935 quis,
1245 2873 1531 2935 propterea
1567 2864 1713 2934 quod
1757 2879 1936 2935 neque
1965 2863 2132 2919 Pater

538 2956 734 3020 Filius,
771 2973 953 3029 neque
977 2954 1153 3011 Filius
1180 2972 1305 3013 esse
1319 2956 1483 3014 Pater
1510 2957 1845 3030 intelligatur
1865 2975 2127 3032 unquam,

536 3049 771 3104 alterum
804 3064 835 3104 a
866 3050 1028 3105 Patre
1075 3038 1274 3105 Filium
1309 3065 1434 3105 esse
1455 3050 1668 3117 dicens,
1710 3068 1776 3107 eo
1809 3054 1957 3124 quod
1992 3055 2131 3112 alter

537 3140 611 3195 sit
640 3140 799 3195 Pater
824 3156 888 3196 ac
916 3139 1113 3208 Filius,
1143 3150 1203 3196 ut
1224 3141 1434 3196 dicthm
1464 3150 1552 3197 est
1580 3156 1593 3191 :
1647 3144 1799 3199 Alius
1827 3154 1907 3199 est
1940 3148 2027 3216 qui
2057 3154 2131 3202 te-

535 3233 847 3286 stimonium
879 3231 1111 3302 perhibet
1166 3230 1231 3286 de
1286 3232 1457 3299 me';
1513 3233 1691 3288 item:
1751 3231 2132 3290 Testimonium

535 3324 768 3394 perhibet
793 3324 883 3395 qui
908 3325 1053 3378 misit
1083 3341 1165 3378 me
1192 3325 1355 3379 l'ater
1386 3324 1445 3379 δε
1488 3326 1533 3382 si
1562 3326 1970 3398 quis,inquam,
2005 3343 2128 3399 pro-

538 3425 658 3488 pter
688 3416 835 3487 piam
868 3416 1017 3469 illam
1048 3431 1171 3486 quae
1207 3417 1261 3471 in
1297 3415 1545 3473 Ecclesia
1579 3418 1898 3490 concipitur
1934 3434 2130 3491 perso-

537 3523 732 3562 narum
766 3505 948 3564 Patris
977 3522 1043 3563 ac
1065 3504 1187 3563 Filii
1218 3509 1628 3581 proprietatem,
1650 3512 1860 3566 veritus
1886 3527 1957 3567 ne
1988 3512 2131 3568 idem

535 3598 763 3653 omnino
791 3613 916 3653 eum
958 3597 1123 3654 Patre
1155 3596 1330 3656 Filius
1383 3600 1721 3674 intelligatur
1748 3641 1763 3667 ,
1803 3601 2132 3661 dissimilem

536 3689 777 3745 essentia
828 3688 1007 3745 Patris
1046 3704 1172 3746 esse
1204 3688 1404 3746 Filium
1457 3690 1627 3757 dicat,
1688 3695 1982 3750 anathema
2037 3695 2130 3750 sit.

541 3779 599 3834 Si
635 3779 763 3851 quis
790 3777 1014 3834 Patrem
1051 3781 1317 3853 unigeniti
1366 3781 1490 3836 Filii
1537 3784 1592 3838 in
1628 3793 1872 3855 tempore
1918 3793 2133 3856 patrem

543 3870 712 3926 fuisse
738 3869 842 3927 sibi
875 3870 1223 3943 persuadeat,
1259 3887 1440 3945 neque
1464 3880 1590 3929 ante
1612 3876 1833 3944 tempus
1855 3888 2135 3938 omne,cac

541 3976 712 4033 supra
738 3961 1034 4018 humanam
1083 3977 1307 4021 omnem
1335 3964 1754 4036 cogitationem,
1790 3966 2131 4037 unigenitum

540 4054 743 4111 Filium
774 4069 807 4111 a
838 4055 1000 4113 Patre
1025 4056 1148 4114 sine
1176 4056 1288 4113 ulla
1326 4057 1586 4130 passione
1615 4057 1808 4135 credat
1854 4074 1981 4116 esse
2004 4073 2133 4130 pro-

539 4148 792 4216 ductum,
850 4157 1117 4229 tanquam
1174 4153 1540 4224 apostolicum
1591 4154 1792 4225 dogma
1853 4161 2133 4225 transgre-

538 4242 721 4309 diens,
751 4243 897 4315 quod
920 4259 951 4298 a
966 4240 1149 4310 Patre,
1161 4241 1416 4318 Filioque
1438 4245 1703 4318 temporis
1718 4248 1956 4318 spatium
1973 4264 2136 4306 omne

540 4332 767 4406 reiicit:
801 4334 906 4391 hoc
939 4350 1072 4392 vero
1108 4352 1214 4394 nos
1256 4336 1492 4395 ﬁdeliter
1530 4337 1723 4395 edocet
1759 4358 1774 4396 :
1826 4339 1893 4395 In
1932 4343 2135 4413 princi—

539 4424 628 4491 pio
679 4430 798 4477 erat
845 4419 1095 4490 Verbum,
1144 4433 1194 4478 et
1257 4421 1482 4480 Verbum
1508 4434 1624 4479 erat
1656 4425 1800 4495 apud
1842 4425 2036 4492 Deum,
2084 4437 2136 4483 et

544 4513 684 4570 Deus
705 4527 819 4569 erat
860 4513 1089 4570 Verbum
1122 4516 1182 4571 ':
1214 4517 1505 4573 anathema
1540 4519 1634 4575 sit.
1667 4518 1727 4574 Si
1759 4521 1886 4591 quis
1920 4518 2134 4576 Patrem
2168 4546 2212 4601 ο

543 4605 850 4676 unigenito,
872 4621 1036 4675 quem
1076 4607 1360 4677 produxit,
1416 4606 1559 4664 Filio
1599 4616 1847 4682 tempore
1889 4612 2135 4667 anterio—

545 4714 657 4754 rem
689 4713 815 4754 csse
840 4698 1017 4765 dicat;
1046 4692 1248 4754 Filium
1275 4713 1409 4754 vero
1455 4701 1621 4756 Patre
1646 4701 1924 4771 iuniorem
1954 4718 1969 4756 :
2002 4717 2137 4758 ana-

543 4789 727 4845 thema
777 4788 869 4845 sit.
925 4788 985 4844 Si
1041 4790 1169 4861 quis
1197 4790 1465 4861 temporis
1519 4800 1799 4862 expertem
1864 4792 2136 4865 unigeniti

544 4869 811 4937 Citristfa
847 4880 1010 4938 Patre
1048 4882 1424 4953 procedentis,
1452 4881 1793 4954 hypostasim
1823 4885 1891 4939 ad
1932 4884 2138 4956 ingeni-

547 4981 656 5026 tam
682 4969 782 5025 Dei
814 4972 1114 5026 essentiam
1138 4970 1362 5035 referat,
1391 4977 1650 5041 tanquam
1671 4971 2009 5042 Υίοπάτορα,
2032 4972 2138 5028 hoc

547 5067 632 5114 est
684 5058 1056 5128 Filiopatrem,
1108 5062 1411 5133 appellans,
1445 5063 1734 5117 anathema
1797 5065 1887 5119 sit.
1924 5063 1980 5117 Si
2012 5065 2139 5133 quis

549 5153 665 5208 sola
693 5159 963 5222 potestate
992 5152 1208 5210 Patrem
1237 5156 1511 5228 unigeniti
1546 5153 1695 5221 Filii,
1727 5170 1836 5212 non
1867 5164 2140 5227 potestate

549 5245 737 5309 simul,
757 5250 812 5299 et
840 5245 1081 5300 essentia
1113 5263 1240 5304 esse
1267 5248 1514 5313 deﬁniat,
1542 5256 1805 5322 tanquam
1836 5250 2009 5306 solam
2035 5263 2137 5320 po-

548 5344 803 5393 testatem
850 5352 1150 5409 usurpans,
1203 5350 1260 5393 et
1290 5356 1637 5398 communem
1670 5343 1720 5398 ei
1762 5358 1889 5398 cum
1920 5344 2137 5400 caeteris

548 5429 809 5500 cperibus
836 5428 1211 5485 conditionem
1241 5420 1513 5499 tribuens,
1545 5448 1722 5504 neque
1746 5448 2067 5505 germanum
2104 5449 2136 5488 a

2228 563 2320 618 τδν
2343 563 2570 627 ἀπαθῶς
2590 564 2794 619 τέλειον
2809 566 2874 617 εκ
2894 563 3004 617 τῶν
3022 563 3125 618 δύσ
3142 566 3440 637 ὀνομάτων,
3469 568 3580 635 τοῦ,
3599 569 3776 628 laturi

2224 672 2323 728 με,
2355 656 2449 710 καὶ
2471 656 2590 719 τοῦ,
2614 654 2802 728 γεννᾷ
2823 672 2922 725 με,
2955 656 3163 729 κτίσμα
3194 658 3351 727 μόνον
3387 660 3670 730 ὁμολογῶν,
3694 666 3776 717 καὶ

2234 749 2435 821 μηκέτι
2487 749 2623 815 υἱὸν,
2653 747 2731 814 ὼς
2773 748 3161 821 παραδέδωκεν
3197 751 3231 822 ἡ
3272 750 3440 820 Σοφία
3484 752 3547 806 ὲκ
3574 752 3675 807 τῶν
3698 754 3775 809 δύο

2230 840 2475 905 εὐσεϐῶς
2502 840 2603 912 τὴν
2633 840 2842 894 ἔννοιαν
2861 857 2874 869 ·
2904 841 3153 912 ἀνάθεμα
3182 841 3339 895 ἔστω.
3366 844 3476 897 Kal
3503 845 3554 896 εῐ
3578 862 3670 910 τις,
3697 847 3776 900 τοῦ

2230 933 2364 987 ἰ’ίοῦ
2395 933 2496 1006 τὴν
2532 933 2630 1004 μὲν
2682 934 2805 987 κατ’
2839 934 3030 988 οὐσίαν
3067 933 3204 1008 πρὸς
3237 933 3327 987 τὸν
3355 933 3549 988 ἑαυτοῦ
3588 936 3777 1008 Πατέρα

2230 1025 2523 1097 ὁμοιότητα
2539 1026 2571 1097 ή
2583 1027 2674 1096 μίν
2701 1024 3181 1090 άποκαλύπτοντος
3203 1026 3272 1079 δι’
3298 1018 3372 1080 ὧν
3393 1042 3525 1098 φησι
3539 1043 3565 1067 ἰ
3585 1028 3777 1103 Ὥσπερ

2229 1118 2341 1186 γὰρ
2371 1120 2405 1170 ό
2436 1117 2639 1185 Πατὴρ
2683 1115 2839 1184 ζωὴν
2879 1116 3003 1186 ἔχει
3036 1116 3108 1170 ἐν
3131 1116 3341 1182 ἐαυτῷ,
3369 1117 3554 1184 οὕτως
3578 1117 3671 1173 καί
3713 1119 3779 1186 τῷ

2240 1206 2352 1273 Υίῷ
2407 1208 2593 1262 ἔδωκε
2642 1206 2796 1276 ζωὴν
2837 1208 3004 1277 ἔχειν
3046 1208 3119 1262 ἐν·
3164 1206 3357 1274 ἑαυτῷ
3381 1224 3396 1237 ·
3441 1209 3539 1280 τὴν
3581 1208 3636 1262 δὲ
3679 1211 3777 1263 κατ’

2232 1300 2512 1371 ἐνέργειαν
2543 1300 2610 1354 δι’
2663 1292 2741 1354 ὧν
2794 1299 3074 1355 παιδεύει*
3135 1302 3196 1355 Ἀ
3246 1301 3354 1371 γὰρ
3400 1300 3480 1355 ἂν
3530 1303 3564 1355 ὁ
3605 1300 3779 1370 Πατὴρ

2232 1391 2397 1461 ποιῇ,
2432 1393 2621 1447 ταῦτα
2650 1393 2746 1447 καὶ
2792 1396 2826 1448 ό
2874 1392 3006 1458 Υἱὸς
3038 1394 3253 1463 ὁμοίως
3294 1393 3479 1447 ποιεῖ·
3520 1393 3677 1465 μόνην
3699 1397 3780 1465 τὴν
3892 1418 3893 1423 η

2233 1487 2355 1539 κατ’
2407 1484 2692 1556 ἐνέργειαν
2729 1485 3026 1556 ὁμοιότητα
3070 1483 3320 1555 διδούσης
3354 1484 3489 1539 κατ’
3520 1484 3711 1547 οὐσίαν,
3750 1486 3777 1556 ἡ

2232 1576 2349 1630 ἐστι
2380 1575 2441 1630 τὸ
2469 1575 3010 1646 κεφαλαιωδέστατον
3051 1574 3211 1647 ἡμῶν
3241 1576 3342 1647 τῆς
3376 1575 3626 1640 πίστεως,
3673 1577 3781 1629 ἁπο-

2234 1666 2451 1739 στεροίη
2484 1667 2581 1720 τοῦ
2616 1666 2769 1729 Υἱοῦ,
2795 1666 2874 1730 ὡς
2903 1666 3095 1720 ἑαυτὸν
3123 1665 3445 1737 ἀποστερῶν
3472 1666 3568 1733 τῆς
3593 1668 3645 1720 ὲν
3668 1664 3780 1734 γνὼο

2235 1773 2325 1811 σει-
2351 1757 2567 1831 Πατρδς
2596 1760 2690 1813 καὶ
2730 1757 2863 1812 Υἱοῦ
2897 1758 3119 1813 αἰωνίου
3155 1757 3335 1829 ζωῆςσ
3375 1756 3617 1828 ἀνάθεμα
3646 1758 3778 1811 ἔστω.

2235 1851 2348 1904 Kal
2380 1850 2435 1904 εῐ
2465 1867 2571 1917 τις,
2602 1852 2683 1913 είς
2715 1850 2934 1922 Πατέρα
2971 1850 3066 1904 καὶ
3094 1849 3222 1903 Υίδν
3253 1847 3533 1903 πιστεύειν
3553 1845 3783 1916 ἐπαγγελ-

2235 1943 2484 2014 λόμενος,
2516 1942 2611 1996 τὸν
2654 1940 2876 2013 Πατέρα
2911 1940 2987 2013 μὴ
3018 1941 3209 2003 οὐσίας
3237 1939 3437 2011 ὁμοίας
3480 1937 3637 1992 αὐτοῦ
3662 1937 3782 2005 λέγοι

2237 2033 2479 2104 Πατέρα,
2525 2032 2664 2088 ἀλλὰ
2709 2032 3012 2104 ἐνεργείας,
3043 2031 3121 2096 ὡς
3161 2030 3425 2103 βεδίιλους
3463 2028 3782 2100 καινοφωνίας

2236 2126 2380 2183 κατά
2406 2127 2508 2198 τῆς
2536 2125 2727 2189 οὐσίας
2750 2124 2844 2179 τοῦ
2877 2122 3010 2178 Υἱοῦ
3046 2122 3144 2177 τοῦ
3170 2123 3308 2178 Θεοῦ
3336 2123 3657 2193 φθέγγεσθαι
3685 2121 3782 2173 τολ-

2240 2215 2381 2286 μῶν,
2414 2214 2506 2270 καὶ
2540 2215 2783 2286 ἀναιρῶν
2826 2213 2890 2267 τὸ
2930 2209 3069 2268 εἶναι
3094 2211 3315 2284 ἀληθῶς
3380 2214 3525 2267 υἱόνο
3573 2210 3783 2280 ἀνάθεμα

2237 2308 2397 2362 ἔστω.
2432 2307 2541 2362 Καὶ
2574 2307 2739 2371 εἴτις
2764 2306 2893 2361 Υίδν
2918 2306 3102 2379 ὅμοιον
3130 2308 3253 2360 κατ’
3276 2305 3470 2359 οὐσίαν
3499 2303 3628 2359 νοῶν
3665 2303 3780 2357 ὲκεί-

2235 2416 2351 2463 νου,
2381 2393 2443 2453 οὗ
2470 2398 2568 2452 καὶ
2597 2400 2800 2452 νοεῖται
2839 2397 2975 2463 υίὸς,
3013 2397 3048 2470 ἢ
3097 2397 3295 2451 ταυτὸν
3344 2396 3495 2466 λέγοι
3538 2396 3611 2468 τῷ
3642 2394 3781 2465 Πατρὶ

2235 2491 2330 2545 τὸν
2369 2490 2580 2562 nam
2634 2490 2800 2562 μέρος
2837 2490 2933 2544 τοῦ
2979 2490 3213 2562 Πατρὸς,
3248 2490 3285 2560 ἢ
3336 2489 3482 2545 κατά
3525 2488 3782 2561 ἀπόρροιαν

2238 2582 2333 2637 καὶ
2381 2582 2520 2636 κατά
2555 2581 2751 2649 πάθος,
2783 2583 2863 2646 ὡς
2902 2583 3255 2653 σωματικοὺς
3302 2582 3476 2648 υἱοὺς,
3504 2579 3590 2633 τὸν
3619 2580 3677 2632 ὲκ
3706 2574 3781 2631 τοῦ

2237 2676 2534 2748 ἀσωμάτου
2572 2675 2787 2747 Πατρδς
2824 2674 3118 2747 ἀσώματον
3166 2675 3298 2731 Υίδν
3336 2674 3652 2738 ὑποστάντα,
3676 2669 3780 2725 ἀνάο

2237 2766 2381 2839 θεμα
2414 2767 2574 2822 ἔστω.
2609 2767 2722 2822 Kal
2762 2768 2816 2822 ετ
2843 2784 2927 2831 τις
2958 2768 3049 2823 διὰ
3098 2769 3162 2822 τὸ
3204 2768 3301 2822 τὸν
3348 2768 3565 2839 Πατέρα
3609 2766 3779 2837 μήποτε

2237 2861 2371 2914 Υίὸν
2418 2860 2677 2923 νοεῖσθαι,
2725 2861 2821 2913 καὶ
2878 2860 2971 2914 τὸν
3028 2861 3154 2915 Υίδν
3191 2861 3407 2932 μήποτε
3443 2860 3648 2932 Πατέρα
3668 2859 3778 2911 νοεῖ-

2239 2952 2388 3017 σθαι,
2419 2952 2609 3024 ἓτερον
2639 2951 2815 3021 λέγων
2845 2949 2938 3005 τὸν
2980 2951 3108 3007 Υίδν
3142 2952 3299 3025 παρά
3333 2951 3426 3006 τὸν
3450 2951 3673 3022 Πατέρα,
3712 2948 3779 3000 διὰ

2235 3045 2301 3099 τὸ
2328 3045 2421 3100 τὸν
2470 3044 2695 3117 Πατέρα
2735 3041 2925 3116 ἕτερον
2976 3038 3140 3108 εἶναι,
3185 3045 3284 3099 καὶ
3325 3043 3420 3099 τὺν
3452 3043 3592 3105 Υίδν,
3634 3037 3779 3101 καθὼς

2237 3139 2453 3210 εῑρηται
2472 3152 2489 3170 ο
2542 3137 2762 3203 Ἄλλος
2808 3135 2987 3191 ἐστίν
3018 3138 3054 3191 d
3096 3135 3418 3209 μαρτυρῶν
3466 3135 3592 3204 περὶ
3630 3128 3777 3202 ἁμοῦ·

2241 3232 2358 3298 καὶ,
2381 3230 2685 3299 Μαρτυρεῖ
2711 3229 2844 3302 γάρ,
2900 3231 3088 3303 φησὶν,
3121 3232 3156 3285 ό
3200 3230 3450 3300 πέμψας
3479 3244 3555 3300 με
3582 3224 3774 3291 Hatrip'

2237 3321 2329 3376 διὰ
2353 3321 2560 3392 ταύτην
2603 3319 2702 3393 τὴν
2731 3319 2931 3392 εὐσεϐῆ
2969 3322 3030 3375 ὲν
3072 3323 3140 3393 τῇ
3185 3320 3489 3394 Ἐκκλησία
3528 3315 3777 3389 νοουμένην

2243 3412 2486 3484 ἰδιότητα
2511 3412 2623 3466 τῶν
2654 3411 2984 3484 προσώπων,
3026 3411 3240 3485 Πατρδς
3287 3414 3390 3484 μὲν
3426 3411 3519 3467 καὶ
3558 3407 3691 3472 Υίοῦ,
3714 3407 3777 3459 δε·

2238 3505 2391 3570 διὼς,
2444 3506 2656 3577 μήποτε
2718 3505 2917 3560 ταυτὸν
2963 3503 3130 3577 νοηθῇ
3167 3505 3300 3569 Υἱὸς
3334 3505 3527 3577 Πατρὶ,
3571 3502 3793 3571 ἀνόμοιοι

2240 3597 2389 3666 λέγοι
2422 3599 2542 3650 κατ’
2567 3596 2758 3652 οὐσίαν
2781 3596 2872 3651 τὸν
2897 3596 3026 3650 Υίὸν
3054 3597 3134 3667 τῷ
3166 3597 3363 3670 Πατρὶ,
3393 3595 3626 3664 ἀνάθεμα
3649 3591 3772 3645 ἔστω.

2240 3691 2352 3745 Kal
2398 3690 2451 3743 εί
2477 3707 2562 3754 τις
2606 3691 2666 3743 ὲν
2704 3690 2882 3762 χρόνῳ
2909 3690 3001 3744 τὸν
3048 3690 3274 3762 Πατέρα
3318 3682 3534 3763 πατέρα
3574 3689 3672 3742 νοοῖ
3702 3682 3773 3735 τοῦ

2243 3779 2568 3853 μονογενοῦς
2590 3779 2753 3847 -Υίοῦ,
2802 3781 2901 3835 καὶ
2936 3781 3012 3853 μὴ
3047 3782 3189 3854 ὑπὲρ
3220 3783 3467 3854 χρόνους,
3497 3780 3585 3835 καὶ
3627 3774 3740 3832 κατὰ
3758 3773 3774 3803 ⁶

2241 3873 2424 3938 πάσας
2472 3872 2825 3945 ἀνθρωπίνας
2871 3874 3085 3939 ἐννοίας
3138 3874 3390 3928 πιστεύει
3432 3873 3519 3927 τὸν
3559 3865 3772 3943 μονογενῆ

2241 3960 2372 4019 Υίὸν
2425 3966 2493 4020 ἐκ
2539 3965 2634 4019 τοῦ
2665 3964 2883 4038 Πατρὺς
2929 3964 3159 4031 ἀπαθῶς
3186 3965 3506 4037 ὑφεστάναι,
3534 3964 3603 4027 ὡς
3631 3975 3771 4029 παρα·

2242 4057 2449 4112 σαίνων
2477 4057 2542 4111 τὸ
2587 4056 2948 4112 ἀποστολικδν
2994 4058 3279 4130 κήρυγμα,
3308 4058 3531 4130 χρόνους
3556 4054 3649 4126 μὲν
3673 4046 3771 4118 περὶ

2241 4150 2456 4221 Πατρδς
2504 4149 2601 4204 καὶ
2651 4149 2783 4204 Υίοῦ
2832 4149 3257 4223 παρωσάμενον,
3308 4147 3517 4211 πιστῶς
3560 4146 3612 4200 δὲ
3659 4140 3769 4212 ἡμᾶς

2241 4240 2540 4297 παιδεῦσαν
2567 4242 2656 4296 τό·
2700 4242 2806 4297 Ἐν
2841 4239 3000 4312 ἀρχῇ
3030 4238 3111 4314 ἦν
3134 4244 3170 4296 δ
3192 4243 3407 4313 Λόγος,
3437 4240 3532 4296 καί
3558 4240 3591 4292 δ
3621 4233 3771 4301 acim
3824 4266 3828 4281 ι

2241 4333 2325 4404 ἦν
2355 4332 2506 4402 πρὸς
2532 4332 2643 4388 τὸν
2668 4332 2841 4399 Θεὸν,
2865 4334 2965 4388 καί
2989 4333 3134 4401 Θεὸς
3153 4330 3239 4405 ἦν
3258 4337 3294 4389 ὁ
3325 4336 3541 4404 Λόγος,
3570 4324 3771 4392 ἀνάθεμα

2242 4425 2404 4480 ἔστω.
2458 4426 2567 4479 Καὶ
2607 4427 2662 4479 ετ
2701 4443 2786 4490 τις
2825 4425 2918 4480 τὸν
2965 4427 3187 4499 Πατέρα
3235 4424 3596 4498 πρεσϐύτερον
3633 4415 3770 4490 χράνψ

2242 4518 2392 4588 λέγοι
2434 4518 2529 4572 τοῦ
2554 4517 2624 4584 ,ἐξ
2669 4517 2866 4573 ἑαυτοῦ
2897 4517 3221 4590 μονογενοῦς
3267 4518 3432 4574 Υἱοῦ·
3482 4503 3769 4583 νεώτερονῦ

2241 4612 2420 4685 χρόνῳ
2448 4612 2542 4666 τὸν
2571 4612 2705 4667 Υίον
2728 4612 2830 4666 ’τοῦ
2863 4613 3099 4685 Πατρὸς,
3129 4612 3382 4683 ἀνάθεμα
3415 4609 3564 4664 ἔστω.
3609 4601 3701 4659 Καὶ
3729 4598 3768 4649 ει

2241 4721 2329 4768 τις
2357 4703 2421 4757 τὸ
2450 4704 2680 4775 ἄχρονον
2710 4704 2813 4773 τῆς
2848 4703 2943 4771 ’τοῇ
2986 4705 3311 4776 μονογενοῦς
3340 4698 3569 4775 Χριστοῦ
3596 4698 3651 4749 ἐκ
3671 4691 3767 4783 _"“.'

2240 4794 2371 4866 ’πρὸς
2436 4795 2789 4859 ὑποστάσεως
2849 4795 2943 4849 ἐπὶ
2997 4795 3100 4865 τὴν
3164 4794 3459 4864 ἀγέννητον
3512 4785 3596 4842 τοῦ
3660 4780 3764 4833 Θεοῦ

2242 4885 2434 4940 οὐσίαν
2492 4886 2800 4958 ἀναφέροι,
2828 4885 2905 4950 ὡς
2959 4887 3262 4958 υίοπάτορα
3316 4884 3520 4953 λέγων,
3566 4870 3762 4961 “de”?

2244 4974 2406 5030 ἔστω.
2439 4976 2554 5030 Kal
2588 4975 2643 5028 εί
2666 4992 2751 5040 τις
2781 4963 3001 5047 ἐξουσίᾳ
3030 4976 3166 5047 μόνῃ
3195 4975 3289 5029 τὸν
3315 4969 3526 5041 Πατέρα
3544 4964 3761 5059 ulmi?”

2247 5068 2573 5141 μονογενοῦς
2618 5067 2774 5135 Υίοῦ,
2816 5069 2912 5122 καὶ
2964 5068 3042 5140 μὴ
3081 5066 3301 5138 ἐξουσίᾳ
3353 5061 3487 5135 ὁμοῦ
3535 5055 3616 5110 καὶ
3640 5051 3762 5141 οὐοίῖίι

2244 5139 2461 5233 Πατρὸς
2511 5159 2836 5232 μονογενοῦς
2887 5160 3042 5227 Υίοῦ,
3090 5160 3168 5224 ὡς
3220 5159 3387 5231 μόνην
3429 5153 3522 5225 τὴν
3564 5139 3759 5233 ἕξουσίν

2242 5252 2310 5307 λα
2316 5227 2559 5324 μάἀνων,
2705 5251 3026 5306 κοινοποιῶν
3045 5252 3209 5306 αὐτὸν
3222 5227 3372 5322 ’πρὸς
3390 5246 3455 5301 τὰ
3477 5238 3620 5296 λοιπά
3640 5227 3759 5324 ποῖήσ

2246 5322 2414 5415 ματα,
2447 5344 2544 5400 καὶ
2573 5346 2635 5398 οὐ
2666 5344 2842 5415 λέγων
2862 5343 3078 5416 ἀληθῶς
3106 5346 3172 5397 ὲκ
3193 5340 3403 5413 Πατρός
3429 5337 3625 5407 γνήσιον

2245 5409 2494 5507 ἀνάθεμα
2546 5434 2707 5489 ἔστω.
2741 5409 2871 5493 ‘Kal
2920 5409 2974 5489 εί
2992 5452 3078 5500 τις
3121 5409 3338 5503 ἐξουσία
3369 5429 3459 5484 καὶ
3499 5421 3635 5488 οὐσίᾳ
3671 5409 3756 5480 (59)

577 5648 583 5655 ,
620 5588 638 5618 ⁸
665 5584 825 5642 Joan.
863 5605 917 5653 ν,
951 5587 1038 5642 i9.
1112 5588 1132 5619 ³
1156 5587 1333 5642 l'I‘im.
1368 5603 1446 5656 Vt,
1486 5588 1573 5642 10.
1644 5588 1666 5620 ³
1695 5587 1855 5653 Joan.
1887 5605 1940 5654 v,
1976 5588 2067 5643 52.

2238 5603 2363 5644 ean.
2408 5604 2528 5653 vin,
2552 5589 2646 5646 28.
2722 5591 2743 5623 ⁸
2773 5587 2936 5644 Joan.
2968 5605 3007 5655 I,
3037 5588 3088 5644 i.
3162 5591 3184 5621 ⁸
3210 5590 3270 5645 F.
3300 5583 3463 5656 παρά.

625 5742 736 5812 (ta)
776 5744 887 5798 Kal
924 5744 980 5797 ει
1022 5762 1112 5811 τις
1138 5707 1394 5812 ἐξουσίᾳ
1433 5745 1534 5800 καί
1574 5747 1775 5812 οὐσίῃ.
1816 5746 2138 5802 Pestremus

556 5808 647 5864 hic
690 5808 1657 5890 anathmnatismus'apud-Hilarium
1693 5808 1798 5872 non
1829 5825 2132 5887 comparet,

2246 5747 2339 5819 qui
2381 5747 2500 5801 sine
2522 5746 2691 5801 dubio
2715 5749 3007 5819 haereticus
3031 5756 3138 5810 est.
3166 5754 3430 5819 quatenus
3456 5730 3749 5819 consul”;le

2245 5796 3361 5890 micas;intima;ﬂagitia
3373 5796 3452 5872 ὲὲι
3473 5816 3626 5878 neque
3647 5796 3747 5865 δμο-
