3988 6404
575 380 680 438 427

1988 374 2051 434 S.
2111 371 2452 430 EP‘II’HANII

3740 377 3849 435 ﬂii

577 493 776 560 Veteri,
806 494 890 550 vel
934 492 1085 548 Novo
1105 491 1458 549 Testamento
1485 497 1672 564 aperte
1707 490 1997 562 reperitur,
2047 489 2142 544 sed

2263 486 2392 558 λαιᾷ
2434 484 2528 540 καὶ
2557 483 2733 556 Καινῇ
2767 487 2830 540 οὗ
2869 487 3044 540 κεῖται
3069 485 3542 560 Γραφῆ,ὁνοῦς8ὲ
3566 489 3848 562 πανταχοῦ

571 585 718 657 quod
762 603 828 642 eo
876 585 1238 657 signiﬁcatur,
1295 587 1497 656 passim
1553 599 1873 654 expressum
1918 582 2150 653 legitur:

572 680 627 733 in
650 678 844 749 primis
871 678 928 734 in
959 693 1025 734 eo
1054 679 1194 744 loco,
1230 677 1284 731 in
1310 691 1419 748 quo
1454 676 1598 733 Deus
1629 675 1868 748 Moysem
1905 677 2153 742 mittens,

550 771 652 832 ,sic
681 770 728 825 ei
777 771 996 826 loculus
1025 779 1109 826 est
1140 789 1152 823 :
1198 767 1290 823 Sic
1327 769 1467 823 dices
1497 767 1628 837 ﬁliis
1648 767 1824 822 Israel
1843 781 1861 820 :
1886 766 1991 834 Qui
2012 777 2089 821 est
2114 767 2152 832 ί,

571 869 680 915 etc.
713 859 871 926 Quod
919 861 988 916 de
1017 859 1178 915 Patre
1229 859 1532 930 praesertim
1562 858 1783 921 dicitur,
1841 858 1933 928 qui
1967 857 2159 914 ordine

570 949 782 1020 primus
842 949 1188 1020 intelligitur,
1221 966 1254 1003 a
1287 965 1390 1020 quo
1418 950 1588 1003 omnis
1617 948 1914 1016 paternitas
1947 947 2004 1001 in
2029 946 2157 1002 εωίο

567 1042 694 1094 etin
724 1049 867 1094 terra
917 1042 1224 1094 nominatur
1257 1040 1299 1092 '.
1339 1037 1442 1104 Qui
1473 1053 1652 1109 neque
1683 1038 1751 1093 ab
1806 1037 1920 1093 ullo
1967 1045 2071 1101 est,
2106 1047 2160 1092 et

571 1130 641 1186 iis
666 1144 789 1200 quae
819 1137 969 1195 sunt,
1003 1143 1168 1184 causa
1203 1134 1287 1184 est
1320 1139 1380 1182 ut
1409 1129 1542 1183 sint.
1592 1127 1797 1184 Verum
1836 1141 1962 1182 cum
1987 1135 2042 1183 et
2065 1125 2158 1181 Fi-

572 1223 679 1277 lius
710 1223 783 1278 sit
808 1221 1101 1286 exsistens,
1131 1227 1184 1276 et
1215 1219 1347 1274 illud
1378 1219 1481 1274 sibi
1507 1219 1977 1275 communicatum
2001 1233 2158 1274 acce—

573 1313 733 1383 perit,
787 1311 992 1368 Paulus
1042 1311 1438 1367 Samosatenus
1487 1319 1543 1366 et
1597 1311 1896 1367 Marcellus
1949 1310 2018 1365 ab
2067 1310 2158 1364 illa

566 1402 798 1459 Joannis
843 1404 1134 1468 sententia,
1170 1418 1276 1474 qua
1303 1403 1572 1474 scriptum
1602 1409 1688 1458 est
1717 1421 1730 1458 :
1776 1401 1846 1457 In
1896 1402 2158 1473 principio

566 1503 683 1549 erat
743 1492 968 1548 Verbum
1003 1492 1056 1559 ³,
1104 1499 1240 1561 ete.,
1287 1493 1496 1549 erroris
1527 1493 1877 1549 occasionem
1910 1493 2158 1563 arripue—

568 1593 716 1650 runt,
744 1593 804 1638 ut
833 1583 929 1639 Dei
955 1582 1155 1638 Filium
1186 1597 1317 1640 vere
1343 1597 1470 1640 esse
1520 1581 1721 1638 Filium
1756 1583 1968 1640 nollent
1992 1598 2159 1654 agno-

568 1687 746 1729 scere.
783 1670 892 1729 Sed
920 1688 990 1729 ex
1036 1673 1156 1744 ipsa
1196 1669 1356 1727 Verbi
1397 1672 1766 1743 appellatione
1817 1687 2031 1738 ansam,
2071 1673 2152 1728 uti

559 1764 828 1832 diximus,
849 1763 1202 1835 arripientes,
1252 1761 1453 1818 Filium
1484 1761 1580 1818 Dei
1629 1763 1978 1829 vocabulum,
2007 1762 2156 1835 quod

2257 575 2480 646 φέρεται
2501 592 2514 604 °
2549 577 2644 630 καὶ
2667 576 2887 648 πρῶτον
2905 579 2999 647 ἀφ’
3027 573 3102 633 ὧν
3127 581 3155 632 6
3183 579 3317 643 Θεὸς
3342 580 3581 650 πέμπων
3606 581 3849 636 Μωῦσέα
3952 601 3953 606 ‘

2256 671 2479 742 εἴρηκεν
2495 685 2510 700 ⁶
2537 670 2737 738 Οὕτως
2759 670 2914 740 ἐρεῖς
2933 675 3058 738 τοῖς
3072 671 3224 738 υίοῖς
3251 671 3499 741 Ἰσραήλ
3517 691 3532 704 ·
3569 674 3632 728 '0
3650 675 3760 740 ὢν,
3775 675 3850 739 ὡς

2256 762 2348 815 ἐπὶ
2359 760 2452 814 τοῦ
2470 759 2701 832 πρώτως
2715 763 3003 833 νοουμένου
3021 765 3257 834 Πατρὸς,
3273 765 3341 829 ἐξ
3356 760 3426 820 οὗ
3446 764 3620 821 πᾶσα
3634 767 3850 835 πατριὰ

2256 854 2328 906 ἐν
2366 853 2601 922 οὐρανῷ
2652 855 2750 909 καὶ
2807 854 2909 907 ἐπὶ
2938 854 3054 924 γῆς
3097 853 3461 924 ὀνομάζεται,
3511 856 3543 909 6
3593 857 3738 928 μήτε
3787 857 3848 910 Ex

2255 960 2400 1009 τινος
2431 944 2531 1011 ὢν,
2563 945 2659 999 καὶ
2688 947 2803 1009 τοῖς
2857 941 3009 1000 οὖσιν
3051 945 3223 1009 αἴτιος
3254 944 3353 1003 ὢν.
3402 947 3621 1018 Ἐπειδὴ
3649 947 3711 1000 δὲ
3757 950 3848 1002 καὶ

2259 1035 2388 1100 Υἱός
2435 1039 2583 1091 ἐστιν
2610 1040 2638 1092 6
2681 1036 2778 1103 ὢν,
2830 1037 2990 1091 ἔλαϐε
3022 1038 3078 1093 δὲ
3125 1039 3235 1093 ἀπὸ
3274 1036 3370 1092 τοῦ
3398 1038 3542 1092 κατὰ
3595 1039 3847 1108 Ἰωάννην

2257 1129 2591 1198 Εὐαγγελίου
2621 1130 2848 1199 λέγοντα
2871 1171 2887 1196 ,
2941 1131 3038 1185 Ἐν
3065 1130 3226 1201 ἀρχῇ
3259 1126 3339 1202 ἦν
3363 1134 3399 1186 ό
3425 1132 3639 1206 Λόγος,
3687 1132 3847 1203 ἀφορ-

2261 1217 2367 1289 μὴν
2400 1217 2599 1290 εὕρατο
2626 1219 2839 1283 Παῦλος
2885 1221 2914 1272 6
2957 1219 3308 1290 Σαμοσατεὺς
3350 1220 3445 1274 καὶ
3498 1219 3842 1291 Μάρκελλος,

2257 1310 2441 1364 οὐκέτι
2470 1309 2716 1373 θέλοντες
2764 1309 2945 1379 λέγειν
2975 1310 3066 1364 τὸν
3095 1310 3224 1365 Υίὸν
3251 1310 3346 1364 τοῦ
3369 1309 3506 1364 Θεοῦ
3546 1312 3686 1365 Υίὸν
3716 1312 3842 1382 ἁλη-

2259 1400 2388 1464 θῶς,
2421 1399 2557 1454 ἀλλὰ
2583 1401 2691 1454 ἀπὸ
2721 1399 2816 1454 τοῦ
2850 1404 3042 1471 Λόγος
3068 1401 3332 1472 ὀνόματος
3363 1403 3620 1475 ἀφορμὴν
3656 1404 3843 1458 λαϐόν-

2256 1502 2371 1555 τες,
2402 1489 2568 1560 φημὶ.
2595 1491 2662 1543 ὲκ
2694 1491 2962 1562 στόματος
2991 1493 3142 1563 ῥῆμα
3167 1493 3262 1545 καὶ
3289 1491 3509 1564 φθέγμα
3535 1493 3843 1567 ἠϐουλήθηο

2260 1596 2361 1636 σαν
2411 1583 2585 1636 εἰπεῖν
2637 1583 2730 1637 τὸν
2781 1583 2912 1636 Υίὸν
2959 1583 3054 1637 τοῦ
3106 1583 3264 1648 Θεοῦ,
3315 1584 3747 1656 ἡναγκάσθησαν
3792 1585 3844 1638 οἱ

2259 1672 2521 1744 Πατέρες,
2554 1673 2606 1726 oi
2643 1673 2929 1746 κρίναντες
2971 1672 3186 1727 Παῦλον
3216 1673 3309 1727 τὸν
3357 1674 3705 1745 Σαμοσατέα,
3751 1674 3842 1728 ἐπὶ

2257 1761 2336 1833 τῷ
2379 1761 2607 1834 τοιούτῳ
2663 1761 2979 1834 ὲρωτισμῷ,
3035 1763 3121 1817 ἵνα
3170 1762 3436 1829 δείξωσιν,
3490 1765 3572 1818 ὅτι
3622 1766 3654 1818 6
3714 1764 3839 1828 Υἱὸς

562 1856 637 1910 ab
665 1869 762 1910 ore
791 1834 1060 1926 procedit,
1103 1868 1167 1910 ac
1189 1868 1380 1910 vocem
1414 1854 1691 1910 nominari
1725 1834 2038 1911 voluerunt.
2071 1854 2156 1912 οι)

2262 1852 2556 1908 ὑπόστασιν
2607 1852 2742 1925 ἔχει,
2792 1855 2890 1908 καὶ
2934 1854 3195 1926 ὑπάρχων
3237 1856 3379 1920 ἐστὶ,
3432 1856 3526 1910 καὶ
3551 1855 3628 1909 ὧν
3667 1857 3836 1923 ἐστιν,

561 1945 624 2002 id
651 1945 849 2002 Patres
875 1946 974 2014 illi,
993 1946 1086 2017 qui
1109 1944 1341 2002 Paulum
1365 1943 1782 2000 Samosatenum
1799 1945 2151 2014 damnarunt,

559 2040 639 2094 ob
671 2040 833 2096 talem
862 2037 1472 2111 interrogatiunculam,
1506 2044 1565 2092 ut
1591 2037 1791 2093 Filium
1842 2038 2152 2096 subsisten-

564 2139 698 2196 tem,
727 2138 781 2187 et
802 2131 1184 2198 exsistentem,
1216 2138 1271 2186 et
1316 2144 1441 2185 eum
1473 2129 1567 2200 qui
1597 2139 1703 2196 est,
1757 2145 1880 2188 esse
1925 2131 2155 2189 demon-

561 2231 825 2290 strarent,
872 2239 984 2280 non
1052 2230 1236 2279 autem
1276 2221 1605 2278 vocabulum
1646 2222 1907 2293 aliquod,
1955 2223 2154 2280 Filium

562 2317 934 2374 substantiam
965 2323 1025 2371 ut
1059 2320 1319 2371 vocarent
1348 2313 1574 2372 adducti
1633 2321 1764 2369 sunt
1807 2328 1974 2386 :_qua
2023 2316 2156 2372 sub-

563 2408 782 2465 stantia;
822 2407 1190 2479 appellatione
1239 2406 1294 2462 id
1350 2406 1498 2478 quod
1533 2420 1631 2478 per
1662 2405 1903 2477 seipsum
1933 2406 2156 2462 exsistit

563 2498 634 2553 ab
657 2513 724 2554 eo
765 2497 912 2569 quod
948 2510 1045 2568 per
1095 2511 1156 2570 se
1203 2510 1314 2551 non
1367 2495 1586 2552 exsistit
1617 2496 1804 2567 aliquo
1833 2496 2155 2554 discrimine

555 2600 904 2662 separarent.
931 2589 1144 2646 Etenim
1182 2589 1510 2644 vocabulum
1542 2602 1641 2657 per
1678 2602 1800 2643 sese
1830 2602 1940 2644 non
1969 2587 2154 2645 subsi-

555 2683 686 2746 stit,
733 2696 838 2736 nec
886 2695 1008 2736 esse
1066 2678 1162 2735 Dei
1215 2677 1389 2734 Filius
1447 2685 1649 2748 potest.
1707 2677 1927 2748 Alioqui
1962 2677 2152 2749 plures

495 2762 517 2783 ‘
553 2778 730 2825 -erunt
757 2771 862 2824 hoc
890 2769 1051 2824 modo
1083 2767 1179 2822 ﬁlii
1219 2767 1333 2823 Dei.
1355 2765 1491 2820 Nam
1527 2765 1692 2822 Pater
1711 2768 1880 2822 multa
1909 2768 2154 2823 omnium

554 2859 920 2915 confessione
964 2857 1105 2913 Filio
1143 2857 1365 2913 locutus
1409 2864 1514 2922 est,
1549 2866 1609 2912 ut
1639 2873 1764 2912 cum
1792 2857 1933 2913 dixit
1968 2877 1982 2913 :
2024 2857 2154 2913 Fiat

561 2951 1000 3020 ﬁrmamentum;
1034 2948 1200 3003 Fiant
1246 2948 1572 3012 luminaria;
1603 2947 1879 3002 Producat
1931 2955 2071 3003 terra
2100 2949 2148 3015 ⁵,

566 3050 675 3098 etc.
731 3041 862 3096 Item
898 3055 913 3093 :
971 3037 1264 3095 Faciamus
1307 3039 1570 3094 hominem
1614 3039 1659 3094 ³.
1718 3037 1907 3110 Itaque
1952 3036 2152 3094 Filium

2253 1943 2375 2013 οὐχὶ
2406 1942 2466 1997 δὲ
2493 1943 2648 2016 ῥῆμά
2685 1945 2855 2011 ἐστιν,
2887 1945 3078 1998 οὐσίαν
3109 1946 3286 1998 εἰπεῖν
3318 1945 3532 2000 καὶτὸν
3557 1946 3711 2014 Υἰδν,
3740 1947 3840 2017 τὴν

2253 2031 2521 2104 διαφορὰν
2550 2033 2647 2088 τοῦ
2684 2051 2746 2088 τε
2797 2034 2921 2090 καθ’
2953 2036 3147 2090 ἑαυτὸν
3195 2037 3544 2108 ἀνυπάρκτου
3592 2037 3693 2091 καὶ
3742 2036 3839 2092 τοῦ

2255 2119 2592 2192 ὑπάρχοντος
2627 2122 2705 2194 τῷ
2751 2124 2852 2195 τῆς
2903 2125 3092 2191 οὐσίας
3141 2126 3366 2198 ὀνόματι
3416 2128 3838 2194 ἐπιδεικνύντες.

2255 2208 2331 2264 Τὸ
2364 2212 2464 2282 μὲν
2505 2211 2617 2286 γὰρ
2642 2214 2794 2286 ῥῆμα
2829 2215 2951 2270 καθ’
2982 2218 3146 2272 ἑαυτὸ
3185 2218 3530 2293 ἀνύπαρκτόν
3559 2221 3677 2274 ἐστι
3695 2235 3715 2251 ·
3742 2221 3842 2276 καὶ

2255 2303 2316 2356 οὐ
2345 2303 2571 2358 δύναται
2613 2301 2756 2360 εἶναι
2787 2307 2916 2371 Υἱὸς
2959 2308 3116 2377 Θεοῦ,
3171 2311 3296 2364 ἐπεὶ
3338 2310 3521 2364 πολλοί
3564 2327 3626 2380 γε
3659 2310 3841 2377 οὕτως

2255 2392 2470 2451 ἔσονται
2511 2397 2620 2452 υἱοὶ
2656 2397 2814 2453 Θεοῦ.
2849 2399 3028 2454 Πολλὰ
3059 2399 3170 2474 γὰρ
3197 2403 3226 2456 6
3262 2402 3454 2475 Πατὴρ
3495 2401 3838 2473 ὁμολογεῖται

2254 2484 2432 2543 λαλῶν
2478 2487 2559 2560 τῷ
2607 2489 2744 2562 Υίῷ,
2773 2489 2903 2546 ὅταν
2944 2490 3110 2564 λέγῃο
3145 2492 3462 2562 Γενηθήτω
3509 2496 3838 2564 στερέωμα,

2258 2580 2311 2633 Γ
2309 2581 2707 2651 ενηθήτωαν
2721 2582 3037 2657 φωστῆρες
3054 2599 3071 2616 ⁶
3097 2583 3469 2658 Ἐξάγαφέτω
3486 2582 3524 2651 ἡ
3567 2581 3644 2652 τῆ
3664 2599 3682 2614 ·
3719 2587 3842 2640 καὶ·

2254 2667 2606 2738 Ποιήσωμεν
2660 2669 2996 2740 ἄνθρωπον.
3054 2671 3222 2726 Ὠστε
3271 2675 3302 2728 6
3352 2673 3542 2746 Πατὴρ
3593 2674 3674 2747 τῷ
3723 2676 3840 2748 Υιῷ

2254 2756 2424 2813 λαλεῖ.
2465 2761 2578 2814 Καὶ
2599 2762 2649 2815 οἱ
2681 2761 2779 2832 μὲν
2807 2761 2953 2832 λόγοι
2987 2762 3082 2817 τοῦ
3114 2762 3251 2818 Θεοῦ
3276 2762 3370 2828 οὓς
3394 2762 3545 2818 λαλεῖ
3579 2765 3657 2837 τῷ
3696 2766 3836 2838 Υίῷ,

2253 2849 2356 2902 οὐκ
2383 2850 2521 2904 εἰσὶν
2560 2851 2698 2906 υίοίο
2732 2853 2761 2906 ὁ
2792 2853 2850 2907 δὲ
2897 2853 3040 2921 Υἱὸς,
3071 2853 3209 2927 πρὸς
3248 2855 3308 2909 ὃν
3353 2854 3506 2911 λαλεῖ
3545 2858 3576 2912 6
3617 2858 3836 2931 Πατὴρν

2257 2941 2399 3010 μετὰ
2435 2941 2550 2996 τῶν
2582 2943 2758 2998 ἄλλων
2783 2944 3022 3008 εὐσεϐῶς
3058 2946 3299 3000 καλεῖται
3337 2947 3520 3019 ἄρτος,
3569 2948 3663 3002 καὶ
3695 2949 3837 3021 ζωὴ,

2255 3030 2348 3099 καὶ
2378 3031 2695 3099 ἀνάστασις,
2751 3033 2833 3088 ἔτι
2897 3035 2991 3088 καὶ
3024 3035 3196 3104 Λόγος
3251 3037 3600 3107 ὀνομάζεται·
3642 3038 3840 3108 ἐπειδὴ

555 3132 730 3189 ~Pater
765 3133 1081 3202 alloquitur.
1109 3129 1282 3187 Porro
1325 3131 1404 3185 illi
1453 3129 1556 3201 ipsi
1609 3144 1916 3195 sermones,
1952 3129 2152 3200 quibus

2262 3121 2532 3194 ἑρμηνεύς
2575 3125 2693 3178 ἐστι
2718 3124 2827 3180 τῶν
2850 3125 2945 3179 τοῦ
2984 3125 3120 3180 Θεοῦ
3164 3127 3536 3200 βουλημάτων.
3585 3129 3709 3182 Ἵνα
3766 3131 3840 3201 μὴ

567 3225 639 3280 ad
676 3224 887 3278 Filium
931 3223 1092 3278 Pater
1125 3224 1316 3288 utitur,
1351 3221 1447 3276 filii
1502 3237 1611 3277 non
1663 3229 1815 3278 sunt.
1871 3222 1942 3277 At
1965 3221 2154 3290 Filius,

569 3328 734 3384 quem
763 3311 927 3366 Pater
960 3311 1278 3382 alloquitur,
1304 3312 1448 3367 inter
1467 3318 1698 3366 caeteras
1734 3307 2155 3380 appellationes,

557 3406 752 3476 .panis,
795 3405 931 3472 vita,
964 3404 1298 3462 resurrectio
1347 3418 1411 3458 ac
1436 3402 1676 3473 denique
1699 3399 1940 3456 Verbum
1995 3400 2160 3456 etiam

565 3497 799 3563 dicitur,
826 3512 893 3554 eo
912 3497 1060 3568 quod
1089 3496 1184 3553 Dei
1218 3496 1292 3552 sit
1336 3494 1640 3551 voluntatis
1679 3493 2164 3566 interprets“

563 3588 844 3656 Quocirca
868 3602 937 3642 ne
960 3585 1201 3642 haeretici
1238 3585 1556 3642 rudioribus
1579 3583 1928 3654 imponentes
1962 3580 2162 3638 Filium

568 3677 717 3733 idem
749 3691 873 3732 esse
901 3690 1026 3731 cum
1067 3676 1154 3731 bis
1177 3676 1380 3741 verbis,
1412 3689 1534 3744 qua
1581 3672 1746 3729 Pater
1789 3673 2007 3729 locutus
2034 3679 2120 3728 est
2143 3712 2162 3741 ,

572 3774 884 3832 censerent,
910 3765 979 3820 ad
998 3764 1094 3822 Dei
1128 3763 1246 3819 Filii
1277 3764 1665 3820 declarandum
1713 3763 1782 3819 ab
1819 3763 1973 3819 hisee
2002 3777 2164 3818 voca-

569 3858 741 3922 bulis,
771 3872 894 3927 qua:
916 3857 1132 3912 locutus
1152 3863 1239 3912 est
1261 3856 1443 3921 Pater,
1462 3856 1783 3920 discrimen,
1805 3853 2004 3911 Filium
2031 3855 2165 3912 sub-

577 3949 839 4004 stantiam
871 3947 1134 4019 appellari
1166 3953 1420 4016 oportere
1444 3946 1843 4013 decreverunt;
1895 3952 2060 4016 atque
2087 3945 2164 4000 ita

577 4040 878 4096 discrimen
907 4037 1042 4094 illud
1072 4039 1508 4103 constituerunt,
1542 4047 1603 4093 ut
1645 4044 1700 4093 et
1752 4036 1894 4093 Deus
1919 4036 1991 4092 sit
2017 4035 2166 4092 exsi-

579 4140 756 4195 stens,
785 4139 840 4186 et
869 4131 1037 4187 verba
1089 4131 1182 4185 illa
1209 4144 1332 4201 quae
1363 4128 1744 4200 pronuntiavit
1793 4128 1961 4192 Deus,
1990 4127 2164 4183 exsti~

579 4226 719 4280 tisse
757 4223 1034 4287 dicantur,
1060 4221 1165 4278 sed
1212 4236 1558 4293 nequaquam
1592 4220 1934 4284 substantiae,
1971 4233 2165 4274 verum

575 4312 972 4386 pronuntiandi
989 4311 1238 4368 actiones
1257 4326 1382 4368 esse
1398 4319 1752 4368 censeantur:
1776 4317 1832 4364 at
1855 4307 2026 4364 Filius
2038 4321 2166 4362 cum

577 4404 819 4460 Verbum
847 4405 944 4471 sit,
975 4421 1085 4462 non
1125 4405 1271 4460 actio
1301 4403 1551 4474 quaedam
1603 4401 1883 4473 loquendi,
1932 4399 2050 4466 sed,
2078 4408 2166 4455 ut-

2259 3212 2377 3279 οὖν,
2420 3215 2740 3281 ἀπατῶντες
2758 3221 2884 3282 τοὺς
2914 3218 3348 3292 ἁπλουστέρους,
3373 3222 3463 3276 τὸν
3489 3221 3616 3274 Υίὺν
3639 3222 3844 3276 ταυτὸν

2259 3303 2491 3374 λέγωσιν
2551 3308 2604 3360 οἱ
2655 3309 2919 3380 αίρετικοὶ
2978 3313 3090 3374 τοῖς
3138 3311 3318 3380 λόγοις
3376 3316 3488 3377 τοῖς
3535 3313 3689 3384 παρὰ
3749 3314 3844 3367 τοῦ

2260 3393 2396 3448 Θεοῦ
2429 3395 2797 3468 λαλουμένοις,
2833 3399 2893 3452 τὸ
2919 3400 3174 3472 διάφορον
3197 3403 3292 3457 τοῦ
3320 3402 3449 3456 Υίοῦ
3473 3403 3570 3457 τοῦ
3602 3403 3745 3458 Θεοῦ
3768 3405 3846 3468 ὡς

2261 3483 2398 3556 πρὸς
2433 3485 2504 3539 τὰ
2529 3487 2753 3560 ῥήματα
2778 3487 2874 3542 τοῦ
2916 3488 3052 3544 Θεοῦ
3081 3490 3492 3556 ὑποδεικνύντες
3521 3493 3572 3546 oi
3594 3493 3847 3566 Πατέρες

2262 3574 2356 3629 τὸν
2389 3575 2540 3644 Υίὸν,
2595 3578 2760 3649 φημὶ,
2794 3579 2984 3634 οὐσίαν
3019 3580 3322 3636 ικάλεσαν·
3367 3581 3542 3648 οὕτως
3589 3583 3686 3654 τὴν
3718 3585 3846 3639 δια-

2264 3669 2436 3740 φορὰν
2474 3670 2868 3743 παριστῶντες,
2903 3673 2985 3727 ὅτι
3014 3673 3043 3722 6
3076 3673 3208 3738 Θεὸς
3239 3673 3314 3728 ὥν
3339 3673 3508 3740 ἐστιν,
3547 3674 3642 3728 καὶ
3674 3676 3732 3730 οἱ
3760 3676 3850 3728 λύε

2264 3776 2374 3830 τοι,
2422 3759 2520 3825 οὒς
2563 3761 2734 3827 λαλεῖ,
2779 3763 2932 3829 ὄντες
2955 3781 2968 3795 ·
3007 3764 3125 3820 ἀλλ’
3175 3765 3276 3819 οὐκ
3325 3766 3504 3820 οὐσίαι
3548 3764 3642 3820 τοῦ
3677 3765 3847 3833 Θεοῦ,

2263 3850 2516 3905 λεκτικαὶ
2560 3851 2619 3906 δὲ
2657 3852 2950 3924 ἐνέργειαι.
2995 3855 3056 3909 '0
3099 3855 3158 3910 δὲ
3210 3856 3338 3920 Υἱὸς
3382 3858 3554 3927 Λόγος
3583 3858 3682 3925 ὢν,
3721 3861 3848 3932 οὐχὶ

2267 3941 2519 4013 ἐνέργεια
2565 3942 2788 4016 λεκτική
2817 3946 2935 3999 ἐστι
2961 3946 3056 4002 τοῦ
3090 3947 3248 4014 Θεοῦ,
3277 3947 3392 4004 ἀλλ’
3423 3949 3552 4015 Υἱὸς
3585 3949 3659 4004 ὢν
3685 3953 3849 4007 οὐσία

2266 4034 2435 4088 ἐστίν.
2476 4034 2540 4088 Ei
2567 4033 2676 4106 7&9
2708 4036 2737 4090 6
2777 4036 2970 4109 Πατὴρ
3007 4035 3106 4104 ὣν,
3138 4040 3232 4093 καὶ
3258 4039 3386 4103 Υἱὸς
3413 4040 3521 4094 ὢν·
3561 4041 3637 4096 ὣν
3662 4041 3724 4095 δὲ
3754 4044 3848 4097 οῦ-

2267 4140 2376 4188 τως
2402 4125 2434 4177 6
2474 4124 2623 4189 Υίὺς,
2653 4125 2731 4190 ὡς
2757 4128 2822 4181 ὲκ
2867 4127 2960 4182 τοῦ
2991 4128 3128 4183 Θεοῦ
3157 4129 3295 4201 ἔχων
3327 4132 3565 4203 γνησίως
3595 4132 3658 4186 τὸ
3682 4129 3848 4200 εἶναι,

2268 4213 2442 4282 Λόγος
2490 4215 2815 4288 νοηθήσεται
2864 4219 2894 4271 6
2945 4217 3096 4286 Υἱὸς,
3142 4221 3242 4293 οὐχ
3273 4222 3349 4285 ὡς
3379 4223 3430 4277 oi
3465 4223 3636 4293 λόγοι,
3667 4226 3720 4278 oi
3765 4226 3853 4282 διὰ

2267 4305 2402 4360 Θεοῦ
2435 4305 2776 4380 λαλούμενοι.
2813 4311 3045 4367 Ἐκεῖνοι
3075 4312 3185 4384 γὰρ
3246 4313 3307 4368 τὸ
3347 4309 3488 4369 εἶναι
3531 4317 3590 4371 ὲν
3632 4317 3712 4388 τῷ
3759 4318 3854 4372 λα-

2266 4395 2449 4450 λοῦντι
2480 4397 2728 4469 ἔχουσιν
2757 4401 2788 4454 ὁ
2822 4401 2879 4456 δὲ
2906 4402 2967 4456 τὸ
3000 4397 3142 4459 εἶναι
3173 4403 3250 4477 τῷ
3279 4406 3345 4460 ὲκ
3373 4405 3472 4460 τοῦ
3508 4408 3724 4478 Πατρὺς
3762 4427 3853 4478 γε·

577 4506 705 4568 pote
735 4495 930 4560 Filius,
962 4495 1272 4552 substantia
1298 4494 1402 4550 sit.
1438 4492 1576 4548 Nam
1600 4493 1648 4548 si
1679 4491 1842 4548 Pater
1859 4503 1987 4546 esse
2013 4489 2158 4545 dica-

2273 4487 2586 4558 γεννῆσθαι,
2621 4489 2717 4544 καὶ
2743 4491 2962 4547 ἀκούειν
3005 4493 3098 4548 τοῦ
3141 4495 3374 4568 Πατρὸς,
3418 4497 3512 4550 καὶ
3559 4498 3851 4570 ὑπουργεῖν

582 4598 694 4654 tur,
721 4597 774 4645 et
804 4604 928 4645 esse
953 4587 1180 4658 perinde
1236 4584 1446 4652 Filius;
1497 4601 1622 4641 esse
1667 4599 1797 4640 vero
1839 4592 2100 4651 tanquam
2134 4596 2166 4634 a

581 4679 694 4736 Deo
733 4679 954 4750 proprie
987 4693 1051 4733 ac
1079 4692 1338 4749 germane
1367 4685 1429 4732 ut
1473 4677 1548 4731 sit
1591 4676 1891 4746 accipiens,
1925 4672 2167 4727 Verbum

2272 4577 2354 4649 τῷ
2396 4581 2574 4652 Πατρὶ
2613 4582 2746 4653 ἔχει.
2801 4585 3017 4658 Ταύτην
3058 4584 3151 4644 οὖν
3197 4589 3297 4661 τὴν
3329 4590 3629 4647 ὑπόστασιν
3665 4592 3852 4648 οὐσίαν

2275 4668 2541 4724 ἐκάλεσαν
2573 4673 2624 4725 οἱ
2657 4675 2800 4728 Πατέ
2807 4693 2917 4747 ρες.

581 4774 757 4832 Filius
785 4791 932 4842 esse,
970 4790 1077 4829 non
1111 4781 1173 4828 ut
1199 4782 1396 4828 czelera
1442 4787 1564 4842 quae
1593 4786 1622 4825 a
1674 4771 1786 4827 Deo
1817 4768 2168 4841 pronuntiata
2201 4774 2350 4830 sunt,
2381 4766 2724 4839 intelligitur.
2757 4769 2883 4828 Haec
2907 4774 3050 4828 enim
3078 4775 3133 4829 in
3161 4790 3228 4830 eo
3276 4776 3371 4846 qui
3427 4775 3673 4848 loquitur
3723 4794 3850 4838 esse

585 4872 717 4926 illud
739 4887 898 4928 suum
930 4870 1157 4935 habent,
1190 4867 1324 4923 illud
1353 4882 1484 4922 vero
1510 4867 1564 4921 in
1586 4882 1652 4923 eo
1685 4882 1808 4923 esse
1859 4879 2020 4921 suum
2075 4860 2314 4932 positum
2371 4860 2552 4923 habet,
2611 4866 2754 4934 quod
2813 4882 2845 4920 a
2908 4865 3072 4924 Patre
3119 4871 3339 4940 genitus
3390 4870 3496 4936 sit;
3563 4881 3617 4926 et
3676 4871 3850 4927 eidem

588 4962 858 5016 auscultet
925 4975 991 5018 ac
1053 4960 1348 5016 ministret.
1401 4957 1555 5014 Hanc
1609 4959 1775 5031 igitur
1826 4954 2150 5030 hypostasin
2222 4949 2410 5007 Patres
2457 4956 2818 5012 substantiam
2857 4968 3142 5014 vocarunt.

647 5053 783 5108 Xlll.
810 5053 1170 5123 Quapropter
1198 5051 1396 5121 Filium
1428 5051 1578 5105 Patri
1625 5045 1858 5105 similem
1909 5052 1963 5104 in
1991 5046 2170 5112 enmi-

576 5149 679 5202 bus
712 5145 1084 5215 intelligimus,
1117 5152 1172 5200 et
1199 5144 1395 5200 barresi
1427 5143 1504 5197 illi
1537 5156 1660 5213 quae
1689 5143 1952 5198 adversus
1976 5141 2175 5197 Eccle—

575 5301 737 5371 mulze
768 5297 1114 5371 subscribere
1145 5299 1217 5371 ab
1260 5299 1588 5371 imperatore
1608 5307 1846 5371 coactus
1881 5306 1987 5362 est,
2015 5314 2154 5369 .qua:

574 5370 770 5426 Filium
805 5384 900 5440 per
930 5369 1111 5421 omnia
1145 5368 1321 5440 Patris
1340 5368 1470 5424 esse
1499 5369 1730 5423 similem
1754 5368 2060 5440 asserebat,
2098 5376 2155 5422 ut

573 5457 638 5498 ex
691 5459 747 5496 ιι.
798 5439 870 5492 22
916 5439 1210 5504 constabit,
1249 5440 1510 5508 adiquem
1558 5439 1841 5502 nonnulla,
1876 5454 1999 5508 quae
2048 5440 2155 5493 huc

576 5512 870 5582 pertinent,
912 5508 1283 5582 conferemus.
1323 5506 1506 5582 Vides,
1549 5510 1736 5582 lector,
1793 5506 1982 5578 qua—nti
2039 5524 2156 5582 mo-

578 5577 740 5638 menti
773 5595 882 5650 res,
918 5588 1029 5634 tam
1062 5577 1167 5635 levi
1195 5594 1262 5635 ex
1300 5578 1684 5634 observatione
1713 5577 2008 5636 consecuta
2059 5579 2155 5645 sit,

649 5761 664 5792 ²
703 5764 870 5821 Exod.
912 5778 996 5828 ιιι,
1031 5763 1117 5818 14.

2352 5043 2449 5102 ll".
2497 5047 2718 5118 Ὅμοιον
2749 5044 2842 5102 οὖν
2869 5049 3098 5121 νοοῦμεν
3115 5053 3208 5104 τὸν
3230 5051 3358 5106 Υίδν
3385 5052 3465 5122 τῷ
3490 5053 3694 5124 Πατρὶ,
3717 5055 3851 5109 κατὰ

2285 5143 2462 5196 πάντα
2520 5142 2817 5224 μαχόμενοι
2861 5143 2954 5195 καὶ
3006 5143 3140 5214 πρὸς
3187 5143 3287 5214 τὴν
3343 5143 3439 5197 νῦν
3489 5145 3852 5218 ὲπιφυομένην

2264 5309 2322 5372 ut
2381 5298 2774 5372 haereticorum
2814 5297 3152 5372 disputatio,
3200 5314 3325 5372 quae
3379 5313 3659 5372 perperam
3712 5300 3848 5372 Epi~

2263 5371 2450 5440 phanii
2482 5385 2603 5424 sese
2633 5367 2954 5440 nominent
3004 5369 3330 5440 auctoritate
3359 5367 3689 5431 venditabat,
3717 5367 3836 5425 tan-

2262 5438 2387 5494 dcm
2432 5440 2596 5509 longo
2643 5438 2926 5509 intervallo
2957 5439 3198 5509 cognita,
3253 5453 3317 5492 ac
3364 5439 3481 5494 suis
3527 5441 3839 5495 anetoribus

2265 5507 2541 5575 reddita,‘
2576 5507 2758 5563 fucum
2817 5507 3111 5563 lectoribus
3173 5508 3353 5565 facere
3406 5510 3546 5565 tanti
3606 5510 3841 5566 nominis

2264 5580 2445 5650 specie
2486 5595 2551 5634 ac
2587 5579 2938 5636 simulatione
2971 5578 3215 5634 desierit.

1197 5764 1215 5793 ³
1253 5759 1455 5830 Εριιεε.
1500 5775 1579 5825 ιιι,
1613 5758 1699 5814 15.
1777 5757 1979 5814 ’Joan.
2011 5773 2049 5826 ι,
2087 5759 2137 5814 l.

2266 5756 2402 5814 Gen.
2437 5774 2478 5823 ι,
2502 5758 2556 5822 6,
2580 5758 2671 5824 14,
2705 5756 2790 5811 Η.
2821 5805 2831 5814 .
2869 5757 2891 5790 ⁸
2921 5756 3051 5812 ibid.
3085 5755 3174 5810 26.
