3988 6400
203 269 299 325 i5")

801 269 1174 328 ADVERSUS
1213 266 1557 324 ιιΑξιιΕδΕΞ
1599 267 1727 322 LIB.
1768 268 1859 323 lll.
1901 267 2066 325 ΤΟΜ.
2109 266 2148 321 ι.
2174 299 2242 308 —-
2283 267 2556 322 inlimis.
2602 267 2834 322 LXXIII.

3366 269 3470 327 £30

197 386 408 453 αἵρεσιν
461 385 783 458 Ἐκκλησία.
824 385 888 439 Ἦ
935 390 1044 457 γὰρ
1079 385 1176 440 νῦν
1222 386 1432 458 αἵρεσις
1487 384 1631 439 κατά
1685 385 1785 455 μὲν

1900 385 2027 441 siam
2059 400 2232 455 nuper
2270 385 2635 449 estexeitata,
2684 383 3021 440 resistimus.
3069 380 3202 448 Quae
3248 382 3470 452 quidem

201 475 455 545 βούλησιν
474 477 572 530 καὶ⁵
599 477 702 548 τὴν
730 477 1011 549 ἐνέργειαν
1039 478 1405 546 ἀποφαίνεται
1431 473 1571 532 εἶναι
1600 478 1786 548 ὅμοιον

198 569 292 622 τὸν
322 569 449 622 Υίὸν
482 569 563 640 τῷ
589 569 764 642 Πατρί
783 587 798 600 ⁸
841 569 987 624 κατά
1011 569 1068 622 δὲ
1091 569 1152 623 τὸ
1185 572 1201 600 ⁸
1233 569 1488 641 ἀνόμοιον
1527 565 1664 624 εἶναι
1696 568 1789 622 τὸν

201 662 333 714 Υίὸν
360 659 440 732 τῷ
471 661 682 732 Πατρί⁶
714 661 792 722 ὡς
818 661 1324 724 κατασκευάζεσθαι
1363 661 1516 732 παρά
1555 661 1664 714 τῶν
1694 660 1789 714 νῦν

199 753 406 808 καινῶν
433 755 746 826 αίρετικῶν,
777 756 858 809 ὅτι
883 757 916 826 ή
959 755 1058 826 μὲν
1101 754 1354 826 βούλησις
1387 754 1482 807 τοῦ
1511 755 1666 818 Υἱοῦ,
1695 756 1790 808 καὶ

200 847 236 914 ἡ
261 845 516 915 ἐνέργεια
537 845 630 900 τοῦ
654 845 807 909 Υίοῦ,
848 847 1009 916 ὁμοία
1037 848 1104 917 τῇ
1141 845 1392 916 βουλήσει
1427 845 1520 898 τοῦ
1552 844 1787 915 Πατρὸς,

201 939 293 991 καὶ
323 941 391 1010 τῇ
427 939 681 1014 ἐνεργείᾳ
711 938 805 992 τοῦ
834 939 1048 1010 Πατρός
1071 956 1085 970 ο
1137 938 1299 1001 αὑτὸς
1335 939 1394 990 δὲ
1439 939 1469 992 ὁ
1526 937 1653 1001 Υἱὸς
1695 939 1791 992 ἀν-

199 1027 389 1099 όμοιος
433 1029 513 1098 τῷ
551 1029 758 1107 Πατρί.
804 1030 914 1083 Καὶ
951 1030 1040 1084 διὰ
1069 1029 1230 1083 τοῦτο
1258 1029 1356 1101 τὴν
1403 1031 1500 1100 μὲν
1535 1028 1790 1099 βούλησιν

204 1117 300 1172 τοῦ
349 1117 482 1171 Υἱοῦ
521 1119 618 1173 καὶ
644 1119 743 1191 τὴν
782 1120 1065 1190 ἐνέργειαν
1114 1119 1393 1190 βούλονται
1428 1116 1567 1174 εἶναι
1597 1121 1790 1191 ὁμοίαν

206 1213 269 1281 τῇ
319 1209 573 1282 βουλήσει
618 1211 714 1266 τοῦ
754 1212 968 1286 Πατρδς
1018 1212 1120 1266 καὶ
1155 1215 1225 1284 τῇ
1274 1212 1560 1285 ἐνεργείᾳ·
1610 1213 1704 1266 τὸν
1734 1213 1792 1268 δὲ

207 1302 337 1355 Υίὺν
382 1303 446 1356 οὑ
484 1303 762 1374 βούλονται
806 1305 994 1375 ὅμοιον
1040 1299 1182 1358 εἶναι
1227 1304 1308 1376 τῷ
1349 1305 1557 1377 Πατρί·
1605 1304 1793 1376 ἐπειδὴ

199 1393 640 1450 διασεόαιοῦνται
681 1397 754 1468 μὴ
799 1392 939 1450 εῖναι
979 1397 1045 1450 ὲκ
1084 1395 1180 1450 τοῦ
1226 1397 1362 1450 Θεοῦ
1392 1398 1790 1469 γεγεννημένον

198 1488 296 1540 τὸν
330 1488 482 1555 Υίδν,
515 1489 651 1544 ἀλλὰ
683 1491 843 1560 μόνον
867 1490 1074 1562 κτίσμα
1096 1487 1236 1544 εἶναι
1268 1491 1453 1556 αὑτὸν,
1486 1491 1580 1545 καὶ
1603 1491 1792 1545 τοῦτον

197 1578 487 1652 διαφέρειν
531 1580 641 1635 τῶν
691 1580 892 1635 λοιπῶν
931 1583 1269 1654 κτισμάτων,
1304 1584 1388 1637 ὅτι
1431 1600 1491 1637 τε
1535 1583 1793 1655 ὑπερέχει

203 1669 456 1739 μεγέθει,
491 1671 586 1724 καὶ
623 1672 705 1740 ὅτι
750 1673 964 1743 πρῶτος
997 1674 1106 1727 τῶν
1136 1675 1394 1730 ἁπάντων
1429 1675 1662 1746 ὑπέστη,
1697 1675 1792 1729 καὶ

1891 477 2117 532 haeresis
2142 477 2422 532 voluntate
2460 485 2514 532 et
2540 476 2757 532 actione
2803 476 2920 532 sola
2949 473 3132 531 Patris
3162 473 3360 529 Filium
3393 476 3472 531 si-

1889 569 2072 624 milem
2105 583 2229 624 esse
2257 568 2612 639 pronuntiat;
2649 569 2886 624 essentia
2914 582 3044 622 vero
3081 566 3302 623 eosdem
3331 566 3476 623 inter

1889 674 1952 716 se
1989 674 2115 715 esse
2142 659 2442 715 dissimiles
2477 678 2490 714 :
2525 659 2663 714 adeo
2704 667 2766 714 ut
2807 675 2874 714 ex
2926 658 3230 714 recentium
3275 657 3471 712 borum

1890 752 2272 809 haareticorum
2291 752 2513 808 decreto
2549 749 2674 806 Filii
2695 752 2970 816 voluntas,
2999 761 3052 806 et
3085 751 3250 814 actio,
3281 751 3475 804 volun—

1890 845 1990 898 tati
2021 846 2094 900 sit
2127 844 2308 900 Patris
2338 844 2653 915 actionique
2674 843 2873 900 similis
2919 861 2932 898 :
2963 841 3334 898 Filiustamen
3359 843 3476 912 ipse
3558 845 3576 854 ‘

1889 936 2075 994 Patris
2104 937 2178 994 sit
2211 937 2520 993 dissimilis.
2554 935 2857 1006 Propterea
2888 949 3020 990 vero
3049 933 3175 988 Filii
3221 935 3475 989 volunta-

1891 1037 2100 1094 tem,et
2130 1030 2402 1086 actionem
2452 1037 2696 1100 paternae
2748 1028 3071 1090 voluntatis,
3132 1033 3190 1082 et
3241 1026 3478 1080 actionis

1891 1123 2126 1178 similem
2156 1137 2278 1178 esse
2304 1122 2530 1186 volunt;
2572 1120 2769 1175 Filium
2823 1121 3005 1190 ipsum
3039 1117 3220 1174 Patris
3246 1133 3368 1173 esse
3400 1118 3478 1171 si-

1891 1216 2073 1271 milem
2099 1224 2335 1286 negant;
2364 1215 2510 1284 quod
2542 1212 2740 1268 Filium
2773 1228 2806 1268 a
2859 1213 3022 1267 Patre
3052 1211 3276 1269 minime
3322 1211 3473 1282 geni-

1892 1314 2030 1372 tum,
2065 1305 2164 1362 sed
2215 1314 2526 1361 creaturam
2581 1304 2848 1359 duntaxat
2892 1319 3015 1360 esse
3058 1304 3162 1359 sibi
3189 1318 3480 1373 persuase-

1892 1399 2044 1466 rint;
2069 1407 2233 1471 atque.
2260 1399 2314 1454 in
2348 1414 2414 1455 eo
2448 1413 2478 1452 a
2513 1398 2716 1454 creatis
2763 1399 2929 1452 rebus
2972 1397 3184 1452 distare
3237 1395 3476 1461 caeteris,

1891 1489 2040 1560 quod
2073 1499 2128 1546 et
2159 1489 2537 1559 magnitudine
2569 1488 2871 1554 antecellit,
2901 1496 2955 1542 et
3007 1494 3134 1542 ante
3171 1487 3356 1542 omnia
3381 1502 3480 1544 ex-

1893 1583 2054 1647 stitit,
2085 1591 2141 1638 et
2198 1581 2390 1638 eodem
2442 1583 2590 1638 velut
2651 1580 2982 1636 administro
3030 1580 3371 1651 reliquorum
3409 1578 3480 1634 ad

1894 1672 2310 1744 productionem
2334 1689 2470 1729 usus
2491 1683 2575 1728 est
2599 1671 2766 1728 Dens.
2798 1671 3287 1746 Quandoquidem,
3320 1671 3480 1726 aiunt

200 1761 288 1813 ὅτι
314 1761 572 1832 ὑπουργῷ
617 1763 767 1834 αὑτῷ
794 1765 1064 1835 ἐχρήσατο
1093 1766 1171 1828 εἰς
1198 1766 1298 1838 τὴν
1330 1765 1440 1820 τῶν
1468 1765 1670 1818 λοιπῶν
1698 1765 1791 1837 δη-

1900 1765 2162 1831 hzeretici,
2192 1776 2388 1820 czetera
2415 1764 2561 1820 Deus
2579 1781 2674 1835 per
2690 1763 2890 1819 Filium
2911 1764 3243 1834 procreavit,
3266 1763 3479 1833 ipsum—

205 1853 505 1924 μιουργίαν
549 1857 577 1908 ὁ
616 1855 768 1920 Θεὸς.
814 1857 1055 1928 Ἐπειδὴ,
1089 1859 1254 1928 φασὶν
1295 1859 1346 1912 oi
1393 1859 1679 1931 αἱρετικοὶ,
1722 1857 1791 1911 τὰ

207 1945 313 2006 μὲν
342 1944 475 1998 ἄλλα
499 1945 566 1998 δι’
595 1947 727 2000 Υίοῦ
759 1949 788 2000 ὁ
811 1947 942 2012 Θεὸς
971 1949 1166 2011 ἐποίει,
1199 1949 1363 2002 αὑτὸν
1404 1949 1459 2002 δὲ
1499 1949 1559 2001 οὑ
1594 1949 1682 2002 διά
1707 1965 1791 2000 τι-

207 2054 319 2101 νος,
358 2037 472 2090 ἀλλ’
507 2038 669 2102 αὐτὸς
710 2039 872 2093 αὑτὸν
911 2040 1276 2112 αὑτούργησε,
1326 2041 1418 2094 καὶ
1451 2041 1792 2110 ὑπερέχοντα

207 2127 434 2196 μεγέθει
481 2128 576 2182 καὶ
620 2128 848 2199 δυνάμει
891 2131 1149 2185 ἁπάντων
1202 2133 1446 2203 ἐποίησε.
1496 2133 1595 2186 Διά
1632 2133 1794 2186 τοῦτο

205 2219 376 2271 αὑτὸν
403 2219 631 2272 ἐκάλεσε
664 2222 926 2292 μονογενῆ
958 2222 1108 2276 Υἱόν.

281 2311 380 2366 1Δ’.
413 2315 601 2385 Ἡμεῖς
629 2313 684 2366 δὲ
705 2316 751 2366 οί
773 2315 872 2384 τῆς
897 2315 1189 2388 καθολικῆς
1224 2317 1549 2388 Ἐκκλησίας
1587 2318 1651 2370 ἐκ
1683 2316 1793 2369 τῶν

205 2404 371 2457 θείων
387 2405 617 2476 Γραφῶν
632 2404 730 2476 τὴν
744 2407 1030 2476 ὁμολογίαν
1041 2408 1140 2478 τῆς
1152 2409 1388 2472 πίστεως
1401 2409 1795 2480 παρειληφότες

201 2499 383 2564 οὕτως
412 2499 628 2570 ἔχομεν,
663 2500 743 2552 ὅτι
763 2501 790 2553 6
813 2499 1000 2570 Πατὴρ
1027 2502 1214 2571 ὁμοίου
1255 2503 1402 2556 ἐστὶν
1443 2503 1636 2556 ἑαυτοῦ
1662 2500 1794 2556 Υἱοῦ

207 2589 424 2661 Πατὴρ,
455 2591 599 2645 καὶὸ
628 2589 752 2653 Υἱὸς
773 2591 953 2661 ὅμοιός
976 2593 1091 2645 ἐστι
1115 2592 1207 2646 τοῦ
1235 2595 1468 2665 Πατρὸς,
1499 2595 1558 2660 ἐξ
1588 2589 1648 2648 οὗ
1679 2595 1795 2650 Πα-

203 2683 340 2754 τρὸς
368 2685 566 2736 νοεῖται
606 2683 750 2746 Υἱός.
805 2683 975 2738 Τοῦτο
1000 2684 1156 2755 ἡμῶν
1198 2689 1721 2759 προσδιοριζομένων
1750 2690 1794 2753 ‘,

207 2775 306 2826 καὶ
348 2771 520 2834 οὑτως
572 2770 976 2842 καθαιρούντων
1012 2773 1032 2803 ³
1062 2772 1154 2826 τὸν
1184 2773 1332 2836 νοῦν,
1372 2775 1448 2838 ὡς
1479 2775 1616 2846 πρὸς
1669 2775 1798 2837 τοὺς

206 2864 535 2928 Σαϐελλίους
590 2865 842 2928 καὶτοὺς
882 2864 1121 2930 λοιποὺς,
1165 2867 1245 2920 ὅτι
1289 2865 1411 2920 οὔτε
1466 2868 1494 2919 ὁ
1534 2867 1660 2930 Υἱὸς
1710 2865 1800 2920 δύ-

207 2975 371 3010 ναται
426 2952 564 3009 εἶναι
625 2957 851 3028 Πατὴρ,
908 2954 1085 3010 οὖτεὸ
1127 2957 1317 3028 Πατὴρ
1381 2956 1603 3010 δύναται
1659 2952 1799 3010 εἶναι

209 3049 372 3111 Υἱός·
413 3047 527 3102 ἀλλ’
563 3050 592 3100 ὁ
624 3047 750 3110 Υἱὸς
800 3047 946 3112 Υἱὸς,
995 3046 1087 3100 καὶ
1139 3049 1168 3100 ὁ
1207 3047 1398 3118 Πατὴρ
1435 3048 1646 3118 Πατὴρ,
1704 3048 1800 3100 καὶ

206 3143 309 3211 οὐχ
352 3140 497 3202 Υἱός.
555 3140 644 3192 Ἐν
685 3139 891 3204 τούτοις
925 3140 1032 3211 γάρ
1052 3143 1198 3194 ἐστιν
1217 3142 1250 3210 ὴ
1274 3138 1528 3209 ἀκρίϐεια
1557 3141 1657 3210 τῆς
1687 3139 1798 3214 τῷν

210 3231 522 3304 προσώπων
577 3231 922 3299 ἐπιγνώσεως
947 3271 961 3292 ,
1019 3232 1097 3304 τῷ
1155 3232 1244 3286 τὸν
1304 3231 1524 3302 Πατέρα
1578 3230 1798 3302 Πατέρα

208 3326 302 3378 ἀεὶ
365 3324 493 3374 ὅντα
537 3321 780 3394 ἀσαρκον
841 3322 939 3394 μὲν
980 3317 1120 3376 εἶναι
1158 3324 1253 3375 καὶ
1291 3321 1576 3386 ἀθάνατον,
1613 3321 1706 3374 τὸν
1741 3320 1799 3373 δὲ

208 3413 344 3464 Υίὺν
372 3411 497 3464 Υἰδν
531 3411 660 3480 ὄντα
682 3413 788 3475 ἀεὶ,
820 3412 914 3466 καὶ
948 3411 1199 3466 οὐδέποτε
1237 3411 1367 3466 ὄντα
1401 3411 1639 3482 Πατέρα.
1679 3411 1798 3465 Ἀεὶ

206 3506 264 3557 δὲ
306 3504 574 3572 λεγόντων
605 3503 626 3535 ⁸
656 3503 744 3557 διὰ
785 3505 846 3557 τὸ
873 3505 1102 3574 ἄχρονον
1155 3504 1249 3558 καὶ
1284 3503 1666 3573 ἀκατάληπτον
1700 3503 1800 3573 τῆς

209 3596 567 3660 ὑποστάσεως
623 3595 803 3667 σάρκα
851 3595 1200 3666 ἀνειληφέναι
1243 3595 1385 3649 κατὰ
1421 3593 1674 3665 βούλησιν
1703 3593 1797 3648 τοῦ

209 3689 450 3759 Πατρδς,
482 3687 577 3740 καὶ
610 3686 838 3741 θάνατον
868 3687 1008 3758 ὑπὲρ
1037 3687 1195 3758 ἡμῶν
1227 3686 1546 3754 ὑποστῆναι.
1577 3683 1796 3738 Τούτων

206 3778 699 3851 διευκρινημένων,
734 3779 784 3831 oi
836 3777 1140 3848 θαυμαστοὶ
1181 3778 1230 3832 οἱ
1263 3776 1557 3849 τῇαίρέσει
1581 3793 1799 3847 συμμα-

207 3872 440 3943 χοῦντες
489 3871 583 3925 δύο
638 3868 1168 3942 πραγματεύσασθαι
1207 3868 1568 3922 σπεύδουσινο
1604 3867 1662 3921 ἒν
1699 3868 1798 3938 μὲν
1841 3887 1848 3896 ·

208 3964 274 4016 τδ
307 3962 502 4033 μηκέτι
529 3961 710 4030 λέγειν
751 3959 972 4032 Πατέρα
1005 3959 1099 4013 καὶ
1122 3958 1270 4028 “by,
1300 3957 1467 4021 ἀλλὰ,
1503 3957 1798 4026 ἀγέννητον

211 4054 316 4109 καὶ
345 4053 600 4123 γεννητόν
620 4067 632 4079 ·
655 4052 750 4105 καὶ
783 4050 872 4104 διὰ
914 4049 1074 4103 τοῦτο
1119 4050 1360 4119 σόφισμα
1399 4047 1500 4118 τῆς
1534 4047 1800 4119 αἱρέσεως

111 4131 117 4135 ’
163 4129 175 4140 ’
213 4143 456 4212 οἰόμενοι
496 4139 810 4208 ἐπεισάγειν
845 4140 918 4210 τῇ
956 4136 1271 4208 Ἐκκλησία.
1307 4135 1565 4189 Συνίσασι
1597 4135 1708 4206 γάρ
1747 4136 1799 4188 οἱ

214 4235 378 4304 σοφοὶ
411 4233 478 4287 τά
522 4231 616 4287 τοῦ
658 4230 818 4297 Θεοῦ,
858 4231 940 4284 ὅτι
985 4228 1047 4281 τδ
1075 4227 1368 4299 ἀγέννητον
1406 4227 1628 4281 ἔλαττον
1658 4225 1799 4281 εἶναι

209 4328 312 4381 τοῦ
336 4322 564 4393 Πατρός
590 4324 873 4394 ὀνόματος.
903 4321 977 4374 Τδ
1008 4321 1117 4393 γὰρ
1141 4321 1458 4390 ἀγέννητον,
1489 4321 1569 4373 ὅτι
1597 4320 1626 4373 ὃ
1655 4320 1754 4392 μὲν
1775 4321 1798 4354 ⁸

205 4418 317 4471 οὑκ
348 4414 628 4486 ἐγεννήθη,
659 4413 1160 4484 νενόηται,οὑδέπω
1185 4412 1242 4466 δὲ
1268 4414 1317 4466 εί
1339 4413 1432 4467 καὶ
1461 4414 1654 4485 Πατήρ
1680 4415 1798 4469 ἐστι

209 4507 494 4580 σημαίνει.
539 4506 612 4560 Τὸ
666 4504 722 4558 δὲ
773 4503 978 4572 Πατὴρ
1027 4504 1189 4557 πλέον
1219 4505 1338 4559 ἐστὶ
1371 4504 1466 4558 τοῦ
1503 4507 1798 4578 ἀγεννήτου

208 4600 476 4670 ὀνόματος
496 4597 574 4652 ὃν.
619 4597 706 4649 Ἐν
755 4598 854 4667 μὲν
887 4596 995 4669 γὰρ
1042 4597 1119 4667 τῷ
1163 4598 1465 4668 ἀγεννήτῳ,
1511 4599 1674 4670 φημὶ,
1697 4599 1798 4652 οὑκ

209 4689 540 4759 ἐμφαίνεται
569 4690 602 4757 ἡ
632 4686 726 4739 τοῦ
759 4686 969 4757 Πατρδς
1004 4687 1232 4756 δύναμις
1251 4703 1264 4716 ·
1290 4689 1350 4740 ὲν
1377 4687 1433 4739 δὲ
1480 4687 1557 4757 τῷ
1592 4687 1798 4756 Πατὴρ

207 4782 440 4850 ὀνόματι
460 4778 596 4849 ὁμοῦ
621 4795 678 4830 τε
705 4777 976 4846 φαίνεται,
993 4778 1075 4829 ὅτι
1101 4778 1202 4830 οὐκ
1227 4777 1374 4830 ἐστιν
1391 4778 1518 4841 Υἱὸς
1539 4781 1568 4830 ὁ
1585 4778 1796 4852 Πατὴρ,

207 4874 342 4925 εἴτε
361 4871 565 4943 κυρίως
609 4873 809 4922 νοεῖται
853 4871 882 4921 ὁ
924 4869 1134 4940 Πατὴρ,
1175 4871 1270 4923 καὶ
1308 4869 1389 4922 ὅτι
1435 4869 1606 4933 αἴτιός
1649 4871 1800 4924 ἐστιν

207 4962 401 5032 ὁμοίου
449 4959 643 5014 ἑαυτοῦ
704 4959 856 5012 Υἱοῦ.
899 4960 994 5012 Ἓν
1038 4961 1136 5029 μὲν
1163 4959 1227 5030 δὴ
1255 4959 1431 5012 τοῦτο.
1466 4963 1690 5030 Ἕτερον
1716 4961 1795 5026 δὲ,

207 5056 297 5105 ὅτι
329 5050 631 5120 φθάσαντες
666 5051 914 5120 ἀνόμοιον
943 5051 1064 5104 κατ’
1091 5051 1280 5104 οὐσίαν
1311 5051 1518 5121 γράψαι
1549 5052 1639 5104 τὸν
1671 5052 1800 5104 Υίὸν

206 5146 292 5214 τῷ
322 5145 515 5214 Πατρί.
543 5144 754 5214 ’Ὠσπερ
782 5141 875 5196 οὖν
904 5143 1160 5214 ἐνόμισαν
1196 5144 1674 5214 καταψηφίζεσθαι
1699 5147 1798 5216 τὴν

220 5236 550 5307 Ἐκκλησίαν
591 5237 658 5290 δι’
708 5230 784 5289 ὧν
838 5235 1115 5307 ἐθήρασαν
1173 5236 1324 5306 παρά
1364 5237 1456 5290 τοῦ
1516 5237 1795 5309 αἰδεσίμου

205 5331 512 5384 ἐπισκόπου
566 5331 741 5383 Ὀσίου
780 5329 1150 5402 γραμμάτων·
1213 5332 1269 5381 ὲν
1319 5325 1401 5392 οἷς
1459 5332 1685 5402 φέρεται
1732 5332 1793 5384 τὸ

203 5423 465 5492 ἀνόμοιον
519 5422 726 5477 οὑσίαν.
792 5421 1009 5491 Ἐπειδὴ
1069 5421 1124 5473 δὲ
1167 5422 1484 5486 ἀνελθόντες
1509 5425 1558 5474 οἱ
1602 5427 1665 5476 ἐκ
1693 5425 1796 5494 τῆς

283 5603 304 5634 ί
339 5601 400 5656 F.
437 5601 535 5673 τὴν
578 5600 795 5673 οὐσίαν.

283 5603 304 5634 ί
339 5601 400 5656 F.
437 5601 535 5673 τὴν
590 5601 795 5655 οὐσίαν.
922 5603 944 5633 ²
983 5620 1070 5672 no.
1108 5601 1623 5675 προδιορθουμένων.

201 5673 442 5733 avidam.
519 5675 540 5704 ⁸
575 5672 635 5726 F.
662 5672 830 5743 ὁμέν.

1739 5603 1760 5635 ³
1789 5603 1850 5658 F.
1883 5607 2280 5675 καθαιρόντων.

1893 1865 2004 1911 met
2033 1872 2162 1912 vero
2193 1856 2395 1914 Filium
2445 1872 2557 1912 non
2587 1856 2817 1912 alterius
2873 1855 3204 1922 interventu,
3259 1855 3354 1912 sed
3383 1871 3483 1928 per

1893 1947 2249 2018 semetipsum
2306 1947 2576 2012 condidit,
2619 1948 2999 2018 magnitudine
3052 1957 3106 2004 et
3139 1948 3342 2004 virtute
3370 1962 3508 2005 (ιε-ν

1895 2040 2029 2094 teris
2066 2047 2438 2108 praestantem.
2461 2039 2599 2096 llinc
2624 2039 2877 2096 eumdem
2907 2041 3252 2112 unigenitum
3279 2039 3480 2097 Filium

1893 2131 2202 2202 appellavit.

1965 2307 2108 2363 XIV.
2142 2307 2254 2366 Nos
2279 2323 2484 2376 autem,
2508 2311 2600 2382 qui
2626 2311 2681 2366 in
2715 2311 2986 2369 Ecclestaa-
3007 2312 3295 2369 catholica:
3325 2324 3482 2384 parte

1901 2416 2282 2468 numeramur,
2316 2417 2442 2457 cum
2475 2421 2506 2460 e
2548 2404 2853 2476 Scripturis
2901 2405 3077 2462 sacris
3113 2405 3236 2461 ﬁdei
3273 2407 3484 2476 profes-

1897 2493 2108 2550 sionem
2142 2494 2306 2565 861
2350 2496 2732 2563 hanserimns,
2776 2500 2858 2554 sic
2909 2500 3218 2556 habemus:
3265 2498 3482 2557 Patrem

1897 2586 1984 2640 sui
2009 2585 2210 2642 similis
2239 2602 2360 2644 esse
2376 2587 2500 2643 Filii
2526 2589 2766 2656 Patrem,
2795 2601 2850 2650 et
2873 2593 3070 2649 Filium
3094 2596 3328 2652 similem
3359 2614 3484 2654 esse

1899 2675 2101 2742 Patris,
2130 2693 2243 2749 quo
2279 2694 2345 2735 ex
2396 2680 2559 2738 Patre
2591 2681 2763 2738 Filius
2814 2686 3158 2760 intelligitur.
3207 2689 3346 2744 Tum
3382 2690 3485 2746 hoc

1901 2770 2128 2840 insuper
2157 2773 2474 2836 statuimus,
2501 2788 2675 2844 eoque
2699 2775 2951 2847 dogmate
2977 2789 3216 2836 mentem
3244 2782 3313 2836 ab
3335 2783 3483 2836 omni

1903 2857 2267 2916 Sabelliorum
2316 2877 2383 2918 ac
2423 2873 2746 2919 ceterorum
2782 2884 2973 2924 errore
3016 2887 3350 2940 purgamus;
3392 2889 3486 2928 ne-

1901 2967 2008 3021 que
2051 2951 2247 3008 Filium
2297 2953 2514 3011 Patrem
2579 2973 2701 3014 esse
2759 2974 2958 3028 posse,
3026 2977 3204 3032 neque
3269 2963 3485 3018 Patrem

1905 3041 2122 3112 Filium,
2159 3045 2257 3100 sed
2307 3043 2504 3101 Filium
2562 3063 2686 3104 esse
2735 3048 2970 3116 Filium,
3007 3060 3060 3107 et
3108 3053 3321 3108 Patrem
3363 3071 3486 3112 esse

1825 3107 1869 3165 ο
1903 3132 2148 3199 Patrem,
2193 3151 2303 3190 non
2358 3135 2576 3192 Filium.
2611 3138 2670 3193 In
2723 3140 2809 3196 his
2838 3107 3040 3213 quippe
3075 3153 3328 3199 accurata
3365 3163 3484 3217 per-

1902 3241 2165 3280 sonarum
2207 3228 2494 3284 distinctio
2539 3232 2885 3298 continetur,
2930 3242 2990 3287 ut
3026 3233 3240 3291 Patrem
3279 3240 3485 3308 sempi-

1903 3327 2119 3372 ternum
2169 3334 2292 3376 esse
2333 3319 2574 3386 Patrem,
2622 3333 2676 3378 et
2732 3327 2918 3380 carnis
2968 3337 3281 3396 expertem,
3323 3339 3485 3401 atque

1903 3409 2306 3478 immortalem;
2335 3411 2534 3467 Filium
2565 3430 2695 3468 vero
2726 3412 2919 3468 Filium
2952 3431 3075 3472 esse
3115 3433 3348 3488 semper,
3385 3438 3485 3476 nec

1903 3516 2144 3572 unquam
2174 3502 2390 3558 Patrem
2432 3518 2554 3558 esse
2590 3504 2940 3562 deliniatnus.
2974 3511 3148 3565 Porro
3187 3527 3312 3566 cutn
3347 3530 3486 3566 sem-

1901 3605 1995 3661 per
2019 3591 2274 3659 dieintus,
2325 3595 2428 3650 hoc
2469 3596 2648 3666 ipsum
2679 3598 2935 3656 volumus
2962 3619 2975 3655 :
3012 3601 3133 3670 ejus
3164 3603 3484 3675 hypostasin

1904 3691 2060 3740 extra
2115 3692 2330 3756 tempus
2366 3703 2529 3744 omne
2589 3697 2644 3744 et
2701 3690 3074 3763 intelligentia;
3119 3696 3486 3766 comprehen-

1903 3777 2115 3833 sionem
2148 3794 2299 3846 esse;
2347 3781 2444 3836 sed
2480 3782 2631 3837 illum
2665 3783 2900 3856 denique
2949 3801 3168 3844 carnem
3198 3788 3266 3843 de
3308 3788 3487 3846 Patris

1903 3869 2182 3925 voluntate
2211 3873 2537 3945 suscepisse,
2557 3890 2622 3931 ac
2649 3886 2878 3934 mortem
2909 3887 3097 3936 nostra
3126 3895 3292 3936 causa
3321 3884 3489 3938 susti-

1905 3962 2116 4016 nuisse.
2149 3962 2361 4029 Quibus
2399 3965 2544 4021 hunc
2583 3967 2638 4023 in
2685 3969 2908 4024 modum
2952 3971 3160 4042 liquido
3203 3974 3487 4042 stabilitis,

1903 4055 2106 4125 egregii
2157 4055 2232 4111 illi
2289 4061 2495 4115 erroris
2541 4063 2759 4131 patroni
2807 4063 2919 4118 duo
2969 4065 3224 4136 quzedam
3274 4067 3488 4123 eﬂieere

1903 4145 2172 4200 nituntttr.
2207 4147 2452 4204 Primum
2483 4160 2544 4206 ut
2591 4169 2659 4208 ne
2707 4153 2873 4210 Pater
2909 4157 3144 4228 amplius
3178 4173 3243 4214 ac
3289 4158 3487 4225 Filius,

1904 4235 2000 4290 sed
2057 4237 2333 4307 ingenitus
2398 4257 2464 4295 ac
2526 4244 2744 4312 genitus
2798 4245 3040 4301 dicatur.
3096 4248 3215 4315 Qua
3273 4251 3488 4307 ratione

1905 4321 2090 4378 fucum
2151 4341 2210 4381 se
2260 4326 2481 4394 facere,
2518 4338 2682 4401 atque
2731 4332 3036 4390 Ecclesiam
3086 4337 3488 4395 circumvenire

1829 4446 1874 4502 ι)
1906 4426 2099 4490 putant
2121 4434 2302 4489 posse.
2323 4419 2528 4476 Verum
2555 4425 2648 4494 qui
2673 4423 2982 4480 divinarum
3005 4443 3187 4482 rerum
3218 4431 3486 4500 sapientia

1908 4511 2134 4580 pollent,
2165 4528 2514 4584 nequaquam
2558 4514 2664 4570 hoc
2693 4517 2991 4585 ignorant:
3036 4519 3264 4590 ingeniti
3298 4535 3488 4576 vocem

1907 4600 2222 4656 inferiorem
2274 4617 2397 4657 esse
2445 4601 2629 4659 Patris
2686 4608 2940 4673 nomine,
2999 4617 3287 4680 propterea
3340 4612 3486 4682 quod

1906 4692 2135 4762 ingeniti
2165 4695 2315 4748 notio
2345 4711 2458 4765 pra:
2493 4714 2551 4752 se
2587 4697 2720 4752 illud
2754 4716 2922 4753 unum
2949 4700 3073 4765 l‘ert,
3109 4709 3168 4754 ιιι
3203 4718 3311 4756 non
3364 4718 3488 4758 esse

1905 4785 2125 4852 genitus
2169 4787 2540 4857 intelligatur,
2593 4790 2835 4844 nondum
2885 4798 3066 4845 tamen
3130 4792 3273 4846 sitne
3325 4792 3488 4847 Pater

1904 4875 2166 4928 declarat.
2221 4875 2291 4928 At
2360 4892 2490 4932 vero
2560 4878 2722 4933 Pater
2780 4880 3017 4949 amplius
3086 4881 3347 4951 quiddam
3405 4894 3490 4938 est

1904 4967 2131 5037 ingeniti
2183 4969 2474 5034 vocabulo,
2510 4973 2770 5040 quoniam
2823 4973 2877 5026 in
2925 4974 3050 5039 hoc,
3090 4973 3169 5027 uti
3221 4975 3357 5040 dixi,
3407 4976 3492 5030 vis

1905 5059 1996 5112 illa
2046 5057 2226 5114 Patris
2265 5075 2373 5114 non
2406 5063 2752 5130 exprimitur.
2789 5061 2897 5116 Sed
2954 5063 3008 5116 in
3043 5061 3224 5118 Patris
3267 5065 3494 5119 nomine

1904 5150 2036 5204 illud
2070 5167 2178 5205 una
2231 5152 2593 5223 signiﬁcatur,
2631 5152 2845 5208 Patrem
2883 5170 2990 5209 non
3025 5171 3149 5211 esse
3177 5154 3401 5221 Filium,
3442 5159 3491 5212 si

1904 5243 2125 5311 proprie
2153 5241 2312 5298 Pater
2354 5245 2718 5314 intelligatur,
2752 5260 2817 5301 ac
2850 5247 2934 5300 sui
2967 5247 3165 5302 similis
3212 5264 3336 5304 esse
3366 5246 3492 5300 Filii

1905 5337 2255 5404 principium.
2315 5337 2562 5389 Alterum
2612 5337 2759 5407 quod
2828 5338 3090 5409 perlicere
3159 5341 3494 5395 studuerunt

1907 5426 2044 5490 fuit,
2097 5436 2153 5480 ιιι
2209 5428 2529 5482 dissimilem
2585 5430 2822 5485 essentia
2879 5427 3077 5485 Filium
3135 5428 3316 5485 Patris
3369 5444 3493 5484 esse

2392 5612 2412 5644 ⁸
2444 5611 2502 5671 F.
2549 5612 2800 5685 λέγομεν,
2856 5615 2952 5670 sed
3006 5612 3256 5668 nonnihil
3291 5607 3487 5668 deesse
