3988 6408
606 392 704 449 431

2016 377 2075 435 S.
2133 373 2483 435 EPIPIIANII

3773 371 3875 432 632

609 509 830 581 scriptis
885 506 1223 561 mamlarent.
1270 503 1392 571 Quo
1441 501 1661 557 nomine
1712 498 2010 553 Ecclesiam
2047 512 2181 553 con-

2300 498 2586 569 ’Λνατολῆς
2631 497 2724 551 ἐπὶ
2756 497 2817 551 τὸ
2845 498 3093 571 Σίρμιον,
3136 496 3626 571 περισυνελέξαντο
3655 493 3752 549 καὶ
3780 510 3874 551 κα-

609 601 866 656 demnare
910 616 969 653 se
1014 614 1175 669 posse
1225 607 1485 667 putarunt
1549 593 1618 649 iis
1667 592 1895 658 litteris,
1937 604 2075 661 quas
2115 591 2185 645 ab

609 689 909 746 venerabili
950 689 1210 757 episcopo
1236 683 1368 741 Osio
1403 698 1498 755 per
1528 681 1776 738 framlem
1802 679 2183 746 abstulerunt;

610 782 663 836 in
699 781 897 852 quibus
948 778 1230 835 dissimilis
1266 774 1505 833 essentia
1551 773 1771 843 legitur.
1809 768 2011 825 Verum
2056 782 2184 822 cum

608 866 916 923 Orientales
949 866 1210 920 Sirmium
1243 862 1472 936 profecti
1510 861 1672 932 hujus
1700 875 1920 931 quoque
1956 858 2185 914 haeresis

610 957 1017 1027 improbitatem
1059 970 1167 1009 una
1211 969 1336 1008 cum
1388 953 1509 1009 aliis
1552 958 1739 1007 essent
1794 949 2085 1019 complexi,
2120 964 2190 1005 ne

609 1058 836 1119 propter
850 1062 965 1115 eos,
989 1046 1081 1117 qui
1106 1044 1438 1100 Orientalem
1468 1043 1589 1098 ﬁdei
1620 1042 2017 1114 professionem
2057 1055 2183 1111 per-

2292 588 2586 662 κούργημα
2631 591 2825 644 τούτου
2869 592 2966 645 τοῦ
3000 590 3340 663 αἱρετισμοῦ,
3393 590 3485 643 ἵνα
3536 588 3614 660 μὴ
3652 585 3876 651 εὐθύνας

2293 679 2567 750 ὑπέχωσιν
2606 681 2697 734 ἐπὶ
2724 682 2838 745 τοῖς
2874 682 2954 746 εἰς
2978 681 3081 753 τὴν
3113 678 3437 750 ἀνατολικὴν
3466 676 3655 731 πίστιν
3685 674 3879 747 τολμή-

2294 786 2472 837 σασιν,
2527 771 2864 826 ἐσπούδασαν
2918 772 2980 826 τὸ
3024 770 3125 843 τῆς
3169 770 3359 834 οὐσίας
3393 768 3569 840 ὑνομα
3602 769 3662 820 ὲν
3692 766 3876 838 χρήσει

2293 862 2538 934 ὑπάρχον
2561 866 2675 928 τοῖς
2707 864 2985 936 Πατράσιν
3012 864 3101 919 διὰ
3118 864 3219 929 τὰς
3264 860 3676 935 προειρημένας
3707 857 3875 923 αἰτίας

2290 954 2501 1007 ἀνελεῖν
2564 955 2667 1026 τῆς
2727 953 3188 1028 ἐκκλησιαστικῆς
3243 953 3619 1015 διδασκαλίας.
3661 950 3753 1003 ἴνα
3788 949 3873 1002 καὶ

2289 1044 2433 1097 κατὰ
2456 1044 2615 1099 τοῦτο
2643 1046 2838 1113 δόξωσι
2890 1047 3181 1120 κρατύνειν
3235 1046 3445 1101 ἑαυτῶν
3494 1045 3597 1117 τὴν
3639 1044 3871 1113 αἰρεσιν.

607 1154 821 1197 vertere
847 1157 954 1196 non
985 1140 1338 1203 dubitarant,
1372 1137 1439 1192 ad
1469 1135 1800 1192 reddendam
1835 1134 2101 1189 rationem
2137 1132 2578 1204 impellerentur,
2619 1140 2945 1197 substantiae
2986 1155 3207 1205 nomen,
3235 1140 3381 1211 quod
3426 1152 3458 1193 ι
3491 1136 3757 1193 Patribus
3814 1138 3874 1191 ad

610 1250 706 1289 eas
741 1246 961 1295 causas,
1002 1246 1139 1301 quas
1187 1228 1467 1300 attigimus
1512 1228 1567 1282 in
1613 1241 1773 1283 usum
1804 1232 2084 1295 receptum
2122 1223 2333 1292 fuerat,
2368 1224 2438 1284 ab
2484 1231 2860 1289 ecclesiastica
2899 1232 3048 1287 omni
3091 1232 3341 1287 doctrina
3370 1228 3666 1302 proﬂigare
3700 1226 3873 1283 conati

608 1336 757 1392 sunt,
790 1338 848 1379 ut
876 1325 976 1379 hac
1012 1321 1225 1377 ratione
1254 1336 1409 1376 suam
1447 1316 1695 1375 liazresim
1724 1318 2167 1374 corroborarent.

674 1435 839 1508 862
877 1432 993 1487 XV.
1047 1432 1140 1488 Sic
1186 1434 1331 1488 enim
1384 1432 1530 1504 apud
1589 1448 1650 1488 se
1696 1433 2014 1504 cogitarunt
2052 1450 2066 1487 :
2105 1428 2187 1495 Si,

606 1528 834 1582 excluso
867 1524 1192 1581 substantia:
1221 1526 1467 1587 nomine,
1498 1524 1717 1580 actione
1746 1525 1864 1580 Sola
1905 1536 1970 1579 ac
1995 1523 2189 1577 volun—

604 1626 715 1673 tate
764 1616 999 1673 similem
1045 1614 1229 1670 Patris
1273 1631 1397 1671 csse
1446 1613 1647 1669 Filium
1696 1613 1978 1680 dicerent,
2023 1613 2193 1667 licere

605 1709 753 1778 sibi,
812 1708 1029 1763 sublato
1093 1722 1323 1777 prorsus
1360 1706 1681 1763 substantia.-
1727 1706 1982 1772 nomine,
2029 1703 2192 1759 dissi-

607 1802 790 1857 milem
823 1799 1104 1869 deinceps,
1138 1798 1285 1869 quod
1320 1797 1386 1852 ad
1422 1798 1601 1881 ipsum
1651 1812 1775 1853 esse
1820 1806 1874 1853 et
1925 1797 2190 1853 exsistere

609 1891 866 1964 pertinet,
916 1889 1104 1946 Patris
1156 1891 1514 1962 pronuntiare
1567 1889 1787 1945 Filium.
1831 1888 1937 1945 Sed
1987 1890 2187 1945 vindex

608 1982 858 2040 veritatis
915 1981 1103 2053 Deus,
1175 1982 1268 2055 qui
1331 1978 1746 2052 comprehendit
1799 1981 2075 2051 sapientes
2126 1981 2183 2034 in

608 2076 808 2133 astutia
831 2091 930 2132 sua
950 2076 1059 2133 ‘....
1088 2074 1179 2147 qui
1211 2074 1474 2145 unigeniti
1493 2072 1615 2143 ejus
1634 2072 1757 2128 Filii
1781 2073 2187 2145 cognationem,

608 2168 845 2225 similem
881 2184 1006 2224 cum
1036 2167 1094 2222 in
1145 2167 1401 2222 omnibus
1446 2168 1573 2222 esse
1617 2164 1813 2221 Patris'
1847 2166 2148 2221 asserendo
2172 2206 2188 2231 ,

609 2276 799 2316 coram
834 2259 1096 2332 religioso
1136 2259 1466 2331 imperatore
1510 2256 1796 2328 professus
1834 2266 1937 2315 est.
1970 2256 2106 2313 Nam
2136 2267 2191 2314 et

603 2357 754 2424 ipse,
789 2363 980 2424 utpote
1013 2352 1159 2425 pius,
1216 2367 1327 2407 non
1365 2351 1522 2406 aliter
1564 2349 1633 2406 de
1672 2358 1905 2423 patrono
1946 2366 2070 2415 suo,
2124 2366 2191 2406 ac

618 2454 928 2518 protectore
966 2460 1067 2500 suo
1111 2444 1275 2499 unico
1307 2443 1400 2499 Dei
1444 2442 1586 2499 Filio
1630 2445 1921 2510 sentiebat,
1952 2452 2007 2499 et
2036 2443 2181 2515 quod

612 2538 884 2593 Sentiebat
914 2537 1003 2607 pio
1029 2537 1084 2591 in
1114 2536 1371 2591 omnibus
1399 2549 1493 2590 ore
1518 2536 1920 2605 pronuntiavit:
1953 2535 2006 2590 id
2035 2536 2181 2606 quod

606 2642 710 2682 nos
732 2625 1001 2681 Catholici
1030 2624 1333 2689 credimus,
1352 2621 1585 2679 similem
1610 2638 1735 2679 esse
1754 2622 1934 2679 Patris
1953 2621 2189 2691 Filium;

608 2732 789 2790 neque
819 2733 916 2788 per
950 2716 1129 2787 ipsum
1161 2715 1549 2769 haereticorum
1582 2713 1899 2771 insidiosam
1928 2714 2191 2770 adversus

610 2808 1049 2867 ecclesiasticam
1105 2805 1265 2862 ﬁdem
1306 2805 1660 2862 calliditatem
1694 2821 1827 2863 suos
1869 2821 2193 2879 progressus

608 2903 923 2959 habituram
973 2919 987 2955 :
1035 2915 1156 2970 quae
1207 2898 1535 2956 substantiae
1588 2914 1786 2955 nomen
1838 2914 1905 2955 eo
1961 2901 2194 2955 consilio

598 3003 843 3048 conatur
890 2991 1261 3062 exstinguere,
1296 2994 1357 3045 ut
1407 3004 1516 3044 non
1557 2989 1911 3059 pronuntiata
1959 2989 2193 3061 amplius

611 3101 749 3145 voce
779 3076 1128 3150 substantiae,
1160 3081 1381 3137 demum
1423 3081 1478 3136 in
1522 3081 1838 3153 pectoribus
1868 3080 2193 3139 delitescens

2222 1842 2265 1898 Β

2366 1431 2467 1486 1Ε’.
2533 1430 2831 1486 Ὑπέλαόον
2873 1432 3003 1502 γὰρ,
3043 1432 3146 1498 ὅτι,
3178 1432 3227 1485 εί
3271 1429 3334 1484 to
3365 1429 3464 1501 τῆς
3486 1426 3681 1492 οὐσίας
3716 1425 3875 1496 ῑνομα

2296 1524 2609 1596 ἐκϐληθείη,
2644 1525 2784 1579 κατὰ
2828 1524 3081 1597 βούλησιν
3127 1524 3289 1596 μόνον
3320 1523 3595 1592 λέγοντες,
3634 1522 3732 1575 καὶ
3759 1521 3875 1574 κατ’

2296 1617 2577 1689 ἐνέργειαν
2605 1617 2790 1687 ὅμοιον
2824 1615 2902 1688 τῷ
2922 1617 3099 1688 Πατρὶ
3130 1616 3223 1670 τὸν
3236 1616 3389 1684 Υίδν,
3414 1611 3670 1681 ἐξουσίαν
3696 1612 3877 1673 οὐσίας

2293 1709 2475 1775 ἕξουσι
2505 1706 2578 1780 μὴ
2594 1708 3021 1780 ὀνομαζομένης,
3047 1707 3232 1761 λοιπὸν
3248 1707 3504 1778 ἀνόμοιον
3529 1704 3717 1774 λέγειν
3744 1705 3878 1759 κατᾶ

2293 1801 2356 1854 τὸ
2415 1793 2573 1868 εἶναι,
2606 1802 2701 1854 καὶ
2729 1800 2871 1855 κατά
2898 1800 2960 1854 τὸ
3002 1798 3270 1872 ὑπάρχειν
3290 1798 3382 1851 τὸν
3408 1796 3536 1851 Υίδν
3566 1794 3645 1866 τῷ
3684 1794 3872 1865 Πατρί.

2305 1890 2443 1945 Ἀλλ’
2467 1893 2617 1963 ὅμως
2656 1893 2685 1946 6
2717 1890 2928 1955 ἔκδικος
2954 1889 3055 1962 τῆς
3100 1888 3359 1960 ἀληθείας
3402 1886 3556 1951 Θεὸς,
3592 1888 3620 1939 6
3651 1884 3877 1957 δρασσό-

2295 2000 2456 2052 μενος
2502 1983 2630 2046 τούς
2665 1982 2863 2050 σοφοὺς
2898 1983 2956 2034 ἐν
2980 1983 3046 2053 τῇ
3074 1978 3382 2051 πανουργίᾳ
3411 1976 3611 2041 αὐτῶν,
3644 1977 3668 2007 '
3704 1975 3765 2038 ὃς
3788 1974 3881 2045 τὴν

2292 2075 2615 2146 συγγένειαν
2667 2072 2762 2128 τοῦ
2813 2073 3154 2143 Μονογενοῦς
3199 2068 3386 2138 αὐτοῦ,
3419 2070 3480 2124 τὸ
3520 2069 3666 2125 κατά
3707 2069 3882 2123 πάντα

2291 2166 2476 2236 ὅμοιον
2499 2166 2590 2219 τὴν
2612 2164 2741 2220 Υίδν
2763 2163 2840 2235 τῷ
2862 2163 3040 2236 Πατρὶ
3069 2158 3227 2227 εἶναι,
3251 2161 3343 2216 ἐπὶ
3371 2159 3463 2214 τοῦ
3491 2157 3756 2223 εὐσεϐοῦς
3794 2158 3884 2230 βα-

2297 2258 2489 2321 σιλέως
2518 2257 2981 2331 ἐπαρρησιάσατο.
3016 2254 3172 2309 Οὕτω
3198 2256 3309 2327 γὰρ
3336 2253 3430 2307 καὶ
3450 2253 3610 2316 αὐτὸς
3638 2251 3882 2324 ἐφρόνει,

2292 2348 2522 2418 εὐσεϐὴς
2544 2345 2620 2399 ὢν
2656 2346 2797 2418 ὐπέρ
2839 2345 2934 2399 τοῦ
2973 2344 3423 2416 ὑπερμαχοῦντος
3456 2341 3620 2397 αὐτοῦ
3660 2358 3887 2412 μονογε-

2294 2439 2417 2503 νοῦς
2471 2437 2601 2493 Υίοῦ
2664 2438 2756 2493 τοῦ
2808 2436 2968 2505 Θεοῦ,
3008 2437 3101 2491 καὶ
3133 2435 3348 2510 φρονῶν
3389 2434 3604 2489 εὐσεϐεῖ
3653 2435 3889 2504 στόματι

2294 2533 2579 2605 διωρίσατο
2616 2533 2757 2587 κατά
2803 2532 3009 2586 πάντα’
3042 2530 3117 2595 ὡς
3144 2531 3194 2584 οἱ
3215 2529 3490 2584 καθολικοὶ
3514 2527 3890 2581 πεπιστεύκα-

2301 2646 2419 2699 μεν,
2448 2629 2633 2699 ὅμοιον
2663 2621 2803 2681 εἶναι
2836 2627 2931 2681 τὸν
2981 2626 3109 2680 Υίὸν
3151 2626 3229 2697 τῷ
3262 2624 3459 2697 Πατρὶ,
3488 2625 3581 2678 καὶ
3615 2622 3691 2676 δι’
3723 2623 3887 2678 αὐτοῦ

2299 2717 2375 2790 μὴ
2432 2719 2789 2789 προχωρῆσαι
2836 2715 2935 2789 τὴν
2982 2716 3121 2770 κατά
3163 2719 3264 2788 τῆς
3304 2714 3780 2787 ἐκκλησιαστικῆς
3803 2711 3889 2763 πί-

2297 2827 2466 2875 στεως
2511 2809 2810 2882 μεθοδείαν,
2843 2811 3086 2880 ἀναιρεῖν
3130 2807 3457 2880 βουλομένης
3483 2805 3543 2860 τὸ
3581 2805 3768 2876 ὄνομα
3796 2805 3892 2875 τῆς

2294 2902 2502 2967 οὐσίας,
2534 2902 2619 2955 ἵνα
2662 2902 2741 2973 τῷ
2782 2902 3012 2972 στόματι
3049 2899 3125 2972 μὴ
3166 2899 3502 2972 λαλουμένης
3526 2896 3752 2966 οὐσίας,
3784 2896 3890 2949 λοι-

2296 2994 2395 3046 πὸν
2445 2995 2502 3046 ἐν
2540 2995 2661 3057 ταῖς
2711 2992 2959 3062 καρδίαις
2997 2991 3313 3063 φωλεύουσα
3358 2994 3392 3062 ἡ
3451 2990 3663 3062 αἵρεσις
3718 2989 3887 3059 νέμη-

2296 3101 2406 3139 ται.
2480 3084 2619 3138 Ἀλλ’
2665 3085 2862 3149 αὐτοὺς
2931 3084 3226 3156 φθάσωμεν
3259 3086 3279 3117 ⁸
3331 3084 3641 3155 γράφοντας
3705 3082 3889 3154 ὅμοιον

610 3177 839 3233 liaaresis
872 3176 1096 3248 impune
1126 3183 1432 3247 grassetur.
1456 3172 1658 3231 Verum
1688 3174 1780 3247 qui
1813 3175 2045 3231 similem
2070 3190 2192 3231 esse

2300 3176 2440 3230 κατά
2473 3174 2750 3249 βούλησιν,
2794 3176 3049 3248 ἀνόμοιον
3080 3176 3137 3229 δὲ
3175 3176 3296 3230 κατ’
3327 3176 3544 3230 οὐσίαν·
3592 3175 3645 3228 εί
3681 3191 3759 3243 γε
3808 3176 3891 3226 ἀνι

524 3312 527 3317 .
610 3272 917 3335 voluntate,
971 3268 1280 3326 substantia
1323 3283 1455 3324 vero
1486 3267 1808 3325 dissimilem
1850 3266 2045 3323 Filium
2076 3285 2198 3327 esse

612 3364 981 3435 scripserunt,
1016 3358 1207 3426 iidem,
1241 3359 1289 3416 si
1323 3359 1463 3415 bona
1491 3358 1595 3415 fide
1626 3374 1690 3415 ac
1715 3359 1931 3415 sincere
1962 3359 2197 3417 similem

608 3457 863 3514 eumdem
894 3458 949 3511 in
982 3454 1241 3512 omnibus
1264 3470 1387 3511 esse
1421 3451 1661 3509 confessi
1692 3460 1842 3521 sunt,
1872 3454 2198 3509 vanissimos

604 3564 800 3605 eorum
848 3557 1085 3604 conatus
1143 3561 1268 3603 esse
1327 3543 1829 3618 deprehendemus.
1882 3544 2012 3600 dum
2064 3546 2197 3602 sub-

612 3630 828 3695 sfantias
863 3654 1063 3694 nomen
1099 3638 1313 3708 eripere
1347 3637 1496 3691 omni
1548 3635 1902 3691 contentione
1949 3635 2193 3691 student.

611 3730 827 3786 Etenim
860 3730 907 3785 si
962 3730 1015 3784 in
1049 3729 1331 3793 omnibus,
1363 3734 1425 3782 ut
1463 3734 1740 3795 asserunt,
1782 3726 1979 3783 similis
2012 3728 2103 3795 sit,
2137 3740 2198 3784 ut

611 3831 699 3877 est
742 3835 954 3885 revera,
997 3818 1145 3874 Patri
1175 3817 1370 3883 Filius,
1418 3832 1527 3873 non
1571 3817 1853 3873 voluntate
1896 3825 1952 3873 et
1983 3819 2198 3875 actione

615 3914 755 3981 sola,
787 3920 846 3967 ut
890 3913 997 3968 illis
1027 3911 1231 3984 placet,
1283 3910 1378 3966 sed
1426 3908 1751 3965 exsistentia
1789 3923 1854 3964 ac
1887 3910 2199 3967 substantia

613 4014 669 4062 ct
707 4006 763 4060 in
803 4021 871 4062 eo
903 4007 1025 4077 ipso
1055 4002 1204 4076 quod
1252 4010 1358 4067 est,
1410 4009 1599 4073 utpote
1651 4000 1846 4061 Filius.
1896 4004 2093 4062 similis
2126 4006 2200 4062 sit

615 4112 847 4155 necesse
878 4106 965 4153 est
994 4114 1009 4152 :
1045 4110 1174 4151 nam
1204 4095 1323 4150 haec
1351 4092 1610 4165 loquendi
1645 4093 1902 4159 formula,
1936 4095 1993 4148 in
2014 4092 2197 4151 omni-

616 4190 736 4255 bus,
765 4190 1020 4245 universa
1072 4187 1494 4260 complectitur,
1546 4201 1648 4242 nec
1680 4186 1852 4241 ullum
1901 4185 2198 4243 discrimen

614 4282 881 4348 admittit,
935 4279 1380 4353 quandoquidem
1418 4277 1477 4335 in
1525 4277 1783 4335 confesso
1832 4278 1978 4350 apud
2006 4273 2233 4343 omnesf

615 4373 768 4431 istud
826 4380 932 4436 est.
984 4388 1088 4429 nec
1139 4370 1374 4429 similem
1405 4385 1530 4429 esse
1571 4371 1677 4427 sibi
1733 4368 1976 4435 Patrem,
2019 4387 2200 4443 neque

615 4467 719 4523 sibi
760 4466 866 4538 ipsi
916 4463 1138 4531 Filium,
1170 4464 1268 4520 sed
1315 4460 1516 4518 Filium
1542 4477 1663 4519 esse
1702 4461 1885 4518 Patris
1938 4463 2192 4532 similem,

2305 3270 2553 3334 υπούλως
2577 3270 2671 3324 καὶ
2704 3269 2961 3341 καθαρῶς
2990 3270 3050 3323 τὸ
3080 3269 3223 3347 κατὰ
3254 3270 3430 3324 πάντα
3478 3270 3663 3342 ὅμοιον
3698 3268 3893 3338 ὁμολο-

2299 3361 2509 3429 γοῦσιν,
2540 3362 2707 3416 ἕωλον
2734 3362 2917 3425 αὐτοῖς
2949 3362 3498 3435 ἀπελεγχθήσεται’τδ
3522 3364 3892 3437 ἐπιχείρημα,

2299 3454 2665 3508 σπουδάσασιν
2712 3449 2843 3527 ἆραι
2896 3454 2955 3509 τὸ
3001 3455 3172 3527 ὄνομα
3198 3456 3295 3526 τῆς
3335 3455 3537 3520 οὐσίας.
3572 3456 3757 3510 Οὐδὲν
3785 3459 3894 3529 γάρ

2298 3543 2629 3616 ἐκέρδαινον,
2679 3545 3118 3614 ἀναγκασθέντες
3165 3546 3491 3616 ὁμολογῆσαι
3528 3545 3621 3600 τὸν
3646 3547 3796 3603 Υἱὸν
3824 3550 3898 3621 τῷ

2297 3637 2475 3708 Πατρὶ
2518 3636 2661 3691 κατὰ
2709 3640 2886 3694 πάντα
2938 3640 3144 3710 ὅμοιον.
3189 3641 3254 3696 Εἰ
3283 3642 3389 3714 γὰρ
3415 3641 3554 3697 κατὰ
3584 3643 3803 3711 πάντα,
3827 3648 3898 3708 ὡς

2298 3730 2678 3804 ὡμολόγησαν,
2725 3731 2869 3789 ἔστιν
2913 3733 3117 3805 ὅμοιος,
3164 3735 3354 3808 ὥσπερ
3383 3731 3484 3791 ὀὖν
3513 3739 3661 3792 ἐστιν
3692 3742 3728 3794 6
3768 3741 3901 3806 Υἱὸς

2299 3822 2378 3896 τῷ
2404 3824 2580 3896 Πατρὶ
2611 3824 2817 3896 ὅμοιος,
2849 3823 2996 3904 ἐστιν
3025 3825 3207 3897 ὅμοιος
3239 3828 3299 3880 οὐ
3332 3827 3473 3882 κατά
3498 3829 3597 3901 τὴν
3628 3827 3897 3904 βούλησιν

2300 3913 2392 3967 καὶ
2407 3912 2504 3985 τὴν
2520 3912 2803 3985 ἐνέργειαν
2816 3896 3006 3988 μένην,
3037 3916 3181 3971 καθά
3211 3919 3365 3972 αὐτοὶ
3381 3896 3732 3993 διορίζονται,

2298 4002 2441 4058 κατὰ
2463 4003 2563 4074 τὴν
2584 4002 2839 4076 ὓπαρξιν,
2872 4006 2966 4058 καὶ
2994 4005 3134 4060 κατά
3146 4008 3243 4080 τὴν
3273 4009 3591 4075 ὑπόστασιν,
3619 4015 3722 4068 καὶ
3754 4020 3894 4070 κατὰ

2299 4094 2360 4147 τὸ
2375 4087 2516 4147 εἶναι
2535 4094 2611 4157 ὡς
2626 4094 2752 4157 Υἱός
2766 4113 2779 4125 ·
2804 4095 2900 4150 καὶ
2921 4080 3198 4165 καθάπαξ,
3219 4098 3366 4153 κατὰ
3379 4101 3595 4166 πάντα,
3628 4104 3895 4161 ἁπάντων

2299 4183 2417 4263 ἐρτὶ
2440 4182 2852 4258 περιληπτικὸν,
2879 4186 2973 4242 καὶ
3003 4187 3260 4258 οὐδεμίαν
3288 4189 3550 4263 διαφοράν
3574 4195 3893 4266 προσίεται,

2299 4276 2729 4349 ὁμολογουμένου
2767 4278 2860 4333 τοῦ
2909 4281 3046 4351 μήτε
3089 4281 3251 4336 αὐτὸν
3303 4283 3479 4354 ἑαυτῷ
3514 4285 3703 4357 ὅμοιον
3754 4285 3896 4344 εἶναι

2299 4367 2390 4421 τὸν
2413 4367 2654 4442 Πατέρα,
2681 4369 2820 4441 μήτε
2845 4369 2937 4423 τὸν
2957 4369 3083 4424 Υίὸν
3109 4371 3272 4425 αὐτὸν
3303 4371 3511 4448 [αὐτὸν]
3532 4375 3717 4447 ἐαυτῷ
3753 4374 3895 4432 εἶναι

2301 4458 2508 4530 ὅμοιον,
2539 4458 2675 4513 ἀλλὰ
2700 4459 2830 4514 Υἰὸν
2863 4456 3002 4515 εἶναι
3036 4463 3222 4533 ὅμοιον
3261 4464 3338 4535 τῷ
3367 4464 3564 4536 Πατρὶ,
3597 4469 3692 4521 καὶ
3729 4471 3796 4523 ἐν
3822 4471 3895 4541 τῷ

614 4565 668 4612 ει
707 4528 797 4612 εο-
829 4559 983 4627 ipso,
1031 4528 1177 4626 quod
1229 4556 1290 4609 in
1344 4554 1600 4610 omnibus
1644 4551 1795 4608 Patri
1847 4554 2045 4609 similis
2088 4528 2192 4619 est,

2305 4549 2446 4602 κατά
2489 4549 2662 4603 πάντα
2710 4550 2896 4621 ὅμοιον
2949 4547 3087 4606 εἶναι
3117 4553 3197 4624 τῷ
3230 4555 3408 4627 Πατρὶ
3456 4556 3585 4611 Υἱὸν
3612 4557 3774 4625 ὅντα,
3802 4562 3893 4616 καὶ

613 4647 814 4703 Filium
849 4665 992 4714 esse,
1028 4663 1138 4703 non
1186 4646 1403 4701 Patrem
1426 4687 1442 4713 ,
1492 4645 1586 4717 qui
1628 4644 1852 4713 quidem
1888 4643 2128 4715 perfecte
2166 4662 2198 4701 a

614 4740 859 4811 perfecto
890 4739 1052 4795 Patre
1080 4748 1207 4795 ante
1229 4736 1648 4807 intelligentiam
1677 4750 1917 4798 omnem,
1943 4751 2196 4793 omnem-

616 4847 721 4902 que
758 4836 1048 4899 rationem,
1091 4845 1155 4885 ac
1200 4837 1448 4899 tempora
1488 4826 1796 4897 saeculaque
1837 4842 1868 4882 e
1902 4825 2083 4883 Patris
2114 4837 2200 4884 est

618 4912 974 4979 similitudine
1014 4923 1255 4994 genitus,
1298 4936 1365 4975 eo
1412 4918 1577 4974 modo
1606 4933 1767 4987 quem
1802 4917 1955 4973 solus
1990 4934 2198 4989 cogno-

618 5012 721 5067 scit
745 5011 926 5078 Pater,
961 5014 1056 5084 qui
1091 5012 1244 5066 illum
1276 5025 1307 5065 e
1339 5012 1518 5079 seipse
1554 5010 1692 5063 citra
1731 5007 2041 5080 passionem
2079 5025 2198 5063 om-

620 5118 743 5155 nem
776 5105 982 5172 genuit,
1015 5102 1109 5158 sed
1140 5110 1191 5157 et
1229 5100 1400 5156 Filius
1429 5101 1606 5166 novit,
1639 5100 1732 5169 qui
1765 5099 1831 5154 ab
1864 5115 1927 5154 eo
1958 5110 2016 5155 ut
2050 5109 2198 5155 esset

618 5194 864 5262 accepit;
901 5194 1053 5248 novit
1101 5204 1374 5262 postremo
1412 5202 1465 5249 et
1513 5193 1587 5255 is,
1648 5193 1737 5247 cui
1787 5193 1875 5247 ille
1918 5194 2196 5259 revelarit,

616 5287 815 5357 cuique
838 5286 893 5340 in
919 5288 1002 5342 sui
1037 5288 1492 5358 contemplatione
1526 5286 1704 5343 Patris
1739 5287 1846 5352 sui,
1881 5297 2063 5359 utpar
2096 5305 2199 5360 est,

617 5380 1033 5452 intelligentiam
1067 5383 1422 5436 concesserit.

686 5472 850 5544 863
889 5466 1028 5525 XVI.
1080 5464 1278 5525 Verum
1311 5488 1378 5527 ne
1407 5488 1566 5543 quem
1602 5474 1970 5545 hypostaseon
2006 5480 2194 5549 appel-

618 5561 748 5616 latio
806 5562 923 5631 ipsa
969 5558 1276 5631 perturbet.
1328 5557 1410 5614 Ob
1460 5560 1514 5614 id
1559 5562 1709 5616 enim
1748 5562 2088 5641 liypostasesf
2128 5568 2197 5624 ab

541 5649 554 5657 ”
622 5648 995 5706 Orientalibus
1033 5657 1407 5719 usurpantur,
1451 5660 1510 5704 ut
1542 5667 1894 5719 personarum
1952 5660 2199 5727 proprie-

696 5806 712 5836 ¹
736 5790 861 5862 Job.
889 5820 942 5868 v,
978 5806 1073 5870 1'5;
1102 5807 1122 5861 1
1151 5805 1279 5862 Cor.
1314 5821 1395 5874 ιιι,
1433 5807 1517 5862 l9.

1613 5809 1634 5841 '
1671 5808 1829 5867 Deerit
1874 5811 2073 5882 aliquid
2114 5814 2170 5844 "'
2201 5812 2260 5868 F.

2300 4641 2361 4693 οὐ
2386 4641 2627 4711 Πατέρα,
2663 4640 2724 4706 ἐξ
2750 4634 2811 4695 οὗ
2846 4643 2868 4675 δ
2900 4644 3112 4715 Πατρὸς
3142 4645 3363 4710 τελείως
3415 4648 3482 4701 ἐκ
3518 4648 3753 4716 τελείου,
3790 4654 3895 4724 πρὸ

2302 4732 2481 4803 πάσης
2507 4733 2734 4798 ἐννοίας,
2766 4735 2861 4788 καὶ
2909 4735 3127 4790 πάντων
3174 4737 3471 4810 λογισμῶν,
3520 4742 3615 4795 καὶ
3655 4744 3894 4814 χρόνων,

2301 4826 2393 4879 καὶ
2427 4825 2638 4881 αἰώνων
2660 4830 2724 4882 ἐκ
2772 4827 2867 4881 τοῦ
2894 4830 3110 4902 Πατρὸς
3138 4831 3454 4902 ὁμοιότητος
3483 4834 3795 4905 γεννηθεὶς,
3823 4836 3895 4900 ὡς

2302 4910 2413 4969 οἶδε
2453 4915 2608 4986 μόνος
2632 4917 2661 4969 6
2694 4918 2883 4991 Πατὴρ
2906 4922 2934 4973 6
2963 4919 3023 4985 ἐξ
3043 4921 3205 4975 αὐτοῦ
3239 4922 3401 4977 αὐτὸν
3433 4924 3660 4990 ἀπαθῶς
3691 4930 3893 4998 γεννή-

2310 5024 2427 5075 σας,
2445 5010 2538 5062 καὶ
2562 5011 2589 5063 6
2610 5009 2740 5076 Υἱὸς
2773 5013 2801 5066 6
2831 5010 2889 5076 ἐξ
2910 5011 3072 5066 αὐτοῦ
3099 5014 3157 5066 τὸ
3187 5010 3323 5067 εἶναι
3355 5014 3513 5087 ἔχων,
3540 5018 3634 5069 καὶ
3658 5010 3701 5085 ᾧ
3725 5019 3894 5081 αὐτὸς

2306 5101 2724 5171 ἀποκαλύψειεν
2760 5106 2826 5174 τῇ
2862 5105 2981 5159 κατ’
3004 5105 3165 5159 αὐτὸν
3190 5106 3393 5179 θεωρίᾳ
3428 5107 3591 5173 ἀξίως
3619 5111 3769 5182 ἡμᾶς
3802 5111 3895 5163 τὸν

2308 5190 2501 5250 ἑαυτοῦ
2534 5197 2751 5270 Πατέρα
2788 5199 3047 5270 παρέχειν
3078 5208 3100 5239 ⁸
3133 5202 3292 5255 νοεῖν.

2365 5475 2483 5541 ις’.
2514 5474 2623 5527 Καὶ
2656 5474 2729 5545 μὴ
2770 5476 3087 5546 ταρασσέτω
3120 5477 3179 5530 τὸ
3208 5476 3314 5535 τῶν
3348 5478 3694 5535 ὐποστάσεων
3717 5457 3894 5552 δνομᾶ

2298 5584 2466 5631 τινας.
2506 5565 2604 5619 Διά
2648 5564 2806 5619 τοῦτο
2847 5566 2954 5637 γὰρ
2999 5569 3321 5634 ὑποστάσεις
3357 5572 3406 5624 oi
3454 5571 3757 5627 ἀνατολικοὶ
3801 5571 3894 5623 λέ-

2296 5676 2507 5728 γουσιν,
2542 5658 2628 5712 ἵνα
2648 5659 2745 5721 τὰς
2784 5658 3048 5729 ἰδιότητας
3080 5660 3191 5715 τῶν
3218 5661 3524 5733 προσώπων
3567 5662 3891 5732 ὑφεστώσας

2296 5813 2643 5885 φωράσομεν.
2722 5817 2743 5848 ⁸
2768 5816 2828 5873 F.
2861 5818 2924 5871 ἐκ
2954 5817 3069 5872 τοῦ.
3145 5818 3167 5850 ⁸
3198 5816 3259 5872 F.
3290 5821 3561 5891 παρέχων.
